4050 6148
389 237 486 297 2'97

1513 230 1580 286 ΙΝ
1621 230 1954 288 NUMEROS
1992 231 2276 288 HOMlLiA
2311 229 2524 286 XXVII.

3541 225 3645 282 708

381 364 472 410 tus
500 370 596 425 per
619 355 732 409 bme
767 354 885 410 sine
910 354 1076 410 dubio
1103 362 1154 409 et
1191 353 1356 410 robur
1398 355 1672 425 patientiae
1722 355 1964 411 declara-
1993 360 2041 418 Α
2069 355 2189 410 silia
2217 356 2341 422 viri,
2371 355 2513 410 sicut
2538 362 2592 410 et
2623 352 2708 408 ille
2731 352 2819 423 qui
2851 351 3064 408 dicebat
3096 349 3142 380 ¹⁹
3188 367 3200 400 :
3232 366 3250 398 ι
3293 346 3426 403 Cum
3459 358 3642 402 autem

382 458 490 501 tur.
516 447 632 502 Jam
666 447 792 502 hinc
817 447 1046 502 habetur
1077 447 1289 502 mansio
1317 448 1458 514 apud
1493 446 1788 512 Mesoroth,
1811 447 1956 517 quod

380 539 694 610 significare
743 548 965 608 putatur
1007 541 1290 594 excludens
1335 539 1436 611 (ἓ).
1487 539 1618 608 Quae
1669 539 1960 595 excludens

379 629 503 686 est?
559 631 678 686 sine
719 630 883 685 dubio
952 630 1221 700 malignas
1276 631 1647 700 suggestiones
1699 629 1955 686 contrarii

378 723 602 790 spiritus
630 721 694 776 de
721 721 1142 790 cogitationibus
1183 720 1314 775 suis.
1354 721 1444 775 Sic
1473 723 1616 776 enim
1653 732 1708 777 et
1734 726 1949 792 sapien-

376 814 453 865 tia
495 811 587 867 Dei
625 813 758 867 dicit
794 813 840 843 ’⁷
877 829 891 866 :
929 831 948 864 ι
985 811 1042 865 Si
1093 813 1316 883 Spiritus
1354 823 1671 883 potestatem
1706 816 1955 872 habentis

374 907 685 962 ascenderit
709 922 871 972 super
905 915 974 969 te,
999 905 1177 960 locum
1205 915 1354 960 tuum
1386 924 1454 962 ne
1493 910 1752 966 dimittas.
1796 930 1816 964 ι
1854 911 1957 966 Te-

375 1000 591 1054 ncndus
611 1008 692 1055 est
720 1015 849 1069 ergo
877 999 1049 1064 locus,
1071 1007 1126 1053 et
1157 999 1522 1058 excludendus
1572 1013 1654 1058 est
1698 1005 1954 1060 adversa-

376 1093 517 1157 rius,
544 1107 611 1147 ne
635 1093 876 1146 inveniat
905 1092 1082 1146 locum
1111 1092 1166 1147 in
1191 1097 1355 1151 corde
1388 1107 1592 1162 nostro,
1628 1098 1771 1153 sicut
1801 1099 1949 1169 Apo-

372 1185 548 1239 atolus
578 1185 708 1240 dicit
732 1185 780 1217 ’⁸
807 1202 819 1238 :
851 1202 871 1236 t
901 1183 1078 1238 Nolite
1109 1184 1286 1240 locum
1327 1188 1459 1242 dare
1485 1189 1722 1245 diabolo.
1773 1209 1793 1243 ι
1828 1190 1954 1246 Post

374 1277 494 1333 haec
541 1277 761 1331 Banaim
815 1279 1050 1344 venitur,
1106 1280 1251 1352 quod
1309 1280 1478 1349 fontes
1530 1281 1821 1351 signiﬁcat,
1868 1283 1954 1338 vel

372 1370 732 1425 excofationes
763 1369 864 1440 ('5),
912 1371 963 1424 id
1006 1379 1124 1437 est,
1181 1371 1271 1426 ubi
1319 1371 1620 1427 divinorum
1663 1375 1950 1428 verborum

372 1462 554 1517 fontes
583 1462 763 1516 haurit
793 1477 1074 1532 usquequo
1103 1463 1316 1518 excolet
1347 1478 1441 1520 eos
1478 1463 1731 1519 bibendo.
1775 1466 1951 1522 Exco-

370 1555 446 1608 lat
472 1563 647 1608 autem
671 1554 874 1609 dicitur
906 1556 993 1610 hic
1020 1571 1050 1610 a
1079 1557 1332 1623 colando,
1376 1572 1480 1613 non
1509 1573 1537 1612 a
1561 1558 1808 1615 colendo.
1844 1561 1952 1615 Ex~

371 1646 517 1702 colat
547 1661 676 1718 ergo
699 1647 922 1702 verbum
957 1647 1047 1702 Dei
1081 1649 1223 1717 quis,
1245 1664 1368 1704 cum
1403 1665 1469 1704 ne
1517 1652 1798 1707 minimum
1831 1654 1951 1719 qui-

2067 449 2243 503 factus
2269 462 2387 503 sum
2419 447 2524 512 vir,
2563 460 2682 514 quae
2708 444 2919 514 parvuli
2950 451 3109 496 erant
3151 439 3396 510 deposui.
3440 457 3461 491 ι
3499 439 3645 493 Sunt

2069 556 2200 612 ergo
2230 556 2426 610 magna
2448 539 2672 596 consilia
2702 537 2833 604 viri,
2857 539 2998 592 sicut
3030 545 3084 588 et
3112 533 3201 590 ille
3223 533 3300 588 ait
3333 531 3380 565 ⁸⁸
3405 555 3418 589 :
3449 551 3468 584 t
3493 532 3646 602 Aqua

2065 632 2192 697 alta,
2231 633 2514 688 consilium
2541 633 2592 686 in
2617 631 2781 688 corde
2815 630 2940 684 viri.
2979 648 2998 681 ›
3037 626 3173 680 Hinc
3201 625 3400 680 iterum
3427 625 3647 679 venitur

2066 722 2184 778 Sin.
2206 723 2402 778 lterum
2429 725 2646 778 tentatio
2670 732 2754 778 est
2777 721 2894 776 Sin.
2923 719 3167 774 Diximus
3192 717 3338 772 enim
3377 716 3504 786 quia
3539 731 3640 770 nec

2063 816 2222 870 aliter
2253 816 2468 885 expedit
2494 817 2594 870 iter
2617 816 2762 868 istud
2801 813 3052 868 incedere
3083 829 3099 866 :
3129 811 3291 876 sicut,
3318 808 3472 864 verbi
3516 822 3643 876 grav

2062 906 2158 972 tia,
2195 907 2240 962 si
2267 907 2390 976 quis
2419 907 2632 960 aurifex
2668 921 2762 960 vas
2803 902 3172 960 necessarium
3208 901 3388 956 facere
3433 898 3642 964 volens,

2060 999 2374 1070 frequenter
2400 1000 2530 1055 illud
2581 1000 2690 1070 igni
2729 999 3038 1061 admoveat,
3081 995 3396 1064 frequenter
3431 992 3645 1048 maileis

2059 1095 2276 1159 subdat,
2320 1094 2548 1148 rasoriis
2588 1107 2730 1162 saepe
2772 1091 3122 1161 perstringat,
3156 1096 3216 1141 ut
3259 1097 3312 1143 et
3357 1088 3644 1158 purgatius

2061 1187 2176 1253 ﬁat,
2207 1199 2263 1244 et
2299 1191 2367 1243 ad
2400 1189 2546 1242 illam
2599 1187 2836 1258 speciem
2857 1227 2872 1251 ,
2902 1200 3063 1255 quam
3111 1183 3374 1253 prospicit
3425 1183 3642 1246 artifex,

2064 1293 2229 1352 atque
2252 1282 2318 1336 ad
2344 1281 2488 1336 illam
2519 1279 2977 1350 pulchritudinem
3012 1276 3333 1332 deducatur.
3371 1274 3499 1329 Post
3525 1276 3643 1329 haec

2060 1373 2369 1444 applicatur
2425 1373 2492 1424 ad
2551 1369 2950 1433 Pharancades,
2983 1370 3127 1437 quod
3161 1376 3244 1421 est
3289 1367 3645 1437 fructiﬁcatio

2059 1473 2250 1520 sancta
2279 1463 2380 1535 (8).
2411 1463 2576 1517 Vides
2611 1461 2736 1516 inde
2760 1476 2866 1530 quo
2900 1461 3138 1524 venitur,
3173 1458 3328 1513 vides
3360 1459 3489 1526 quia
3521 1467 3646 1512 ten-

2061 1557 2324 1612 tationum
2392 1553 2574 1609 sulcos
2626 1551 2979 1608 fructiﬁcatio
3029 1558 3218 1604 sancta
3273 1549 3642 1618 subsequitur.

2055 1647 2186 1704 Inde
2237 1646 2537 1718 applicatur
2585 1646 2638 1700 iu
2683 1654 2922 1700 montem
2969 1641 3064 1707 Or,
3123 1639 3268 1712 quod
3316 1641 3646 1709 interpreta-

373 1737 498 1788 dem
549 1735 862 1789 mandatum
901 1736 1244 1802 praeterierit,
1281 1736 1390 1790 imo
1421 1753 1544 1792 cum
1589 1754 1655 1794 ne
1694 1739 1799 1794 iota
1832 1740 1954 1808 qui-
1982 1729 2026 1784 Β
2057 1753 2145 1798 tur
2173 1751 2458 1795 montanus
2488 1739 2593 1808 (9).
2627 1737 2788 1795 Venit
2834 1735 2979 1790 enim
3030 1735 3098 1788 ad
3148 1742 3386 1788 montem
3429 1732 3547 1798 Dei,
3583 1739 3645 1786 ut

368 1827 494 1881 dem
525 1842 713 1891 unum,
740 1826 823 1880 vel
851 1841 990 1881 unus
1022 1842 1160 1898 apex
1201 1827 1268 1882 de
1316 1828 1483 1883 verbo
1513 1827 1605 1883 Dei
1648 1829 1952 1885 intellectus

372 1923 606 1975 halietur
635 1919 869 1974 otiosus.
909 1917 1037 1974 Post
1075 1919 1190 1974 ha>c
1215 1919 1436 1974 venitur
1465 1921 1516 1974 in
1556 1919 1783 1992 Galgad,
1807 1920 1950 1990 quod

371 2013 764 2081 interpretatur
793 2021 1168 2066 tentamentum
1192 2013 1307 2067 sive
1329 2014 1648 2081 constipatio
1685 2013 1785 2084 (ι).
1812 2013 1945 2069 For-

369 2102 548 2156 titudo
586 2102 857 2172 quaedam,
887 2110 947 2156 ut
982 2101 1159 2170 video,
1185 2111 1239 2156 et
1271 2103 1550 2157 munimen
1599 2112 1684 2158 est
1733 2105 1948 2170 animae,

371 2203 788 2251 tentamentum.
837 2193 915 2249 Ita
959 2194 1102 2249 enim
1159 2193 1448 2250 virtutibus
1495 2195 1846 2260 admiscetur,
1893 2203 1952 2251 ut

368 2286 622 2342 videatur
667 2287 872 2356 absque
909 2285 993 2340 his
1037 2286 1211 2340 virtus
1263 2299 1364 2341 nec
1408 2285 1605 2342 decora
1655 2301 1804 2351 esse,
1850 2302 1952 2342 nec

369 2377 551 2446 plena.
586 2376 652 2430 Et
675 2376 794 2431 ideo
820 2372 1229 2446 proﬁcientibus
1269 2375 1336 2430 ad
1361 2375 1638 2440 virtutem,
1701 2387 1755 2433 et
1789 2376 1951 2434 variat

368 2479 424 2524 et
479 2469 788 2538 frequentes
842 2469 1156 2523 mansiones
1225 2468 1277 2522 in
1349 2469 1734 2524 tentationibus
1794 2469 1948 2525 ﬁunt.

368 2560 515 2628 Quas
539 2559 988 2624 cumtransieris,
1021 2559 1326 2630 applicabis
1361 2559 1416 2614 in
1451 2558 1723 2615 Tabatha.
1771 2561 1954 2616 Taba-

373 2654 464 2706 tha
497 2652 883 2722 interpretatur
915 2653 1049 2704 bona
1087 2649 1187 2722 (5).
1213 2650 1296 2705 Ad
1343 2651 1488 2708 bona
1533 2665 1663 2723 ergo
1707 2667 1814 2707 non
1848 2653 1950 2708 nisi

371 2755 493 2814 post
525 2753 983 2801 tentatnentorum
1017 2744 1388 2814 experimenta
1426 2747 1661 2802 venitur.
1691 2745 1821 2802 Inde
1855 2762 1951 2816 ap-

370 2841 693 2910 plicuerunt.
750 2837 942 2908 inquit,
997 2838 1049 2892 in
1107 2837 1345 2903 Ebrona,
1407 2839 1551 2908 quod
1600 2847 1687 2894 est
1747 2840 1950 2894 transi-

373 2947 462 2986 tus
523 2931 622 3001 (6).
673 2930 1026 2986 Transeunda
1081 2946 1316 3002 namque
1373 2941 1499 2986 sunt
1547 2931 1766 2997 omnia;
1817 2932 1945 3002 quia

367 3027 586 3082 etiamsi
620 3028 686 3083 ad
729 3026 870 3080 bona
924 3024 1133 3088 venias,
1181 3033 1396 3096 oportet
1439 3035 1490 3079 te
1519 3033 1575 3080 et
1613 3023 1681 3080 ad
1725 3025 1946 3080 meliora

2052 1843 2108 1891 et
2139 1835 2254 1903 ipse
2301 1833 2396 1888 ﬁat
2451 1845 2606 1886 mons
2655 1831 2812 1895 uber,
2858 1837 2914 1884 et
2958 1840 3112 1881 mons
3157 1825 3498 1894 coagulatus,
3551 1825 3641 1879 vel

2051 1925 2120 1981 ab
2163 1939 2228 1981 eo
2263 1924 2406 1995 quod
2435 1937 2652 1994 semper
2697 1923 2750 1977 in
2798 1930 2982 1976 monte
3013 1920 3106 1974 Dei
3159 1920 3386 1986 habitet,
3431 1925 3645 1974 monta-

2051 2031 2153 2072 nus
2214 2015 2444 2070 dicatur.
2513 2012 2877 2082 Subsequitur
2925 2018 3048 2082 post
3097 2011 3214 2066 haec
3269 2009 3482 2065 mansio
3519 2007 3643 2065 Sel-

2052 2122 2214 2163 mona
2249 2125 2263 2161 :
2295 2109 2439 2177 quod
2469 2107 2864 2175 interpretatur
2889 2104 3078 2158 umbra
3100 2103 3360 2174 partionis
3387 2101 3528 2173 (10).
3564 2100 3638 2156 ll-

2051 2200 2158 2254 lam
2183 2210 2311 2270 puto
2333 2201 2583 2253 umbram
2611 2199 2715 2253 dici
2737 2198 2804 2252 de
2823 2211 2929 2266 qua
2955 2207 3010 2252 et
3031 2197 3294 2265 propheta
3313 2195 3528 2250 dicebat
3545 2195 3590 2227 ³⁸
3616 2207 3634 2249 :

2050 2292 2212 2363 383
2235 2309 2254 2343 ς
2287 2291 2525 2360 Spiritus
2565 2289 2740 2344 vultus
2765 2290 2932 2343 nostri
2965 2287 3217 2343 Christus
3250 2287 3526 2351 Dominus,
3547 2287 3637 2342 cui

2056 2385 2324 2439 diximus:
2351 2386 2403 2440 ln
2434 2384 2630 2437 umbra
2657 2381 2772 2452 ejus
2801 2382 3050 2437 vivemus
3096 2381 3148 2435 in
3177 2381 3448 2446 gentibus.
3469 2401 3491 2431 ι
3521 2377 3630 2434 Sed

2051 2485 2106 2533 et
2155 2476 2243 2530 illa
2281 2473 2477 2530 similis
2526 2475 2653 2529 huic
2680 2475 2873 2529 umbra
2910 2481 3033 2540 est,
3061 2473 3128 2528 de
3171 2487 3277 2543 qua
3305 2472 3509 2527 dicitur
3539 2472 3622 2526 "z

2058 2583 2078 2616 ι
2116 2564 2357 2637 Spiritus
2386 2565 2600 2621 Domini
2651 2563 3000 2619 obumbrabit
3036 2562 3153 2618 tibi.
3182 2582 3203 2616 ι
3259 2561 3463 2619 Umbra
3513 2577 3642 2634 ergo

2050 2657 2318 2728 portionis
2373 2665 2606 2723 nostrae,
2631 2670 2753 2727 quae
2791 2655 2948 2711 nobis
2972 2654 3302 2726 opacitatem
3329 2663 3552 2724 praestat
3575 2655 3644 2708 ab

2050 2749 2202 2805 omni
2249 2759 2388 2804 testu
2440 2749 2822 2812 tentationum,
2858 2747 3110 2804 Christus
3152 2755 3256 2812 est,
3301 2754 3358 2800 et
3404 2745 3644 2814 Spiritus

2051 2851 2292 2898 sanctus.
2333 2841 2474 2896 Hinc
2500 2841 2611 2908 jam
2646 2839 2868 2895 venitur
2915 2839 2984 2894 ad
3020 2837 3233 2894 Phinon
3260 2877 3276 2904 ,
3303 2837 3448 2906 quod
3476 2837 3644 2891 inter-

2053 2935 2252 3003 pretari
2285 2945 2538 3005 putamus
2577 2934 2684 2987 oris
2726 2932 3114 3001 parcimoniatn
3159 2928 3300 3002 (ll).
3351 2928 3457 2997 Qui
3494 2929 3645 2984 enim

2054 3026 2255 3082 intueri
2285 3025 2526 3097 potuerit
2557 3026 2880 3098 mysterium
2909 3024 2976 3078 de
3000 3022 3223 3079 Christo
3249 3030 3305 3078 et
3330 3022 3398 3077 de
3428 3021 3639 3091 Spiritu

371 3120 631 3184 transire,
649 3131 928 3188 usquequo
979 3118 1044 3171 ad
1077 3117 1208 3171 illud
1255 3117 1456 3171 bonum
1495 3115 1702 3180 venias,
1753 3116 1808 3170 in
1841 3131 1948 3185 quo
1976 3092 2018 3148 (δ
2058 3130 2266 3182 sancto,
2285 3092 2356 3174 et
2384 3119 2429 3174 si
2459 3092 2680 3185 viderit,
2710 3118 2827 3172 sive
2856 3116 3094 3171 audierit
3124 3131 3187 3173 ea
3217 3131 3338 3186 quas
3371 3131 3478 3169 non
3509 3113 3644 3168 licet

369 3225 584 3279 semper
618 3209 816 3264 debeas
849 3223 1189 3278 permanere.
1225 3206 1354 3262 Post
1385 3208 1502 3262 hate
1531 3208 1848 3276 pervenitur
1883 3207 1950 3262 ad

366 3301 758 3371 Gasiongabcr,
789 3301 936 3370 quod
964 3301 1354 3370 interpretatur
1375 3299 1606 3354 consilia
1631 3300 1730 3354 viri
1760 3299 1862 3372 (7).
1889 3300 1948 3355 Si

369 3397 495 3466 quis
518 3395 673 3451 desiit
695 3409 832 3464 puer
862 3407 983 3450 esse
1016 3391 1286 3458 sensibus,
1326 3393 1431 3447 iste
1456 3391 1704 3462 pervenit
1727 3391 1795 3446 ad
1816 3407 1949 3447 cou-

438 3572 488 3608 "’
519 3574 660 3627 Eccl.
694 3590 749 3640 λ,
783 3573 833 3628 4.

372 3766 519 3806 nam.
554 3767 576 3801 ι
623 3747 788 3800 Hebr.
832 3756 1046 3809 metm
1089 3765 1107 3797 ι
1151 3743 1516 3800 ChasmOnah.
1542 3764 1562 3797 ι
1598 3741 1742 3798 LXX
1782 3747 1949 3803 inter-

367 3831 552 3892 pretes
585 3818 867 3892 221p.va
903 3818 1016 3892 Ego
1051 3831 1146 3892 pro
1195 3818 1432 3880 Asenna,
1485 3815 1767 3892 legendum
1817 3828 1948 3885 puto

375 3883 398 3945 ἰ
425 3883 710 3944 Asemona.
746 3907 765 3940 ι
803 3883 1216 3957 Etymologistes
1240 3895 1422 3940 autem
1446 3885 1588 3939 nulla
1613 3883 1938 3957 litterarum,

368 3964 462 4016 sed
491 3960 659 4014 solius
692 3959 811 4014 soni
845 3956 1026 4011 habita
1073 3957 1278 4010 ratione
1308 3957 1578 4010 Asemona
1625 3956 1944 4022 interpreta-

368 4043 458 4086 tus
491 4031 652 4084 fuerit
679 4049 697 4082 ι
726 4046 808 4090 os,
841 4047 859 4080 ι
901 4029 986 4083 vel
1014 4047 1032 4079 t
1071 4040 1216 4080 ossa.
1251 4045 1270 4079 ι
1316 4035 1442 4088 επ
1491 4040 1683 4095 nempe
1721 4025 1946 4078 Hebrai-

367 4119 449 4154 re.
478 4112 664 4154 nostra
692 4101 868 4167 lingua
900 4109 980 4153 est
1011 4116 1035 4150 t-
1057 4113 1140 4161 os,
1167 4098 1326 4152 ossis.
1365 4115 1385 4147 ι
1424 4095 1618 4150 Verum
1647 4111 1750 4149 vox
1780 4095 1944 4167 Hebr.

365 4181 578 4253 {tam
621 4165 822 4225 rectilis
889 4169 1247 4250 deduceretur
1300 4167 1368 4222 ab
1628 4181 1737 4236 quo
1786 4165 1948 4235 signi-

367 4244 584 4298 ﬁcatur.
625 4260 642 4292 t
681 4255 925 4304 magnas,
951 4239 1171 4308 primas.
1217 4256 1236 4288 ι

441 4314 519 4380 (2)
574 4311 884 4375 Mesoroth,
939 4307 1078 4380 quod
1142 4307 1440 4380 signiﬁcare
1482 4315 1704 4380 putatur
1763 4307 1942 4380 exclu-

367 4378 518 4437 dens.
567 4383 657 4436 Sic
707 4381 909 4434 habent
953 4378 1085 4433 tnss.
1141 4378 1284 4431 Libri
1336 4387 1512 4430 autem
1563 4379 1716 4441 editi,
1773 4397 1792 4430 ‹
1835 4379 1950 4434 Me-

367 4454 572 4509 saloth.
621 4472 641 4505 ›
682 4451 849 4504 Radix
884 4449 1150 4504 Mesoroth
1201 4457 1261 4500 ut
1308 4448 1646 4515 significetur
1686 4467 1705 4498 ι
1763 4450 1954 4503 exclu-

366 4527 525 4587 dens,
564 4541 584 4575 ι
632 4523 739 4576 erit
781 4532 900 4589 ηπ),
925 4520 1070 4590 quod
1125 4519 1178 4573 in
1229 4517 1406 4586 Hiphil
1448 4518 1718 4590 significat
1751 4538 1769 4571 t
1806 4536 1956 4573 amn-

367 4597 470 4655 vit,
524 4593 773 4660 removit,
813 4611 832 4645 ›
874 4588 979 4645 etc.
1029 4588 1182 4655 Quod
1231 4590 1274 4642 si
1326 4597 1576 4642 servatur
1620 4589 1780 4644 lectio
1821 4590 1954 4645 libb.

365 4695 528 4738 antea
576 4683 842 4737 editorum
874 4699 894 4734 t
925 4680 1213 4747 Mesalotb,
1255 4697 1276 4733 ι
1304 4678 1459 4733 radix
1489 4679 1592 4733 erit
1633 4663 1737 4740 n51
1766 4699 1782 4733 ι
1812 4663 1954 4752 pm-

365 4763 474 4813 ter.
509 4755 634 4816 nisi,
662 4762 908 4822 excepto.
936 4771 954 4804 ›

443 4827 519 4890 (5)
549 4825 774 4878 Banaim
797 4821 1026 4886 venitur,
1056 4821 1196 4891 quod
1240 4821 1412 4892 fontes
1444 4821 1709 4892 signiﬁcat
1750 4823 1832 4877 vel
1855 4839 1949 4877 ea:-

367 4897 675 4949 colationes.
743 4894 891 4949 Unus
944 4894 1114 4948 codex
1159 4908 1260 4947 ms.
1315 4910 1336 4944 ε
1393 4893 1672 4948 Baneaim.
1729 4911 1750 4945 ι
1794 4894 1950 4949 Alius

375 4985 394 5014 ε
431 4965 762 5019 Vanacham.
797 4983 816 5015 ι
880 4964 1030 5018 Alius
1083 4981 1102 5014 t
1142 4963 1444 5018 Vanacain.
1487 4963 1544 5016 ln
1591 4963 1816 5018 Hebraeo
1863 4973 1953 5024 ἰι

363 5043 490 5124 nam
536 5054 554 5086 ε
585 5037 720 5090 bene
747 5032 1012 5100 Jaachan,
1055 5052 1074 5086 ι
1108 5035 1248 5103 apud
1286 5032 1432 5088 LXX
1466 5034 1691 5088 Βαναία.
1722 5033 1947 5090 Banaim

366 5141 502 5179 vero
527 5134 586 5178 ut
635 5123 905 5196 signiﬁcet
936 5142 954 5175 t
996 5123 1193 5188 fontes,
1243 5144 1262 5177 ι
1299 5135 1575 5196 utcunque
1612 5127 1949 5182 derivabitur

368 5197 438 5250 ab
474 5201 562 5280 py
608 5211 714 5264 quo
756 5196 1090 5264 significatur
1131 5213 1150 5246 ‹
1201 5196 1390 5250 oculus
1429 5215 1448 5248 ι
1487 5207 1543 5250 et
1577 5198 1948 5272 metaphorice

372 5302 399 5342 α
431 5287 626 5372 [αρςιρ
646 5295 730 5372 .et
752 5295 827 5372 ,τε
855 5301 962 5372 quo
992 5286 1330 5372 signiﬁcatur
1354 5304 1374 5338 ‹
1409 5287 1570 5372 ﬁlius.
1609 5306 1628 5338 ι

443 5356 534 5429 (4)
557 5355 794 5429 (ἱαιῃαᾴξν
816 5359 956 5429 quod
997 5355 1813 5429 interpretaturwtentamentum,
1841 5361 1945 5416 sive

369 5427 713 5494 constipatio.
745 5428 837 5482 Sic
874 5427 1158 5482 habetms.
1191 5427 1359 5481 codex
1383 5428 1810 5482 Turonensis.ln
1844 5446 1943 5484 an-

371 5508 453 5552 tea
474 5499 634 5567 editis
655 5514 753 5565 pro
784 5515 803 5548 (
832 5495 1061 5567 Galgad,
1089 5516 1106 5548 ι
1136 5498 1330 5566 legitur
1356 5515 1374 5549 t
1399 5497 1610 5567 Galgat,
1636 5500 1774 5566 apud
1801 5499 1942 5554 LXX

369 5566 603 5638 Γαδγάδ,
635 5570 690 5623 in
725 5566 956 5623 Hebrteo
987 5578 1132 5629 ἐλ-ελ.
1165 5570 1233 5621 At
1263 5583 1368 5622 non
1400 5566 1558 5622 video
1577 5571 1847 5638 quomodo
1875 5586 1940 5625 ex

373 5640 456 5721 his
481 5658 504 5692 ι
556 5648 952 5696 tentamentum
987 5657 1006 5690 ι
1041 5640 1158 5695 sive
1195 5657 1214 5690 ι
1249 5639 1576 5710 constipatio
1610 5657 1630 5691 ›
1668 5642 1783 5696 erui
1816 5656 1941 5714 pos-

367 5720 460 5765 ιιι.

934 3572 980 3604 ’⁸
1018 3572 1211 3642 Ephes.
1260 3584 1336 3635 tv,
1369 3568 1462 3624 27.
1537 3567 1582 3600 ’θ
1615 3563 1784 3620 lCor.
1814 3581 1934 3635 sui,

2132 3569 2175 3603 ³⁰
2213 3571 2369 3626 Prov.
2407 3587 2498 3639 xx,
2523 3573 2575 3628 5.
2655 3573 2695 3605 ⁸¹
2731 3573 2936 3628 Thren.
2964 3586 3040 3637 tv,
3069 3571 3159 3626 ἓξ).

2060 3210 2372 3267 hominibus
2432 3209 2620 3280 loqui,
2664 3209 2977 3266 necessario
3027 3209 3252 3266 habebit
3301 3210 3414 3264 oris
3462 3206 3646 3280 parci-

2065 3304 2338 3368 moniam,
2385 3303 2564 3358 sciens
2601 3301 2832 3371 quibus,
2857 3302 2942 3356 vel
2979 3301 3229 3371 quando,
3263 3301 3348 3357 vel
3370 3300 3643 3371 quomodo

2061 3397 2128 3451 de
2158 3395 2435 3467 mysteriis
2461 3394 2660 3450 divinis
2695 3402 2946 3465 oporteat
2981 3394 3151 3465 loqui.
3182 3394 3314 3450 Post
3347 3395 3464 3452 haec
3492 3394 3647 3450 veni-

3239 3571 3282 3603 "
3316 3569 3447 3626 Luc.
3480 3587 3517 3637 ι,
3547 3573 3640 3628 55.

2129 3744 2451 3817 (5)1'abatlta
2483 3745 2864 3816 interpretatur
2885 3744 3042 3800 bona.
3069 3744 3116 3799 Α
3145 3745 3326 3800 radice
3353 3753 3462 3804 :TD
3493 3761 3514 3794 ί
3540 3743 3642 3799 bo-

2056 3830 2477 3956 ιιιιὲἓξὲξξέοἷω,
2511 3887 2651 3958 quod
2706 3897 2781 3940 εει
2835 3885 3112 3942 transitus.
3171 3885 3347 3940 Radix
3393 3894 3478 3940 est
3520 3895 3642 3951 ’τις

2056 3979 2079 4100 Τ
2119 3967 2612 4100 ὶὲῒηὲἓέξοέιθηὸεν,
2646 4027 2806 4100 quod
2833 4027 3219 4100 interpretatur
3258 4026 3484 4082 consilia
3514 4028 3635 4083 viri.

2055 4096 2148 4154 Sic
2189 4096 2369 4154 habet
2416 4096 2582 4152 codex
2645 4097 3015 4153 Ebroicensis.
3071 4096 3220 4150 Libri
3280 4111 3410 4151 vero
3468 4108 3635 4152 antea

2053 4169 2204 4230 editi,
2250 4187 2268 4220 t
2326 4168 2707 4236 Casiongabis.
2766 4186 2784 4219 ι
2841 4166 2986 4222 LXX
3054 4167 3376 4232 interpretes
3431 4167 3638 4222 Γεσιὼν

2059 4240 2258 4312 Γάὀερ,
2295 4239 2552 4294 Hebraeus
2605 4247 2784 4294 textus
2837 4248 2946 4300 τι]
2969 4245 3094 4320 Vn
3127 4255 3145 4288 ι
3189 4237 3576 4308 Hesiongaber.
3609 4259 3630 4292 ι

2056 4331 2446 4399 Interpretatur
2471 4337 2648 4383 autem
2677 4331 2780 4383 hoc
2803 4345 2997 4383 nomen
3026 4347 3045 4378 t
3091 4328 3319 4384 consilia
3350 4330 3449 4383 viri
3494 4349 3513 4382 ι
3561 4331 3630 4385 ab

2060 4411 2176 4467 :13}:
2199 4403 2340 4472 quod
2376 4411 2480 4464 est,
2514 4419 2532 4451 ι
2554 4400 2862 4472 consilium,
2885 4419 2904 4451 ι
2929 4410 2984 4472 ct
3005 4401 3300 4472 Ἶὶἔίιψιοά
3329 4410 3413 4455 εει
3439 4420 3459 4454 ί
3481 4404 3584 4457 Viro
3611 4422 3630 4454 ³

2130 4469 2638 4538 (8)ῬΙιαι·αηεαάεε,
2674 4471 2814 4541 quod
2841 4480 2916 4524 est
2957 4469 3299 4540 fructiﬁcatio
3333 4483 3542 4527 sancta.
3587 4474 3633 4528 Α

2057 4553 2178 4668 ΡΞ)
2209 4561 2227 4594 ι
2261 4543 2496 4598 fructum
2521 4541 2714 4607 edidit,
2748 4561 2767 4593 ι
2807 4552 2862 4596 et
2899 4551 3026 4628 1:71P
3071 4559 3092 4592 ι
3121 4551 3367 4597 sanctum
3398 4559 3519 4598 esse
3549 4543 3634 4598 vei

2077 4631 2197 4668 lerl.
2245 4632 2264 4666 ι

2077 4631 2205 4756 le(.23.)
2245 4632 2352 4748 ’Or,
2395 4684 2534 4754 quod
2574 4683 2954 4750 interpretatur
2991 4691 3292 4737 montanus.
3344 4681 3521 4756 Radix
3546 4696 3632 4739 est

2052 4753 2232 4816 "rans
2259 4753 2435 4821 mons,
2486 4777 2506 4810 ›
2533 4756 2675 4810 unde
2709 4765 2786 4810 Tt
2827 4770 2845 4804 ε
2880 4767 3055 4816 mons;
3077 4763 3328 4806 montana
3361 4753 3496 4808 loca.
3534 4773 3554 4806 ι

2127 4824 2239 4896 (ιο)
2263 4824 2534 4886 Selmona,
2557 4824 2696 4892 quod
2733 4823 3108 4891 interpretatur
3134 4823 3320 4876 umbra
3347 4824 3626 4891 partionis.

2051 4920 2097 4973 A
2118 4902 2222 4978 ‘75]:
2251 4936 2270 4969 ι
2298 4915 2606 4970 obumbrari
2631 4898 3065 4972 iﬁt‘mtumbra.
3084 4909 3629 4978 icuisiadditurmn

2057 5008 2077 5040 «
2113 4991 2310 5056 portio.
2345 5007 2364 5040 ι
2389 4986 2641 5042 Selmona
2692 4995 2841 5041 recte
2880 4986 3332 5056 interpretabitur
3361 5007 3382 5036 ι
3434 4993 3625 5042 utnbra

2052 5072 2678 5212 ρῗῖίιῗίηὶξίιὶὶαηηᾳζωά
2711 5125 3046 5212 interpretari
3078 5137 3325 5208 putamus
3355 5124 3460 5178 oris
3498 5141 3628 5206 par-

2048 5195 2350 5256 cimoniam.
2388 5199 2479 5253 Sic
2509 5198 2672 5252 habet
2703 5198 2869 5250 codex
2903 5195 3240 5250 Turonensis
3266 5210 3320 5248 et
3355 5197 3631 5248 consentit

2047 5287 2167 5326 cum
2198 5269 2424 5326 Hebraeo
2468 5277 2616 5332 textu
2643 5268 2693 5321 in
2725 5281 2832 5335 quo
2859 5268 3058 5338 legitur
3097 5274 3232 5356 με.
3269 5265 3417 5320 Libri
3463 5277 3624 5320 antea

2045 5363 2174 5418 editi
2201 5362 2398 5417 habent
2433 5378 2451 5411 ι
2479 5361 2637 5424 Fino,
2666 5378 2685 5412 ι
2719 5358 2863 5413 LXX
2901 5353 3226 5427 interpretes
3260 5356 3420 5412 Φινώ.
3454 5353 3619 5411 Puta-

2044 5434 2136 5486 bat
2176 5444 2355 5486 autem
2387 5430 2652 5499 Origenes
2685 5431 2889 5484 Phinon
2921 5429 3273 5498 interpretari
3311 5447 3328 5480 ε
3358 5429 3468 5482 oris
3497 5444 3626 5497 par-

2043 5504 2333 5559 cimoniam
2364 5520 2382 5552 ι
2415 5516 2443 5554 a
2475 5510 2552 5562 nn
2580 5501 2720 5569 quod
2747 5510 2830 5555 est
2864 5518 2882 5550 ι
2911 5515 2992 5564 os,
3019 5501 3174 5561 oris,»
3205 5509 3260 5554 et
3285 5515 3314 5552 a
3342 5499 3508 5553 verbo
3535 5504 3627 5556 m9

2043 5576 2184 5643 quod
2225 5582 2347 5636 est,
2389 5573 2725 5643 (oppressit.
2755 5589 2772 5622 ι
2826 5571 3018 5641 Magna
3063 5579 3146 5625 est
3183 5570 3328 5626 enim
3373 5570 3486 5624 oris
3523 5583 3624 5637 op-

2047 5642 2217 5714 pressi
2266 5642 2614 5713 parcimonia.
