4050 6148
506 256 610 314 799

1950 235 2270 296 ORIGENIS

3628 227 3720 288 800

506 387 595 431 tur
618 377 819 440 Oboth,
851 376 1008 445 cujus
1034 373 1267 427 nominis
1300 371 1553 441 quamvis
1578 383 1682 422 non
1711 363 2082 420 invenerimus
2110 360 2156 416 A
2187 355 2330 409 enim
2364 369 2461 423 per
2495 354 2593 408 has
2622 366 2814 408 omnes
2850 350 3081 405 Virlllles
3125 349 3228 404 ilcl‘
3268 345 3442 417 egerit
3467 346 3651 414 anima.
3676 359 3724 404 et

508 468 1010 537 interpretationem
1045 464 1178 533 (l2),
1216 473 1393 516 tamen
1424 477 1531 515 non
1563 459 1910 521 dubitamus,
1938 454 2080 508 sicut

502 571 557 612 et
589 561 641 613 in
670 559 880 611 caeteris
910 555 1185 620 omnibus,
1216 553 1380 606 etiam
1414 552 1466 606 in
1503 552 1608 604 hoc
1638 548 1859 602 nomine
1891 559 2081 599 conse-

503 650 780 717 quentiam
810 646 1148 716 profectunm
1174 642 1507 698 conservari.
1536 639 1794 710 Sequitur
1816 647 1937 708 post
1966 637 2081 689 ha-c

504 723 716 794 mansio
768 753 889 806 (μιω
938 736 1240 806 appellatur
1288 734 1387 789 Gai
1429 773 1446 799 ,
1493 732 1639 803 quod
1695 731 2083 799 interpretatur

502 831 667 886 chaos
701 830 837 901 (l3).
885 828 1184 898 Appropiat
1230 826 1377 881 enim
1428 841 1528 895 per
1556 826 1655 879 bos
1694 822 1971 894 profectus
2014 820 2083 876 ad

504 924 658 975 sinus
678 920 935 984 Abrahae,
960 920 1052 988 qui
1076 918 1205 973 dicit
1232 919 1297 971 ad
1320 931 1417 972 eos
1435 915 1599 986 quiin
1619 912 1904 969 tormentis
1930 919 2080 976 sunt,

505 1014 631 1079 quia
664 1031 683 1065 ι
716 1012 860 1066 inter
885 1026 982 1067 vos
1010 1020 1062 1064 et
1091 1025 1186 1065 nos
1216 1011 1384 1064 chaos
1410 1024 1668 1078 maguum
1697 1006 2080 1061 conﬁrmatum

503 1115 588 1158 est
613 1103 681 1169 ³⁸,
718 1121 738 1156 ι
781 1111 841 1158 ιιι
868 1112 922 1160 et
952 1104 1067 1172 ipse
1098 1103 1148 1156 in
1183 1102 1396 1159 sinibus
1423 1103 1562 1170 ejus,
1589 1100 1732 1155 sicut
1761 1098 1955 1153 beatus
1980 1095 2084 1151 La-

505 1214 690 1265 zarus,
726 1198 1054 1268 requiescat.
1094 1196 1222 1252 lude
1272 1198 1467 1252 iterum
1509 1196 1727 1251 venitur
1775 1193 2077 1263 Dibongad,

505 1295 648 1360 quod
701 1290 1011 1359 signiﬁcare
1066 1288 1236 1343 fertur
1283 1289 1547 1359 apiarium
1608 1289 1983 1344 tentationum.
2038 1288 2083 1345 Ο

509 1385 702 1437 miram
737 1383 931 1437 divinae
960 1381 1308 1452 providentiae
1334 1379 1601 1435 cautelam
1625 1379 1639 1432 i
1669 1379 1811 1433 Ecce
1828 1378 1937 1449 jam
1966 1382 2085 1435 via-

509 1484 593 1528 tor
637 1474 725 1528 hic
757 1473 977 1527 itineris
1017 1472 1291 1535 cmlestis,
1337 1486 1563 1526 suunuae
1596 1470 1920 1539 perfectioni
1955 1489 2081 1542 pro-

508 1565 685 1617 ximus
711 1563 773 1617 ﬁt
812 1564 1159 1618 successione
1196 1564 1479 1629 virtutum,
1513 1574 1569 1617 et
1601 1574 1779 1618 tamen
1816 1565 1865 1619 ei
1899 1573 2081 1620 tenta-

508 1662 686 1712 menta
720 1670 825 1710 non
862 1656 1078 1721 desunt,
1125 1654 1222 1709 sed
1272 1655 1393 1708 novi
1442 1655 1657 1723 generis
1693 1656 1856 1709 audio
1903 1665 2086 1712 tenta-

509 1757 710 1802 menta.
738 1747 1040 1817 Apiarium,
1073 1746 1270 1817 inquit,
1310 1748 1701 1803 tentationum.
1731 1750 1865 1819 Apis
1907 1749 2088 1806 lauda-

509 1840 616 1895 bile
640 1840 844 1895 animal
886 1841 939 1893 in
977 1838 1277 1910 Scripturis
1311 1840 1543 1909 positum
1569 1851 1673 1909 est,
1714 1858 1782 1897 ex
1820 1841 1972 1912 cujus
2010 1844 2087 1899 la-

508 1931 731 1987 boribus
770 1947 928 2003 reges
958 1942 1013 1985 et
1041 1932 1341 1986 mediocres
1381 1931 1446 1984 ad
1490 1934 1779 1988 sanitatem
1813 1944 2083 2003 utuntur;

508 2024 650 2092 quod
683 2032 829 2079 recte
857 2025 924 2078 de
952 2022 1132 2078 verbis
1172 2024 1560 2092 prophetarum
1590 2034 1645 2079 et
1673 2026 2085 2097 apostolorum,

506 2124 674 2184 atque
703 2114 945 2169 omnium
980 2118 1069 2184 qui
1106 2132 1258 2171 sacra
1288 2117 1560 2172 volumina
1593 2120 2044 2190 conscripserunt
2066 2161 2084 2189 ,

507 2208 806 2276 accipitur;
851 2218 905 2262 et
936 2206 1081 2263 istud
1111 2224 1234 2264 esse
1285 2211 1549 2276 apiarium
1576 2253 1591 2278 ,
1628 2211 1681 2266 id
1715 2222 1835 2275 est.
1865 2227 2085 2268 omnem

508 2319 795 2358 tmmerum
842 2304 1249 2374 Scripturarum
1295 2306 1598 2361 divinarum
1630 2308 1950 2378 dignissime
2004 2311 2088 2365 in-

509 2395 677 2467 telligi
720 2404 873 2465 puto.
922 2396 1016 2451 Est
1056 2412 1190 2469 ergo
1232 2397 1299 2452 iis
1331 2398 1423 2468 qui
1455 2399 1523 2454 ad
1556 2399 1944 2469 perfectionem
1971 2411 2090 2458 teu-

506 2489 663 2552 dnut,
697 2490 860 2543 etiam
895 2490 951 2544 in
983 2490 1085 2545 hoc
1111 2490 1352 2561 apiario,
1384 2491 1435 2546 id
1465 2501 1548 2547 est
1574 2492 1625 2546 in
1649 2492 1830 2549 verbis
1855 2496 2088 2565 prophe-

420 2618 433 2625 -
510 2579 632 2634 ticis
668 2589 723 2635 et
757 2582 1074 2651 apostolicis
1099 2622 1114 2648 ,
1150 2583 1413 2638 nonnulla
1466 2587 1718 2641 tentatio.
1770 2587 1858 2644 Vis
1900 2590 2088 2645 videre

506 2670 633 2739 quia
663 2671 733 2725 sit
763 2672 815 2726 in
854 2674 938 2728 his
969 2674 1197 2729 tenzatio
1225 2691 1330 2730 non
1361 2675 1623 2731 minima?
1648 2679 1703 2732 In
1741 2679 1846 2736 hoc
1876 2681 2087 2750 apiario

505 2762 768 2831 scriptum
805 2764 1058 2821 invenio:
1102 2767 1327 2844 (Vide,
1362 2768 1541 2837 inquit
1589 2768 1671 2833 ",
1700 2786 1769 2826 ne
1815 2771 2086 2842 aspiciens

507 2853 675 2909 solem
703 2865 757 2911 et
784 2856 991 2923 lunam,
1028 2858 1227 2914 adores
1255 2874 1318 2913 ea
1357 2875 1478 2929 qua:
1509 2863 1868 2929 sequestravit
1900 2863 2085 2919 Domi-

509 2962 612 3003 nus
660 2946 803 3005 Deus
851 2957 977 3005 tuus
1008 2952 1280 3022 gentibus.
1312 2973 1332 3007 ι
1391 2954 1554 3010 Vides
1593 2970 1713 3025 qua:
1764 2959 1991 3012 tentatio
2020 2958 2087 3013 de

2184 449 2250 502 ad
2283 460 2557 503 summum
2584 445 2936 516 perfectionis
2960 442 3288 506 ascenderit,
3325 439 3513 495 transit
3537 440 3638 509 jam
3666 441 3724 497 de

2183 539 2401 604 saeculo,
2433 548 2489 593 et
2513 537 2793 594 abscedit:
2835 536 2974 590 sicut
2997 535 3258 603 scriptum
3285 539 3370 587 est
3398 529 3466 585 de
3491 529 3628 584 Enoc
3653 529 3721 584 ":

2188 643 2208 676 ι
2237 625 2303 680 Ει
2327 643 2431 682 non
2457 625 2858 689 inveniebatur,
2885 624 3010 693 quia
3034 622 3519 677 transtulerateum
3538 619 3677 674 Deus.
3703 638 3720 671 ι

2182 722 2336 788 Quod
2369 721 2468 775 etsi
2508 721 2759 775 videatur
2783 733 2905 774 esse
2930 718 3108 773 adhuc
3133 718 3184 770 in
3216 715 3416 770 saeculo
3444 714 3533 784 qui
3561 714 3726 783 hujus-

2183 816 2330 872 modi
2363 824 2478 882 est,
2505 823 2559 870 et
2584 816 2638 867 in
2663 826 2830 868 carne
2858 811 3106 866 habitare
3124 848 3140 874 ,
3166 817 3345 862 tamen
3375 821 3481 860 non
3513 806 3724 861 invenie-

2182 918 2291 964 tur.
2325 906 2384 963 In
2416 922 2522 977 quo
2554 921 2661 961 non
2693 904 3038 961 invenietur?
3071 902 3124 956 lu
3158 900 3308 956 nullo
3334 909 3459 955 actu
3485 899 3725 966 saeculari,

2186 1004 2241 1058 in
2283 1002 2429 1058 nulla
2464 1017 2522 1057 re
2547 1000 2776 1067 carnali,
2812 999 2868 1054 in
2899 997 3046 1053 nullo
3075 996 3349 1065 colloquio
3381 992 3629 1049 vanitatis
3653 993 3726 1047 in-

2186 1099 2421 1152 venitur.
2456 1094 2758 1150 Transtulit
2785 1093 2932 1149 enim
2968 1105 3092 1147 eum
3136 1090 3283 1145 Deus
3310 1086 3378 1143 ab
3415 1087 3516 1152 iis,
3546 1097 3597 1142 et
3625 1102 3729 1141 esse

2186 1189 2315 1244 fecit
2363 1188 2417 1242 in
2463 1186 2683 1254 regione
2727 1183 3009 1239 virtutum.
3047 1179 3253 1238 Ultima
3308 1178 3517 1234 mansio
3557 1186 3635 1232 est
3673 1178 3729 1232 ab

2184 1281 2471 1337 occidente
2503 1276 2659 1332 Moab
2678 1275 2831 1347 juxta
2857 1273 3172 1330 Jordanem.
3205 1268 3399 1326 Omnis
3421 1284 3636 1339 namque
3655 1268 3731 1324 hic

2184 1387 2376 1429 cursus
2405 1377 2689 1441 propterea
2726 1367 2906 1436 agitur
2925 1405 2941 1430 ,
2971 1374 3026 1420 et
3069 1369 3360 1433 propterea
3390 1360 3618 1414 curritur
3640 1398 3655 1424 ,
3683 1368 3732 1413 ut

2185 1464 2532 1535 perveniatur
2567 1464 2633 1518 ad
2672 1460 2872 1516 ﬁumen
2917 1458 3011 1514 Dei
3045 1497 3061 1524 ,
3093 1466 3153 1511 ιιι
3192 1453 3432 1525 proximi
3469 1449 3732 1506 etﬁciamur

2186 1557 2400 1613 ﬁuentis
2422 1553 2719 1625 sapientiae,
2745 1560 2800 1608 et
2826 1551 3065 1621 rigemur
3083 1546 3243 1602 undis
3273 1542 3514 1600 scientiae
3533 1542 3730 1596 divinae:

2188 1659 2247 1705 nt
2291 1649 2371 1704 sic
2403 1662 2499 1718 per
2529 1646 2709 1702 omnia
2745 1640 3018 1715 puriﬁcati
3040 1679 3057 1706 ,
3088 1647 3291 1694 terram
3326 1632 3733 1704 repromissionis

2191 1753 2499 1796 mereamur
2528 1737 2754 1791 intrare.
2784 1733 2910 1789 Haec
2934 1730 3152 1787 interim
3180 1728 3252 1784 de
3277 1724 3581 1782 lsraeliticis
3602 1739 3734 1779 man-

2189 1833 2433 1888 sionibus
2484 1829 2783 1886 secundum
2848 1839 3015 1879 unum
3076 1818 3388 1891 exponendi
3440 1817 3642 1873 modum
3688 1815 3734 1871 in

2191 1934 2506 1978 transcursu
2537 1920 2941 1993 perstringere,
2969 1923 3133 1986 atque
3160 1914 3215 1970 in
3249 1911 3487 1968 medium
3518 1908 3735 1980 proferre

2188 2016 2481 2087 potuimus.

2258 2128 2345 2182 l5.
2384 2127 2581 2182 Verum
2622 2141 2691 2180 ne
2730 2122 3035 2193 huiusmodi
3065 2122 3358 2193 expositio,
3393 2138 3511 2194 quae
3533 2136 3621 2194 per
3647 2120 3736 2176 lle-

2186 2221 2453 2275 brzeorum
2483 2218 2719 2290 linguam
2748 2227 2802 2272 et
2836 2216 3112 2270 nominum
3137 2215 3530 2285 signiﬁcantius
3563 2213 3733 2277 currit,

2189 2314 2563 2384 ignorantibus
2630 2312 2825 2382 linguae
2882 2310 3025 2365 illius
3073 2312 3465 2381 proprietatem
3514 2306 3734 2363 aﬁ'ectata

2186 2404 2437 2459 videatur
2482 2410 2536 2458 et
2580 2401 2847 2456 violenter
2888 2409 3105 2455 extorta
3130 2440 3148 2467 ,
3190 2399 3447 2456 dabimus
3495 2399 3647 2455 etiam
3687 2397 3733 2451 in

2189 2507 2374 2552 nostra
2406 2496 2586 2565 lingua
2617 2494 3049 2556 similitudinem.
3092 2508 3197 2563 qua
3232 2492 3624 2564 consequentia
3651 2492 3737 2544 hu-

2182 2591 2272 2660 jus
2292 2590 2429 2644 ratio
2451 2597 2713 2658 patescat.
2746 2586 2805 2640 ln
2827 2586 3093 2642 litterario
3122 2585 3271 2652 ludo,
3302 2585 3394 2640 ubi
3418 2584 3564 2656 pueri
3586 2582 3733 2652 prima

2187 2684 2457 2738 elementa
2482 2680 2786 2750 suscipiunt
2813 2721 2829 2746 ,
2877 2677 3183 2733 abecedarii
3217 2678 3474 2732 dicuntur
3498 2677 3732 2747 quidam,

2188 2775 2283 2829 alii
2313 2773 2618 2845 syllabarii,
2652 2771 2743 2825 alii
2785 2771 3102 2838 nominarii,
3134 2769 3226 2825 alii
3266 2770 3379 2840 jam
3410 2769 3736 2825 calculatores

2188 2864 2573 2935 appellantur:
2609 2871 2666 2917 et
2699 2876 2824 2916 cum
2866 2861 3203 2915 audierimus
3238 2859 3356 2915 haec
3404 2860 3610 2914 nomina
3634 2899 3648 2923 ,
3678 2871 3735 2911 ex

2191 2958 2322 3028 ipsis
2343 2956 2435 3026 qui
2470 2955 2579 3011 sint
2612 2954 2664 3008 in
2693 2955 2876 3024 pueris
2901 2952 3179 3024 profectus
3206 2952 3567 3024 agnoscimus.
3594 2951 3736 3005 Sinti-

508 3039 722 3108 apiario
746 3042 851 3095 isto
877 3043 1166 3111 procedit?
1189 3044 1255 3098 Et
1274 3046 1468 3100 iterum
1492 3062 1615 3103 cum
1639 3047 1768 3104 dicit
1787 3049 1866 3104 ":
1906 3067 1925 3100 ι
1949 3048 2087 3105 Deos
2114 3056 2156 3113 ς.
2192 3049 2314 3104 liter
2348 3060 2404 3104 et
2437 3048 2491 3103 in
2527 3047 2844 3102 liberalibus
2873 3045 3099 3112 studiis,
3128 3060 3254 3101 cum
3285 3056 3381 3100 aut
3413 3045 3584 3100 locum
3613 3045 3732 3098 reci-

507 3144 613 3183 non
631 3131 939 3187 maledices.
969 3152 988 3186 ι
1020 3134 1085 3187 Ει
1104 3135 1299 3190 iterum
1329 3137 1381 3190 in
1407 3136 1537 3192 Novi
1563 3139 1902 3195 Testamenti
1932 3143 2083 3212 apia-

510 3220 590 3274 rio
617 3221 704 3275 ubi
731 3220 961 3291 legimus
991 3224 1070 3278 "z
1104 3244 1123 3277 ι
1156 3224 1296 3292 Quid
1326 3242 1410 3282 me
1433 3230 1598 3285 vultis
1621 3232 1871 3287 occidere
1906 3234 2083 3288 homi-

508 3327 631 3366 nem
667 3314 758 3382 qui
789 3315 1072 3370 veritatem
1108 3316 1320 3375 locutus
1350 3336 1470 3376 sum
1499 3323 1689 3377 vobis?
1718 3341 1740 3376 ι
1778 3324 1843 3378 Ει
1884 3326 2080 3381 iterum

511 3406 563 3458 in
598 3404 719 3459 aliis
760 3406 874 3475 ipse
907 3407 1170 3463 Dominus
1201 3410 1332 3466 dicit
1366 3413 1441 3466 ’7:
1480 3432 1498 3464 ι
1520 3404 1813 3479 Propterea
1846 3419 1896 3472 in
1926 3434 2085 3488 para-

510 3497 651 3552 bolis
680 3497 870 3567 loquor
893 3499 994 3564 eis,
1028 3511 1087 3554 ut
1115 3502 1356 3558 videntes
1381 3521 1487 3560 non
1512 3507 1749 3572 videant,
1778 3517 1831 3563 et
1862 3511 2086 3566 audien-

512 3596 592 3639 tes
646 3602 750 3641 non
806 3588 1131 3660 intelligant,
1163 3608 1230 3647 ne
1281 3593 1418 3648 forte
1469 3607 1875 3663 convertantur,
1910 3612 1963 3656 et
1993 3617 2082 3656 sa-

511 3695 631 3734 ncm
660 3695 773 3734 eos.
801 3701 820 3734 ι
861 3680 965 3736 Sed
997 3694 1051 3739 et
1079 3701 1202 3740 cum
1232 3686 1521 3756 Apostolus
1553 3689 1683 3744 dicit
1707 3690 1780 3746 ³⁸ε
1831 3710 1850 3744 ι
1878 3693 1934 3746 ln
1965 3695 2087 3764 qui-

510 3769 612 3823 bus
633 3769 769 3825 Dens
786 3772 942 3840 hujus
959 3776 1139 3829 smculi
1160 3778 1455 3833 excmcavit
1472 3789 1683 3836 mentes
1703 3781 2003 3839 inﬁdelium
2024 3804 2038 3852 ;
2061 3807 2080 3840 ι

510 3870 568 3914 et
597 3862 765 3916 multa
793 3864 1097 3932 hujusmodi
1121 3869 1172 3922 in
1200 3870 1302 3925 hoc
1316 3871 1499 3927 divino
1519 3872 1729 3942 apiario
1754 3883 2085 3934 tentamenta

512 3956 774 4023 reperies,
806 3958 872 4012 ad
903 3973 1023 4028 qua:
1061 3975 1286 4018 necesse
1321 3973 1405 4018 est
1432 3965 1620 4020 venire
1642 3982 2088 4041 unumquemque

513 4059 851 4116 sanctorum,
894 4060 953 4104 ut
979 4052 1140 4107 etiam
1171 4069 1268 4124 per
1299 4056 1436 4120 haec,
1464 4072 1627 4127 quam
1665 4059 1901 4130 perfecte
1922 4071 1974 4119 et
1999 4066 2088 4135 pie

513 4142 581 4193 de
611 4139 718 4194 Deo
745 4142 969 4207 sentiat,
1000 4157 1351 4215 agnoscatur.
1388 4148 1518 4205 Post
1568 4153 1686 4207 haec
1728 4151 1840 4221 jam
1869 4159 2089 4213 venitur

513 4229 740 4286 Gelmon
778 4232 1142 4301 Dehlalhaim,
1172 4240 1314 4307 quod
1341 4241 1737 4313 interpretatur
1762 4258 2086 4319 contemptus

511 4321 707 4387 ﬁcuum
731 4323 865 4396 (14),
908 4326 960 4381 id
993 4337 1080 4383 est
1107 4330 1198 4384 ubi
1246 4344 1668 4390 contemnuntur
1698 4346 1752 4393 et
1786 4338 2087 4409 despiciun-

2192 3155 2328 3207 tare,
2356 3153 2449 3196 aut
2478 3141 2886 3203 allocutionem,
2914 3138 2997 3192 vel
3026 3137 3264 3204 laudem,
3295 3139 3534 3208 aliasque
3555 3153 3640 3206 [ter
3661 3151 3735 3191 or-

2189 3235 2369 3290 dinem
2426 3234 2683 3288 materias
2731 3231 3094 3296 audierimus,
3142 3247 3207 3286 ex
3261 3232 3500 3288 materia:
3545 3232 3735 3286 nomine

2189 3326 2495 3400 profectum
2527 3325 2888 3381 adolescentis
2935 3323 3291 3381 advertimus.
3329 3325 3597 3392 Quomodo
3627 3336 3735 3390 ergo

2189 3430 2243 3475 et
2274 3433 2370 3488 per
2412 3417 2525 3472 haec
2563 3430 2683 3485 qute
2712 3415 2955 3469 locormn
3007 3415 3162 3482 quasi
3197 3416 3549 3470 materiarum
3586 3410 3735 3467 nomi-

2193 3526 2260 3565 na
2290 3517 2691 3573 memorantur,
2727 3521 2834 3561 non
2869 3507 3156 3561 credamus
3196 3505 3249 3558 in
3277 3505 3478 3560 divinis
3498 3501 3730 3559 eruditio-

2193 3603 2350 3657 nibus
2373 3599 2645 3671 prot‘ectus
2675 3598 2900 3652 indicari
2930 3611 3087 3667 posse
3117 3597 3479 3653 discentium?
3506 3592 3659 3667 384
3680 3593 3733 3646 Et

2192 3694 2334 3750 sicut
2379 3692 2494 3747 illic
2526 3689 2752 3759 singulis
2782 3689 3086 3758 quibusque
3127 3690 3346 3745 dicendi
3395 3689 3621 3745 materiis
3642 3687 3733 3765 im-

2194 3794 2494 3850 morantes,
2534 3785 2688 3853 quasi
2722 3780 3033 3837 mansiones
3076 3784 3129 3838 in
3155 3784 3236 3839 eis
3283 3784 3540 3854 quasdam
3579 3780 3736 3835 facere

2194 3879 2466 3942 videntur,
2504 3887 2559 3932 et
2591 3878 2657 3933 de
2692 3893 2796 3932 una
2829 3880 2897 3932 ad
2931 3879 3091 3934 aliam
3116 3920 3130 3945 ,
3167 3894 3229 3933 ac
3277 3881 3347 3934 de
3381 3878 3484 3932 alia
3531 3877 3646 3931 item
3677 3875 3731 3925 ad

2195 3973 2357 4028 aliam
2402 3970 2715 4041 proﬁcisci:
2756 3971 2828 4025 ita
2857 3972 3020 4026 etiam
3053 3971 3142 4025 hic
3186 3971 3523 4026 mansionum
3562 3979 3730 4021 nomen

2193 4075 2248 4119 et
2295 4063 2559 4134 proiectio
2588 4064 2653 4118 ab
2690 4078 2794 4117 una
2831 4064 2897 4118 ad
2925 4062 3083 4117 aliam
3106 4103 3121 4128 ,
3154 4061 3303 4117 etab
3339 4061 3440 4115 alia
3472 4060 3652 4114 iterum
3676 4053 3730 4106 ad

2195 4155 2379 4221 aliam,
2410 4167 2509 4208 cur
2529 4168 2636 4209 non
2663 4151 2962 4221 profectum
2996 4153 3193 4207 mentis
3220 4152 3463 4207 indicare
3488 4148 3730 4207 credatur.

2193 4257 2243 4302 et
2270 4248 2605 4302 incrementa
2632 4245 2943 4314 signiﬁcare
2965 4244 3265 4299 virtutum?
3289 4244 3435 4299 Illam
3454 4258 3573 4299 vero
3591 4241 3728 4295 aliam

2194 4341 2552 4412 expositionis
2582 4350 2789 4411 partem
2833 4337 3191 4408 prudentibus
3229 4338 3528 4408 quibusque
3554 4350 3615 4390 ex
3643 4334 3728 4387 ista

517 4420 604 4466 tur
654 4419 867 4484 penitus
921 4428 1155 4480 terrena.
1193 4422 1305 4478 Nisi
1353 4427 1499 4480 enim
1550 4440 1734 4499 spreta
1780 4431 1985 4489 fuerint
2029 4444 2086 4490 et
2120 4417 2163 4471 Ῑ)
2196 4431 2586 4502 conjiciendam
2621 4439 2674 4485 et
2707 4427 3176 4497 contemplandam
3224 4424 3488 4497 relinqn'o.
3529 4423 3728 4493 Sapien-

513 4518 823 4578 contempta
862 4526 923 4566 ea
966 4528 1087 4582 quae
1125 4514 1399 4573 delectare
1428 4520 1684 4576 videntur
1713 4523 1765 4577 in
1799 4526 1983 4590 terris,
2019 4532 2086 4584 ad

514 4597 755 4651 ccelcstia
780 4603 1014 4657 transire
1043 4621 1145 4660 non
1166 4621 1471 4675 possumus.
1502 4610 1760 4681 Sequitur
1782 4617 1929 4672 enim
1959 4630 2082 4688 post

515 4689 628 4742 base
659 4692 870 4747 mansio
898 4695 1118 4750 Abarim
1151 4709 1339 4753 contra
1371 4700 1589 4767 Nabau,
1616 4706 1758 4772 quod
1782 4718 1865 4761 est
1891 4713 2091 4765 transi-

515 4791 618 4837 tus.
676 4783 861 4839 Nabau
899 4802 1027 4843 vero
1067 4791 1327 4845 abscessio
1374 4795 1765 4864 interpretatur
1808 4801 1944 4871 (15).
1984 4802 2085 4860 Ubi

585 4926 630 4957 ³³
667 4926 777 4981 an
832 4945 943 4989 XVI,
981 4930 1071 4983 26.
1148 4931 1192 4963 ³³
1222 4934 1373 4986 Deut.
1413 4950 1484 4992 ιν,
1534 4936 1621 4990 19.

512 4998 559 5031 ³⁸
589 4995 630 5048 ll
662 4998 786 5052 Cor.
837 5015 911 5061 tv,
942 5001 1002 5057 Δ.
1076 5003 1119 5033 ³³
1157 5001 1291 5057 Gen.
1324 5021 1374 5070 ν,
1401 5004 1489 5059 24.

586 5115 698 5187 (12)
740 5116 929 5182 0b0th,
961 5119 1113 5185 cujus
1152 5120 1378 5173 nominis
1415 5123 1653 5188 quamvis
1683 5139 1787 5177 non
1825 5125 2083 5181 inueneri-

516 5204 631 5241 mus
657 5189 1277 5271 interpretationermetc.
1300 5202 1420 5250 nas:
1455 5192 1603 5271 reddi
1628 5204 1808 5264 potest
1842 5212 1861 5247 ι
1883 5195 2085 5269 Pytho-

518 5273 615 5311 nes
638 5277 657 5309 ι
695 5258 778 5311 vel
814 5275 833 5309 ι
861 5269 1030 5313 utres.
1058 5278 1076 5310 ι
1110 5259 1280 5314 Radix
1320 5271 1402 5315 est
1434 5270 1555 5321 nm.

591 5346 702 5418 (l5)
735 5346 860 5413 Cui,
887 5350 1026 5419 quin!
1054 5349 1425 5417 interpretatur
1449 5352 1628 5407 chaos.
1657 5351 1713 5407 lu
1743 5353 1896 5409 libris
1924 5366 2085 5412 antea

519 5420 680 5492 editis
721 5433 818 5492 pro
875 5419 1017 5492 «Qui
1047 5419 1306 5492 »_legitur
1351 5439 1370 5472 ι
1399 5420 1515 5492 Gai,
1551 5442 1569 5476 ι
1607 5425 1700 5479 sed
1742 5427 1884 5492 apud
1942 5426 2086 5482 LXX

518 5490 709 5550 Fai,et
740 5490 790 5540 in
827 5490 1014 5544 codice
1046 5489 1344 5545 TurOnensi
1382 5510 1401 5544 ι
1428 5490 1549 5559 Gai,
1581 5513 1599 5546 ι
1635 5495 1690 5548 in
1727 5489 1951 5552 Hebraeo
1992 5515 2090 5551 att-

524 5572 630 5615 tem
671 5563 775 5621 νιν.
807 5559 977 5634 Radix
1005 5569 1237 5634 earnm,
1255 5565 1397 5634 quod
1433 5574 1519 5618 est
1551 5564 1712 5620 Mich.
1740 5582 1779 5629 ι,
1806 5565 1859 5632 6,
1892 5584 1913 5619 ι
1942 5584 2092 5624 acer-

522 5645 646 5756 ausi,
666 5630 939 5765 gggptlus,
974 5650 992 5684 ι
1029 5630 1115 5689 vel
1144 5650 1164 5686 ι
1186 5630 1468 5692 desolatio.
1496 5653 1515 5688 ι
1554 5634 1705 5693 Unde
1732 5647 1786 5693 et
1820 5630 2034 5697 (chaos
2065 5658 2085 5692 ι

562 5719 608 5756 lC
850 5740 864 5756 ο

562 5719 628 5756 ICI
666 5719 864 5756 υυῑθδῐο

1700 4936 1743 4970 ³⁵
1768 4937 1938 5023 Exod.
1996 4961 2129 5014 uti,
2178 4946 2270 5001 28.

2199 4526 2342 4579 tibus
2390 4524 2533 4578 enim
2578 4519 2772 4576 suﬁicit
2817 4520 3162 4576 occasionem
3217 4520 3467 4575 dedisse:
3501 4515 3614 4588 quia
3645 4525 3728 4566 nec

2194 4615 2409 4685 expedit
2442 4622 2501 4667 ut
2533 4611 2836 4666 auditorum
2870 4623 3062 4665 sensus
3094 4611 3311 4680 penitus
3334 4616 3593 4665 remaneat
3611 4601 3729 4657 otio-

2194 4722 2286 4761 sus
2315 4717 2371 4760 et
2403 4707 2575 4775 piger.
2619 4703 2697 4758 Ex
2734 4703 2925 4757 horum
2969 4715 3099 4769 ergo
3140 4701 3429 4757 collatione
3459 4698 3610 4756 etiam
3652 4690 3727 4747 illa

2195 4801 2486 4856 meditetur
2511 4838 2528 4866 ,
2560 4799 2670 4855 imo
2700 4807 2756 4853 et
2786 4798 2996 4870 aliquid-
3024 4799 3391 4869 perspicacius
3434 4810 3495 4850 ac
3527 4789 3727 4850 divinius

2376 4944 2422 4976 ³⁸
2449 4941 2604 4997 Joau.
2636 4956 2752 5004 vnt,
2809 4940 2900 4995 40.
2978 4939 3022 4971 ³⁷
3060 4937 3248 4994 Matth.
3300 4954 3416 5003 xm,
3467 4934 3530 4989 l5
3573 4940 3623 4986 et
3653 4926 3723 4983 l5.

2268 5122 2382 5199 (Ut)
2417 5121 2636 5199 Geimon
2683 5116 3032 5199 Dfpluthaim,
3053 5115 3196 5199 guod
3229 5115 3724 5199 intumum-atrio:-

2193 5173 2434 5266 ten‘rptusv
2469 5173 2689 5266 penum.
2728 5188 2918 5243 Melius
2937 5173 3255 5242 redderetur
3280 5198 3341 5266 :_t
3365 5173 3634 5238 occultatio
3673 5173 3724 5226 ﬁ-

2192 5259 2352 5346 cuuiu
2383 5306 2401 5339 ι
2456 5259 2523 5338 ab
2564 5265 2680 5346 ωιιν
2732 5298 2751 5333 ι
2797 5281 3085 5346 latitant,»
3138 5284 3194 5331 et
3241 5291 3271 5332 a
3306 5259 3412 5339 ΙπιἽ
3456 5269 3717 5345 rpalatlta,

2195 5373 2371 5414 massa
2406 5354 2622 5409 ﬁcuum.
2652 5371 2671 5404 ι
2920 5415 2958 5420 η
3008 5418 3017 5420 4
3306 5416 3316 5420 ,
3599 5409 3608 5420 .

2267 5427 2380 5497 (l5)
2427 5424 2641 5497 Abarim
2682 5431 2866 5497 contra
2907 5415 3102 5472 Nabau
3126 5460 3142 5485 ,
3176 5415 3718 5497 quod_est.transitt_t_s_:

2198 5485 2393 5553 Νάιγαίι
2424 5511 2540 5549 vero
2560 5493 2816 5546 abscessio
2846 5485 3242 5557 interpretatur.
3284 5485 3496 5557 Abarim
3525 5499 3543 5533 ι
3565 5490 3720 5533 trans-

2197 5570 2304 5623 itus
2328 5586 2346 5618 ι
2389 5566 2772 5631 interpretatur
2809 5553 3010 5624 ab'ii?
3059 5578 3077 5611 ι
3099 5558 3332 5623 transiit,
3356 5576 3374 5610 ι
3406 5553 3721 5631 Nabaujero

2205 5655 2224 5689 ι
2254 5625 2546 5700 abscessio,
2579 5651 2598 5685 ι
2640 5633 2683 5687 si
2709 5639 2794 5690 ’ω
2822 5633 3120 5689 deducatur
3148 5645 3176 5684 a
3199 5637 3338 5691 mni
3367 5625 3557 5688 venit,»
3585 5625 3713 5679 item,

2205 5711 2224 5761 ἁ
2255 5706 2439 5773 abivit,
2479 5702 2716 5760 recessit.
2749 5720 2769 5754 ι
