4050 6148
415 270 516 329 801

1517 279 1592 334 ΙΝ»
1616 279 1948 336 NUMEROS
1987 279 2272 335 HOMILIA
2311 281 2548 337 XXVIII.

3565 284 3670 342 80$

413 393 862 462 contempletur:
909 414 928 447 ι
959 396 1075 450 Non
1108 397 1250 452 enim
1284 400 1349 453 ad
1385 415 1694 456 mensuram
1729 403 1820 456 dat
1860 402 1998 456 Deus
2030 406 2076 462 A
2107 402 2304 457 buntur
2339 405 2390 458 in
2422 403 2538 473 lege
2564 442 2578 468 ,
2618 401 2838 456 tnnbras
2869 417 2989 458 esse
3029 404 3333 458 futurorum
3360 403 3630 458 bonorum
3651 440 3668 465 ,

414 485 671 558 spiritum
701 487 780 553 ⁸ος
810 507 827 538 ι
859 491 953 542 sed
980 491 1106 558 quia
1134 491 1391 548 Dominus
1417 503 1498 548 est
1520 496 1759 562 spiritus,
1793 497 1993 548 idcircn

417 589 444 628 ι
477 575 564 629 ubi
604 576 753 640 vult,
784 577 952 646 spirat
993 581 1061 646 ιι,
1094 599 1112 632 ι
1158 590 1209 634 et
1243 591 1496 651 Optamus
1528 593 1588 638 ut
1633 587 1796 639 etiam
1839 587 1993 642 vobis

416 669 644 736 aspiret,
670 684 776 739 quo
807 671 1031 726 meliora
1059 673 1278 740 horum,
1304 685 1469 744 atque
1499 677 1692 731 altiora
1725 679 1776 730 in
1813 677 1992 731 verbis

418 759 632 814 Domini
657 762 921 822 sentiatis,
949 763 1053 818 iter
1079 775 1298 834 agentes
1333 781 1427 835 per
1455 766 1568 822 haec
1602 783 1722 836 quae
1764 783 1860 837 pro
1895 783 1991 820 no-

419 860 536 905 stra
574 852 946 907 mediocritate
973 854 1362 925 descripsimus
1388 875 1404 922 ;
1430 866 1488 911 ut
1515 866 1570 912 et
1594 858 1644 913 in
1673 858 1759 912 illa
1788 859 1868 911 via
1897 874 1990 912 su-

420 943 637 1011 periore
669 950 724 997 et
751 943 1075 1011 excelsiore,
1100 946 1260 1000 etiam
1292 963 1394 1003 nos
1415 948 1692 1004 vobiscum
1724 950 1991 1019 possimus

420 1033 675 1089 incedere
701 1051 716 1100 ;
747 1035 1045 1092 deducente
1080 1053 1180 1094 nos
1228 1039 1346 1108 ipso
1384 1041 1612 1097 Domino
1640 1051 1828 1097 nostro
1855 1040 1984 1096 Jesu

419 1125 665 1190 Christo,
697 1127 788 1196 qui
823 1139 903 1182 est
939 1130 1061 1194 via,
1094 1142 1149 1185 et
1177 1133 1412 1197 veritas,
1449 1142 1504 1187 et
1535 1133 1642 1187 vita
1665 1173 1680 1196 ,
1711 1149 1991 1203 usquequo

420 1218 804 1287 perveniamus
825 1220 890 1274 ad
911 1219 1149 1288 Patrem,
1177 1238 1298 1277 cum
1325 1224 1607 1278 tradiderit
1634 1239 1854 1294 regnum
1882 1228 1989 1280 Deo

419 1319 478 1366 et
527 1309 716 1378 Patri,
755 1320 809 1366 et
859 1313 1154 1383 subjecerit
1187 1314 1238 1368 ei
1287 1331 1502 1370 omnem
1535 1317 1896 1385 principatum
1938 1325 1991 1371 et

419 1411 768 1472 potestatem.
797 1403 903 1473 [psi
935 1403 1103 1475 gloria
1130 1412 1185 1461 et
1208 1407 1494 1474 imperium
1522 1408 1571 1462 in
1599 1407 1794 1462 saecula
1822 1423 1990 1464 sarcu-

418 1491 614 1548 lorum.
654 1493 847 1549 Amen.

930 1585 1212 1644 HOMILIA
1264 1587 1306 1641 Χ
1318 1587 1498 1645 XVIII.

417 1673 553 1742 Qua:
600 1678 681 1754 ait
714 1689 874 1754 terra:
925 1691 1126 1754 sancite
1176 1683 1462 1754 descriptio
1490 1723 1503 1744 ,
1545 1683 1990 1754 terminorumque

630 1750 744 1818 ejus
767 1761 814 1804 et
839 1751 1028 1819 ﬁnium
1051 1769 1180 1823 quos
1203 1752 1458 1806 Dominus
1479 1754 1776 1822 descripsit.

491 1852 544 1908 l.
589 1853 786 1908 Ultima
821 1856 873 1909 in
907 1855 1045 1911 libro
1076 1855 1430 1912 Numerorum
1469 1856 1695 1911 historia
1732 1856 1988 1920 refertur,

418 1943 472 1996 in
504 1958 608 2013 qua
642 1945 1073 2017 Dominusjubet
1102 1948 1269 2019 Moysi
1301 1959 1568 2019 praecepta
1601 1951 1728 2005 dare
1763 1950 1887 2004 filiis
1915 1950 1990 2003 ls-

419 2035 531 2092 rael
557 2077 572 2105 ,
607 2047 664 2092 ut
710 2055 834 2094 cum
878 2041 1107 2111 ingressi
1145 2041 1343 2096 fuerint
1379 2052 1577 2096 terram
1614 2053 1857 2098 sanctam
1902 2059 1991 2096 ca-

419 2145 552 2200 pere
586 2131 960 2188 haereditatem
1011 2132 1148 2202 ejus,
1177 2134 1354 2190 sciant
1382 2150 1517 2204 quos
1545 2134 1597 2189 in
1632 2149 1693 2188 ea
1733 2137 1992 2190 terminos

421 2221 611 2277 ﬁnium
636 2239 857 2278 suorum
887 2224 1122 2280 debeant
1141 2225 1454 2280 observare.
1479 2225 1544 2279 Et
1564 2235 1681 2294 post
1698 2226 1809 2280 haec
1826 2227 1988 2280 etiam

421 2313 538 2382 ipso
569 2313 799 2370 Domino
841 2315 950 2386 (l6)
988 2315 1330 2372 describente
1365 2317 1603 2372 dicitur:
1647 2319 1710 2371 ad
1747 2319 1988 2374 Africum

419 2405 663 2475 quidem,
692 2408 794 2461 hoc
823 2418 926 2470 est,
955 2409 1019 2462 ad
1044 2409 1378 2464 occidentem
1419 2411 1562 2464 illius
1589 2412 1693 2465 lori
1727 2415 1990 2468 terminus

418 2495 770 2564 observetur,
791 2507 846 2550 et
874 2497 1019 2550 illius
1043 2498 1108 2552 ad
1131 2497 1424 2562 orientem,
1456 2505 1512 2551 et
1541 2500 1618 2552 sic
1640 2514 1739 2568 per
1760 2510 1991 2568 quatuor

421 2585 550 2640 casti
574 2587 760 2656 plagas
792 2588 1008 2641 nomina
1045 2589 1289 2657 quaedam
1324 2589 1580 2644 Dominus
1613 2591 1724 2658 ipse
1746 2590 1991 2660 designat

421 2690 544 2746 quae
577 2675 630 2730 in
659 2675 842 2732 Judaca
878 2677 977 2731 ista
1012 2685 1228 2749 terrena
1276 2679 1505 2748 populus
1540 2679 1635 2735 Dei
1675 2681 1868 2736 debeat
1895 2698 1992 2735 cu-

418 2766 648 2825 stodire.
684 2767 824 2821 Dicit
856 2782 985 2837 ergo
1017 2769 1069 2823 in
1099 2770 1164 2823 iis
1195 2769 1496 2840 simplicior
1526 2772 1756 2841 quisque
1782 2773 1990 2828 audito-

421 2873 582 2924 rum,
610 2861 734 2929 quia
782 2871 1007 2928 possunt
1051 2861 1166 2916 haec
1215 2862 1522 2916 necessaria
1549 2863 1722 2918 videri
1752 2873 1806 2918 et
1841 2865 1988 2918 utilia

419 2948 586 3003 etiam
612 2951 906 3005 secundum
948 2951 1205 3018 litteram,
1233 2967 1331 3023 pro
1356 2969 1420 3008 eo
1447 2962 1504 3008 ut
1530 2969 1686 3008 nemo
1714 2965 1992 3025 transgre-

417 3041 602 3096 diatur
625 3042 889 3097 terminos
916 3058 1010 3112 per
1042 3055 1371 3115 praeceptum
1398 3045 1614 3099 Domini
1639 3047 1987 3115 constitutos,

415 3144 475 3190 et
509 3134 646 3190 ﬁnes
674 3135 898 3192 alterius
933 3137 1107 3192 tribus
1145 3137 1251 3191 alia
1284 3137 1487 3193 violare
1523 3153 1629 3193 non
1668 3139 1889 3194 audeat.
1920 3138 1990 3193 Et

417 3229 544 3299 quid
579 3229 867 3295 faciemus,
900 3244 1021 3284 cum
1055 3230 1107 3284 in
1143 3231 1302 3286 terris
1340 3230 1459 3285 istis
1487 3246 1591 3285 non
1622 3230 1796 3285 solum
1830 3230 1987 3284 inva-

419 3320 578 3375 dendi
605 3319 833 3375 alterius
857 3320 992 3374 lines
1012 3318 1212 3375 Judaais
1230 3361 1246 3386 ,
1275 3321 1367 3375 sed
1389 3320 1842 3390 qualitercunque
1866 3336 1987 3390 pos-

419 3411 633 3466 sidendi
668 3411 898 3466 facultas
926 3412 1071 3466 nulla
1101 3411 1467 3466 remanserit?
1503 3410 1718 3481 Profugi
1752 3426 1986 3480 namque

418 3503 490 3557 ab
519 3519 613 3568 ea,
645 3513 699 3559 et
738 3512 986 3558 extorres
1011 3502 1296 3565 exsulant,
1331 3513 1386 3558 et
1418 3502 1554 3559 ﬁnes
1593 3518 1699 3558 non
1730 3519 1864 3573 quos
1898 3504 1988 3558 lex

414 3593 598 3649 divina
643 3596 873 3660 statuit,
928 3610 1071 3649 nunc
1114 3595 1454 3665 possidentes
1499 3595 1854 3662 custodiunt,
1893 3594 1986 3649 sed

415 3699 556 3752 quos
583 3685 850 3739 victorum
873 3685 998 3754 jura
1028 3687 1375 3739 mandarunt.
1413 3683 1573 3751 Quid,
1608 3685 1850 3753 inquam,
1885 3699 1986 3740 nos

415 3775 680 3831 faciemus
702 3776 794 3846 qui
824 3775 939 3831 haec
964 3775 1018 3829 in
1043 3774 1288 3830 Ecclesia
1312 3775 1578 3846 legimus?
1613 3774 1668 3830 Si
1689 3777 1984 3832 secundum

412 3865 726 3922 Judaaorum
751 3882 969 3923 sensum
1011 3868 1276 3939 legamus,
1309 3868 1578 3937 superﬂua
1611 3869 1768 3923 nobis
1801 3869 1986 3938 profe-

412 3969 506 4015 cto
535 3959 867 4015 videbuntur
911 3968 966 4013 et
1011 3958 1213 4014 inania.
1254 3958 1362 4014 Sed
1401 3966 1456 4013 et
1488 3973 1592 4028 ego
1635 3960 1730 4029 qui
1777 3959 1896 4032 lego
1923 3960 1988 4015 de

414 4051 678 4121 sapientia
708 4052 970 4120 scriptum
999 4051 1077 4108 “:
1114 4069 1132 4103 ι
1163 4051 1258 4106 Exi
1293 4060 1415 4120 post
1437 4065 1555 4106 eam
1580 4050 1722 4106 sicut
1749 4053 1988 4122 vestiga-

417 4153 526 4209 tor,
556 4162 575 4196 ι
623 4143 745 4198 volo
769 4144 919 4198 exire
959 4152 1080 4215 post
1121 4157 1267 4207 eam,
1312 4151 1368 4198 et
1396 4143 1522 4212 quia
1568 4142 1624 4197 in
1676 4143 1836 4198 rebus
1867 4158 1988 4198 eam

415 4236 801 4306 corporalibus
833 4250 938 4290 non
968 4234 1208 4302 invenio,
1241 4235 1451 4305 insequi
1483 4233 1600 4304 ejus
1633 4235 1858 4303 vestigia
1894 4250 1991 4290 cu-

416 4327 507 4397 pio
532 4367 548 4393 ,
580 4336 635 4382 et
677 4329 1011 4397 investigare
1044 4342 1153 4397 quo
1184 4336 1312 4392 eat,
1354 4340 1418 4382 ac
1446 4327 1629 4381 videre
1680 4325 1987 4381 intellectus

2102 495 2389 563 omnisque
2419 494 2706 549 haereditas
2735 501 2891 546 terra:
2915 493 3076 557 illius,
3107 509 3224 562 quae
3250 493 3304 546 in
3339 490 3518 548 Judaa
3560 502 3672 547 ter-

2099 600 2156 638 ra
2188 595 2372 640 sancta
2399 597 2453 640 et
2481 595 2622 639 terra
2652 585 2792 640 bona
2821 586 3144 655 appellatur,
3182 587 3361 656 imago
3395 586 3467 640 sit
3495 587 3671 640 hono~

2101 692 2219 730 rum
2249 679 2581 731 coalestium;
2614 692 2844 745 quorum
2880 681 3026 743 haec,
3075 689 3133 733 ut
3164 680 3420 742 diximus,
3455 693 3574 746 quae
3613 675 3666 731 in

2099 769 2262 822 terris
2289 770 2426 823 bona
2475 779 2865 836 memorantur,
2901 773 3147 826 umbram
3188 781 3350 842 atque
3378 771 3669 843 imaginem

2099 865 2338 912 teneant.

2165 950 2222 1002 2.
2250 949 2355 1005 Sed
2389 961 2444 1005 ut
2481 954 2756 1022 paululum
2789 965 2845 1009 et
2877 970 3030 1009 meus
3070 967 3269 1016 sermo,
3302 965 3358 1007 et
3381 962 3556 1006 vestra
3590 952 3671 1004 in-

2099 1042 2390 1113 telligentia
2441 1047 2766 1104 sublimetur
2790 1093 2803 1113 ,
2840 1060 3002 1116 atque
3047 1051 3350 1116 ingressum
3380 1045 3667 1113 quemdam

2096 1133 2163 1186 ad
2204 1149 2267 1187 ea
2310 1149 2431 1202 qua:
2471 1137 2703 1193 dicimus
2746 1137 3076 1193 advertenda
3104 1135 3414 1203 concipiat,
3455 1146 3672 1186 utamur

2097 1225 2278 1294 aliqua
2302 1227 2684 1284 similitudine.
2719 1229 2889 1284 Nemo
2917 1229 3123 1284 dubitat
3157 1226 3297 1294 quod
3329 1225 3380 1277 in
3409 1233 3550 1278 terra
3575 1222 3671 1276 ,Ιιι-

2099 1318 2212 1373 όωίι
2244 1319 2422 1373 omnis
2449 1320 2631 1386 locus,
2670 1323 2848 1376 omnis
2882 1337 3058 1384 mons,
3084 1318 3262 1372 omnis
3290 1317 3482 1370 civitas
3510 1324 3563 1368 et
3594 1315 3671 1366 vi-

2096 1424 2214 1475 cus,
2245 1412 2411 1464 certis
2435 1412 2740 1483 quibusque
2764 1413 3040 1467 vocabulis
3071 1411 3384 1479 designetur
3409 1425 3422 1460 :
3461 1421 3558 1460 nec
3587 1415 3671 1458 est

2100 1500 2247 1556 ullus
2277 1503 2499 1556 omnino
2533 1506 2650 1559 sine
2687 1506 2907 1559 nomine
2953 1505 3104 1557 locus
3126 1545 3139 1564 ,
3173 1502 3268 1556 sed
3299 1498 3532 1568 propriis
3558 1497 3677 1552 sin-

2097 1593 2220 1663 gula
2283 1609 2509 1664 quaeque
2558 1597 3012 1668 appellationibus
3062 1595 3461 1664 designantur:
3517 1590 3668 1646 verbi

2096 1685 2288 1752 gratia,
2311 1687 2509 1755 quibus
2541 1698 2634 1741 aut
2660 1689 2949 1744 Chanaumi
2988 1688 3037 1740 in
3072 1687 3184 1740 suis
3223 1685 3373 1748 locis,
3407 1691 3499 1736 aut
3528 1681 3670 1734 Phe-

2020 1763 2064 1818 Β
2097 1775 2246 1829 resaei
2275 1776 2628 1832 nihilominus
2653 1778 2706 1832 in
2740 1779 2873 1840 suis,
2914 1775 3347 1843 Amorrhreique,
3387 1783 3476 1826 aut
3502 1769 3669 1834 Euri,

2093 1866 2175 1920 vel
2206 1868 2368 1922 etiam
2425 1867 2635 1922 Hebraei
2669 1871 3039 1923 nominarunt.
3091 1866 3167 1921 lta
3210 1880 3338 1934 ergo
3374 1861 3668 1940 secundum

2091 1957 2418 2011 sententiam
2457 1956 2628 2024 Pauli,
2696 1975 2798 2029 qua
2849 1960 3090 2011 umbram
3131 1966 3185 2010 et
3241 1953 3520 2022 exetnplar
3553 1965 3669 2007 cte-

2091 2045 2305 2102 lestium
2335 2050 2467 2103 dicit
2499 2065 2617 2104 esse
2652 2060 2885 2114 terrena,
2926 2050 3156 2102 fortasse
3187 2058 3238 2101 et
3268 2047 3320 2100 in
3352 2043 3670 2099 ctelestibus

2093 2141 2406 2210 regionibus
2435 2151 2592 2196 erunt
2645 2141 2888 2196 locorum
2920 2138 3240 2193 differentiae
3273 2154 3376 2192 non
3408 2137 3668 2190 minimm.

2092 2231 2298 2286 Videtis
2323 2234 2540 2302 quibus,
2571 2233 2654 2287 vel
2677 2249 2905 2301 quorum
2931 2230 3404 2301 appellationibus,
3434 2226 3672 2282 vocabu-

2091 2322 2268 2393 lisque
2308 2325 2612 2390 distiuctae,
2654 2334 2710 2378 et
2758 2326 2976 2379 nomina
3025 2338 3128 2376 non
3168 2321 3337 2374 solum
3387 2319 3668 2388 plagarum

2093 2415 2215 2469 caeli
2256 2455 2271 2481 ,
2331 2416 2424 2470 sed
2480 2418 2642 2469 etiam
2702 2416 2943 2483 onmiujn
2997 2414 3274 2468 stellarum
3323 2412 3670 2479 siderumque

2093 2507 2330 2576 signata.
2381 2525 2400 2558 ι
2430 2506 2531 2574 Qui
2563 2507 2712 2562 enim
2745 2506 2870 2560 fecit
2917 2505 3316 2559 multitudinem
3345 2502 3664 2566 stellarum,

2093 2605 2152 2651 ut
2181 2597 2256 2650 ait
2286 2596 2548 2667 Propheta
2582 2598 2651 2665 “,
2677 2597 2928 2652 omnibus
2959 2596 3037 2650 eis
3069 2595 3282 2649 nomina
3316 2603 3492 2648 vocat.
3527 2611 3546 2644 ι
3592 2593 3668 2646 De

2091 2688 2289 2758 quibus
2321 2690 2539 2759 quidem
2594 2691 2904 2744 nominibus
2948 2689 3176 2756 plurima
3214 2687 3268 2741 in
3325 2686 3528 2741 libellis
3574 2684 3665 2749 qui

2093 2780 2433 2851 appellantur
2465 2781 2651 2835 Enoch
2687 2778 2823 2852 (17),
2860 2789 3070 2835 secreta
3099 2778 3448 2832 continentur
3491 2788 3545 2831 et
3575 2792 3668 2828 ar-

2095 2884 2265 2935 cana;
2299 2869 2394 2924 sed
2420 2869 2548 2938 quia
2597 2868 2763 2922 libelli
2814 2867 2914 2937 ipsi
2957 2882 3066 2921 non
3102 2866 3356 2920 videntur
3387 2867 3524 2934 apud
3562 2863 3668 2916 ιιι--

2093 2960 2268 3016 braeos
2315 2962 2368 3015 in
2400 2959 2720 3014 auctoritate
2751 2960 2982 3022 haberi,
3017 2958 3231 3012 interim
3264 2972 3406 3011 nunc
3447 2971 3510 3011 ea
3548 2970 3669 3023 quae

2099 3051 2175 3106 ibi
2205 3051 2563 3106 nominantur
2587 3087 2602 3113 ,
2645 3049 2711 3103 ad
2750 3047 3056 3118 exemplqu
3100 3061 3294 3101 vocare
3333 3044 3664 3104 differamus,

2094 3143 2190 3200 sed
2212 3158 2277 3198 ex
2310 3142 2396 3196 his
2424 3157 2543 3210 qua:
2571 3141 2840 3197 habemus
2868 3141 2920 3193 in
2951 3139 3223 3202 manibus,
3253 3141 3317 3194 de
3345 3137 3540 3206 quibus
3569 3139 3665 3190 du-

2091 3235 2254 3291 bitari
2286 3249 2393 3288 non
2432 3241 2647 3304 potest,
2687 3248 2870 3287 rerum
2912 3244 3301 3300 prosequamur
3327 3228 3666 3297 indaginem.

2091 3327 2427 3385 Describitur
2439 3341 2568 3396 ergo
2587 3325 2766 3380 verbis
2786 3324 2878 3378 Dei
2898 3325 2948 3376 in
2968 3322 3084 3393 lege
3098 3321 3272 3375 divina
3291 3329 3433 3375 terra
3447 3319 3668 3383 Judaeae,

2091 3429 2145 3475 et
2167 3421 2282 3474 haec
2315 3418 2509 3474 referri
2527 3417 2726 3472 debere
2742 3417 2941 3470 dicitur
2954 3416 3018 3468 ad
3038 3415 3320 3483 imaginem
3341 3414 3666 3468 caelestium.

2089 3511 2338 3584 3851a
2373 3510 2527 3566 etelis
2561 3518 2742 3565 autem
2779 3509 3057 3564 evidenter
3099 3521 3220 3561 esse
3259 3503 3553 3560 Jerusalem
3598 3505 3670 3558 ci-

2095 3605 2239 3658 vitas
2264 3601 2646 3673 pronuntiatur
2668 3600 2736 3654 ab
2765 3599 3046 3668 Apostolo,
3072 3608 3127 3652 et
3158 3612 3314 3652 mons
3337 3596 3488 3650 Sion.
3517 3595 3668 3650 Con-

2093 3707 2328 3762 sequens
2365 3691 2530 3760 igitur
2561 3697 2644 3745 est
2673 3697 2733 3743 ut
2768 3689 2908 3742 sicut
2930 3696 3057 3741 sunt
3081 3686 3242 3740 etiam
3280 3686 3396 3739 aliae
3421 3686 3670 3741 civitates

2091 3784 2237 3839 circa
2265 3780 2564 3836 Jerusalem
2592 3791 2866 3834 terrenam
2896 3779 3038 3840 sitae,
3085 3786 3142 3831 et
3188 3776 3315 3839 vici,
3349 3785 3406 3830 et
3428 3776 3657 3829 diversa:

2090 3891 2319 3950 quaeque
2373 3876 2625 3947 regiones
2670 3892 2684 3928 :
2729 3874 2800 3927 ita
2843 3881 2898 3926 et
2950 3870 3037 3924 illa
3081 3869 3320 3924 eaalestis
3363 3867 3663 3923 Jerusalem

2091 3971 2392 4027 secundum
2423 3968 2713 4039 imaginem
2745 3973 3084 4019 terrenorum
3113 3963 3310 4017 habeat
3335 3962 3484 4017 circa
3521 3975 3578 4015 se
3613 3971 3668 4014 et

2091 4063 2230 4119 alias
2259 4060 2534 4123 civitates,
2579 4072 2645 4111 ac
2674 4057 2847 4119 vicos,
2892 4055 3250 4121 diversasque
3294 4052 3568 4121 regiones,
3607 4054 3665 4103 ln

2090 4153 2288 4224 quibus
2314 4147 2543 4220 populus
2577 4147 2666 4200 Dei
2717 4154 2772 4200 et
2814 4159 2975 4197 verus
3004 4142 3191 4206 lsrael,
3234 4155 3331 4210 per
3363 4138 3544 4194 Jesum
3569 4153 3665 4192 ve-

2092 4259 2232 4308 rum,
2267 4242 2420 4313 cujus
2447 4239 2536 4295 ille
2564 4237 2722 4294 Jesus
2751 4235 2898 4290 Nave
2923 4235 3133 4290 ferebat
3178 4232 3496 4302 imaginem,
3545 4229 3666 4283 col--

2093 4336 2353 4392 locandus
2400 4340 2484 4387 est
2535 4329 2879 4402 quandoque,
2944 4335 2999 4381 et
3066 4325 3438 4380 luereditatem
3501 4323 3666 4376 sortis

416 4435 571 4475 meus
599 4420 666 4475 ad
692 4435 814 4490 quae
843 4434 926 4474 me
955 4419 1153 4474 cubilia
1178 4420 1475 4488 pertrahat.
1510 4417 1646 4474 Puto
1675 4419 1817 4472 enim
1842 4418 1982 4488 quod

2095 4426 2513 4488 distributione,
2567 4423 2620 4476 id
2667 4431 2750 4476 est
2797 4420 3114 4474 meritorum
3167 4414 3665 4486 contemplatione,

412 4511 461 4566 si
491 4511 777 4582 diligenter
804 4526 924 4567 eam
958 4511 1109 4581 sequi
1141 4520 1389 4580 potuero,
1421 4519 1475 4565 et
1507 4511 1839 4580 investigare
1868 4510 1986 4565 vias

413 4607 566 4678 ejus,
595 4604 747 4660 dabit
776 4604 907 4658 mihi
955 4603 1165 4673 aliquas
1199 4603 1519 4657 occasiones
1547 4617 1614 4656 ex
1653 4601 1951 4671 Scripturis
1971 4641 1986 4664 ,

415 4700 686 4771 quomodo
721 4698 886 4752 etiam
932 4697 998 4751 de
1038 4696 1121 4752 bis
1159 4694 1293 4749 locis
1335 4694 1609 4763 explicare
1650 4694 1944 4750 debeamus
1973 4733 1988 4760 ,

414 4795 464 4851 si
511 4792 784 4850 credimus
817 4789 884 4843 iis
915 4802 1036 4858 quae
1077 4785 1275 4841 Paulus
1313 4785 1366 4838 in
1420 4785 1680 4856 mysterio
1712 4785 1950 4855 loquitur
1973 4825 1990 4852 ,

414 4887 560 4955 quod
589 4900 682 4956 qut
713 4900 811 4955 per
839 4883 1008 4952 legem
1031 4880 1362 4945 deserviunt,
1400 4897 1420 4931 ι
1448 4879 1654 4934 umbra:
1681 4887 1737 4934 et
1766 4878 1990 4949 imagini

414 4976 735 5035 deserviunt
763 4972 1066 5030 caelestium
1097 4971 1163 5025 ".
1202 4989 1223 5024 ›
1269 4970 1336 5024 Ει
1387 4970 1432 5026 si
1473 4971 1770 5026 secundum
1820 4970 1990 5040 ipsius

415 5067 768 5124 nihilominus
803 5064 1131 5120 sententiam
1164 5061 1275 5128 lex,
1302 5062 1458 5132 cujus
1490 5077 1616 5131 pars
1655 5071 1740 5116 est
1769 5062 1885 5117 haec
1915 5062 1991 5117 le-

415 5163 527 5218 ctio
557 5174 721 5232 quam
750 5160 1013 5215 habemus
1045 5157 1100 5212 in
1138 5157 1412 5222 manibus,
1445 5157 1692 5212 umbram
1722 5156 1886 5211 habet
1912 5156 1991 5210 fu-

417 5266 662 5310 turorum
684 5255 949 5310 bonorum
967 5251 1033 5320 ιδ,
1053 5264 1387 5321 consequens
1410 5251 1625 5305 videtur
1650 5259 1702 5305 et
1730 5264 1988 5305 necessa-

415 5349 559 5404 rium
585 5387 601 5414 ,
636 5347 816 5402 omnia
858 5359 978 5415 quae
1003 5343 1158 5414 quasi
1202 5344 1268 5398 de
1312 5345 1476 5397 rebus
1509 5344 1738 5398 terrenis
1785 5345 1989 5400 descri-

490 5485 944 5550 ιοιοειη.δ,5ι.
1020 5483 1064 5515 ιι
1096 5483 1229 5538 ibid.
1257 5482 1313 5540 4.
1387 5481 1431 5514 ι’
1474 5479 1893 5565 Ερειωινιῖδ.
1969 5484 1989 5514 ⁴

2092 5485 2202 5541 ebr.
2239 5497 2362 5548 vm,
2393 5479 2448 5534 5.

496 5630 603 5703 illi)
654 5631 806 5703 Mss,
861 5650 878 5682 ι
912 5631 975 5686 Ει
1019 5641 1142 5703 post
1173 5631 1288 5686 hmc
1319 5630 1504 5703 etiam
1535 5629 1650 5698 ipso
1682 5628 1926 5685 Domino.
1959 5648 1976 5681 ι

420 5700 756 5770 ιὶὴὺ.’θαίιῑ,
800 5719 819 5753 ι
849 5712 901 5756 et
930 5700 1049 5772 post
1070 5701 1180 5768 jam
1215 5704 1328 5772 ipso
1357 5700 1600 5754 Domino.
1638 5717 1659 5751 ι

2091 4531 2370 4590 capturus.
2421 4516 2514 4572 Sic
2557 4530 2687 4586 ergo
2725 4529 2868 4568 nunc
2911 4511 3170 4566 Dominus
3217 4509 3350 4566 dicit
3395 4509 3448 4562 in
3485 4507 3667 4560 distri-

2091 4613 2317 4670 butione
2348 4621 2524 4671 terrae,
2561 4607 2714 4662 verbi
2755 4605 2955 4675 gratia,
2998 4602 3259 4657 terminos
3310 4601 3483 4655 tribus
3521 4597 3667 4650 illius

2093 4717 2214 4760 esse
2241 4703 2398 4767 istos,
2427 4710 2482 4756 et
2519 4699 2747 4753 alterius
2781 4697 2962 4750 alios:
2996 4709 3064 4748 ne
3088 4693 3252 4760 forte,
3279 4692 3533 4762 quoniam
3575 4690 3670 4744 di-

2094 4810 2251 4849 versa
2283 4802 2439 4849 erunt
2478 4792 2669 4847 n'ierita
2697 4804 2888 4843 eorum
2919 4788 3012 4858 qui
3055 4786 3427 4840 hazreditatem
3469 4797 3665 4837 conse-
3713 4860 3715 4864 ι

2095 4888 2273 4946 cuturi
2311 4895 2436 4941 sunt
2481 4883 2630 4953 regni
2685 4880 2975 4944 caelorum,
3030 4877 3236 4932 idcirco
3283 4876 3446 4930 etiam
3493 4875 3546 4928 in
3598 4873 3666 4927 iis
3713 4865 3715 4867 ’

2093 4980 2347 5034 tribubus
2373 4977 2729 5031 observanter
2761 4969 3190 5038 dirimijubetur
3235 4967 3340 5021 ista
3385 4965 3666 5020 distinctio

2097 5071 2476 5132 terminorum,
2519 5075 2580 5120 ut
2604 5065 2841 5120 sciamus
2870 5063 2967 5116 has
2997 5075 3118 5115 esse
3160 5059 3478 5114 meritorum
3509 5057 3661 5111 dilic-

2093 5162 2295 5218 rentias
2337 5157 2709 5215 observandas
2751 5156 2804 5210 in
2841 5167 3187 5223 unoquoque.
3239 5148 3401 5205 Verbi
3447 5149 3622 5218 gratia
3649 5187 3665 5210 ,

2093 5255 2184 5325 qui
2209 5255 2281 5309 ita
2311 5251 2650 5322 negligenter
2670 5248 2872 5302 vixerit
2915 5258 2973 5302 ut
3022 5261 3120 5317 pro
3164 5245 3268 5300 fide
3296 5243 3520 5313 quidem
3564 5257 3660 5295 sua

2095 5355 2370 5405 mereatur
2396 5343 2582 5399 haberi
2612 5341 2754 5396 inter
2788 5341 2927 5394 filios
2963 5338 3153 5404 Israel,
3192 5351 3291 5406 pro
3339 5334 3665 5404 negligentia

2525 5478 2572 5510 ³⁸⁵
2613 5476 2773 5532 Hebr.
2807 5492 2861 5538 Χ,
2898 5477 2950 5531 1.
3027 5474 3072 5505 ⁵⁸
3110 5473 3246 5528 Psnl.
3274 5485 3472 5530 CXLVII,
3503 5469 3557 5524 4.

2167 5625 2278 5695 (l7)
2321 5623 2387 5678 In
2415 5617 2606 5695 libellis
2641 5621 2731 5690 qui
2762 5619 3093 5695 appellantur
3138 5618 3345 5695 Enpch,
3376 5623 3483 5670 etc.
3531 5610 3665 5665 Vide

2090 5687 2346 5752 notas'ad
2371 5693 2466 5748 lib.
2503 5708 2533 5746 v
2563 5687 2746 5744 contra
2774 5687 3004 5754 celsum,
3034 5706 3180 5744 num.
3215 5687 3303 5744 54.
