4050 6148
497 262 635 318 805

1892 261 1984 316 EX
2011 258 2312 316 ORlGENE

3636 260 3742 317 804

497 397 625 436 vero
657 381 781 435 vitae
821 389 1214 450 gestorumque
1254 381 1461 435 desidia
1500 383 1553 436 in
1583 383 1724 436 tribu
1749 383 1943 437 Ruben
1981 393 2076 436 aut
2105 384 2152 440 Α
2183 379 2426 444 torridis,
2465 389 2557 434 aut
2585 381 2787 452 frigore
2818 381 3045 454 geluque
3087 382 3447 452 torpentibus,
3474 381 3560 437 vel
3595 390 3745 438 certe

493 473 628 534 Gad,
656 483 748 526 aut
772 471 997 525 dimidia
1027 471 1168 526 tribu
1203 471 1452 527 Manasse
1485 474 1676 528 debeat
1701 475 1969 543 reputari,
2011 485 2068 530 et

493 580 600 619 non
640 565 781 616 intra
805 560 1119 625 Jordanem,
1149 563 1244 616 sed
1273 573 1426 617 extra
1455 579 1603 630 eum,
1641 574 1842 620 sortem
1887 567 2066 620 haere-

491 654 680 710 ditatis
731 655 1003 724 accipere.
1054 654 1213 710 Alius
1256 671 1386 710 vero
1447 657 1540 726 qui
1585 672 1645 713 se
1689 660 2066 714 emendatione

491 748 619 802 vitae
643 757 697 802 et
724 748 1139 804 conversatione
1164 750 1430 818 propositi
1459 751 1622 806 talem
1648 751 1969 816 reddiderit,
2007 763 2066 809 ut

488 838 784 894 secundum
833 855 967 907 quas
1008 839 1159 894 solus
1199 839 1343 894 Deus
1391 841 1537 894 novit
1580 842 1844 907 rationes,
1889 853 1982 898 aut
2011 845 2061 896 in

489 930 632 984 tribu
679 927 836 996 Juda,
893 941 986 984 aut
1018 931 1183 985 etiam
1225 932 1278 985 in
1328 933 1441 1000 ipsa
1473 933 1616 987 tribu
1647 933 1948 1003 Benjamin,
2008 936 2060 989 in

486 1036 590 1090 qua
638 1020 755 1090 ipsa
795 1019 1184 1080 Jerusalem.et
1229 1024 1487 1094 templum
1533 1025 1626 1080 Dei
1671 1037 1842 1095 atque
1890 1026 2064 1083 altare

485 1115 752 1180 consistit,
802 1116 993 1170 debeat
1041 1118 1322 1187 reputari:
1356 1129 1412 1172 et
1445 1119 1584 1175 alius
1635 1120 1690 1174 in
1740 1121 1868 1186 alia,
1898 1133 2061 1191 atque

486 1207 626 1262 alius
655 1205 710 1263 in
739 1208 867 1264 alia.
900 1211 965 1264 Et
1006 1211 1109 1264 hoc
1135 1211 1294 1266 modo
1327 1213 1444 1267 haec
1469 1230 1589 1282 qua:
1635 1231 1779 1270 nunc
1817 1215 1868 1268 in
1917 1216 2060 1272 libro

485 1299 843 1357 Numerorum
860 1305 1060 1373 scripta
1087 1304 1418 1370 referuntur,
1439 1309 1785 1362 adumbratio
1809 1311 2058 1379 quaedam

486 1392 600 1446 sint
640 1391 835 1447 futura:
858 1395 1019 1449 sortis
1049 1396 1104 1449 in
1142 1395 1317 1460 cmlis,
1341 1412 1526 1450 eorum
1553 1397 1815 1452 duntaxat
1839 1401 1928 1468 qui
1963 1414 2060 1468 per

484 1483 666 1539 Jesum
713 1487 998 1541 Dominum
1043 1503 1106 1544 ac
1143 1488 1486 1543 Salvatorem
1525 1500 1776 1544 nostrum
1822 1491 2057 1546 haeredi-

483 1585 670 1644 tatem,
719 1589 778 1631 ut
817 1579 1079 1646 diximus,
1137 1583 1353 1650 capient
1396 1585 1547 1652 regni
1598 1580 1889 1637 caelorum.
1942 1580 2056 1648 lbi,

481 1671 668 1733 credo,
699 1671 988 1742 diligenter
1021 1673 1455 1728 observabuntur
1483 1674 1652 1729 etiam
1678 1675 1783 1730 ista
1809 1690 1932 1744 quae
1962 1675 2052 1731 hic

481 1763 880 1818 adumbrantur
907 1765 1190 1836 privilegia
1219 1767 1588 1830 sacerdotum,
1628 1767 1826 1836 quibus
1868 1769 2046 1822 vicina

478 1867 707 1924 quaeque
756 1855 985 1910 urbibus
1021 1856 1160 1920 loca,
1186 1867 1243 1911 et
1284 1857 1417 1925 ipsis
1449 1859 1720 1912 moenibus
1743 1859 1929 1928 juncta
1957 1875 2048 1914 se-

479 1946 689 2014 gregari
723 1947 1055 2001 mandantur
1081 1963 1110 2001 a
1140 1948 1263 2002 filiis
1290 1947 1480 2004 Israel.
1509 1949 1614 2014 lbi,
1639 1951 1822 2013 credo,
1870 1959 1925 2004 et
1962 1951 2046 2006 ci-

477 2033 820 2089 vitatesistae
849 2045 1029 2099 erunt,
1074 2050 1302 2105 quarum
1349 2037 1439 2092 hic
1485 2039 1657 2108 figura
1689 2038 2044 2104 describitur,

477 2139 614 2193 quas
657 2125 849 2194 refugii
899 2127 1141 2180 nominat
1168 2128 1442 2192 civitates,
1472 2130 1538 2182 ad
1572 2143 1708 2197 quas
1732 2129 2047 2200 confugiant

476 2231 583 2269 non
607 2231 794 2273 omnes
822 2217 1134 2282 homicidae,
1183 2219 1281 2275 sed
1330 2221 1425 2289 qui
1457 2223 1768 2290 ignoranter
1813 2224 2046 2279 homici-

473 2307 623 2361 dium
657 2309 1069 2364 commiserunt.
1097 2311 1235 2365 Sunt
1258 2313 1404 2366 enim
1430 2311 1684 2368 fortassis
1714 2313 1893 2383 aliqua
1921 2329 2046 2382 pec-

473 2405 618 2462 cata,
651 2413 773 2468 quas
801 2401 844 2455 si
877 2403 1154 2470 proposito
1199 2418 1265 2459 ac
1303 2406 1585 2458 voluntate
1633 2405 2041 2472 committimus,

471 2488 770 2545 homicidas
817 2508 913 2547 nos
953 2493 1153 2547 faciunt
1181 2510 1197 2559 ;
1223 2504 1278 2549 et
1311 2507 1441 2549 sunt
1489 2495 1596 2549 alia
1643 2511 1769 2566 qua:
1808 2496 1852 2550 si
1893 2497 2045 2566 igno-

473 2592 657 2636 ranter
681 2583 1034 2649 admittimus,
1065 2586 1375 2640 decernitur
1401 2587 1580 2650 nobis,
1607 2589 1795 2652 credo,
1821 2599 1877 2643 et
1901 2603 2042 2657 prae-

472 2682 688 2739 paratur
709 2688 775 2728 ex
803 2686 1074 2744 praecepto
1111 2675 1204 2732 Dei
1249 2677 1444 2748 aliquis
1489 2679 1661 2745 locus,
1695 2680 1784 2734 ubi
1813 2681 1882 2736 ad
1921 2696 2042 2736 cer-

470 2771 583 2816 tum
604 2772 817 2831 tempus
836 2766 1086 2820 habitare
1105 2768 1477 2834 debeamus,si
1498 2770 1587 2838 qui
1609 2785 1714 2823 non
1737 2768 2039 2825 voluntaria

465 2864 690 2918 peccata
715 2857 1129 2922 commisimus;
1170 2859 1214 2913 si
1241 2867 1418 2913 tamen
1461 2861 1643 2915 mundi
1695 2861 2040 2916 inveniamur

464 2953 522 2998 et
566 2945 727 3000 alieni
771 2947 839 3001 ab
882 2948 946 3002 iis
994 2949 1233 3017 peccatis
1277 2966 1396 3018 qua:
1443 2952 1720 3007 voluntate
1749 2954 2035 3008 commissa

465 3047 614 3093 sunt.
651 3041 715 3094 Et
755 3041 824 3095 ob
864 3044 966 3096 hoc
1003 3054 1366 3098 secernuntur
1395 3049 1640 3115 quamam
1674 3047 1925 3103 civitates
1967 3053 2034 3105 ad

470 3129 763 3198 refugium.
829 3131 1056 3188 Videtur
1119 3136 1444 3202 quibusdam
1491 3140 1635 3206 quod
1700 3138 2036 3209 singulorum

463 3237 682 3291 quoque
733 3223 972 3279 siderum
1019 3227 1214 3294 positio
1254 3237 1304 3282 et
1361 3239 1537 3284 cmlus
1585 3231 1780 3287 civitas
1809 3232 1915 3287 dici
1952 3235 2037 3288 vel

463 3314 649 3370 haberi
686 3317 858 3384 possit
908 3318 960 3371 in
1008 3319 1186 3375 coelo:
1218 3321 1365 3388 quod
1404 3337 1507 3390 ego
1549 3323 1767 3392 quidem
1813 3326 2036 3382 delinire

461 3421 567 3460 non
609 3407 803 3463 audeo.
832 3408 1003 3464 \‘ideo
1034 3410 1178 3464 enim
1227 3426 1444 3466 omnem
1481 3423 1794 3468 creaturam
1839 3416 1892 3470 in
1940 3433 2035 3488 spe

459 3497 678 3569 quidem
709 3509 928 3570 propter
961 3515 1085 3556 eum
1132 3503 1225 3571 qui
1269 3501 1504 3570 subjecit
1548 3518 1672 3559 esse
1717 3505 2028 3575 subjectum,

458 3598 778 3658 exspectare
824 3601 1002 3646 tamen
1040 3592 1347 3648 libertatem
1390 3593 1444 3648 in
1483 3595 1853 3664 redemptione
1891 3599 2028 3656 lilio-

463 3698 583 3739 rum
628 3681 722 3738 Dei
750 3683 868 3740 sine
916 3686 1099 3753 dubio,
1128 3695 1183 3742 et
1216 3687 1532 3757 praeclarius
1558 3687 1764 3758 aliquid
1807 3700 1899 3746 aut
1936 3707 2031 3749 su-

457 3774 676 3830 blimius
703 3776 948 3845 opperiri
972 3775 1042 3832 “.

525 3865 580 3918 ’5.
625 3864 682 3919 Si
708 3881 860 3936 ergo,
891 3877 950 3921 ut
991 3867 1250 3934 diximus,
1277 3869 1531 3924 umbram
1560 3870 1726 3928 habet
1754 3870 1840 3928 lex
1881 3873 2030 3928 futu-

458 3975 639 4016 rorum
665 3961 950 4027 bonorum,
981 3970 1038 4018 et
1061 3963 1358 4032 exemplari
1388 3974 1443 4018 et
1480 3966 1685 4020 umbrae
1713 3967 2030 4024 deserviunt

454 4053 754 4108 ctelestium
801 4055 895 4123 qui
951 4054 1008 4108 in
1056 4053 1174 4124 lege
1225 4057 1577 4122 deserviunt,
1631 4067 1683 4112 et
1737 4075 1882 4114 nunc
1933 4077 2029 4130 per

456 4143 732 4211 speculum
777 4153 832 4198 et
877 4143 930 4197 in
975 4145 1286 4214 aenigmate,
1315 4156 1442 4202 tunc
1469 4156 1649 4203 autem
1689 4149 1827 4204 facie
1851 4150 1917 4203 ad
1943 4149 2026 4205 fa-

454 4232 594 4288 ciem
626 4233 918 4289 habebitur
955 4249 1136 4289 rerum
1161 4237 1572 4306 contemplatio,
1603 4239 1768 4294 credo
1799 4241 1942 4308 quod
1971 4253 2028 4297 et

455 4342 599 4380 nunc
625 4329 1092 4382 conversationem
1138 4328 1369 4385 dicimur
1411 4332 1613 4388 habere
1652 4333 1705 4387 in
1740 4334 1896 4389 ccelis
1929 4351 2027 4406 per

453 4419 758 4486 speculum,
812 4432 868 4475 et
913 4421 966 4474 in
1009 4419 1315 4489 aenigmate,
1373 4431 1502 4478 tunc
1548 4433 1728 4480 autem
1773 4425 1912 4482 facie
1955 4428 2024 4482 ad
2059 4453 2100 4507 ι)

453 4511 670 4576 hciem,
721 4511 884 4566 talem
921 4513 1394 4568 conversationem
1438 4517 1775 4572 merebimur
1823 4519 2026 4576 habere

438 4601 507 4682 in
535 4600 708 4656 ctelis.
741 4602 797 4656 Si
824 4618 952 4673 ergo
977 4617 1073 4674 per
1101 4606 1550 4672 consequentiam
1589 4623 1769 4663 rerum
1805 4621 1858 4666 et
1892 4627 2021 4681 pro-

453 4691 770 4746 missionum
803 4693 961 4748 ﬁdem
989 4708 1088 4749 nos
1112 4693 1394 4748 transferri
1422 4697 1487 4749 de
1514 4697 1676 4752 terris
1705 4711 1922 4769 oportet
1953 4704 2020 4757 ad

451 4783 667 4849 coelum,
715 4795 844 4852 puto
872 4785 1016 4853 quod
1064 4785 1118 4838 in
1152 4785 1283 4852 ipsis
1326 4784 1641 4841 caelestibus
1685 4787 1817 4843 locis
1859 4791 2020 4864 Jesus

453 4876 711 4930 Dominus
739 4886 926 4931 noster
960 4892 1063 4930 non
1092 4877 1298 4946 absque
1321 4877 1635 4932 meritorum
1662 4891 1809 4935 sorte
1829 4898 2019 4936 unum-

449 4982 720 5038 quemque
755 4969 810 5022 in
856 4969 944 5022 illa
983 4969 1066 5022 vel
1110 4968 1195 5022 illa
1224 4969 1350 5024 cteli
1381 4980 1538 5038 parte
1583 4981 1638 5024 et
1684 4973 2018 5032 habitatione

451 5061 764 5114 constituat.
794 5060 901 5116 Sed
925 5062 1067 5116 sicut
1091 5061 1252 5115 multa
1277 5071 1360 5116 est
1397 5061 1702 5117 dilferentia
1748 5065 1800 5118 in
1831 5069 2017 5132 terris,

450 5151 598 5205 verbi
631 5153 825 5221 gratia,
863 5153 1114 5208 habitare
1140 5154 1195 5208 in
1217 5153 1353 5209 locis
1389 5153 1638 5210 fecundis
1685 5165 1738 5210 et
1778 5158 2016 5227 copiosis

449 5257 513 5297 ac
541 5247 694 5300 bonis
721 5246 972 5300 omnibus
994 5245 1422 5314 abundantibus,
1467 5247 1558 5300 ubi
1601 5256 1657 5301 et
1693 5249 1836 5304 aeris
1880 5261 2014 5306 tem-

447 5334 649 5405 peries,
679 5344 734 5388 et
759 5335 995 5390 eruditio
1032 5337 1330 5402 hominum,
1371 5352 1436 5390 ac
1474 5335 1718 5392 liberalia
1767 5340 2012 5396 instituta

449 5438 555 5478 non
581 5425 808 5480 desunt;
837 5437 890 5481 ct
911 5428 1070 5496 longe
1095 5427 1242 5482 aliud
1273 5436 1356 5482 est
1380 5426 1646 5493 habitare,
1681 5437 1772 5482 aut
1798 5429 1851 5483 in
1879 5429 2011 5486 locis

448 5515 771 5585 infecundis,
817 5531 871 5575 et
910 5536 1088 5575 rerum
1123 5521 1351 5589 penuria
1405 5522 1689 5589 squalidis,
1741 5531 1834 5577 aut
1873 5508 2013 5578 testu

450 5693 497 5726 ι.
519 5635 758 5726 Τιὲἲρίῐιι
795 5653 908 5726 “1':
929 5639 1073 5726 33-.
1110 5639 1154 5670 "
1192 5639 1346 5726 9911':
1378 5639 1620 5726 “Estis-

539 5696 650 5752 ibid
666 5739 676 5751 α
693 5707 781 5763 17.
854 5696 906 5741 ³³⁷
925 5708 1116 5766 Matth.
1132 5709 1362 5769 xxv.25.

2174 469 2473 524 ubi‘nul-la:
2517 471 2682 541 leges,
2735 473 2828 525 sed
2879 471 3129 525 immanis
3168 481 3220 524 et
3261 487 3399 526 srcva
3436 471 3737 529 barbaries.

2174 563 2264 618 ubi
2301 563 2437 619 bella
2473 579 2687 633 seraper
2733 573 2786 617 et
2833 578 3107 632 nunquam
3148 564 3321 632 quies,
3372 573 3428 618 et
3472 565 3591 618 haec
3631 578 3736 616 non

2173 654 2288 709 sine
2318 655 2524 710 occulta
2560 656 2793 724 quadam
2831 654 2926 709 Dei
2961 655 3387 724 dispensatione,
3432 665 3489 709 et
3533 654 3738 724 judicio

2171 747 2307 814 ejus,
2359 757 2410 801 et
2447 747 2662 816 justitia
2705 747 2994 816 unicuique
3047 748 3451 803 decernuntur:
3485 749 3560 802 ita
3599 758 3654 802 et
3683 747 3735 801 in

2173 841 2280 893 illis
2308 841 2443 894 locis
2469 841 2572 894 erit
2601 840 2802 907 aliquid
2829 840 2959 906 tale,
2982 847 3036 892 ut
3066 839 3116 891 in
3136 839 3283 892 nullo
3311 854 3534 909 prorsus
3560 839 3738 894 inanis

2170 931 2436 988 habeatur
2486 934 2540 987 in
2588 936 2750 986 terris
2777 931 2967 986 umbra
3002 933 3327 987 ccelestium.
3376 932 3648 1001 Eritergo
3684 943 3735 986 et

2171 1024 2267 1089 ibi,
2298 1035 2358 1078 ut
2384 1025 2643 1092 diximus,
2690 1025 2870 1096 aliqua
2903 1025 3095 1078 civitas
3135 1023 3358 1094 refugii,
3393 1034 3449 1078 et
3481 1011 3600 1078 erit.
3625 1024 3733 1079 alia

2168 1116 2223 1172 in
2251 1118 2487 1179 deserto,
2513 1118 2650 1172 sicut
2668 1116 2870 1171 ‘Bossor
2894 1116 2948 1171 in
2969 1115 3295 1171 haereditate
3319 1115 3508 1171 Ruben
3534 1116 3732 1172 civitas

2166 1224 2288 1264 esse
2314 1209 2511 1263 dicitur
2541 1209 2594 1264 in
2627 1210 2860 1264 deserto.

2265 1300 2324 1354 4.
2393 1299 2500 1354 Sed
2539 1307 2594 1354 et
2635 1300 2726 1353 illa
2784 1299 3138 1355 nihilominus
3186 1299 3576 1369 consequentia
3636 1314 3731 1354 ca-

2165 1390 2362 1460 pienda
2409 1400 2539 1445 est:
2577 1391 2704 1459 quia
2763 1393 2902 1445 sicut
2959 1409 2979 1444 ι
3023 1407 3146 1446 cum
3195 1391 3534 1460 dispergeret
3590 1389 3732 1444 Deus

2166 1482 2308 1536 filios
2360 1482 2555 1548 Adam,
2586 1484 2776 1536 statuit
2813 1482 2949 1539 fines
2995 1484 3235 1554 gentium
3283 1483 3581 1538 secundum
3629 1499 3732 1537 nu-

2165 1588 2374 1628 merum
2394 1574 2705 1644 augelorum
2724 1575 2840 1641 Dei,
2869 1593 2888 1626 »
2907 1575 3012 1641 vel,
3031 1585 3091 1630 ut
3114 1576 3166 1629 in
3187 1575 3307 1630 aliis
3326 1574 3729 1643 exemplaribus

2165 1666 2415 1737 legimus,
2453 1685 2472 1717 ί
2501 1668 2795 1722 secundum
2822 1681 3102 1722 numerum
3129 1667 3360 1720 ﬁliorum
3391 1665 3559 1720 Israel
3581 1663 3625 1697 "
3652 1682 3668 1729 ;
3702 1683 3719 1716 ι

2086 1737 2130 1792 Β
2157 1759 2209 1813 in
2247 1759 2402 1812 initio
2433 1760 2618 1814 mundi
2665 1762 2741 1816 ita
2773 1761 3002 1831 dispersi
3052 1769 3176 1814 sunt
3214 1759 3308 1814 lilii
3350 1758 3494 1812 illius
3523 1758 3720 1822 Adam,

2157 1850 2297 1904 sicut
2335 1849 2420 1903 vel
2466 1848 2682 1903 illorum
2708 1851 2921 1917 merita,
2972 1849 3052 1904 vel
3076 1850 3246 1920 ipsius
3280 1849 3450 1904 Adam
3475 1858 3725 1904 contem-

2153 1939 2321 2008 platio
2363 1941 2721 2008 postulabat:
2755 1941 2881 2010 quid
2908 1939 3150 1996 dicemus
3173 1923 3435 2004 fut'urum,
3471 1955 3593 1994 cum
3623 1955 3724 1994 no-

2154 2033 2366 2088 vissimi
2392 2032 2565 2086 Adam
2594 2031 2710 2101 (qui
2737 2048 2842 2086 non
2873 2032 2926 2086 in
2949 2033 3185 2086 animam
3216 2033 3511 2096 viventem,
3539 2033 3633 2086 sed
3661 2031 3717 2084 in

2153 2122 2402 2191 spiritum
2440 2120 2808 2174 vivificantem
2857 2120 3032 2175 factus
3074 2129 3158 2177 est
3194 2121 3263 2191 ⁸⁸)
3314 2121 3540 2190 cmperit
3579 2120 3718 2174 filios

2153 2231 2260 2270 non
2296 2215 2629 2285 dispergere,
2657 2214 2753 2268 sed
2777 2214 3088 2283 dispensare
3111 2213 3292 2268 divina
3322 2215 3582 2284 dignatio,
3610 2230 3714 2267 non

2150 2307 2204 2360 in
2242 2309 2418 2375 initio,
2445 2307 2540 2362 sed
2567 2309 2619 2361 in
2648 2305 2753 2360 fine
2785 2305 2966 2360 muudi
2995 2321 3010 2371 ;
3038 2314 3093 2360 et
3125 2320 3230 2359 non
3273 2313 3334 2359 ut
3373 2306 3492 2360 illos
3529 2306 3618 2374 qui
3658 2307 3712 2359 in

2149 2398 2322 2451 Adam
2345 2412 2535 2453 onmes
2563 2396 2758 2450 mortui
2785 2407 2930 2459 sunt,
2966 2397 3062 2450 sed
3091 2403 3148 2448 ut
3173 2410 3265 2448 eos
3306 2396 3398 2464 qui
3426 2396 3478 2448 in
3503 2395 3714 2450 Christo

2149 2503 2340 2544 omnes
2385 2488 2644 2543 vivificati
2696 2498 2821 2542 sunt
2844 2486 2933 2540 ‘9?
2963 2485 3093 2542 Siue
3114 2485 3278 2541 dubio
3313 2488 3422 2540 erit
3464 2487 3711 2556 quaedam

2149 2581 2343 2635 divisio
2391 2590 2446 2637 et
2495 2579 2802 2635 distributio
2850 2579 3011 2646 talis,
3060 2594 3180 2648 quae
3225 2594 3331 2633 non
3386 2579 3557 2632 solum
3617 2593 3713 2648 pro

2149 2673 2359 2729 meritis
2391 2688 2579 2729 eorum
2614 2674 2707 2743 qui
2739 2673 3142 2742 dispensantur,
3171 2671 3265 2726 sed
3307 2681 3362 2726 et
3399 2687 3498 2740 pro
3531 2676 3713 2727 novis-

2147 2764 2268 2818 simi
2288 2765 2482 2830 Adam,
2511 2765 2562 2818 in
2589 2779 2695 2833 quo
2711 2777 2900 2818 omnes
2922 2763 3229 2818 vivificandi
3259 2763 3535 2828 dicuntur,
3575 2777 3710 2815 con-

2148 2857 2507 2926 templatione
2547 2855 2820 2926 pensanda
2857 2856 2948 2909 sit.
2997 2855 3102 2911 Sed
3147 2855 3273 2924 quis
3313 2862 3559 2909 nostrum
3589 2853 3709 2907 talis

2144 2957 2249 3014 est,
2296 2957 2355 3003 ut
2391 2950 2458 3004 ad
2509 2947 2818 3016 hujusmodi
2858 2948 3321 3012 distributionem,
3365 2957 3420 3001 et
3459 2947 3526 3000 ad
3565 2946 3702 3000 illam

2145 3040 2385 3096 ccelestis
2414 3041 2750 3096 haereditatis
2775 3050 2980 3095 sortem
3006 3040 3194 3095 venire
3232 3049 3510 3094 mereatur
3531 3039 3554 3092 ?
3575 3037 3702 3106 Quis

2144 3133 2218 3186 ita
2263 3133 2457 3187 beatus
2481 3135 2606 3196 erit,
2635 3133 2790 3201 cujus
2824 3147 2944 3187 sors
2981 3132 3034 3185 in
3073 3130 3376 3187 Jerusalem
3407 3132 3618 3196 veniat,
3650 3139 3706 3184 ut

2142 3225 2212 3278 sit
2243 3223 2314 3277 ibi
2343 3223 2430 3278 ubi
2457 3223 2712 3292 templum
2740 3224 2835 3278 Dei
2865 3232 2971 3288 est,
2999 3224 3107 3278 imo
3127 3233 3187 3277 ut
3217 3222 3332 3292 ipse
3357 3222 3430 3276 sit
3455 3222 3549 3277 Dei
3579 3232 3704 3278 tem-

2141 3314 2492 3384 plum?Quis
2545 3317 2619 3369 ita
2663 3316 2855 3370 beatus
2884 3324 2968 3369 est
3009 3325 3069 3369 ut
3112 3315 3185 3369 ibi
3226 3315 3340 3370 dies
3367 3315 3536 3370 festos
3560 3323 3700 3385 agat,

2141 3406 2231 3460 ubi
2265 3407 2435 3460 altare
2479 3406 2718 3460 divinum
2748 3406 3024 3476 perpetuis
3062 3406 3229 3477 386
3270 3405 3481 3476 ignibus
3521 3406 3702 3461 adole-

2142 3498 2271 3552 tur?
2311 3497 2441 3564 Quis
2468 3498 2541 3552 ita
2573 3498 2763 3554 beatus
2809 3507 2908 3569 est,
2939 3498 3028 3566 qui
3071 3497 3403 3553 sacrificium
3438 3513 3619 3562 suum,
3648 3507 3701 3553 et

2140 3590 2427 3644 incensum
2475 3589 2762 3644 suavitatis
2803 3604 2966 3658 supra
3005 3589 3154 3643 illum
3185 3590 3363 3660 ignem
3405 3600 3589 3659 ponat,
3637 3590 3700 3645 de

2137 3693 2244 3748 quo
2276 3679 2491 3733 dicebat
2531 3679 2782 3733 Salvator
2820 3679 2910 3733 l“‘:
2944 3698 2962 3732 ι
2994 3678 3174 3750 Ignem
3219 3679 3339 3733 veni
3390 3680 3607 3734 mittere
3645 3680 3697 3732 in

2139 3769 2378 3824 terram?
2409 3787 2428 3821 ι
2469 3768 2601 3836 Quis
2627 3769 2698 3823 ita
2732 3770 2923 3824 beatus
2951 3771 3157 3841 est,qui
3209 3770 3280 3824 ibi
3326 3784 3544 3839 semper
3576 3783 3699 3840 agat

2136 3861 2345 3916 Pascha
2382 3860 2437 3916 in
2482 3862 2606 3916 loco
2657 3876 2818 3932 quem
2872 3861 3036 3932 elegit
3079 3862 3341 3918 Dominus
3392 3862 3575 3917 suus?
3619 3862 3693 3917 lbi

2135 3951 2483 4009 Pentecostes
2509 3954 2652 4009 diem
2681 3963 2857 4024 gerat,
2884 3964 2937 4010 et
2970 3954 3320 4011 festivitatem
3365 3956 3693 4027 repropitia-

2137 4044 2318 4112 tionis,
2347 4054 2402 4100 et
2429 4046 2904 4102 tabernaculorum
2954 4047 3376 4115 solemnitatem,
3423 4064 3530 4102 non
3577 4049 3687 4119 jam

2132 4151 2232 4205 per
2280 4139 2553 4203 umbram,
2607 4139 2702 4192 sed
2752 4153 2849 4208 per
2890 4139 3062 4208 ipsam
3111 4141 3345 4210 speciem
3408 4155 3696 4208 rerumque

2133 4229 2460 4283 veritatem?
2506 4229 2639 4296 Quis
2687 4238 2933 4284 nostrum
2983 4231 3180 4300 dignus
3242 4231 3534 4287 habebitur
3586 4242 3691 4287 tam

2133 4321 2306 4376 beatae
2343 4321 2510 4376 sortis
2549 4321 2835 4387 electione,
2866 4337 2990 4377 cum
3017 4322 3159 4379 Deus
3184 4324 3423 4379 dividere
3465 4327 3692 4395 coeperit

2135 4413 2275 4467 ﬁlios
2315 4413 2591 4468 novissimi
2635 4413 2852 4468 Adam:
2895 4430 3002 4469 non
3051 4417 3135 4469 cui
3189 4416 3334 4471 dicat
3362 4417 3406 4447 “
3451 4434 3465 4470 :
3518 4435 3538 4468 ς
3573 4415 3694 4471 Eris

2128 4507 2300 4575 super
2336 4504 2576 4575 quinque
2621 4504 2873 4561 civitates
2917 4514 3238 4574 potestatem
3275 4506 3505 4572 habens,
3540 4526 3561 4559 ι
3602 4517 3694 4562 aut

2130 4598 2218 4653 cui
2269 4599 2416 4652 dicat
2448 4597 2495 4629 ⁸³
2531 4615 2545 4651 :
2583 4616 2602 4649 ι
2646 4597 2767 4652 Eris
2807 4613 2971 4668 super
3008 4599 3195 4654 decem
3246 4601 3494 4656 civitates
3540 4610 3693 4670 pote-

2125 4696 2322 4742 statem
2357 4688 2586 4756 habens,
2629 4706 2649 4740 ι
2702 4703 2803 4742 nec
2846 4689 2936 4744 cui
2967 4689 3212 4745 dicat”:
3248 4708 3268 4742 ‹
3302 4689 3448 4745 lntra
3479 4691 3530 4745 in
3562 4705 3690 4758 gau-

2124 4781 2271 4834 dium
2318 4781 2532 4835 Domiui
2588 4781 2661 4835 tui
2698 4799 2712 4847 ;
2755 4799 2775 4834 »
2812 4783 2908 4837 sed
2939 4782 3024 4838 cui
3053 4782 3198 4837 dicat
3217 4782 3306 4836 ἰε
3345 4801 3364 4834 ι
3394 4782 3589 4837 Sedete
3634 4793 3690 4836 et

2127 4888 2224 4927 vos
2247 4887 2454 4927 mecum
2497 4889 2659 4941 super
2685 4875 2966 4929 duodecim
3001 4877 3249 4942 thronos,
3291 4876 3598 4943 iudicantes
3635 4885 3689 4930 et

2126 4980 2226 5020 vos
2259 4967 2542 5021 duodecim
2574 4968 2752 5023 tribus
2781 4967 2950 5024 Israel
2984 4987 3000 5037 ;
3038 4988 3057 5023 ›
3094 4970 3160 5023 de
3191 4970 3387 5034 quibus
3422 4971 3569 5024 dicat
3595 4970 3683 5024 "z

2133 5080 2152 5112 σ
2182 5060 2364 5124 Pater,
2385 5061 2508 5114 volo
2539 5071 2596 5114 ut
2620 5061 2710 5116 ubi
2733 5076 2831 5132 ego
2857 5079 2999 5128 sum,
3029 5071 3082 5114 et
3106 5061 3210 5130 ipsi
3245 5061 3354 5116 sint
3385 5075 3622 5118 mecum.
3661 5081 3680 5114 ι

2131 5153 2266 5208 Volo
2300 5154 2465 5208 etiam
2494 5154 2626 5209 istos
2653 5170 2772 5210 esse
2801 5170 2977 5225 reges,
3005 5164 3062 5208 ut
3085 5170 3186 5228 ego
3211 5156 3314 5210 sim
3351 5170 3445 5210 rex
3477 5170 3680 5224 regum.

2123 5246 2258 5303 Volo
2285 5257 2341 5302 et
2373 5247 2504 5302 istos
2539 5247 2742 5302 habere
2790 5248 3241 5312 dominationem,
3268 5256 3326 5301 ut
3359 5255 3412 5300 et
3451 5261 3553 5317 ego
3583 5247 3682 5301 sim

2124 5338 2384 5392 Dominus
2430 5337 2853 5392 dominantium.
2893 5337 3046 5394 Beati
3091 5340 3181 5407 qui
3223 5340 3288 5393 ad
3327 5339 3469 5393 hanc
3498 5351 3683 5408 perveo

2122 5429 2274 5482 nient
2304 5430 2656 5484 beatitudinis
2685 5445 2973 5485 summam.
3009 5429 3160 5484 Beati
3207 5428 3300 5498 qui
3326 5430 3391 5481 ad
3427 5429 3530 5482 ista
3557 5443 3684 5481 cou-

2119 5522 2385 5575 scendcre
2412 5533 2666 5591 poterunt
2690 5522 2902 5593 fastigia
2925 5523 3264 5587 meritorum,
3283 5530 3337 5576 et
3365 5519 3682 5575 benedictus

1699 5639 1746 5672 “
1787 5638 1802 5692 Ι
1851 5641 1975 5697 Cor.
2020 5661 2040 5697 ι

2150 5639 2237 5694 45.
2313 5641 2356 5671 ’δ’
2390 5640 2519 5694 ibid.
2549 5643 2640 5700 92.
2715 5641 2914 5698 “Luc.
2936 5655 3036 5709 xu,
3060 5640 3147 5698 49.
3211 5639 3254 5672 ³³
3280 5637 3412 5694 Luc.
3447 5652 3564 5704 xix,
3591 5633 3676 5690 19.

1442 5709 1489 5742 ⁵⁸
1511 5710 1701 5768 Matth.
1721 5714 1934 5780 11:38.
2008 5715 2053 5747 ⁸⁸
2077 5713 2232 5768 Joa'n.
2265 5727 2396 5778 xvtt,
2419 5710 2510 5765 24.
