4050 6148
506 227 614 285 8ὒῖ

1893 206 1982 261 EX
2021 203 2322 262 ORIGENE

3653 205 3764 260 808

503 347 837 423 promissum
873 348 976 402 est.
1009 338 1296 401 obtinent;
1327 334 1601 403 digniores
1639 329 1847 384 tardius
1887 342 2079 382 conse-

2186 325 2369 396 τάχιον
2397 327 2455 379 ἐν
2485 327 2550 397 τῇ
2580 323 2883 396 ἐπαγγελίᾳ
2908 323 3180 394 γίνονται·
3210 324 3260 376 οἱ
3290 321 3347 376 δὲ
3372 315 3765 389 ἐπιεικέστεροι

507 422 771 510 quuntur.
807 433 882 487 Illi
926 431 1068 485 enim
1110 443 1140 482 τι
1175 427 1357 497 Moyse
1400 425 1557 494 primi
1593 422 1957 476 limreditatem
1988 430 2078 471 ac-

508 507 788 599 ceperunt,
825 524 879 578 bi
910 537 1040 575 vero
1064 536 1093 574 a
1123 518 1248 574 Jesu
1301 527 1508 587 postea.
1547 512 1685 579 Quin
1721 524 1776 566 et
1809 512 1874 565 de.
1905 507 2079 562 omni-

507 621 610 678 bus
632 617 792 687 justis
827 614 1048 674 dicitur,
1074 626 1180 666 non
1208 610 1274 664 de
1299 605 1651 678 quibuslibet.
1679 602 1812 656 Nam
1843 609 1902 654 ut
1930 599 2070 668 Apo-

509 708 683 767 stolus
712 708 791 762 ait
822 704 866 737 ⁶⁰
898 721 913 757 :
948 721 966 755 ι
999 702 1061 756 lli
1089 715 1280 757 omnes
1317 694 1633 752 testimonio
1672 692 1795 748 lidei
1823 690 2076 761 probati,

509 818 617 859 non
651 806 982 869 acceperunt
1038 791 1551 860 repromissionem,
1609 787 1719 841 Deo
1767 800 1865 854 pro
1923 783 2080 836 nobis

508 893 701 948 melius
732 890 936 958 aliquid
976 884 1317 958 providente,
1353 891 1413 935 ut
1445 895 1549 935 non
1593 881 1710 934 sine
1752 877 1911 933 nobis
1943 891 2076 931 con-

508 995 935 1044 summarentur.
971 1001 990 1034 ι

586 1168 776 1225 Vocem
800 1168 1071 1224 verborum
1111 1179 1269 1236 quam
1296 1178 1385 1218 vos
1421 1159 1645 1215 audistis
1684 1159 1751 1215 “.
1783 1156 1901 1212 Non
1934 1154 2077 1226 quod

509 1260 742 1315 visibilis
772 1274 872 1313 vox
905 1257 1087 1321 fuerit,
1118 1263 1206 1309 aut
1236 1262 1430 1308 natura
1465 1266 1651 1306 vocem
1676 1250 1876 1304 habeat
1902 1249 2075 1310 Deus;

510 1355 615 1410 hoc
643 1352 785 1406 enim
826 1348 1139 1416 compositae
1171 1355 1315 1401 esset
1347 1353 1557 1399 naturae
1606 1359 1621 1395 :
1667 1341 1760 1395 sed
1805 1338 1948 1410 quod
1991 1350 2078 1391 tu-

509 1446 702 1501 barum
730 1440 961 1505 sonitus,
988 1445 1041 1491 et
1066 1452 1250 1503 voces,
1271 1444 1330 1489 ut
1349 1436 1462 1503 ipse
1491 1432 1644 1487 novit
1666 1431 1829 1490 Deus.
1854 1428 2081 1482 ederen-

510 1545 600 1588 tur
625 1549 693 1587 ex
728 1531 1008 1587 sensilium
1040 1529 1457 1591 elementorum,
1500 1522 1642 1595 ignis
1674 1534 1869 1591 nempe
1903 1529 1958 1573 et
1990 1532 2081 1571 ca-

508 1626 713 1696 liginis,
757 1621 1115 1678 connexione.
1156 1619 1516 1685 Quamobrem
1577 1621 1634 1671 et
1685 1612 1904 1667 auditur
1948 1622 2077 1674 vox,

2180 415 2397 488 βράδιον
2423 415 2913 487 ἀπολαμϐάνουσιν.
2951 418 3014 471 Oi
3048 416 3146 482 μὲν
3190 413 3298 487 γὰρ
3343 412 3450 466 ὑπὸ
3481 409 3764 473 Μωΰσέως

2179 508 2385 579 πρῶτοι
2436 507 2688 579 εἰλήφασι
2736 506 2833 578 τὴν
2874 505 3270 578 κληρονομίαν·
3305 506 3354 557 οἱ
3409 503 3464 556 δὲ
3519 501 3623 554 ὑπὸ
3662 499 3762 553 τοῦ

2193 598 2373 670 Ἰησοῦ
2401 598 2646 670 ὕστερον.
2697 597 2856 651 Ἀλλὰ
2884 599 2978 651 καὶ
3015 598 3143 668 περὶ
3180 597 3397 651 πάντων
3426 594 3647 649 δικαίων
3678 594 3766 649 λέ-

2177 709 2354 762 γεται,
2389 691 2451 747 οὐ
2479 692 2587 746 τῶν
2615 693 2903 763 τυχόντωνο
2934 690 3009 754 ὡς
3032 691 3141 762 γὰρ
3165 690 3194 742 ὁ
3229 688 3549 752 Ἀπόστολός
3571 704 3757 760 φησιν·

2184 807 2201 841 t
2228 781 2388 842 Οὗτοι
2421 786 2622 851 πάντες
2676 785 3109 858 μαρτυρηθέντες
3143 783 3232 838 διὰ
3263 784 3364 854 τῆς
3401 783 3635 846 πίστεως
3661 782 3763 835 οὐκ

2177 881 2511 952 ἐκομίσαντο
2542 880 2641 952 τὴν
2694 878 3058 949 ἐπαγγελίαν,
3099 875 3192 930 τοῦ
3249 876 3384 929 Θεοῦ
3421 877 3550 946 περὶ
3604 874 3763 946 ἡμῶν
3800 898 3801 901 η

2178 974 2428 1045 κρεῖττόν
2455 990 2508 1025 τι
2536 971 3006 1045 προϐλεψαμένου,
3036 969 3125 1023 ἵνα
3155 967 3228 1039 μὴ
3256 969 3425 1040 χωρὶς
3465 966 3626 1039 ἡμῶν
3672 984 3765 1020 τε-

2181 1062 2500 1118 λειωθῶσιν.
2530 1083 2549 1115 ι
3024 1052 3025 1055 “

2249 1154 2463 1222 Φωνὴν
2498 1152 2780 1224 ῥημάτων
2833 1152 2913 1220 ἢν
2961 1151 3131 1223 ὑμεῖς
3175 1152 3511 1220 ἠκούσατε,
3554 1151 3651 1203 καὶ
3690 1149 3762 1203 τὰ

2180 1246 2325 1318 ἑξῆς.
2362 1248 2474 1318 Οὐχ
2502 1249 2584 1300 ὅτι
2629 1245 2797 1318 ὁρατὴ
2844 1248 2877 1317 ἡ
2926 1244 3112 1316 φωνὴ,
3145 1243 3253 1296 οὐδ’
3279 1244 3359 1296 ὅτι
3392 1242 3550 1311 φύσει
3576 1242 3764 1314 φωνὴν

2180 1339 2293 1410 ἔχει
2330 1341 2359 1392 ὁ
2387 1338 2541 1403 Θεόςο
2572 1337 2728 1391 τοῦτο
2756 1338 2865 1408 γὰρ
2894 1335 2988 1391 καὶ
3026 1335 3280 1390 συνθέτου
3312 1334 3527 1404 φύσεως
3557 1334 3623 1388 ἂν
3648 1336 3761 1403 εἴη·

2181 1432 2293 1486 ἀλλ’
2315 1431 2503 1503 ἐπειδὴ
2534 1430 2629 1485 καὶ
2654 1431 2707 1483 αἱ
2746 1430 3065 1498 σάλπιγγες,
3084 1428 3176 1482 καὶ
3199 1430 3254 1482 ai
3284 1428 3480 1497 φωναὶ,
3498 1428 3573 1491 ὡς
3598 1427 3766 1491 αὐτὸς

2180 1521 2320 1577 οἶδεν
2349 1524 2377 1575 ό
2407 1520 2559 1585 Θεὸς,
2588 1519 2936 1574 ἐπετελοῦντο
2963 1521 3027 1573 ἐκ
3051 1519 3149 1589 τῆς
3172 1517 3280 1571 τῶν
3310 1519 3764 1591 ὁρωμένων,συν-

2182 1616 2364 1688 εχείας
2405 1613 2904 1688 δημιουργούμεναι
2946 1611 3239 1681 στοιχείωνο
3279 1609 3373 1664 τοῦ
3407 1610 3579 1683 πυρὸς
3615 1611 3767 1678 λέγω

508 1726 564 1773 et
610 1732 715 1770 non
764 1715 1023 1779 videtur;
1070 1722 1125 1766 at
1173 1724 1304 1764 vero
1354 1708 1445 1764 ubi
1486 1706 1582 1763 Dei
1631 1703 1874 1777 prodigia
1919 1700 2076 1767 lluiit,

2186 1710 2274 1765 καὶ
2321 1707 2415 1762 τοῦ
2463 1706 2685 1777 γνόφουο
2741 1704 2883 1757 ὥστε
2918 1704 3011 1758 καὶ
3040 1701 3295 1757 ἀκούεται
3337 1703 3510 1774 φωνὴ,
3538 1702 3635 1756 καὶ
3664 1704 3768 1772 οὐχ

509 1809 674 1865 etiam
708 1821 813 1861 vox
844 1806 1078 1860 videtur.

579 1987 647 2043 Et
667 1987 869 2059 juravit
894 1985 1034 2058 quod
1062 2001 1171 2039 non
1216 1993 1479 2037 transeant
1518 1980 1807 2036 Iordanem
1838 1978 1975 2031 hunc
2010 1978 2077 2031 ⁸³.

514 2083 648 2140 Cum
685 2081 897 2153 Moyses
918 2094 1024 2135 non
1056 2078 1407 2148 gloriﬁcasset
1438 2075 1605 2129 Deum
1639 2089 1824 2129 coram
1862 2072 2076 2143 populo,

511 2193 616 2233 non
644 2175 970 2247 permissum
1006 2179 1175 2227 estut
1207 2169 1346 2225 ultra
1379 2168 1799 2238 progrederetur
1825 2182 1944 2220 cum
1976 2165 2073 2219 eis.

509 2266 589 2323 Ne
616 2267 761 2321 enim
800 2279 959 2334 quem
1003 2263 1187 2317 vivum
1235 2259 1511 2325 colebant,
1539 2257 1836 2312 honoribus
1883 2256 2080 2311 divinis

510 2366 782 2410 mortuum
838 2353 1157 2417 adicerent,
1211 2352 1278 2405 ab
1326 2348 1501 2406 oculis
1549 2348 1789 2402 omnium
1850 2345 2081 2403 removit

509 2444 652 2501 Deus
677 2443 982 2514 sepulcrum
1012 2441 1148 2510 ejus.
1726 2426 1732 2437 Χ

579 2539 856 2594 Contestor
889 2537 1032 2591 vobis
1076 2534 1235 2590 hodie
1278 2534 1463 2589 calum
1516 2543 1566 2588 et
1617 2539 1808 2587 terram
1841 2532 1908 2588 ⁸⁸.
1938 2531 2080 2589 Deus

510 2633 592 2688 sui
625 2632 946 2687 adoratores
975 2644 1080 2684 non
1118 2627 1441 2699 permittens
1470 2640 1591 2681 cum
1628 2626 1962 2682 dazmonibus
1986 2613 2078 2681 so-

509 2726 766 2782 cietatem
795 2723 1019 2790 habere,
1052 2725 1160 2777 imo
1190 2735 1284 2777 eos
1308 2720 1399 2790 qui
1431 2719 1600 2775 semel
1636 2734 1760 2775 eum
1806 2734 2077 2789 cognove-

509 2826 660 2884 runt,
679 2817 877 2888 iubens
907 2815 977 2870 ab
998 2814 1147 2871 omni
1179 2829 1304 2884 erga
1337 2812 1460 2868 illos
1488 2811 1684 2868 all'ectu
1707 2827 1828 2868 esse
1856 2813 2074 2881 liberos,

510 2909 670 2966 simul
704 2907 771 2962 ad
801 2907 1204 2962 aemulationem
1228 2919 1323 2960 eos
1354 2918 1660 2973 provocans
1681 2919 1746 2958 ex
1777 2905 2079 2961 defectione

2185 1805 2396 1875 ὁρᾶται·
2431 1799 2548 1856 ἀλλ’
2589 1794 2680 1853 οῦν
2700 1799 2793 1853 ἐπὶ
2822 1796 2929 1851 τῶν
2948 1794 3042 1849 τοῦ
3076 1794 3210 1848 Θεοῦ
3243 1794 3534 1866 θαυμάτων
3595 1795 3698 1848 καὶ
3733 1797 3765 1866 ἡ

2181 1894 2332 1965 φωνὴ
2356 1895 2567 1965 ὁρᾶται.

2249 1986 2360 2040 Καὶ
2387 1984 2624 2055 ὤμοσεν⁸
2652 1984 2755 2037 ἵνα
2771 1983 2857 2054 μὴ
2879 1984 3057 2040 διαδῶ
3071 1985 3179 2041 τόν
3203 1981 3503 2052 Ἰορδάνην
3515 1979 3762 2034 τοῦτον.

2179 2074 2440 2145 Μωῦσῆς,
2476 2074 2550 2146 μὴ
2570 2072 2797 2139 δοξάσας
2824 2075 2915 2128 τὸν
2941 2075 3071 2130 Θεὸν
3095 2075 3188 2128 ἐπὶ
3216 2074 3308 2128 τοῦ
3332 2072 3484 2138 λαοῦ,
3507 2071 3764 2139 ἐκωλύθη

2182 2166 2471 2236 παρελθεῖν
2500 2168 2616 2237 μετ’
2642 2165 2841 2234 αὐτῶν,
2878 2167 2967 2221 ἴνα
3022 2166 3095 2239 μὴ
3125 2168 3184 2221 ὃν
3219 2167 3419 2238 ἐτίμων
3458 2164 3656 2229 ζῶντα,
3703 2165 3765 2213 ἐν

2182 2255 2320 2312 θεῶν
2364 2256 2684 2329 θεραπείαις
2726 2258 3030 2329 τιμήσωσιν
3079 2259 3399 2313 ἀπελθόντα.
3444 2256 3537 2310 Διὸ
3558 2255 3624 2328 δὴ
3660 2256 3766 2309 καὶ

2181 2349 2541 2413 ἀποθανόντος
2571 2348 2752 2419 ἁφανῆ
2790 2349 2880 2402 τὸν
2910 2350 3078 2419 τάφον
3103 2350 3374 2421 ἐποίησεν.

2250 2547 2717 2618 Διαμαρτύρομαι
2728 2545 2870 2616 ὑμῖν
2887 2544 3153 2615 σήμερον
3172 2546 3282 2598 τόν
3293 2561 3357 2598 τε
3369 2544 3627 2614 οὐρανὸν
3649 2544 3764 2597 καί

2177 2639 2294 2710 τὴν
2322 2639 2459 2710 γῆν.
2500 2640 2558 2693 Ὀ
2592 2639 2723 2703 Θεὸς
2744 2639 2871 2702 τοὺς
2886 2638 3048 2691 αὐτὸν
3075 2637 3510 2709 προσκυνοῦντας
3531 2637 3590 2690 οὐ
3622 2652 3766 2704 συγ-

2178 2729 2370 2803 χωρῶν
2407 2729 2624 2800 δαίμοσι
2658 2728 3057 2795 συνάπτεσθαι,
3090 2727 3227 2782 ἀλλὰ
3256 2728 3382 2790 τοὺς
3404 2727 3550 2792 ἅπαξ
3586 2728 3761 2780 αὐτὸν

2179 2821 2484 2892 ἐγνωκότας
2501 2819 2656 2884 ἐκτὸς
2686 2816 2825 2876 εἶναι
2850 2820 3086 2875 κελεύων
3102 2820 3202 2891 τῆς
3230 2820 3363 2893 πρὸς
3380 2819 3617 2883 ἐκείνους
3636 2818 3763 2874 δια-

2179 2912 2402 2978 θέσεως,
2435 2911 2526 2967 καὶ
2566 2911 2891 2984 παραζηλῶν
2930 2915 2988 2968 ἐν
3014 2918 3081 2985 τῇ
3108 2913 3412 2984 ἀποστασία
3443 2912 3551 2966 τῶν
3581 2912 3759 2976 λαῶν,

509 3000 749 3072 gentium
771 3037 785 3062 ,
826 2998 1041 3052 futuras
1077 2997 1158 3051 eis
1189 2997 1428 3051 minatur
1460 3009 1646 3064 ptenas
1699 2998 1769 3051 ob
1819 3011 2075 3067 perversa

2186 3004 2276 3070 τὰς
2324 3002 2620 3076 μελλούσας
2677 3004 2859 3068 αὐτοῖς
2915 3004 3167 3076 προλέγει
3208 3005 3471 3076 τιμωρίας
3515 3005 3602 3059 διὰ
3652 3006 3763 3076 τὴν

510 3107 698 3146 eorum
727 3089 976 3145 consilia.

580 3181 631 3236 E
682 3183 837 3236 domo
890 3182 1155 3236 servitutis
1189 3181 1256 3236 “.
1302 3182 1438 3238 Vere
1489 3183 1631 3238 enim
1674 3198 1760 3239 res
1806 3197 2083 3252 corporeae

511 3283 568 3330 et
602 3273 933 3338 materiales,
968 3273 1162 3329 domus
1195 3283 1321 3329 sunt
1352 3275 1651 3340 servitutis,
1682 3276 1825 3331 sicut
1860 3285 2080 3330 contra-

513 3366 627 3430 ria},
671 3364 865 3420 domus
898 3372 1027 3420 sunt
1053 3364 1339 3420 libertatis.

593 3454 697 3511 Vos
721 3456 857 3510 enim
881 3456 1006 3510 estis
1035 3456 1343 3525 paucissimi
1363 3473 1474 3525 prce
1499 3457 1738 3513 omnibus
1758 3457 1993 3530 gentibus
2014 3460 2082 3515 ⁸⁸.

515 3547 747 3604 Pulchre
805 3549 872 3605 iis
931 3550 1027 3620 qui
1087 3565 1116 3603 a
1171 3560 1326 3619 parte
1387 3550 1482 3606 Dei
1528 3552 1922 3616 sunt,dictum
1950 3564 2078 3609 est:

518 3661 542 3696 ι
574 3642 895 3699 Paucissimi
935 3644 1071 3699 estis
1123 3656 1238 3713 prae
1292 3644 1543 3698 omnibus
1599 3643 1892 3714 gentibus;
1931 3662 1950 3697 ι
1996 3647 2082 3702 cui

514 3733 675 3789 aliine
712 3744 795 3789 est
822 3735 963 3789 istud
992 3734 1085 3789 “z
1140 3753 1159 3786 ι
1193 3733 1354 3790 Pauci
1411 3744 1539 3789 sunt
1581 3736 1671 3804 qui
1720 3735 2026 3803 salvantur;
2059 3757 2078 3790 ι

515 3835 570 3881 et
609 3825 692 3880 "z
724 3844 743 3878 r
777 3825 1101 3882 Contendite
1132 3826 1336 3881 intrare
1376 3841 1472 3896 per
1501 3839 1784 3898 angustam
1812 3839 2079 3899 portam.»

585 3917 755 3990 388
789 3918 930 3985 Quia
962 3934 1081 3972 non.
1105 3919 1163 3973 in
1200 3936 1336 3988 pane
1369 3920 1480 3975 solo
1523 3921 1644 3976 vivit
1689 3922 1863 3988 homo,
1899 3924 1991 3976 sed
2023 3925 2087 3976 de

516 4013 659 4065 omni
690 4012 841 4066 verbo
866 4013 1005 4082 quod
1034 4014 1267 4083 procedit
1289 4030 1380 4082 per
1403 4029 1460 4068 os
1488 4013 1583 4067 Dei
1614 4013 1679 4065 ⁸⁸⁵.
1711 4013 1922 4069 Rursus
1949 4016 2085 4072 dici-

516 4113 607 4158 tur
641 4115 838 4155 manna
870 4101 1040 4157 fuisse
1067 4102 1315 4165 verbum,
1355 4101 1480 4156 licet
1507 4101 1559 4155 in
1595 4100 1781 4157 Exodo
1805 4101 1960 4172 panis
1986 4118 2085 4158 no-

517 4197 779 4251 minetur.
816 4212 835 4247 ‹
871 4193 982 4248 lste
1012 4194 1178 4259 enim,
1210 4194 1387 4262 inquit
1408 4195 1480 4259 θ’,
1511 4202 1596 4250 est
1628 4195 1782 4265 panis
1811 4209 1970 4264 quem
1998 4196 2088 4251 de-

518 4288 600 4344 dit
624 4286 889 4342 Dominus
917 4285 1075 4340 vobis
1111 4286 1178 4339 ad
1217 4286 1508 4343 edendum.
1556 4286 1670 4342 Hoc
1723 4297 1810 4343 est
1864 4288 2087 4343 verbum

2182 3098 2444 3170 πονηρίαν
2466 3096 2574 3151 τῶν
2605 3096 3050 3169 ἐπιτηδευμάτων
3083 3097 3282 3151 αὐτῶν.

2249 3191 2357 3255 Ἐξ
2387 3191 2558 3245 οἴκου
2589 3190 2887 3256 δουλείας.
2937 3190 3047 3243 Καὶ
3078 3190 3185 3260 γὰρ
3216 3188 3432 3260 ἀληθῶς
3461 3188 3529 3243 τὰ
3568 3205 3761 3259 σωμα-

2180 3285 2310 3341 τικὰ
2363 3284 2664 3358 πράγματα
2721 3282 2815 3337 καὶ
2861 3280 3052 3345 ὑλικὰ,
3108 3276 3255 3344 οἶκός
3301 3284 3418 3334 ἐστι
3468 3281 3761 3347 δουλείας,

2182 3376 2372 3448 ὥσπερ
2404 3377 2469 3429 ἐκ
2495 3375 2602 3430 τῶν
2628 3374 2882 3429 ἐναντίων
2915 3374 3061 3436 οἶκός
3091 3375 3236 3427 ἐστιν
3269 3372 3597 3445 ἐλευθερίας.

2266 3464 2462 3535 Ὑμεῖς
2492 3462 2603 3536 γάρ
2638 3464 2779 3517 ἐστε
2821 3463 3122 3534 ὀλιγοστοὶ
3158 3462 3314 3532 παρὰ
3340 3461 3536 3516 πάντα
3564 3462 3637 3518 τὰ
3662 3463 3763 3517 ἕθ-

2184 3575 2282 3627 νη.
2313 3556 2511 3621 Καλῶς
2542 3558 2656 3620 τοῖς
2703 3556 2812 3610 ἀπὸ
2852 3556 2952 3627 τῆς
2998 3554 3215 3626 μερίδος
3262 3553 3508 3626 εἴρηται’
3567 3572 3585 3605 ι
3617 3554 3763 3606 Ὀλι-

2183 3649 2366 3718 γοστοί
2396 3651 2519 3701 ἐστε
2551 3647 2704 3718 παρὰ
2732 3646 2908 3700 πάντα
2941 3645 3010 3699 τά
3056 3645 3205 3718 ἔθνη.
3228 3663 3247 3697 ι
3280 3643 3563 3714 ΣυΠενῶς
3582 3662 3642 3699 τε
3672 3645 3761 3708 τὸ,

2191 3760 2211 3794 ‹
2253 3740 2453 3809 Ὀλίγοι
2478 3742 2527 3793 oi
2560 3738 2890 3810 σωζόμενοι,
2928 3756 2946 3789 ι
2977 3737 3071 3791 καὶ
3087 3739 3170 3801 τὸ,
3196 3755 3217 3789 t
3265 3734 3617 3806 Ἀγωνίζεσθε
3643 3736 3763 3787 εἱσ-

2187 3833 2361 3886 ελθεῖν
2389 3831 2477 3885 διὰ
2507 3831 2606 3903 τῆς
2652 3831 2842 3901 στενῆς
2872 3829 3067 3901 πύλης.
3088 3847 3107 3881 s

2260 3926 2388 3979 ’Ότι
2416 3927 2525 3979 οὐκ
2545 3922 2637 3977 ἐπ’
2659 3922 2814 3991 ἄρτῳ
2822 3923 2987 3991 μόνῳ
3015 3919 3248 3988 ζήσεται
3271 3917 3599 3989 ἄνθρωπος,
3618 3920 3762 3975 ἀλλ’

2189 4016 2289 4070 ἐπὶ
2328 4014 2503 4069 παντὶ
2528 4012 2781 4083 ῥήματι,
2818 4011 2914 4066 καὶ
2943 4014 3009 4064 τὰ
3032 4009 3180 4079 ἑξῆς.
3212 4009 3378 4062 Πάλιν
3405 4026 3463 4060 τε
3494 4003 3561 4061 αὖ
3590 4009 3674 4062 ὅτι
3699 4007 3763 4059 τὸ

2192 4111 2368 4182 μάννα
2398 4107 2555 4176 λόγος
2581 4102 2670 4178 ἦν,
2710 4104 2758 4158 εἰ
2791 4104 2883 4158 καὶ⁵
2927 4104 3088 4174 ἄρτος
3111 4100 3360 4174 δηλοῦται
3393 4102 3450 4153 ὲν
3489 4102 3553 4171 τῇ
3613 4100 3763 4165 Ἐξό-

2188 4199 2283 4271 δῳ.
2321 4218 2342 4252 t
2377 4188 2547 4261 Οὗτος
2572 4197 2702 4267 γὰρ,
2736 4195 2934 4266 φησιν,
2975 4197 3003 4247 ὁ
3035 4195 3200 4265 ἄρτος
3245 4192 3304 4246 ὃν
3348 4191 3515 4244 ἔδωκε
3555 4191 3763 4264 Κύριος

2192 4294 2321 4365 ὑμῖν
2349 4294 2564 4363 φαγεῖν.
2603 4290 2774 4344 Τοῦτο
2809 4290 2871 4343 τὸ
2915 4290 3067 4360 ῥῆμα
3117 4288 3147 4341 ὃ
3193 4286 3445 4353 συνέταξε
3482 4285 3756 4356 Κύριος.»

518 4380 665 4449 quod
692 4377 974 4434 constituit
1001 4376 1284 4431 Dominus.
1317 4396 1336 4430 ι
1373 4377 1668 4448 Propterea
1695 4394 1891 4434 manna
1926 4397 1946 4432 ι
1981 4381 2086 4435 mi-

2193 4383 2292 4437 Διὰ
2310 4383 2465 4437 τοῦτο
2492 4380 2551 4434 δέ
2570 4380 2632 4435 τὸ
2672 4381 2846 4452 μάννα
2890 4397 2908 4431 r
2930 4377 3123 4432 λεπτὸν
3154 4372 3222 4449 ἦν
3260 4377 3389 4430 ὡσεὶ
3421 4375 3602 4448 κόριον
3639 4375 3761 4428 λευ-

520 4480 710 4528 nutum
748 4478 871 4526 erat
906 4477 1168 4539 tanquam
1200 4469 1546 4524 coriandrum
1581 4471 1798 4540 album,
1834 4480 2090 4542 tanquam

519 4563 642 4634 gelu
673 4575 838 4632 super
863 4570 1062 4617 terram
1089 4561 1136 4593 ⁷ο
1162 4579 1177 4616 :
1206 4580 1226 4614 ι
1257 4562 1694 4632 quandoquidem
1730 4565 1957 4622 verbum
1986 4580 2092 4623 cu-

515 4655 607 4725 jus
638 4653 941 4725 symbolum
986 4663 1108 4710 erat
1141 4669 1340 4710 manna
1372 4638 1537 4720 istud,
1575 4657 1842 4713 minutum
1872 4667 1960 4713 est
1991 4675 2089 4718 sua

522 4755 737 4813 natura,
754 4755 809 4802 et
830 4755 1122 4817 penetrans
1145 4747 1212 4802 ad
1235 4762 1424 4803 omnes
1449 4749 1672 4819 spiritus
1702 4751 2086 4824 intelligentes,

523 4842 777 4906 mundos,
812 4842 1073 4897 minutos.
1098 4841 1197 4897 Est
1225 4842 1388 4897 etiam
1419 4842 1688 4912 sapientia
1733 4845 1959 4914 spiritus
2003 4847 2092 4903 in-

522 4932 796 5005 telligens,
829 4942 1086 4997 sanctus,
1124 4933 1467 5004 unigenitus,
1512 4934 1880 5003 multifarius,
1916 4939 2096 4994 minu-

528 5034 636 5090 tus,
668 5032 775 5080 etc.
804 5023 935 5079 Erat
961 5035 1142 5080 autem
1165 5025 1305 5079 sicut
1336 5025 1682 5080 coriandrum
1720 5028 1925 5084 album.
1958 5029 2094 5085 Tra-

525 5114 662 5169 dunt
689 5112 965 5169 coriandri
998 5122 1246 5167 naturam
1274 5114 1490 5183 penitus
1523 5115 1717 5169 semini
1742 5118 2091 5185 respondere,

525 5202 600 5260 ita
630 5212 690 5258 ut
721 5203 766 5258 si
801 5204 1110 5258 succidatur
1159 5204 1323 5259 etiam
1371 5204 1643 5259 coriandri
1696 5220 1922 5274 semen,
1979 5208 2090 5264 vim

527 5310 679 5349 suam
714 5310 822 5351 non
863 5296 1095 5358 amittat,
1130 5303 1386 5365 tanquam
1434 5298 1662 5353 sementi
1717 5299 1946 5368 amplius
1982 5317 2088 5355 non

528 5386 798 5441 idoneam.
847 5383 1167 5457 Huiusmodi
1210 5387 1431 5443 omnino
1474 5391 1694 5446 verbum
1746 5399 1873 5457 εει,
1937 5392 2090 5460 cujus

2194 4476 2309 4541 κὸν,
2345 4474 2476 4528 ὡσεὶ
2505 4472 2678 4541 πάγος
2705 4473 2798 4525 ἐπὶ
2845 4472 2944 4542 τῆς
2983 4470 3107 4538 γῆς·
3138 4488 3159 4523 ›
3192 4468 3488 4538 ἐπειδήπερ
3531 4468 3561 4520 ό
3604 4464 3761 4532 λόγος

2196 4562 2258 4622 οὗ
2292 4564 2558 4637 σύμϐολον
2598 4560 2667 4635 ἦν
2713 4563 2775 4616 τὸ
2815 4562 2986 4633 μάννα
3036 4563 3211 4614 ἐκεῖνο
3236 4599 3251 4624 ,
3302 4557 3496 4612 λεπτόν
3541 4559 3661 4610 ἐστι
3692 4558 3758 4626 τῇ

2198 4654 2359 4709 αὐτοῦ
2398 4654 2556 4725 φύσει
2578 4695 2593 4719 ,
2648 4654 2742 4707 καὶ
2781 4652 2967 4722 διῆκον
3012 4650 3100 4705 διὰ
3156 4650 3371 4704 πάντων
3433 4648 3759 4718 πνευμάτων

2197 4747 2430 4819 νοερῶν,
2465 4745 2739 4818 καθαρῶν,
2772 4744 3134 4802 λεπτοτάτων.
3168 4744 3321 4796 Ἐστι
3341 4742 3397 4794 δὲ
3423 4741 3515 4794 καὶ
3540 4740 3573 4810 ἡ
3602 4738 3760 4807 σοφία

2198 4838 2415 4909 πνεῦμα
2445 4837 2650 4911 νοερὸν,
2669 4838 2840 4907 ἅγιον,
2870 4835 3174 4907 μονογενὲς,
3196 4833 3520 4905 πολυμερὲς,
3546 4831 3759 4893 λεπτὸν,

2199 4933 2292 4985 καὶ
2320 4929 2390 4984 τὰ
2415 4929 2563 4999 ἑξῆς.
2595 4926 2703 4984 Ἧν
2741 4929 2799 4982 δὲ
2847 4930 2940 4983 καὶ⁸
2985 4927 3117 4981 ὡσεὶ
3163 4927 3343 4999 κόριον
3369 4923 3504 4996 πρὸς
3533 4923 3596 4976 τὸ
3623 4921 3761 4976 εἶναι

2197 5019 2408 5075 λευκόν.
2446 5019 2582 5074 Φασὶ
2626 5018 2684 5072 δὲ
2710 5019 2810 5090 τὴν
2838 5019 2932 5073 τοῦ
2959 5018 3144 5090 κορίου
3188 5016 3346 5087 φύσιν
3382 5015 3509 5086 ὅλην
3536 5014 3603 5067 δι’
3627 5013 3761 5067 ὅλων

2198 5115 2355 5185 λόγον
2371 5114 2514 5186 ἔχειν
2541 5113 2875 5186 σπέρματος,
2893 5114 2970 5178 ὡς
2992 5113 3125 5185 μηδὲ
3152 5113 3212 5166 ἐν
3223 5110 3305 5183 τῷ
3326 5107 3762 5165 κατακόπτεσθαι

2199 5210 2260 5264 τὸ
2283 5208 2377 5263 τοῦ
2402 5207 2587 5281 κορίου
2617 5209 2860 5280 σπέρμα,
2892 5206 3305 5277 ἐξαφανίζεσθαι
3330 5203 3496 5258 αὐτοῦ
3536 5203 3636 5266 τὴν
3672 5201 3765 5253 δύο

2198 5318 2379 5372 ναμιν,
2405 5300 2480 5363 ὡς
2504 5299 2602 5353 οὐκ
2621 5300 2702 5353 ἔτι
2720 5299 3030 5370 δυναμένην
3059 5296 3396 5371 σπείρεσθαι.
3427 5294 3678 5356 Τοιοῦτος
3705 5292 3765 5345 δὲ

2196 5395 2261 5449 δι’
2295 5396 2417 5451 ὅλου
2439 5398 2468 5450 ό
2494 5396 2683 5465 λόγος’
2712 5396 2805 5451 καὶ
2830 5398 2937 5453 πᾶν
2976 5397 3162 5469 μόριον
3194 5395 3358 5450 αὐτοῦ
3402 5392 3763 5466 γεωργεῖσθαι

601 5590 647 5622 ⁸⁸
676 5589 935 5665 ﬁebam,
962 5593 1054 5649 39.
1096 5664 1103 5665 ί
1131 5593 1173 5626 ⁶¹
1207 5595 1362 5650 Deut.
1398 5610 1473 5659 tv,
1506 5595 1591 5649 ιε.
1666 5594 1713 5627 ⁸⁸
1746 5596 1876 5652 ibid.
1918 5596 2011 5649 2|.
2091 5598 2101 5628 ⁴

2186 5598 2298 5653 bid.
2321 5599 2415 5655 ‘26.
2491 5600 2539 5633 “
2571 5599 2726 5654 Deut.
2756 5613 2831 5663 vt,
2869 5601 2953 5657 15.
3033 5602 3076 5634 ⁸⁸
3118 5601 3271 5657 Deut.
3303 5600 3475 5665 v’ﬂ,7.
3557 5599 3604 5631 ⁸⁸
3632 5598 3760 5653 Luc.

531 5660 762 5730 311523.
838 5663 881 5696 ⁸⁷
911 5664 1042 5720 ibid.
1083 5664 1175 5720 24.

1277 5665 1323 5698 ⁸⁸
1354 5665 1505 5721 Deut.
1543 5682 1659 5733 vm,
1686 5666 1742 5723 5.
1820 5667 1864 5700 "
1886 5667 2061 5728 Exod.
2098 5684 2206 5731 IV].
2235 5669 2325 5731 15.
2352 5670 2438 5725 16.
2514 5670 2561 5702 ’⁸
2587 5671 2718 5727 ibid.
2747 5670 2832 5727 M.
