4050 6148
458 191 566 250 809

1666 190 1977 250 SELECTA
2006 189 2078 248 1N
2104 189 2500 249 DEUTERON.

3611 196 3716 253 8I0

457 314 703 384 πέφυκεν
732 313 791 368 ἐν
819 313 959 386 καλῇ
992 312 1089 368 καὶ
1126 310 1329 386 ἀγαθῇ,
1368 311 1617 367 τουτέστι
1647 311 1846 385 ψυχῆς.
1881 315 2016 368 Ἔστ

2143 315 2320 371 omnis
2351 316 2616 389 particula
2646 317 2713 373 ad
2747 325 2908 372 terra!
2941 314 3150 372 cultum
3183 323 3376 374 natura
3414 327 3536 390 apta
3578 332 3664 377 est
3691 363 3708 392 ,

453 411 512 465 δὲ
537 409 597 463 τὺ
614 408 814 480 ,μάννα
840 409 1053 462 λευκόν.
1081 406 1203 471 Φῶς
1230 407 1340 479 γὰρ
1379 408 1408 460 6
1434 406 1591 476 λόγος
1620 408 1716 462 καὶ⁹
1744 408 1994 481 λαμπρὸν
2014 449 2032 476 ,

455 500 551 554 καὶ
582 500 727 555 κατά
752 498 911 553 τοῦτο
935 498 1126 553 λευκὸν
1142 539 1156 564 ,
1183 498 1261 569 τῷ
1282 500 1444 553 αὑτὸν
1468 498 1703 554 συνιέντι
1723 499 1819 553 καὶ
1843 517 2037 573 τρεφο-

456 593 605 664 μένῳ
643 593 734 646 ὑπ’
777 590 965 646 αὑτοῦ.
1018 592 1174 645 Ἐστι
1222 591 1280 644 δὲ
1317 592 1411 646 καὶ
1469 592 1603 646 ὡσεὶ
1647 592 1855 658 πάγος·
1910 611 2036 649 συν-

450 683 834 755 εστραμμένος
879 682 1022 755 γὰρ,
1049 666 1164 737 ⁸καὶ
1206 682 1441 755 οὐδαμοῦ
1485 684 1720 750 πλαδῶν,
1744 685 1865 740 οὐδὲ
1890 686 2033 759 διερο

452 776 695 849 ρυηκὼς,
719 776 858 831 ἀλλά
881 776 1098 846 πάγιος,
1119 775 1156 830 δι
1183 776 1247 848 δὴ
1270 776 1500 849 οὐρανοῦ
1531 776 1709 847 λόγος,
1737 779 1831 834 καὶ
1850 780 2032 848 ἀπαγ-

448 869 659 938 γέλλων
688 869 821 942 ἡμῖν
848 870 918 924 τὰ
950 870 1196 942 οὐράνια.

533 1055 595 1109 σο
617 1055 728 1125 γὰρ
755 1055 970 1124 Κύριος
1001 1057 1034 1109 ὀ
1057 1056 1202 1122 Θεός
1235 1070 1352 1109 σου
1374 1057 1664 1127 είσαγάτῃ
1696 1071 1770 1111 σε
1800 1060 1889 1124 εὶς
1917 1056 2032 1127 γῆν

445 1145 683 1216 ἀγαθὴν
720 1145 820 1200 καὶ
866 1145 1131 1213 πολλήν.
1185 1147 1344 1218 Ἡμῖν
1399 1149 1427 1200 6
1468 1147 1704 1219 Χριστὸς
1752 1148 1812 1201 οὐ
1854 1148 2031 1203 ταῦτα

444 1239 637 1293 δώσειν
671 1239 957 1310 ὑπέσχετο,
986 1237 1123 1293 ἀλλά
1160 1238 1404 1311 οὐρανῶν
1447 1239 1724 1310 βασιλείαν
1746 1281 1762 1306 ,
1809 1243 1901 1295 καὶ
1925 1243 2031 1313 γῆν

444 1330 660 1402 ἀγαθὴν
692 1332 785 1384 καὶ
813 1330 1003 1394 ἀΐδιόν,
1030 1325 1100 1401 ἦς
1123 1329 1423 1401 χείμαῤῥος
1449 1332 1477 1382 ὁ
1505 1332 1759 1403 Χριστὸς,
1793 1334 2030 1398 ποτίζων

446 1424 560 1486 τοῖς
589 1422 690 1494 τῆς
713 1421 906 1492 σοφίας
944 1422 1201 1493 νάμασιν.
1245 1421 1664 1494 Ἐκπορεύονται
1713 1424 1769 1478 δέ
1811 1427 1862 1478 oi
1918 1427 2031 1497 χεί-

448 1517 650 1586 μαρροι
679 1514 769 1569 διὰ
799 1514 910 1570 τῶν
952 1516 1152 1569 πεδίων
1178 1516 1274 1570 καὶ
1318 1515 1591 1571 ταπεινῶν
1637 1517 1730 1571 καὶ
1786 1517 2030 1589 γονίμων

442 1605 774 1677 ἀνθρώπιον,
800 1608 896 1661 καὶ
920 1605 1011 1660 διὰ
1032 1606 1142 1661 τῶν
1177 1606 1398 1678 ὑψηλῶν
1431 1608 1621 1684 ὀρέων,
1662 1608 1772 1663 τῶν
1822 1611 2031 1664 ἀνατει-

2144 411 2187 464 si
2232 410 2516 464 mandetur
2560 407 2857 464 commodae
2903 415 2960 463 et
3004 409 3162 464 bona:
3214 417 3412 478 teme,
3455 410 3556 467 hoc
3608 425 3715 482 est,

2143 502 2360 557 animat.
2397 501 2489 556 Est
2516 501 2683 557 etiam
2720 516 2917 554 manna
2944 501 3146 555 album.
3173 500 3380 556 Lumen
3411 504 3555 558 enim
3590 520 3716 560 ver-

2141 593 2267 648 bum
2281 602 2387 655 est,
2402 593 2562 663 idque
2581 591 2946 662 splendidum,
2964 606 3026 646 ac
3040 591 3269 662 proinde
3292 607 3508 663 quoque
3533 594 3713 650 album

2140 686 2188 740 ei
2222 685 2312 755 qui
2343 685 2518 754 ipsutn
2556 684 2831 753 intelligit,
2859 685 2927 739 ab
2954 698 3128 754 coque
3153 686 3411 740 nutri:ur.
3432 686 3526 740 Est
3548 688 3711 742 etiam

2143 786 2399 846 tanquam
2442 776 2584 847 gelu.
2626 775 2953 831 Contortum
3002 777 3147 832 enim
3179 787 3262 832 est
3293 788 3347 831 et
3392 779 3712 840 neutiquam

2139 865 2421 922 flaccidum
2463 882 2638 937 neque
2683 866 2913 933 ﬂuxum,
2963 871 3058 924 sed
3111 881 3445 925 concretum.
3479 870 3714 928 Cmiesle

2140 962 2340 1031 quippe
2377 962 2601 1015 verbum
2631 968 2736 1026 est,
2768 977 2832 1015 ac
2867 961 3025 1015 nobis
3051 961 3293 1017 caelestia
3325 966 3636 1022 annuntiat.

2212 1054 2469 1108 Dominus
2515 1054 2654 1108 enim
2710 1053 2851 1108 Deus
2902 1064 3024 1110 tuus
3074 1056 3290 1109 inducet
3334 1067 3382 1110 te
3411 1058 3466 1111 in
3512 1068 3712 1113 terram

2138 1146 2328 1200 bonam
2377 1154 2428 1199 et
2487 1145 2709 1199 multam
2737 1148 2805 1200 ⁷¹.
2839 1146 3008 1204 Nobis
3059 1148 3310 1205 Christus
3350 1164 3457 1204 non
3492 1164 3554 1206 se
3594 1153 3712 1207 haec

2137 1238 2391 1290 daturum
2433 1238 2703 1306 promisit,
2735 1239 2831 1293 sed
2865 1239 3122 1294 caelorum
3154 1255 3402 1310 regnum,
3428 1250 3483 1297 et
3509 1250 3707 1297 terram

2137 1330 2335 1382 bonam
2360 1337 2417 1384 et
2439 1339 2724 1398 aeternam,
2753 1332 2909 1402 cujus
2939 1340 3154 1389 torrens
3182 1333 3437 1390 Christus
3463 1334 3580 1405 ipse
3605 1345 3709 1406 est,

2136 1429 2331 1488 potans
2384 1424 2666 1491 sapientiae
2704 1438 2815 1479 suae
2852 1423 3095 1480 ﬂuentis.
3136 1424 3405 1481 Caeterum
3438 1436 3708 1485 torrentes

2134 1525 2233 1579 per
2261 1513 2562 1584 explicatos
2592 1517 2874 1572 hominum
2913 1518 3315 1575 submissorum
3341 1518 3710 1591 fertiliumquo

2137 1618 2360 1675 campos
2395 1614 2845 1677 erumpunt,'nec
2880 1623 2985 1665 non
3016 1624 3114 1680 per
3137 1619 3349 1667 montes
3374 1613 3708 1670 sublimitate

442 1698 684 1770 νομένων
709 1698 799 1753 διὰ
825 1699 887 1754 τὸ
910 1698 1043 1769 ὕψος
1069 1700 1168 1770 τῆς
1196 1699 1430 1772 θεωρίας
1449 1701 1529 1764 εἰς
1557 1700 1838 1773 οὐρανούς.
1882 1704 2019 1758 Ἐκεῖ

2133 1698 2609 1769 contemplationis
2649 1702 2716 1756 ad
2768 1702 2938 1761 ctelos
3004 1718 3175 1773 usque
3224 1704 3418 1760 elatos.
3459 1706 3575 1763 Illic
3624 1719 3710 1764 est

444 1790 475 1842 6
495 1790 638 1854 σίτος
655 1793 683 1844 6
706 1788 975 1861 στηρίζων
1010 1791 1237 1863 καρδίαν
1261 1790 1572 1864 ἀνθρώπου,
1596 1793 1690 1847 καὶ
1715 1793 1876 1866 κριθὴ
1900 1795 2025 1862 τοὺς

442 1881 863 1956 ὑποδεεστέρους
890 1884 1183 1956 τρέφουσα.
1231 1885 1376 1939 Ἑκεῖ
1408 1886 1440 1956 ή
1478 1885 1703 1958 ἀληθινὴ
1727 1886 1968 1959 ἄμπελος
1996 1889 2024 1941 ὁ

440 1977 697 2049 Χριστός.
736 1978 882 2033 Ἐκεῖ
906 1978 967 2031 τὸ
994 1978 1173 2033 ἔλαιον
1197 1978 1258 2033 τὸ
1295 1978 1541 2034 λιπαίνον
1576 1979 1683 2034 τῶν
1715 1981 1879 2035 ὁσίων
1925 1982 2023 2048 τὰς

439 2071 705 2141 κεφαλάς.
753 2072 982 2143 Ὁμοίως
1034 2073 1131 2127 καὶ
1177 2073 1328 2145 ῥοαὶ,
1363 2072 1424 2125 τὸ
1452 2072 1624 2141 γλυκὺ
1667 2074 1765 2145 μὲν
1814 2075 2023 2130 ἔνδοθεν

442 2163 727 2237 φέρουσαι,
757 2165 859 2234 τῆς
898 2164 1173 2229 πολιτείας
1211 2164 1268 2218 δὲ
1293 2164 1355 2218 τὸ
1384 2164 1655 2236 αὐστηρὸν
1690 2165 1889 2233 ἔξωθεν
1937 2170 2023 2222 ἐν-

437 2257 758 2327 δυσάμεναι.
807 2258 953 2311 Ἐκεῖ
979 2258 1011 2329 ἡ
1041 2257 1201 2329 συκῆ,
1227 2257 1326 2327 οὑχ
1352 2258 1384 2327 ἡ
1410 2256 1659 2331 ἄκαρπος
1687 2259 1780 2312 καὶ
1804 2258 2021 2328 φύλλοις

438 2350 691 2421 κομῶσα,
723 2349 835 2405 ἀλλ’
866 2353 899 2422 ἡ
931 2349 1232 2404 πλουτοῦσα
1263 2350 1360 2404 τοῦ
1392 2350 1698 2422 πνεύματος
1747 2350 1845 2423 τὴν
1892 2352 2021 2422 γλυ-

438 2442 671 2515 κύτητα.
714 2443 859 2496 Ἑκεῖ
886 2445 914 2496 6
945 2443 1264 2514 γλυκασμὸς
1287 2442 1382 2496 τοῦ
1419 2442 1700 2514 φάρυγγος
1725 2442 1820 2498 τοῦ
1843 2444 2018 2516 Σωτῆ-

438 2552 535 2608 ρος
572 2537 602 2589 6
630 2533 996 2606 ἐπιθυμητὸς,
1040 2535 1133 2589 καὶ
1165 2534 1234 2588 τά
1263 2534 1414 2607 χείλη
1455 2536 1556 2606 τῆς
1597 2538 1656 2589 ἐν
1693 2535 1771 2607 τῷ
1814 2536 2019 2609 ᾅσματι

434 2628 659 2700 νύμφης
688 2628 878 2700 κηρίον
906 2627 1282 2692 ἀποστάζοντα
1300 2668 1316 2693 ,
1348 2628 1440 2683 κοιλ¹
1461 2628 1512 2682 οἱ
1541 2627 1678 2681 λίθοι
1705 2631 1755 2683 οἱ
1777 2629 1943 2698 ἆγιοι,
1966 2630 2018 2684 oi

433 2720 534 2773 ἐπὶ
559 2721 659 2792 τῆς
681 2720 784 2791 γῆς
817 2720 1161 2784 κυλισθέντες
1188 2720 1325 2791 πρὸς
1352 2724 1693 2794 πειρασμοὺς
1727 2722 2016 2789 ἀνένδοτοι,

435 2813 535 2865 καὶ
559 2810 720 2881 φύσιν
748 2811 968 2884 σιδήρου
994 2810 1451 2882 ἀπομιμούμενοι.
1492 2812 1637 2864 Ἐκεῖ
1677 2812 1748 2866 τά
1782 2812 2020 2884 μέταλλα

431 2902 530 2957 τοῦ
598 2904 799 2975 χαλκοῦ
818 2946 834 2971 ,
884 2903 944 2970 ἐξ
991 2899 1054 2958 οὗ
1089 2903 1186 2975 τὴν
1232 2904 1429 2976 νοητὴν
1492 2905 1790 2961 πανοπλίαν
1851 2925 2016 2962 κατε-

434 2998 726 3053 σκεύασαν.
761 2999 870 3052 Καὶ
891 2997 954 3051 τὸ
978 2996 1180 3051 τούτων
1214 2998 1507 3067 κεφάλαιον
1536 2997 1830 3064 ἀπαύστως
1867 2999 2019 3054 εὐλο-

432 3092 552 3160 γεῖν
583 3091 676 3144 τὸν
703 3090 858 3146 Θεόν.

517 3180 626 3235 Τοῦ
662 3180 869 3235 αὐτοῦ.
907 3181 1020 3236 Οὐκ
1042 3179 1156 3235 ἔστι
1180 3221 1195 3246 ,
1236 3180 1370 3251 φησὶ
1394 3220 1409 3246 ,
1449 3179 1607 3252 πηλῷ
1640 3181 1736 3235 καὶ
1768 3182 2015 3255 πλινθείᾳ

437 3273 694 3347 μοχθεῖν,
736 3274 834 3328 καὶ
874 3273 1240 3346 ταλαιπωρεῖν
1264 3314 1279 3340 ,
1320 3273 1456 3327 ἀλλά
1495 3274 1675 3340 λίθους
1727 3274 1872 3346 ἐχειν
1919 3277 2014 3331 καὶ

432 3368 655 3433 τούτους
701 3367 1073 3440 ἰταμωτάτους
1093 3406 1108 3431 ,
1140 3369 1236 3422 καὶ
1265 3367 1339 3440 μὴ
1376 3368 1574 3440 ῥαδίως
1606 3368 2010 3441 διαλυομένους,

431 3464 511 3527 ὡς
534 3465 628 3518 καὶ
652 3464 985 3534 οἰκοδομίαις
1016 3462 1269 3536 ἐξαρκεῖν
1298 3465 1392 3517 καὶ
1421 3464 1514 3519 ἐπὶ
1549 3464 1683 3518 πολὺ
1716 3464 2009 3536 διαμένειν.

432 3552 621 3610 Ταῦτα
652 3555 709 3609 δὲ
741 3555 886 3624 λέγει
945 3554 1042 3627 τὴν
1093 3556 1329 3610 διάνοιαν
1366 3556 1545 3610 αὐτῶν
1584 3557 1883 3630 ἀποστῆναι
1912 3556 2013 3628 τῆς

430 3648 710 3718 Αἰγύπτου
744 3647 1083 3719 βουλόμενος.
1109 3647 1207 3701 Διά
1229 3647 1339 3720 γάρ
1361 3647 1456 3702 τοῦ
1481 3648 1676 3714 είπείν,
1703 3667 1720 3700 ι
1743 3648 2006 3720 ἀγαθὴν,ι

430 3742 493 3795 τὸ
520 3743 742 3814 γόνιμον
771 3741 956 3807 ἔδειξε·
989 3741 1077 3796 διὰ
1103 3741 1159 3795 δὲ
1188 3741 1303 3805 τοῦ,
1338 3760 1356 3793 ι
1381 3742 1597 3811 πολλὴν,
1630 3763 1647 3795 ι
1682 3743 1744 3795 τὸ
1785 3743 2011 3813 μέγεθος

432 3838 527 3891 καὶ
553 3837 614 3889 τὸ
640 3835 862 3899 πλάτος.
897 3854 915 3886 ι
948 3826 1024 3887 υῦ
1052 3833 1344 3907 χείμαρροι
1370 3834 1577 3888 ὑδάτων
1615 3833 1790 3905 (τοῦτο
1822 3836 1922 3888 οὑκ
1951 3836 2010 3888 ἐν

430 3927 736 4000 Αἰγύπτῳ),
767 3927 863 3981 καὶ
886 3928 1061 3998 πηγαὶ
1091 3925 1364 3980 ὁιθύσσων⁹
1398 3946 1416 3980 ι
1454 3928 1592 3997 ὅπερ
1617 3927 1895 3998 ἐξαίρετον
1941 3930 2006 3999 τῇ

431 4026 503 4094 γῇ
548 4023 648 4094 τῆς
690 4019 1038 4090 ἐπαγγελίας.
1090 4018 1406 4092 Προσέθηκε
1474 4019 1532 4072 δὲ
1577 4020 1668 4072 καὶ
1730 4037 1748 4070 ι
1777 4018 1864 4072 διὰ
1901 4018 2010 4073 τῶν

428 4116 620 4188 ὀρέων·
650 4134 670 4167 ι
706 4115 843 4187 ὅπερ
880 4116 946 4186 τῇ
979 4112 1240 4183 Αἰγύπτῳ
1269 4113 1331 4166 οὑ
1362 4111 1673 4183 πρόσεστιν,
1720 4111 1835 4165 ἀλλ’
1886 4109 2010 4164 οὑδὲ

429 4208 696 4281 ἀμπέλοις
721 4208 888 4278 κομᾷ,
921 4205 1043 4259 οὐδὲ
1073 4204 1334 4275 ἀφθονίαν
1366 4203 1477 4275 ἔχει
1504 4202 1705 4257 ἐλαίουο
1741 4205 1775 4275 ή
1811 4203 1871 4257 δὲ
1912 4202 2010 4273 τῆς

432 4300 763 4370 ἐπαγγελίας
788 4299 858 4371 γῆ
896 4297 1075 4352 πάντα
1112 4295 1404 4360 πλουσίως.

500 4482 770 4551 Πρόσεχε
795 4476 1052 4544 σεαυτῷ,
1071 4476 1158 4546 μὴ
1180 4475 1437 4544 ἐπιλάϐῃ
1460 4473 1680 4543 Κυρίου
1724 4473 1832 4528 τοῦ
1859 4474 2008 4529 Θεοῦ

430 4589 568 4630 σου.
596 4573 754 4629 Μετά
797 4572 894 4645 τὴν
942 4573 1051 4626 τῶν
1085 4570 1304 4642 ἀγαθῶν
1347 4569 1676 4640 ἐπαγγελίαν
1722 4568 1802 4631 είς
1848 4567 2010 4639 νῆψιν

430 4668 630 4731 αὐτοὺς
674 4667 1033 4734 διανίστησιν,
1078 4662 1172 4717 τοῦ
1214 4664 1503 4735 εὐεργέτου
1549 4660 1880 4733 μεμνῆσθαι,
1914 4662 2010 4715 καὶ

434 4764 508 4837 μὴ
537 4762 838 4835 ἐξυϐρίζειν
863 4761 941 4833 τῷ
969 4762 1135 4833 κόρῳ,
1170 4759 1305 4831 μηδὲ
1334 4759 1680 4830 περιφρονεῖν
1709 4757 1804 4811 τοῦ
1836 4757 2010 4811 ταῦτα

426 4858 835 4930 δωρησαμένου,
861 4857 956 4911 καὶ
975 4857 1056 4909 ὅτι
1084 4857 1149 4908 ἐκ
1169 4853 1268 4924 τῆς
1291 4852 1348 4906 ἐν
1374 4849 1633 4922 Αἰγύπτῳ
1660 4849 1902 4923 δουλείας
1930 4851 2011 4913 εἰς

428 4954 743 5027 ἐλευθερίαν
766 4953 963 5016 αὑτοὺς
988 4950 1369 5023 μετεκόμισεν.

503 5047 587 5100 Οὐ
634 5043 910 5110 ποιήσεις
947 5040 1143 5108 οὕτως,
1167 5040 1364 5109 Κυρίῳ
1388 5037 1468 5105 τῷ
1495 5036 1619 5103 Θεῷ
1650 5053 1792 5095 σου.
1817 5037 2009 5093 Alt-td-

428 5133 518 5195 ται
545 5138 607 5191 τὸ
631 5136 780 5190 θύειν
824 5135 894 5190 τὰ
932 5133 1138 5189 ἐαυτῶν
1179 5132 1346 5187 τέκνα
1391 5134 1516 5196 τοὺς
1554 5130 1877 5203 ἀνθρώπους
1898 5133 2013 5195 τοῖς

428 5232 572 5296 θεοῖς
602 5229 712 5282 τῶν
737 5227 927 5293 ἐθνῶν,
957 5227 1033 5290 ὡς
1060 5225 1212 5297 ὠμὸν
1252 5226 1345 5278 καὶ
1369 5222 1757 5296 ἀπάνθρωπον·
1781 5223 1857 5287 ὡς
1888 5220 2007 5292 βδε-

426 5321 642 5378 λυκτὸν.
669 5320 779 5373 Καὶ
803 5319 929 5382 τοὺς
959 5317 1219 5386 λέγοντας
1247 5316 1407 5371 θύσαι
1439 5315 1579 5376 θεοῖς
1601 5312 1707 5367 τῶν
1746 5315 1916 5369 ἐθνῶν
1947 5316 2007 5368 οὐ

431 5419 591 5491 μόνον
638 5415 1078 5490 ἀποστρέφεσθαι
1110 5415 1211 5482 δεῖ,
1245 5412 1381 5469 ἀλλὰ
1427 5412 1522 5467 καὶ
1559 5412 1657 5481 τὴν
1703 5412 1873 5482 ἀκοὴν
1899 5412 2011 5474 τοῖς

426 5511 488 5565 λὸ
498 5528 607 5581 γοις
628 5509 809 5564 αὐτῶν
833 5510 909 5580 μὴ
930 5507 1174 5578 ὑπέχειν.

496 5695 543 5727 ἰ
576 5694 731 5751 Deut.
761 5709 878 5756 vm,
916 5691 969 5748 7.
1044 5692 1092 5724 ⁷³
1119 5691 1275 5746 Deut.
1306 5707 1389 5755 ιιι,
1428 5688 1518 5747 ii.
1592 5686 1639 5721 "
1680 5685 1840 5744 Deut.
1873 5700 1969 5749 xu,
1993 5682 2047 5740 4.

746 5788 1021 5849 Parum"
1065 5787 1182 5849 Gn.
1211 5787 1348 5849 Xll.

2041 4434 2089 4492 D

2134 1789 2468 1849 frumentum
2492 1795 2658 1865 'quod
2714 1796 2991 1851 inferioris
3022 1798 3191 1852 sortis
3225 1799 3475 1854 homines
3510 1802 3703 1856 nutrit.

2129 1882 2245 1941 Illic
2296 1900 2418 1941 vera
2466 1888 2591 1942 vitis
2635 1895 2718 1943 est
2756 1886 3023 1945 Christus.
3056 1890 3176 1947 lllic
3214 1901 3298 1946 est
3342 1893 3545 1959 oleum,
3579 1911 3708 1950 sau-

2130 1988 2342 2033 ctorum
2376 1980 2720 2051 impinguans
2755 1982 2955 2051 capita.
2986 1982 3068 2038 Ita
3100 1998 3319 2054 quoque
3345 1983 3548 2042 ﬂuenta
3577 1996 3706 2044 sunt

2130 2069 2473 2152 dulcedinem
2510 2071 2653 2125 intra
2705 2087 2767 2128 se
2813 2073 3071 2140 ferentia,
3097 2075 3300 2145 politiae
3329 2092 3460 2134 vero
3489 2081 3706 2134 acerbi-

2129 2170 2299 2217 tatem
2353 2161 2663 2219 forinsecus
2712 2165 3181 2220 circumlabentia.
3235 2166 3347 2223 Illic
3399 2168 3533 2226 ficus
3580 2188 3704 2242 quae

2127 2269 2325 2325 magna
2356 2256 2605 2311 ubertate
2651 2257 2880 2327 spiritus
2913 2257 3230 2313 suavitatem
3266 2260 3459 2330 gignit,
3502 2278 3606 2317 non
3638 2280 3703 2319 ea

2126 2361 2261 2402 vero
2290 2363 2409 2416 quae
2434 2348 2640 2404 sterilis
2672 2360 2777 2416 est,
2829 2365 2894 2405 ac
2922 2349 3069 2404 foliis
3104 2350 3282 2405 solum
3308 2362 3557 2408 ornatur.
3589 2355 3703 2409 Illic

2126 2440 2355 2496 dulcedo
2390 2441 2630 2497 faucium
2676 2442 2981 2498 Salvatoris
3009 2444 3342 2511 desiderata,
3381 2455 3436 2501 et
3464 2446 3605 2502 labia
3638 2449 3702 2502 il-

2126 2530 2231 2586 lius
2256 2532 2322 2586 de
2346 2548 2452 2603 qua
2494 2534 2546 2587 in
2596 2535 2837 2598 cantico,
2874 2550 3087 2603 sponsae
3112 2538 3217 2592 mel
3258 2538 3543 2593 stillantia.
3587 2539 3700 2595 Illic

2125 2624 2337 2688 lapides
2357 2626 2557 2693 sancti,
2579 2640 2742 2696 super
2767 2634 2915 2682 terra
2942 2624 3253 2685 volutati‘et
3275 2631 3342 2685 ad
3371 2638 3515 2685 tenta
3528 2631 3702 2687 tiones

2126 2716 2369 2786 infracti,
2403 2731 2460 2774 et
2509 2718 2642 2775 ferri
2688 2730 2938 2775 naturam
2995 2723 3293 2780 imitantes.
3338 2724 3451 2780 Illic
3479 2727 3697 2781 metalla

2125 2812 2274 2877 teris,
2304 2824 2373 2865 ex
2407 2826 2515 2880 quo
2541 2824 2879 2868 armaturam
2917 2815 3256 2884 spiritualem
3297 2820 3562 2873 certaturi
3613 2820 3700 2874 in-

2125 2911 2462 2960 struxerunt.
2514 2904 2718 2958 llorum
2767 2914 2930 2973 caput
2975 2916 3095 2971 est,
3126 2907 3296 2965 Deum
3328 2911 3700 2968 indesinenter

2125 2993 2379 3050 laudibus
2407 2995 2709 3051 celebrare.

2192 3175 2469 3245 Ejusdem.
2498 3174 2614 3230 Non
2642 3184 2750 3240 est,
2776 3176 2954 3247 inquit
2981 3216 2997 3241 ,
3046 3177 3157 3233 illic
3190 3178 3242 3231 in
3291 3180 3406 3234 luto
3432 3188 3487 3234 et
3514 3180 3700 3245 lateris,

2121 3265 2223 3321 hus
2259 3266 2435 3331 labor,
2470 3282 2646 3337 neque
2678 3269 2918 3335 miseria,
2953 3271 3049 3323 sed
3086 3269 3292 3338 lapides
3323 3269 3533 3327 affatim
3567 3282 3698 3329 sunt

2121 3359 2215 3428 qui
2250 3370 2445 3430 sponte
2488 3373 2550 3413 se
2579 3358 2839 3424 offerunt,
2872 3375 3049 3431 neque
3093 3359 3253 3416 facile
3285 3362 3694 3431 dissolvuntur,

2120 3450 2195 3505 ita
2233 3463 2292 3505 ut
2332 3459 2390 3505 et
2434 3450 2679 3506 aedificiis
2709 3450 3000 3517 sufﬁciant,
3037 3463 3089 3507 et
3121 3453 3189 3507 ad
3224 3452 3449 3509 multum
3486 3464 3698 3526 tempus

2120 3544 2437 3614 perdurent.
2475 3542 2603 3599 Haec
2625 3554 2806 3598 autem
2834 3544 2990 3609 dicit,
3034 3553 3097 3598 ut
3133 3558 3324 3600 eorum
3356 3556 3593 3604 mentem
3626 3550 3694 3604 ab

2119 3636 2351 3708 Egypto
2381 3646 2612 3692 avertat.
2644 3637 2778 3693 Cum
2815 3639 2962 3695 enim
3004 3639 3102 3705 ait,
3136 3656 3156 3691 ι
3192 3641 3417 3709 bonam,
3451 3661 3472 3695 ι
3500 3643 3696 3699 fertili-

2120 3740 2284 3786 tatem
2317 3731 2487 3804 389
2530 3734 2789 3788 ostendit.
2837 3733 2974 3789 Cum
3023 3748 3154 3789 vero
3199 3734 3296 3801 ait,
3325 3754 3344 3788 ‹
3372 3738 3634 3806 multam,
3666 3757 3689 3793 ι

2118 3823 2548 3890 magnitudinem
2581 3836 2637 3879 et
2677 3826 3018 3879 latitudinem
3068 3826 3357 3884 indicavit.
3393 3847 3414 3880 ι
3449 3828 3549 3886 Ubi
3583 3842 3696 3886 tor-

2119 3927 2304 3971 rentes
2351 3931 2616 3987 aquarum
2672 3916 2798 3988 (hoc
2845 3934 2952 3973 non
2988 3920 3041 3974 in
3092 3917 3353 3994 Egypto)
3409 3933 3464 3978 et
3512 3925 3695 3982 fontes

2117 4009 2478 4080 abyssorum,
2512 4030 2534 4063 ι
2585 4012 2730 4081 quod
2781 4022 2943 4067 terra:
2987 4017 3364 4083 promissionis
3413 4019 3695 4086 pen-iliare

2116 4111 2221 4155 est.
2270 4102 2714 4173 Addiditetiam,
2755 4123 2775 4157 ι
2811 4122 2907 4171 per
2958 4119 3189 4174 montes,
3222 4128 3242 4162 ι
3293 4110 3491 4180 quibus
3542 4121 3694 4167 caret

2115 4189 2408 4262 Egyptus,
2433 4208 2555 4264 quae
2584 4210 2683 4251 nec
2720 4198 3173 4269 viueis'abundat,
3205 4216 3307 4256 nec
3347 4202 3452 4258 olei
3475 4206 3689 4274 copiam

2121 4288 2314 4356 habet;
2350 4297 2492 4343 terra
2541 4299 2721 4343 autem
2765 4290 3135 4360 promissionis
3184 4292 3426 4345 omnium
3460 4293 3678 4346 abunde

2120 4381 2289 4437 ferax.

2189 4474 2411 4529 Attende
2454 4475 2576 4539 tibi,
2622 4491 2686 4528 ne
2730 4477 3045 4533 obliviscaris
3091 4479 3299 4533 Domini
3344 4479 3442 4534 Dei
3490 4483 3569 4535 tui
3610 4482 3678 4534 ⁷⁸.

2124 4566 2253 4622 Ροει
2294 4566 2559 4622 bonorum
2602 4569 3046 4636 promissionem.
3084 4571 3151 4625 ad
3190 4572 3536 4629 sobrietatem
3586 4591 3683 4631 eos

2124 4667 2367 4725 revocat,
2409 4668 2470 4714 ut
2518 4659 2876 4717 benefactoris
2918 4663 3298 4731 meminerint,
3352 4681 3528 4736 neque
3569 4683 3682 4738 prae

2124 4751 2369 4806 satietate
2402 4751 2754 4820 insolescant,
2805 4770 2981 4824 neque
3027 4766 3377 4812 contemnant
3418 4774 3541 4813 eum
3589 4760 3682 4829 qui

2124 4844 2203 4898 eis
2230 4843 2347 4898 haec
2375 4844 2515 4899 bona
2543 4845 2710 4907 dedit.
2741 4855 2796 4902 et
2816 4847 2885 4904 ab
2911 4847 3122 4919 Egypti
3150 4850 3412 4907 servitute
3437 4853 3493 4906 in
3519 4852 3681 4909 liber-

2122 4945 2287 4991 tatem
2315 4952 2408 4993 eos
2439 4941 2730 4995 transmlit.

2193 5032 2314 5088 Non
2346 5035 2506 5105 facies
2543 5037 2618 5089 sic
2663 5035 2881 5089 Domino
2923 5036 3030 5090 Deo
3060 5046 3147 5091 tuo
3176 5039 3242 5092 ⁷³.
3273 5038 3459 5111 Carpit
3485 5044 3683 5099 crude-

2127 5136 2267 5195 lem,
2324 5132 2674 5186 inhumanum
2735 5142 2894 5196 atque
2959 5133 3347 5189 exsecrandum
3401 5136 3681 5191 hominum

2114 5233 2323 5275 morem
2357 5217 2449 5288 qui
2499 5215 2751 5287 proprios
2784 5215 2989 5271 liberos
3017 5215 3120 5270 diis
3163 5215 3402 5285 gentium
3443 5210 3693 5268 immola-

2115 5313 2270 5370 bant.
2301 5310 2488 5382 Neque
2520 5309 2695 5366 solum
2731 5309 2970 5380 fugiendi
3002 5318 3127 5363 sunt
3157 5309 3248 5377 qui
3282 5309 3472 5361 dicunt
3496 5319 3556 5360 se
3585 5304 3694 5357 diis

2116 5404 2357 5474 gentium
2388 5401 2692 5467 immolare,
2715 5404 2810 5457 sed
2843 5416 3015 5471 neque
3045 5399 3193 5455 auris
3215 5415 3403 5456 eorum
3425 5394 3693 5453 sermoni-

2118 5501 2218 5555 bus
2242 5497 2552 5569 praebenda.

3317 5776 3397 5833 26
