4050 6148
404 193 504 251 8H

1770 186 1863 242 EX
1898 184 2197 244 OBlGENE

3539 179 3652 234 8|!

479 313 662 386 Neque
686 311 905 383 adjicies
949 310 1017 364 ad
1058 308 1215 373 illud,
1253 323 1415 378 neque
1457 306 1666 377 auferes
1705 308 1770 360 ab
1805 324 1866 362 eo
1897 307 1966 363 7‘.

2143 307 2224 359 Οὐ
2286 300 2656 373 προσθήσεις
2698 299 2791 354 ἐπ’
2841 297 3013 363 αὐτὸ,
3061 294 3204 351 οὐδὲ
3248 293 3491 364 ἀφελεῖς
3549 280 3650 348 ἀπ’

406 407 671 463 Homines
695 404 789 473 qui
816 409 1063 471 peccant,
1092 399 1392 469 generatim
1417 398 1700 467 dupliciter
1724 406 1968 467 peccant,

404 500 488 555 vel
504 495 949 567 transgrediendo
977 492 1256 557 mandata,
1284 491 1370 546 vel
1389 491 1719 546 evacuando.
1750 490 1971 558 Quando

404 594 549 648 enim
584 606 688 644 non
720 603 784 643 ex
815 584 1101 654 disciplina
1132 584 1390 647 vivimus,
1440 595 1614 651 neque
1642 597 1975 654 cognoscen-

407 694 488 739 tes
522 680 743 753 iustitiae
773 691 1060 732 mensuras
1087 675 1360 740 fallimur;
1394 674 1522 729 item
1552 675 1773 743 quando
1813 688 1974 743 regu-

405 776 510 830 lam
565 771 1018 843 transgredimnr,
1058 768 1265 840 opinati
1314 766 1513 823 melius
1543 766 1672 838 quid
1721 780 1901 837 agere,
1942 780 1974 821 a

404 881 568 939 scopo
601 865 944 921 aberramus.

475 1047 749 1117 Ejusdem.
791 1045 892 1114 Qui
926 1044 1093 1114 igitur
1136 1058 1241 1099 non
1277 1043 1460 1099 omnia
1502 1040 1731 1107 faciunt,
1764 1040 1850 1098 vel
1882 1040 1975 1111 qui

404 1140 635 1209 amplius
667 1137 895 1203 faciunt,
926 1136 1102 1207 legem
1128 1135 1622 1202 transgrediuntur.

475 1230 644 1287 Omne
669 1245 825 1299 pecus
852 1229 1099 1299 diffissum
1123 1226 1321 1281 habens
1347 1227 1623 1297 ungulam,
1646 1234 1695 1279 et
1722 1225 1974 1279 reducem

405 1325 811 1380 ruminationem
836 1321 902 1376 ⁷⁸.
945 1320 1155 1375 Dillissa
1190 1318 1410 1389 ungula,
1440 1319 1709 1389 signiﬁcat
1732 1318 1836 1372 iter
1867 1332 1976 1387 quo

403 1420 471 1473 ad
497 1415 765 1487 quaslibet
808 1415 977 1468 bonas
1005 1411 1319 1482 disciplinas
1365 1411 1729 1481 pervenimus.
1787 1409 1975 1465 Rntni-

403 1524 540 1565 nare
567 1517 859 1562 autemest
904 1520 1122 1560 sursum
1171 1504 1538 1574 deorsumque
1580 1518 1785 1573 ponere
1827 1503 1976 1558 Scri-

2076 398 2283 453 αὐτοῦ.
2339 398 2404 451 Ol
2474 394 2748 468 ἅνθρωποι
2809 390 3211 464 ἁμαρτάνοντες
3260 387 3464 458 γενικῷ
3511 386 3651 456 λόγῳ

2074 493 2239 564 διχῶς
2258 492 2685 565 ἁμαρτάνουσιν,
2710 491 2744 562 ἢ
2794 487 3214 562 ὑπερϐαίνοντες
3238 485 3338 549 τὰς
3374 485 3592 550 ἐντολὰς
3616 485 3651 558 ἢ

2075 584 2481 648 ὐποκενοῦντες.
2519 584 2685 638 Ὅταν
2723 581 2832 655 γὰρ
2876 580 2950 652 μὴ
2996 578 3104 633 ἀπὸ
3155 579 3466 649 ἐπιστήμης
3501 575 3650 631 πολι-

2074 677 2367 749 τευόμεθα,
2408 676 2540 748 μηδὲ
2565 675 2927 745 γινώσκοντες
2949 671 3018 725 τὰ
3048 671 3224 742 μέτρα
3236 670 3353 749 ’τῆς
3379 669 3651 724 δικαιοσύ-

2075 790 2173 843 νης
2202 744 2564 841 σφαλλόμεθα,
2600 770 2694 824 καὶ
2721 767 2831 823 ἐσθ’
2868 766 2955 819 ὅτε
2988 744 3404 834 ὑπερϐαίνοντες
3428 761 3518 815 τὸν
3546 777 3651 815 κα-

2075 863 2222 929 νόνα,
2251 860 2523 932 φαντασίᾳ
2549 860 2645 914 τοῦ
2695 860 2869 913 ποιεῖν
2909 873 2962 910 τι
3005 858 3277 927 κρεῖττον,
3312 854 3651 925 ἐκπίπτομεν

2076 955 2168 1010 τοῦ
2195 954 2577 1026 προκειμένου.
3570 1010 3575 1014 _

2151 1046 2264 1102 Τοῦ
2308 1045 2513 1103 αὐτοῦ.
2571 1046 2634 1098 υἱ
2690 1038 2784 1098 οῦν
2834 1045 2908 1117 μὴ
2952 1044 3230 1107 ποιοῦντες
3279 1042 3475 1106 πάντα,
3525 1040 3559 1113 ἢ
3601 1041 3649 1094 oi

2077 1140 2257 1194 πλεῖόν
2281 1157 2333 1192 τι
2362 1137 2659 1203 ποιοῦντες,
2692 1138 3017 1210 παράνομοι.

2147 1230 2275 1285 Πᾶν
2300 1228 2522 1298 κτῆνος
2558 1227 2856 1296 διχηλοῦν
2885 1228 3108 1298 ὁπλὴν,
3158 1228 3255 1283 καὶ
3280 1225 3509 1296 ἀνάγον
3541 1244 3652 1296 μη-

2067 1327 2389 1395 ρυκισμόν.
2420 1324 2494 1377 Τὸ
2541 1324 2639 1394 μὲν
2683 1323 2917 1395 διχηλεῖν
2942 1324 3034 1377 ἐπὶ
3072 1323 3172 1393 τῆς
3206 1323 3395 1394 ὁπλῆς,
3422 1321 3519 1393 τὴν
3555 1338 3651 1375 πο·

2079 1419 2227 1491 ρείαν
2254 1416 2376 1471 καθ’
2402 1416 2470 1488 ἣν
2502 1416 2638 1488 πρὸς
2663 1418 2771 1471 πᾶν
2796 1418 2975 1470 ὁτιοῦν
2997 1416 3267 1488 ἐρχόμεθα
3291 1416 3402 1470 τῶν
3430 1413 3651 1483 ἀγαθῶν

2080 1510 2507 1581 σπουδασμάτων
2532 1510 2840 1581 ὲμφάνειεν·
2860 1510 2958 1564 ὁδὲ
2989 1509 3353 1582 μηρυκισμὸς,
3375 1512 3436 1562 τὸ
3466 1498 3654 1563 ἄνωτὲ

402 1611 579 1672 plura:
623 1599 884 1654 divinitus
930 1597 1207 1666 inspirata:
1254 1597 1444 1661 verba,
1474 1604 1528 1651 et
1559 1595 1725 1650 veluti
1770 1594 1968 1650 iterum

2079 1606 2169 1658 καὶ
2194 1605 2344 1659 κάτω
2376 1604 2551 1656 ποιεῖν
2579 1604 2679 1674 τῆς
2727 1603 3085 1657 θεοπνεύστου
3132 1604 3354 1674 Γραφῆς
3399 1603 3524 1666 τοὺς
3568 1601 3657 1655 λό-

403 1667 660 1748 mandere
685 1699 741 1745 et
790 1688 1163 1745 comminuere
1208 1686 1741 1759 perscrutationibus
1765 1686 1974 1744 occulta

2081 1716 2232 1768 γους,
2256 1697 2348 1751 καὶ
2373 1691 2483 1751 οἷον
2516 1667 2898 1766 ἀναμασᾶσθαι
2929 1696 3022 1749 καὶ
3052 1667 3475 1749 καταλεπτύνειν
3500 1693 3658 1767 ἐρεύ-

402 1784 760 1840 theoremata.

475 1876 670 1932 Omnia
693 1876 883 1946 quibus
908 1884 1027 1929 sunt
1050 1874 1106 1929 in
1128 1874 1200 1929 eis
1223 1872 1464 1943 pennata:
1488 1879 1539 1927 et
1563 1886 1815 1943 squamae,
1833 1886 1977 1925 com-

400 1969 565 2024 edetis
600 1967 668 2023 ⁷⁸.
709 1966 981 2032 Volatilia,
1024 1966 1256 2036 opinor,
1305 1977 1643 2033 quacunque
1679 1973 1832 2034 palos
1873 1963 1974 2017 ha-

403 2064 531 2119 bent
581 2062 721 2117 infra
765 2076 937 2133 genua
966 2075 1130 2130 supra
1178 2059 1364 2129 pedes,
1400 2056 1516 2112 vult
1561 2071 1680 2112 esse
1731 2055 1973 2122 munda;

403 2168 740 2225 quacunque
768 2162 948 2207 autem
982 2167 1087 2206 non
1112 2150 1330 2215 habent,
1367 2164 1488 2204 esse
1518 2149 1817 2204 immunda.

472 2244 839 2300 Festivitatem
866 2242 1322 2297 tabernaculorum
1348 2241 1510 2311 {acies
1533 2241 1627 2295 tibi
1649 2250 1838 2310 septem
1865 2240 1976 2293 die-

402 2338 497 2392 bus
521 2338 587 2390 τ’.
626 2336 929 2390 Invenimus
954 2335 1009 2389 in
1037 2332 1336 2403 Scripturis
1360 2347 1555 2387 nomen
1585 2331 1895 2387 festivitatis
1921 2340 1979 2386 et

404 2427 787 2493 solemnitatis,
823 2435 882 2481 ut
909 2441 1034 2482 cum
1073 2428 1337 2496 propheta
1370 2423 1574 2479 dicit"
1613 2441 1626 2476 :
1660 2441 1679 2475 ι
1714 2422 1854 2489 Quid
1893 2421 1976 2476 fa-

400 2521 557 2577 cietis
585 2521 641 2575 in
676 2521 762 2576 die
786 2518 1174 2582 solemnitatis,
1203 2528 1257 2573 et
1286 2518 1337 2571 in
1377 2516 1466 2571 die
1512 2516 1832 2572 festivitatis
1869 2513 1974 2569 Do-

401 2614 572 2670 mini?
622 2632 641 2666 »
689 2613 1047 2681 Quaerendum
1088 2622 1172 2669 est
1225 2611 1523 2667 discrimen
1573 2610 1879 2666 festivitatis
1920 2618 1976 2667 et

400 2709 784 2767 solemnitatis.
807 2705 997 2764 Omnis
1019 2708 1230 2777 itaque,
1262 2714 1324 2761 ut
1358 2707 1431 2760 ita
1458 2705 1659 2771 dicam,
1691 2704 1805 2760 dies
1837 2703 1976 2759 hila-

402 2803 478 2859 ris
500 2801 554 2856 in
584 2816 689 2871 qua
717 2801 919 2857 eximia
956 2799 1203 2872 quaedam
1238 2798 1625 2869 praecipiuntur
1651 2812 1771 2866 qua:
1796 2797 1848 2850 in
1871 2810 1975 2851 cae-

403 2897 536 2952 teris
566 2912 675 2951 non
706 2895 866 2962 fiunt,
892 2894 1167 2950 festivitas
1206 2902 1453 2949 vocatur.
1504 2893 1621 2947 Non
1649 2890 1829 2946 omnis
1876 2904 1975 2944 au-

404 2998 509 3046 tem
546 2987 814 3043 festivitas
840 2997 924 3043 est
953 2986 1295 3048 solemnitas.
1326 2987 1420 3041 sed
1444 3001 1565 3041 cum
1603 2984 1760 3055 juxta
1794 2984 1962 3040 nomi-

402 3080 487 3135 nis
523 3078 901 3151 etymologiam
951 3078 1308 3148 nndequaque
1352 3078 1681 3132 conveniunt
1735 3074 1974 3141 Hebraei,

403 3172 478 3226 ita
509 3181 570 3225 ut
591 3170 749 3239 juxta
800 3168 930 3223 illud
976 3168 1291 3224 solemnitas
1320 3170 1396 3223 sit
1436 3168 1731 3234 festivitas,
1782 3176 1836 3222 at
1866 3182 1978 3223 non

401 3264 522 3318 vice
544 3276 700 3316 versa
731 3259 1003 3316 festivitas
1030 3261 1254 3315 omnino
1302 3261 1374 3315 sit
1421 3259 1587 3330 390
1634 3258 1974 3315 solemnitas.

402 3355 648 3428 Exempli
697 3369 862 3409 causa
919 3354 1145 3409 sabbata
1211 3362 1268 3409 et
1326 3354 1595 3407 novilunia
1656 3351 1978 3407 festivitates

402 3450 564 3514 sunt;
596 3461 783 3518 azyma
809 3458 938 3500 vero
965 3445 1159 3500 etdies
1190 3445 1649 3500 hebdomadarum
1687 3457 1751 3497 ac
1788 3457 1977 3497 sceno-

403 3541 592 3611 pegite,
648 3554 755 3594 non
798 3537 974 3593 solum
1009 3535 1340 3592 festivitates
1365 3544 1514 3601 sunt,
1545 3534 1640 3589 sed
1689 3536 1855 3588 etiam
1889 3549 1978 3589 so-

401 3633 738 3695 lemnitates,
792 3630 1011 3701 quando
1040 3642 1201 3685 omne
1237 3627 1594 3683 masculinum
1625 3625 1848 3697 jubetur
1875 3641 1975 3697 ap-

403 3737 598 3793 parere
622 3722 678 3778 in
711 3729 1001 3793 conspectu
1053 3720 1268 3777 Domini
1315 3720 1400 3776 sui
1428 3720 1483 3774 in
1513 3720 1634 3774 loco
1673 3732 1832 3788 quem
1859 3718 1975 3774 ele~

403 3817 564 3888 gerit.

476 3906 602 3962 Non
646 3907 927 3962 dimovebis
974 3906 1105 3976 ﬁnes
1150 3904 1381 3976 proximi
1407 3906 1473 3960 ⁷⁸.
1524 3904 1813 3963 Proximus
1833 3917 1976 3976 saepe

403 4002 581 4056 omnis
610 4000 772 4057 homo
808 3999 1029 4056 dicitur.

473 4096 751 4166 Ejusdem.
788 4094 972 4166 Neque
1002 4094 1145 4150 enim
1172 4102 1391 4164 oportet
1417 4093 1629 4149 vicinos
1657 4106 1781 4149 sese
1830 4090 1974 4146 invi-

404 4205 521 4246 cem
574 4189 856 4256 fraudare,
910 4202 1088 4260 neque
1142 4186 1524 4258 transponendi
1575 4195 1702 4241 sunt
1757 4182 1974 4240 termini

403 4298 541 4353 quos
574 4284 799 4355 pulchre
824 4291 1008 4353 patres
1036 4288 1352 4353 posuerunt.
1383 4278 1522 4335 Hinc
1565 4280 1712 4336 enim
1736 4277 1976 4332 nascitur

2081 1806 2199 1853 ναις
2229 1788 2295 1843 τὰ
2323 1786 2679 1858 κεκρυμμένα
2709 1786 2817 1840 τῶν
2841 1785 3231 1859 θεωρημάτων.

2144 1881 2349 1935 Πάντα
2388 1879 2506 1933 ὅσα
2542 1879 2715 1934 ἐστίν
2754 1879 2826 1933 ἐν
2848 1879 3054 1945 αὐτοῖς
3094 1881 3379 1950 πτερύγια
3420 1879 3521 1935 καὶ
3557 1883 3658 1935 ,ιε-

2081 1975 2270 2041 πίδες,
2298 1973 2580 2043 φάγεσθε.
2606 1972 2726 2028 Τῶν
2752 1973 2969 2044 πτηνῶν
3002 1968 3155 2045 οἶμαι
3192 1974 3295 2027 ὅσα
3336 1974 3435 2045 μὲν
3473 1974 3656 2028 σκόλο-

2081 2084 2190 2129 πας
2232 2065 2345 2135 ἔχει
2397 2064 2696 2136 κατωτέρω
2736 2064 2844 2119 τῶν
2879 2065 3123 2134 γονάτων
3168 2066 3309 2139 ὑπὲρ
3345 2066 3445 2130 τὰς
3471 2066 3656 2137 βάσεις

2080 2159 2298 2232 καθαρὰ
2337 2156 2473 2213 εἶναι
2507 2158 2775 2231 βούλεται’
2800 2160 2901 2214 ὅσα
2929 2160 2987 2213 δὲ
3017 2161 3113 2231 μὴ,
3138 2160 3443 2233 ἀκάθαρτα.

2163 2252 2405 2321 Ἐορτὴν
2419 2251 2667 2320 σκηνῶν
2690 2252 2965 2319 ποιήσεις
2988 2251 3223 2318 σεαυτῷ
3243 2254 3394 2308 ἑπτὰ
3412 2252 3650 2324 ἡμέρας.

2081 2327 2421 2417 Εὑρίσκομεν
2448 2346 2506 2398 ἐν
2542 2347 2663 2409 ταῖς
2692 2346 2933 2414 Γραφαῖς
2960 2346 3020 2399 τὸ
3038 2345 3208 2417 ὄνομα
3232 2346 3334 2417 τῆς
3355 2348 3544 2419 ἑορτῆς
3563 2348 3654 2401 καὶ

2077 2440 2177 2510 τῆς
2205 2436 2582 2509 πανηγύρεως,
2608 2435 2797 2509 ὥσπερ
2828 2436 2980 2509 παρὰ
3017 2436 3094 2507 τῷ
3133 2439 3385 2509 προφήτῃ
3413 2438 3618 2506 λέγοντι
3636 2454 3649 2468 ·

2085 2552 2105 2584 ι
2141 2531 2206 2584 Τί
2233 2532 2487 2601 ποιήσετε
2523 2531 2581 2583 ἐν
2628 2529 2812 2602 ἡμέρα
2850 2528 3206 2603 πανηγύρεως
3242 2532 3338 2585 καὶ
3374 2532 3435 2584 ἐν
3474 2531 3655 2604 ἡμέρᾳ

2080 2624 2276 2697 ἑορτῆς
2303 2623 2542 2696 Κυρίους
2578 2641 2598 2675 ι
2630 2622 2898 2695 Ζητητέον
2924 2621 3024 2693 τὴν
3053 2622 3314 2694 διαφορὰν
3345 2622 3540 2695 ἑορτῆς
3561 2623 3656 2677 καὶ

2080 2708 2463 2782 πανηγύρεως.
2503 2708 2661 2761 Πᾶσα
2706 2708 2804 2778 μὲν
2844 2703 2959 2772 οὖν,
2989 2708 3054 2762 ἵν’
3084 2708 3258 2773 οὕτως
3296 2709 3455 2773 εἴπω,
3499 2710 3657 2781 ἱλαρὰ

2080 2804 2282 2876 ἡμέρα,
2327 2803 2386 2856 ἐν
2438 2795 2473 2875 ᾖ
2534 2801 2934 2872 προστέτακται
2972 2802 3049 2866 ὡς
3092 2804 3150 2857 ἐν
3189 2803 3322 2875 ἁγίᾳ
3366 2802 3495 2856 τάδε
3539 2807 3656 2858 τινὰ

2079 2890 2232 2962 παρὰ
2273 2890 2372 2956 τὰς
2414 2891 2606 2957 λοιπὰς
2633 2896 2803 2947 ποιεῖν
2839 2892 3114 2966 ἐξαίρετα,
3158 2893 3320 2966 ἑορτὴ
3376 2895 3653 2950 καλεῖται’

2077 2984 2138 3037 οὐ
2170 2985 2319 3037 πᾶσα
2345 2984 2402 3037 δέ
2433 2986 2547 3039 ἐστι
2575 2988 2897 3059 πανήγυρις,
2934 2984 3073 3039 ἀλλὰ
3106 2984 3244 3048 κατὰ
3271 2986 3332 3039 τὸ
3354 2985 3544 3059 ὄνομα,
3568 2988 3657 3042 ὅτε

2080 3076 2173 3129 ἐπὶ
2195 3076 2257 3130 τὸ
2299 3076 2432 3131 αὐτὸ
2466 3077 2900 3150 συναθροίζονται
2940 3080 2990 3131 οί
3032 3079 3367 3149 πανταχόθεν
3396 3078 3656 3151 Ἑϐραῖοι,

2080 3167 2220 3222 ὥστε
2258 3168 2401 3223 κατὰ
2431 3169 2591 3224 τοῦτο
2622 3170 2719 3242 τὴν
2763 3170 2862 3241 μὲν
2902 3171 3205 3243 πανήγυριν
3253 3166 3396 3227 εἶναι
3440 3172 3653 3245 ἑορτὴν,

2079 3266 2263 3321 οὐκέτι
2294 3266 2351 3320 δὲ
2382 3268 2598 3332 πάντως
2628 3266 2727 3340 τὴν
2753 3265 2947 3338 ἑορτὴν
2986 3266 3291 3337 πανήγυριν
3310 3283 3324 3296 ·
3375 3261 3485 3321 οἷον
3526 3265 3658 3321 σάϐ-

2081 3360 2220 3414 ϐατα
2253 3358 2347 3413 καὶ
2384 3360 2690 3432 νεομηνίαι,
2715 3358 2900 3430 ἑορταί
2935 3360 3103 3413 εἰσιν·
3147 3358 3333 3429 ἄζυμα
3376 3360 3434 3413 δὲ
3465 3360 3560 3415 καὶ
3599 3360 3657 3413 αἱ

2081 3451 2282 3524 ἡμέραι
2323 3449 2433 3505 τῶν
2466 3451 2773 3522 ἑϐδομάδων
2799 3451 2894 3505 καὶ
2921 3450 3284 3522 σκηνοπηγίαι
3309 3452 3372 3504 ού
3404 3451 3566 3523 μόνον
3600 3453 3660 3507 αἱ

2082 3543 2285 3615 ἑορταὶ,
2312 3541 2449 3596 ἀλλὰ
2489 3544 2581 3597 καὶ
2605 3542 2961 3615 πανηγύρεις,
2995 3543 3083 3596 ὅτε
3122 3542 3522 3615 προστέτακται
3550 3547 3659 3599 πᾶν

2080 3632 2364 3704 ἀρσενικὸν
2390 3632 2671 3702 φαίνεσθαι
2699 3631 2929 3687 ἐνώπιον
2953 3631 3159 3705 Κυρίου
3184 3632 3426 3692 τοῦΘεοῦ
3458 3652 3551 3689 σου
3574 3638 3658 3702 είς

2079 3724 2170 3780 τὸν
2211 3726 2372 3779 τόπον
2400 3725 2460 3779 ὂν
2487 3724 2553 3781 ἂν
2579 3724 2883 3797 ἐκλέξηται.

2155 3911 2239 3965 Οὐ
2284 3909 2708 3982 μετακινήσεις
2736 3910 2867 3979 ὅρια
2909 3909 3016 3965 τοῦ
3053 3910 3325 3981 πλησίον
3346 3926 3483 3966 σου.
3510 3911 3658 3984 Πλη-

2081 4000 2195 4055 σίον
2222 4002 2488 4074 πολλαχοῦ
2516 4005 2623 4067 πᾶς
2647 4002 2929 4074 ἄνθρωπος
2959 4002 3194 4075 εἴρηται.

2155 4095 2267 4149 Τοῦ
2305 4096 2509 4151 αὐτοῦ.
2534 4095 2671 4149 Οὔτε
2705 4095 2813 4166 γὰρ
2840 4095 2921 4149 δεῖ
2944 4097 3071 4161 τοὺς
3104 4096 3272 4161 πέλας
3292 4096 3657 4164 πλεονεκτεῖν,

2078 4186 2200 4240 οὐδὲ
2240 4188 2367 4252 τοὺς
2406 4189 2514 4244 τῶν
2546 4188 2798 4261 πατέριον
2829 4190 2987 4261 ὅρους
3034 4189 3111 4254 ὡς
3160 4189 3342 4255 καλῶς
3384 4191 3658 4261 παγέντας

2081 4279 2494 4350 παρακελεύειν.
2556 4278 2726 4336 Τοῦτο
2764 4280 2874 4351 γὰρ
2903 4281 3075 4336 αἴτιον
3116 4279 3296 4353 πάσης
3337 4281 3655 4352 συγχύσεως

403 4375 579 4430 omnis
599 4374 867 4442 confusio,
894 4375 1019 4430 dum
1037 4371 1366 4428 contermini
1394 4370 1645 4441 injuriam
1670 4371 1974 4440 patiuntur,

2080 4369 2254 4437 ἔσται,
2291 4370 2403 4426 τῶν
2455 4372 2553 4444 μὲν
2585 4371 2929 4444 ὁμορούντων
2962 4373 3038 4438 ὡς
3072 4373 3463 4444 ἀδικουμένων,
3497 4391 3656 4447 περι-

403 4473 462 4518 et
506 4466 807 4521 contemtui
865 4466 1136 4521 habentur
1181 4466 1275 4536 qui
1324 4464 1592 4519 terminos
1655 4466 1973 4533 posuerunt.

404 4554 721 4612 Proximum
759 4557 981 4628 quidam
1012 4557 1286 4628 appellant
1311 4569 1526 4611 omnem
1572 4555 1870 4610 hominem.

477 4645 535 4701 Si
576 4657 751 4702 autem
794 4648 1043 4703 institerit
1089 4651 1239 4704 testis
1286 4649 1521 4718 injustas
1571 4657 1757 4702 contra
1803 4644 1976 4700 homi-

405 4754 524 4793 nem
545 4736 610 4791 '°.
640 4736 767 4793 Haec
796 4739 1012 4808 quidem
1045 4738 1132 4795 lex
1161 4739 1229 4794 ad
1270 4738 1514 4794 inﬁrmos
1535 4738 1842 4802 lsraelitas;
1873 4737 1980 4791 Do-

407 4831 585 4885 minus
634 4841 814 4885 autem
873 4830 964 4900 qui
1026 4832 1141 4888 haec
1196 4831 1479 4903 praecepit,
1527 4829 1811 4900 discipulis
1862 4827 1976 4885 suis

405 4925 484 4979 ait
512 4921 598 4976 “z
635 4940 655 4974 ι
694 4923 935 4979 Audistis
968 4923 1097 4995 quia
1151 4924 1354 4979 dictum
1401 4931 1486 4979 est
1543 4938 1559 4976 :
1606 4922 1829 4980 Oculum
1875 4936 1974 4993 pro

406 5014 587 5080 oculo,
618 5033 638 5068 ι
670 5024 725 5071 et
754 5024 971 5075 caetera.
1003 5034 1023 5069 ι
1071 5016 1185 5089 Ego
1207 5026 1387 5073 autem
1416 5016 1541 5071 dico
1565 5015 1721 5071 vobis
1750 5029 1858 5071 non
1887 5029 1975 5071 re-

403 5110 596 5164 sistere
621 5108 813 5165 malon
1362 5152 1374 5183 I
1790 5124 1795 5127 -

477 5198 755 5269 Ejusdem.
783 5197 907 5256 Haec
938 5200 1157 5272 quidem
1197 5201 1253 5255 in
1287 5198 1635 5257 sensibilibus
1656 5208 1711 5254 et
1750 5201 1979 5255 munda-

405 5292 490 5347 nis
540 5292 717 5347 locum
756 5294 987 5361 habent;
1032 5292 1098 5349 ad
1152 5302 1376 5365 peccata
1422 5307 1553 5349 vero
1613 5301 1798 5349 nostra
1833 5292 1977 5361 quod

406 5385 621 5449 attinet,
652 5386 793 5441 Deus
819 5386 966 5442 nullo
991 5394 1128 5443 teste
1156 5387 1380 5459 indiget.
1405 5385 1524 5456 ipse
1561 5385 1710 5443 enim
1732 5383 1974 5442 omnium

404 5479 683 5546 inspector
709 5490 791 5535 est
816 5491 870 5536 et
897 5481 1088 5552 judex.

474 5619 700 5675 "Deut.
731 5634 833 5684 xu,
862 5620 952 5677 52.
1026 5619 1228 5675 "ihid.
1269 5635 1380 5686 xlv,
1425 5619 1481 5676 6.
1560 5620 1606 5654 "
1633 5617 1767 5678 ibid.
1792 5616 1848 5677 9.

405 5688 452 5722 ⁶⁰
485 5690 639 5747 Deut.
692 5705 810 5757 χιι,
846 5692 932 5750 16.
1011 5692 1055 5726 ⁸⁸
1081 5691 1275 5750 Matth.
1297 5708 1353 5763 ν,
1383 5691 1474 5749 38.

1953 5617 1999 5652 "
2033 5615 2193 5715 Deut.
2243 5638 2354 5691 xvr,
2386 5623 2475 5683 t3.

2083 4464 2467 4536 φρονουμένων
2506 4464 2565 4517 δὲ
2599 4464 2711 4518 τῶν
2758 4465 3079 4538 όρισάντων.
3133 4465 3366 4538 Πλησίον
3407 4466 3468 4521 δέ
3514 4484 3657 4531 τινες

2081 4556 2259 4612 πάντα
2280 4555 2566 4629 ἄνθρωπον
2592 4556 2857 4627 λέγουσιν.

2166 4648 2302 4705 Ἐὰν
2333 4648 2403 4703 δὲ
2427 4648 2699 4719 καταστῇ
2728 4649 2963 4720 μάρτυς
2989 4649 3193 4718 ἄδικος
3240 4651 3392 4707 κατὰ
3428 4652 3655 4723 ἀνθρώ-

2082 4755 2221 4796 που.
2241 4738 2427 4794 Ταῦτα
2463 4741 2562 4811 μὲν
2590 4743 2619 4794 ό
2644 4740 2805 4812 νόμος
2847 4740 2983 4814 πρὸς
3008 4741 3252 4807 ἀσθενεῖς
3281 4744 3409 4807 τοὺς
3447 4744 3657 4815 Ἰσραη-

2079 4831 2265 4895 λίτας·
2294 4833 2323 4885 ό
2345 4831 2402 4884 δὲ
2432 4832 2636 4904 Κύριος
2672 4835 2701 4886 ὁ
2736 4833 2910 4886 ταῦτα
2933 4834 3296 4906 νομοθετήσας
3320 4837 3431 4899 τοῖς
3462 4833 3654 4890 ἐαυτοῦ

2084 4926 2350 4999 μαθηταῖς
2377 4942 2559 4997 φησιν·
2601 4945 2621 4979 ι
2664 4926 2960 4982 Ἠκούσατε
3002 4929 3328 5004 ὄτιέρῤήθη,
3356 4926 3655 5000 Ὀφθαλμὸν

2082 5017 2204 5073 ἀντὶ
2237 5017 2537 5091 ὀφθαλμοῦ,
2573 5039 2592 5073 ι
2614 5019 2706 5073 καὶ
2731 5019 2799 5073 τὰ
2842 5017 2992 5094 ἑξῆς,
3024 5040 3044 5075 ι
3095 5019 3234 5090 Ἐγὼ
3260 5020 3317 5074 δὲ
3339 5020 3483 5090 λέγω
3506 5023 3653 5093 ὑμῖν,

2086 5113 2160 5184 μὴ
2186 5112 2499 5184 ἀντιστῆναι
2520 5113 2598 5184 τῷ
2626 5112 2865 5185 πονηρῷ.
2910 5130 2930 5164 ι

2160 5205 2269 5261 Τοῦ
2293 5206 2496 5261 αὑτοῦ.
2523 5205 2708 5260 Ταῦτα
2743 5206 2840 5276 μὲν
2872 5204 2965 5257 ἐπὶ
2985 5203 3241 5276 αἰσθητοῦ
3272 5205 3367 5259 καὶ
3391 5204 3500 5258 τῶν
3516 5189 3657 5259 κατὰ

2081 5298 2305 5371 κόσμον,
2358 5300 2452 5353 ἐπὶ
2499 5299 2555 5353 δὲ
2618 5298 2725 5353 τῶν
2779 5297 3182 5370 ἡμαρτημένων
3229 5298 3383 5369 ἡμῖν,
3445 5296 3655 5360 οὐδενὸς

2079 5390 2250 5447 δεῖται
2294 5393 2444 5459 Θεός.
2474 5393 2645 5457 Αὐτὸς
2690 5390 2799 5465 γὰρ
2826 5391 3068 5462 ἐπόπτης
3106 5392 3361 5447 ἁπάντων
3396 5392 3492 5446 καὶ
3539 5406 3651 5463 κριο

2081 5485 2204 5555 τής.

2584 5624 2632 5658 ⁷⁸
2668 5622 2796 5682 Ose.
2843 5638 2922 5693 Ix,
2971 5622 3025 5679 5.
3065 5682 3080 5695 _
3129 5620 3357 5677 "Deut.
3406 5633 3523 5683 xix.
3566 5613 3653 5673 ﬂ.
