  <div class='ocr_page' id='page_1' title='image "/cluster/home/n/w/nwhite01/storage/ocr_20150623/12/mdp.39015028786690/416.png"; bbox 0 0 4050 6148; ppageno 0'>
   <div class='ocr_carea' id='block_1_1' title="bbox 380 192 502 255">
    <p class='ocr_par' dir='ltr' id='par_1_1' title="bbox 380 192 502 255">
     <span class='ocr_line' id='line_1_1' title="bbox 380 192 502 255; baseline -0.008 -8"><span class='ocrx_word' id='word_1_1' title='bbox 380 192 502 255; x_wconf 21' lang='grc'><strong>,813</strong></span> 
     </span>
    </p>
   </div>
   <div class='ocr_carea' id='block_1_2' title="bbox 1585 194 2433 258">
    <p class='ocr_par' dir='ltr' id='par_1_2' title="bbox 1585 194 2433 258">
     <span class='ocr_line' id='line_1_2' title="bbox 1585 194 2433 258; baseline 0.006 -6"><span class='ocrx_word' id='word_1_2' title='bbox 1585 194 1896 254; x_wconf 74' lang='lat' dir='ltr'><strong>SELECTA</strong></span> <span class='ocrx_word' id='word_1_3' title='bbox 1929 197 1996 254; x_wconf 90' lang='lat' dir='ltr'><strong>IN</strong></span> <span class='ocrx_word' id='word_1_4' title='bbox 2034 196 2433 258; x_wconf 84' lang='lat' dir='ltr'><strong>DEUTERON.</strong></span> 
     </span>
    </p>
   </div>
   <div class='ocr_carea' id='block_1_3' title="bbox 3557 207 3660 266">
    <p class='ocr_par' dir='ltr' id='par_1_3' title="bbox 3557 207 3660 266">
     <span class='ocr_line' id='line_1_3' title="bbox 3557 207 3660 266; baseline -0.01 0"><span class='ocrx_word' id='word_1_5' title='bbox 3557 207 3660 266; x_wconf 73' lang='lat' dir='ltr'><strong>8H</strong></span> 
     </span>
    </p>
   </div>
   <div class='ocr_carea' id='block_1_4' title="bbox 473 310 1973 398">
    <p class='ocr_par' dir='ltr' id='par_1_4' title="bbox 473 310 1973 393">
     <span class='ocr_line' id='line_1_4' title="bbox 473 310 1973 393; baseline 0.009 -30"><span class='ocrx_word' id='word_1_6' title='bbox 473 310 572 376; x_wconf 83' lang='grc' dir='ltr'>Τις</span> <span class='ocrx_word' id='word_1_7' title='bbox 613 313 646 364; x_wconf 85' lang='grc' dir='ltr'><em>ό</em></span> <span class='ocrx_word' id='word_1_8' title='bbox 687 310 1002 380; x_wconf 75' lang='grc' dir='ltr'>ἄνθρωπος</span> <span class='ocrx_word' id='word_1_9' title='bbox 1042 316 1075 367; x_wconf 86' lang='grc' dir='ltr'><strong><em>ό</em></strong></span> <span class='ocrx_word' id='word_1_10' title='bbox 1115 315 1502 385; x_wconf 68' lang='grc' dir='ltr'>φοϐούμενος.</span> <span class='ocrx_word' id='word_1_11' title='bbox 1543 316 1606 371; x_wconf 88' lang='lat'><strong>&#39;0</strong></span> <span class='ocrx_word' id='word_1_12' title='bbox 1631 322 1744 384; x_wconf 90' lang='grc' dir='ltr'>τοῖς</span> <span class='ocrx_word' id='word_1_13' title='bbox 1774 323 1973 393; x_wconf 79' lang='grc' dir='ltr'>γηῒνοις</span> 
     </span>
    </p>
   </div>
   <div class='ocr_carea' id='block_1_5' title="bbox 2076 310 3663 398">
    <p class='ocr_par' dir='ltr' id='par_1_5' title="bbox 2156 322 3663 398">
     <span class='ocr_line' id='line_1_5' title="bbox 2156 322 3663 398; baseline 0.011 -23"><span class='ocrx_word' id='word_1_14' title='bbox 2156 322 2287 388; x_wconf 67' lang='lat' dir='ltr'><strong>Qui:</strong></span> <span class='ocrx_word' id='word_1_15' title='bbox 2329 333 2407 378; x_wconf 76' lang='lat' dir='ltr'><strong>est</strong></span> <span class='ocrx_word' id='word_1_16' title='bbox 2443 324 2598 380; x_wconf 85' lang='lat' dir='ltr'><strong>homo</strong></span> <span class='ocrx_word' id='word_1_17' title='bbox 2639 327 2826 382; x_wconf 76' lang='lat' dir='ltr'><strong>timens</strong></span> <span class='ocrx_word' id='word_1_18' title='bbox 2861 327 2928 382; x_wconf 78' lang='grc'><strong>⁸³.</strong></span> <span class='ocrx_word' id='word_1_19' title='bbox 2976 330 3077 398; x_wconf 88' lang='lat' dir='ltr'><strong>Qui</strong></span> <span class='ocrx_word' id='word_1_20' title='bbox 3130 331 3364 389; x_wconf 82' lang='lat' dir='ltr'><strong>terrenis</strong></span> <span class='ocrx_word' id='word_1_21' title='bbox 3417 335 3663 392; x_wconf 77' lang='lat' dir='ltr'><strong>addictus</strong></span> 
     </span>
    </p>
   </div>
   <div class='ocr_carea' id='block_1_6' title="bbox 394 407 1982 490">
    <p class='ocr_par' dir='ltr' id='par_1_6' title="bbox 394 407 1982 490">
     <span class='ocr_line' id='line_1_6' title="bbox 394 407 1982 490; baseline 0.009 -31"><span class='ocrx_word' id='word_1_22' title='bbox 394 407 715 480; x_wconf 67' lang='grc' dir='ltr'>ἐγκείμενος</span> <span class='ocrx_word' id='word_1_23' title='bbox 739 408 832 463; x_wconf 63' lang='grc' dir='ltr'><strong>καλ⁸</strong></span> <span class='ocrx_word' id='word_1_24' title='bbox 850 409 1028 464; x_wconf 77' lang='grc' dir='ltr'>οἰκίαν</span> <span class='ocrx_word' id='word_1_25' title='bbox 1055 411 1374 483; x_wconf 74' lang='grc' dir='ltr'>οἰκοδομῶν,</span> <span class='ocrx_word' id='word_1_26' title='bbox 1405 414 1500 466; x_wconf 69' lang='grc' dir='ltr'>καὶ</span> <span class='ocrx_word' id='word_1_27' title='bbox 1528 417 1773 482; x_wconf 79' lang='grc' dir='ltr'>φυτεύων</span> <span class='ocrx_word' id='word_1_28' title='bbox 1801 418 1982 490; x_wconf 84' lang='grc' dir='ltr'>ἀμπε-</span> 
     </span>
    </p>
   </div>
   <div class='ocr_carea' id='block_1_7' title="bbox 394 499 1984 579">
    <p class='ocr_par' dir='ltr' id='par_1_7' title="bbox 394 499 1984 579">
     <span class='ocr_line' id='line_1_7' title="bbox 394 499 1984 579; baseline 0.006 -25"><span class='ocrx_word' id='word_1_29' title='bbox 394 499 591 568; x_wconf 86' lang='grc' dir='ltr'>λῶνας,</span> <span class='ocrx_word' id='word_1_30' title='bbox 635 506 757 566; x_wconf 85' lang='grc' dir='ltr'>ταῖς</span> <span class='ocrx_word' id='word_1_31' title='bbox 795 503 1172 574; x_wconf 82' lang='grc' dir='ltr'>φιλοσαρκίαις</span> <span class='ocrx_word' id='word_1_32' title='bbox 1215 505 1420 577; x_wconf 77' lang='grc' dir='ltr'>ἡδονῶν</span> <span class='ocrx_word' id='word_1_33' title='bbox 1458 505 1788 579; x_wconf 78' lang='grc' dir='ltr'><strong>ἡττώμενος,</strong></span> <span class='ocrx_word' id='word_1_34' title='bbox 1832 510 1984 566; x_wconf 76' lang='grc' dir='ltr'>ἔσται</span> 
     </span>
    </p>
   </div>
   <div class='ocr_carea' id='block_1_8' title="bbox 395 597 1307 663">
    <p class='ocr_par' dir='ltr' id='par_1_8' title="bbox 395 597 1307 663">
     <span class='ocr_line' id='line_1_8' title="bbox 395 597 1307 663; baseline 0 -11"><span class='ocrx_word' id='word_1_35' title='bbox 395 597 616 662; x_wconf 84' lang='grc' dir='ltr'>πάντως</span> <span class='ocrx_word' id='word_1_36' title='bbox 640 597 812 662; x_wconf 86' lang='grc' dir='ltr'>δειλός</span> <span class='ocrx_word' id='word_1_37' title='bbox 841 616 902 650; x_wconf 91' lang='grc' dir='ltr'><strong>τε</strong></span> <span class='ocrx_word' id='word_1_38' title='bbox 941 600 1035 653; x_wconf 75' lang='grc' dir='ltr'><strong>καὶ</strong></span> <span class='ocrx_word' id='word_1_39' title='bbox 1061 599 1307 663; x_wconf 82' lang='grc' dir='ltr'><strong>ἄναλκις.</strong></span> 
     </span>
    </p>
   </div>
   <div class='ocr_carea' id='block_1_9' title="bbox 480 687 1981 768">
    <p class='ocr_par' dir='ltr' id='par_1_9' title="bbox 480 687 1981 768">
     <span class='ocr_line' id='line_1_9' title="bbox 480 687 1981 768; baseline 0.007 -26"><span class='ocrx_word' id='word_1_40' title='bbox 480 691 621 743; x_wconf 81' lang='grc' dir='ltr'><strong>Ἐὰν</strong></span> <span class='ocrx_word' id='word_1_41' title='bbox 661 689 729 744; x_wconf 79' lang='grc' dir='ltr'>δέ</span> <span class='ocrx_word' id='word_1_42' title='bbox 766 707 884 745; x_wconf 83' lang='grc' dir='ltr'>τινι</span> <span class='ocrx_word' id='word_1_43' title='bbox 911 691 1041 757; x_wconf 83' lang='grc' dir='ltr'><strong>υὶός</strong></span> <span class='ocrx_word' id='word_1_44' title='bbox 1066 693 1318 760; x_wconf 78' lang='grc' dir='ltr'><strong>ἀπειθὴς</strong></span> <span class='ocrx_word' id='word_1_45' title='bbox 1442 694 1555 766; x_wconf 85' lang='grc' dir='ltr'><strong>Οὐχ</strong></span> <span class='ocrx_word' id='word_1_46' title='bbox 1578 695 1764 761; x_wconf 84' lang='grc' dir='ltr'>ἁπλῶς</span> <span class='ocrx_word' id='word_1_47' title='bbox 1799 698 1981 768; x_wconf 88' lang='grc' dir='ltr'>βούλε-</span> 
     </span>
    </p>
   </div>
   <div class='ocr_carea' id='block_1_10' title="bbox 390 781 1979 861">
    <p class='ocr_par' dir='ltr' id='par_1_10' title="bbox 390 781 1979 861">
     <span class='ocr_line' id='line_1_10' title="bbox 390 781 1979 861; baseline 0.005 -23"><span class='ocrx_word' id='word_1_48' title='bbox 390 800 484 838; x_wconf 85' lang='grc' dir='ltr'><strong>ται</strong></span> <span class='ocrx_word' id='word_1_49' title='bbox 505 781 842 854; x_wconf 79' lang='grc' dir='ltr'>ἀναιρεῖσθαι</span> <span class='ocrx_word' id='word_1_50' title='bbox 891 783 1089 848; x_wconf 76' lang='grc' dir='ltr'>αὐτοὺς</span> <span class='ocrx_word' id='word_1_51' title='bbox 1135 789 1674 858; x_wconf 79' lang='grc' dir='ltr'>παραπικραίνοντας</span> <span class='ocrx_word' id='word_1_52' title='bbox 1718 792 1842 854; x_wconf 84' lang='grc' dir='ltr'>τοὺς</span> <span class='ocrx_word' id='word_1_53' title='bbox 1885 809 1979 861; x_wconf 91' lang='grc' dir='ltr'>γο-</span> 
     </span>
    </p>
   </div>
   <div class='ocr_carea' id='block_1_11' title="bbox 395 874 1981 952">
    <p class='ocr_par' dir='ltr' id='par_1_11' title="bbox 395 874 1981 952">
     <span class='ocr_line' id='line_1_11' title="bbox 395 874 1981 952; baseline 0.006 -24"><span class='ocrx_word' id='word_1_54' title='bbox 395 877 526 937; x_wconf 71' lang='grc' dir='ltr'><strong>νείςο</strong></span> <span class='ocrx_word' id='word_1_55' title='bbox 573 874 685 927; x_wconf 87' lang='grc' dir='ltr'>ἀλλ’</span> <span class='ocrx_word' id='word_1_56' title='bbox 727 874 859 928; x_wconf 85' lang='grc' dir='ltr'>ὅταν</span> <span class='ocrx_word' id='word_1_57' title='bbox 900 875 1203 950; x_wconf 79' lang='grc' dir='ltr'>ἀμφότεροι</span> <span class='ocrx_word' id='word_1_58' title='bbox 1251 882 1682 950; x_wconf 83' lang='grc' dir='ltr'><strong>συμφωνήσωσιν</strong></span> <span class='ocrx_word' id='word_1_59' title='bbox 1719 883 1768 935; x_wconf 84' lang='grc' dir='ltr'>οἱ</span> <span class='ocrx_word' id='word_1_60' title='bbox 1807 887 1981 952; x_wconf 84' lang='grc' dir='ltr'>γονεῖς</span> 
     </span>
    </p>
   </div>
   <div class='ocr_carea' id='block_1_12' title="bbox 392 965 1980 1047">
    <p class='ocr_par' dir='ltr' id='par_1_12' title="bbox 392 965 1980 1047">
     <span class='ocr_line' id='line_1_12' title="bbox 392 965 1980 1047; baseline 0.006 -27"><span class='ocrx_word' id='word_1_61' title='bbox 392 965 540 1022; x_wconf 83' lang='grc' dir='ltr'><strong>κατά</strong></span> <span class='ocrx_word' id='word_1_62' title='bbox 587 966 680 1020; x_wconf 90' lang='grc' dir='ltr'><strong>τοῦ</strong></span> <span class='ocrx_word' id='word_1_63' title='bbox 717 969 925 1032; x_wconf 87' lang='grc' dir='ltr'>παιδός.</span> <span class='ocrx_word' id='word_1_64' title='bbox 965 969 1181 1042; x_wconf 79' lang='grc' dir='ltr'>Ἐπειδὴ</span> <span class='ocrx_word' id='word_1_65' title='bbox 1222 972 1332 1042; x_wconf 82' lang='grc' dir='ltr'>γὰρ</span> <span class='ocrx_word' id='word_1_66' title='bbox 1363 971 1429 1025; x_wconf 78' lang='grc' dir='ltr'><strong>ἄν</strong></span> <span class='ocrx_word' id='word_1_67' title='bbox 1459 990 1517 1026; x_wconf 84' lang='grc' dir='ltr'><strong>τε</strong></span> <span class='ocrx_word' id='word_1_68' title='bbox 1545 975 1573 1026; x_wconf 99' lang='lat'><strong>6</strong></span> <span class='ocrx_word' id='word_1_69' title='bbox 1615 975 1796 1047; x_wconf 82' lang='grc' dir='ltr'>πατὴρ</span> <span class='ocrx_word' id='word_1_70' title='bbox 1827 977 1980 1047; x_wconf 89' lang='grc' dir='ltr'>ὀργι-</span> 
     </span>
    </p>
   </div>
   <div class='ocr_carea' id='block_1_13' title="bbox 393 1060 1975 1142">
    <p class='ocr_par' dir='ltr' id='par_1_13' title="bbox 393 1060 1975 1142">
     <span class='ocr_line' id='line_1_13' title="bbox 393 1060 1975 1142; baseline 0.008 -29"><span class='ocrx_word' id='word_1_71' title='bbox 393 1060 520 1132; x_wconf 79' lang='grc' dir='ltr'>σθῇ,</span> <span class='ocrx_word' id='word_1_72' title='bbox 551 1060 644 1114; x_wconf 79' lang='grc' dir='ltr'><strong>καὶ</strong></span> <span class='ocrx_word' id='word_1_73' title='bbox 675 1061 882 1115; x_wconf 80' lang='grc' dir='ltr'>ἀνελεῖν</span> <span class='ocrx_word' id='word_1_74' title='bbox 920 1064 1140 1139; x_wconf 83' lang='grc' dir='ltr'><strong>ὁρμήσῃ</strong></span> <span class='ocrx_word' id='word_1_75' title='bbox 1172 1065 1264 1118; x_wconf 85' lang='grc' dir='ltr'>τὸν</span> <span class='ocrx_word' id='word_1_76' title='bbox 1304 1066 1438 1131; x_wconf 81' lang='grc' dir='ltr'>υἱὸν,</span> <span class='ocrx_word' id='word_1_77' title='bbox 1475 1069 1507 1139; x_wconf 87' lang='grc' dir='ltr'><strong>ή</strong></span> <span class='ocrx_word' id='word_1_78' title='bbox 1550 1071 1732 1142; x_wconf 83' lang='grc' dir='ltr'><strong>μήτηρ</strong></span> <span class='ocrx_word' id='word_1_79' title='bbox 1769 1072 1975 1142; x_wconf 78' lang='grc' dir='ltr'><strong>ἐπέχει·</strong></span> 
     </span>
    </p>
   </div>
   <div class='ocr_carea' id='block_1_14' title="bbox 390 1155 1979 1236">
    <p class='ocr_par' dir='ltr' id='par_1_14' title="bbox 390 1155 1979 1236">
     <span class='ocr_line' id='line_1_14' title="bbox 390 1155 1979 1236; baseline 0.005 -26"><span class='ocrx_word' id='word_1_80' title='bbox 390 1155 462 1210; x_wconf 79' lang='grc' dir='ltr'><strong>ἄν</strong></span> <span class='ocrx_word' id='word_1_81' title='bbox 487 1174 547 1209; x_wconf 88' lang='grc' dir='ltr'><strong>τε</strong></span> <span class='ocrx_word' id='word_1_82' title='bbox 574 1157 714 1229; x_wconf 80' lang='grc' dir='ltr'>αὑτὴ</span> <span class='ocrx_word' id='word_1_83' title='bbox 750 1160 1081 1232; x_wconf 74' lang='grc' dir='ltr'><strong>παροξυνθῇ,</strong></span> <span class='ocrx_word' id='word_1_84' title='bbox 1109 1162 1137 1213; x_wconf 93' lang='lat'><strong>6</strong></span> <span class='ocrx_word' id='word_1_85' title='bbox 1180 1163 1362 1236; x_wconf 85' lang='grc' dir='ltr'>πατὴρ</span> <span class='ocrx_word' id='word_1_86' title='bbox 1392 1166 1492 1218; x_wconf 82' lang='grc' dir='ltr'><strong>οὐκ</strong></span> <span class='ocrx_word' id='word_1_87' title='bbox 1517 1167 1601 1236; x_wconf 83' lang='grc' dir='ltr'><strong>ἐᾷ·</strong></span> <span class='ocrx_word' id='word_1_88' title='bbox 1636 1166 1730 1219; x_wconf 75' lang='grc' dir='ltr'><strong>καὶ</strong></span> <span class='ocrx_word' id='word_1_89' title='bbox 1757 1165 1979 1218; x_wconf 87' lang='grc' dir='ltr'>σπάνιον</span> 
     </span>
    </p>
   </div>
   <div class='ocr_carea' id='block_1_15' title="bbox 389 1247 1976 1322">
    <p class='ocr_par' dir='ltr' id='par_1_15' title="bbox 389 1247 1976 1322">
     <span class='ocr_line' id='line_1_15' title="bbox 389 1247 1976 1322; baseline 0.006 -22"><span class='ocrx_word' id='word_1_90' title='bbox 389 1247 545 1302; x_wconf 77' lang='grc' dir='ltr'>ἔσται</span> <span class='ocrx_word' id='word_1_91' title='bbox 573 1251 932 1321; x_wconf 70' lang='grc' dir='ltr'>συμφωνῆσαι</span> <span class='ocrx_word' id='word_1_92' title='bbox 969 1254 1100 1316; x_wconf 85' lang='grc' dir='ltr'>τοὺς</span> <span class='ocrx_word' id='word_1_93' title='bbox 1131 1257 1306 1322; x_wconf 84' lang='grc' dir='ltr'>γονεῖς</span> <span class='ocrx_word' id='word_1_94' title='bbox 1351 1257 1490 1310; x_wconf 76' lang='grc' dir='ltr'>κατὰ</span> <span class='ocrx_word' id='word_1_95' title='bbox 1522 1257 1616 1310; x_wconf 92' lang='grc' dir='ltr'><strong>τοῦ</strong></span> <span class='ocrx_word' id='word_1_96' title='bbox 1651 1256 1774 1310; x_wconf 86' lang='grc' dir='ltr'>ίδίου</span> <span class='ocrx_word' id='word_1_97' title='bbox 1800 1257 1976 1311; x_wconf 77' lang='grc' dir='ltr'>αὐτῶν</span> 
     </span>
    </p>
   </div>
   <div class='ocr_carea' id='block_1_16' title="bbox 387 1342 1980 1421">
    <p class='ocr_par' dir='ltr' id='par_1_16' title="bbox 387 1342 1980 1421">
     <span class='ocr_line' id='line_1_16' title="bbox 387 1342 1980 1421; baseline 0.006 -27"><span class='ocrx_word' id='word_1_98' title='bbox 387 1342 606 1409; x_wconf 82' lang='grc' dir='ltr'>τέκνου,</span> <span class='ocrx_word' id='word_1_99' title='bbox 638 1343 962 1413; x_wconf 82' lang='grc' dir='ltr'>προστάττει</span> <span class='ocrx_word' id='word_1_100' title='bbox 995 1347 1023 1398; x_wconf 90' lang='lat'><strong>6</strong></span> <span class='ocrx_word' id='word_1_101' title='bbox 1063 1345 1217 1411; x_wconf 84' lang='grc' dir='ltr'>Θεὸς,</span> <span class='ocrx_word' id='word_1_102' title='bbox 1254 1349 1381 1402; x_wconf 82' lang='grc' dir='ltr'>ὅταν</span> <span class='ocrx_word' id='word_1_103' title='bbox 1419 1350 1720 1421; x_wconf 82' lang='grc' dir='ltr'>ἀμφότεροι</span> <span class='ocrx_word' id='word_1_104' title='bbox 1755 1367 1980 1420; x_wconf 72' lang='grc' dir='ltr'>συμφω-</span> 
     </span>
    </p>
   </div>
   <div class='ocr_carea' id='block_1_17' title="bbox 387 1435 1976 1507">
    <p class='ocr_par' dir='ltr' id='par_1_17' title="bbox 387 1435 1976 1507">
     <span class='ocr_line' id='line_1_17' title="bbox 387 1435 1976 1507; baseline 0.005 -18"><span class='ocrx_word' id='word_1_105' title='bbox 387 1436 599 1506; x_wconf 81' lang='grc' dir='ltr'>νήσωσι</span> <span class='ocrx_word' id='word_1_106' title='bbox 646 1435 784 1489; x_wconf 86' lang='grc' dir='ltr'><strong>κατά</strong></span> <span class='ocrx_word' id='word_1_107' title='bbox 812 1437 908 1490; x_wconf 90' lang='grc' dir='ltr'><strong>τοῦ</strong></span> <span class='ocrx_word' id='word_1_108' title='bbox 944 1438 1151 1502; x_wconf 77' lang='grc' dir='ltr'>παιδὸς,</span> <span class='ocrx_word' id='word_1_109' title='bbox 1179 1439 1298 1492; x_wconf 85' lang='grc' dir='ltr'>τότε</span> <span class='ocrx_word' id='word_1_110' title='bbox 1330 1440 1652 1495; x_wconf 79' lang='grc' dir='ltr'>καταλεύειν</span> <span class='ocrx_word' id='word_1_111' title='bbox 1697 1443 1878 1507; x_wconf 80' lang='grc' dir='ltr'>αὑτὸν,</span> <span class='ocrx_word' id='word_1_112' title='bbox 1914 1445 1976 1497; x_wconf 81' lang='grc' dir='ltr'><strong>ού</strong></span> 
     </span>
    </p>
   </div>
   <div class='ocr_carea' id='block_1_18' title="bbox 387 1529 1550 1599">
    <p class='ocr_par' dir='ltr' id='par_1_18' title="bbox 387 1529 1550 1599">
     <span class='ocr_line' id='line_1_18' title="bbox 387 1529 1550 1599; baseline 0.005 -18"><span class='ocrx_word' id='word_1_113' title='bbox 387 1530 518 1591; x_wconf 76' lang='grc' dir='ltr'>τοὺς</span> <span class='ocrx_word' id='word_1_114' title='bbox 543 1530 930 1599; x_wconf 85' lang='grc' dir='ltr'>γεννήσαντας,</span> <span class='ocrx_word' id='word_1_115' title='bbox 965 1529 1100 1584; x_wconf 83' lang='grc' dir='ltr'><strong>ἀλλά</strong></span> <span class='ocrx_word' id='word_1_116' title='bbox 1130 1532 1254 1596; x_wconf 78' lang='grc' dir='ltr'>τοὺς</span> <span class='ocrx_word' id='word_1_117' title='bbox 1278 1532 1516 1596; x_wconf 88' lang='grc' dir='ltr'>λοιπούς.</span> <span class='ocrx_word' id='word_1_118' title='bbox 1547 1536 1550 1540; x_wconf 83' lang='grc'><em>’</em></span> 
     </span>
    </p>
   </div>
   <div class='ocr_carea' id='block_1_19' title="bbox 468 1622 1973 1696">
    <p class='ocr_par' dir='ltr' id='par_1_19' title="bbox 468 1622 1973 1696">
     <span class='ocr_line' id='line_1_19' title="bbox 468 1622 1973 1696; baseline 0.005 -22"><span class='ocrx_word' id='word_1_119' title='bbox 468 1623 549 1676; x_wconf 85' lang='grc' dir='ltr'><strong>Οὐ</strong></span> <span class='ocrx_word' id='word_1_120' title='bbox 575 1622 970 1690; x_wconf 80' lang='grc' dir='ltr'>κατασπερεῖς</span> <span class='ocrx_word' id='word_1_121' title='bbox 999 1622 1106 1676; x_wconf 80' lang='grc' dir='ltr'><strong>τὸν</strong></span> <span class='ocrx_word' id='word_1_122' title='bbox 1141 1623 1467 1693; x_wconf 73' lang='grc' dir='ltr'>ἀμπελῶνά</span> <span class='ocrx_word' id='word_1_123' title='bbox 1507 1641 1624 1680; x_wconf 87' lang='grc' dir='ltr'><strong>σου</strong></span> <span class='ocrx_word' id='word_1_124' title='bbox 1668 1626 1973 1696; x_wconf 66' lang='grc' dir='ltr'>διάφορον.</span> 
     </span>
    </p>
   </div>
   <div class='ocr_carea' id='block_1_20' title="bbox 2087 417 3664 494">
    <p class='ocr_par' dir='ltr' id='par_1_20' title="bbox 2087 417 3664 494">
     <span class='ocr_line' id='line_1_20' title="bbox 2087 417 3664 494; baseline 0.009 -24"><span class='ocrx_word' id='word_1_125' title='bbox 2087 425 2192 476; x_wconf 87' lang='lat' dir='ltr'><strong>est.</strong></span> <span class='ocrx_word' id='word_1_126' title='bbox 2215 425 2271 470; x_wconf 91' lang='lat' dir='ltr'><strong>et</strong></span> <span class='ocrx_word' id='word_1_127' title='bbox 2301 417 2520 471; x_wconf 90' lang='lat' dir='ltr'><strong>domum</strong></span> <span class='ocrx_word' id='word_1_128' title='bbox 2553 419 2811 487; x_wconf 63' lang='lat' dir='ltr'><strong>aediﬁcat,</strong></span> <span class='ocrx_word' id='word_1_129' title='bbox 2843 431 2900 476; x_wconf 91' lang='lat' dir='ltr'><strong>et</strong></span> <span class='ocrx_word' id='word_1_130' title='bbox 2946 422 3160 492; x_wconf 83' lang='lat' dir='ltr'><strong>plantat</strong></span> <span class='ocrx_word' id='word_1_131' title='bbox 3186 426 3394 494; x_wconf 87' lang='lat' dir='ltr'><strong>vineas,</strong></span> <span class='ocrx_word' id='word_1_132' title='bbox 3426 439 3482 482; x_wconf 90' lang='lat' dir='ltr'><strong>et</strong></span> <span class='ocrx_word' id='word_1_133' title='bbox 3508 430 3664 484; x_wconf 81' lang='lat' dir='ltr'><strong>volu-</strong></span> 
     </span>
    </p>
   </div>
   <div class='ocr_carea' id='block_1_21' title="bbox 2084 509 3663 582">
    <p class='ocr_par' dir='ltr' id='par_1_21' title="bbox 2084 509 3663 582">
     <span class='ocr_line' id='line_1_21' title="bbox 2084 509 3663 582; baseline 0.012 -21"><span class='ocrx_word' id='word_1_134' title='bbox 2084 509 2325 577; x_wconf 85' lang='lat' dir='ltr'><strong>ptatibus</strong></span> <span class='ocrx_word' id='word_1_135' title='bbox 2351 511 2533 567; x_wconf 87' lang='lat' dir='ltr'><strong>carnis</strong></span> <span class='ocrx_word' id='word_1_136' title='bbox 2570 513 2828 582; x_wconf 85' lang='lat' dir='ltr'><strong>vincitur,</strong></span> <span class='ocrx_word' id='word_1_137' title='bbox 2865 517 2910 571; x_wconf 90' lang='lat' dir='ltr'><strong>is</strong></span> <span class='ocrx_word' id='word_1_138' title='bbox 2949 519 3175 576; x_wconf 89' lang='lat' dir='ltr'><strong>omnino</strong></span> <span class='ocrx_word' id='word_1_139' title='bbox 3230 522 3334 576; x_wconf 87' lang='lat' dir='ltr'><strong>erit</strong></span> <span class='ocrx_word' id='word_1_140' title='bbox 3373 523 3663 579; x_wconf 85' lang='lat' dir='ltr'><strong>meticulo-</strong></span> 
     </span>
    </p>
   </div>
   <div class='ocr_carea' id='block_1_22' title="bbox 2085 603 2620 662">
    <p class='ocr_par' dir='ltr' id='par_1_22' title="bbox 2085 603 2620 662">
     <span class='ocr_line' id='line_1_22' title="bbox 2085 603 2620 662; baseline 0.007 -5"><span class='ocrx_word' id='word_1_141' title='bbox 2085 617 2178 658; x_wconf 90' lang='lat' dir='ltr'><strong>sus</strong></span> <span class='ocrx_word' id='word_1_142' title='bbox 2201 611 2258 658; x_wconf 93' lang='lat' dir='ltr'><strong>et</strong></span> <span class='ocrx_word' id='word_1_143' title='bbox 2287 603 2620 662; x_wconf 88' lang='lat' dir='ltr'><strong>instrenuus.</strong></span> 
     </span>
    </p>
   </div>
   <div class='ocr_carea' id='block_1_23' title="bbox 2158 694 3656 778">
    <p class='ocr_par' dir='ltr' id='par_1_23' title="bbox 2158 694 3656 778">
     <span class='ocr_line' id='line_1_23' title="bbox 2158 694 3656 778; baseline 0.008 -28"><span class='ocrx_word' id='word_1_144' title='bbox 2158 694 2220 750; x_wconf 89' lang='lat' dir='ltr'><strong>Si</strong></span> <span class='ocrx_word' id='word_1_145' title='bbox 2248 697 2334 749; x_wconf 85' lang='lat' dir='ltr'><strong>cui</strong></span> <span class='ocrx_word' id='word_1_146' title='bbox 2373 707 2547 751; x_wconf 79' lang='lat' dir='ltr'><strong>autem</strong></span> <span class='ocrx_word' id='word_1_147' title='bbox 2591 699 2736 766; x_wconf 79' lang='lat' dir='ltr'><strong>ﬁlius</strong></span> <span class='ocrx_word' id='word_1_148' title='bbox 2763 699 2926 770; x_wconf 78' lang='lat' dir='ltr'><strong>fuerit</strong></span> <span class='ocrx_word' id='word_1_149' title='bbox 2949 704 3162 760; x_wconf 74' lang='lat' dir='ltr'><strong>rebellis</strong></span> <span class='ocrx_word' id='word_1_150' title='bbox 3191 706 3256 758; x_wconf 73' lang='grc'>⁸³.</span> <span class='ocrx_word' id='word_1_151' title='bbox 3305 703 3422 760; x_wconf 85' lang='grc' dir='ltr'>Νοιι</span> <span class='ocrx_word' id='word_1_152' title='bbox 3455 707 3656 778; x_wconf 81' lang='lat' dir='ltr'><strong>simpli-</strong></span> 
     </span>
    </p>
   </div>
   <div class='ocr_carea' id='block_1_24' title="bbox 2084 787 3758 878">
    <p class='ocr_par' dir='ltr' id='par_1_24' title="bbox 2084 787 3758 878">
     <span class='ocr_line' id='line_1_24' title="bbox 2084 787 3758 878; baseline 0.011 -40"><span class='ocrx_word' id='word_1_153' title='bbox 2084 787 2226 840; x_wconf 88' lang='lat' dir='ltr'><strong>citer</strong></span> <span class='ocrx_word' id='word_1_154' title='bbox 2265 787 2380 841; x_wconf 85' lang='lat' dir='ltr'><strong>vult</strong></span> <span class='ocrx_word' id='word_1_155' title='bbox 2426 790 2657 844; x_wconf 90' lang='lat' dir='ltr'><strong>interﬁci</strong></span> <span class='ocrx_word' id='word_1_156' title='bbox 2715 806 2745 845; x_wconf 87' lang='lat' dir='ltr'><strong>a</strong></span> <span class='ocrx_word' id='word_1_157' title='bbox 2795 798 3114 863; x_wconf 86' lang='lat' dir='ltr'><strong>parentibus</strong></span> <span class='ocrx_word' id='word_1_158' title='bbox 3161 800 3529 864; x_wconf 83' lang='lat' dir='ltr'><strong>exacerbatis,</strong></span> <span class='ocrx_word' id='word_1_159' title='bbox 3567 802 3661 855; x_wconf 90' lang='lat' dir='ltr'><strong>sed</strong></span> <span class='ocrx_word' id='word_1_160' title='bbox 3753 873 3758 878; x_wconf 22' lang='grc' dir='ltr'><strong>ν</strong></span> 
     </span>
    </p>
   </div>
   <div class='ocr_carea' id='block_1_25' title="bbox 2083 888 3654 950">
    <p class='ocr_par' dir='ltr' id='par_1_25' title="bbox 2083 888 3654 950">
     <span class='ocr_line' id='line_1_25' title="bbox 2083 888 3654 950; baseline 0.011 -20"><span class='ocrx_word' id='word_1_161' title='bbox 2083 892 2205 931; x_wconf 89' lang='lat' dir='ltr'><strong>cmn</strong></span> <span class='ocrx_word' id='word_1_162' title='bbox 2256 888 2484 948; x_wconf 85' lang='lat' dir='ltr'><strong>uterque</strong></span> <span class='ocrx_word' id='word_1_163' title='bbox 2552 896 2750 950; x_wconf 88' lang='lat' dir='ltr'><strong>parens</strong></span> <span class='ocrx_word' id='word_1_164' title='bbox 2803 889 3144 942; x_wconf 87' lang='lat' dir='ltr'><strong>consenserit</strong></span> <span class='ocrx_word' id='word_1_165' title='bbox 3198 901 3390 945; x_wconf 89' lang='lat' dir='ltr'><strong>contra</strong></span> <span class='ocrx_word' id='word_1_166' title='bbox 3462 891 3654 948; x_wconf 88' lang='lat' dir='ltr'><strong>ﬁlium.</strong></span> 
     </span>
    </p>
   </div>
   <div class='ocr_carea' id='block_1_26' title="bbox 2085 967 3660 1045">
    <p class='ocr_par' dir='ltr' id='par_1_26' title="bbox 2085 967 3660 1045">
     <span class='ocr_line' id='line_1_26' title="bbox 2085 967 3660 1045; baseline 0.01 -25"><span class='ocrx_word' id='word_1_167' title='bbox 2085 967 2532 1039; x_wconf 81' lang='lat' dir='ltr'><strong>Quandoquidem</strong></span> <span class='ocrx_word' id='word_1_168' title='bbox 2561 975 2705 1027; x_wconf 92' lang='lat' dir='ltr'><strong>enim</strong></span> <span class='ocrx_word' id='word_1_169' title='bbox 2741 974 2784 1028; x_wconf 90' lang='lat' dir='ltr'><strong>si</strong></span> <span class='ocrx_word' id='word_1_170' title='bbox 2824 987 2981 1045; x_wconf 88' lang='lat' dir='ltr'><strong>pater</strong></span> <span class='ocrx_word' id='word_1_171' title='bbox 3007 977 3179 1032; x_wconf 86' lang='lat' dir='ltr'><strong>iratus</strong></span> <span class='ocrx_word' id='word_1_172' title='bbox 3202 980 3455 1035; x_wconf 88' lang='lat' dir='ltr'><strong>occidere</strong></span> <span class='ocrx_word' id='word_1_173' title='bbox 3481 982 3660 1036; x_wconf 86' lang='lat' dir='ltr'><strong>volue-</strong></span> 
     </span>
    </p>
   </div>
   <div class='ocr_carea' id='block_1_27' title="bbox 2085 1061 3662 1131">
    <p class='ocr_par' dir='ltr' id='par_1_27' title="bbox 2085 1061 3662 1131">
     <span class='ocr_line' id='line_1_27' title="bbox 2085 1061 3662 1131; baseline 0.009 -17"><span class='ocrx_word' id='word_1_174' title='bbox 2085 1062 2156 1114; x_wconf 88' lang='lat' dir='ltr'><strong>rit</strong></span> <span class='ocrx_word' id='word_1_175' title='bbox 2188 1061 2379 1126; x_wconf 88' lang='lat' dir='ltr'><strong>ﬁlium,</strong></span> <span class='ocrx_word' id='word_1_176' title='bbox 2413 1072 2586 1118; x_wconf 89' lang='lat' dir='ltr'><strong>mater</strong></span> <span class='ocrx_word' id='word_1_177' title='bbox 2610 1066 2865 1131; x_wconf 82' lang='lat' dir='ltr'><strong>cohibet;</strong></span> <span class='ocrx_word' id='word_1_178' title='bbox 2901 1068 2944 1121; x_wconf 91' lang='lat' dir='ltr'><strong>si</strong></span> <span class='ocrx_word' id='word_1_179' title='bbox 2973 1077 3150 1123; x_wconf 87' lang='lat' dir='ltr'><strong>autem</strong></span> <span class='ocrx_word' id='word_1_180' title='bbox 3183 1071 3299 1125; x_wconf 78' lang='lat' dir='ltr'><strong>haec</strong></span> <span class='ocrx_word' id='word_1_181' title='bbox 3328 1072 3510 1127; x_wconf 90' lang='lat' dir='ltr'><strong>animo</strong></span> <span class='ocrx_word' id='word_1_182' title='bbox 3537 1089 3662 1128; x_wconf 80' lang='lat' dir='ltr'><strong>exa-</strong></span> 
     </span>
    </p>
   </div>
   <div class='ocr_carea' id='block_1_28' title="bbox 2082 1154 3658 1226">
    <p class='ocr_par' dir='ltr' id='par_1_28' title="bbox 2082 1154 3658 1226">
     <span class='ocr_line' id='line_1_28' title="bbox 2082 1154 3658 1226; baseline 0.006 -17"><span class='ocrx_word' id='word_1_183' title='bbox 2082 1154 2300 1209; x_wconf 87' lang='lat' dir='ltr'><strong>cerbata</strong></span> <span class='ocrx_word' id='word_1_184' title='bbox 2333 1156 2516 1219; x_wconf 90' lang='lat' dir='ltr'><strong>fuerit,</strong></span> <span class='ocrx_word' id='word_1_185' title='bbox 2547 1168 2702 1226; x_wconf 87' lang='lat' dir='ltr'><strong>pater</strong></span> <span class='ocrx_word' id='word_1_186' title='bbox 2752 1174 2858 1214; x_wconf 90' lang='lat' dir='ltr'><strong>non</strong></span> <span class='ocrx_word' id='word_1_187' title='bbox 2902 1161 3051 1224; x_wconf 84' lang='lat' dir='ltr'><strong>sinit,</strong></span> <span class='ocrx_word' id='word_1_188' title='bbox 3093 1170 3147 1215; x_wconf 91' lang='lat' dir='ltr'><strong>et</strong></span> <span class='ocrx_word' id='word_1_189' title='bbox 3191 1177 3374 1216; x_wconf 89' lang='lat' dir='ltr'><strong>rarum</strong></span> <span class='ocrx_word' id='word_1_190' title='bbox 3403 1173 3489 1218; x_wconf 92' lang='lat' dir='ltr'><strong>est</strong></span> <span class='ocrx_word' id='word_1_191' title='bbox 3526 1179 3658 1220; x_wconf 81' lang='lat' dir='ltr'><strong>con—</strong></span> 
     </span>
    </p>
   </div>
   <div class='ocr_carea' id='block_1_29' title="bbox 2083 1247 3659 1325">
    <p class='ocr_par' dir='ltr' id='par_1_29' title="bbox 2083 1247 3659 1325">
     <span class='ocr_line' id='line_1_29' title="bbox 2083 1247 3659 1325; baseline 0.006 -25"><span class='ocrx_word' id='word_1_192' title='bbox 2083 1247 2286 1301; x_wconf 88' lang='lat' dir='ltr'><strong>sentire</strong></span> <span class='ocrx_word' id='word_1_193' title='bbox 2318 1258 2576 1316; x_wconf 88' lang='lat' dir='ltr'><strong>parentes</strong></span> <span class='ocrx_word' id='word_1_194' title='bbox 2605 1261 2794 1304; x_wconf 88' lang='lat' dir='ltr'><strong>contra</strong></span> <span class='ocrx_word' id='word_1_195' title='bbox 2848 1252 3124 1321; x_wconf 90' lang='lat' dir='ltr'><strong>proprium</strong></span> <span class='ocrx_word' id='word_1_196' title='bbox 3174 1251 3366 1320; x_wconf 86' lang='lat' dir='ltr'><strong>ﬁlium,</strong></span> <span class='ocrx_word' id='word_1_197' title='bbox 3415 1257 3659 1325; x_wconf 71' lang='lat' dir='ltr'><strong>praecipit</strong></span> 
     </span>
    </p>
   </div>
   <div class='ocr_carea' id='block_1_30' title="bbox 2082 1338 3657 1414">
    <p class='ocr_par' dir='ltr' id='par_1_30' title="bbox 2082 1338 3657 1414">
     <span class='ocr_line' id='line_1_30' title="bbox 2082 1338 3657 1414; baseline 0.008 -23"><span class='ocrx_word' id='word_1_198' title='bbox 2082 1338 2222 1392; x_wconf 90' lang='lat' dir='ltr'><strong>Deus</strong></span> <span class='ocrx_word' id='word_1_199' title='bbox 2259 1351 2316 1393; x_wconf 87' lang='lat' dir='ltr'><strong>ut</strong></span> <span class='ocrx_word' id='word_1_200' title='bbox 2349 1355 2470 1395; x_wconf 92' lang='lat' dir='ltr'><strong>cum</strong></span> <span class='ocrx_word' id='word_1_201' title='bbox 2511 1343 2668 1396; x_wconf 89' lang='lat' dir='ltr'><strong>ambo</strong></span> <span class='ocrx_word' id='word_1_202' title='bbox 2691 1345 3064 1399; x_wconf 87' lang='lat' dir='ltr'><strong>consenserint</strong></span> <span class='ocrx_word' id='word_1_203' title='bbox 3092 1355 3279 1400; x_wconf 92' lang='lat' dir='ltr'><strong>contra</strong></span> <span class='ocrx_word' id='word_1_204' title='bbox 3309 1346 3502 1414; x_wconf 91' lang='lat' dir='ltr'><strong>ﬁlium,</strong></span> <span class='ocrx_word' id='word_1_205' title='bbox 3532 1357 3657 1404; x_wconf 91' lang='lat' dir='ltr'><strong>tunc</strong></span> 
     </span>
    </p>
   </div>
   <div class='ocr_carea' id='block_1_31' title="bbox 2082 1432 3441 1510">
    <p class='ocr_par' dir='ltr' id='par_1_31' title="bbox 2082 1432 3441 1510">
     <span class='ocr_line' id='line_1_31' title="bbox 2082 1432 3441 1510; baseline 0.006 -24"><span class='ocrx_word' id='word_1_206' title='bbox 2082 1432 2321 1502; x_wconf 87' lang='lat' dir='ltr'><strong>lapident</strong></span> <span class='ocrx_word' id='word_1_207' title='bbox 2350 1447 2498 1502; x_wconf 87' lang='lat' dir='ltr'><strong>eum,</strong></span> <span class='ocrx_word' id='word_1_208' title='bbox 2529 1452 2634 1490; x_wconf 93' lang='lat' dir='ltr'><strong>non</strong></span> <span class='ocrx_word' id='word_1_209' title='bbox 2669 1437 2768 1506; x_wconf 89' lang='lat' dir='ltr'><strong>ipsi</strong></span> <span class='ocrx_word' id='word_1_210' title='bbox 2797 1447 3074 1506; x_wconf 87' lang='lat' dir='ltr'><strong>parentes,</strong></span> <span class='ocrx_word' id='word_1_211' title='bbox 3106 1439 3200 1494; x_wconf 89' lang='lat' dir='ltr'><strong>sed</strong></span> <span class='ocrx_word' id='word_1_212' title='bbox 3224 1439 3441 1510; x_wconf 88' lang='lat' dir='ltr'><strong>reliqui.</strong></span> 
     </span>
    </p>
   </div>
   <div class='ocr_carea' id='block_1_32' title="bbox 2157 1615 3658 1685">
    <p class='ocr_par' dir='ltr' id='par_1_32' title="bbox 2157 1615 3658 1685">
     <span class='ocr_line' id='line_1_32' title="bbox 2157 1615 3658 1685; baseline 0.01 -15"><span class='ocrx_word' id='word_1_213' title='bbox 2157 1615 2280 1670; x_wconf 84' lang='lat' dir='ltr'><strong>Non</strong></span> <span class='ocrx_word' id='word_1_214' title='bbox 2307 1617 2591 1672; x_wconf 79' lang='lat' dir='ltr'><strong>seminabis</strong></span> <span class='ocrx_word' id='word_1_215' title='bbox 2617 1620 2821 1674; x_wconf 80' lang='lat' dir='ltr'><strong>vineam</strong></span> <span class='ocrx_word' id='word_1_216' title='bbox 2850 1631 2994 1676; x_wconf 83' lang='lat' dir='ltr'><strong>tuam</strong></span> <span class='ocrx_word' id='word_1_217' title='bbox 3021 1625 3221 1678; x_wconf 87' lang='lat' dir='ltr'><strong>variam</strong></span> <span class='ocrx_word' id='word_1_218' title='bbox 3249 1626 3316 1680; x_wconf 77' lang='lat'><strong>“.</strong></span> <span class='ocrx_word' id='word_1_219' title='bbox 3344 1626 3422 1682; x_wconf 87' lang='lat' dir='ltr'><strong>Ne</strong></span> <span class='ocrx_word' id='word_1_220' title='bbox 3448 1628 3658 1685; x_wconf 84' lang='lat' dir='ltr'><strong>scilicet</strong></span> 
     </span>
    </p>
   </div>
   <div class='ocr_carea' id='block_1_33' title="bbox 391 1699 1973 1793">
    <p class='ocr_par' dir='ltr' id='par_1_33' title="bbox 391 1715 1973 1793">
     <span class='ocr_line' id='line_1_33' title="bbox 391 1715 1973 1793; baseline 0.003 -24"><span class='ocrx_word' id='word_1_221' title='bbox 391 1716 510 1770; x_wconf 87' lang='grc' dir='ltr'>Ἵνα</span> <span class='ocrx_word' id='word_1_222' title='bbox 541 1715 615 1787; x_wconf 83' lang='grc' dir='ltr'>μὴ</span> <span class='ocrx_word' id='word_1_223' title='bbox 646 1716 953 1787; x_wconf 82' lang='grc' dir='ltr'>ἁτονωτὲρα</span> <span class='ocrx_word' id='word_1_224' title='bbox 997 1716 1221 1787; x_wconf 85' lang='grc' dir='ltr'>γένηται</span> <span class='ocrx_word' id='word_1_225' title='bbox 1251 1719 1284 1789; x_wconf 87' lang='grc' dir='ltr'>ή</span> <span class='ocrx_word' id='word_1_226' title='bbox 1315 1719 1408 1790; x_wconf 83' lang='grc' dir='ltr'>γῆ,</span> <span class='ocrx_word' id='word_1_227' title='bbox 1444 1719 1520 1782; x_wconf 84' lang='grc' dir='ltr'>ὡς</span> <span class='ocrx_word' id='word_1_228' title='bbox 1553 1721 1690 1791; x_wconf 88' lang='grc' dir='ltr'>μήτε</span> <span class='ocrx_word' id='word_1_229' title='bbox 1717 1719 1780 1772; x_wconf 81' lang='grc' dir='ltr'>τὸ</span> <span class='ocrx_word' id='word_1_230' title='bbox 1809 1721 1973 1793; x_wconf 85' lang='grc' dir='ltr'>σπέρ-</span> 
     </span>
    </p>
   </div>
   <div class='ocr_carea' id='block_1_34' title="bbox 2076 1699 3656 1793">
    <p class='ocr_par' dir='ltr' id='par_1_34' title="bbox 2081 1707 3656 1788">
     <span class='ocr_line' id='line_1_34' title="bbox 2081 1707 3656 1788; baseline 0.011 -27"><span class='ocrx_word' id='word_1_231' title='bbox 2081 1707 2350 1765; x_wconf 88' lang='lat' dir='ltr'><strong>infirmior</strong></span> <span class='ocrx_word' id='word_1_232' title='bbox 2376 1712 2575 1765; x_wconf 80' lang='lat' dir='ltr'><strong>evadat</strong></span> <span class='ocrx_word' id='word_1_233' title='bbox 2608 1722 2773 1773; x_wconf 87' lang='lat' dir='ltr'><strong>terra.</strong></span> <span class='ocrx_word' id='word_1_234' title='bbox 2818 1714 2890 1769; x_wconf 91' lang='lat' dir='ltr'><strong>ita</strong></span> <span class='ocrx_word' id='word_1_235' title='bbox 2946 1726 3006 1770; x_wconf 92' lang='lat' dir='ltr'><strong>ut</strong></span> <span class='ocrx_word' id='word_1_236' title='bbox 3057 1733 3234 1788; x_wconf 90' lang='lat' dir='ltr'><strong>neque</strong></span> <span class='ocrx_word' id='word_1_237' title='bbox 3284 1735 3464 1776; x_wconf 91' lang='lat' dir='ltr'><strong>semen</strong></span> <span class='ocrx_word' id='word_1_238' title='bbox 3515 1723 3656 1778; x_wconf 84' lang='lat' dir='ltr'><strong>inte-</strong></span> 
     </span>
    </p>
   </div>
   <div class='ocr_carea' id='block_1_35' title="bbox 391 1807 1977 1885">
    <p class='ocr_par' dir='ltr' id='par_1_35' title="bbox 391 1807 1977 1885">
     <span class='ocr_line' id='line_1_35' title="bbox 391 1807 1977 1885; baseline 0.004 -26"><span class='ocrx_word' id='word_1_239' title='bbox 391 1825 471 1878; x_wconf 84' lang='grc' dir='ltr'><strong>μα</strong></span> <span class='ocrx_word' id='word_1_240' title='bbox 510 1807 714 1879; x_wconf 84' lang='grc' dir='ltr'>πλῆρες</span> <span class='ocrx_word' id='word_1_241' title='bbox 750 1807 1077 1869; x_wconf 85' lang='grc' dir='ltr'>ἀποδιδόναι,</span> <span class='ocrx_word' id='word_1_242' title='bbox 1122 1810 1259 1880; x_wconf 86' lang='grc' dir='ltr'>μήτε</span> <span class='ocrx_word' id='word_1_243' title='bbox 1312 1810 1411 1880; x_wconf 78' lang='grc' dir='ltr'>τῆς</span> <span class='ocrx_word' id='word_1_244' title='bbox 1442 1810 1687 1882; x_wconf 83' lang='grc' dir='ltr'>ἀμπέλου</span> <span class='ocrx_word' id='word_1_245' title='bbox 1732 1813 1822 1866; x_wconf 82' lang='grc' dir='ltr'><strong>τὸν</strong></span> <span class='ocrx_word' id='word_1_246' title='bbox 1851 1831 1977 1885; x_wconf 87' lang='grc' dir='ltr'>καρ-</span> 
     </span>
    </p>
   </div>
   <div class='ocr_carea' id='block_1_36' title="bbox 391 1898 1336 1965">
    <p class='ocr_par' dir='ltr' id='par_1_36' title="bbox 391 1898 1336 1965">
     <span class='ocr_line' id='line_1_36' title="bbox 391 1898 1336 1965; baseline 0.002 -12"><span class='ocrx_word' id='word_1_247' title='bbox 391 1899 519 1965; x_wconf 75' lang='grc' dir='ltr'>πον,</span> <span class='ocrx_word' id='word_1_248' title='bbox 554 1898 691 1953; x_wconf 87' lang='grc' dir='ltr'><strong>ἀλλά</strong></span> <span class='ocrx_word' id='word_1_249' title='bbox 716 1899 840 1952; x_wconf 80' lang='grc' dir='ltr'>καθ’</span> <span class='ocrx_word' id='word_1_250' title='bbox 867 1899 1061 1953; x_wconf 81' lang='grc' dir='ltr'>ἑαυτοῦ</span> <span class='ocrx_word' id='word_1_251' title='bbox 1083 1900 1336 1956; x_wconf 71' lang='grc' dir='ltr'>ἕκαστον.</span> 
     </span>
    </p>
   </div>
   <div class='ocr_carea' id='block_1_37' title="bbox 467 1992 1974 2064">
    <p class='ocr_par' dir='ltr' id='par_1_37' title="bbox 467 1992 1974 2064">
     <span class='ocr_line' id='line_1_37' title="bbox 467 1992 1974 2064; baseline 0.004 -17"><span class='ocrx_word' id='word_1_252' title='bbox 467 1996 589 2047; x_wconf 81' lang='grc' dir='ltr'><strong>Οὐκ</strong></span> <span class='ocrx_word' id='word_1_253' title='bbox 639 1992 1013 2061; x_wconf 83' lang='grc' dir='ltr'>ἀροτριάσεις</span> <span class='ocrx_word' id='word_1_254' title='bbox 1063 1993 1134 2046; x_wconf 76' lang='grc' dir='ltr'>ἐν</span> <span class='ocrx_word' id='word_1_255' title='bbox 1187 1995 1403 2064; x_wconf 83' lang='grc' dir='ltr'><strong>μόσχῳ</strong></span> <span class='ocrx_word' id='word_1_256' title='bbox 1450 1995 1548 2049; x_wconf 73' lang='grc' dir='ltr'>καὶ</span> <span class='ocrx_word' id='word_1_257' title='bbox 1607 1996 1724 2063; x_wconf 80' lang='grc' dir='ltr'><strong>ὄνῳ</strong></span> <span class='ocrx_word' id='word_1_258' title='bbox 1766 1998 1863 2051; x_wconf 80' lang='grc' dir='ltr'>ἐπὶ</span> <span class='ocrx_word' id='word_1_259' title='bbox 1910 1999 1974 2053; x_wconf 87' lang='grc' dir='ltr'>τὸ</span> 
     </span>
    </p>
   </div>
   <div class='ocr_carea' id='block_1_38' title="bbox 387 2081 1976 2160">
    <p class='ocr_par' dir='ltr' id='par_1_38' title="bbox 387 2081 1976 2160">
     <span class='ocr_line' id='line_1_38' title="bbox 387 2081 1976 2160; baseline 0.003 -23"><span class='ocrx_word' id='word_1_260' title='bbox 387 2085 559 2137; x_wconf 79' lang='grc' dir='ltr'>αὑτό.</span> <span class='ocrx_word' id='word_1_261' title='bbox 595 2083 669 2136; x_wconf 83' lang='grc' dir='ltr'>Τὸ</span> <span class='ocrx_word' id='word_1_262' title='bbox 702 2082 905 2153; x_wconf 87' lang='grc' dir='ltr'>γαῦρον</span> <span class='ocrx_word' id='word_1_263' title='bbox 930 2082 1031 2153; x_wconf 78' lang='grc' dir='ltr'><strong>τῆς</strong></span> <span class='ocrx_word' id='word_1_264' title='bbox 1057 2081 1236 2154; x_wconf 71' lang='grc' dir='ltr'>ψυχῆς</span> <span class='ocrx_word' id='word_1_265' title='bbox 1267 2085 1359 2138; x_wconf 75' lang='grc' dir='ltr'>καὶ</span> <span class='ocrx_word' id='word_1_266' title='bbox 1393 2085 1678 2155; x_wconf 83' lang='grc' dir='ltr'>φιλόπονον</span> <span class='ocrx_word' id='word_1_267' title='bbox 1715 2088 1793 2159; x_wconf 80' lang='grc' dir='ltr'>τῷ</span> <span class='ocrx_word' id='word_1_268' title='bbox 1821 2088 1976 2160; x_wconf 83' lang='grc' dir='ltr'>φιλη-</span> 
     </span>
    </p>
   </div>
   <div class='ocr_carea' id='block_1_39' title="bbox 387 2175 1378 2252">
    <p class='ocr_par' dir='ltr' id='par_1_39' title="bbox 387 2175 1378 2252">
     <span class='ocr_line' id='line_1_39' title="bbox 387 2175 1378 2252; baseline 0.001 -21"><span class='ocrx_word' id='word_1_269' title='bbox 387 2177 526 2247; x_wconf 84' lang='grc' dir='ltr'><strong>δόνῳ</strong></span> <span class='ocrx_word' id='word_1_270' title='bbox 556 2177 654 2235; x_wconf 83' lang='grc' dir='ltr'><strong>καὶ</strong></span> <span class='ocrx_word' id='word_1_271' title='bbox 683 2175 966 2248; x_wconf 80' lang='grc' dir='ltr'>παθητικῷ</span> <span class='ocrx_word' id='word_1_272' title='bbox 995 2175 1069 2247; x_wconf 79' lang='grc' dir='ltr'><strong>μὴ</strong></span> <span class='ocrx_word' id='word_1_273' title='bbox 1097 2176 1378 2252; x_wconf 79' lang='grc' dir='ltr'>συζεύξῃς.</span> 
     </span>
    </p>
   </div>
   <div class='ocr_carea' id='block_1_40' title="bbox 467 2259 1974 2344">
    <p class='ocr_par' dir='ltr' id='par_1_40' title="bbox 467 2259 1974 2344">
     <span class='ocr_line' id='line_1_40' title="bbox 467 2259 1974 2344; baseline -0.009 -17"><span class='ocrx_word' id='word_1_274' title='bbox 467 2269 578 2327; x_wconf 84' lang='grc' dir='ltr'>Τοῦ</span> <span class='ocrx_word' id='word_1_275' title='bbox 613 2271 820 2324; x_wconf 85' lang='grc' dir='ltr'>αὑτοῦ.</span> <span class='ocrx_word' id='word_1_276' title='bbox 859 2259 1085 2333; x_wconf 74' lang='grc' dir='ltr'>Ἡσαΐας</span> <span class='ocrx_word' id='word_1_277' title='bbox 1125 2270 1183 2324; x_wconf 84' lang='grc' dir='ltr'>δὲ</span> <span class='ocrx_word' id='word_1_278' title='bbox 1236 2271 1399 2325; x_wconf 84' lang='grc' dir='ltr'>πάλιν</span> <span class='ocrx_word' id='word_1_279' title='bbox 1433 2273 1634 2344; x_wconf 71' lang='grc' dir='ltr'>γράφει</span> <span class='ocrx_word' id='word_1_280' title='bbox 1658 2291 1672 2306; x_wconf 76' lang='grc' dir='ltr'><strong><em>ο</em></strong></span> <span class='ocrx_word' id='word_1_281' title='bbox 1711 2293 1730 2326; x_wconf 76' lang='grc' dir='ltr'><strong>ι</strong></span> <span class='ocrx_word' id='word_1_282' title='bbox 1781 2274 1974 2328; x_wconf 79' lang='grc' dir='ltr'>Μακά-</span> 
     </span>
    </p>
   </div>
   <div class='ocr_carea' id='block_1_41' title="bbox 392 2361 1974 2438">
    <p class='ocr_par' dir='ltr' id='par_1_41' title="bbox 392 2361 1974 2438">
     <span class='ocr_line' id='line_1_41' title="bbox 392 2361 1974 2438; baseline 0.004 -24"><span class='ocrx_word' id='word_1_283' title='bbox 392 2379 500 2434; x_wconf 89' lang='grc' dir='ltr'>ριοι</span> <span class='ocrx_word' id='word_1_284' title='bbox 525 2362 574 2415; x_wconf 87' lang='grc' dir='ltr'>οἱ</span> <span class='ocrx_word' id='word_1_285' title='bbox 604 2361 915 2434; x_wconf 74' lang='grc' dir='ltr'>σπείροντες</span> <span class='ocrx_word' id='word_1_286' title='bbox 961 2362 1054 2415; x_wconf 77' lang='grc' dir='ltr'><strong>ἐπὶ</strong></span> <span class='ocrx_word' id='word_1_287' title='bbox 1084 2363 1190 2414; x_wconf 76' lang='grc' dir='ltr'><strong>πᾶν</strong></span> <span class='ocrx_word' id='word_1_288' title='bbox 1223 2361 1388 2434; x_wconf 77' lang='grc' dir='ltr'>ὕδωρ.</span> <span class='ocrx_word' id='word_1_289' title='bbox 1442 2383 1460 2416; x_wconf 78' lang='grc' dir='ltr'><strong>ι</strong></span> <span class='ocrx_word' id='word_1_290' title='bbox 1498 2365 1656 2419; x_wconf 84' lang='grc' dir='ltr'>Ποῖον</span> <span class='ocrx_word' id='word_1_291' title='bbox 1691 2365 1854 2438; x_wconf 77' lang='grc' dir='ltr'>ὕδωρ,</span> <span class='ocrx_word' id='word_1_292' title='bbox 1887 2369 1974 2435; x_wconf 73' lang='grc' dir='ltr'><strong>ἐφ’</strong></span> 
     </span>
    </p>
   </div>
   <div class='ocr_carea' id='block_1_42' title="bbox 386 2449 1973 2528">
    <p class='ocr_par' dir='ltr' id='par_1_42' title="bbox 386 2449 1973 2528">
     <span class='ocr_line' id='line_1_42' title="bbox 386 2449 1973 2528; baseline 0.004 -22"><span class='ocrx_word' id='word_1_293' title='bbox 386 2449 436 2522; x_wconf 81' lang='grc' dir='ltr'><strong>ᾧ</strong></span> <span class='ocrx_word' id='word_1_294' title='bbox 457 2454 537 2506; x_wconf 87' lang='grc' dir='ltr'><strong>δεῖ</strong></span> <span class='ocrx_word' id='word_1_295' title='bbox 575 2453 820 2525; x_wconf 86' lang='grc' dir='ltr'>σπείρειν</span> <span class='ocrx_word' id='word_1_296' title='bbox 856 2454 916 2506; x_wconf 84' lang='grc' dir='ltr'><strong>τὸ</strong></span> <span class='ocrx_word' id='word_1_297' title='bbox 961 2454 1124 2506; x_wconf 83' lang='grc' dir='ltr'>καλὸν</span> <span class='ocrx_word' id='word_1_298' title='bbox 1156 2455 1376 2526; x_wconf 84' lang='grc' dir='ltr'>σπέρμα</span> <span class='ocrx_word' id='word_1_299' title='bbox 1403 2471 1418 2521; x_wconf 89' lang='grc'>;</span> <span class='ocrx_word' id='word_1_300' title='bbox 1444 2457 1543 2527; x_wconf 79' lang='grc' dir='ltr'><strong>Εῖη</strong></span> <span class='ocrx_word' id='word_1_301' title='bbox 1590 2456 1647 2510; x_wconf 85' lang='grc' dir='ltr'><strong>δέ</strong></span> <span class='ocrx_word' id='word_1_302' title='bbox 1686 2458 1843 2511; x_wconf 89' lang='grc' dir='ltr'>τοῦτο</span> <span class='ocrx_word' id='word_1_303' title='bbox 1878 2459 1973 2528; x_wconf 83' lang='grc' dir='ltr'>βά-</span> 
     </span>
    </p>
   </div>
   <div class='ocr_carea' id='block_1_43' title="bbox 391 2546 1968 2619">
    <p class='ocr_par' dir='ltr' id='par_1_43' title="bbox 391 2546 1968 2619">
     <span class='ocr_line' id='line_1_43' title="bbox 391 2546 1968 2619; baseline 0.003 -18"><span class='ocrx_word' id='word_1_304' title='bbox 391 2564 608 2618; x_wconf 79' lang='grc' dir='ltr'>πτισμα</span> <span class='ocrx_word' id='word_1_305' title='bbox 638 2548 737 2618; x_wconf 78' lang='grc' dir='ltr'><strong>τῆς</strong></span> <span class='ocrx_word' id='word_1_306' title='bbox 766 2546 1056 2617; x_wconf 78' lang='grc' dir='ltr'>σωτηρίας,</span> <span class='ocrx_word' id='word_1_307' title='bbox 1082 2551 1142 2599; x_wconf 82' lang='grc' dir='ltr'><strong>τὸ</strong></span> <span class='ocrx_word' id='word_1_308' title='bbox 1155 2547 1377 2619; x_wconf 73' lang='grc' dir='ltr'>λουτρὸν</span> <span class='ocrx_word' id='word_1_309' title='bbox 1403 2547 1504 2618; x_wconf 82' lang='grc' dir='ltr'>τῆς</span> <span class='ocrx_word' id='word_1_310' title='bbox 1532 2549 1968 2618; x_wconf 84' lang='grc' dir='ltr'>παλιγγενεσίας.</span> 
     </span>
    </p>
   </div>
   <div class='ocr_carea' id='block_1_44' title="bbox 390 2638 1974 2712">
    <p class='ocr_par' dir='ltr' id='par_1_44' title="bbox 390 2638 1974 2712">
     <span class='ocr_line' id='line_1_44' title="bbox 390 2638 1974 2712; baseline 0.003 -19"><span class='ocrx_word' id='word_1_311' title='bbox 390 2641 588 2710; x_wconf 84' lang='grc' dir='ltr'>Σπείρε</span> <span class='ocrx_word' id='word_1_312' title='bbox 617 2638 708 2690; x_wconf 80' lang='grc' dir='ltr'><strong>ἐπὶ</strong></span> <span class='ocrx_word' id='word_1_313' title='bbox 739 2638 800 2690; x_wconf 88' lang='grc' dir='ltr'><strong>τὸ</strong></span> <span class='ocrx_word' id='word_1_314' title='bbox 823 2638 1120 2709; x_wconf 89' lang='grc' dir='ltr'>μυστήριον</span> <span class='ocrx_word' id='word_1_315' title='bbox 1143 2638 1238 2691; x_wconf 93' lang='grc' dir='ltr'><strong>τοῦ</strong></span> <span class='ocrx_word' id='word_1_316' title='bbox 1261 2639 1507 2711; x_wconf 79' lang='grc' dir='ltr'>λουτροῦ,</span> <span class='ocrx_word' id='word_1_317' title='bbox 1534 2641 1625 2693; x_wconf 77' lang='grc' dir='ltr'><strong>καὶ</strong></span> <span class='ocrx_word' id='word_1_318' title='bbox 1650 2641 1772 2712; x_wconf 86' lang='grc' dir='ltr'>γίνῃ</span> <span class='ocrx_word' id='word_1_319' title='bbox 1805 2646 1974 2712; x_wconf 82' lang='grc' dir='ltr'>μακά-</span> 
     </span>
    </p>
   </div>
   <div class='ocr_carea' id='block_1_45' title="bbox 2082 1806 3437 1876">
    <p class='ocr_par' dir='ltr' id='par_1_45' title="bbox 2082 1806 3437 1876">
     <span class='ocr_line' id='line_1_45' title="bbox 2082 1806 3437 1876; baseline 0.01 -22"><span class='ocrx_word' id='word_1_320' title='bbox 2082 1817 2236 1870; x_wconf 86' lang='lat' dir='ltr'><strong>grum</strong></span> <span class='ocrx_word' id='word_1_321' title='bbox 2275 1806 2499 1861; x_wconf 86' lang='lat' dir='ltr'><strong>reddere</strong></span> <span class='ocrx_word' id='word_1_322' title='bbox 2544 1807 2734 1875; x_wconf 90' lang='lat' dir='ltr'><strong>possit,</strong></span> <span class='ocrx_word' id='word_1_323' title='bbox 2775 1822 2952 1876; x_wconf 90' lang='lat' dir='ltr'><strong>neque</strong></span> <span class='ocrx_word' id='word_1_324' title='bbox 2988 1810 3158 1865; x_wconf 76' lang='lat' dir='ltr'><strong>vinea:</strong></span> <span class='ocrx_word' id='word_1_325' title='bbox 3202 1812 3437 1868; x_wconf 87' lang='lat' dir='ltr'><strong>fructum</strong></span> 
     </span>
    </p>
   </div>
   <div class='ocr_carea' id='block_1_46' title="bbox 2088 1898 3192 1967">
    <p class='ocr_par' dir='ltr' id='par_1_46' title="bbox 2088 1898 3192 1967">
     <span class='ocr_line' id='line_1_46' title="bbox 2088 1898 3192 1967; baseline 0.01 -21"><span class='ocrx_word' id='word_1_326' title='bbox 2088 1898 2519 1967; x_wconf 86' lang='lat' dir='ltr'><strong>unumquodque</strong></span> <span class='ocrx_word' id='word_1_327' title='bbox 2553 1899 2849 1967; x_wconf 83' lang='lat' dir='ltr'><strong>separatim</strong></span> <span class='ocrx_word' id='word_1_328' title='bbox 2876 1901 3192 1958; x_wconf 90' lang='lat' dir='ltr'><strong>seminetur.</strong></span> 
     </span>
    </p>
   </div>
   <div class='ocr_carea' id='block_1_47' title="bbox 2153 1985 3653 2066">
    <p class='ocr_par' dir='ltr' id='par_1_47' title="bbox 2153 1985 3653 2066">
     <span class='ocr_line' id='line_1_47' title="bbox 2153 1985 3653 2066; baseline 0.01 -27"><span class='ocrx_word' id='word_1_329' title='bbox 2153 1985 2278 2041; x_wconf 84' lang='lat' dir='ltr'><strong>Non</strong></span> <span class='ocrx_word' id='word_1_330' title='bbox 2318 1991 2494 2044; x_wconf 64' lang='lat' dir='ltr'><strong>arabit</strong></span> <span class='ocrx_word' id='word_1_331' title='bbox 2519 1991 2573 2044; x_wconf 82' lang='lat' dir='ltr'><strong>in</strong></span> <span class='ocrx_word' id='word_1_332' title='bbox 2597 1991 2759 2044; x_wconf 81' lang='lat' dir='ltr'><strong>vitulo</strong></span> <span class='ocrx_word' id='word_1_333' title='bbox 2803 2001 2852 2045; x_wconf 82' lang='lat' dir='ltr'><strong>et</strong></span> <span class='ocrx_word' id='word_1_334' title='bbox 2901 1993 3052 2047; x_wconf 80' lang='lat' dir='ltr'><strong>asino</strong></span> <span class='ocrx_word' id='word_1_335' title='bbox 3074 1995 3128 2048; x_wconf 86' lang='lat' dir='ltr'><strong>in</strong></span> <span class='ocrx_word' id='word_1_336' title='bbox 3155 1996 3380 2062; x_wconf 83' lang='lat' dir='ltr'><strong>idipsum</strong></span> <span class='ocrx_word' id='word_1_337' title='bbox 3406 1997 3473 2052; x_wconf 79' lang='grc'><strong>⁸⁵.</strong></span> <span class='ocrx_word' id='word_1_338' title='bbox 3498 1998 3653 2066; x_wconf 87' lang='lat' dir='ltr'><strong>Quod</strong></span> 
     </span>
    </p>
   </div>
   <div class='ocr_carea' id='block_1_48' title="bbox 2077 2081 3656 2153">
    <p class='ocr_par' dir='ltr' id='par_1_48' title="bbox 2077 2081 3656 2153">
     <span class='ocr_line' id='line_1_48' title="bbox 2077 2081 3656 2153; baseline 0.009 -19"><span class='ocrx_word' id='word_1_339' title='bbox 2077 2091 2160 2135; x_wconf 84' lang='lat' dir='ltr'><strong>est</strong></span> <span class='ocrx_word' id='word_1_340' title='bbox 2189 2081 2386 2135; x_wconf 88' lang='lat' dir='ltr'><strong>elatum</strong></span> <span class='ocrx_word' id='word_1_341' title='bbox 2437 2094 2490 2138; x_wconf 92' lang='lat' dir='ltr'><strong>et</strong></span> <span class='ocrx_word' id='word_1_342' title='bbox 2517 2083 2844 2140; x_wconf 89' lang='lat' dir='ltr'><strong>laboriosum</strong></span> <span class='ocrx_word' id='word_1_343' title='bbox 2880 2087 2933 2141; x_wconf 92' lang='lat' dir='ltr'><strong>in</strong></span> <span class='ocrx_word' id='word_1_344' title='bbox 2956 2087 3158 2153; x_wconf 89' lang='lat' dir='ltr'><strong>anima,</strong></span> <span class='ocrx_word' id='word_1_345' title='bbox 3186 2103 3252 2144; x_wconf 91' lang='lat' dir='ltr'><strong>ne</strong></span> <span class='ocrx_word' id='word_1_346' title='bbox 3279 2105 3402 2145; x_wconf 92' lang='lat' dir='ltr'><strong>cum</strong></span> <span class='ocrx_word' id='word_1_347' title='bbox 3431 2107 3496 2147; x_wconf 92' lang='lat' dir='ltr'><strong>eo</strong></span> <span class='ocrx_word' id='word_1_348' title='bbox 3527 2108 3656 2149; x_wconf 85' lang='lat' dir='ltr'><strong>con-</strong></span> 
     </span>
    </p>
   </div>
   <div class='ocr_carea' id='block_1_49' title="bbox 3491 1817 3653 1872">
    <p class='ocr_par' dir='ltr' id='par_1_49' title="bbox 3491 1817 3653 1872">
     <span class='ocr_line' id='line_1_49' title="bbox 3491 1817 3653 1872; baseline -0.006 0"><span class='ocrx_word' id='word_1_349' title='bbox 3491 1817 3653 1872; x_wconf 88' lang='lat' dir='ltr'><strong>:sed</strong></span> 
     </span>
    </p>
   </div>
   <div class='ocr_carea' id='block_1_50' title="bbox 2070 2175 3448 2248">
    <p class='ocr_par' dir='ltr' id='par_1_50' title="bbox 2070 2175 3448 2248">
     <span class='ocr_line' id='line_1_50' title="bbox 2070 2175 3448 2248; baseline 0.007 -19"><span class='ocrx_word' id='word_1_350' title='bbox 2070 2175 2320 2244; x_wconf 82' lang='lat' dir='ltr'><strong>junxeris</strong></span> <span class='ocrx_word' id='word_1_351' title='bbox 2357 2177 2502 2244; x_wconf 92' lang='lat' dir='ltr'><strong>quod</strong></span> <span class='ocrx_word' id='word_1_352' title='bbox 2529 2177 2689 2231; x_wconf 90' lang='lat' dir='ltr'><strong>molle</strong></span> <span class='ocrx_word' id='word_1_353' title='bbox 2718 2187 2775 2231; x_wconf 90' lang='lat' dir='ltr'><strong>et</strong></span> <span class='ocrx_word' id='word_1_354' title='bbox 2806 2179 3099 2248; x_wconf 78' lang='lat' dir='ltr'><strong>voluptatis</strong></span> <span class='ocrx_word' id='word_1_355' title='bbox 3131 2196 3320 2238; x_wconf 89' lang='lat' dir='ltr'><strong>amans</strong></span> <span class='ocrx_word' id='word_1_356' title='bbox 3345 2193 3448 2240; x_wconf 91' lang='lat' dir='ltr'><strong>est.</strong></span> 
     </span>
    </p>
   </div>
   <div class='ocr_carea' id='block_1_51' title="bbox 2148 2265 3656 2346">
    <p class='ocr_par' dir='ltr' id='par_1_51' title="bbox 2148 2265 3656 2346">
     <span class='ocr_line' id='line_1_51' title="bbox 2148 2265 3656 2346; baseline 0.01 -27"><span class='ocrx_word' id='word_1_357' title='bbox 2148 2265 2426 2335; x_wconf 76' lang='lat' dir='ltr'><strong>Ejusdem.</strong></span> <span class='ocrx_word' id='word_1_358' title='bbox 2459 2269 2629 2323; x_wconf 88' lang='lat' dir='ltr'><strong>Isaias</strong></span> <span class='ocrx_word' id='word_1_359' title='bbox 2658 2285 2848 2323; x_wconf 87' lang='lat' dir='ltr'><strong>rursus</strong></span> <span class='ocrx_word' id='word_1_360' title='bbox 2882 2271 3072 2325; x_wconf 88' lang='lat' dir='ltr'><strong>scribit</strong></span> <span class='ocrx_word' id='word_1_361' title='bbox 3095 2271 3142 2302; x_wconf 80' lang='grc'><strong>⁸⁸</strong></span> <span class='ocrx_word' id='word_1_362' title='bbox 3171 2289 3185 2324; x_wconf 91' lang='lat'><strong>:</strong></span> <span class='ocrx_word' id='word_1_363' title='bbox 3223 2293 3240 2324; x_wconf 88' lang='grc' dir='ltr'><strong>ι</strong></span> <span class='ocrx_word' id='word_1_364' title='bbox 3277 2273 3428 2330; x_wconf 87' lang='lat' dir='ltr'><strong>Beati</strong></span> <span class='ocrx_word' id='word_1_365' title='bbox 3457 2279 3550 2346; x_wconf 87' lang='lat' dir='ltr'><strong>qui</strong></span> <span class='ocrx_word' id='word_1_366' title='bbox 3577 2292 3656 2334; x_wconf 87' lang='lat' dir='ltr'><strong>se-</strong></span> 
     </span>
    </p>
   </div>
   <div class='ocr_carea' id='block_1_52' title="bbox 2081 2355 3652 2440">
    <p class='ocr_par' dir='ltr' id='par_1_52' title="bbox 2081 2355 3652 2440">
     <span class='ocr_line' id='line_1_52' title="bbox 2081 2355 3652 2440; baseline 0.007 -27"><span class='ocrx_word' id='word_1_367' title='bbox 2081 2360 2302 2415; x_wconf 83' lang='lat' dir='ltr'><strong>minatis</strong></span> <span class='ocrx_word' id='word_1_368' title='bbox 2327 2355 2488 2430; x_wconf 81' lang='lat' dir='ltr'><strong>Super</strong></span> <span class='ocrx_word' id='word_1_369' title='bbox 2535 2376 2750 2417; x_wconf 89' lang='lat' dir='ltr'><strong>omnem</strong></span> <span class='ocrx_word' id='word_1_370' title='bbox 2785 2377 3004 2432; x_wconf 89' lang='lat' dir='ltr'><strong>aquam.</strong></span> <span class='ocrx_word' id='word_1_371' title='bbox 3039 2382 3058 2414; x_wconf 78' lang='grc' dir='ltr'><strong>ι</strong></span> <span class='ocrx_word' id='word_1_372' title='bbox 3110 2365 3365 2431; x_wconf 67' lang='lat' dir='ltr'><strong>Quaenam</strong></span> <span class='ocrx_word' id='word_1_373' title='bbox 3397 2377 3478 2422; x_wconf 88' lang='lat' dir='ltr'><strong>est</strong></span> <span class='ocrx_word' id='word_1_374' title='bbox 3511 2385 3652 2440; x_wconf 91' lang='lat' dir='ltr'><strong>aqua</strong></span> 
     </span>
    </p>
   </div>
   <div class='ocr_carea' id='block_1_53' title="bbox 2077 2452 3654 2522">
    <p class='ocr_par' dir='ltr' id='par_1_53' title="bbox 2077 2452 3654 2522">
     <span class='ocr_line' id='line_1_53' title="bbox 2077 2452 3654 2522; baseline 0.005 -14"><span class='ocrx_word' id='word_1_375' title='bbox 2077 2452 2130 2508; x_wconf 88' lang='lat' dir='ltr'><strong>in</strong></span> <span class='ocrx_word' id='word_1_376' title='bbox 2158 2467 2264 2522; x_wconf 88' lang='lat' dir='ltr'><strong>qua</strong></span> <span class='ocrx_word' id='word_1_377' title='bbox 2303 2453 2684 2507; x_wconf 87' lang='lat' dir='ltr'><strong>seminandum</strong></span> <span class='ocrx_word' id='word_1_378' title='bbox 2723 2463 2808 2507; x_wconf 87' lang='lat' dir='ltr'><strong>est</strong></span> <span class='ocrx_word' id='word_1_379' title='bbox 2852 2455 3058 2510; x_wconf 87' lang='lat' dir='ltr'><strong>bonum</strong></span> <span class='ocrx_word' id='word_1_380' title='bbox 3109 2457 3332 2511; x_wconf 87' lang='lat' dir='ltr'><strong>semen?</strong></span> <span class='ocrx_word' id='word_1_381' title='bbox 3388 2459 3506 2514; x_wconf 88' lang='lat' dir='ltr'><strong>Erit</strong></span> <span class='ocrx_word' id='word_1_382' title='bbox 3561 2462 3654 2517; x_wconf 89' lang='lat' dir='ltr'><strong>illa</strong></span> 
     </span>
    </p>
   </div>
   <div class='ocr_carea' id='block_1_54' title="bbox 2077 2545 3650 2620">
    <p class='ocr_par' dir='ltr' id='par_1_54' title="bbox 2077 2545 3650 2620">
     <span class='ocr_line' id='line_1_54' title="bbox 2077 2545 3650 2620; baseline 0.006 -22"><span class='ocrx_word' id='word_1_383' title='bbox 2077 2559 2210 2599; x_wconf 85' lang='lat' dir='ltr'><strong>sane</strong></span> <span class='ocrx_word' id='word_1_384' title='bbox 2256 2545 2558 2614; x_wconf 84' lang='lat' dir='ltr'><strong>baptismus</strong></span> <span class='ocrx_word' id='word_1_385' title='bbox 2615 2546 2830 2610; x_wconf 89' lang='lat' dir='ltr'><strong>salutis,</strong></span> <span class='ocrx_word' id='word_1_386' title='bbox 2877 2546 3154 2602; x_wconf 78' lang='lat' dir='ltr'><strong>lavacrum</strong></span> <span class='ocrx_word' id='word_1_387' title='bbox 3201 2554 3650 2620; x_wconf 80' lang='lat' dir='ltr'><strong>regenerationis.</strong></span> 
     </span>
    </p>
   </div>
   <div class='ocr_carea' id='block_1_55' title="bbox 2078 2635 3652 2709">
    <p class='ocr_par' dir='ltr' id='par_1_55' title="bbox 2078 2635 3652 2709">
     <span class='ocr_line' id='line_1_55' title="bbox 2078 2635 3652 2709; baseline 0.006 -19"><span class='ocrx_word' id='word_1_388' title='bbox 2078 2635 2300 2691; x_wconf 89' lang='lat' dir='ltr'><strong>Semina</strong></span> <span class='ocrx_word' id='word_1_389' title='bbox 2335 2652 2502 2706; x_wconf 90' lang='lat' dir='ltr'><strong>super</strong></span> <span class='ocrx_word' id='word_1_390' title='bbox 2532 2638 2849 2708; x_wconf 86' lang='lat' dir='ltr'><strong>mysterium</strong></span> <span class='ocrx_word' id='word_1_391' title='bbox 2903 2640 3128 2709; x_wconf 88' lang='lat' dir='ltr'><strong>lavacri,</strong></span> <span class='ocrx_word' id='word_1_392' title='bbox 3176 2651 3231 2696; x_wconf 90' lang='lat' dir='ltr'><strong>et</strong></span> <span class='ocrx_word' id='word_1_393' title='bbox 3276 2645 3386 2700; x_wconf 84' lang='lat' dir='ltr'><strong>eris</strong></span> <span class='ocrx_word' id='word_1_394' title='bbox 3437 2645 3652 2704; x_wconf 85' lang='lat' dir='ltr'><strong>beatus.</strong></span> 
     </span>
    </p>
   </div>
   <div class='ocr_carea' id='block_1_56' title="bbox 391 2730 1973 2809">
    <p class='ocr_par' dir='ltr' id='par_1_56' title="bbox 391 2733 1971 2809">
     <span class='ocr_line' id='line_1_56' title="bbox 391 2733 1971 2809; baseline 0.002 -20"><span class='ocrx_word' id='word_1_395' title='bbox 391 2754 528 2809; x_wconf 87' lang='grc' dir='ltr'>ριος.</span> <span class='ocrx_word' id='word_1_396' title='bbox 576 2737 724 2789; x_wconf 81' lang='grc' dir='ltr'>Ἐκεῖ</span> <span class='ocrx_word' id='word_1_397' title='bbox 773 2734 898 2804; x_wconf 89' lang='grc' dir='ltr'>βοῦς</span> <span class='ocrx_word' id='word_1_398' title='bbox 928 2734 1021 2787; x_wconf 77' lang='grc' dir='ltr'><strong>καὶ</strong></span> <span class='ocrx_word' id='word_1_399' title='bbox 1055 2733 1173 2797; x_wconf 73' lang='grc' dir='ltr'>ὄνος</span> <span class='ocrx_word' id='word_1_400' title='bbox 1210 2737 1388 2800; x_wconf 86' lang='grc' dir='ltr'>πατεῖ,</span> <span class='ocrx_word' id='word_1_401' title='bbox 1429 2734 1554 2804; x_wconf 89' lang='grc' dir='ltr'>βοῦς</span> <span class='ocrx_word' id='word_1_402' title='bbox 1596 2738 1625 2790; x_wconf 88' lang='lat'><strong>6</strong></span> <span class='ocrx_word' id='word_1_403' title='bbox 1677 2735 1971 2809; x_wconf 80' lang='grc' dir='ltr'>καθαρὸςὸ</span> 
     </span>
    </p>
   </div>
   <div class='ocr_carea' id='block_1_57' title="bbox 2076 2730 3650 2809">
    <p class='ocr_par' dir='ltr' id='par_1_57' title="bbox 2076 2730 3650 2809">
     <span class='ocr_line' id='line_1_57' title="bbox 2076 2730 3650 2809; baseline 0.005 -22"><span class='ocrx_word' id='word_1_404' title='bbox 2076 2731 2187 2787; x_wconf 89' lang='lat' dir='ltr'><strong>Illic</strong></span> <span class='ocrx_word' id='word_1_405' title='bbox 2219 2735 2318 2786; x_wconf 86' lang='lat' dir='ltr'><strong>bos</strong></span> <span class='ocrx_word' id='word_1_406' title='bbox 2339 2740 2394 2785; x_wconf 91' lang='lat' dir='ltr'><strong>et</strong></span> <span class='ocrx_word' id='word_1_407' title='bbox 2427 2730 2612 2786; x_wconf 90' lang='lat' dir='ltr'><strong>asinus</strong></span> <span class='ocrx_word' id='word_1_408' title='bbox 2635 2733 2970 2799; x_wconf 82' lang='lat' dir='ltr'><strong>gradiuntur,</strong></span> <span class='ocrx_word' id='word_1_409' title='bbox 3001 2734 3098 2790; x_wconf 88' lang='lat' dir='ltr'><strong>bos</strong></span> <span class='ocrx_word' id='word_1_410' title='bbox 3130 2737 3362 2793; x_wconf 89' lang='lat' dir='ltr'><strong>mundus</strong></span> <span class='ocrx_word' id='word_1_411' title='bbox 3385 2737 3650 2809; x_wconf 82' lang='lat' dir='ltr'><strong>Israelita,</strong></span> 
     </span>
    </p>
   </div>
   <div class='ocr_carea' id='block_1_58' title="bbox 403 2825 1972 2901">
    <p class='ocr_par' dir='ltr' id='par_1_58' title="bbox 403 2825 1972 2901">
     <span class='ocr_line' id='line_1_58' title="bbox 403 2825 1972 2901; baseline 0.001 -19"><span class='ocrx_word' id='word_1_412' title='bbox 403 2825 766 2901; x_wconf 81' lang='grc' dir='ltr'>Ἰσραηλίτης,</span> <span class='ocrx_word' id='word_1_413' title='bbox 801 2829 896 2881; x_wconf 75' lang='grc' dir='ltr'>καὶ</span> <span class='ocrx_word' id='word_1_414' title='bbox 940 2827 1061 2889; x_wconf 77' lang='grc' dir='ltr'>ὄνος</span> <span class='ocrx_word' id='word_1_415' title='bbox 1107 2827 1420 2900; x_wconf 82' lang='grc' dir='ltr'>ἀκάθαρτος</span> <span class='ocrx_word' id='word_1_416' title='bbox 1466 2829 1529 2880; x_wconf 87' lang='grc' dir='ltr'><strong>ἐκ</strong></span> <span class='ocrx_word' id='word_1_417' title='bbox 1559 2828 1752 2898; x_wconf 72' lang='grc' dir='ltr'>γένους</span> <span class='ocrx_word' id='word_1_418' title='bbox 1797 2833 1824 2883; x_wconf 92' lang='lat'><strong>6</strong></span> <span class='ocrx_word' id='word_1_419' title='bbox 1864 2831 1972 2884; x_wconf 85' lang='grc' dir='ltr'><strong>ἀπὸ</strong></span> 
     </span>
    </p>
   </div>
   <div class='ocr_carea' id='block_1_59' title="bbox 387 2916 1970 2994">
    <p class='ocr_par' dir='ltr' id='par_1_59' title="bbox 387 2916 1970 2994">
     <span class='ocr_line' id='line_1_59' title="bbox 387 2916 1970 2994; baseline 0 -17"><span class='ocrx_word' id='word_1_420' title='bbox 387 2922 498 2977; x_wconf 81' lang='grc' dir='ltr'>τῶν</span> <span class='ocrx_word' id='word_1_421' title='bbox 523 2921 707 2975; x_wconf 84' lang='grc' dir='ltr'>ἐθνῶν·</span> <span class='ocrx_word' id='word_1_422' title='bbox 739 2922 826 2974; x_wconf 79' lang='grc' dir='ltr'>ἵνα</span> <span class='ocrx_word' id='word_1_423' title='bbox 851 2920 1118 2992; x_wconf 83' lang='grc' dir='ltr'>σύμϐολον</span> <span class='ocrx_word' id='word_1_424' title='bbox 1213 2921 1497 2993; x_wconf 77' lang='grc' dir='ltr'>ἀμφότερα</span> <span class='ocrx_word' id='word_1_425' title='bbox 1521 2921 1590 2976; x_wconf 79' lang='grc' dir='ltr'>τὰ</span> <span class='ocrx_word' id='word_1_426' title='bbox 1619 2922 1732 2986; x_wconf 79' lang='grc' dir='ltr'><strong>ζῶα</strong></span> <span class='ocrx_word' id='word_1_427' title='bbox 1761 2923 1854 2976; x_wconf 90' lang='grc' dir='ltr'><strong>τοῦ</strong></span> <span class='ocrx_word' id='word_1_428' title='bbox 1881 2925 1970 2978; x_wconf 92' lang='grc' dir='ltr'><strong><em>λό-</em></strong></span> 
     </span>
    </p>
   </div>
   <div class='ocr_carea' id='block_1_60' title="bbox 2074 2823 3652 2905">
    <p class='ocr_par' dir='ltr' id='par_1_60' title="bbox 2074 2823 3652 2905">
     <span class='ocr_line' id='line_1_60' title="bbox 2074 2823 3652 2905; baseline 0.008 -25"><span class='ocrx_word' id='word_1_429' title='bbox 2074 2837 2128 2881; x_wconf 87' lang='lat' dir='ltr'><strong>et</strong></span> <span class='ocrx_word' id='word_1_430' title='bbox 2151 2825 2338 2879; x_wconf 87' lang='lat' dir='ltr'><strong>asinus</strong></span> <span class='ocrx_word' id='word_1_431' title='bbox 2367 2823 2680 2879; x_wconf 88' lang='lat' dir='ltr'><strong>immundus</strong></span> <span class='ocrx_word' id='word_1_432' title='bbox 2712 2839 2780 2880; x_wconf 85' lang='lat' dir='ltr'><strong>ex</strong></span> <span class='ocrx_word' id='word_1_433' title='bbox 2815 2841 3044 2897; x_wconf 80' lang='lat' dir='ltr'><strong>genere,</strong></span> <span class='ocrx_word' id='word_1_434' title='bbox 3080 2831 3307 2898; x_wconf 90' lang='lat' dir='ltr'><strong>populus</strong></span> <span class='ocrx_word' id='word_1_435' title='bbox 3333 2833 3425 2905; x_wconf 89' lang='lat' dir='ltr'><strong>qui</strong></span> <span class='ocrx_word' id='word_1_436' title='bbox 3471 2845 3652 2893; x_wconf 77' lang='lat' dir='ltr'><strong>estex</strong></span> 
     </span>
    </p>
   </div>
   <div class='ocr_carea' id='block_1_61' title="bbox 2079 2916 3653 2991">
    <p class='ocr_par' dir='ltr' id='par_1_61' title="bbox 2079 2916 3653 2991">
     <span class='ocr_line' id='line_1_61' title="bbox 2079 2916 3653 2991; baseline 0.011 -20"><span class='ocrx_word' id='word_1_437' title='bbox 2079 2916 2334 2987; x_wconf 77' lang='lat' dir='ltr'><strong>gentibus</strong></span> <span class='ocrx_word' id='word_1_438' title='bbox 2365 2933 2380 2970; x_wconf 89' lang='lat'><strong>:</strong></span> <span class='ocrx_word' id='word_1_439' title='bbox 2410 2928 2468 2970; x_wconf 89' lang='lat' dir='ltr'><strong>ut</strong></span> <span class='ocrx_word' id='word_1_440' title='bbox 2495 2928 2791 2987; x_wconf 88' lang='lat' dir='ltr'><strong>utrumque</strong></span> <span class='ocrx_word' id='word_1_441' title='bbox 2826 2919 3028 2973; x_wconf 82' lang='lat' dir='ltr'><strong>animal</strong></span> <span class='ocrx_word' id='word_1_442' title='bbox 3061 2923 3368 2991; x_wconf 90' lang='lat' dir='ltr'><strong>symbolum</strong></span> <span class='ocrx_word' id='word_1_443' title='bbox 3402 2927 3474 2982; x_wconf 92' lang='lat' dir='ltr'><strong>sit</strong></span> <span class='ocrx_word' id='word_1_444' title='bbox 3501 2931 3653 2988; x_wconf 83' lang='lat' dir='ltr'><strong>verbi</strong></span> 
     </span>
    </p>
   </div>
   <div class='ocr_carea' id='block_1_62' title="bbox 389 3010 1973 3104">
    <p class='ocr_par' dir='ltr' id='par_1_62' title="bbox 389 3012 1968 3088">
     <span class='ocr_line' id='line_1_62' title="bbox 389 3012 1968 3088; baseline -0.001 -16"><span class='ocrx_word' id='word_1_445' title='bbox 389 3031 494 3087; x_wconf 79' lang='grc' dir='ltr'><strong>γου</strong></span> <span class='ocrx_word' id='word_1_446' title='bbox 518 3016 612 3070; x_wconf 89' lang='grc' dir='ltr'><strong>τοῦ</strong></span> <span class='ocrx_word' id='word_1_447' title='bbox 647 3019 757 3080; x_wconf 84' lang='grc' dir='ltr'>τοῖς</span> <span class='ocrx_word' id='word_1_448' title='bbox 801 3014 978 3069; x_wconf 77' lang='grc' dir='ltr'>ἔθνεσι</span> <span class='ocrx_word' id='word_1_449' title='bbox 1025 3016 1462 3087; x_wconf 83' lang='grc' dir='ltr'>κεκηρυγμένου.</span> <span class='ocrx_word' id='word_1_450' title='bbox 1511 3016 1682 3070; x_wconf 86' lang='grc' dir='ltr'>Πατεῖ</span> <span class='ocrx_word' id='word_1_451' title='bbox 1712 3012 1806 3072; x_wconf 85' lang='grc' dir='ltr'><strong>οὖν</strong></span> <span class='ocrx_word' id='word_1_452' title='bbox 1842 3016 1968 3088; x_wconf 88' lang='grc' dir='ltr'>βοῦς</span> 
     </span>
    </p>
   </div>
   <div class='ocr_carea' id='block_1_63' title="bbox 2076 3010 3657 3104">
    <p class='ocr_par' dir='ltr' id='par_1_63' title="bbox 2076 3010 3657 3092">
     <span class='ocr_line' id='line_1_63' title="bbox 2076 3010 3657 3092; baseline 0.013 -30"><span class='ocrx_word' id='word_1_453' title='bbox 2076 3011 2218 3079; x_wconf 90' lang='lat' dir='ltr'><strong>quod</strong></span> <span class='ocrx_word' id='word_1_454' title='bbox 2249 3010 2506 3077; x_wconf 79' lang='lat' dir='ltr'><strong>gentibus</strong></span> <span class='ocrx_word' id='word_1_455' title='bbox 2529 3011 2686 3081; x_wconf 82' lang='lat'><strong>391</strong></span> <span class='ocrx_word' id='word_1_456' title='bbox 2711 3013 3055 3080; x_wconf 68' lang='lat' dir='ltr'><strong>praedicatur.</strong></span> <span class='ocrx_word' id='word_1_457' title='bbox 3085 3016 3377 3073; x_wconf 86' lang='lat' dir='ltr'><strong>Ambulant</strong></span> <span class='ocrx_word' id='word_1_458' title='bbox 3398 3035 3526 3092; x_wconf 87' lang='lat' dir='ltr'><strong>ergo</strong></span> <span class='ocrx_word' id='word_1_459' title='bbox 3554 3024 3657 3083; x_wconf 72' lang='lat' dir='ltr'><strong>bo:</strong></span> 
     </span>
    </p>
   </div>
   <div class='ocr_carea' id='block_1_64' title="bbox 391 3108 1970 3184">
    <p class='ocr_par' dir='ltr' id='par_1_64' title="bbox 391 3108 1970 3184">
     <span class='ocr_line' id='line_1_64' title="bbox 391 3108 1970 3184; baseline -0.002 -19"><span class='ocrx_word' id='word_1_460' title='bbox 391 3111 486 3165; x_wconf 76' lang='grc' dir='ltr'><strong>καὶ</strong></span> <span class='ocrx_word' id='word_1_461' title='bbox 521 3111 660 3174; x_wconf 72' lang='grc' dir='ltr'>ὄνος,</span> <span class='ocrx_word' id='word_1_462' title='bbox 712 3110 866 3182; x_wconf 75' lang='grc' dir='ltr'>φησὶ,</span> <span class='ocrx_word' id='word_1_463' title='bbox 900 3109 1058 3163; x_wconf 90' lang='grc' dir='ltr'>τοῦτο</span> <span class='ocrx_word' id='word_1_464' title='bbox 1093 3109 1156 3162; x_wconf 84' lang='grc' dir='ltr'>τὸ</span> <span class='ocrx_word' id='word_1_465' title='bbox 1187 3108 1332 3182; x_wconf 73' lang='grc' dir='ltr'>ὕδωρ</span> <span class='ocrx_word' id='word_1_466' title='bbox 1357 3111 1490 3165; x_wconf 82' lang='grc' dir='ltr'>ὅπου</span> <span class='ocrx_word' id='word_1_467' title='bbox 1527 3114 1769 3184; x_wconf 88' lang='grc' dir='ltr'>σπείρειν</span> <span class='ocrx_word' id='word_1_468' title='bbox 1821 3113 1970 3170; x_wconf 82' lang='grc' dir='ltr'>θέλο-</span> 
     </span>
    </p>
   </div>
   <div class='ocr_carea' id='block_1_65' title="bbox 442 3218 518 3255">
    <p class='ocr_par' dir='ltr' id='par_1_65' title="bbox 442 3218 518 3255">
     <span class='ocr_line' id='line_1_65' title="bbox 442 3218 518 3255; baseline 0.026 -2"><span class='ocrx_word' id='word_1_469' title='bbox 442 3218 518 3255; x_wconf 90' lang='grc' dir='ltr'><strong>εν.</strong></span> 
     </span>
    </p>
   </div>
   <div class='ocr_carea' id='block_1_66' title="bbox 395 3220 1968 3368">
    <p class='ocr_par' dir='ltr' id='par_1_66' title="bbox 395 3220 1968 3368">
     <span class='ocr_line' id='line_1_66' title="bbox 442 3220 518 3255; baseline 0.026 -2"><span class='ocrx_word' id='word_1_470' title='bbox 442 3220 518 3255; x_wconf 89' lang='grc' dir='ltr'><strong>εν.</strong></span> 
     </span>
     <span class='ocr_line' id='line_1_67' title="bbox 395 3220 1968 3368; baseline 0.006 -22"><span class='ocrx_word' id='word_1_471' title='bbox 395 3220 439 3273; x_wconf 68' lang='grc' dir='ltr'>μ</span> <span class='ocrx_word' id='word_1_472' title='bbox 472 3293 607 3346; x_wconf 80' lang='grc' dir='ltr'><strong>Ἐὰν</strong></span> <span class='ocrx_word' id='word_1_473' title='bbox 655 3291 723 3345; x_wconf 85' lang='grc' dir='ltr'>δὲ</span> <span class='ocrx_word' id='word_1_474' title='bbox 759 3294 998 3363; x_wconf 79' lang='grc' dir='ltr'>γένηται</span> <span class='ocrx_word' id='word_1_475' title='bbox 1043 3291 1183 3359; x_wconf 83' lang='grc' dir='ltr'>παῖς</span> <span class='ocrx_word' id='word_1_476' title='bbox 1232 3294 1528 3362; x_wconf 78' lang='grc' dir='ltr'>παρθένος</span> <span class='ocrx_word' id='word_1_477' title='bbox 1583 3314 1968 3368; x_wconf 73' lang='grc' dir='ltr'>μεμνηστευ-</span> 
     </span>
    </p>
   </div>
   <div class='ocr_carea' id='block_1_67' title="bbox 389 3385 1973 3460">
    <p class='ocr_par' dir='ltr' id='par_1_67' title="bbox 389 3385 1973 3460">
     <span class='ocr_line' id='line_1_68' title="bbox 389 3385 1973 3460; baseline 0.008 -23"><span class='ocrx_word' id='word_1_478' title='bbox 389 3385 543 3454; x_wconf 77' lang='grc' dir='ltr'>μένη</span> <span class='ocrx_word' id='word_1_479' title='bbox 567 3385 760 3453; x_wconf 74' lang='grc' dir='ltr'>ἀνδρί.</span> <span class='ocrx_word' id='word_1_480' title='bbox 791 3385 902 3456; x_wconf 79' lang='grc' dir='ltr'><strong>Τὴν</strong></span> <span class='ocrx_word' id='word_1_481' title='bbox 935 3385 1033 3456; x_wconf 74' lang='grc' dir='ltr'>ἤδη</span> <span class='ocrx_word' id='word_1_482' title='bbox 1087 3403 1150 3456; x_wconf 89' lang='grc' dir='ltr'><strong>με</strong></span> <span class='ocrx_word' id='word_1_483' title='bbox 1161 3389 1574 3460; x_wconf 83' lang='grc' dir='ltr'>μνηστευμένην</span> <span class='ocrx_word' id='word_1_484' title='bbox 1607 3395 1844 3460; x_wconf 86' lang='grc' dir='ltr'>γυναῖκα</span> <span class='ocrx_word' id='word_1_485' title='bbox 1873 3413 1973 3450; x_wconf 87' lang='grc' dir='ltr'>κα-</span> 
     </span>
    </p>
   </div>
   <div class='ocr_carea' id='block_1_68' title="bbox 391 3475 1969 3553">
    <p class='ocr_par' dir='ltr' id='par_1_68' title="bbox 391 3475 1969 3553">
     <span class='ocr_line' id='line_1_69' title="bbox 391 3475 1969 3553; baseline 0.007 -24"><span class='ocrx_word' id='word_1_486' title='bbox 391 3476 512 3530; x_wconf 75' lang='grc' dir='ltr'><strong>)εἰο</strong></span> <span class='ocrx_word' id='word_1_487' title='bbox 560 3475 704 3530; x_wconf 71' lang='grc' dir='ltr'>οὕτω</span> <span class='ocrx_word' id='word_1_488' title='bbox 746 3477 842 3530; x_wconf 74' lang='grc' dir='ltr'><strong>καὶ</strong></span> <span class='ocrx_word' id='word_1_489' title='bbox 887 3478 984 3530; x_wconf 81' lang='grc' dir='ltr'>ἐπὶ</span> <span class='ocrx_word' id='word_1_490' title='bbox 1028 3477 1121 3530; x_wconf 91' lang='grc' dir='ltr'><strong>τοῦ</strong></span> <span class='ocrx_word' id='word_1_491' title='bbox 1165 3479 1364 3550; x_wconf 77' lang='grc' dir='ltr'>Ἰωσὴφ</span> <span class='ocrx_word' id='word_1_492' title='bbox 1416 3481 1511 3535; x_wconf 81' lang='grc' dir='ltr'><strong>καὶ</strong></span> <span class='ocrx_word' id='word_1_493' title='bbox 1564 3482 1666 3553; x_wconf 82' lang='grc' dir='ltr'>τῆς</span> <span class='ocrx_word' id='word_1_494' title='bbox 1721 3483 1969 3541; x_wconf 85' lang='grc' dir='ltr'>θεοτόκου</span> 
     </span>
    </p>
   </div>
   <div class='ocr_carea' id='block_1_69' title="bbox 395 3569 613 3641">
    <p class='ocr_par' dir='ltr' id='par_1_69' title="bbox 395 3569 613 3641">
     <span class='ocr_line' id='line_1_70' title="bbox 395 3569 613 3641; baseline 0.005 -19"><span class='ocrx_word' id='word_1_495' title='bbox 395 3569 613 3641; x_wconf 77' lang='grc' dir='ltr'>ἐλέχθη.</span> 
     </span>
    </p>
   </div>
   <div class='ocr_carea' id='block_1_70' title="bbox 465 3662 1972 3743">
    <p class='ocr_par' dir='ltr' id='par_1_70' title="bbox 465 3662 1972 3743">
     <span class='ocr_line' id='line_1_71' title="bbox 465 3662 1972 3743; baseline 0.007 -27"><span class='ocrx_word' id='word_1_496' title='bbox 465 3663 572 3716; x_wconf 80' lang='grc' dir='ltr'><strong>Καὶ</strong></span> <span class='ocrx_word' id='word_1_497' title='bbox 597 3663 706 3728; x_wconf 82' lang='grc' dir='ltr'>ἓως</span> <span class='ocrx_word' id='word_1_498' title='bbox 729 3665 817 3729; x_wconf 84' lang='grc' dir='ltr'>εἰς</span> <span class='ocrx_word' id='word_1_499' title='bbox 838 3662 945 3717; x_wconf 78' lang='grc' dir='ltr'><strong>τὸν</strong></span> <span class='ocrx_word' id='word_1_500' title='bbox 968 3663 1172 3719; x_wconf 76' lang='grc' dir='ltr'>αἰῶνα.</span> <span class='ocrx_word' id='word_1_501' title='bbox 1209 3666 1428 3738; x_wconf 87' lang='grc' dir='ltr'>Ἐπειδὴ</span> <span class='ocrx_word' id='word_1_502' title='bbox 1463 3668 1555 3722; x_wconf 80' lang='grc' dir='ltr'><strong>καὶ</strong></span> <span class='ocrx_word' id='word_1_503' title='bbox 1582 3663 1726 3724; x_wconf 77' lang='grc' dir='ltr'>οῦτοι</span> <span class='ocrx_word' id='word_1_504' title='bbox 1751 3672 1814 3724; x_wconf 89' lang='grc' dir='ltr'><strong>ἐκ</strong></span> <span class='ocrx_word' id='word_1_505' title='bbox 1837 3685 1972 3743; x_wconf 84' lang='grc' dir='ltr'>πορ-</span> 
     </span>
    </p>
   </div>
   <div class='ocr_carea' id='block_1_71' title="bbox 393 3759 1971 3836">
    <p class='ocr_par' dir='ltr' id='par_1_71' title="bbox 393 3759 1971 3836">
     <span class='ocr_line' id='line_1_72' title="bbox 393 3759 1971 3836; baseline 0.005 -24"><span class='ocrx_word' id='word_1_506' title='bbox 393 3759 542 3822; x_wconf 83' lang='grc' dir='ltr'>νείας</span> <span class='ocrx_word' id='word_1_507' title='bbox 577 3761 715 3812; x_wconf 65' lang='grc' dir='ltr'>εἰσιν</span> <span class='ocrx_word' id='word_1_508' title='bbox 746 3759 854 3812; x_wconf 78' lang='grc' dir='ltr'><strong>ἀπὸ</strong></span> <span class='ocrx_word' id='word_1_509' title='bbox 887 3760 996 3812; x_wconf 86' lang='grc' dir='ltr'>τῶν</span> <span class='ocrx_word' id='word_1_510' title='bbox 1041 3761 1357 3833; x_wconf 82' lang='grc' dir='ltr'>θυγατέρων</span> <span class='ocrx_word' id='word_1_511' title='bbox 1387 3763 1481 3818; x_wconf 91' lang='grc' dir='ltr'><strong>τοῦ</strong></span> <span class='ocrx_word' id='word_1_512' title='bbox 1526 3763 1678 3817; x_wconf 86' lang='grc' dir='ltr'><strong>Λώτ·</strong></span> <span class='ocrx_word' id='word_1_513' title='bbox 1707 3765 1768 3818; x_wconf 88' lang='grc' dir='ltr'><strong>ού</strong></span> <span class='ocrx_word' id='word_1_514' title='bbox 1810 3767 1971 3836; x_wconf 87' lang='grc' dir='ltr'>μόνον</span> 
     </span>
    </p>
   </div>
   <div class='ocr_carea' id='block_1_72' title="bbox 393 3850 1970 3929">
    <p class='ocr_par' dir='ltr' id='par_1_72' title="bbox 393 3850 1970 3929">
     <span class='ocr_line' id='line_1_73' title="bbox 393 3850 1970 3929; baseline 0.004 -24"><span class='ocrx_word' id='word_1_515' title='bbox 393 3850 454 3905; x_wconf 83' lang='grc' dir='ltr'><strong>δέ</strong></span> <span class='ocrx_word' id='word_1_516' title='bbox 495 3851 598 3914; x_wconf 79' lang='grc' dir='ltr'><strong>ἕως</strong></span> <span class='ocrx_word' id='word_1_517' title='bbox 635 3853 828 3920; x_wconf 77' lang='grc' dir='ltr'>γενεᾶς</span> <span class='ocrx_word' id='word_1_518' title='bbox 880 3852 1110 3923; x_wconf 81' lang='grc' dir='ltr'>δεκάτης</span> <span class='ocrx_word' id='word_1_519' title='bbox 1161 3853 1377 3907; x_wconf 82' lang='grc' dir='ltr'>ἀδεκτοι</span> <span class='ocrx_word' id='word_1_520' title='bbox 1421 3857 1487 3927; x_wconf 80' lang='grc' dir='ltr'>τῇ</span> <span class='ocrx_word' id='word_1_521' title='bbox 1537 3860 1822 3929; x_wconf 83' lang='grc' dir='ltr'>συναγωγῇ</span> <span class='ocrx_word' id='word_1_522' title='bbox 1875 3858 1970 3910; x_wconf 91' lang='grc' dir='ltr'><strong>τοῦ</strong></span> 
     </span>
    </p>
   </div>
   <div class='ocr_carea' id='block_1_73' title="bbox 407 3944 1970 4020">
    <p class='ocr_par' dir='ltr' id='par_1_73' title="bbox 407 3944 1970 4020">
     <span class='ocr_line' id='line_1_74' title="bbox 407 3944 1970 4020; baseline 0.003 -23"><span class='ocrx_word' id='word_1_523' title='bbox 407 3945 625 4015; x_wconf 72' lang='grc' dir='ltr'>Ἰσραήλ</span> <span class='ocrx_word' id='word_1_524' title='bbox 654 3945 814 4014; x_wconf 68' lang='grc' dir='ltr'>είσιν,</span> <span class='ocrx_word' id='word_1_525' title='bbox 833 3944 970 3998; x_wconf 82' lang='grc' dir='ltr'>ἀλλὰ</span> <span class='ocrx_word' id='word_1_526' title='bbox 995 3947 1088 3998; x_wconf 71' lang='grc' dir='ltr'><strong>καὶ</strong></span> <span class='ocrx_word' id='word_1_527' title='bbox 1113 3945 1192 4008; x_wconf 85' lang='grc' dir='ltr'><strong>είς</strong></span> <span class='ocrx_word' id='word_1_528' title='bbox 1217 3945 1308 3998; x_wconf 82' lang='grc' dir='ltr'><strong>τὸν</strong></span> <span class='ocrx_word' id='word_1_529' title='bbox 1330 3947 1520 4001; x_wconf 83' lang='grc' dir='ltr'>αίῶνα.</span> <span class='ocrx_word' id='word_1_530' title='bbox 1544 3947 1699 4002; x_wconf 78' lang='grc' dir='ltr'>Οὕτω</span> <span class='ocrx_word' id='word_1_531' title='bbox 1725 3947 1970 4020; x_wconf 87' lang='grc' dir='ltr'>βούλεται</span> 
     </span>
    </p>
   </div>
   <div class='ocr_carea' id='block_1_74' title="bbox 393 4033 1972 4114">
    <p class='ocr_par' dir='ltr' id='par_1_74' title="bbox 393 4033 1972 4114">
     <span class='ocr_line' id='line_1_75' title="bbox 393 4033 1972 4114; baseline 0.003 -22"><span class='ocrx_word' id='word_1_532' title='bbox 393 4037 576 4099; x_wconf 77' lang='grc' dir='ltr'>αὐτοῖς</span> <span class='ocrx_word' id='word_1_533' title='bbox 600 4036 698 4108; x_wconf 86' lang='grc' dir='ltr'>τὴν</span> <span class='ocrx_word' id='word_1_534' title='bbox 737 4035 936 4108; x_wconf 78' lang='grc' dir='ltr'>ἔχθραν</span> <span class='ocrx_word' id='word_1_535' title='bbox 979 4037 1148 4091; x_wconf 85' lang='grc' dir='ltr'>ἀΐδιον</span> <span class='ocrx_word' id='word_1_536' title='bbox 1195 4033 1360 4092; x_wconf 76' lang='grc' dir='ltr'>εἶναι’</span> <span class='ocrx_word' id='word_1_537' title='bbox 1397 4041 1538 4094; x_wconf 83' lang='grc' dir='ltr'><strong>κατά</strong></span> <span class='ocrx_word' id='word_1_538' title='bbox 1571 4041 1670 4112; x_wconf 88' lang='grc' dir='ltr'><strong>μέν</strong></span> <span class='ocrx_word' id='word_1_539' title='bbox 1708 4042 1770 4094; x_wconf 82' lang='grc' dir='ltr'><strong>τὸ</strong></span> <span class='ocrx_word' id='word_1_540' title='bbox 1796 4043 1972 4114; x_wconf 82' lang='grc' dir='ltr'>νόημα</span> 
     </span>
    </p>
   </div>
   <div class='ocr_carea' id='block_1_75' title="bbox 394 4129 1971 4207">
    <p class='ocr_par' dir='ltr' id='par_1_75' title="bbox 394 4129 1971 4207">
     <span class='ocr_line' id='line_1_76' title="bbox 394 4129 1971 4207; baseline 0.004 -24"><span class='ocrx_word' id='word_1_541' title='bbox 394 4131 489 4184; x_wconf 57' lang='grc' dir='ltr'><strong>καὶ⁸</strong></span> <span class='ocrx_word' id='word_1_542' title='bbox 515 4131 614 4202; x_wconf 84' lang='grc' dir='ltr'>τὴν</span> <span class='ocrx_word' id='word_1_543' title='bbox 658 4129 829 4202; x_wconf 89' lang='grc' dir='ltr'>ἀληθῆ</span> <span class='ocrx_word' id='word_1_544' title='bbox 856 4132 1032 4185; x_wconf 81' lang='grc' dir='ltr'>αἰτίαν</span> <span class='ocrx_word' id='word_1_545' title='bbox 1065 4132 1164 4202; x_wconf 82' lang='grc' dir='ltr'>τῆς</span> <span class='ocrx_word' id='word_1_546' title='bbox 1187 4130 1338 4195; x_wconf 87' lang='grc' dir='ltr'>θείας</span> <span class='ocrx_word' id='word_1_547' title='bbox 1387 4133 1624 4205; x_wconf 83' lang='grc' dir='ltr'>Γραφῆς,</span> <span class='ocrx_word' id='word_1_548' title='bbox 1653 4134 1843 4207; x_wconf 82' lang='grc' dir='ltr'>ἐπειδὴ</span> <span class='ocrx_word' id='word_1_549' title='bbox 1883 4135 1971 4189; x_wconf 80' lang='grc' dir='ltr'><strong>τὸν</strong></span> 
     </span>
    </p>
   </div>
   <div class='ocr_carea' id='block_1_76' title="bbox 395 4215 1970 4299">
    <p class='ocr_par' dir='ltr' id='par_1_76' title="bbox 395 4215 1970 4299">
     <span class='ocr_line' id='line_1_77' title="bbox 395 4215 1970 4299; baseline 0.003 -25"><span class='ocrx_word' id='word_1_550' title='bbox 395 4221 625 4292; x_wconf 77' lang='grc' dir='ltr'>Βαλαὰμ</span> <span class='ocrx_word' id='word_1_551' title='bbox 673 4219 1066 4292; x_wconf 81' lang='grc' dir='ltr'>ἐμισθώσαντο,</span> <span class='ocrx_word' id='word_1_552' title='bbox 1114 4222 1202 4291; x_wconf 82' lang='grc' dir='ltr'><strong>ἐφ’</strong></span> <span class='ocrx_word' id='word_1_553' title='bbox 1242 4215 1346 4289; x_wconf 84' lang='grc' dir='ltr'><strong>ᾧτε</strong></span> <span class='ocrx_word' id='word_1_554' title='bbox 1403 4223 1816 4299; x_wconf 84' lang='grc' dir='ltr'>καταράσασθαι</span> <span class='ocrx_word' id='word_1_555' title='bbox 1859 4229 1970 4290; x_wconf 84' lang='grc' dir='ltr'>τοῖς</span> 
     </span>
    </p>
   </div>
   <div class='ocr_carea' id='block_1_77' title="bbox 404 4313 1972 4386">
    <p class='ocr_par' dir='ltr' id='par_1_77' title="bbox 404 4313 1972 4386">
     <span class='ocr_line' id='line_1_78' title="bbox 404 4313 1972 4386; baseline 0.005 -19"><span class='ocrx_word' id='word_1_556' title='bbox 404 4313 697 4386; x_wconf 79' lang='grc' dir='ltr'>Ἐδραίοις,</span> <span class='ocrx_word' id='word_1_557' title='bbox 742 4314 878 4366; x_wconf 80' lang='grc' dir='ltr'>ἀλλὰ</span> <span class='ocrx_word' id='word_1_558' title='bbox 916 4315 1012 4367; x_wconf 74' lang='grc' dir='ltr'>καὶ</span> <span class='ocrx_word' id='word_1_559' title='bbox 1047 4314 1147 4378; x_wconf 85' lang='grc' dir='ltr'>τὰς</span> <span class='ocrx_word' id='word_1_560' title='bbox 1191 4315 1373 4369; x_wconf 80' lang='grc' dir='ltr'>αὐτῶν</span> <span class='ocrx_word' id='word_1_561' title='bbox 1426 4321 1692 4386; x_wconf 87' lang='grc' dir='ltr'>γυναῖκας</span> <span class='ocrx_word' id='word_1_562' title='bbox 1741 4321 1834 4374; x_wconf 80' lang='grc' dir='ltr'><strong>καὶ</strong></span> <span class='ocrx_word' id='word_1_563' title='bbox 1873 4319 1972 4384; x_wconf 86' lang='grc' dir='ltr'>τὰς</span> 
     </span>
    </p>
   </div>
   <div class='ocr_carea' id='block_1_78' title="bbox 2076 3103 3652 3181">
    <p class='ocr_par' dir='ltr' id='par_1_78' title="bbox 2076 3103 3652 3181">
     <span class='ocr_line' id='line_1_79' title="bbox 2076 3103 3652 3181; baseline 0.008 -23"><span class='ocrx_word' id='word_1_564' title='bbox 2076 3111 2130 3158; x_wconf 91' lang='lat' dir='ltr'><strong>et</strong></span> <span class='ocrx_word' id='word_1_565' title='bbox 2153 3103 2362 3167; x_wconf 89' lang='lat' dir='ltr'><strong>asinus,</strong></span> <span class='ocrx_word' id='word_1_566' title='bbox 2399 3103 2593 3172; x_wconf 89' lang='lat' dir='ltr'><strong>inquit,</strong></span> <span class='ocrx_word' id='word_1_567' title='bbox 2625 3119 2788 3174; x_wconf 88' lang='lat' dir='ltr'><strong>super</strong></span> <span class='ocrx_word' id='word_1_568' title='bbox 2837 3105 2984 3160; x_wconf 90' lang='lat' dir='ltr'><strong>illam</strong></span> <span class='ocrx_word' id='word_1_569' title='bbox 3014 3121 3213 3177; x_wconf 89' lang='lat' dir='ltr'><strong>aquam</strong></span> <span class='ocrx_word' id='word_1_570' title='bbox 3249 3109 3304 3164; x_wconf 91' lang='lat' dir='ltr'><strong>in</strong></span> <span class='ocrx_word' id='word_1_571' title='bbox 3348 3127 3455 3181; x_wconf 89' lang='lat' dir='ltr'><strong>qua</strong></span> <span class='ocrx_word' id='word_1_572' title='bbox 3486 3115 3652 3171; x_wconf 79' lang='lat' dir='ltr'><strong>sei-</strong></span> 
     </span>
    </p>
   </div>
   <div class='ocr_carea' id='block_1_79' title="bbox 2076 3197 2521 3252">
    <p class='ocr_par' dir='ltr' id='par_1_79' title="bbox 2076 3197 2521 3252">
     <span class='ocr_line' id='line_1_80' title="bbox 2076 3197 2521 3252; baseline 0.004 -2"><span class='ocrx_word' id='word_1_573' title='bbox 2076 3210 2211 3251; x_wconf 86' lang='lat' dir='ltr'><strong>nare</strong></span> <span class='ocrx_word' id='word_1_574' title='bbox 2248 3197 2521 3252; x_wconf 89' lang='lat' dir='ltr'><strong>volumus.</strong></span> 
     </span>
    </p>
   </div>
   <div class='ocr_carea' id='block_1_80' title="bbox 2150 3287 3656 3362">
    <p class='ocr_par' dir='ltr' id='par_1_80' title="bbox 2150 3287 3656 3362">
     <span class='ocr_line' id='line_1_81' title="bbox 2150 3287 3656 3362; baseline 0.007 -20"><span class='ocrx_word' id='word_1_575' title='bbox 2150 3287 2210 3343; x_wconf 89' lang='lat' dir='ltr'><strong>Si</strong></span> <span class='ocrx_word' id='word_1_576' title='bbox 2239 3299 2414 3344; x_wconf 85' lang='lat' dir='ltr'><strong>autem</strong></span> <span class='ocrx_word' id='word_1_577' title='bbox 2446 3290 2606 3359; x_wconf 80' lang='lat' dir='ltr'><strong>fuerit</strong></span> <span class='ocrx_word' id='word_1_578' title='bbox 2636 3290 2811 3360; x_wconf 82' lang='lat' dir='ltr'><strong>puella</strong></span> <span class='ocrx_word' id='word_1_579' title='bbox 2837 3293 2982 3362; x_wconf 78' lang='lat' dir='ltr'><strong>virgo</strong></span> <span class='ocrx_word' id='word_1_580' title='bbox 3013 3304 3258 3357; x_wconf 76' lang='lat' dir='ltr'><strong>sponsam</strong></span> <span class='ocrx_word' id='word_1_581' title='bbox 3294 3295 3404 3350; x_wconf 81' lang='lat' dir='ltr'><strong>viro</strong></span> <span class='ocrx_word' id='word_1_582' title='bbox 3420 3297 3486 3351; x_wconf 77' lang='grc'><strong>⁸⁷.</strong></span> <span class='ocrx_word' id='word_1_583' title='bbox 3519 3296 3656 3352; x_wconf 84' lang='lat' dir='ltr'><strong>Eam</strong></span> 
     </span>
    </p>
   </div>
   <div class='ocr_carea' id='block_1_81' title="bbox 2078 3387 3650 3451">
    <p class='ocr_par' dir='ltr' id='par_1_81' title="bbox 2078 3387 3650 3451">
     <span class='ocr_line' id='line_1_82' title="bbox 2078 3387 3650 3451; baseline 0.007 -15"><span class='ocrx_word' id='word_1_584' title='bbox 2078 3396 2200 3451; x_wconf 70' lang='lat' dir='ltr'><strong>qua:</strong></span> <span class='ocrx_word' id='word_1_585' title='bbox 2238 3389 2450 3436; x_wconf 84' lang='lat' dir='ltr'><strong>tantum</strong></span> <span class='ocrx_word' id='word_1_586' title='bbox 2493 3393 2747 3450; x_wconf 87' lang='lat' dir='ltr'><strong>sponsata</strong></span> <span class='ocrx_word' id='word_1_587' title='bbox 2794 3393 2898 3450; x_wconf 91' lang='lat' dir='ltr'><strong>est,</strong></span> <span class='ocrx_word' id='word_1_588' title='bbox 2940 3399 3168 3442; x_wconf 81' lang='lat' dir='ltr'><strong>uxorem</strong></span> <span class='ocrx_word' id='word_1_589' title='bbox 3216 3398 3396 3443; x_wconf 88' lang='lat' dir='ltr'><strong>vocat.</strong></span> <span class='ocrx_word' id='word_1_590' title='bbox 3447 3387 3540 3446; x_wconf 89' lang='lat' dir='ltr'><strong>Sic</strong></span> <span class='ocrx_word' id='word_1_591' title='bbox 3583 3391 3650 3446; x_wconf 81' lang='lat' dir='ltr'><strong>de</strong></span> 
     </span>
    </p>
   </div>
   <div class='ocr_carea' id='block_1_82' title="bbox 2072 3472 3059 3546">
    <p class='ocr_par' dir='ltr' id='par_1_82' title="bbox 2072 3472 3059 3546">
     <span class='ocr_line' id='line_1_83' title="bbox 2072 3472 3059 3546; baseline 0.004 -17"><span class='ocrx_word' id='word_1_592' title='bbox 2072 3472 2275 3546; x_wconf 88' lang='lat' dir='ltr'><strong>Joseph</strong></span> <span class='ocrx_word' id='word_1_593' title='bbox 2301 3484 2358 3530; x_wconf 92' lang='lat' dir='ltr'><strong>et</strong></span> <span class='ocrx_word' id='word_1_594' title='bbox 2386 3475 2482 3530; x_wconf 90' lang='lat' dir='ltr'><strong>Dei</strong></span> <span class='ocrx_word' id='word_1_595' title='bbox 2514 3484 2695 3530; x_wconf 91' lang='lat' dir='ltr'><strong>matre</strong></span> <span class='ocrx_word' id='word_1_596' title='bbox 2726 3477 2926 3531; x_wconf 88' lang='lat' dir='ltr'><strong>dictum</strong></span> <span class='ocrx_word' id='word_1_597' title='bbox 2955 3488 3059 3533; x_wconf 90' lang='lat' dir='ltr'><strong>est.</strong></span> 
     </span>
    </p>
   </div>
   <div class='ocr_carea' id='block_1_83' title="bbox 2146 3657 3650 3728">
    <p class='ocr_par' dir='ltr' id='par_1_83' title="bbox 2146 3657 3650 3728">
     <span class='ocr_line' id='line_1_84' title="bbox 2146 3657 3650 3728; baseline 0.01 -17"><span class='ocrx_word' id='word_1_598' title='bbox 2146 3657 2218 3712; x_wconf 82' lang='lat' dir='ltr'><strong>Et</strong></span> <span class='ocrx_word' id='word_1_599' title='bbox 2239 3675 2402 3727; x_wconf 77' lang='lat' dir='ltr'><strong>usque</strong></span> <span class='ocrx_word' id='word_1_600' title='bbox 2427 3659 2482 3713; x_wconf 89' lang='lat' dir='ltr'><strong>in</strong></span> <span class='ocrx_word' id='word_1_601' title='bbox 2507 3662 2839 3714; x_wconf 68' lang='lat' dir='ltr'><strong>internum&quot;.</strong></span> <span class='ocrx_word' id='word_1_602' title='bbox 2866 3661 3130 3728; x_wconf 85' lang='lat' dir='ltr'><strong>Quoniam</strong></span> <span class='ocrx_word' id='word_1_603' title='bbox 3155 3675 3208 3719; x_wconf 90' lang='lat' dir='ltr'><strong>et</strong></span> <span class='ocrx_word' id='word_1_604' title='bbox 3233 3665 3288 3719; x_wconf 92' lang='lat' dir='ltr'><strong>hi</strong></span> <span class='ocrx_word' id='word_1_605' title='bbox 3315 3681 3384 3720; x_wconf 76' lang='lat' dir='ltr'><strong>ex</strong></span> <span class='ocrx_word' id='word_1_606' title='bbox 3406 3665 3650 3725; x_wconf 90' lang='lat' dir='ltr'><strong>fornica-</strong></span> 
     </span>
    </p>
   </div>
   <div class='ocr_carea' id='block_1_84' title="bbox 2079 3750 3646 3831">
    <p class='ocr_par' dir='ltr' id='par_1_84' title="bbox 2079 3750 3646 3831">
     <span class='ocr_line' id='line_1_85' title="bbox 2079 3750 3646 3831; baseline 0.01 -26"><span class='ocrx_word' id='word_1_607' title='bbox 2079 3750 2225 3806; x_wconf 91' lang='lat' dir='ltr'><strong>tione</strong></span> <span class='ocrx_word' id='word_1_608' title='bbox 2258 3763 2386 3806; x_wconf 91' lang='lat' dir='ltr'><strong>sunt</strong></span> <span class='ocrx_word' id='word_1_609' title='bbox 2407 3753 2512 3807; x_wconf 86' lang='lat' dir='ltr'><strong>orti</strong></span> <span class='ocrx_word' id='word_1_610' title='bbox 2557 3769 2588 3807; x_wconf 84' lang='lat' dir='ltr'><strong>a</strong></span> <span class='ocrx_word' id='word_1_611' title='bbox 2625 3754 2836 3810; x_wconf 87' lang='lat' dir='ltr'><strong>filiabus</strong></span> <span class='ocrx_word' id='word_1_612' title='bbox 2867 3754 2994 3820; x_wconf 91' lang='lat' dir='ltr'><strong>Lot,</strong></span> <span class='ocrx_word' id='word_1_613' title='bbox 3022 3772 3134 3812; x_wconf 93' lang='lat' dir='ltr'><strong>non</strong></span> <span class='ocrx_word' id='word_1_614' title='bbox 3179 3759 3354 3814; x_wconf 89' lang='lat' dir='ltr'><strong>solum</strong></span> <span class='ocrx_word' id='word_1_615' title='bbox 3386 3771 3511 3831; x_wconf 91' lang='lat' dir='ltr'><strong>post</strong></span> <span class='ocrx_word' id='word_1_616' title='bbox 3548 3765 3646 3821; x_wconf 75' lang='lat' dir='ltr'><strong>de-</strong></span> 
     </span>
    </p>
   </div>
   <div class='ocr_carea' id='block_1_85' title="bbox 2078 3845 3650 3927">
    <p class='ocr_par' dir='ltr' id='par_1_85' title="bbox 2078 3845 3650 3927">
     <span class='ocr_line' id='line_1_86' title="bbox 2078 3845 3650 3927; baseline 0.008 -27"><span class='ocrx_word' id='word_1_617' title='bbox 2078 3845 2275 3900; x_wconf 88' lang='lat' dir='ltr'><strong>eimam</strong></span> <span class='ocrx_word' id='word_1_618' title='bbox 2319 3847 2722 3916; x_wconf 82' lang='lat' dir='ltr'><strong>generationem</strong></span> <span class='ocrx_word' id='word_1_619' title='bbox 2770 3850 3065 3919; x_wconf 85' lang='lat' dir='ltr'><strong>recipiendi</strong></span> <span class='ocrx_word' id='word_1_620' title='bbox 3099 3867 3206 3907; x_wconf 92' lang='lat' dir='ltr'><strong>non</strong></span> <span class='ocrx_word' id='word_1_621' title='bbox 3244 3863 3370 3908; x_wconf 88' lang='lat' dir='ltr'><strong>sunt</strong></span> <span class='ocrx_word' id='word_1_622' title='bbox 3399 3857 3453 3909; x_wconf 92' lang='lat' dir='ltr'><strong>in</strong></span> <span class='ocrx_word' id='word_1_623' title='bbox 3486 3871 3650 3927; x_wconf 84' lang='lat' dir='ltr'><strong>syna-</strong></span> 
     </span>
    </p>
   </div>
   <div class='ocr_carea' id='block_1_86' title="bbox 2079 3939 3644 4010">
    <p class='ocr_par' dir='ltr' id='par_1_86' title="bbox 2079 3939 3644 4010">
     <span class='ocr_line' id='line_1_87' title="bbox 2079 3939 3644 4010; baseline 0.006 -16"><span class='ocrx_word' id='word_1_624' title='bbox 2079 3954 2270 4010; x_wconf 86' lang='lat' dir='ltr'><strong>gogam</strong></span> <span class='ocrx_word' id='word_1_625' title='bbox 2321 3939 2512 4005; x_wconf 89' lang='lat' dir='ltr'><strong>Israel,</strong></span> <span class='ocrx_word' id='word_1_626' title='bbox 2556 3942 2650 3996; x_wconf 91' lang='lat' dir='ltr'><strong>sed</strong></span> <span class='ocrx_word' id='word_1_627' title='bbox 2699 3956 2797 3997; x_wconf 91' lang='lat' dir='ltr'><strong>nec</strong></span> <span class='ocrx_word' id='word_1_628' title='bbox 2832 3943 2886 3996; x_wconf 91' lang='lat' dir='ltr'><strong>in</strong></span> <span class='ocrx_word' id='word_1_629' title='bbox 2936 3954 3221 3999; x_wconf 70' lang='lat' dir='ltr'><strong>aeternum.</strong></span> <span class='ocrx_word' id='word_1_630' title='bbox 3255 3943 3332 4002; x_wconf 88' lang='lat' dir='ltr'><strong>lla</strong></span> <span class='ocrx_word' id='word_1_631' title='bbox 3366 3948 3482 4002; x_wconf 91' lang='lat' dir='ltr'><strong>vult</strong></span> <span class='ocrx_word' id='word_1_632' title='bbox 3521 3965 3644 4004; x_wconf 90' lang='lat' dir='ltr'><strong>cum</strong></span> 
     </span>
    </p>
   </div>
   <div class='ocr_carea' id='block_1_87' title="bbox 2074 4033 3647 4102">
    <p class='ocr_par' dir='ltr' id='par_1_87' title="bbox 2074 4033 3647 4102">
     <span class='ocr_line' id='line_1_88' title="bbox 2074 4033 3647 4102; baseline 0.008 -16"><span class='ocrx_word' id='word_1_633' title='bbox 2074 4033 2214 4102; x_wconf 87' lang='lat' dir='ltr'><strong>ipsis</strong></span> <span class='ocrx_word' id='word_1_634' title='bbox 2255 4043 2516 4087; x_wconf 77' lang='lat' dir='ltr'><strong>:eternam</strong></span> <span class='ocrx_word' id='word_1_635' title='bbox 2547 4047 2666 4087; x_wconf 87' lang='lat' dir='ltr'><strong>esse</strong></span> <span class='ocrx_word' id='word_1_636' title='bbox 2699 4034 3082 4092; x_wconf 90' lang='lat' dir='ltr'><strong>inimicitiam:</strong></span> <span class='ocrx_word' id='word_1_637' title='bbox 3118 4053 3223 4092; x_wconf 91' lang='lat' dir='ltr'><strong>non</strong></span> <span class='ocrx_word' id='word_1_638' title='bbox 3256 4037 3414 4092; x_wconf 91' lang='lat' dir='ltr'><strong>aliam</strong></span> <span class='ocrx_word' id='word_1_639' title='bbox 3461 4055 3647 4099; x_wconf 88' lang='lat' dir='ltr'><strong>veram</strong></span> 
     </span>
    </p>
   </div>
   <div class='ocr_carea' id='block_1_88' title="bbox 2073 4125 3642 4201">
    <p class='ocr_par' dir='ltr' id='par_1_88' title="bbox 2073 4125 3642 4201">
     <span class='ocr_line' id='line_1_89' title="bbox 2073 4125 3642 4201; baseline 0.006 -23"><span class='ocrx_word' id='word_1_640' title='bbox 2073 4127 2142 4179; x_wconf 91' lang='lat' dir='ltr'><strong>ob</strong></span> <span class='ocrx_word' id='word_1_641' title='bbox 2175 4139 2415 4190; x_wconf 88' lang='lat' dir='ltr'><strong>causam,</strong></span> <span class='ocrx_word' id='word_1_642' title='bbox 2451 4135 2509 4179; x_wconf 93' lang='lat' dir='ltr'><strong>ut</strong></span> <span class='ocrx_word' id='word_1_643' title='bbox 2539 4125 2853 4196; x_wconf 89' lang='lat' dir='ltr'><strong>intelligitur</strong></span> <span class='ocrx_word' id='word_1_644' title='bbox 2885 4143 2950 4182; x_wconf 83' lang='lat' dir='ltr'><strong>ex</strong></span> <span class='ocrx_word' id='word_1_645' title='bbox 2973 4129 3275 4200; x_wconf 88' lang='lat' dir='ltr'><strong>Scriptura,</strong></span> <span class='ocrx_word' id='word_1_646' title='bbox 3301 4146 3464 4200; x_wconf 88' lang='lat' dir='ltr'><strong>quam</strong></span> <span class='ocrx_word' id='word_1_647' title='bbox 3497 4135 3642 4201; x_wconf 89' lang='lat' dir='ltr'><strong>quod</strong></span> 
     </span>
    </p>
   </div>
   <div class='ocr_carea' id='block_1_89' title="bbox 2073 4216 3641 4294">
    <p class='ocr_par' dir='ltr' id='par_1_89' title="bbox 2073 4216 3641 4294">
     <span class='ocr_line' id='line_1_90' title="bbox 2073 4216 3641 4294; baseline 0.006 -24"><span class='ocrx_word' id='word_1_648' title='bbox 2073 4216 2388 4272; x_wconf 86' lang='lat' dir='ltr'><strong>Balaamum</strong></span> <span class='ocrx_word' id='word_1_649' title='bbox 2415 4219 2788 4273; x_wconf 87' lang='lat' dir='ltr'><strong>conduxerunt</strong></span> <span class='ocrx_word' id='word_1_650' title='bbox 2823 4231 2880 4274; x_wconf 93' lang='lat' dir='ltr'><strong>ut</strong></span> <span class='ocrx_word' id='word_1_651' title='bbox 2910 4220 3149 4278; x_wconf 59' lang='lat' dir='ltr'><strong>Hebraeis</strong></span> <span class='ocrx_word' id='word_1_652' title='bbox 3179 4224 3320 4278; x_wconf 90' lang='lat' dir='ltr'><strong>mala</strong></span> <span class='ocrx_word' id='word_1_653' title='bbox 3371 4225 3641 4294; x_wconf 85' lang='lat' dir='ltr'><strong>impreca-</strong></span> 
     </span>
    </p>
   </div>
   <div class='ocr_carea' id='block_1_90' title="bbox 2076 4313 3648 4389">
    <p class='ocr_par' dir='ltr' id='par_1_90' title="bbox 2076 4313 3648 4389">
     <span class='ocr_line' id='line_1_91' title="bbox 2076 4313 3648 4389; baseline 0.006 -26"><span class='ocrx_word' id='word_1_654' title='bbox 2076 4321 2246 4377; x_wconf 90' lang='lat' dir='ltr'><strong>retur,</strong></span> <span class='ocrx_word' id='word_1_655' title='bbox 2275 4321 2330 4367; x_wconf 91' lang='lat' dir='ltr'><strong>et</strong></span> <span class='ocrx_word' id='word_1_656' title='bbox 2363 4327 2563 4367; x_wconf 82' lang='lat' dir='ltr'><strong>uxores</strong></span> <span class='ocrx_word' id='word_1_657' title='bbox 2593 4313 2838 4383; x_wconf 87' lang='lat' dir='ltr'><strong>ﬁliasque</strong></span> <span class='ocrx_word' id='word_1_658' title='bbox 2875 4329 3001 4368; x_wconf 84' lang='lat' dir='ltr'><strong>suas</strong></span> <span class='ocrx_word' id='word_1_659' title='bbox 3043 4327 3309 4387; x_wconf 78' lang='lat' dir='ltr'><strong>quotquot</strong></span> <span class='ocrx_word' id='word_1_660' title='bbox 3341 4327 3497 4373; x_wconf 89' lang='lat' dir='ltr'><strong>erant</strong></span> <span class='ocrx_word' id='word_1_661' title='bbox 3528 4319 3648 4389; x_wconf 87' lang='lat' dir='ltr'><strong>pul-</strong></span> 
     </span>
    </p>
   </div>
   <div class='ocr_carea' id='block_1_91' title="bbox 395 4398 1973 4484">
    <p class='ocr_par' dir='ltr' id='par_1_91' title="bbox 395 4402 1973 4484">
     <span class='ocr_line' id='line_1_92' title="bbox 395 4402 1973 4484; baseline 0.003 -25"><span class='ocrx_word' id='word_1_662' title='bbox 395 4405 721 4477; x_wconf 80' lang='grc' dir='ltr'>θυγατέρας,</span> <span class='ocrx_word' id='word_1_663' title='bbox 768 4406 886 4460; x_wconf 83' lang='grc' dir='ltr'>ὅσαι</span> <span class='ocrx_word' id='word_1_664' title='bbox 919 4402 1058 4478; x_wconf 79' lang='grc' dir='ltr'>ἦσαν</span> <span class='ocrx_word' id='word_1_665' title='bbox 1087 4407 1281 4478; x_wconf 82' lang='grc' dir='ltr'>ὡραῖαι</span> <span class='ocrx_word' id='word_1_666' title='bbox 1311 4410 1377 4479; x_wconf 78' lang='grc' dir='ltr'>τῇ</span> <span class='ocrx_word' id='word_1_667' title='bbox 1405 4409 1524 4479; x_wconf 72' lang='grc' dir='ltr'>ὄψει</span> <span class='ocrx_word' id='word_1_668' title='bbox 1563 4411 1655 4464; x_wconf 79' lang='grc' dir='ltr'><strong>καὶ</strong></span> <span class='ocrx_word' id='word_1_669' title='bbox 1696 4411 1858 4464; x_wconf 78' lang='grc' dir='ltr'>καλαὶ</span> <span class='ocrx_word' id='word_1_670' title='bbox 1895 4411 1973 4484; x_wconf 84' lang='grc' dir='ltr'><strong>τῷ</strong></span> 
     </span>
    </p>
   </div>
   <div class='ocr_carea' id='block_1_92' title="bbox 2076 4398 3648 4484">
    <p class='ocr_par' dir='ltr' id='par_1_92' title="bbox 2081 4402 3648 4475">
     <span class='ocr_line' id='line_1_93' title="bbox 2081 4402 3648 4475; baseline 0.006 -19"><span class='ocrx_word' id='word_1_671' title='bbox 2081 4402 2227 4458; x_wconf 80' lang='lat' dir='ltr'><strong>clme</strong></span> <span class='ocrx_word' id='word_1_672' title='bbox 2275 4413 2532 4473; x_wconf 89' lang='lat' dir='ltr'><strong>aspectu,</strong></span> <span class='ocrx_word' id='word_1_673' title='bbox 2581 4406 2964 4475; x_wconf 78' lang='lat' dir='ltr'><strong>pracmiserunt</strong></span> <span class='ocrx_word' id='word_1_674' title='bbox 3012 4417 3071 4462; x_wconf 92' lang='lat' dir='ltr'><strong>ut</strong></span> <span class='ocrx_word' id='word_1_675' title='bbox 3119 4410 3184 4464; x_wconf 89' lang='lat' dir='ltr'><strong>ad</strong></span> <span class='ocrx_word' id='word_1_676' title='bbox 3235 4410 3648 4466; x_wconf 81' lang='lat' dir='ltr'><strong>fornicationem</strong></span> 
     </span>
    </p>
   </div>
   <div class='ocr_carea' id='block_1_93' title="bbox 392 4497 1969 4569">
    <p class='ocr_par' dir='ltr' id='par_1_93' title="bbox 392 4497 1969 4569">
     <span class='ocr_line' id='line_1_94' title="bbox 392 4497 1969 4569; baseline 0.004 -19"><span class='ocrx_word' id='word_1_677' title='bbox 392 4497 543 4561; x_wconf 74' lang='grc' dir='ltr'>εῖδει,</span> <span class='ocrx_word' id='word_1_678' title='bbox 575 4497 918 4569; x_wconf 77' lang='grc' dir='ltr'>προέστησαν</span> <span class='ocrx_word' id='word_1_679' title='bbox 958 4497 1053 4551; x_wconf 91' lang='grc' dir='ltr'><strong>τοῦ</strong></span> <span class='ocrx_word' id='word_1_680' title='bbox 1099 4500 1318 4567; x_wconf 83' lang='grc' dir='ltr'>γένους,</span> <span class='ocrx_word' id='word_1_681' title='bbox 1373 4499 1515 4554; x_wconf 82' lang='grc' dir='ltr'>ὥστε</span> <span class='ocrx_word' id='word_1_682' title='bbox 1571 4503 1740 4567; x_wconf 79' lang='grc' dir='ltr'>αὐτὰς</span> <span class='ocrx_word' id='word_1_683' title='bbox 1785 4503 1969 4558; x_wconf 91' lang='grc' dir='ltr'>δοῦναι</span> 
     </span>
    </p>
   </div>
   <div class='ocr_carea' id='block_1_94' title="bbox 393 4589 1969 4666">
    <p class='ocr_par' dir='ltr' id='par_1_94' title="bbox 393 4589 1969 4666">
     <span class='ocr_line' id='line_1_95' title="bbox 393 4589 1969 4666; baseline 0.005 -23"><span class='ocrx_word' id='word_1_684' title='bbox 393 4589 530 4661; x_wconf 78' lang='grc' dir='ltr'>πρὸς</span> <span class='ocrx_word' id='word_1_685' title='bbox 579 4590 834 4660; x_wconf 87' lang='grc' dir='ltr'>πορνείαν</span> <span class='ocrx_word' id='word_1_686' title='bbox 873 4592 986 4654; x_wconf 86' lang='grc' dir='ltr'>τοῖς</span> <span class='ocrx_word' id='word_1_687' title='bbox 1027 4591 1410 4662; x_wconf 86' lang='grc' dir='ltr'>Ἰσραηλίταις,</span> <span class='ocrx_word' id='word_1_688' title='bbox 1445 4593 1540 4646; x_wconf 75' lang='grc' dir='ltr'>καὶ</span> <span class='ocrx_word' id='word_1_689' title='bbox 1592 4596 1853 4666; x_wconf 89' lang='grc' dir='ltr'>πορνείαν</span> <span class='ocrx_word' id='word_1_690' title='bbox 1881 4596 1969 4652; x_wconf 76' lang='grc' dir='ltr'><strong>διὰ</strong></span> 
     </span>
    </p>
   </div>
   <div class='ocr_carea' id='block_1_95' title="bbox 390 4679 1968 4758">
    <p class='ocr_par' dir='ltr' id='par_1_95' title="bbox 390 4679 1968 4758">
     <span class='ocr_line' id='line_1_96' title="bbox 390 4679 1968 4758; baseline 0.004 -26"><span class='ocrx_word' id='word_1_691' title='bbox 390 4679 550 4733; x_wconf 84' lang='grc' dir='ltr'>τοῦτο</span> <span class='ocrx_word' id='word_1_692' title='bbox 586 4680 975 4752; x_wconf 85' lang='grc' dir='ltr'>χαλεπωτάτην</span> <span class='ocrx_word' id='word_1_693' title='bbox 1000 4681 1326 4754; x_wconf 82' lang='grc' dir='ltr'>προξενῆσαι</span> <span class='ocrx_word' id='word_1_694' title='bbox 1368 4687 1480 4748; x_wconf 86' lang='grc' dir='ltr'>τοῖς</span> <span class='ocrx_word' id='word_1_695' title='bbox 1506 4683 1802 4756; x_wconf 74' lang='grc' dir='ltr'>Ἐὕραίοις·</span> <span class='ocrx_word' id='word_1_696' title='bbox 1830 4685 1968 4758; x_wconf 74' lang='grc' dir='ltr'>αὕτη</span> 
     </span>
    </p>
   </div>
   <div class='ocr_carea' id='block_1_96' title="bbox 390 4768 1968 4849">
    <p class='ocr_par' dir='ltr' id='par_1_96' title="bbox 390 4768 1968 4849">
     <span class='ocr_line' id='line_1_97' title="bbox 390 4768 1968 4849; baseline 0.003 -24"><span class='ocrx_word' id='word_1_697' title='bbox 390 4773 450 4825; x_wconf 85' lang='grc' dir='ltr'>δὲ</span> <span class='ocrx_word' id='word_1_698' title='bbox 474 4768 542 4844; x_wconf 76' lang='grc' dir='ltr'><strong>ἦν</strong></span> <span class='ocrx_word' id='word_1_699' title='bbox 573 4773 634 4824; x_wconf 78' lang='grc' dir='ltr'><strong>τὸ</strong></span> <span class='ocrx_word' id='word_1_700' title='bbox 666 4773 970 4844; x_wconf 85' lang='grc' dir='ltr'>ἀποστῆναι</span> <span class='ocrx_word' id='word_1_701' title='bbox 1014 4774 1112 4843; x_wconf 81' lang='grc' dir='ltr'><strong>μὲν</strong></span> <span class='ocrx_word' id='word_1_702' title='bbox 1138 4773 1232 4827; x_wconf 91' lang='grc' dir='ltr'><strong>τοῦ</strong></span> <span class='ocrx_word' id='word_1_703' title='bbox 1264 4774 1420 4840; x_wconf 82' lang='grc' dir='ltr'>Θεοῦ,</span> <span class='ocrx_word' id='word_1_704' title='bbox 1458 4775 1774 4847; x_wconf 85' lang='grc' dir='ltr'>τελεσθῆναι</span> <span class='ocrx_word' id='word_1_705' title='bbox 1809 4777 1865 4829; x_wconf 87' lang='grc' dir='ltr'><strong>δὲ</strong></span> <span class='ocrx_word' id='word_1_706' title='bbox 1889 4777 1968 4849; x_wconf 83' lang='grc' dir='ltr'>τῷ</span> 
     </span>
    </p>
   </div>
   <div class='ocr_carea' id='block_1_97' title="bbox 393 4863 1979 4938">
    <p class='ocr_par' dir='ltr' id='par_1_97' title="bbox 393 4863 1979 4938">
     <span class='ocr_line' id='line_1_98' title="bbox 393 4863 1979 4938; baseline 0.008 -22"><span class='ocrx_word' id='word_1_707' title='bbox 393 4863 746 4937; x_wconf 74' lang='grc' dir='ltr'>Βεελφεγώρο</span> <span class='ocrx_word' id='word_1_708' title='bbox 780 4867 915 4938; x_wconf 79' lang='grc' dir='ltr'>ὅπερ</span> <span class='ocrx_word' id='word_1_709' title='bbox 940 4866 1034 4920; x_wconf 73' lang='grc' dir='ltr'><strong>καὶ</strong></span> <span class='ocrx_word' id='word_1_710' title='bbox 1069 4867 1311 4936; x_wconf 77' lang='grc' dir='ltr'>γέγονεν.</span> <span class='ocrx_word' id='word_1_711' title='bbox 1977 4927 1979 4929; x_wconf 81' lang='grc'><strong>,</strong></span> 
     </span>
    </p>
   </div>
   <div class='ocr_carea' id='block_1_98' title="bbox 466 4959 1972 5031">
    <p class='ocr_par' dir='ltr' id='par_1_98' title="bbox 466 4959 1972 5031">
     <span class='ocr_line' id='line_1_99' title="bbox 466 4959 1972 5031; baseline 0.004 -20"><span class='ocrx_word' id='word_1_712' title='bbox 466 4961 590 5012; x_wconf 85' lang='grc' dir='ltr'><strong>Οὐκ</strong></span> <span class='ocrx_word' id='word_1_713' title='bbox 623 4959 1010 5028; x_wconf 83' lang='grc' dir='ltr'>ὲνεχυράσεις</span> <span class='ocrx_word' id='word_1_714' title='bbox 1047 4960 1248 5028; x_wconf 77' lang='grc' dir='ltr'>μύλον</span> <span class='ocrx_word' id='word_1_715' title='bbox 1291 4959 1434 5014; x_wconf 78' lang='grc' dir='ltr'>οὐδὲ</span> <span class='ocrx_word' id='word_1_716' title='bbox 1480 4961 1818 5031; x_wconf 80' lang='grc' dir='ltr'>ἐπιμύλιον.</span> <span class='ocrx_word' id='word_1_717' title='bbox 1851 4965 1972 5018; x_wconf 87' lang='grc' dir='ltr'>Ὅτι</span> 
     </span>
    </p>
   </div>
   <div class='ocr_carea' id='block_1_99' title="bbox 395 5050 1970 5128">
    <p class='ocr_par' dir='ltr' id='par_1_99' title="bbox 395 5050 1970 5128">
     <span class='ocr_line' id='line_1_100' title="bbox 395 5050 1970 5128; baseline 0.004 -24"><span class='ocrx_word' id='word_1_718' title='bbox 395 5050 694 5122; x_wconf 86' lang='grc' dir='ltr'>μονόλιθον,</span> <span class='ocrx_word' id='word_1_719' title='bbox 748 5051 934 5123; x_wconf 72' lang='grc' dir='ltr'>φησὶν,</span> <span class='ocrx_word' id='word_1_720' title='bbox 986 5052 1246 5108; x_wconf 89' lang='grc' dir='ltr'>ἀδύνατον</span> <span class='ocrx_word' id='word_1_721' title='bbox 1305 5055 1591 5128; x_wconf 78' lang='grc' dir='ltr'>συντρίψαι</span> <span class='ocrx_word' id='word_1_722' title='bbox 1635 5057 1726 5110; x_wconf 84' lang='grc' dir='ltr'><strong>τὸν</strong></span> <span class='ocrx_word' id='word_1_723' title='bbox 1790 5061 1970 5111; x_wconf 87' lang='grc' dir='ltr'>σῖτον·</span> 
     </span>
    </p>
   </div>
   <div class='ocr_carea' id='block_1_100' title="bbox 389 5141 1972 5220">
    <p class='ocr_par' dir='ltr' id='par_1_100' title="bbox 389 5141 1972 5220">
     <span class='ocr_line' id='line_1_101' title="bbox 389 5141 1972 5220; baseline 0.003 -23"><span class='ocrx_word' id='word_1_724' title='bbox 389 5141 613 5213; x_wconf 87' lang='grc' dir='ltr'>δίδυμον</span> <span class='ocrx_word' id='word_1_725' title='bbox 685 5142 795 5215; x_wconf 86' lang='grc' dir='ltr'>γὰρ</span> <span class='ocrx_word' id='word_1_726' title='bbox 858 5144 1194 5216; x_wconf 79' lang='grc' dir='ltr'>ἀρῤενόθηλυ</span> <span class='ocrx_word' id='word_1_727' title='bbox 1260 5147 1725 5213; x_wconf 78' lang='grc' dir='ltr'>κατασκευάζεται</span> <span class='ocrx_word' id='word_1_728' title='bbox 1789 5148 1972 5220; x_wconf 89' lang='grc' dir='ltr'>μύλος.</span> 
     </span>
    </p>
   </div>
   <div class='ocr_carea' id='block_1_101' title="bbox 404 5231 1969 5312">
    <p class='ocr_par' dir='ltr' id='par_1_101' title="bbox 404 5231 1969 5312">
     <span class='ocr_line' id='line_1_102' title="bbox 404 5231 1969 5312; baseline 0.003 -23"><span class='ocrx_word' id='word_1_729' title='bbox 404 5237 559 5289; x_wconf 74' lang='grc' dir='ltr'>Ἐπεὶ</span> <span class='ocrx_word' id='word_1_730' title='bbox 605 5231 699 5290; x_wconf 73' lang='grc' dir='ltr'>οὖν</span> <span class='ocrx_word' id='word_1_731' title='bbox 750 5239 841 5289; x_wconf 73' lang='grc' dir='ltr'>καὶ</span> <span class='ocrx_word' id='word_1_732' title='bbox 899 5237 1142 5290; x_wconf 86' lang='grc' dir='ltr'>Ἰουδαῖοι</span> <span class='ocrx_word' id='word_1_733' title='bbox 1203 5238 1332 5309; x_wconf 89' lang='grc' dir='ltr'>μίαν</span> <span class='ocrx_word' id='word_1_734' title='bbox 1392 5239 1655 5312; x_wconf 87' lang='grc' dir='ltr'>διαθήκην</span> <span class='ocrx_word' id='word_1_735' title='bbox 1725 5239 1969 5310; x_wconf 73' lang='grc' dir='ltr'>ἔχουσινο</span> 
     </span>
    </p>
   </div>
   <div class='ocr_carea' id='block_1_102' title="bbox 390 5328 1972 5403">
    <p class='ocr_par' dir='ltr' id='par_1_102' title="bbox 390 5328 1972 5403">
     <span class='ocr_line' id='line_1_103' title="bbox 390 5328 1972 5403; baseline 0.003 -23"><span class='ocrx_word' id='word_1_736' title='bbox 390 5328 596 5397; x_wconf 84' lang='grc' dir='ltr'>ὁμοίως</span> <span class='ocrx_word' id='word_1_737' title='bbox 640 5328 698 5381; x_wconf 90' lang='grc' dir='ltr'><strong>δέ</strong></span> <span class='ocrx_word' id='word_1_738' title='bbox 751 5331 845 5382; x_wconf 71' lang='grc' dir='ltr'>καὶ</span> <span class='ocrx_word' id='word_1_739' title='bbox 885 5332 1034 5383; x_wconf 81' lang='grc' dir='ltr'>πᾶσα</span> <span class='ocrx_word' id='word_1_740' title='bbox 1087 5330 1299 5402; x_wconf 80' lang='grc' dir='ltr'>αἵρεσις</span> <span class='ocrx_word' id='word_1_741' title='bbox 1344 5331 1576 5385; x_wconf 88' lang='grc' dir='ltr'>δοκοῦσα</span> <span class='ocrx_word' id='word_1_742' title='bbox 1621 5332 1825 5402; x_wconf 87' lang='grc' dir='ltr'>ταύτην</span> <span class='ocrx_word' id='word_1_743' title='bbox 1874 5333 1972 5403; x_wconf 85' lang='grc' dir='ltr'>τὴν</span> 
     </span>
    </p>
   </div>
   <div class='ocr_carea' id='block_1_103' title="bbox 391 5420 1968 5496">
    <p class='ocr_par' dir='ltr' id='par_1_103' title="bbox 391 5420 1968 5496">
     <span class='ocr_line' id='line_1_104' title="bbox 391 5420 1968 5496; baseline 0.003 -22"><span class='ocrx_word' id='word_1_744' title='bbox 391 5420 586 5492; x_wconf 79' lang='grc' dir='ltr'>καινὴν</span> <span class='ocrx_word' id='word_1_745' title='bbox 637 5421 806 5493; x_wconf 86' lang='grc' dir='ltr'>μόνην</span> <span class='ocrx_word' id='word_1_746' title='bbox 861 5421 1040 5493; x_wconf 76' lang='grc' dir='ltr'>ἔχειν,</span> <span class='ocrx_word' id='word_1_747' title='bbox 1091 5424 1191 5477; x_wconf 85' lang='grc' dir='ltr'><strong>οὐκ</strong></span> <span class='ocrx_word' id='word_1_748' title='bbox 1237 5423 1496 5495; x_wconf 89' lang='grc' dir='ltr'>ἀλήθουσι</span> <span class='ocrx_word' id='word_1_749' title='bbox 1547 5426 1605 5477; x_wconf 83' lang='grc' dir='ltr'><strong>ἐν</strong></span> <span class='ocrx_word' id='word_1_750' title='bbox 1658 5425 1737 5496; x_wconf 82' lang='grc' dir='ltr'>τῷ</span> <span class='ocrx_word' id='word_1_751' title='bbox 1766 5424 1968 5495; x_wconf 83' lang='grc' dir='ltr'>μυλῶνι</span> 
     </span>
    </p>
   </div>
   <div class='ocr_carea' id='block_1_104' title="bbox 394 5510 1966 5588">
    <p class='ocr_par' dir='ltr' id='par_1_104' title="bbox 394 5510 1966 5588">
     <span class='ocr_line' id='line_1_105' title="bbox 394 5510 1966 5588; baseline 0.003 -21"><span class='ocrx_word' id='word_1_752' title='bbox 394 5510 591 5584; x_wconf 79' lang='grc' dir='ltr'>τούτῳ,</span> <span class='ocrx_word' id='word_1_753' title='bbox 632 5515 720 5567; x_wconf 84' lang='grc' dir='ltr'><strong>ἵνα</strong></span> <span class='ocrx_word' id='word_1_754' title='bbox 767 5515 1072 5584; x_wconf 89' lang='grc' dir='ltr'>γεύσωνται</span> <span class='ocrx_word' id='word_1_755' title='bbox 1124 5515 1218 5569; x_wconf 89' lang='grc' dir='ltr'><strong>τοῦ</strong></span> <span class='ocrx_word' id='word_1_756' title='bbox 1272 5519 1598 5588; x_wconf 77' lang='grc' dir='ltr'>ἐπουρανίου</span> <span class='ocrx_word' id='word_1_757' title='bbox 1643 5518 1836 5588; x_wconf 82' lang='grc' dir='ltr'>ἄρτου·</span> <span class='ocrx_word' id='word_1_758' title='bbox 1872 5517 1966 5572; x_wconf 83' lang='grc' dir='ltr'>ἐὰν</span> 
     </span>
    </p>
   </div>
   <div class='ocr_carea' id='block_1_105' title="bbox 467 5629 1482 5695">
    <p class='ocr_par' dir='ltr' id='par_1_105' title="bbox 467 5629 1482 5695">
     <span class='ocr_line' id='line_1_106' title="bbox 467 5629 1482 5695; baseline 0.004 -13"><span class='ocrx_word' id='word_1_759' title='bbox 467 5630 513 5660; x_wconf 78' lang='grc'>⁸³</span> <span class='ocrx_word' id='word_1_760' title='bbox 542 5629 698 5684; x_wconf 87' lang='lat' dir='ltr'><strong>Deut.</strong></span> <span class='ocrx_word' id='word_1_761' title='bbox 728 5645 822 5694; x_wconf 74' lang='lat' dir='ltr'><strong>IX,</strong></span> <span class='ocrx_word' id='word_1_762' title='bbox 859 5631 914 5683; x_wconf 90' lang='lat'><strong>8.</strong></span> <span class='ocrx_word' id='word_1_763' title='bbox 993 5630 1039 5661; x_wconf 80' lang='grc'><strong>⁸³</strong></span> <span class='ocrx_word' id='word_1_764' title='bbox 1071 5631 1225 5684; x_wconf 82' lang='lat' dir='ltr'><strong>Deut.</strong></span> <span class='ocrx_word' id='word_1_765' title='bbox 1254 5647 1366 5695; x_wconf 76' lang='lat' dir='ltr'><strong>xxi,</strong></span> <span class='ocrx_word' id='word_1_766' title='bbox 1397 5631 1482 5686; x_wconf 83' lang='grc'><strong>18.</strong></span> 
     </span>
    </p>
   </div>
   <div class='ocr_carea' id='block_1_106' title="bbox 422 5698 1495 5770">
    <p class='ocr_par' dir='ltr' id='par_1_106' title="bbox 422 5698 1495 5770">
     <span class='ocr_line' id='line_1_107' title="bbox 422 5698 1495 5770; baseline 0.006 -18"><span class='ocrx_word' id='word_1_767' title='bbox 422 5701 446 5731; x_wconf 78' lang='grc'><strong><em>⁸</em></strong></span> <span class='ocrx_word' id='word_1_768' title='bbox 481 5698 636 5757; x_wconf 85' lang='lat' dir='ltr'><strong>Deut.</strong></span> <span class='ocrx_word' id='word_1_769' title='bbox 681 5715 811 5756; x_wconf 79' lang='lat' dir='ltr'><strong>mu</strong></span> <span class='ocrx_word' id='word_1_770' title='bbox 835 5739 850 5767; x_wconf 88' lang='lat'><strong>,</strong></span> <span class='ocrx_word' id='word_1_771' title='bbox 880 5701 935 5760; x_wconf 81' lang='lat'><strong>5.</strong></span> <span class='ocrx_word' id='word_1_772' title='bbox 1012 5700 1057 5732; x_wconf 80' lang='lat'><strong>”</strong></span> <span class='ocrx_word' id='word_1_773' title='bbox 1099 5701 1412 5770; x_wconf 74' lang='lat' dir='ltr'><strong>Deut.xxnv,</strong></span> <span class='ocrx_word' id='word_1_774' title='bbox 1441 5703 1495 5758; x_wconf 83' lang='lat'>6.</span> 
     </span>
    </p>
   </div>
   <div class='ocr_carea' id='block_1_107' title="bbox 2029 4493 3651 4573">
    <p class='ocr_par' dir='ltr' id='par_1_107' title="bbox 2029 4493 3651 4573">
     <span class='ocr_line' id='line_1_108' title="bbox 2029 4493 3651 4573; baseline 0.005 -25"><span class='ocrx_word' id='word_1_775' title='bbox 2029 4544 2032 4547; x_wconf 91' lang='lat'><strong>.</strong></span> <span class='ocrx_word' id='word_1_776' title='bbox 2069 4493 2346 4550; x_wconf 88' lang='lat' dir='ltr'><strong>lsraelitas</strong></span> <span class='ocrx_word' id='word_1_777' title='bbox 2375 4495 2713 4566; x_wconf 87' lang='lat' dir='ltr'><strong>pellicerent,</strong></span> <span class='ocrx_word' id='word_1_778' title='bbox 2747 4496 3164 4554; x_wconf 85' lang='lat' dir='ltr'><strong>fornicationem</strong></span> <span class='ocrx_word' id='word_1_779' title='bbox 3207 4511 3358 4556; x_wconf 91' lang='lat' dir='ltr'><strong>certe</strong></span> <span class='ocrx_word' id='word_1_780' title='bbox 3386 4503 3651 4573; x_wconf 80' lang='lat' dir='ltr'><strong>gravissi-</strong></span> 
     </span>
    </p>
   </div>
   <div class='ocr_carea' id='block_1_108' title="bbox 2072 4589 3647 4662">
    <p class='ocr_par' dir='ltr' id='par_1_108' title="bbox 2072 4589 3647 4662">
     <span class='ocr_line' id='line_1_109' title="bbox 2072 4589 3647 4662; baseline 0.006 -20"><span class='ocrx_word' id='word_1_781' title='bbox 2072 4602 2237 4652; x_wconf 89' lang='lat' dir='ltr'><strong>mam,</strong></span> <span class='ocrx_word' id='word_1_782' title='bbox 2275 4603 2339 4642; x_wconf 82' lang='lat' dir='ltr'><strong>ex</strong></span> <span class='ocrx_word' id='word_1_783' title='bbox 2382 4604 2488 4658; x_wconf 91' lang='lat' dir='ltr'><strong>qua</strong></span> <span class='ocrx_word' id='word_1_784' title='bbox 2523 4589 2678 4644; x_wconf 87' lang='lat' dir='ltr'><strong>ﬁeret</strong></span> <span class='ocrx_word' id='word_1_785' title='bbox 2720 4599 2778 4642; x_wconf 85' lang='lat' dir='ltr'><strong>ut</strong></span> <span class='ocrx_word' id='word_1_786' title='bbox 2806 4592 3102 4646; x_wconf 89' lang='lat' dir='ltr'><strong>deﬁcerent</strong></span> <span class='ocrx_word' id='word_1_787' title='bbox 3144 4609 3172 4646; x_wconf 90' lang='lat' dir='ltr'><strong>a</strong></span> <span class='ocrx_word' id='word_1_788' title='bbox 3211 4595 3343 4662; x_wconf 89' lang='lat' dir='ltr'><strong>Deo,</strong></span> <span class='ocrx_word' id='word_1_789' title='bbox 3373 4606 3429 4652; x_wconf 87' lang='lat' dir='ltr'><strong>et</strong></span> <span class='ocrx_word' id='word_1_790' title='bbox 3459 4596 3647 4652; x_wconf 85' lang='lat' dir='ltr'><strong>initia-</strong></span> 
     </span>
    </p>
   </div>
   <div class='ocr_carea' id='block_1_109' title="bbox 2073 4681 3148 4754">
    <p class='ocr_par' dir='ltr' id='par_1_109' title="bbox 2073 4681 3148 4754">
     <span class='ocr_line' id='line_1_110' title="bbox 2073 4681 3148 4754; baseline 0.006 -19"><span class='ocrx_word' id='word_1_791' title='bbox 2073 4691 2260 4737; x_wconf 90' lang='lat' dir='ltr'><strong>rentur</strong></span> <span class='ocrx_word' id='word_1_792' title='bbox 2285 4681 2640 4754; x_wconf 84' lang='lat' dir='ltr'><strong>Beelpbegor.</strong></span> <span class='ocrx_word' id='word_1_793' title='bbox 2669 4683 2819 4751; x_wconf 90' lang='lat' dir='ltr'><strong>Quod</strong></span> <span class='ocrx_word' id='word_1_794' title='bbox 2851 4695 2904 4740; x_wconf 91' lang='lat' dir='ltr'><strong>et</strong></span> <span class='ocrx_word' id='word_1_795' title='bbox 2931 4686 3148 4742; x_wconf 90' lang='lat' dir='ltr'><strong>accidit.</strong></span> 
     </span>
    </p>
   </div>
   <div class='ocr_carea' id='block_1_110' title="bbox 2145 4958 3642 5037">
    <p class='ocr_par' dir='ltr' id='par_1_110' title="bbox 2145 4958 3642 5037">
     <span class='ocr_line' id='line_1_111' title="bbox 2145 4958 3642 5037; baseline 0.005 -24"><span class='ocrx_word' id='word_1_796' title='bbox 2145 4958 2269 5014; x_wconf 85' lang='lat' dir='ltr'><strong>Non</strong></span> <span class='ocrx_word' id='word_1_797' title='bbox 2295 4961 2595 5032; x_wconf 76' lang='lat' dir='ltr'><strong>pignorabis</strong></span> <span class='ocrx_word' id='word_1_798' title='bbox 2622 4962 2839 5026; x_wconf 89' lang='lat' dir='ltr'><strong>molam,</strong></span> <span class='ocrx_word' id='word_1_799' title='bbox 2868 4979 3031 5033; x_wconf 84' lang='lat' dir='ltr'><strong>neque</strong></span> <span class='ocrx_word' id='word_1_800' title='bbox 3060 4965 3381 5032; x_wconf 76' lang='lat' dir='ltr'><strong>superiorem</strong></span> <span class='ocrx_word' id='word_1_801' title='bbox 3414 4966 3642 5037; x_wconf 83' lang='lat' dir='ltr'><strong>lapidem</strong></span> 
     </span>
    </p>
   </div>
   <div class='ocr_carea' id='block_1_111' title="bbox 2075 5051 3647 5130">
    <p class='ocr_par' dir='ltr' id='par_1_111' title="bbox 2075 5051 3647 5130">
     <span class='ocr_line' id='line_1_112' title="bbox 2075 5051 3647 5130; baseline 0.008 -27"><span class='ocrx_word' id='word_1_802' title='bbox 2075 5051 2228 5106; x_wconf 75' lang='lat' dir='ltr'><strong>mola:</strong></span> <span class='ocrx_word' id='word_1_803' title='bbox 2245 5053 2311 5106; x_wconf 75' lang='grc'><strong>⁸⁸.</strong></span> <span class='ocrx_word' id='word_1_804' title='bbox 2345 5053 2634 5120; x_wconf 85' lang='lat' dir='ltr'><strong>Quoniam,</strong></span> <span class='ocrx_word' id='word_1_805' title='bbox 2663 5055 2860 5126; x_wconf 89' lang='lat' dir='ltr'><strong>inquit,</strong></span> <span class='ocrx_word' id='word_1_806' title='bbox 2891 5055 2960 5112; x_wconf 88' lang='lat' dir='ltr'><strong>ab</strong></span> <span class='ocrx_word' id='word_1_807' title='bbox 2993 5072 3101 5112; x_wconf 92' lang='lat' dir='ltr'><strong>uno</strong></span> <span class='ocrx_word' id='word_1_808' title='bbox 3130 5057 3306 5127; x_wconf 88' lang='lat' dir='ltr'><strong>lapide</strong></span> <span class='ocrx_word' id='word_1_809' title='bbox 3332 5074 3438 5114; x_wconf 92' lang='lat' dir='ltr'><strong>non</strong></span> <span class='ocrx_word' id='word_1_810' title='bbox 3465 5069 3647 5130; x_wconf 85' lang='lat' dir='ltr'><strong>potest</strong></span> 
     </span>
    </p>
   </div>
   <div class='ocr_carea' id='block_1_112' title="bbox 2073 5135 3646 5221">
    <p class='ocr_par' dir='ltr' id='par_1_112' title="bbox 2073 5135 3646 5221">
     <span class='ocr_line' id='line_1_113' title="bbox 2073 5135 3646 5221; baseline 0.004 -22"><span class='ocrx_word' id='word_1_811' title='bbox 2073 5145 2404 5202; x_wconf 80' lang='lat' dir='ltr'><strong>frumentum</strong></span> <span class='ocrx_word' id='word_1_812' title='bbox 2456 5151 2685 5206; x_wconf 89' lang='lat' dir='ltr'><strong>conteri.</strong></span> <span class='ocrx_word' id='word_1_813' title='bbox 2714 5147 3000 5204; x_wconf 90' lang='lat' dir='ltr'><strong>Geminum</strong></span> <span class='ocrx_word' id='word_1_814' title='bbox 3050 5151 3194 5205; x_wconf 90' lang='lat' dir='ltr'><strong>enim</strong></span> <span class='ocrx_word' id='word_1_815' title='bbox 3223 5135 3517 5221; x_wconf 54' lang='lat' dir='ltr'><strong>&#39;quidpiam</strong></span> <span class='ocrx_word' id='word_1_816' title='bbox 3568 5151 3646 5208; x_wconf 90' lang='lat' dir='ltr'><strong>fe-</strong></span> 
     </span>
    </p>
   </div>
   <div class='ocr_carea' id='block_1_113' title="bbox 2073 5230 3646 5314">
    <p class='ocr_par' dir='ltr' id='par_1_113' title="bbox 2073 5230 3646 5314">
     <span class='ocr_line' id='line_1_114' title="bbox 2073 5230 3646 5314; baseline 0.004 -23"><span class='ocrx_word' id='word_1_817' title='bbox 2073 5239 2237 5296; x_wconf 91' lang='lat' dir='ltr'><strong>minei</strong></span> <span class='ocrx_word' id='word_1_818' title='bbox 2277 5251 2332 5293; x_wconf 77' lang='lat' dir='ltr'><strong>et</strong></span> <span class='ocrx_word' id='word_1_819' title='bbox 2379 5241 2602 5297; x_wconf 87' lang='lat' dir='ltr'><strong>masculi</strong></span> <span class='ocrx_word' id='word_1_820' title='bbox 2655 5242 2871 5312; x_wconf 87' lang='lat' dir='ltr'><strong>generis</strong></span> <span class='ocrx_word' id='word_1_821' title='bbox 2917 5243 3079 5298; x_wconf 86' lang='lat' dir='ltr'><strong>ellicit</strong></span> <span class='ocrx_word' id='word_1_822' title='bbox 3130 5230 3460 5310; x_wconf 79' lang='lat' dir='ltr'><strong>mola.Quia</strong></span> <span class='ocrx_word' id='word_1_823' title='bbox 3510 5258 3646 5314; x_wconf 83' lang='lat' dir='ltr'><strong>ergo</strong></span> 
     </span>
    </p>
   </div>
   <div class='ocr_carea' id='block_1_114' title="bbox 2071 5332 3646 5400">
    <p class='ocr_par' dir='ltr' id='par_1_114' title="bbox 2071 5332 3646 5400">
     <span class='ocr_line' id='line_1_115' title="bbox 2071 5332 3646 5400; baseline 0.003 -15"><span class='ocrx_word' id='word_1_824' title='bbox 2071 5332 2235 5386; x_wconf 88' lang='lat' dir='ltr'><strong>etiam</strong></span> <span class='ocrx_word' id='word_1_825' title='bbox 2275 5332 2442 5388; x_wconf 67' lang='lat' dir='ltr'><strong>Judaei</strong></span> <span class='ocrx_word' id='word_1_826' title='bbox 2476 5350 2640 5387; x_wconf 91' lang='lat' dir='ltr'><strong>unum</strong></span> <span class='ocrx_word' id='word_1_827' title='bbox 2690 5345 3076 5389; x_wconf 89' lang='lat' dir='ltr'><strong>testamentum</strong></span> <span class='ocrx_word' id='word_1_828' title='bbox 3124 5337 3348 5400; x_wconf 84' lang='lat' dir='ltr'><strong>habent,</strong></span> <span class='ocrx_word' id='word_1_829' title='bbox 3393 5336 3646 5390; x_wconf 85' lang='lat' dir='ltr'><strong>similiter</strong></span> 
     </span>
    </p>
   </div>
   <div class='ocr_carea' id='block_1_115' title="bbox 2067 5427 3642 5497">
    <p class='ocr_par' dir='ltr' id='par_1_115' title="bbox 2067 5427 3642 5497">
     <span class='ocr_line' id='line_1_116' title="bbox 2067 5427 3642 5497; baseline 0.003 -18"><span class='ocrx_word' id='word_1_830' title='bbox 2067 5434 2122 5479; x_wconf 91' lang='lat' dir='ltr'><strong>et</strong></span> <span class='ocrx_word' id='word_1_831' title='bbox 2145 5427 2399 5495; x_wconf 61' lang='lat' dir='ltr'><strong>quaelibet</strong></span> <span class='ocrx_word' id='word_1_832' title='bbox 2438 5427 2664 5482; x_wconf 72' lang='lat' dir='ltr'><strong>hzeresis</strong></span> <span class='ocrx_word' id='word_1_833' title='bbox 2703 5444 2820 5497; x_wconf 64' lang='lat' dir='ltr'><strong>quae</strong></span> <span class='ocrx_word' id='word_1_834' title='bbox 2855 5429 2957 5483; x_wconf 86' lang='lat' dir='ltr'><strong>hoc</strong></span> <span class='ocrx_word' id='word_1_835' title='bbox 3004 5445 3201 5483; x_wconf 85' lang='lat' dir='ltr'><strong>novum</strong></span> <span class='ocrx_word' id='word_1_836' title='bbox 3232 5429 3403 5484; x_wconf 90' lang='lat' dir='ltr'><strong>solum</strong></span> <span class='ocrx_word' id='word_1_837' title='bbox 3439 5430 3642 5483; x_wconf 88' lang='lat' dir='ltr'><strong>habere</strong></span> 
     </span>
    </p>
   </div>
   <div class='ocr_carea' id='block_1_116' title="bbox 2067 5519 3644 5592">
    <p class='ocr_par' dir='ltr' id='par_1_116' title="bbox 2067 5519 3644 5592">
     <span class='ocr_line' id='line_1_117' title="bbox 2067 5519 3644 5592; baseline 0.003 -20"><span class='ocrx_word' id='word_1_838' title='bbox 2067 5519 2300 5584; x_wconf 87' lang='lat' dir='ltr'><strong>videtur,</strong></span> <span class='ocrx_word' id='word_1_839' title='bbox 2341 5536 2448 5574; x_wconf 89' lang='lat' dir='ltr'><strong>non</strong></span> <span class='ocrx_word' id='word_1_840' title='bbox 2483 5520 2694 5574; x_wconf 87' lang='lat' dir='ltr'><strong>molunt</strong></span> <span class='ocrx_word' id='word_1_841' title='bbox 2738 5521 2790 5574; x_wconf 93' lang='lat' dir='ltr'><strong>in</strong></span> <span class='ocrx_word' id='word_1_842' title='bbox 2837 5522 2939 5576; x_wconf 81' lang='lat' dir='ltr'><strong>hoc</strong></span> <span class='ocrx_word' id='word_1_843' title='bbox 2969 5523 3215 5592; x_wconf 85' lang='lat' dir='ltr'><strong>pristino,</strong></span> <span class='ocrx_word' id='word_1_844' title='bbox 3260 5531 3318 5576; x_wconf 94' lang='lat' dir='ltr'><strong>ut</strong></span> <span class='ocrx_word' id='word_1_845' title='bbox 3363 5521 3644 5577; x_wconf 66' lang='lat' dir='ltr'><strong>cmlestem</strong></span> 
     </span>
    </p>
   </div>
   <div class='ocr_carea' id='block_1_117' title="bbox 1562 5631 3638 5702">
    <p class='ocr_par' dir='ltr' id='par_1_117' title="bbox 1562 5631 3638 5702">
     <span class='ocr_line' id='line_1_118' title="bbox 1562 5631 3638 5702; baseline 0.001 -16"><span class='ocrx_word' id='word_1_846' title='bbox 1562 5632 1608 5664; x_wconf 71' lang='grc'><strong>⁸⁸</strong></span> <span class='ocrx_word' id='word_1_847' title='bbox 1635 5631 1770 5690; x_wconf 89' lang='lat' dir='ltr'><strong>Deut</strong></span> <span class='ocrx_word' id='word_1_848' title='bbox 1822 5649 1958 5700; x_wconf 76' lang='lat' dir='ltr'><strong>xxii,</strong></span> <span class='ocrx_word' id='word_1_849' title='bbox 1990 5632 2042 5690; x_wconf 92' lang='lat'><strong>9.</strong></span> <span class='ocrx_word' id='word_1_850' title='bbox 2117 5634 2162 5666; x_wconf 81' lang='grc'><strong>⁸⁸</strong></span> <span class='ocrx_word' id='word_1_851' title='bbox 2188 5633 2320 5690; x_wconf 91' lang='lat' dir='ltr'><strong>ibid.</strong></span> <span class='ocrx_word' id='word_1_852' title='bbox 2353 5633 2441 5689; x_wconf 73' lang='lat'><strong>10.</strong></span> <span class='ocrx_word' id='word_1_853' title='bbox 2503 5635 2688 5702; x_wconf 34' lang='lat' dir='ltr'><strong>.”lsa.</strong></span> <span class='ocrx_word' id='word_1_854' title='bbox 2719 5651 2891 5701; x_wconf 77' lang='lat' dir='ltr'><strong>xxx&quot;,</strong></span> <span class='ocrx_word' id='word_1_855' title='bbox 2917 5635 3005 5692; x_wconf 75' lang='lat'><strong>20.</strong></span> <span class='ocrx_word' id='word_1_856' title='bbox 3083 5639 3127 5670; x_wconf 77' lang='grc'>⁸⁷</span> <span class='ocrx_word' id='word_1_857' title='bbox 3168 5638 3325 5693; x_wconf 89' lang='lat' dir='ltr'><strong>Deut.</strong></span> <span class='ocrx_word' id='word_1_858' title='bbox 3369 5650 3516 5701; x_wconf 79' lang='lat' dir='ltr'><strong>xm,</strong></span> <span class='ocrx_word' id='word_1_859' title='bbox 3543 5633 3638 5690; x_wconf 73' lang='lat'><strong>23.</strong></span> 
     </span>
    </p>
   </div>
  </div>
