4050 6148
460 187 564 243 815
1812 192 1907 249 EX
1934 192 2059 250 0th

2089 194 2235 249 ιΕΝΕ
3580 200 3688 256 816

460 320 656 378 panem
687 314 921 379 gustent.
968 306 1081 363 Nisi
1117 308 1282 371 enim,
1328 308 1537 378 inquit,
1583 320 1922 376 conteratur,
1966 321 2059 374 et,

2091 314 2251 385 ,γάρ,
2278 313 2442 386 φησὶ,
2477 314 2549 387 μὴ
2592 315 2849 389 συντριϐῇ
2884 318 2978 371 καὶ
3020 317 3194 389 ἀληθῇ
3234 320 3264 371 6
3304 319 3467 382 σῖτος,
3507 318 3690 374 ἄσιτοι

463 399 696 459 molatur
736 402 1096 466 frumentum,
1142 401 1312 470 jejuni
1358 412 1597 458 manent.
1646 403 1783 458 [line
1813 415 1868 460 et
1903 406 2019 475 ipse

2129 405 2397 475 μένουσιν.
2438 406 2532 458 Ἐκ
2555 406 2744 460 τούτου
2782 403 2876 461 οὖν
2916 408 3009 462 καὶ
3043 409 3205 472 αὐτὸς
3245 405 3560 478 ὁρμώμενος
3591 409 3689 464 τὸν

461 505 780 566 praesentem
826 496 1106 565 aggredior
1151 496 1429 565 explicare
1463 495 1635 566 legem
1669 516 1736 552 ;-‹
1764 497 1882 552 Non
1935 498 2020 567 pi-

2122 496 2479 567 προκείμενον
2505 496 2782 569 σαφηνίζω
2808 498 2989 569 νόμον,
3022 517 3042 551 ι
3071 499 3185 552 υύκ
3208 500 3552 571 ἐνεχυράσεις
3581 500 3691 571 μύ-

467 587 724 656 gnorabis
757 585 973 650 molam,
1008 605 1026 637 ι
1065 587 1167 641 hoc
1208 597 1474 653 est,'non
1518 588 1824 658 profanabis
1866 600 2020 646 vetus

2121 587 2229 652 λον,
2255 607 2272 639 ι
2303 589 2596 663 τουτέστιν,
2623 591 2683 643 ού
2712 590 2786 662 μὴ
2840 588 3165 661 βεϐηλώσεις
3189 590 3284 662 τὴν
3320 592 3554 646 παλαιὰν
3587 594 3689 647 καὶ

463 686 858 741 testamentum,
886 692 1059 747 neque
1081 678 1264 748 ejicies
1301 680 1429 734 illud
1463 694 1495 735 e
1522 681 1683 736 domo
1717 691 1837 748 tua;
1876 700 1895 734 ι
1926 698 2021 738 ne-

2119 680 2183 734 οὐ
2217 680 2291 752 μὴ
2331 680 2573 745 ἁπώσεις
2596 683 2767 755 αὐτὴν
2789 685 2888 756 τῆς
2929 685 3027 756 σῆς
3060 682 3234 746 οἰκίας
3255 700 3268 714 ·
3301 702 3318 735 ι
3342 684 3463 738 ούδέ
3486 683 3686 754 ἐπιμύ-

455 783 561 839 que
602 770 933 838 superiorem
980 770 1205 840 lapidem
1253 772 1427 837 molae,
1454 790 1473 823 ι
1526 771 1629 827 hoc
1667 783 1778 841 est,
1816 790 2014 828 novum

2118 770 2254 825 λιον·
2280 790 2299 822 ι
2335 772 2456 826 ἀντὶ
2487 772 2603 837 τοῦ,
2629 773 2727 843 τὴν
2773 775 2985 846 καινὴν,
3025 792 3043 825 ι
3067 774 3149 827 ὅτι
3175 774 3351 847 ψυχὴν
3387 769 3537 838 οὗτος
3565 777 3686 829 ἐνε-

455 870 878 929 testamentnm;
919 880 938 913 ι
965 862 1089 932 quia
1138 863 1374 916 animam
1406 863 1512 917 iste
1558 864 1830 934 pignorat,
1855 884 1875 918 ι
1911 867 2016 923 hoc

2117 862 2365 936 χυράξει,
2387 883 2407 917 ι
2431 864 2671 919 τουτέστι
2694 866 2901 931 τούτοις
2925 866 3183 938 τρέφεται
3205 868 3238 937 ἡ
3274 864 3419 937 ψυχὴ
3447 865 3687 921 ἀπολαύ-

454 962 536 1008 est
596 953 680 1008 his
737 954 973 1007 nutritur
1036 953 1260 1020 anima,
1314 954 1646 1024 spiritalibus
1696 957 1832 1012 cibis
1890 974 2016 1028 per-

1244 994 1260 1020 ,
1314 954 1646 1024 spiritalibus
1696 957 1832 1012 cibis
1890 974 2016 1028 per-
2114 970 2252 1008 ουσα
2274 955 2478 1027 νοητῶν
2502 955 2837 1028 ἐδεσμάτων.

453 1047 645 1117 ceptis.

525 1138 580 1193 Ν
586 1154 761 1192 umero
792 1137 1150 1209 quadraginta
1174 1138 1514 1211 ﬂagellabant
1550 1157 1670 1196 eum
1694 1142 1761 1196 ⁹⁰.
1789 1139 2016 1212 Semper

2197 1135 2432 1204 Ἀριθμῷ
2465 1137 2917 1206 τεσσαράκοντα
2955 1137 3444 1208 μαστιγώσουσιν
3464 1142 3668 1195 αὐτόν.

453 1230 857 1286 observavimus
899 1247 1180 1286 numerum
1228 1234 1585 1302 quadraginta
1636 1233 1792 1288 malis
1837 1234 2012 1289 obno-

2130 1225 2240 1279 Ἀεί
2281 1244 2345 1296 γε
2385 1230 2762 1300 τετηρήκαμεν
2800 1231 3103 1285 κακωτικὺν
3143 1231 3271 1284 ὅντα
3329 1231 3419 1285 τὸν
3461 1239 3511 1302 μ’
3558 1233 3677 1305 ἀρι-

450 1324 602 1378 xium
643 1337 784 1379 esse.
816 1320 973 1377 Unde
1002 1323 1215 1393 Moyses
1246 1324 1606 1393 quadraginta
1645 1325 1842 1379 diebus
1869 1324 2011 1395 jeju-

2115 1314 2279 1381 θμόν·
2320 1318 2440 1371 ὅθεν
2462 1321 2698 1391 Μωῦσῆς
2734 1320 2764 1371 6
2807 1320 2978 1391 μέγας
3022 1321 3425 1393 τεσσαράκοντα
3465 1322 3679 1394 ἡμέρας

450 1417 623 1479 navit,
652 1423 705 1467 et
738 1422 860 1484 post
886 1429 1007 1469 eum
1038 1415 1203 1470 Elias.
1245 1414 1383 1481 Quin
1425 1423 1479 1469 et
1524 1415 1780 1469 Salvato’r
1826 1426 2013 1471 noster

2111 1408 2428 1479 νηστεύσας,
2474 1412 2567 1465 καὶ
2620 1411 2757 1482 μετὰ
2794 1412 2981 1466 τοῦτον
3027 1414 3297 1480 ὁἮλίας·
3352 1414 3487 1468 ἀλλὰ
3528 1416 3619 1469 καὶ⁵
3645 1418 3678 1470 6

448 1522 480 1560 a
529 1504 745 1560 diabolo
798 1513 1034 1560 tentatus
1083 1520 1190 1559 non
1243 1505 1589 1559 manducavit
1654 1506 2010 1577 quadraginta

2114 1499 2305 1571 Σωτὴρ
2332 1502 2363 1572 ή
2372 1501 2487 1571 μῶν
2511 1502 2904 1574 πειραζόμενος
2927 1505 3030 1558 ὑπὸ
3054 1506 3147 1559 τοῦ
3166 1505 3411 1560 διαϐόλου
3431 1507 3531 1563 οὐκ
3555 1508 3678 1577 ἐφα-

447 1596 637 1652 diebus
668 1605 725 1652 et
756 1597 1113 1667 quadraginta
1162 1597 1435 1662 noctibus,
1484 1606 1540 1653 et
1571 1612 1822 1669 magnum
1868 1598 2011 1653 dilu-

2109 1606 2204 1658 γεν
2232 1597 2283 1661 μ’
2325 1591 2537 1663 ἡμέρας
2565 1596 2659 1647 καὶ
2692 1601 2741 1664 μ’
2788 1595 2988 1660 νύκτας
3006 1612 3019 1626 ⁸
3049 1598 3143 1651 καὶ
3185 1600 3213 1651 6
3242 1599 3415 1669 μέγας
3436 1599 3494 1653 δὲ
3517 1616 3678 1654 κατα-

446 1689 593 1744 vium
647 1689 702 1744 in
764 1697 905 1744 terra
960 1690 1222 1760 contigit,
1273 1705 1394 1743 cum
1449 1690 1590 1745 Deus
1647 1691 1872 1745 imbrem
1923 1691 1997 1746 fe-
2042 1671 2045 1722 Ῑ

2077 1677 2081 1721 ι
2111 1679 2349 1753 κλυσμὸς
2388 1683 2480 1737 ἐπὶ
2518 1684 2616 1756 τῆς
2643 1685 2747 1757 γῆς
2778 1684 3009 1755 γίνεται,
3037 1684 3221 1752 ὕοντος
3240 1688 3335 1742 τοῦ
3366 1689 3523 1754 Θεοῦ,
3554 1706 3676 1745 τεσ-

445 1782 608 1837 cisset
643 1781 1004 1853 quadraginta
1060 1784 1253 1838 diebus
1293 1792 1348 1838 et
1407 1782 1771 1854 quadraginta
1831 1784 2007 1839 nocti-

1852 1784 2007 1839 ιοοιί-
2112 1775 2416 1846 σαράκοντα
2445 1775 2655 1848 ἡμέρας
2679 1778 2771 1831 καὶ
2795 1778 3198 1850 τεσσαράκοντα
3229 1780 3449 1844 νύκτας.

446 1875 569 1929 bus.

516 1987 641 2043 Non
682 1985 924 2043 immittas
949 1988 1025 2041 eis
1059 1987 1254 2057 ferrum
1280 1987 1349 2043 ⁹¹.
1392 1986 1747 2055 Quaerendum
1783 1996 1866 2041 est
1909 2001 2009 2040 cur

2181 1978 2301 2031 Οὐκ
2337 1976 2638 2044 ἐπιϐαλεῖς
2662 1978 2866 2046 αὐτοῖς
2894 1980 3164 2049 σίδηρον.
3202 1982 3471 2055 Ζητητέον
3498 1983 3586 2038 διὰ
3615 1984 3669 2039 τί

445 2078 594 2134 ferro
620 2094 723 2133 non
763 2081 907 2134 sinat
937 2079 1073 2133 Deus
1108 2079 1254 2149 tangi
1296 2078 1502 2147 lapides
1531 2078 1623 2147 qui
1659 2077 2004 2131 aediﬁcatioui

2109 2068 2325 2141 σίδηρον
2350 2070 2451 2124 οὐκ
2487 2072 2552 2142 ἐᾷ
2591 2070 2699 2125 τῶν
2738 2072 2899 2127 λίθων
2935 2073 3178 2143 ἅψασθαι
3207 2078 3288 2139 είς
3323 2077 3422 2148 τὴν
3467 2077 3666 2131 οἰκοδο-

443 2169 632 2224 altaris
672 2169 992 2225 inserviunt.
1026 2167 1132 2222 Sed
1173 2177 1228 2222 et
1271 2178 1457 2235 postea
1487 2168 1552 2222 ad
1588 2166 2002 2222 aediﬁcationem

2110 2159 2214 2230 μὴν
2256 2159 2350 2213 τοῦ
2412 2160 2799 2234 θυσιαστηρίου
2853 2166 3311 2236 χρησιμευὸντων.
3369 2168 3528 2223 Ἀλλά
3572 2171 3667 2224 καὶ

450 2262 631 2330 templi
672 2261 916 2331 praecipit
954 2261 1268 2331 congregari
1308 2260 1510 2330 lapides
1545 2259 1720 2314 securi
1766 2273 1870 2312 non
1912 2259 2006 2312 do-

2108 2249 2248 2321 μετὰ
2278 2250 2452 2305 ταῦτα
2483 2254 2562 2316 εἰς
2586 2253 2686 2323 τὴν
2712 2254 2996 2326 οἰκοδομὴν
3027 2256 3119 2309 τοῦ
3147 2256 3274 2311 ναοῦ
3316 2256 3494 2324 λίθους
3536 2261 3667 2316 άπε-

442 2354 597 2419 latos,
636 2361 691 2409 et
734 2370 797 2409 ex
839 2352 940 2408 illis
970 2353 1383 2409 aediﬁcationem
1429 2351 1565 2406 ﬁeri.
1613 2348 1669 2405 Si
1715 2351 1858 2404 enim
1910 2352 2005 2405 ab-

2105 2341 2363 2413 λεκήτους
2409 2343 2734 2415 προστάττει
2781 2350 3122 2416 συναγαγεῖν,
3164 2348 3260 2402 καὶ
3300 2350 3663 2425 οἰκοδομῆσαι.

440 2448 661 2501 surdum
691 2456 777 2501 est
806 2445 950 2501 ferro
979 2446 1123 2516 tangi
1159 2445 1387 2513 lapidem
1429 2444 1766 2499 aediﬁcationi
1794 2452 1999 2513 aptum,

2105 2436 2168 2489 Εί
2203 2436 2313 2507 γὰρ
2349 2437 2548 2492 ἄτοπον
2577 2437 2639 2490 τὸ
2667 2437 2879 2511 σίδηρον
2923 2441 3186 2494 ἅπτεσθαι
3216 2442 3306 2496 τοῦ
3347 2443 3493 2498 λίθου
3532 2445 3662 2518 πρὸς

438 2539 704 2608 quomodo
731 2537 1014 2604 columnae,
1046 2538 1316 2607 quomodo
1350 2536 1565 2602 tabulaa,
1605 2543 1661 2590 et
1688 2550 1875 2590 eorum
1907 2550 2001 2590 ca-

2103 2527 2388 2598 οίκοδομὴν
2415 2529 2794 2601 ἁρμόττοντος,
2834 2531 2950 2595 πῶς
2980 2528 3072 2585 οὖν
3098 2531 3204 2603 ἄρα
3229 2535 3277 2588 οἱ
3307 2534 3504 2602 κίονες,
3549 2536 3661 2603 πῶς

438 2631 620 2701 pitella
658 2631 936 2686 elaborata
992 2629 1161 2684 sunt?
1204 2632 1312 2684 Aut
1356 2628 1627 2698 quomodo
1666 2642 2001 2698 quaecunque

2102 2615 2193 2673 οῦν
2219 2620 2275 2673 αἱ
2299 2620 2505 2684 σανίδες
2526 2622 2618 2675 καὶ
2648 2623 2704 2675 αἱ
2728 2622 2931 2676 τούτων
2960 2623 3241 2693 κεφαλίδες
3264 2626 3658 2698 εἰργάσθησαν;

432 2739 503 2778 ex
547 2737 653 2777 aere
683 2722 767 2777 vel
800 2736 935 2777 auro
983 2721 1125 2775 facta
1170 2731 1291 2775 sunt
1332 2720 1415 2775 vel
1459 2730 1703 2788 argento,
1747 2719 1999 2774 fabricari

2118 2712 2175 2766 ‘H
2205 2712 2320 2777 πῶς
2350 2714 2450 2767 ὅσα
2486 2714 2550 2766 ἐκ
2586 2714 2784 2784 χαλκοῦ
2827 2714 3045 2784 γέγονεν
3086 2715 3118 2787 ἢ
3163 2717 3366 2788 χρυσοῦ
3412 2718 3446 2790 ἢ
3489 2720 3659 2791 ἀργύ-
3711 2741 3717 2747 ·

436 2822 725 2881 potuerunt
753 2812 870 2869 sine
897 2812 1080 2867 ferro?
1111 2812 1188 2865 Ex
1223 2812 1305 2865 his
1334 2812 1502 2879 liquet
1545 2824 1647 2864 non
1681 2809 2001 2877 simpliciter

2103 2821 2216 2876 pou,
2235 2804 2644 2874 κατεσκευάσθη
2661 2806 2767 2877 ἄρα
2789 2806 2916 2860 ἄνευ
2936 2807 3050 2879 σιδη
3060 2807 3175 2878 ροῦ;
3196 2810 3302 2862 Καὶ
3318 2808 3433 2872 πῶς
3448 2806 3558 2863 οἷόν
3569 2824 3659 2879 τες

433 2911 618 2959 vetare
644 2918 711 2958 ne
756 2902 958 2957 ferrum
1008 2910 1195 2971 tangat
1240 2901 1464 2971 lapides.
1494 2900 1655 2971 392
1685 2900 1823 2967 Quid
1869 2915 1998 2971 ergo

2101 2894 2200 2947 Διὰ
2223 2894 2424 2951 τούτων
2440 2896 2675 2969 φανερὸν
2694 2896 2811 2967 μὲν,
2833 2898 2908 2952 ὅτι
2936 2898 3031 2967 οὔχ
3051 2899 3234 2964 ἁπλῶς
3255 2899 3578 2975 ἀπαγορεύει
3597 2902 3658 2956 τὸ

431 3009 609 3049 causa:
640 2994 733 3062 sit,
771 2994 1005 3048 dicimus
1036 3009 1139 3048 non
1188 2993 1537 3049 afﬁrmantes.
1574 2992 1698 3046 llaec
1744 2992 1878 3047 velle
1920 2994 2030 3080 vin

2056 3031 2071 3093 Ξ
2104 2986 2217 3058 σίδη
2230 3004 2318 3059 ρον
2352 2989 2589 3058 ἅψασθαι
2623 2991 2728 3043 τῶν
2758 2989 2940 3045 λίθων,
2967 2993 3062 3057 Τίς
3095 2989 3186 3047 οὖν
3216 2996 3248 3065 ἡ
3278 2994 3455 3060 αἰτίας
3490 2995 3655 3064 Λέγο-

431 3086 606 3141 detur.
638 3085 840 3139 Durum
881 3085 1018 3140 duro
1053 3086 1273 3141 immitti
1305 3096 1359 3140 et
1392 3085 1569 3141 collidi
1604 3092 1767 3140 vetat.
1805 3084 1993 3155 Magna

2058 3081 2071 3092 '
2103 3096 2200 3151 μεν
2242 3081 2302 3133 ού
2343 3081 2816 3153 διῖσχυριςόμενοι.
2866 3083 3052 3138 Ταῦτα
3087 3084 3150 3156 δὴ
3188 3086 3385 3142 τοίνυν.
3420 3087 3657 3161 Σκληρὸν

431 3178 574 3232 enim
626 3177 802 3232 solent
848 3179 980 3232 oriri
1033 3178 1169 3231 mala
1204 3194 1270 3233 ex
1310 3179 1568 3233 durorum
1613 3178 1990 3233 commistione

2101 3171 2320 3243 σκληρῷ
2357 3172 2663 3225 ἐπιϐάλλειν
2700 3174 2793 3227 καὶ⁵
2834 3174 3154 3245 συγκρούειν
3184 3176 3399 3231 κωλύει.
3437 3179 3657 3248 Μεγάλα

429 3279 485 3323 et
510 3269 803 3324 collisione.
835 3267 932 3324 Vel
971 3270 1322 3324 homicidium
1357 3273 1512 3339 longe
1551 3285 1579 3323 a
1613 3271 1776 3324 corde
1818 3268 1993 3322 homi-

2099 3265 2206 3336 γάρ
2232 3264 2373 3334 φιλεί
2402 3265 2683 3320 τίκτεσθαι
2717 3265 2862 3321 κακὰ
2890 3269 2952 3320 ἐκ
2975 3268 3075 3339 τῆς
3108 3269 3214 3322 τῶν
3244 3271 3491 3343 σκληρῶν
3522 3291 3656 3345 συμ-

429 3376 558 3415 num
580 3362 835 3431 expellit:
867 3369 923 3417 et
951 3362 1174 3417 omnino
1197 3361 1363 3432 juste.
1392 3363 1448 3417 Si
1494 3363 1637 3416 enim
1668 3362 1719 3414 in
1762 3359 1990 3429 lapidem

2101 3355 2298 3427 μίξεως
2339 3357 2432 3410 καὶ
2466 3356 2868 3428 συγκρούσεως.
2902 3360 2973 3411 Ἢ
3007 3361 3099 3412 τὸν
3133 3360 3290 3430 φόνον
3321 3362 3396 3426 ὡς
3442 3367 3653 3437 πορρω-

429 3454 522 3524 qui
550 3454 900 3510 aediﬁcationi
946 3455 1135 3510 altaris
1165 3455 1245 3510 vel
1281 3457 1462 3525 templi
1507 3455 1751 3516 inservit,
1788 3451 1990 3507 ferrum

2095 3449 2243 3502 τάτω
2284 3449 2384 3517 τῆς
2436 3448 2660 3519 καρδίας
2718 3449 2827 3503 τῶν
2880 3451 3179 3525 ἀνθρώπων
3230 3455 3515 3508 ἐκϐάλλει·
3564 3457 3653 3511 καὶ

426 3561 534 3602 non
572 3556 655 3604 est
706 3548 1122 3615 immittendum,
1152 3557 1354 3618 quanto
1390 3547 1559 3617 magis
1584 3545 1871 3600 velandum
1903 3550 1987 3596 est

2095 3540 2241 3611 μάλα
2266 3539 2505 3603 δικαίως.
2527 3541 2591 3593 Et
2620 3540 2728 3613 γὰρ
2757 3542 2819 3595 ού
2846 3542 2948 3613 χρὴ
2978 3543 3108 3614 λίθῳ
3132 3543 3207 3615 τῷ
3228 3546 3653 3619 οἰκοδομουμένῳ

428 3656 493 3695 ne
524 3640 722 3698 ferrum
747 3643 1040 3711 arripiatur
1069 3644 1134 3698 ad
1163 3642 1395 3714 proximi
1431 3640 1805 3697 homicidium.

2093 3632 2171 3693 εἰς
2203 3628 2298 3700 τὴν
2322 3629 2416 3683 τοῦ
2456 3630 2838 3703 θυσιαστηρίου
2881 3636 3256 3706 κατασκευὴν,
3298 3637 3330 3706 ἢ
3370 3638 3462 3691 τοῦ
3499 3639 3647 3705 ναοῦ,

424 3734 661 3806 σιδήριον
704 3733 1029 3799 ἐπιϐάλλειν,
1075 3734 1191 3799 πῶς
1226 3734 1286 3788 οὐ
1333 3733 1530 3805 μᾶλλον
1576 3723 1976 3801 ἀπαγορευτέον
2023 3720 2083 3775 τὸ
2125 3719 2339 3792 σίδηρον
2400 3722 2687 3792 ἁρπάζειν,
2726 3724 2820 3777 καὶ
2868 3726 3009 3779 κατὰ
3042 3725 3135 3780 τοῦ
3182 3728 3405 3798 πλησίον
3456 3733 3648 3802 φονᾷν;

493 3848 568 3903 Ili
606 3851 818 3905 stabunt
867 3852 1165 3908 benedicere
1208 3854 1455 3923 populum
1475 3852 1544 3905 θ’.
1577 3847 1983 3907 Observandum

2164 3835 2340 3895 Οὗτοι
2370 3839 2700 3907 στήσονται
2743 3843 3015 3913 εὐλογεῖν
3039 3844 3147 3897 τὸν
3174 3848 3344 3902 λαόν.
3401 3845 3647 3922 Παρατη-

420 3953 504 3999 est
548 3958 643 3999 eos
684 3945 773 4014 qui
806 3946 872 3999 ad
906 3946 1331 4002 benedicendum
1378 3954 1712 4008 statuuntur,
1742 3958 1771 3997 e
1800 3940 1984 3996 liberis

2092 3936 2277 4004 ρητέον
2304 3933 2385 3986 ὅτι
2412 3935 2460 3986 οἱ
2490 3932 2731 4002 εὐλογεῖν
2758 3934 3043 4006 ταχθέντες
3071 3937 3180 3991 ἀπὸ
3203 3939 3309 3993 τῶν
3347 3940 3642 4015 ἐλευθέρων

420 4046 476 4092 et
504 4039 745 4108 cognatis
771 4036 935 4093 Jacob
962 4040 1280 4095 mulieribus
1307 4050 1460 4095 natos
1487 4053 1642 4104 esse;
1680 4037 1771 4106 qui
1803 4045 1980 4089 autem

2086 4024 2357 4093 γυναικῶν
2408 4025 2500 4078 καὶ
2550 4027 2824 4094 συγγενῶν
2872 4028 2966 4082 τοῦ
3006 4028 3198 4084 Ἰακὼϐ
3246 4033 3640 4107 ἐγεννήθησαν·

419 4130 487 4183 ad
520 4129 944 4185 maledicendum
991 4132 1042 4183 in
1080 4142 1259 4186 monte
1306 4130 1473 4187 Gebal
1518 4129 1876 4192 collocantur,
1910 4142 1977 4180 ex

2086 4117 2227 4170 οὕτω
2251 4119 2301 4170 οι
2336 4117 2392 4169 δέ
2418 4118 2760 4188 καταρᾶσθαι
2804 4121 3185 4192 ἀφορισθέντες
3214 4125 3320 4178 ἀπὸ
3356 4127 3450 4179 τοῦ
3490 4127 3645 4198 ὅρους

417 4221 631 4276 ancillis
655 4230 803 4277 ortos
831 4236 977 4287 esse,
1004 4226 1245 4293 exceptis
1276 4224 1463 4278 Ruben
1492 4231 1545 4278 et
1581 4220 1838 4277 Zabulou.
1866 4217 1982 4274 Stat
2012 4228 2016 4284 ζ

2045 4233 2057 4281 μ
2086 4208 2279 4274 Γεϐὰλ,
2309 4209 2416 4264 ἀπὸ
2441 4210 2549 4264 τῶν
2597 4212 2894 4267 παιδισκῶν
2928 4210 3085 4286 ἦσαν,
3132 4217 3269 4289 πλὴν
3299 4219 3392 4273 τοῦ
3426 4220 3644 4292 Ῥουϐὶμ

422 4310 617 4367 Ruben
660 4328 783 4367 cum
835 4312 1515 4384 maledicentibus,utp0te
1571 4312 1886 4367 maledictns
1928 4319 1982 4363 et

2086 4305 2180 4356 καὶ
2209 4302 2303 4357 τοῦ
2344 4302 2644 4361 Ζαϐουλιὲδν.
2673 4306 2938 4361 Τέτακται
2963 4309 3018 4362 δέ
3051 4311 3079 4362 6
3120 4310 3343 4382 Ῥουϐὶμ
3379 4313 3517 4382 μετὰ
3540 4313 3643 4367 τῶν

424 4404 540 4472 ipse
567 4421 596 4459 a
630 4417 807 4475 patrc.
834 4407 986 4473 Quod
1012 4408 1055 4461 si
1086 4416 1140 4460 et
1175 4406 1451 4460 maledixit
1478 4404 1628 4473 Levi,
1670 4412 1724 4459 at
1764 4405 1979 4457 redem-

2086 4397 2503 4468 καταρωμένων,
2528 4398 2603 4462 ὼς
2635 4401 2727 4453 καὶ
2759 4400 3142 4472 καταρώμενος
3168 4402 3271 4456 ὑπὸ
3301 4402 3395 4456 τοῦ
3425 4405 3639 4477 πατρός.

417 4508 544 4568 plus
577 4508 659 4553 est
690 4499 1007 4554 sacerdotali
1053 4498 1333 4569 dignitate.
1362 4497 1493 4551 Nam
1526 4500 1757 4551 maxime
1797 4508 1981 4549 sacer-

2083 4487 2146 4540 Εί
2172 4487 2228 4541 δὲ
2277 4489 2370 4541 καὶ
2404 4488 2493 4542 τὸν
2532 4490 2665 4542 Λευὶ
2715 4495 3080 4562 κατηράσατο,
3134 4492 3270 4547 ἀλλὰ
3315 4493 3643 4569 λελύτρωται

418 4588 559 4643 dotis
596 4598 674 4643 est
722 4589 973 4659 pupulum
1023 4588 1360 4643 benedicere.
1415 4586 1685 4640 Praeterea
1729 4585 1972 4647 Simeon,

2082 4579 2244 4642 αὐτὸς
2270 4582 2334 4651 τῇ
2361 4581 2604 4653 ἱερατικῇ
2633 4581 2777 4654 ἀξία.
2812 4583 3062 4637 Μάλιστα
3091 4583 3198 4655 γὰρ
3226 4585 3414 4658 ίερέως
3442 4587 3558 4640 ἐστὶ
3584 4587 3642 4640 τὸ

412 4682 606 4751 quippe
632 4683 723 4752 qui
760 4683 811 4736 in
848 4683 1024 4737 medio
1063 4682 1236 4737 tribus
1285 4662 1436 4734 Judaa
1464 4680 1755 4741 habitaret,
1791 4687 1846 4731 et
1876 4689 1972 4729 ceu

2079 4670 2171 4726 τὸν
2198 4671 2324 4727 λαὸν
2350 4673 2605 4741 εὐλογεῖν.
2642 4674 2800 4729 Ἀλλὰ
2832 4676 2929 4729 καὶ
2955 4679 2983 4729 6
3020 4675 3242 4746 Συμεὼν
3284 4676 3360 4741 ὡς
3399 4681 3456 4732 ἐν
3493 4679 3639 4749 μέσῳ

410 4788 536 4842 pars
566 4772 710 4829 illius
747 4781 909 4837 esset,
954 4773 1157 4828 idcirco
1203 4771 1291 4826 ubi
1321 4769 1519 4835 ludas,
1558 4768 1632 4825 ibi
1660 4778 1715 4823 et
1752 4767 1839 4821 hic
1874 4780 1974 4819 nu-

2078 4764 2180 4836 τῆς
2224 4764 2385 4819 Ἰούδα
2415 4767 2585 4839 φυλῆς
2622 4768 2867 4839 οἰκήσας,
2906 4769 2999 4822 καὶ
3032 4767 3222 4842 ὥσπερ
3268 4769 3432 4842 μέρος
3472 4770 3640 4841 αὐτῆς

408 4877 674 4920 moratur.
2078 4858 2345 4928 γεγονὼς,
2395 4861 2482 4914 διὰ
2536 4859 2693 4914 τοῦτο
2741 4862 2875 4916 ὃπου
2914 4860 3148 4926 Ἰούδας,
3184 4863 3299 4916 ἐκεῖ
3331 4864 3426 4917 καὶ
3477 4864 3639 4928 αὐτὸς

2072 4950 2411 5022 ἀριθμεῖται.

479 5068 546 5125 Et
584 5071 696 5126 haec
739 5070 1044 5136 benedictio,
1072 5087 1175 5142 qua
1205 5068 1464 5123 benedixit
1509 5064 1717 5137 Moyses
1737 5065 1805 5118 ”.
1836 5063 1970 5119 Pro-

2140 5065 2251 5119 Καὶ
2280 5066 2428 5135 αὕτη
2465 5069 2504 5137 ἠ
2537 5065 2780 5137 εὐλογία
2815 5065 2896 5135 ῆν
2928 5071 3237 5139 ηὐλόγησε
3264 5071 3543 5140 Μωῦσῆς.
3568 5072 3632 5125 Δί

405 5162 599 5233 phetiaa
623 5159 811 5228 Jacob,
839 5176 946 5215 non
982 5175 1173 5215 omnes
1211 5158 1616 5213 benedictiones
1652 5164 1829 5218 erant,
1860 5168 1966 5208 non

2074 5159 2225 5230 παρὰ
2263 5159 2453 5213 Ἰακὼϐ
2481 5161 2832 5232 προρρήσεις,
2858 5159 2982 5214 οὔτε
3010 5164 3177 5217 πᾶσαι
3208 5163 3448 5232 εὐλογίαι
3470 5161 3628 5237 ἦσαν,

400 5269 590 5309 omnes
620 5253 1045 5308 maledictiones.
1088 5251 1287 5323 Moysis
1331 5259 1512 5303 autem
1563 5246 1962 5320 pra-dictiones,

2070 5251 2193 5304 οὔτε
2228 5255 2394 5307 πᾶσαι
2433 5255 2594 5326 ἀραί’
2626 5256 2679 5307 αἱ
2712 5254 2768 5306 δὲ
2811 5254 2959 5325 παρὰ
2997 5256 3291 5322 Μωῡσέως,
3324 5258 3497 5311 πᾶσαι
3538 5258 3624 5311 εὓο

401 5357 609 5402 cunctae
637 5356 793 5403 erant
820 5346 1239 5402 benedictiones.

671 5356 793 5401 rant
820 5346 1239 5402 benedictiones.
2074 5342 2270 5411 λογίαι.

471 5438 540 5492 Ει
571 5441 833 5509 festinavit
869 5455 935 5496 ea:
971 5449 1144 5493 monte
1188 5438 1408 5492 Pharan
1432 5437 1499 5492 ".
1544 5436 1657 5492 Hoc
1699 5444 1814 5500 cst,
1859 5446 1963 5486 non

2144 5439 2253 5492 Καὶ
2300 5439 2717 5496 κατέσπευσεν
2761 5440 2830 5505 ἐξ
2881 5440 3057 5509 ὄρους
3096 5440 3318 5509 Φαράν.
3367 5441 3625 5497 Τουτέστι

468 5594 515 5627 ’⁸
554 5593 707 5651 Deut.
735 5611 860 5663 xxv,
891 5596 944 5651 '5.
1020 5596 1064 5630 ⁹¹
1103 5595 1254 5651 Deut.
1286 5609 1450 5661 xxv",
1481 5593 1534 5649 5.
1606 5593 1649 5625 "
1693 5593 1846 5650 Deut.
1884 5606 2055 5659 xsvn,
2086 5591 2171 5647 l2.
2246 5592 2292 5624 ’³
2327 5593 2479 5649 Deut.
2509 5609 2704 5660 xxxm,
2733 5594 2784 5648 l.
2861 5593 2906 5625 “
2942 5594 3072 5649 ibid.
3096 5594 3150 5648 ‘2.
