4050 6148
399 330 501 388 817

1559 322 1870 381 SELECTA
1901 321 1969 378 1N
1998 319 2218 377 JESUM
2244 319 2449 376 NAVE.

3536 316 3644 374 8H!

397 444 479 515 τῷ
525 442 722 516 μηκέτι
758 442 837 516 τῷ
877 443 1096 517 Ἰσραὴλ
1146 442 1530 517 χρηματίζειν,
1582 443 1718 499 ἀλλὰ
1765 447 1876 507 τοῖς
1922 441 1978 531 ὲνξ

2083 441 2315 510 amplius
2344 436 2565 503 Israeli,
2613 439 2710 494 sed
2752 438 2820 493 iis
2867 437 2961 510 qui
2993 452 3060 493 ex
3113 432 3384 506 gentibus,
3429 432 3647 489 oracula

402 535 593 602 ἐθνῶν,
633 536 725 590 καὶ
770 537 863 591 τὸν
912 536 1075 608 νόμον
1107 536 1322 608 ἔστησε.
1378 535 1549 589 Τοῦτο
1598 534 1729 607 γὰρ,
1767 554 1785 586 ι
1819 533 1977 587 nate:
2004 562 2021 588 ε

404 646 639 683 σπευσεν
677 630 736 697 ἐξ
783 631 943 703 ὅρους
987 631 1191 703 Φαρὰν,
1218 650 1236 681 ›
1285 628 1460 683 είτουν
1505 646 1526 680 ι
1563 629 1924 687 κατέπαυσεν.
1951 648 1970 681 ι

399 723 538 794 ὅπερ
582 722 742 795 ἑτέρα
784 723 1027 794 περιέχει
1086 723 1293 795 γραφὴ,
1339 721 1459 777 om
1502 721 1632 789 τοῦ,
1675 720 1975 785 σπουδαίως

398 811 500 885 τὴν
532 814 692 868 σκιὰν
723 814 1057 886 καταλείψει,
1086 816 1182 869 καὶ
1208 816 1306 886 τὴν
1347 814 1606 887 ἀλήθειαν
1642 816 1771 887 ἡμῖν
1814 831 1976 883 φανε-

406 903 591 980 ρώσει.

474 998 601 1053 Σὺν
635 997 884 1067 μυριάσι
928 999 1149 1069 Κάδης.
1202 998 1318 1053 Νῦν
1364 998 1552 1072 Κάδης
1590 1000 1653 1052 οὐ
1690 998 1781 1052 τὸν
1813 999 1976 1053 τόπον

404 1088 572 1159 λέγει,
611 1090 747 1144 ἀλλὰ
773 1093 899 1156 τοὺς
929 1091 1136 1161 ἁγίους.
1163 1090 1351 1162 Κάδης
1382 1090 1492 1163 γὰρ
1520 1090 1586 1145 τὸ
1613 1089 1785 1161 ἅγιον
1826 1090 1979 1160 λέγε-

403 1199 496 1237 ται
522 1185 589 1255 τῇ
629 1183 870 1256 Ἐϐραΐδι
903 1182 1138 1255 γλώττῃ.

475 1275 586 1331 Καὶ
618 1275 902 1345 ἐφείσατο
926 1275 1031 1330 τοῦ
1057 1274 1212 1335 λαοῦ
1234 1274 1440 1330 αὐτοῦ.
1463 1275 1774 1339 Τουτέστιν,
1803 1275 1978 1329 ἔσωσε

405 1367 846 1439 παραγενόμενος
886 1367 1013 1431 τοὺς
1064 1367 1126 1420 οὐ
1177 1367 1341 1431 λαοὺς
1390 1368 1540 1433 ποτὲ,
1586 1369 1681 1424 νῦν
1727 1369 1784 1423 δὲ
1816 1369 1979 1434 λαοὺς

401 1459 558 1524 Θεοῦ,
585 1459 711 1523 τοὺς
732 1460 833 1513 οῦκ
856 1460 1212 1532 ὴλεημένους,
1244 1461 1339 1515 νῦν
1375 1460 1432 1514 δὲ
1458 1460 1799 1533 ἐλεηθέντας.
1835 1481 1854 1514 ι
1888 1463 1977 1516 Ἐν

400 1550 576 1622 τούτῳ
621 1551 752 1624 γὰρ,
782 1554 945 1624 φησὶν
974 1553 1002 1606 6
1045 1553 1341 1618 ἀπόστολος
1382 1555 1619 1626 Πέτρος,
1659 1554 1977 1628 ἐφανερώθη

398 1644 590 1714 ἀγάπη
642 1643 736 1698 τοῦ
779 1642 914 1698 Θεοῦ
963 1646 1021 1700 ὲν
1060 1647 1211 1718 ἡμῖν.
1234 1666 1254 1700 ι
1319 1645 1430 1701 Καὶ
1470 1648 1497 1700 ὁ
1531 1647 1684 1716 ἆγιος
1728 1647 1980 1721 Ἰωάννης

400 1731 549 1805 λέγει
578 1736 636 1788 ὲν
663 1738 728 1808 τῇ
768 1734 1049 1809 καθολικῇ,
1081 1737 1165 1790 ὅτι
1202 1755 1221 1790 ι
1248 1737 1340 1791 τὸν
1370 1737 1499 1791 Υἰὸν
1536 1738 1702 1792 αὐτοῦ
1744 1739 1837 1794 τὸν
1879 1757 1973 1810 μο-

400 1829 593 1900 νογενῆ
632 1829 973 1884 ἀπέσταλκεν
1013 1833 1042 1885 6
1073 1830 1205 1896 Θεὸς
1240 1833 1321 1896 είς
1360 1831 1450 1886 τὸν
1490 1833 1712 1905 κόσμον,
1745 1833 1831 1887 ἴνα
1876 1833 1975 1905 ζή-

399 1935 585 1991 σωμεν
621 1919 691 1973 δι’
719 1918 907 1978 αὐτοῦ.
942 1939 962 1973 ι
995 1921 1106 1975 Καὶ
1137 1923 1166 1975 6
1208 1922 1479 1995 μακάριος
1524 1924 1582 1978 δὲ
1627 1924 1838 1989 Παῦλός
1869 1944 1975 1999 φη-

405 2029 519 2065 σιν·
562 2032 582 2065 ι
609 2014 676 2068 ’⁸0
701 2031 762 2084 γε
789 2014 884 2068 τοῦ
920 2013 1048 2068 ἰδίου
1090 2014 1222 2069 Υἱοῦ
1253 2018 1353 2071 οὐκ
1378 2017 1651 2086 ἐφείσατο,
1685 2018 1798 2072 ἀλλ’
1835 2020 1976 2092 ὑπὲρ

402 2104 561 2176 ἡμῶν
586 2107 803 2161 πάντων
825 2107 1141 2180 παρέδωκεν
1168 2110 1346 2165 αὐτόν.
1376 2131 1394 2161 ι
1445 2111 1727 2179 Ἐφείσατο
1758 2108 1851 2166 οὖν
1882 2113 1976 2167 τοῦ

399 2212 530 2249 Ααου
539 2236 552 2249 .

470 2288 579 2342 Kal
618 2288 841 2357 πάντες
868 2295 922 2346 οἱ
951 2290 1304 2364 ἡγιασμένοι
1329 2292 1446 2349 ὑπὸ
1474 2294 1581 2361 τὰς
1609 2294 1811 2365 χεῖράς
1838 2312 1976 2351 σου.

401 2379 628 2434 Πάντων
659 2381 768 2455 γὰρ
807 2386 1018 2453 κρατεῖ,
1058 2384 1134 2449 ὡς
1180 2383 1432 2456 βασιλεὺς
1467 2386 1695 2458 οὐρανοῦ
1729 2389 1821 2441 καὶ
1852 2388 1975 2460 γῆς.

412 2471 502 2536 Ὠς
539 2472 751 2543 βασιλεῖ
780 2475 1193 2548 παριστάμενοι,
1238 2476 1313 2541 ὡς
1342 2476 1461 2548 θεῷ
1508 2477 1976 2550 λειτουργοῦντες’

400 2563 479 2628 ὡς
520 2568 715 2637 ποιητῇ
766 2568 1229 2640 προσκυνοῦντες,
1291 2571 1384 2624 καὶ
1438 2571 1529 2624 ὑπ’
1586 2572 1747 2627 αὐτόν
1804 2574 1973 2627 εἰσιν·

406 2674 428 2707 ι
454 2657 615 2721 αὐτὸς
642 2658 750 2731 γὰρ
781 2659 871 2713 καὶ
899 2661 969 2715 τὰ
997 2661 1174 2715 πάντα
1214 2660 1478 2729 ὑπέταξεν
1506 2663 1613 2717 ὑπὸ
1639 2664 1767 2727 τοὺς
1810 2665 1977 2730 πόδας

398 2767 588 2804 αυτου.
617 2769 637 2803 ι

469 2845 878 2916 Συναχθέντες
904 2845 1190 2917 ἄρχοντες
1224 2838 1418 2906 λαῶν.
1472 2851 1534 2904 0i
1568 2848 1839 2905 θεσπέσιοι
1877 2869 1981 2922 μα-

399 2933 581 3007 θηταὶ,
713 2955 843 3010 φησι
900 2938 994 2992 καὶ
1035 2940 1064 2992 6
1122 2939 1284 2994 Δαυὶδ
1316 2942 1379 2995 ὲκ
1422 2939 1716 3012 προσώπου
1762 2941 1976 2996 ἀυτῶν·

407 3047 429 3081 ι
453 3028 714 3096 Ύπέταξε
733 3030 893 3096 λαοὺς
912 3033 1160 3104 ήμίν,καὶ
1175 3032 1300 3104 ἔθνη
1320 3034 1422 3087 ὑπὸ
1436 3035 1561 3098 τοὺς
1581 3035 1745 3100 πόδας
1764 3036 1940 3107 ἡμῶν.
1956 3055 1975 3088 ι

2079 548 2347 601 promere,
2381 541 2436 587 et
2476 529 2578 600 legi
2615 530 2778 587 ﬁnem
2823 530 3103 601 imposuit.
3152 527 3298 584 Istud
3349 527 3492 583 enim
3541 526 3645 583 sibi

2078 623 2231 678 vult:
2275 643 2293 675 (
2328 622 2608 677 festinavit
2651 637 2714 677 ex
2755 632 2937 678 monte
2974 621 3211 686 Pharan,
3236 640 3256 674 ι
3302 618 3385 676 vel
3416 639 3434 673 ι
3461 634 3645 676 cess:-

2078 717 2215 779 vit,»
2254 726 2312 771 ut
2356 717 2459 770 alia
2507 716 2667 770 habet
2720 716 3093 787 interpretatio
3127 733 3141 770 :
3183 714 3336 786 quasi
3389 714 3649 771 diceret:

2076 809 2261 864 sedulo
2317 810 2562 863 umbram
2623 810 2984 879 derelinquet,
3047 818 3105 864 et
3155 809 3440 865 veritatem
3489 808 3648 864 nobis

2075 902 2345 957 ostendet.

2148 994 2280 1051 Cum
2324 994 2500 1050 decem
2535 993 2768 1049 millibus
2796 994 2964 1050 Cades
2987 996 3058 1052 ⁸⁵.
3101 994 3259 1051 Nunc
3300 994 3497 1062 Gades,
3536 1009 3647 1052 non

2077 1090 2254 1147 locum
2298 1088 2462 1154 dicit,
2494 1088 2589 1145 sed
2626 1098 2862 1145 sanctos.
2893 1090 3068 1146 Gades
3097 1091 3242 1147 enim
3279 1100 3519 1145 sanctum
3566 1090 3649 1147 di-

2075 1184 2220 1238 citur
2246 1181 2512 1238 ilebraica
2545 1181 2749 1251 lingua.

2149 1275 2217 1330 Et
2261 1276 2491 1346 pepercit
2533 1275 2724 1345 papula
2753 1291 2849 1330 suo
2871 1275 2938 1332 “.
2985 1273 3096 1331 Hoc
3143 1285 3247 1340 est,
3272 1277 3506 1331 adventu
3551 1288 3651 1331 suo

2079 1368 2306 1425 salvavit
2342 1383 2438 1425 eos
2477 1368 2569 1438 qui
2602 1368 2731 1424 olim
2769 1381 2877 1423 non
2918 1368 3122 1438 populi,
3156 1382 3297 1424 nunc
3332 1378 3511 1422 autem
3552 1382 3650 1438 po-

2079 1463 2188 1534 puli
2236 1470 2362 1519 sunt
2394 1461 2515 1528 Dci,
2541 1475 2678 1530 quos
2716 1460 3091 1516 misericordia
3136 1475 3242 1515 non
3289 1461 3650 1531 comprehen-

2079 1556 2252 1621 derat,
2296 1570 2443 1610 nunc
2484 1563 2663 1608 autem
2699 1552 3144 1621 comprehendit;
3182 1571 3202 1605 ι
3234 1552 3285 1606 in
3338 1552 3440 1608 hoc
3478 1554 3647 1620 enim,

2080 1649 2258 1717 inquit
2286 1646 2565 1718 apostolus
2598 1645 2795 1701 Petrus
2817 1646 2886 1710 ⁸⁷,
2913 1645 3164 1716 apparuit
3195 1644 3436 1700 cbaritas
3466 1645 3561 1701 Dei
3596 1646 3654 1703 in

2083 1741 2257 1796 nobis.
2280 1757 2298 1792 ι
2333 1739 2404 1795 Ει
2446 1748 2670 1795 sanctus
2696 1735 2937 1794 Joannes
2970 1743 3022 1793 In
3052 1737 3320 1793 catholica
3363 1737 3503 1793 dicit
3526 1737 3654 1808 Epi-

2082 1833 2218 1889 stola
2242 1833 2315 1899 ’⁸,
2352 1832 2614 1904 quoniam
2653 1849 2673 1884 ι
2705 1830 2907 1886 Filium
2940 1847 3096 1887 suum
3127 1830 3469 1900 unigenitum
3506 1832 3657 1888 misit

2086 1927 2227 1983 Deus
2257 1927 2309 1982 in
2348 1926 2604 1982 mundum
2652 1933 2708 1980 ut
2751 1925 2997 1980 vivamus
3022 1939 3117 1995 per
3141 1938 3283 1980 eum.
3311 1942 3333 1978 ι
3368 1924 3432 1980 Ει
3467 1923 3660 1980 beatus

2082 2021 2280 2078 Paulus
2309 2023 2385 2077 ait
2404 2022 2451 2055 ⁹⁹
2479 2038 2494 2076 :
2536 2039 2555 2073 ι
2584 2012 2952 2089 ProprioFilio
2982 2033 3088 2074 non
3139 2016 3528 2090 pepercit,:sed
3559 2032 3659 2088 pro

2084 2113 2242 2170 nobis
2279 2113 2531 2169 omnibus
2583 2110 2807 2167 tradidit
2843 2111 3016 2167 illum.
3041 2131 3062 2164 ι
3097 2110 3351 2182 Pepercit
3392 2126 3522 2183 ergo
3552 2124 3654 2182 po-

2084 2208 2229 2279 pulo.

2152 2301 2222 2356 Et
2248 2318 2427 2357 omnes
2479 2303 2800 2372 sanctiﬁcati
2826 2301 2924 2356 sub
2953 2315 3138 2354 manus
3175 2306 3299 2355 tuas
3326 2299 3366 2353 ⁸.
3393 2297 3659 2356 Omnibus

2083 2394 2227 2450 enim
2256 2395 2595 2462 dominatur,
2624 2403 2810 2464 utpote
2842 2408 2938 2449 rex
2977 2391 3100 2448 οωιί
3132 2398 3187 2446 et
3219 2399 3401 2445 terrae.
3428 2390 3499 2446 Ut
3542 2390 3658 2463 regi

2084 2496 2346 2553 astantes,
2376 2486 2559 2543 utDeo
2590 2487 2983 2552 ministrantes,
3010 2491 3071 2539 ut
3097 2491 3399 2539 creatorem
3423 2482 3658 2538 adoran-

2087 2588 2185 2647 tes,
2208 2581 2369 2635 etiam
2407 2578 2507 2634 sub
2537 2579 2651 2649 ipso
2672 2586 2819 2647 sunt,
2850 2596 2869 2631 ι
2903 2579 3018 2648 ipse
3040 2574 3186 2632 enim
3213 2576 3396 2632 omnia
3425 2575 3657 2647 subjecit

2084 2674 2183 2729 sub
2214 2671 2441 2743 pedibus
2474 2673 2586 2729 suis
2607 2673 2649 2729 ².
2674 2691 2696 2726 ι

2154 2848 2315 2927 393
2365 2854 2679 2926 Congregati
2717 2851 2977 2921 principes
3024 2847 3335 2920 populorum
3384 2847 3427 2903 ³.
3477 2842 3654 2901 Divini

2086 2948 2342 3001 nimirum
2377 2944 2644 3011 discipuli,
2677 2942 3133 3014 quemadmodum
3182 2949 3238 2996 et
3270 2938 3437 2994 David
3462 2951 3530 2994 ex
3562 2952 3655 2995 eo-

2088 3054 2206 3093 rum
2252 3052 2486 3107 persona
2531 3035 2657 3091 ait‘
2699 3054 2713 3090 :
2761 3053 2781 3089 ι
2832 3033 3072 3103 Subjecit
3120 3032 3345 3103 populos
3394 3031 3548 3087 nobis
3601 3042 3655 3086 et

402 3122 513 3174 Καὶ
556 3120 754 3177 πάλιν·
801 3124 1097 3197 Ἄρχοντες
1142 3124 1286 3178 λαῶν
1323 3125 1668 3198 συνήχθησαν
1722 3127 1860 3199 μετὰ
1884 3128 1978 3182 τοῦ

2085 3140 2274 3202 gentes
2304 3130 2402 3185 sub
2429 3127 2655 3199 pedibus
2697 3126 2922 3181 nostris.
2957 3142 2975 3177 ι
3003 3124 3072 3178 Ει
3124 3138 3311 3180 rursus
3336 3123 3358 3156 "
3389 3140 3403 3177 :
3441 3138 3463 3175 ι
3499 3121 3657 3178 Prin-

401 3214 538 3267 Θεοῦ
579 3214 850 3288 Ἀϐραάμ.
889 3235 906 3267 ι
961 3215 1072 3288 Τὴν
1097 3216 1286 3289 κλῆσιν
1309 3213 1399 3272 οὖν
1450 3218 1601 3290 δηλοῖ
1651 3220 1759 3275 τῶν
1789 3220 1979 3289 ἐθνῶν,

398 3301 478 3372 ὣς
503 3309 597 3362 τοῦ
648 3310 784 3364 Θεοῦ
837 3310 1116 3382 μέλλοντος
1170 3310 1355 3385 ἄρξειν
1416 3313 1475 3366 ὲν
1518 3312 1702 3385 ταύτῷ
1752 3314 1846 3368 καὶ
1888 3314 1979 3370 τοῦ

416 3402 631 3475 Ἰσραὴλ
656 3404 752 3457 καὶ
781 3404 888 3457 τῶν
906 3403 1096 3459 ὲθνῶν.
1132 3422 1151 3457 ι
1202 3404 1583 3478 Ἠγαπημένος
1623 3425 1643 3461 ι
1678 3407 1735 3461 δὲ
1766 3407 1979 3478 λέγεται

401 3497 433 3549 6
461 3496 607 3560 Υἱός.
663 3515 683 3548 ι
720 3488 888 3560 Οὗτος
916 3497 1024 3568 γάρ
1044 3497 1181 3562 ἐστι,
1209 3498 1390 3570 φησιν,
1423 3500 1453 3552 6
1486 3497 1614 3564 Υίός
1656 3517 1757 3572 μου
1785 3504 1814 3555 6
1849 3503 1984 3572 ἁγα-

403 3588 594 3659 πητὸς.
634 3607 652 3640 ι
683 3589 793 3642 Καὶ
822 3587 911 3643 διὰ
932 3588 1091 3644 τοῦτο
1121 3588 1277 3662 ἄρχει
1304 3589 1459 3663 ἡμῶν
1482 3593 1512 3645 6
1546 3593 1735 3667 Πατὴρ
1763 3594 1856 3649 καὶ⁵
1883 3594 1981 3665 βα-

405 3679 627 3734 σιλεύει.

2088 3224 2234 3292 cipes
2281 3219 2601 3292 populorum
2649 3216 2961 3288 congregati
2996 3224 3125 3272 sunt
3164 3230 3289 3271 cum
3340 3215 3451 3270 Deo
3479 3212 3655 3269 Abra-

2087 3314 2235 3370 ham.
2273 3332 2293 3366 ι
2340 3310 2690 3368 Vocationem
2731 3308 2899 3378 igitur
2925 3308 3196 3378 signiﬁcat
3246 3308 3511 3380 gentium,
3540 3307 3657 3363 fore

2089 3420 2282 3476 nempe
2310 3415 2368 3460 ut
2401 3405 2541 3460 Deus
2567 3402 2726 3459 simul
2754 3412 2808 3457 et
2834 3401 2997 3457 Israel
3028 3410 3084 3456 et
3117 3400 3367 3472 gentibus
3404 3401 3654 3471 imperet.

2092 3516 2111 3552 ι
2142 3497 2382 3552 Dilectus
2413 3513 2433 3548 ι
2463 3505 2665 3561 autem,
2698 3494 2896 3550 dicitur
2916 3492 3104 3548 Filius.
3144 3509 3164 3544 ι
3207 3492 3308 3548 Hic
3355 3492 3500 3548 enim
3546 3503 3655 3559 est,

2086 3590 2263 3661 inquit
2286 3588 2328 3656 ⁸,
2353 3586 2525 3643 Filius
2555 3601 2707 3643 meus
2734 3587 2991 3642 dilectus.
3028 3605 3047 3639 ι
3094 3585 3160 3639 Ει
3209 3595 3498 3656 propterea
3549 3584 3657 3641 Pa-

2092 3690 2176 3738 ter
2207 3696 2304 3737 rex
2338 3688 2526 3737 noster
2547 3688 2602 3736 et
2634 3678 2889 3750 princeps
2916 3687 3099 3735 noster
3126 3687 3232 3734 est.

477 3819 525 3853 "
546 3820 928 3892 DAeut.rxxxm,
951 3820 1008 3876 2.
1083 3824 1129 3855 ⁸⁸
1168 3824 1297 3880 ibid.
1327 3823 1379 3878 5.
1456 3823 1721 3881 "ann.
1749 3841 1826 3892 Iv,
1854 3825 1910 3881 9.
1985 3825 2032 3858 ³⁸
2068 3824 2199 3880 ibid.
2272 3822 2317 3858 ”
2355 3821 2513 3876 Rom.
2543 3819 2770 3892 vm.’52.
2848 3818 3040 3874 ‘Deut.
3064 3833 3255 3886 xxxru,
3280 3816 3336 3873 5.
3411 3816 3434 3850 ⁹
3470 3812 3491 3869 l
3523 3813 3654 3873 Cor.

406 3904 499 3957 xv,
538 3889 625 3945 26.
703 3891 906 3948 'Deut.
948 3908 1141 3960 χχχιιι,
1194 3894 1249 3950 5.
1324 3894 1347 3926 ⁸
1374 3896 1517 3952 Psal.
1549 3911 1692 3961 mn,
1732 3895 1786 3949 4.

1861 3897 1883 3928 ⁵
1916 3896 2070 3961 ibid.,
2099 3895 2185 3949 10.
2262 3895 2284 3925 '
2318 3891 2506 3946 Matth.
2544 3906 2627 3957 ιιι,
2661 3891 2746 3945 17.

421 4079 3652 4116 W

1741 4250 2312 4347 MONITUM

1143 4446 1236 4502 AD
1272 4443 1593 4504 ORIGENIS
1630 4442 2015 4503 EXEGETICA
2058 4446 2127 4503 1N
2164 4443 2428 4504 LIBRUM
2468 4442 2636 4502 JESU
2675 4440 2887 4502 NAVE.

482 4732 699 4806 Ruﬁnus
724 4734 780 4806 in
798 4735 1133 4806 peroratione
1155 4734 1223 4788 ad
1248 4734 1731 4806 interpretationem
1777 4733 2290 4792 Commentariorum
2316 4732 2562 4806 0_rigenis
2612 4733 2669 4787 in
2710 4730 3010 4806 Epistolam
3049 4735 3118 4789 ad
3168 4732 3459 4804 Romanos,
3500 4735 3656 4806 aitse

407 4805 666 4878 ret-tendis
687 4802 807 4878 ejus
827 4804 1240 4878 ἐξηγητικοῖςῄι
1264 4802 1457 4859 librum
1478 4805 1606 4878 Jesu
1631 4803 1782 4860 Nave
1807 4807 1940 4878 nihil
1971 4823 2005 4861 a
2020 4806 2126 4876 ﬁde
2146 4812 2318 4860 textus
2338 4802 2511 4878 Graeci
2538 4805 2829 4878 recessisse.
2863 4821 2882 4856 ι
2910 4803 3039 4868 Illa,
3068 4806 3260 4878 inquit,
3286 4802 3496 4878 qute__in
3517 4804 3650 4860 Iesu

409 4874 623 4930 Nave...
652 4874 1309 4944 scripsimus,‘simpliciter
1333 4876 1685 4942 expressimus
1724 4885 1779 4929 ut
1802 4874 2116 4943 invenimus,
2144 4885 2192 4930 et
2216 4891 2320 4930 non
2341 4876 2506 4944 multo
2531 4890 2651 4928 cum
2694 4874 2874 4928 labore
2911 4874 3307 4930 transtulimus.
3339 4895 3357 4928 ο
3387 4875 3564 4931 Hodie
3587 4889 3653 4929 es

403 4946 519 5015 ejus
540 4942 974 5016 interpretatione
1005 4942 1209 5002 exstant
1234 4947 1291 4999 in
1319 4947 1457 4999 hunc
1479 4945 1672 4999 librum
1695 4961 1787 5000 sea:
1828 4956 1876 5000 et
1902 4942 2361 5016 uiginti’homilite.
2397 4942 2639 5016 Triginta
2666 4956 3052 5016 commemorat
3106 4944 3457 5001 Cassiodorus
3497 4944 3656 5001 Insti-

406 5013 507 5099 (ut:
536 5031 655 5097 cap.
677 5013 737 5071 ⁷1.
763 5014 987 5099 initium
1021 5013 2039 5099 vigesima.representaturyhilocalite
2067 5017 2236 5099 capite
2262 5016 2592 5099 duodecimo,
2620 5015 2845 5085 hincque
2872 5013 3164 5072 obstruitur
3186 5033 3243 5072 os
3272 5016 3473 5087 aliquot
3496 5019 3645 5073 hete-

408 5084 659 5158 rodoxis,
694 5087 1022 5158 quihabsque
1047 5084 1156 5141 ulla
1186 5086 1390 5141 ratione
1420 5089 1517 5141 has
1542 5085 1787 5141 homilias
1810 5084 2024 5156 Origeni
2050 5084 2443 5158 abjudicaruut.

482 5156 608 5211 Post
636 5155 884 5221 homilias
906 5155 961 5211 in
986 5157 1271 5212 Jeremiam
1295 5158 1505 5226 scriptae
1526 5167 1671 5221 sunt,
1713 5158 1789 5210 uti
1832 5155 1971 5225 patet
1997 5173 2062 5211 ex
2084 5155 2304 5212 liomilia
2331 5155 2536 5209 decima
2583 5155 2762 5222 tertia,
2791 5157 3025 5226 adeoque
3051 5171 3116 5212 ea:
3146 5156 3368 5211 illarum
3401 5168 3523 5212 sunt
3551 5174 3650 5212 nu-

405 5241 570 5293 mero,
596 5242 728 5298 quas
748 5229 1096 5298 iseaagenario
1122 5227 1297 5297 major
1326 5229 1403 5298 ad
1421 5227 1672 5298 populum
1690 5228 1891 5292 habuit,
1919 5226 2256 5295 videnturque
2281 5226 2638 5294 pronuntiata
2666 5227 2809 5281 circa
2836 5227 2992 5297 ﬁnem
3020 5229 3147 5283 anni
3173 5227 3302 5294 249,
3327 5228 3405 5281 vel
3428 5229 3523 5281 sub
3551 5229 3649 5298 ini-

403 5299 536 5352 tium
561 5296 688 5351 anni
736 5296 863 5363 250,
886 5296 1338 5368 quandoquidem
1384 5296 1602 5351 homilia
1623 5314 1760 5352 nona
1783 5298 2147 5368 gravissimam
2172 5307 2421 5351 mutarat
2444 5298 2854 5367 persecutionem
2876 5313 2994 5367 qua:
3025 5309 3149 5354 tunc
3185 5298 3479 5352 Ecclesium
3511 5296 3652 5372 afﬂi-

402 5384 463 5439 ge
468 5373 550 5439 bat
560 5409 574 5422 .

470 5438 803 5510 Fragmenta
838 5436 1026 5495 Crwcu
1047 5454 1162 5511 quin
1186 5440 1524 5494 homiliurum
1549 5437 1713 5510 fronti
1738 5438 1956 5511 prwﬁaa
1981 5449 2124 5507 sunt,
2147 5457 2177 5495 e
2198 5436 2409 5495 Catenis
2435 5439 2804 5505 manuscriptis
2830 5448 2950 5493 sunt
2967 5437 3297 5507 deprompta.

1976 5675 2079 5706 1“:
