4050 6148
460 329 568 384 ειν

1809 337 1901 392 EX
1926 338 2226 396 ORIGENE
3590 340 3689 396 820

481 490 830 511 h—

824 645 1767 780 ΩΡΙΓΕΝΟΥΣ
1842 651 2106 781 ΕΙΣ
2181 651 2817 787 ιΗΣΟΥΝ
2888 646 3344 782 ΝΑΥΗ

1831 910 2346 1001 ΕΚΛΟΓΑΙ.

847 1312 1008 1405 EX
1082 1312 1628 1408 ORIGENE
1697 1316 2214 1410 SELECTA
2290 1319 2417 1409 IN
2490 1317 2870 1412 JESUM
2945 1320 3305 1414 NAVE.

534 1740 612 1796 Tu
634 1751 681 1796 et
707 1741 876 1796 omnis
925 1741 1150 1811 populus
1183 1742 1280 1796 iste
1310 1742 1355 1796 ".
1378 1740 1823 1799 Custodientibus
1860 1743 2033 1815 legem

2207 1743 2315 1809 Σὺ,
2342 1741 2443 1798 καὶ
2471 1739 2591 1809 πᾶς
2615 1745 2649 1796 ό
2670 1741 2821 1810 λαὸς
2845 1737 3044 1808 οὗτος.
3079 1741 3206 1804 Τοῖς
3246 1739 3573 1811 φυλάσσουσι
3616 1738 3701 1797 τὸν

460 1834 713 1906 promisit
748 1848 808 1890 se
851 1834 1101 1889 daturum
1137 1849 1257 1904 qua:
1294 1834 1567 1906 praedixit,
1623 1852 1729 1892 non
1763 1851 1896 1892 vero
1931 1834 2033 1892 soli

2142 1836 2295 1907 νόμον
2323 1836 2589 1907 ὑπέσχετο
2613 1834 2808 1890 διδόναι
2839 1834 2876 1889 ἃ
2913 1835 3274 1908 προείρηκεν’
3311 1834 3375 1887 οὐ
3402 1833 3509 1905 γὰρ
3541 1834 3698 1906 Ἰησοῦ

461 1927 590 1982 .lesu
632 1925 742 1981 ﬁlio
769 1923 937 1982 Nave.
968 1924 1072 1994 Qui
1110 1926 1258 1982 enim
1292 1927 1467 1998 legem
1520 1944 1624 1984 non
1657 1928 2036 1984 custodierunt

2142 1928 2213 1999 τῷ
2238 1927 2418 1999 Ναυῆ.
2470 1928 2562 1999 Μὴ
2611 1926 2944 1997 φυλάξαντες
2988 1926 3097 1998 γὰρ
3122 1928 3170 1979 οἱ
3237 1924 3563 1998 Ἰσραηλῖται
3608 1926 3699 1980 οὐκ

461 2016 745 2083 lsraelitae,
777 2016 815 2072 ii
845 2032 952 2073 non
985 2026 1333 2089 acceperunt,
1365 2026 1423 2074 ut
1461 2029 1613 2091 patet
1645 2035 1713 2076 ex
1750 2020 2031 2093 sequenti-

461 2108 586 2166 bus.

536 2200 721 2257 Omnis
745 2200 893 2257 locus
938 2219 1096 2271 super
1131 2220 1284 2274 quem
1306 2205 1648 2261 ascenderitis
1676 2207 1718 2259 ⁸.
1748 2208 2033 2264 Adversati

464 2302 591 2347 sent
630 2292 937 2353 habitantes
988 2298 1042 2351 in
1100 2295 1200 2353 Gai
1247 2307 1471 2368 propter
1530 2299 2030 2367 praevaricationem

460 2386 660 2444 Achar.
696 2386 762 2441 Et
795 2388 949 2444 aliter
970 2405 990 2443 :
1015 2388 1280 2457 Quoniam
1314 2387 1424 2444 Deo
1453 2392 1701 2445 tradente
1734 2390 1791 2445 in
1839 2405 2033 2447 manus

460 2490 647 2560 eorum
690 2489 905 2551 gentes,
956 2479 1314 2537 internecioni
1360 2496 1454 2537 eas
1503 2496 1610 2537 non
1659 2481 1947 2549 dederunt,
1979 2490 2034 2539 et

460 2568 619 2627 facta;
648 2580 772 2626 sunt
799 2573 880 2629 eis
905 2572 958 2627 in
985 2573 1207 2628 vallum.

533 2663 606 2719 Et
634 2665 905 2720 intrarunt
943 2667 998 2720 in
1043 2666 1256 2720 domum
1299 2666 1538 2722 mulieris
1586 2669 1896 2735 meretricis,
1948 2669 2034 2723 cui

461 2774 647 2815 nomen
675 2756 825 2814 Raab
850 2758 894 2814 ’.
940 2757 1213 2814 Meretrici
1246 2758 1476 2815 salutem
1515 2776 1666 2816 suam
1715 2759 1881 2834 39E
1912 2777 2034 2818 cre-

461 2852 597 2908 dunt
624 2852 1016 2923 eXploratores,
1047 2866 1146 2908 nec
1173 2852 1463 2910 immerito.
1488 2854 1568 2909 Ex
1595 2854 1713 2926 ejus
1745 2855 1887 2910 enim
1917 2855 2033 2912 col-

462 2941 646 3016 loqqu
672 2944 976 3002 oetenditur
1000 2945 1110 3000 sola
1146 2945 1319 3001 ﬁdelis
1351 2956 1405 3002 et
1438 2947 1605 3002 Deum
1636 2949 1852 3007 timens.
1878 2947 2033 3005 Unde

462 3046 519 3092 et
547 3053 646 3109 per
674 3052 793 3093 eam
817 3040 1064 3110 cognatio
1093 3039 1211 3110 ejus
1234 3049 1503 3096 servatur.

2135 2020 2345 2088 ἔλαϐον,
2380 2020 2456 2085 ὡς
2478 2020 2629 2091 δηλοῖ
2650 2020 2719 2074 τὰ
2748 2019 2893 2092 έξῆς.

2203 2201 2331 2269 Πᾶς
2355 2203 2389 2255 ό
2414 2201 2594 2266 τόπος
2637 2198 2729 2268 ἐφ’
2751 2190 2800 2265 ᾧ
2823 2198 2900 2252 ἂν
2929 2195 3187 2264 ἐπιϐῆτε.
3258 2190 3608 2265 Ἀντέστησαν
3653 2191 3699 2246 oi

2134 2296 2228 2349 ἐπὶ
2251 2295 2349 2366 τῆς
2369 2291 2468 2345 Γαῒ
2500 2291 2589 2344 διὰ
2614 2290 2713 2362 τὴν
2741 2289 2834 2343 τοῦ
2876 2287 3042 2360 Ἀχὰρ
3065 2288 3432 2358 παρανομίαν.
3461 2286 3565 2340 Kal
3599 2285 3698 2339 ἄλ-

2133 2389 2255 2454 λως
2271 2404 2284 2417 ·
2326 2388 2449 2439 Ὅτι
2474 2382 2570 2437 τοῦ
2595 2381 2728 2436 Θεοῦ
2758 2379 3089 2453 παραδόντος
3110 2381 3189 2443 εἰς
3231 2381 3425 2451 χεῖρας
3444 2376 3612 2432 αὐτῶν
3638 2376 3701 2430 τὰ

2134 2479 2262 2550 ἔθνη
2287 2479 2388 2532 οὐκ
2409 2470 2940 2547 ὲξωλόθρευσαν,καὶ
2983 2470 3334 2543 ἐγενήθησαν,
3372 2473 3452 2535 εἰς
3480 2469 3700 2523 σκόλοπα

2135 2574 2340 2636 αὐτοῖς.
3462 2562 3465 2567 ’

2205 2665 2314 2721 Καὶ
2341 2662 2715 2732 εῑσήλθοσαν
2734 2661 2823 2726 εὶς
2850 2658 3046 2715 οὶκίαν
3069 2654 3357 2728 γυναικὸς
3399 2656 3636 2723 πόρνης,
3663 2644 3702 2722 ᾖ

2135 2758 2323 2827 ὄνομα
2362 2755 2561 2812 Ῥαάϐ.
2586 2754 2772 2826 Πόρνῃ
2798 2750 3145 2805 πιστεύουσιν
3170 2752 3219 2804 οἱ
3253 2746 3587 2804 κατάσκοποι
3612 2743 3702 2815 τὴν

2134 2848 2344 2904 ἑαυτῶν
2367 2846 2639 2920 σωτηρίαν
2662 2863 2675 2876 ·
2706 2846 2802 2899 καὶ
2836 2843 2980 2916 μάλα
3005 2842 3250 2907 εἰκότως.
3302 2840 3582 2894 Δείκνυται
3605 2837 3702 2905 γὰρ

2134 2940 2193 3009 ἐξ
2217 2933 2290 2994 ὧν
2328 2940 2362 3010 ἡ
2388 2937 2560 3010 πόρνη
2580 2934 2906 3004 διαλέγεται,
2938 2932 3072 3003 μόνη
3124 2929 3290 3000 πιστὴ
3343 2928 3443 2981 καὶ
3472 2926 3559 2979 τὸν
3583 2922 3705 2977 Θεδν

2134 3030 2461 3103 φοϐουμένη·
2490 3028 2570 3082 διὸ
2589 3028 2682 3080 καὶ
2705 3026 2772 3080 δι’
2798 3025 2965 3096 αὐτῆς
2989 3026 3023 3095 ἡ
3051 3022 3337 3093 συγγένεια
3366 3018 3607 3084 σώξεται.

540 3102 812 3202 Ejusdem.
843 3102 1002 3188 R'aab-
1026 3102 1422 3203 interpretatur
1458 3134 1728 3201 dilatatio,
1774 3145 1828 3191 et
1862 3136 2034 3206 ﬁgura

2152 3102 2157 3103 ί
2215 3122 2325 3178 Τοῦ
2348 3120 2556 3177 αὐτοῦ.
2597 3117 2766 3174 Ῥαὰὸ
2792 3116 3148 3190 ἑρμηνεύεται
3175 3107 3705 3206 πλατυσμὸςησύμρ

464 3233 550 3280 θυι
577 3222 935 3279 coalescentis
970 3239 1037 3279 ex
1067 3225 1322 3296 gentibus
1353 3224 1615 3280 Ecclesia:
1642 3242 1762 3296 quae
1792 3227 1922 3282 dicit
1949 3227 1991 3260 '°
2018 3247 2031 3282 :

474 3337 493 3371 ι
523 3322 799 3386 Angustus
831 3316 962 3372 mibi
988 3318 1160 3384 locus,
1194 3318 1280 3374 l'ac
1307 3319 1484 3374 locum
1514 3319 1567 3372 in
1591 3334 1698 3388 quo
1721 3320 1980 3376 habitem.
2011 3340 2031 3373 ι

540 3408 817 3477 Ejusdem.
845 3407 961 3464 Non
989 3408 1060 3464 ob
1086 3408 1504 3477 hospitalitatem
1539 3409 1714 3464 solum
1765 3421 2035 3482 servatur,

469 3503 563 3557 sed
585 3501 855 3572 praecipue
884 3513 1107 3572 propter
1126 3500 1286 3557 ﬁdem
1312 3510 1368 3556 et
1389 3501 1539 3573 pium
1567 3502 1684 3573 ejus
1714 3517 1841 3574 erga
1869 3504 2038 3559 Deum

468 3591 740 3650 aﬂectum.

542 3686 610 3741 Et
634 3686 909 3742 occultavit
933 3704 1020 3744 eos
1046 3690 1101 3744 in
1141 3688 1237 3744 lini
1260 3690 1459 3761 stipula
1484 3692 1551 3746 ιι.
1581 3690 1890 3747 Occultavit
1946 3704 2041 3746 eos

469 3776 526 3832 in
565 3777 658 3832 lini
691 3779 890 3848 stipula
923 3796 1083 3851 quam
1114 3781 1303 3837 habuit
1334 3782 1501 3850 domi,
1529 3793 1585 3839 et
1619 3799 1688 3837 ex
1714 3799 1818 3854 qua
1849 3794 2038 3854 parata

469 3877 588 3925 erat
611 3870 690 3925 eis
712 3870 927 3927 elﬁcere
954 3872 1174 3944 byssum
1199 3889 1297 3930 ceu
1334 3874 1514 3945 dignis
1551 3875 1870 3930 indumento
1893 3891 2043 3931 sum-

472 3963 546 4018 mi
581 3963 875 4034 pontiﬁcis.
908 3963 1041 4019 Nam
1091 3981 1159 4021 ex
1186 3966 1281 4021 lini
1309 3966 1509 4039 stipula
1535 3965 1765 4023 edicitur
1818 3968 2039 4040 byssus,

472 4069 538 4108 ex
563 4068 669 4125 qua
698 4054 759 4109 ﬁt
786 4054 953 4110 vestis
974 4056 1349 4113 sacerdotalis.

543 4234 614 4291 Et
638 4235 835 4291 dimisit
857 4252 944 4291 eos
971 4253 1064 4305 per
1085 4236 1370 4307 fenestram
1401 4239 1466 4294 ¹².
1503 4238 1793 4295 Sciendum
1822 4250 1907 4297 est
1947 4242 2043 4297 do-

474 4346 623 4385 mum
657 4334 772 4399 ejus
817 4329 870 4384 in
917 4344 1072 4384 muro
1104 4328 1291 4385 luisse.
1336 4328 1548 4386 Veteris
1601 4330 1762 4401 hujus
1802 4333 2042 4387 historiae

474 4438 735 4494 germana
765 4430 893 4480 sunt
929 4438 1048 4493 quae
1095 4425 1149 4477 in
1192 4438 1334 4478 novo
1365 4431 1688 4480 testamento
1721 4424 1864 4480 facta
1894 4435 2040 4481 sunt.

477 4514 665 4571 Simile
695 4517 839 4571 enim
876 4524 958 4570 est
1000 4516 1146 4585 quod
1190 4512 1358 4569 Paulo
1394 4515 1638 4586 contigit,
1698 4515 1915 4586 quando
1946 4516 2043 4572 de-

475 4610 676 4664 missus
703 4618 786 4665 est
813 4609 867 4664 in
892 4619 1077 4679 sporta
1111 4622 1207 4678 per
1237 4623 1474 4662 murum.

552 4700 822 4771 Ejusdem.
871 4700 1162 4770 Apostolus
1210 4702 1380 4756 altera
1435 4700 1555 4756 vice
1595 4701 1848 4759 similiter
1873 4702 2048 4759 evasit

476 4794 747 4862 inimicos,
781 4803 842 4851 ut
865 4794 979 4865 ipse
1005 4796 1082 4850 ait
1109 4795 1163 4851 in
1209 4793 1447 4851 secunda
1481 4795 1546 4849 ad
1574 4794 1889 4852 Corinthios
1920 4797 2046 4867 Epi-

477 4887 617 4943 stola
649 4889 693 4920 ¹³
727 4906 741 4942 :
791 4907 810 4941 ι
849 4887 916 4942 Et
953 4902 1049 4958 per
1086 4888 1382 4946 fenestram
1422 4886 1478 4941 in
1526 4896 1708 4955 sporta
1775 4889 2046 4945 demissus

477 4998 598 5038 sum
638 4996 736 5051 per
777 4997 1016 5045 murum,
1062 4990 1119 5036 et
1154 4980 1233 5036 sic
1259 4979 1439 5050 eﬂ‘ugi.
1477 5000 1496 5034 ι
1527 4981 1766 5035 Rursum
1818 4981 1871 5034 in
1898 4981 2046 5036 Acti-

477 5078 580 5133 bus
610 5074 656 5106 “
684 5093 699 5129 :
733 5093 752 5128 ι
793 5072 1182 5130 Custodiebant
1228 5081 1406 5128 autem
1431 5081 1615 5142 portas
1642 5080 1696 5126 et
1736 5071 1824 5126 die
1860 5086 1923 5126 ac
1949 5088 2047 5129 no-

479 5176 590 5231 cte,
615 5175 674 5221 ut
701 5182 826 5222 eum
876 5165 1282 5231 interﬁcerent;
1337 5165 1671 5234 accipientes
1713 5172 1896 5220 autent
1921 5180 2047 5221 eum

481 5259 727 5329 discipuli
755 5266 934 5325 nocte,
957 5274 1056 5328 per
1078 5271 1294 5313 murum
1318 5257 1642 5314 dimiserunt
1661 5272 1808 5327 eum,
1826 5256 2053 5315 submit-

483 5360 659 5430 tentes
685 5352 739 5406 in
767 5362 970 5421 sporta.
1010 5368 1030 5402 ι

552 5443 621 5499 Et
645 5454 1043 5514 permanserunt
1071 5442 1145 5497 ibi
1195 5451 1301 5497 tres
1325 5441 1437 5497 dies
1468 5442 1533 5500 ".
1567 5442 1682 5500 Non
1715 5446 1858 5515 quod
1888 5444 2050 5501 trium

2138 3219 2290 3274 ϐολον
2320 3212 2454 3272 οὖσα
2473 3215 2571 3287 τὴς
2590 3213 2698 3267 ἀπὸ
2722 3212 2829 3265 τῶν
2862 3209 3031 3264 ἐθνῶν
3078 3207 3405 3279 Ἐκκλησίας
3426 3201 3705 3272 λεγούσηςο

2145 3330 2164 3364 ι
2196 3309 2389 3374 Στενός
2414 3325 2502 3379 μοι
2523 3308 2552 3360 ὁ
2571 3306 2755 3368 τόπος,
2781 3301 3003 3373 ποίησόν
3032 3318 3121 3372 μοι
3139 3299 3302 3352 τόπον
3328 3298 3420 3350 ἵνα
3447 3295 3657 3363 οἰκήσω.
3681 3306 3699 3340 ι

2212 3403 2328 3459 Τοῦ
2353 3399 2561 3456 αὐτοῦ.
2589 3399 2704 3452 Οὐκ
2730 3398 2794 3450 ὲκ
2819 3396 2916 3466 τῆς
2939 3392 3236 3460 δεξιώσεως
3266 3389 3437 3462 μόνης
3468 3385 3703 3449 σώζεται,

2139 3495 2275 3550 ἀλλὰ
2307 3491 2731 3567 προηγουμένως
2773 3489 2881 3544 ἀπὸ
2931 3488 3028 3559 τῆς
3052 3485 3290 3548 πίστεως
3317 3481 3415 3535 καὶ
3462 3479 3558 3550 τῆς
3584 3474 3704 3547 πρὸς

2138 3589 2230 3644 τὸν
2254 3588 2386 3642 Θεὸν
2411 3586 2723 3648 διαθέσεως.

2211 3682 2320 3736 Καὶ
2350 3681 2616 3749 ἔκρυψεν
2659 3673 2879 3740 αὐτοὺς
2924 3672 2993 3726 ἐν
3015 3668 3090 3739 τῇ
3137 3664 3537 3734 λινοκαλάμῃ.
3591 3659 3705 3721 Τοῖς

2143 3775 2320 3844 ξύλοις
2353 3773 2550 3836 αὐτοὺς
2575 3769 2776 3843 ἔκρυψε
2802 3767 2902 3837 τῆς
2932 3763 3298 3834 λινοκαλάμης
3322 3756 3408 3826 οἷς
3444 3754 3581 3829 εἶχεν
3621 3753 3704 3807 ἐπὶ

2141 3866 2234 3921 τοῦ
2272 3864 2522 3936 δώματος
2572 3859 2931 3945 ἑτοιμάζουσα
2960 3851 3308 3945 ’ἐργάζεσθαι
3367 3848 3468 3920 τὴν
3524 3844 3703 3945 ptiust:

2143 3958 2326 4018 αὐτοῖς
2454 3926 2625 4018 ἀξίοις
2657 3926 2807 4002 οὖσιν
2856 3942 3150 4012 ἐνδύματος
3205 3930 3609 4009 ἀρχιερατικοῦ.
3649 3926 3704 4019 ᾟ

2144 4050 2252 4121 γὰρ
2280 4044 2616 4114 λινοκαλάμη
2654 4041 2794 4094 ποιεῖ
2820 4036 2918 4111 τὴν
2948 4034 3141 4106 βύσσον
3169 4029 3230 4097 ἐξ
3257 4025 3325 4103 ἧς
3357 4027 3422 4081 τὸ
3453 4018 3708 4096 ἱερατικὸν

2145 4141 2347 4211 ἔνδυμα
2369 4138 2600 4207 γίνεται.

2215 4201 2326 4287 Καὶ
2343 4201 2759 4298 actatedean
2772 4220 2993 4287 αὐτοὺς
3012 4217 3110 4271 διὰ
3127 4215 3236 4283 τῆς
3249 4210 3509 4281 θυρίδος.
3527 4201 3705 4260 ’ἰστέον

2149 4325 2230 4378 ὅτι
2264 4324 2293 4376 ὁ
2333 4297 2675 4387 οἷκοςίαύτῆς
2702 4317 2759 4368 ὲν
2780 4311 2858 4383 τῷ
2900 4310 3069 4379 τείχει
3093 4302 3181 4376 ἦν.
3221 4300 3453 4370 ’Δδελφὰ
3482 4297 3706 4387 τῆς-πα-

2148 4416 2306 4479 λαιᾶς
2354 4412 2421 4469 τὰ
2460 4409 2559 4464 νέα
2581 4425 2596 4437 ·
2634 4384 2830 4478 Ἵδμοιον
2858 4401 2966 4473 γάρ
2994 4402 3109 4453 ἐστι
3155 4396 3218 4449 τὸ
3254 4393 3347 4447 ἐπὶ
3367 4390 3462 4444 τοῦ
3487 4384 3706 4448 Παύλου,

2146 4509 2236 4562 ὅτε
2285 4503 2554 4574 ὲχάλασαν
2579 4497 2741 4552 αὑτὸν
2763 4496 2821 4549 έν
2849 4490 3094 4564 σαργάνῃ
3110 4486 3199 4541 διὰ
3221 4485 3316 4539 τοῦ
3347 4482 3578 4552 τείχους.

2224 4687 2337 4743 Τοῦ
2351 4683 2556 4739 αὐτοῦ.
2593 4682 2650 4735 Ὁ
2684 4675 3006 4738 Ἀπόστολος
3024 4671 3274 4741 δεύτερον
3289 4665 3467 4736 ἐσώθη
3487 4661 3591 4717 ἀπὸ
3610 4656 3708 4713 τῶν

2148 4779 2357 4854 ἐχθρῶν
2381 4775 2770 4849 ὁμοιοτρόπως,
2820 4771 2897 4835 ὣς
2929 4782 3092 4840 φησιν
3119 4767 3177 4818 ὲν
3213 4765 3280 4833 τῇ
3324 4750 3709 4854 δευτέραπρδς

2148 4845 2468 4946 Κορινθίους
2516 4845 2681 4924 αύτοῦ
2720 4864 3035 4935 Ἐπιστολῇ·
3087 4880 3107 4911 ι
3143 4857 3253 4913 Καὶ
3302 4854 3398 4946 διὰ.
3418 4849 3633 4946 θυρίδος
3656 4845 3709 4896 ὲν

2152 4941 2395 5036 σαργάνῃ
2424 4958 2726 5033 ἐχαλάσθην
2753 4953 2843 5009 διὰ
2865 4951 2960 5006 τοῦ
2984 4951 3217 5020 τείχους,
3245 4946 3341 5000 καὶ
3384 4941 3669 5036 έξέφυγονη
3688 4949 3708 4984 s

2151 5023 2321 5112 Πάλιν
2342 5023 2399 5109 ιζ
2423 5023 2542 5116 ταῖς
2568 5023 2833 5121 Πράξεσι·
2870 5065 2888 5098 ι
2929 5037 3343 5113 Παρετηροῦντο
3382 5035 3439 5087 δὲ
3494 5030 3587 5085 καὶ
3621 5023 3710 5121 τᾲς

2153 5149 2328 5212 πύλας
2352 5146 2561 5223 ἡμέρας
2584 5119 2678 5198 καὶ
2703 5139 3066 5205 νυκτὸς,ὅπως
3089 5133 3250 5226 αύτδν
3273 5129 3518 5226 ἀνέλωσιο
3538 5119 3712 5226 1166+-

2154 5259 2248 5306 τες
2272 5241 2330 5295 δὲ
2349 5215 2406 5293 οἶ
2427 5215 2664 5310 μαθηταὶ
2691 5231 2856 5290 αὐτοῦ
2876 5230 3088 5293 νυκτὸς,
3124 5224 3217 5279 τοῦ
3243 5222 3450 5295 τείχους
3483 5215 3714 5285 καθῆκαν

2158 5332 2341 5398 αὑτὸν,
2367 5330 2699 5402 χαλάσαντες
2718 5327 2777 5379 ὲν
2802 5322 3038 5396 σπυρίδι.
3082 5337 3102 5371 ι

2228 5446 2339 5499 Kal
2384 5442 2739 5513 κατέμειναν
2781 5435 2915 5492 ἐκεῖ
2963 5430 3120 5503 τρεῖς
3160 5429 3406 5503 ἡμέρας.
3478 5415 3716 5513 Ούχηὸτι

482 5508 695 5595 dierum
728 5546 874 5594 esset
910 5537 1047 5604 iter;
1105 5535 1329 5595 omnino
1372 5538 1518 5595 enim
1562 5508 1816 5597 Iordanis
1843 5538 2039 5595 vicinus

2157 5537 2323 5611 τριῶν
2349 5508 2572 5610 ἡμερῶν
2594 5529 2662 5606 ἦν
2701 5534 2736 5605 ἡ
2764 5529 2881 5594 ὁδός
2899 5546 2914 5560 ·
2948 5525 3089 5581 πάνυ
3139 5521 3251 5594 γὰρ
3274 5514 3496 5589 πλησίον
3522 5511 3551 5563 ό
3597 5508 3717 5577 Ἰορ-

555 5754 575 5785 τ
600 5750 713 5810 los.
750 5769 789 5818 ι,
819 5752 875 5807 2.
953 5752 976 5787 ³
1005 5750 1160 5815 ibid.,
1192 5749 1247 5805 3.
1358 5751 1379 5783 ’
1407 5747 1586 5819 Jos.it,
1616 5752 1668 5809 l.

488 5825 532 5859 “
563 5829 683 5883 Act.
712 5841 788 5894 ιι,
816 5825 907 5895 24,
940 5824 1029 5880 25.
1102 5824 1143 5857 "
1184 5821 1292 5880 Jos.
1325 5836 1386 5891 ιι,
1426 5819 1515 5876 2‘2.

1786 5752 1826 5786 ¹⁶
1849 5750 1955 5811 lsa.
1994 5766 2039 5807 ιιι

2168 5704 2259 5805 eo.
2366 5745 2405 5779 ι·
2450 5742 2559 5801 tos.
2591 5757 2652 5808 ιι,
2678 5738 2732 5795 6.
2810 5738 2852 5771 ι’
2877 5730 3149 5802 ibid.,15.
3228 5723 3273 5757 ιι
3310 5720 3354 5778 ιι
3378 5719 3499 5777 Cor.
3532 5708 3715 5779 mea.
3976 5672 3977 5757 ι

2412 5807 2425 5819 ⁵
3976 5820 3977 5849 i
