4050 6148
503 313 607 372 82!

1673 313 1980 372 SELECTA
2008 317 2075 371 IN
2105 315 2325 373 JESUM
2351 316 2556 371 NAVE.

3647 311 3752 368 82%

501 427 669 498 δὰνης
707 425 808 496 τῆς
867 426 1096 499 Ἰεριχὼ,
1154 429 1288 482 ἀλλὰ
1320 428 1408 484 διὰ
1447 431 1543 502 τὴν
1580 431 1688 485 τῶν
1722 433 2080 487 κατασκόπων

2191 442 2273 488 est
2304 432 2545 498 Jericho,
2586 430 2680 487 sed
2731 438 2948 501 propter
2994 429 3396 500 exploratorum
3440 436 3754 484 accuratam

502 518 702 590 ἀκριϐῆ
738 517 1002 583 ἐξέτασιν.
1042 539 1062 571 ι
1109 521 1408 594 Ἐζήτησαν
1453 522 1581 593 γὰρ,
1614 525 1799 596 φησιν,
1826 528 1873 578 οἱ
1916 543 2084 580 κατα-

499 606 788 670 διώκοντες
826 607 1005 673 πάσας
1028 609 1124 672 τὰς
1151 610 1321 674 ὁδοὺς,
1354 612 1447 664 καὶ
1473 613 1571 682 οὐχ
1600 607 1778 682 εὗρον.
1817 633 1835 665 ι

579 698 852 768 Τετρακις
869 700 1066 768 μύριοι
1088 701 1342 761 εὔζωνοι.
1397 703 1740 775 Σημειωτέον
1794 707 1874 758 ὅτι
1911 707 1943 776 ἡ
1998 724 2084 760 τε-

498 790 658 863 τρὰς,
685 791 792 845 εἴτε
846 792 1106 864 μονάδων,
1159 795 1269 847 εἴτε
1323 796 1706 862 ἐκατοντάδων,
1757 797 1865 850 εἴτε
1895 798 2080 870 ἐτέρου

502 884 746 950 πλείονος
770 885 894 956 ἁριθ
905 885 1029 956 μοῦ,
1057 886 1148 939 ἐπὶ
1179 884 1472 951 κακώσεως
1499 891 1690 942 κεῖται.

575 1077 843 1144 Ποίησόν
863 1090 960 1128 σοι
980 1076 1276 1145 μαχαίρας
1295 1079 1574 1145 πετρίνας
1595 1077 1663 1130 ἐκ
1680 1076 1898 1145 πέτρας
1913 1080 2085 1148 ἀκρο-

503 1169 710 1236 τόμου.
737 1166 1006 1235 Ζητητέον
1055 1167 1141 1220 διὰ
1166 1168 1219 1220 τί
1266 1169 1325 1221 οὐ
1361 1169 1807 1242 περιετμήθησαν
1838 1172 1888 1224 οἱ
1933 1173 1990 1225 ἐν
2015 1175 2081 1243 τῇ

504 1259 696 1330 ἐρήμῳ
741 1258 1060 1328 τεχθέντες·
1113 1260 1146 1332 ἢ
1196 1259 1283 1313 διὰ
1327 1260 1380 1312 τί
1410 1260 1487 1331 τῷ
1539 1262 1801 1335 Σαϐϐάτῳ
1846 1282 1928 1328 τις
1953 1263 2084 1328 ξύλα

504 1348 761 1416 συλλέξας
789 1351 882 1402 ἐπὶ
935 1351 1212 1416 Μωῦσέως
1265 1354 1328 1405 ἐκ
1361 1355 1781 1426 προστάγματος
1823 1357 1958 1410 Θεοῦ
2005 1359 2084 1411 λι-

504 1439 791 1504 θόλευστος
815 1441 1025 1510 γέγονε.
1074 1443 1337 1499 Τοσοῦτον
1373 1445 1430 1499 δὲ
1464 1446 1664 1518 πλῆθος
1711 1448 2083 1522 ὰπερίτμητον

505 1531 817 1602 μεμενηκὸς
840 1534 897 1585 ἐν
923 1536 988 1604 τῇ
1041 1535 1231 1606 ἐρήμῳ
1269 1536 1389 1589 οὐδὲ
1442 1537 1720 1610 ἐμέμφθη,
1767 1541 1944 1593 καίτοι
1987 1542 2081 1595 τοῦ

501 1623 638 1677 Θεοῦ
663 1624 762 1695 μὲν
776 1625 1198 1698 ἀποφηναμένου
1217 1628 1656 1701 ἐξολοθρεύεσθαι
1676 1631 1774 1704 τὴν
1787 1633 1963 1706 ψυχὴν
1983 1636 2083 1707 τὴν

505 1716 581 1786 μὴ
634 1718 1044 1789 περιτμημένην
1091 1721 1156 1791 τῇ
1203 1722 1386 1793 ἡμέρᾳ
1430 1725 1495 1795 τῇ
1545 1723 1725 1796 ὀγδόῃ,
1788 1725 1970 1779 οὐκέτι
2025 1727 2081 1780 δὲ

501 1807 599 1860 ἐπὶ
635 1808 741 1860 τῶν
771 1809 1220 1880 παραϐαινόντων
1267 1813 1326 1866 τὸ
1353 1814 1626 1869 Σάϐϐατον
1669 1816 1827 1870 τοῦτο
1849 1818 2082 1889 ὡρίσαν-
2112 1796 2154 1851 Β

501 1914 613 1961 τος.
646 1899 786 1971 Ἤδη
818 1901 916 1972 μὲν
939 1897 1031 1956 οὖν
1063 1904 1157 1957 καὶ
1182 1905 1404 1959 αὐτόθεν
1427 1906 1666 1979 εὔδηλον,
1697 1910 1778 1962 ὅτι
1811 1912 2080 1983 περιτομὴ

504 1991 597 2042 καὶ
619 1991 892 2045 Σάϐϐατον
920 1995 1018 2047 ούκ
1040 1996 1177 2049 αὐτὰ
1202 1997 1322 2049 καθ’
1351 1999 1518 2053 ἐαυτὰ
1550 2000 1709 2065 καλὰ,
1729 2001 1864 2056 ἀλλὰ
1893 2003 2080 2076 ἐπειδὴ

503 2084 642 2154 πρὸς
675 2085 862 2157 καιρὸν
884 2089 1300 2171 ἐχρησίμευσεν.
1340 2092 1536 2144 Ἰστέον
1559 2092 1616 2146 δὲ
1636 2093 1716 2146 ὅτι
1742 2093 1969 2165 σημείου
1987 2097 2083 2164 χά-

505 2192 588 2248 ριν
617 2176 705 2231 διὰ
725 2179 825 2250 τῆς
857 2184 1159 2254 περιτομῆς
1186 2184 1446 2258 ἐϐουλήθη
1481 2187 1859 2259 γνωρίζεσθαι,
1879 2191 2103 2244 καὶούκ·

502 2268 900 2340 ἀνασχομένους
916 2272 1023 2325 ἀπὸ
1041 2273 1272 2338 πίστεως
1290 2275 1597 2344 φαίνεσθαι,
1610 2276 1685 2341 ὼς
1700 2279 1944 2350 πρόϐατα
1957 2280 2081 2334 ἄλο-

501 2376 572 2427 γα
598 2360 674 2431 τῷ
712 2364 946 2436 καυτῆρι
967 2366 1070 2420 κᾶν
1092 2366 1361 2438 πλανηθῇ,
1388 2368 1574 2438 ραδίαν
1618 2368 1730 2440 ἔχει
1757 2371 1852 2443 τὴν
1885 2371 2080 2425 ἑαυτοῦ

501 2449 756 2524 εὕρεσινο
815 2454 956 2509 οὕτω
977 2457 1101 2522 τοὺς
1152 2459 1433 2524 Ἰουδαίους
1483 2463 1941 2534 ἐπιμιγνυμένους
1970 2467 2082 2530 τοῖς

500 2546 708 2600 Uvae-tv
733 2549 840 2602 ἀπὸ
868 2550 966 2620 τῆς
987 2554 1284 2624 περιτομῆς
1314 2556 1579 2625 φανεροὺς
1611 2553 1750 2610 εἶναι
1782 2557 2078 2628 βουληθείς.

501 2640 612 2691 Καὶ
641 2641 828 2694 τούτου
861 2643 1134 2709 ἀπόδειξις
1163 2646 1223 2698 τὸ
1254 2648 1311 2698 ἐν
1346 2647 1445 2717 μὲν
1482 2651 1546 2720 τῇ
1573 2650 1830 2722 Αἰγύπτῳ
1863 2653 2081 2724 περιτέ-

504 2731 728 2799 μνεσθαι
762 2734 957 2798 αὐτοὺς
979 2775 994 2799 ,
1032 2737 1088 2789 ἐν
1112 2736 1167 2789 δὲ
1194 2740 1257 2808 τῇ
1290 2739 1479 2811 ἐρήμῳ
1500 2779 1514 2803 ,
1547 2741 1732 2814 ἐπειδὴ
1769 2742 1916 2813 μόνοι
1944 2739 2082 2814 ἦσαν

500 2822 595 2876 καὶ
623 2825 933 2893 Αἰγυπτίων
975 2832 1369 2902 κεχωρισμένοι
1407 2832 1500 2885 καὶ
1543 2832 1651 2887 τῶν
1699 2833 1873 2889 ἄλλων
1913 2835 2083 2890 ἐθνῶν

499 2917 607 2970 τῶν
640 2919 781 2973 κατὰ
813 2920 1178 2994 Παλαιστίνην
1199 2963 1213 2987 ,
1245 2926 1650 2997 ἀπεριτμήτους
1688 2930 2081 3002 μεμενηκέναι.

505 3011 633 3064 Ὅτε
665 3011 719 3064 δὲ
755 3015 1111 3084 παρελθόντες
1133 3015 1222 3069 τὸν
1257 3017 1524 3090 Ἰορδάνην
1573 3020 1795 3092 ἔμελλον
1839 3024 1896 3076 ἐν
1934 3025 2082 3096 μέσῳ

2187 525 2683 596 investigationem.
2727 540 2745 572 ι
2783 520 3171 590 Exquisierunt
3203 521 3367 587 enim,
3394 519 3568 589 inquit
3596 518 3661 582 ’°,
3715 519 3752 573 ii

2184 616 2273 687 qui
2300 615 2784 685 persequebantur,
2807 630 2995 670 omnes
3017 616 3209 678 vias,et
3233 631 3338 669 non
3364 615 3703 668 invenerunt.
3729 630 3748 664 ι

2257 707 2626 776 Quadraginta
2653 707 2794 760 mille
2822 707 2946 760 bene
2991 708 3214 761 accincti
3241 705 3306 759 π.
3347 705 3752 761 Observandum

2185 810 2268 854 est
2336 799 2693 867 quaternioue
2745 798 2860 852 sive
2905 799 3212 863 unitatum,
3286 799 3400 852 sive
3458 795 3754 851 centenarii

2185 899 2278 944 aut
2328 890 2555 944 alterius
2600 888 2825 958 majoris
2871 891 3104 954 numeri,
3150 887 3554 945 infestationem
3609 887 3754 943 desi-

2185 982 2357 1050 gnarL

2219 1130 2222 1134 ,
2255 1072 2370 1126 Fac
2408 1073 2502 1127 tibi
2545 1071 2744 1126 cultros
2790 1075 3020 1142 petrinos
3046 1071 3110 1125 de
3143 1081 3288 1140 petra
3317 1082 3470 1125 acuta
3502 1071 3567 1126 ¹³.
3599 1069 3756 1138 Qua:-

2185 1167 2410 1220 rendum
2445 1175 2527 1220 est
2589 1180 2688 1219 cur
2715 1163 3022 1219 circumcisi
3067 1179 3172 1218 non
3199 1163 3399 1219 fuerint
3427 1165 3517 1232 qui
3568 1163 3620 1217 in
3657 1163 3754 1217 de-

2184 1267 2332 1312 serto
2362 1257 2472 1310 nati
2504 1264 2652 1321 sunt,
2680 1267 2773 1311 aut
2798 1272 2895 1311 cur
2923 1256 3012 1326 qui
3040 1257 3258 1310 vivente
3287 1255 3470 1325 Moyse
3495 1255 3640 1325 ligna
3671 1256 3757 1309 die

2185 1349 2408 1406 Sahbali
2436 1350 2748 1421 collegerat,
2768 1350 2922 1421 jussu
2952 1351 3044 1406 Dei
3066 1350 3335 1419 lapidatus
3357 1351 3448 1415 sit,
3479 1359 3627 1404 tanta
3660 1365 3758 1404 au-

2185 1452 2291 1498 tem
2326 1443 2609 1498 multitudo
2665 1459 2784 1513 quae
2841 1442 3225 1500 incircumcisa
3285 1452 3658 1513 permanserat
3702 1443 3754 1497 in

2184 1537 2418 1602 deserto,
2449 1553 2515 1591 ne
2547 1537 2832 1606 objurgata
2862 1536 3078 1606 quidem
3139 1535 3231 1600 sit,
3291 1534 3415 1590 licet
3453 1533 3596 1590 Deus
3646 1534 3758 1602 jam

2182 1631 2535 1686 exterminari
2584 1631 2928 1700 praecepisset
2951 1630 3184 1683 animam
3217 1643 3336 1698 quae
3385 1643 3490 1683 non
3526 1629 3761 1684 circum-

2184 1724 2456 1778 cideretur
2508 1730 2699 1776 octava
2761 1721 2870 1787 die,
2915 1720 3090 1775 eidem
3150 1734 3280 1774 vero
3315 1733 3490 1789 poenae
3520 1719 3755 1773 nondum

2184 1831 2276 1871 eos
2297 1815 2595 1871 addixisset
2621 1815 2712 1884 qui
2737 1813 3034 1868 Sabbatum
3062 1812 3596 1882 transgrederentur.
3621 1811 3759 1867 flinc

2184 1911 2348 1981 igitur
2375 1908 2542 1978 liquet
2569 1907 3039 1963 circumcisionem
3089 1914 3143 1960 et
3174 1904 3466 1961 Sabhatum
3503 1919 3608 1959 non
3640 1917 3760 1958 esse

2183 2019 2280 2075 per
2331 2017 2392 2058 se
2439 2005 2599 2068 bona,
2627 2004 2720 2058 sed
2750 2002 2872 2056 ideo
2900 2002 3037 2055 bona
3069 2000 3199 2070 quia
3249 1999 3313 2055 ad
3363 2009 3574 2068 tempus
3607 1998 3758 2052 utilia

2185 2097 2423 2151 fuerunt.
2459 2094 2749 2151 Sciendum
2784 2101 2869 2150 est
2904 2108 3030 2147 eum
3063 2093 3128 2146 ad
3158 2092 3330 2147 instar
3362 2091 3497 2162 signi
3523 2091 3760 2146 circum-

2181 2190 2387 2245 cisione
2429 2197 2484 2244 et
2513 2202 2618 2242 non
2663 2185 2776 2242 sola
2816 2186 2923 2240 fide
2968 2184 3207 2241 voluisse
3254 2183 3372 2238 illos
3410 2181 3666 2246 discerni,
3700 2191 3760 2236 ut

2183 2281 2634 2350 quemadmodum
2659 2293 2856 2348 pecora
2881 2275 3279 2331 irrationabilia
3302 2275 3496 2346 quibus
3518 2274 3760 2329 canden-

2185 2374 2254 2428 tis
2307 2371 2434 2427 ferri
2489 2381 2614 2426 nota
2653 2373 2830 2426 inusta
2875 2377 2978 2435 est,
3034 2367 3209 2435 facile,
3255 2367 3468 2423 etiamsi
3532 2381 3757 2421 errave-

2183 2465 2310 2530 rint,
2343 2463 2504 2536 395
2530 2464 2892 2535 reperiuntur,
2921 2462 2994 2515 ita
3024 2459 3190 2516 Judaei
3221 2461 3472 2530 gentibus
3504 2459 3752 2529 permisti

2185 2561 2598 2617 circumcisione
2647 2556 2922 2614 manifesti
2963 2556 3176 2612 fierent.
3239 2556 3410 2626 Hujus
3461 2557 3540 2611 rei
3588 2571 3758 2627 argu-

2184 2663 2369 2709 mento
2402 2661 2484 2708 est
2513 2652 2654 2722 quod
2687 2652 2738 2705 in
2773 2649 3007 2722 Aigypto
3036 2650 3251 2721 quidem
3287 2649 3758 2704 circumcisionem

2185 2746 2532 2815 acceperint,
2579 2747 2632 2798 in
2667 2744 2884 2798 deserto
2915 2759 3046 2800 vero
3087 2742 3339 2811 quoniam
3388 2741 3484 2796 soli
3519 2750 3672 2796 erant
3704 2749 3760 2795 et

2186 2837 2252 2891 ab
2297 2835 2572 2906 Egyptiis
2625 2833 2852 2902 aliisque
2921 2833 3224 2889 Palaestinae
3264 2833 3455 2889 vicinis
3510 2833 3763 2904 gentibus

2185 2928 2442 2997 separati,
2483 2927 2844 2982 incircumcisi
2875 2926 3293 2995 permanserint.
3315 2925 3542 2992 Quando
3573 2935 3753 2980 autem

2184 3017 2475 3074 Jordanem
2522 3018 2845 3087 transgressi
2891 3018 2944 3073 in
3000 3018 3180 3074 medio
3224 3017 3757 3089 gentiumyersaturi

499 3097 637 3156 εἶναι
665 3104 772 3158 τῶν
795 3105 985 3171 ἐθνῶν,
1005 3104 1160 3174 αὖθις
1185 3111 1632 3184 προσετάχθησαν
1651 3116 2074 3188 περιτμηθῆναι.

2184 3117 2359 3176 erant,
2381 3125 2570 3165 rursus
2603 3109 2916 3164 circumcidi
2963 3107 3240 3174 iubentur.
3278 3108 3636 3174 Quamobrem
3674 3123 3760 3164 se-

499 3193 697 3268 Διόπερ
729 3199 793 3250 ἐκ
838 3199 1089 3272 δευτέρου
1121 3197 1293 3264 εἶπεν,
1328 3203 1408 3256 ὅτι
1440 3205 1540 3258 οὐκ
1576 3207 1951 3282 όκταημέρους
1983 3225 2079 3262 πε-

503 3287 877 3358 ριετέμνοντο,
905 3289 1018 3343 ἀλλ’
1050 3291 1406 3363 ἁνδροθέντας
1433 3295 1556 3366 ἤδη,
1593 3297 1686 3352 καὶ
1724 3299 1860 3368 πρὸς
1900 3299 2079 3371 γῆράς

497 3395 650 3442 τινας
674 3382 1014 3448 νενευκότας.
1050 3384 1112 3436 Ἠ
1139 3384 1194 3436 δὲ
1217 3386 1445 3458 πετρίνη
1483 3388 1727 3461 μάχαιρα
1758 3389 1846 3444 τὸν
1875 3392 2077 3463 Κύριον

500 3471 629 3540 ἡμῖν
659 3472 806 3544 δηλοῖ
827 3474 916 3528 τὸν
940 3475 1036 3546 τὴν
1061 3476 1254 3548 νοητὴν
1286 3477 1440 3532 δόντα
1471 3482 1602 3552 ἡμῖν
1633 3483 1951 3554 περιτομὴν,
1979 3484 2078 3556 τὴν

500 3569 580 3630 εἰς
613 3568 735 3620 νοῦν
760 3571 854 3624 καὶ
881 3572 1126 3644 καρδίαν.
1163 3577 1262 3628 Διὰ
1293 3577 1449 3630 τοῦτο
1491 3577 1599 3649 γὰρ
1632 3581 1727 3632 καὶ
1757 3581 1786 3631 ὁ
1825 3581 2078 3635 Ἀπόστο-

500 3659 589 3722 λος
613 3662 748 3731 ἡμῖν
782 3661 936 3732 ἔλεγε
979 3669 1279 3740 περιτομὴν
1311 3669 1403 3724 τοῦ
1447 3671 1715 3742 Χριστοῦ,
1763 3674 1863 3727 οὐκ
1910 3674 1970 3728 ὲν
2011 3678 2076 3747 τῇ

500 3756 794 3812 ἀπεκδύσει
817 3760 915 3831 τῆς
943 3763 1145 3833 σαρκὸς
1173 3764 1348 3835 ἡμῶν.

585 3849 730 3919 Ἐγὼ
767 3853 1238 3924 ἀρχιστράτηγος
1257 3855 1363 3924 τῆς
1386 3855 1691 3926 δυνάμεως
1707 3859 1950 3926 Κυρίου,
1963 3859 2080 3914 νῦν

502 3943 892 4013 παραγέγονά.
935 3947 1259 4017 Μεμνῆσθαι
1298 3949 1377 4002 δεῖ
1402 3949 1483 4002 ὅτι
1527 3949 1690 4020 ἡνίκα
1715 3951 2078 4023 ἐμοσχοποίη-

501 4051 618 4092 σαν.
641 4038 669 4088 ό
699 4036 830 4100 Θεὸς
860 4037 936 4108 τῷ
961 4039 1186 4094 Μωῦσεῖ
1209 4046 1478 4113 φησινβτι
1499 4061 1517 4095 ι
1552 4042 1821 4111 Ἀνάγαγε
1834 4041 1924 4095 τὸν
1951 4041 2079 4097 λαὸν

497 4127 705 4190 τοῦτον,
733 4129 792 4180 ού
821 4129 928 4200 γὰρ
961 4129 1033 4199 μὴ
1066 4131 1344 4186 συναναϐῶ
1368 4131 1454 4184 διὰ
1485 4132 1546 4184 τὸ
1571 4131 1662 4185 τὸν
1685 4131 1812 4187 λαὸν
1845 4133 2077 4206 σκληρο-

498 4220 765 4292 τράχηλον
796 4218 948 4275 εἶναι.
985 4223 1095 4276 Καὶ
1134 4224 1243 4277 ἰδοὺ
1284 4223 1567 4278 ἀποστελῶ
1590 4225 1682 4279 τὸν
1714 4226 1946 4295 ἄγγελόν
1976 4245 2078 4298 μου

501 4312 606 4384 πρὸ
648 4313 938 4385 προσώπου
975 4332 1088 4369 σου.
1135 4317 1375 4388 Πρόσεχε
1425 4311 1518 4371 οὗν
1563 4317 1774 4388 σεαυτῷ
1797 4358 1812 4383 ,
1854 4320 1948 4372 καὶ
2003 4321 2077 4392 μὴ

498 4405 728 4459 ἁπείθει.
774 4426 793 4458 ›
838 4405 897 4459 '0
920 4409 976 4461 δὲ
1007 4409 1246 4480 Μωῡσῆς
1279 4409 1414 4480 πρὸς
1443 4410 1604 4463 αὐτόν
1631 4427 1820 4480 φησιν*
1854 4430 1872 4462 ι
1903 4412 1966 4464 Εἰ
2001 4413 2075 4484 μὴ

2180 3206 2358 3258 cundo
2423 3203 2553 3257 dicit
2627 3217 2736 3256 non
2807 3201 3042 3256 infantes
3099 3203 3270 3256 solum
3341 3209 3466 3254 octo
3520 3199 3753 3263 dierum,

2178 3293 2274 3353 sed
2333 3293 2481 3348 viros
2542 3290 2814 3363 perfectos
2867 3299 2923 3345 et
2971 3291 3238 3359 quosdam
3303 3289 3466 3343 etiam
3536 3285 3604 3340 ad
3657 3300 3759 3341 se-

2179 3393 2450 3440 nectutem
2482 3394 2772 3454 vergentes
2809 3381 3159 3437 circumcisos
3208 3379 3392 3434 fuisse.
3439 3377 3626 3433 Culter
3654 3392 3751 3447 pe-

2182 3479 2357 3532 trinus
2387 3477 2671 3531 Dominum
2701 3476 2973 3546 significat
2999 3473 3092 3544 qui
3129 3471 3426 3543 spiritalem
3469 3471 3624 3526 nobis
3650 3472 3760 3524 cir-

2181 3571 2568 3627 cumcisionem
2616 3572 2812 3625 mentis
2863 3579 2918 3626 et
2985 3568 3164 3624 cordis
3226 3565 3393 3622 dedit.
3445 3563 3570 3619 Ideo
3611 3566 3758 3619 enim

2181 3662 2468 3732 Apostolus
2499 3663 2540 3695 ¹⁹
2575 3676 2792 3730 quoque
2831 3658 3298 3716 circumcisionem
3332 3663 3488 3711 vocat
3531 3654 3756 3724 Christi,

2180 3769 2288 3808 non
2321 3755 2374 3807 in
2408 3753 2796 3824 exspoliatione
2828 3750 3011 3807 carnis
3043 3758 3260 3806 nostrae.

2256 3844 2366 3914 Ego
2412 3861 2528 3898 sum
2568 3845 2807 3912 princeps
2844 3843 3052 3895 militia:
3089 3841 3295 3895 virtutis
3328 3841 3578 3896 Domini:
3619 3856 3756 3895 nunc

2180 3937 2366 3990 adveni
2397 3937 2465 3990 ὀ.
2495 3934 2804 3989 Meminisse
2849 3940 3061 4002 oportet
3085 3972 3100 3994 ,
3148 3932 3362 4000 quando
3389 3929 3758 3986 conflaverunt

2181 4027 2409 4082 vitulum
2438 4068 2454 4095 ,
2485 4039 2612 4082 tunc
2640 4026 2808 4081 Deum
2858 4023 3027 4096 Moysi
3072 4023 3252 4078 dicere
3285 4024 3328 4057 ²¹
3354 4038 3369 4077 :
3404 4043 3423 4077 ι
3454 4022 3635 4079 Deduc
3661 4037 3759 4092 po-

2179 4121 2362 4193 pulum
2391 4121 2574 4185 istum,
2600 4134 2706 4174 non
2729 4119 2872 4174 enim
2901 4117 3060 4173 simul
3089 4117 3401 4183 ascendam,
3432 4117 3557 4187 quia
3589 4132 3756 4188 popu-

2180 4215 2263 4270 lus
2288 4215 2421 4269 dura
2455 4213 2667 4269 cervice
2691 4223 2791 4268 est.
2819 4213 3033 4287 Et‘ecce
3062 4212 3274 4267 mittam
3294 4210 3543 4281 angelum
3575 4225 3755 4266 meum

2180 4317 2305 4362 ante
2323 4307 2513 4362 faciem
2545 4315 2710 4360 tuam.
2736 4305 2967 4360 Attende
2994 4319 3124 4374 ergo
3153 4305 3270 4369 tibi,
3295 4319 3393 4360 nec
3418 4313 3534 4359 esto
3559 4304 3753 4359 inohe-

2181 4400 2356 4453 diens.
2407 4416 2426 4449 ι
2493 4395 2592 4451 Cui
2635 4396 2847 4468 Moyses
2897 4399 3184 4466 respondet
3221 4397 3264 4426 ”
3307 4412 3321 4448 :
3367 4412 3386 4446 ι
3430 4394 3487 4448 Si
3539 4409 3645 4448 non
3697 4403 3755 4448 tu

500 4500 796 4572 συνανέρχῃ
836 4502 994 4571 ἡμῖν,
1035 4503 1107 4573 μή
1160 4519 1226 4572 με
1271 4502 1552 4576 ἀναγάγῃς
1592 4503 1862 4559 ἐντεῦθεν.
1905 4522 1924 4556 ι
1963 4483 2075 4559 Καί

2183 4491 2294 4560 ipse
2331 4487 2486 4543 simul
2529 4489 2743 4544 veneris
2769 4528 2784 4553 ,
2824 4503 2891 4542 ne
2943 4503 3028 4541 me
3081 4488 3280 4541 educas
3312 4485 3460 4541 hinc.
3494 4503 3512 4537 I
3547 4483 3755 4550 Quibus

495 4590 652 4645 τοῦτο
675 4591 842 4645 εἰπὼν
872 4592 1055 4646 ἔπεισε
1078 4611 1091 4624 ·
1129 4594 1222 4648 καὶ
1246 4589 1313 4665 ῆν
1351 4594 1487 4664 μετὰ
1521 4594 1614 4648 τοῦ
1654 4595 1805 4662 λαοῦ,
1834 4596 1936 4660 ἕως
1973 4597 2072 4668 τῆς

494 4681 749 4752 τελευτῆς
791 4685 1019 4754 Μωῦσῆ.
1069 4687 1222 4740 Μετὰ
1273 4687 1329 4740 δὲ
1366 4687 1465 4758 τὴν
1516 4686 1703 4740 τούτου
1750 4687 2069 4757 ἀποϐίωσιν,

497 4771 743 4840 φαίνεται
795 4773 894 4844 μὲν
935 4775 1029 4829 καὶ
1076 4775 1380 4846 διαλέγεται
1422 4776 1500 4848 τῷ
1545 4776 1640 4830 τοῦ
1673 4776 1825 4850 Ναυῆ
1873 4777 2067 4850 Ἰησοῦ.

495 4864 651 4917 Μετὰ
670 4864 800 4932 γοῦν
831 4866 931 4938 τὴν
954 4869 1273 4923 ἐπιστασίαν
1301 4868 1394 4922 τοῦ
1422 4869 1552 4923 λαοῦ
1585 4870 1666 4934 είς
1695 4869 1788 4923 τὸν
1824 4870 2073 4943 μαθητὴν

493 4957 772 5021 Μωῦσέως
842 4958 1026 5012 λοιπὸν
1101 4961 1464 5031 παραδίδωσιν
1530 4962 1690 5016 αὑτὸν
1749 4961 1829 5033 τῷ
1913 4961 2070 5034 ἀρχι-

494 5052 786 5122 στρατήγῳ
827 5052 907 5122 τῷ
952 5054 1190 5124 Μιχαὴλ.
1231 5047 1396 5116 Οῦτος
1435 5049 1502 5125 ῆν
1553 5055 1733 5126 ἄρχων
1775 5055 1870 5110 τοῦ
1903 5054 2068 5120 λαοῦ,

492 5144 568 5209 ὡς
605 5146 664 5199 ἐν
694 5145 774 5217 τῷ
809 5145 1005 5217 Δανιὴλ
1043 5147 1290 5215 φαίνεται
1326 5145 1497 5214 λέγων
1536 5147 1721 5218 ἔτερος
1757 5147 2005 5217 ἄγγελος.

560 5259 952 5329 Πορευόμενοι
977 5259 1075 5314 καὶ
1109 5258 1520 5326 σαλπίζοντες.
1545 5261 1716 5312 Αὐταὶ
1755 5263 1810 5314 αἱ
1839 5259 2070 5329 σάλπιγ-

499 5366 605 5420 γες,
636 5351 900 5422 σύμϐολόν
931 5353 1037 5406 εἰσι
1070 5351 1179 5406 τῶν
1207 5354 1265 5406 ἐν
1290 5355 1355 5424 τῇ
1389 5353 1594 5426 ἐσχάτῃ
1613 5355 1816 5424 ἡμέρᾳ.
1851 5371 1870 5403 ι
1898 5352 2068 5417 Αὐτὸς

2179 4583 2338 4638 dictis
2386 4583 2434 4637 ei
2489 4580 2794 4651 persuasit,
2846 4587 2902 4634 et
2937 4593 3059 4633 cum
3108 4577 3304 4650 populo
3351 4577 3451 4631 fuit
3483 4591 3652 4645 usque
3688 4575 3755 4630 ad

2178 4677 2384 4732 obitum
2416 4674 2638 4746 Moysis,
2663 4688 2770 4743 quo
2805 4683 3020 4728 mortuo
3051 4678 3274 4743 apparet
3293 4669 3419 4726 Jesu
3451 4669 3561 4724 filio
3584 4667 3752 4736 Nave,

2177 4778 2231 4824 et
2271 4784 2393 4822 cum
2435 4783 2502 4824 eo
2530 4767 2880 4836 colloquitur.
2920 4767 3215 4836 Postquam
3265 4779 3398 4835 ergo
3429 4762 3656 4834 populus
3694 4761 3751 4817 in

2179 4859 2381 4930 Moysis
2415 4860 2738 4930 discipulutn
2786 4857 2975 4914 oculos
3013 4857 3227 4915 deﬁxos
3257 4855 3485 4924 habuit,
3532 4853 3752 4908 tradidit

2179 4951 2330 5006 illum
2359 4953 2501 5008 Deus
2529 4952 2760 5026 principi
2793 4951 2997 5007 militia;
3028 4966 3156 5017 suae,
3189 4949 3459 5004 Michaeli.
3497 4946 3597 5003 Hic
3630 4953 3752 5002 erat

2179 5043 2426 5114 princeps
2457 5043 2668 5115 populi,
2704 5053 2764 5099 ut
2794 5045 2848 5099 in
2880 5043 3103 5099 Daniele
3135 5044 3350 5098 videtur
3385 5043 3569 5098 dicere
3613 5038 3753 5095 alter

2177 5141 2418 5208 angelus.

2245 5253 2584 5308 Ambulantes
2618 5265 2668 5307 et
2706 5251 3006 5323 clangentes
3031 5251 3094 5306 ⁸³.
3138 5249 3232 5306 Hae
3264 5249 3404 5304 tubae
3444 5248 3750 5320 symbolum

2177 5357 2302 5403 sunt
2330 5362 2517 5402 eorum
2547 5359 2666 5416 quae
2696 5344 3068 5400 innovissima
3099 5344 3186 5398 die
3209 5342 3522 5410 contingent
3547 5358 3560 5395 :
3593 5339 3752 5410 «Ipse

492 5445 619 5516 γὰρ,
662 5445 846 5516 φησὶν,
891 5447 920 5498 ὁ
949 5443 1152 5516 Κύριος
1193 5447 1251 5499 ἐν
1283 5445 1636 5516 κελεύσματι,
1671 5445 1728 5498 ὲν
1757 5447 1906 5517 φωνῇ
1934 5447 2067 5519 ἀρχα

2182 5441 2336 5505 enim,
2398 5438 2572 5509 inquit
2614 5436 2699 5502 “,
2748 5436 3006 5492 Dominus
3051 5435 3103 5488 in
3134 5435 3325 5502 jussu,
3375 5432 3428 5486 in
3478 5447 3615 5487 voce
3662 5448 3751 5486 ar-

491 5537 723 5605 αγγέλου
747 5578 763 5604 ,
806 5537 901 5592 καὶ
960 5539 1018 5591 ἐν
1063 5537 1324 5608 σάλπιγγι
1365 5537 1494 5596 Θεοῦ
1549 5536 1915 5609 καταϐήσεται
1969 5538 2064 5590 ἀπ’

2172 5532 2420 5606 changeli
2452 5533 2589 5589 etin
2631 5531 2759 5587 tuba
2778 5532 2882 5588 .Dei
2915 5529 3206 5587 descendet
3234 5529 3299 5584 de
3331 5527 3489 5583 coelo.
3529 5546 3549 5581 ι
3595 5523 3748 5593 Quod

565 5723 608 5754 ¹⁶
633 5723 744 5779 Jos.
773 5740 836 5788 ιι,
868 5763 883 5789 ,
917 5723 1009 5778 25.
1089 5724 1130 5756 ¹⁷
1155 5723 1267 5780 Jos.
1299 5740 1371 5788 ιν,
1403 5726 1488 5781 15.
1566 5726 1606 5759 ³⁸
1632 5725 1744 5782 Jos.
1779 5741 1831 5793 ν,
1857 5725 1910 5782 2.
1987 5725 2080 5782 η(

2185 5739 2256 5780 ss.
2286 5738 2346 5791 ιι,
2369 5723 2454 5778 ll.
2532 5722 2586 5756 '°
2609 5718 2718 5778 Jos.
2756 5735 2807 5787 ν,
2839 5720 2925 5776 Η.
3003 5719 3046 5751 ¹¹
3071 5717 3244 5776 Exod.
3269 5731 3465 5773 xxxlu.
3536 5716 3581 5749 ⁸³
3611 5711 3742 5769 ibid.

495 5792 541 5828 ³³
571 5795 684 5851 .los.
715 5809 785 5864 vt,
814 5796 867 5853 9.
936 5795 1026 5852 “l
1055 5794 1245 5852 Thess.
1275 5803 1347 5864 ιν,
1376 5796 1460 5852 15.
