4050 6148
382 238 488 293 823

1851 231 2175 294 ORIGENIS

3520 220 3634 277 εει

385 368 568 412 autem
619 373 715 433 per
748 374 840 413 sex
888 360 1002 416 dies
1037 359 1351 415 sacerdotes
1392 360 1731 415 circumeunt
1763 358 1956 414 civita-

2066 352 2305 426 ούρανοῦ.
2358 371 2375 402 ι
2421 348 2494 403 Τὸ
2518 348 2594 413 δὲ,
2640 347 2734 401 ἐπὶ
2762 346 2819 413 ἓξ
2846 344 3056 417 ἡμέρας
3084 339 3312 397 κυκλοῦν
3349 339 3451 411 τὴν

386 456 535 525 tem,
572 449 625 505 id
670 451 983 518 signiﬁcare
1031 452 1207 521 possit
1247 451 1406 519 hujus
1436 452 1580 521 quod
1622 466 1718 507 sex
1763 450 1952 506 diebus

387 550 641 613 constat,
674 544 956 610 praesentis
986 543 1166 600 seaculi
1215 555 1433 600 sanctos
1477 559 1670 599 omnes
1698 543 1956 612 clangere

385 642 441 689 et
476 632 772 703 praedicare
805 635 1179 690 remissionem
1210 645 1583 707 peccatorum,
1617 636 1685 691 iis
1710 635 1805 706 qui
1834 649 1955 705 pm-

386 724 669 780 nitentiam
695 740 860 796 agere
884 726 1176 781 voluerint.

458 813 527 868 Et
553 815 684 869 dixit
709 816 867 870 Jesus
898 816 1023 885 ﬁliis
1051 816 1223 871 Israel
1242 818 1646 887 ,Vociferamini
1669 818 1734 873 ⁸⁸.
1835 816 1958 873 Haec

387 907 704 963 vociferatio
772 909 987 963 videtur
1019 924 1142 965 esse
1187 925 1252 964 ea
1302 924 1423 977 qua:
1447 909 1627 965 verbis
1669 910 1725 963 lit
1759 909 1959 965 divinae

389 1000 691 1069 maiestatis
719 999 1046 1070 gluritieatio
1086 1006 1140 1056 et
1163 1015 1267 1055 vox
1306 999 1480 1056 laudis
1512 1015 1803 1057 recensens
1837 1013 1958 1070 quae

387 1088 457 1143 ad
484 1088 577 1143 Dei
625 1088 883 1144 honorem
931 1091 1226 1159 pertinent.
1268 1090 1393 1146 Haec
1442 1102 1647 1161 pugnat
1696 1093 1961 1148 adversus

391 1180 935 1236 llierichuntinorum
961 1196 1203 1238 errorem
1227 1224 1242 1248 ,
1275 1193 1330 1239 et
1357 1183 1632 1239 insolitam
1663 1182 1959 1239 miraculo-

390 1286 495 1343 que
523 1272 734 1342 plenam
763 1272 1045 1328 victoriam
1074 1284 1331 1343 reportat.

461 1361 530 1416 Et
569 1365 643 1418 ita
673 1363 793 1433 fecit
819 1361 1010 1418 Hozan
1032 1365 1098 1418 “.
1125 1365 1203 1420 Ex
1224 1365 1308 1421 his
1337 1365 1507 1434 liquet
1537 1379 1646 1421 non
1677 1363 1863 1420 Iesum
1895 1364 1961 1419 li-

389 1456 521 1511 lium
555 1454 720 1521 Nave,
751 1456 846 1512 sed
881 1456 1044 1511 alium
1081 1458 1389 1527 quempiam
1417 1466 1542 1527 post
1576 1456 1772 1511 multas
1796 1471 1962 1526 gene-

393 1547 632 1603 rationes
673 1549 787 1602 liaec
828 1548 1134 1616 scripsisse.
1190 1547 1342 1615 Quod
1392 1548 1610 1618 quidem
1649 1562 1837 1603 verum
1881 1556 1967 1603 est

390 1638 436 1694 si
487 1641 653 1709 probe
691 1640 1058 1711 intelligatur,
1104 1656 1279 1709 neque
1327 1651 1532 1713 pugnat
1563 1657 1685 1697 cum
1736 1640 1803 1697 iis
1848 1654 1967 1710 qua:

2054 447 2182 510 τοὺς
2215 446 2415 516 ἱερεῖς,
2450 445 2675 514 σημεῖον
2705 436 2770 494 ἂν
2805 439 2888 510 εἴη
2923 436 3019 491 τοῦ
3048 436 3135 489 διὰ
3164 434 3271 487 τῶν
3311 432 3370 497 ἒξ
3409 432 3638 503 ἡμερῶν

2056 537 2148 592 τοῦ
2184 536 2450 608 παρόντος
2477 533 2671 596 αἰῶνος
2696 533 2820 594 τοὺς
2844 530 3032 598 ἁγίους
3065 528 3305 588 ἅπαντας
3354 520 3639 586 σαλπίζειν

2056 632 2152 685 καὶ
2182 628 2474 700 κηρύττειν
2510 627 2702 695 ἄφεσιν
2740 621 3025 695 ἁμαρτιῶν
3058 623 3171 682 τοῖς
3200 620 3480 689 μετανοεῖν
3508 615 3640 686 βου-

2057 721 2322 793 λομένοις.

2125 812 2239 866 Καὶ
2285 809 2456 866 εἷπεν
2490 809 2733 876 Ἰησοῦς
2776 808 2903 876 τοῖς
2942 806 3096 873 υἱοῖς
3129 803 3398 874 Ἰσραὴλ,
3419 798 3640 869 Κεκρά-

2059 903 2219 969 ξατε.
2267 904 2377 975 Τὴν
2434 903 2612 975 μέντοι
2647 900 2893 974 κραυγὴν
2917 941 2931 967 ,
2966 900 3063 972 τὴν
3103 898 3212 952 τῶν
3251 896 3508 968 ῥημάτων
3553 897 3637 947 εἰ-

2058 996 2152 1062 κὸς
2180 995 2487 1065 δοξολογίαν
2515 991 2652 1050 εἶναι
2682 994 2777 1049 καὶ
2810 994 2993 1064 φωνὴν
3028 991 3286 1052 αἰνέσεως
3316 989 3417 1060 τὴν
3441 990 3518 1051 εἰς
3545 986 3639 1040 τὸν

2059 1089 2189 1143 Θεὸν
2215 1129 2228 1153 ,
2260 1089 2571 1160 μαχομένην
2618 1090 2683 1159 τῇ
2722 1087 2899 1159 πλάνῃ
2938 1083 3048 1139 τῶν
3085 1081 3478 1154 Ἱεριχουντίων
3501 1119 3516 1143 ,
3556 1097 3641 1132 Vt—

2057 1182 2242 1236 κῶσαν
2281 1182 2340 1235 δὲ
2377 1181 2478 1253 τὴν
2529 1178 2828 1251 παράδοξον
2880 1178 3036 1251 νίκην
3077 1176 3173 1230 καὶ
3219 1173 3496 1244 θαύματος
3533 1171 3641 1242 γέ-

2063 1293 2163 1347 μου
2170 1292 2286 1329 σαν.

2135 1368 2335 1433 Οὕτως
2355 1366 2644 1433 ἐποίησεν
2687 1362 2878 1424 Ὃζάν.
2925 1362 3022 1415 Ἐκ
3048 1359 3238 1415 τούτου
3268 1359 3542 1413 δείκνυται
3566 1356 3642 1419 ὼς

2061 1462 2161 1515 οὐκ
2193 1458 2399 1531 Ἰησοῦς
2429 1461 2458 1512 ὁ
2484 1457 2579 1511 τοῦ
2606 1455 2783 1528 Ναυῆ,
2806 1454 2921 1509 ἀλλ’
2955 1453 3141 1524 ἕτερός
3163 1470 3248 1517 τις
3277 1450 3417 1523 μετὰ
3445 1449 3642 1512 πολλὰς

2062 1552 2257 1624 γενεὰς
2280 1551 2451 1605 ταῦτα
2478 1548 2802 1619 συνέγραψε.
2825 1548 2935 1601 Καὶ
2964 1546 3161 1617 ἀληθὲς
3192 1546 3289 1616 μὲν
3317 1542 3529 1613 νοηθὲν,
3544 1542 3645 1595 οὐκ

2065 1642 2305 1698 ἐναντίον
2328 1641 2384 1695 δὲ
2426 1636 2508 1705 οἷς
2541 1639 2806 1710 πρότερον
2843 1638 3164 1709 εἰρήκαμεν.
3204 1633 3451 1705 Ἔγραψε
3478 1631 3585 1704 γὰρ
3615 1634 3645 1684 ὸ

392 1740 548 1787 antea
586 1732 841 1787 diximus.
888 1732 1120 1802 Scripsit
1147 1733 1291 1788 enim
1328 1733 1486 1788 Jesus
1513 1749 1633 1803 qua:
1667 1748 1764 1788 sua
1807 1742 1965 1787 aetate

2079 1738 2287 1809 Ἰησοῦς
2331 1736 2400 1790 τὰ
2436 1737 2522 1790 ἐπ’
2567 1734 2732 1790 αὑτοῦ
2778 1733 3059 1803 γεγονότα,
3096 1732 3129 1803 ἢ
3173 1730 3644 1800 ἀποκαλυφθέντα,

393 1822 735 1893 contigerant
768 1832 863 1877 aut
897 1825 996 1894 ipsi
1025 1826 1263 1880 revelata
1292 1836 1480 1892 erant,
1509 1825 1961 1895 quemadmodum

395 1927 449 1968 et
471 1916 682 1987 Moyses
712 1933 833 1988 quae
862 1934 960 1973 suo
994 1928 1257 1990 tempore,
1287 1931 1472 1988 postea
1501 1918 1665 1990 396
1689 1933 1817 1974 vero
1838 1918 1967 1973 aedi-

398 2006 559 2062 tirato
602 2006 715 2078 jam
771 2009 966 2080 templo
1015 2025 1046 2065 a
1104 2012 1345 2080 sapiente
1389 2009 1713 2074 Salomone,
1765 2016 1821 2063 et
1866 2022 1963 2078 po-

399 2099 524 2167 pqu
561 2099 615 2154 in
655 2099 875 2154 multam
918 2101 1251 2171 impietatem
1289 2101 1618 2168 declinante,
1659 2099 1965 2170 temploque

398 2208 429 2244 a
466 2191 576 2248 Deo
603 2192 655 2245 in
691 2192 1035 2248 solitudinem
1065 2194 1351 2261 derelicto,
1382 2205 1441 2251 ut
1467 2196 1556 2249 vix
1589 2196 1641 2249 in
1681 2209 1748 2250 eo
1773 2194 1969 2248 Dente.

401 2285 702 2340 ronomium
760 2286 956 2342 alicubi
1004 2286 1337 2358 negligenter
1376 2287 1644 2359 abjectnm
1695 2299 1968 2358 repertum

401 2377 506 2442 sit,
535 2377 736 2432 idcirco
762 2392 883 2432 cum
925 2379 1154 2447 populus
1187 2381 1556 2452 captivitatem
1584 2382 1968 2454 Babylonicum

402 2473 735 2540 pertulisset,
760 2472 958 2527 Esdras
982 2472 1116 2544 legis
1143 2474 1527 2543 peritissimus,
1545 2485 1601 2530 et
1625 2490 1785 2531 omne
1804 2475 1971 2531 Vetus

403 2564 808 2619 Testamentum
844 2548 1158 2619 memoriter
1196 2566 1466 2631 recitans,
1508 2566 1726 2636 scripsit
1774 2566 1968 2636 legem,

399 2666 456 2709 et
479 2656 583 2711 alia
606 2657 848 2727 quaedam
872 2671 992 2727 qua:
1009 2655 1366 2726 contigerant,
1387 2668 1440 2714 et
1461 2659 1508 2713 ei
1535 2658 1691 2714 erant
1714 2659 1970 2714 revelata.

406 2748 531 2803 Haec
555 2748 775 2819 quidem
805 2749 933 2802 olim
963 2757 1089 2802 sunt
1114 2749 1376 2816 praedicta
1397 2790 1413 2815 ,
1440 2759 1627 2819 postea
1661 2765 1790 2805 vero
1826 2751 1971 2805 acci-

404 2840 618 2895 derunt.
648 2839 777 2912 Ejus
805 2838 1021 2909 generis
1046 2848 1129 2893 est
1164 2838 1217 2892 id
1245 2841 1311 2894 dc
1342 2855 1449 2911 quo
1470 2857 1614 2897 nunc
1640 2842 1972 2897 mentionem

404 2926 653 2984 fecimus.

476 3019 665 3077 Adhuc
698 3040 814 3077 sum
848 3024 1001 3080 hodie
1043 3028 1243 3093 valens,
1284 3028 1415 3081 sicut
1456 3027 1667 3099 quando
1707 3027 1846 3079 misit
1891 3041 1972 3079 me

2065 1831 2254 1904 ὥσπερ
2285 1832 2377 1884 καὶ
2398 1829 2639 1907 Μωύσῆς
2665 1827 2733 1882 τὰ
2754 1827 2895 1882 κατὰ
2928 1827 3052 1890 τοὺς
3076 1827 3160 1879 ἐπ’
3194 1823 3354 1878 αὑτοῦ
3397 1824 3641 1895 χρόνους.

2066 1925 2222 1980 Μετὰ
2251 1925 2307 1978 δὲ
2338 1922 2511 1977 ταῦτα
2535 1921 2628 1976 τοῦ
2650 1920 2779 1976 ναοῦ
2808 1919 3251 1991 οἰκοδομηθέντος
3280 1918 3380 1989 ήδη
3416 1915 3523 1969 ὑπὸ
3551 1914 3645 1970 τοῦ

2069 2017 2233 2088 σοφοῦ
2280 2014 2619 2087 Σολομῶντος
2640 2054 2654 2078 ,
2689 2015 2783 2067 κα)⁸
2822 2012 2915 2066 τοῦ
2955 2013 3084 2066 λαοῦ
3129 2009 3516 2072 ὺποκλίναντος
3567 2011 3645 2073 εἰς

2070 2109 2268 2180 πολλὴν
2297 2107 2578 2172 ἀσέϐειαν,
2614 2105 2826 2160 καὶτοῦ
2859 2105 2993 2158 Θεοῦ
3027 2105 3117 2158 τὸν
3151 2104 3277 2157 ναὸν
3314 2102 3518 2174 ἔρημον
3547 2119 3645 2155 κα-

2068 2200 2383 2262 ταλιπόντος
2412 2200 2488 2261 ὡς
2518 2196 2668 2269 μόλις
2695 2197 2983 2268 εὑρεθῆναι
3013 2195 3075 2249 τὸ
3097 2195 3513 2267 Δευτερονόμιον
3553 2194 3643 2264 ἐρ-

2075 2293 2333 2366 ριμμένον
2362 2292 2437 2356 ὡς
2468 2292 2624 2362 ἔτυχε
2645 2308 2658 2321 ·
2683 2289 2852 2344 διάτοι
2873 2289 3033 2342 τοῦτο
3055 2287 3151 2342 τοῦ
3186 2288 3314 2342 λαοῦ
3346 2287 3445 2359 τὴν
3475 2286 3643 2339 Βαϐυ-

2070 2384 2299 2456 λωνικὴν
2330 2383 2698 2454 αἰχμαλωσίαν
2728 2380 3315 2452 ὑποστάντος,Ἔσδρας
3339 2377 3644 2451 νομικώταο

2071 2497 2161 2543 τος
2182 2477 2277 2542 ὢν,
2311 2478 2403 2531 καὶ
2428 2474 2805 2546 unoccupiin
2848 2476 3026 2529 πᾶσαν
3062 2474 3159 2545 τὴν
3192 2472 3429 2527 Παλαιὰν
3448 2471 3645 2542 Διαθή-

2072 2589 2196 2644 κην,
2227 2570 2430 2641 ἔγραψε
2467 2570 2556 2623 τὸν
2589 2570 2773 2640 νόμον,
2801 2568 2895 2621 καὶ
2935 2566 3099 2638 ἕτερά
3133 2582 3255 2619 τινα
3288 2565 3358 2619 τὰ
3387 2564 3645 2633 γεγονότα

2073 2668 2167 2721 καὶ
2207 2662 2679 2731 ἀπκαλυφθὲντα.
2732 2659 2917 2715 Ταῦτα
2967 2658 3133 2713 πάλαι
3181 2658 3278 2729 μὲν
3318 2655 3643 2728 προερῤέθη,

2077 2755 2214 2828 μετὰ
2244 2754 2497 2809 δὲταῦτα
2539 2753 2748 2822 γέγονε.
2799 2752 3048 2807 Τοιοῦτόν
3091 2752 3205 2805 ἐστι
3252 2749 3424 2821 δήπου
3457 2747 3550 2801 καί
3583 2738 3646 2801 οὖ

2074 2849 2167 2902 νῦν
2200 2847 2702 2920 ἐμνημονεύσαμεν.

2152 3029 2556 3100 Ἔτίσήμερον
2573 3030 2783 3099 ἰσχύω,
2802 3029 2943 3083 ὠσεί
2963 3029 3062 3082 ὅτε
3077 3026 3393 3082 ἀπέστειλέ
3402 3043 3480 3096 με
3491 3029 3648 3080 Μωῠ-

414 3113 618 3186 Moyses
639 3116 706 3170 ³⁷.
743 3115 800 3171 ln
857 3127 1083 3188 utroque
1132 3089 1297 3175 verbo
1343 3089 1484 3174 valei
1531 3130 1769 3175 sanctus.
1825 3119 1965 3174 Valet

2075 3121 2214 3192 σῆς.
2243 3124 2316 3177 Εν
2357 3089 2684 3195 ἆμίροτέροις
2732 3089 2823 3175 ούν
2861 3120 3033 3191 ἰσχύει
3068 3123 3179 3183 τοῖς
3207 3119 3382 3188 λόγοις
3402 3089 3446 3171 ⁷ὁ
3475 3118 3644 3186 ἅγιος.

409 3206 552 3259 enim
584 3216 638 3262 et
664 3205 717 3262 in
747 3210 1019 3266 veteribus
1046 3219 1098 3266 et
1132 3212 1185 3266 in
1228 3212 1383 3267 novis
1429 3212 1720 3283 mysteriis.
1757 3211 1867 3267 Hoc
1893 3222 1978 3268 est

412 3296 593 3354 Valere
616 3310 671 3355 et
698 3300 895 3372 Moysis
917 3312 971 3358 et
994 3302 1156 3359 Iosue
1192 3312 1369 3359 aetate.

485 3524 663 3581 "los.
695 3541 768 3594 Vl,
802 3526 888 3583 16.
964 3488 1312 3595 'iibidueﬁ.
1388 3526 1843 3591 "'Jos.xtv,ll.

2085 3214 2280 3287 ’ἰσχύει
2342 3215 2450 3287 γὰρ
2502 3216 2562 3268 ὲν
2613 3213 2860 3277 παλαιοῖς
2918 3213 3012 3266 καὶ
3070 3214 3128 3266 ἐν
3176 3211 3379 3273 καινοῖς
3434 3225 3649 3280 μυστηο

2079 3307 2234 3376 ρίοις.
2272 3306 2443 3361 Τοῦτό
2485 3308 2600 3359 ἐστι
2648 3305 2709 3358 τὸ
2756 3304 2958 3376 ἰσχύειν
2998 3304 3092 3358 ἐπὶ
3118 3303 3395 3365 Μωῦσέως
3439 3301 3533 3355 καὶ
3558 3300 3648 3355 ἐπὶ

2088 3399 2286 3470 Ἰησοῦ.

1056 3849 1694 3944 PROLOGUS
1770 3852 2194 3944 RUFINI
2273 3855 2417 3943 PR
2442 3855 3016 3943 ESBYTERI

1561 4044 1646 4087 AD
1688 4042 2111 4089 CHROMATIUM
2155 4046 2507 4091 EPISCOPUM

870 4170 955 4231 IN
998 4169 1489 4253 TBACTATUM
1533 4171 1907 4234 ORIGENIS
1949 4174 2197 4235 SUPER
2237 4173 2536 4236 LIBRUM
2580 4176 2761 4238 JESU
2805 4177 3023 4239 NAVE
3066 4176 3213 4259 (18).

486 4474 555 4530 In
584 4476 774 4530 divinis
802 4476 1153 4531 uoluminibus
1184 4477 1447 4546 refertur,
1483 4481 1622 4550 quod
1650 4481 1719 4534 ad
1759 4481 2197 4535 constructionem
2243 4477 2424 4548 templi
2452 4475 2563 4549 (l9)
2602 4477 2958 4548 unusquisque
2998 4490 3091 4546 pro
3122 4475 3320 4531 viribus
3362 4475 3608 4530 obtulerit
3637 4488 3654 4528 :

415 4577 646 4637 potentes
688 4569 896 4639 quidem
938 4580 984 4623 et
1034 4569 1297 4638 principes
1323 4572 1504 4641 populi
1548 4582 1763 4640 aurum,
1792 4584 2063 4644 argentum
2082 4612 2099 4640 ,
2127 4572 2326 4639 lapides
2355 4572 2632 4641 pretiosos,
2659 4586 2791 4634 tera,
2824 4580 2874 4624 et
2904 4569 2999 4623 alii
3037 4571 3202 4639 ligna,
3243 4569 3334 4623 sed
3358 4569 3659 4638 imputribi-

417 4660 492 4712 lia
522 4657 633 4734 (20)
656 4676 674 4714 :
710 4661 924 4731 quidam
949 4664 1107 4715 etiam
1140 4677 1382 4730 coccum,
1409 4679 1722 4732 purpuram,
1747 4676 1794 4720 et
1819 4667 2054 4736 byssum,
2077 4675 2125 4720 et
2154 4664 2321 4718 linum
2344 4663 2440 4717 alii
2471 4661 2604 4735 (21),
2633 4662 2856 4717 vestibus
2880 4663 2991 4716 haec
3019 4678 3220 4732 quoque
3245 4661 3575 4714 sacerdotum
3610 4666 3660 4713 et

418 4755 567 4810 stola:
592 4755 856 4825 pontiﬁcis
890 4757 1192 4827 profutura.
1230 4757 1577 4827 Pauperiores
1613 4767 1790 4813 autem
1823 4762 2012 4831 quique
2050 4758 2210 4815 etiam
2231 4754 2404 4828 ‘pelles
2449 4758 2636 4812 rubras
2674 4757 2950 4827 o/ferentes
2983 4767 3031 4811 et
3061 4757 3197 4826 pilos
3220 4771 3502 4825 caprarum
3526 4755 3652 4828 (22),

420 4866 525 4903 non
554 4859 891 4916 respuuntur.
934 4847 1146 4905 Idcirco
1176 4864 1397 4919 namque
1425 4847 1689 4904 Beselehel
1713 4850 1799 4905 ille
1826 4852 2048 4921 repletus
2073 4868 2183 4907 esse
2209 4851 2402 4905 dicitur
2433 4850 2575 4903 omni
2607 4850 2864 4917 sapientia
2890 4865 2923 4901 a
2950 4847 3086 4913 Deo,
3116 4858 3170 4901 ut
3197 4848 3497 4916 intelligens
3547 4849 3658 4902 sin-

418 4942 543 4997 aula
582 4941 695 4995 haec
727 4943 912 5013 quibus
935 4944 1115 4997 usibus
1143 4952 1268 5013 apta
1300 4943 1423 5008 sint,
1459 4942 1682 4998 nihilex
1708 4944 2037 5013 oﬂ'erentium
2078 4945 2348 5000 deuotione
2388 4943 2646 5015 repudiet.
2680 4942 2819 5008 Quia
2857 4958 2978 5011 ergo
3016 4951 3064 4995 et
3101 4949 3183 5006 tu,
3225 4956 3255 4994 ο
3300 4938 3424 4992 mihi
3462 4955 3662 5011 semper

492 5056 605 5134 (l§)
632 5057 873 5113 Collatus
903 5067 988 5113 est
1022 5058 1111 5113 hic
1138 5059 1390 5131 prologus
1415 5073 1515 5114 nec
1547 5069 1985 5134 non_seque_ntes
2005 5068 2064 5126 υ
2160 5060 2272 5134 (20)
2296 5058 2457 5134 μω).
2477 5068 2643 5134 antea
2674 5058 2825 5134 editi,
2862 5075 2897 5134 ¢_
2916 5054 3004 5110 alii
3025 5069 3132 5134 aera
3160 5062 3220 5111 et
3243 5053 3404 5134 ligna,
3434 5053 3659 5134 sedim-

419 5124 653 5184 homiliae
682 5144 806 5183 cum
835 5137 1069 5197 quatuor
1096 5124 1229 5187 mss.
1251 5170 1266 5194 ,
1292 5124 1427 5184 'uno
1474 5124 1792 5198 perantiquo
1841 5128 1983 5183 San-
2018 5124 2031 5126 ⁷
2089 5124 2385 5199 pniribilia.
2417 5149 2436 5183 ι
2466 5130 2647 5185 Codex
2691 5126 3101 5192 Gemeticensis,
3139 5142 3158 5176 ε
3203 5139 3278 5179 aes
3308 5124 3398 5177 alii
3429 5133 3485 5177 et
3517 5124 3659 5194 ligna

420 5200 769 5270 germanensi
798 5200 887 5265 qui
924 5207 1077 5270 sexto
1100 5199 1182 5253 vel
1218 5201 1452 5269 septimo
1486 5201 1702 5255 circiter
1730 5200 1984 5255 Ecclesiae
2091 5203 2297 5257 Sethim
2326 5200 2700 5270 imputribilia.
2738 5218 2757 5251 ι

420 5268 1187 5366 ΞίξὶθΡῘΣ).Ῐῖξξθιῐῖῗωυέξῗῖἓῖδὲῗθ
1221 5272 1773 5366 ἒέ⁵ἲιίὲδξ¹ιὲἱνὲ¹ξέιὶίῖἷε
1807 5271 1985 5366 illi???
2168 5292 2279 5366 (21)
2329 5268 2418 5366 Et
2441 5295 2627 5366 ιῑηωπ,
2657 5289 2908 5366 MU"-
2931 5289 3118 5366 οοάίρθ
3171 5287 3457 5366 Sensim-
3513 5287 3663 5366 ἀθθέἰ

420 5340 737 5425 ιιιοῃρεξξι-ἱὶ
762 5339 1181 5423 βοτηειίοειιεὶε,
1217 5352 1273 5397 et
1296 5339 1776 5399 duobus’ecclesia:
1804 5342 1993 5397 cathe-
2103 5382 2123 5415 ι
2163 5339 2278 5419 5],}:
2308 5339 3137 5425 ,1]nugggae;"gb;5iggngi;,
3172 5339 3659 5425 w{éi’tiuum,alii

419 5408 587 5463 dralis
613 5409 976 5466 Ebroicensis.
1418 5454 1425 5459 .

493 5475 605 5506 Iun
625 5478 773 5506 11......
802 5481 966 5506 -...I....
990 5480 1331 5506 DL-..:...._..:-
1395 5501 1408 5506 -
1437 5482 1501 5506 -.ι
1533 5481 1965 5506 --..-....--.:....-..

2095 5408 3181 5506 ἐεὲῐὲἑ,ἰιεἶέᾜῖιᾶᾇιῖἑέωἷξὲᾇὸῐῖ’ὲῖἒᾷιί
3201 5408 3659 5506 saansaan..-

493 5475 605 5551 (ιθ)
625 5478 776 5560 Unus
990 5480 1354 5560 Εδτοίοεηείςε,
1389 5481 1989 5560 «διερειειιυυοιξοιιεω
2098 5475 2297 5559 (53;?
2320 5475 2965 5560 .""s‘a;“'.:r..;.“i;s;s
3001 5475 3661 5555 τέο-ᾱέιτνᾱειῑιῖειεῑεει-εῑε

422 5549 1523 5645 saginaeque;_{,§ar{gs=r:2§3eg§i§1351
1573 5554 1987 5645 ίμεξξςειςξῖοιξςῖιξι
2093 5549 2214 5632 nisi"
2219 5549 2369 5645 quod
2405 5549 2661 5645 ἱίῑεηιῑῐη
2697 5549 2991 5637 ςἐχιιεδει,
3022 5586 3126 5626 non
3150 5586 3280 5626 vero
3317 5588 3337 5622 ι
3373 5568 3562 5623 linum.
3595 5583 3618 5619 ι

421 5621 627 5698 templi.
671 5640 690 5673 ι
725 5621 897 5698 Paulo
920 5621 1040 5692 pnst
1072 5622 1215 5698 idem
1246 5624 1558 5698 Sangerm.,
1588 5643 1611 5680 ι
1642 5633 1835 5697 potens
1867 5624 1988 5694 qui-

656 5655 905 5763 ιςτῖυέἒῆ
1246 5655 1558 5698 wuac'm"
1588 5655 1611 5680 ’
1642 5655 1835 5697 ww”
1867 5655 1988 5694 qu"
2164 5655 2277 5742 (22)
2305 5667 2454 5726 Libri
2480 5678 2637 5725 antea
2668 5668 2823 5736 editi,
2862 5687 2880 5720 ι
2920 5666 3014 5725 sed
3047 5679 3102 5723 et
3126 5664 3222 5765 pili
3253 5676 3562 5735 caprarum.
3594 5675 3617 5713 ι
