4050 6148
313 289 420 345 8*ὶὸ
1338 295 1405 351 ΙΝ
1442 295 1704 351 LIBRUM
1739 295 1906 353 JESU
1937 297 2122 354 NAVE
2156 299 2445 357 IIOMILIA
2470 303 2512 360 I.
3476 316 3581 374 825

315 403 622 459 uenerabilis
646 415 796 474 pater
831 407 1120 477 Chromati,
1151 411 1406 484 injungis,
1437 423 1484 468 et
1520 415 1766 483 prwcipis
1796 417 1969 480 nobis,
1998 427 2052 470 ut
2087 418 2290 489 aliquid
2315 421 2384 474 ad
2415 422 2822 491 aedificationem
2851 433 2899 478 et
2947 426 3388 483 constructionem
3416 433 3580 487 divitis

312 496 644 550 tabernaculi
678 515 744 552 ea:
776 496 1080 555 Crtccorum
1116 507 1302 571 opibus
1340 507 1455 590 (25)
1483 519 1531 562 et
1562 510 1727 576 copiis
1763 512 2122 580 conferamus,
2148 517 2510 571 oratiunculas
2543 533 2670 572 xxvr
2700 519 2753 571 in
2784 519 2970 574 Jesum
2997 521 3166 586 Nave,
3207 541 3339 594 quas
3361 541 3426 580 ex
3446 537 3579 581 temo

309 603 437 654 pore
465 590 521 642 in
556 589 797 644 Ecclesia
821 597 1084 659 peroravit
1107 589 1463 654 Adamantius
1493 617 1673 665 senex,
1716 617 1781 654 es:
1804 598 1988 655 Gra'co
2023 603 2079 671 (2
2093 607 2136 674 ι)
2176 604 2361 659 Latine
2390 607 2484 660 tibi
2518 623 2612 676 pro
2643 609 2834 662 virium
2867 627 3102 664 mearum
3129 589 3388 680 parvitate
3420 617 3582 671 disse-

305 684 536 738 ruimus.
573 685 673 739 Tui
707 704 834 742 sane
868 691 1035 744 nostri
1065 696 1318 762 temporis
1356 693 1671 750 Beselehelis
1708 695 1907 764 judicii
1951 697 2040 761 sit,
2077 700 2132 752 in
2164 701 2247 754 his
2272 718 2390 770 qua:
2416 704 2711 772 o/ferimus,
2739 708 2949 760 etiamsi
2988 711 3119 762 nihil
3155 712 3422 766 invenitur
3458 717 3582 770 auri

308 778 435 876 puri
463 779 916 876 quod-ad‘altare
947 785 1192 876 proﬁciat
1219 827 1234 852 ,
1267 805 1360 843 nec
1406 791 1610 860 argenti
1649 791 1789 859 quod
1829 790 2192 845 columnarum
2232 795 2482 849 Ecclesia!
2514 799 2661 851 bases
2703 801 2890 869 efficiat
2920 813 3012 855 aut
3057 807 3235 874 capita
3282 811 3508 876 decoret,
3533 813 3578 865 si

304 868 489 972 nullus
517 887 583 923 ea:
610 871 691 924 his
718 873 771 925 in
805 873 914 968 illis
944 875 1212 944 lapidibus
1238 881 1464 936 inveniri
1502 892 1671 950 potest
1704 882 1797 949 qui
1845 881 1987 950 logio
2031 884 2262 940 insertus
2291 887 2598 956 pontiﬁcale
2631 868 2856 946 vestrum
2901 908 2948 946 et
2987 868 3284 951 divinorum
3313 900 3424 972 (25)
3462 868 3582 956 con'

299 961 475 1014 scium
509 975 692 1057 pectus
722 964 957 1029 exornet,
1010 981 1064 1023 at
1102 983 1238 1027 certe
1277 975 1576 1043 perspicere
1608 975 1722 1044 (26)
1768 975 1816 1029 si
1845 974 1923 1028 vel
1951 992 2207 1046 purpura:
2234 980 2425 1050 aliquis
2456 983 2512 1034 in
2549 982 2632 1036 his
2653 1023 2666 1044 ,
2712 995 2758 1036 et
2789 986 2917 1053 regii
2953 986 3180 1052 decoris,
3226 961 3504 1057 aut‘co’cci,
3529 1002 3578 1046 et

302 1056 517 1151 mystici
545 1058 751 1110 cruoris
776 1059 917 1112 color
940 1060 1055 1129 (27)
1085 1064 1373 1118 intexitur:
1403 1067 1449 1121 si
1480 1069 1608 1137 quid
1631 1069 1922 1138 puritatem
1952 1066 2092 1137 byssi
2119 1072 2376 1138 imitetur,
2411 1083 2461 1126 et
2498 1074 2865 1143 fortitudinem
2901 1077 3022 1140 lini,
3054 1088 3099 1130 et
3132 1080 3349 1147 dignum
3374 1056 3578 1151 aliquid

299 1145 498 1199 habeat
521 1151 942 1207 sacerdotalibus
976 1157 1304 1212 indumentis
1327 1175 1346 1212 :
1380 1170 1647 1228 postremo
1669 1162 1716 1214 si
1739 1162 1818 1216 vel
1854 1165 2043 1218 rubras
2065 1165 2208 1234 apud
2241 1182 2333 1219 nos
2362 1166 2541 1231 pelles,
2573 1170 2940 1221 verecundiam
2978 1170 3172 1238 frontis
3193 1145 3477 1226 invenias}
3507 1175 3576 1227 ad

300 1239 552 1295 ultimum
579 1245 626 1297 si
649 1244 725 1298 vel
758 1263 1039 1316 caprarum
1077 1265 1216 1306 certe
1261 1255 1494 1320 reperias
1529 1255 1687 1324 pilos,
1720 1259 1909 1325 quibus
1934 1259 2015 1312 vel
2039 1262 2318 1328 penuriam
2349 1271 2584 1313 nostram
2608 1270 2864 1330 legamus,
2891 1273 2982 1315 aut
3009 1263 3057 1315 si
3089 1280 3220 1332 quas
3254 1265 3573 1319 incurrimus

296 1332 487 1428 culpas
513 1336 805 1402 paenitendo
830 1356 1132 1411 purgemus.
1186 1343 1374 1398 Totum
1405 1362 1529 1415 ergo
1569 1347 1665 1400 hoc
1707 1349 1771 1401 de
1804 1360 1894 1404 tuo
1917 1349 2128 1419 judicio
2159 1352 2400 1416 pendeat.
2444 1351 2504 1407 Si
2536 1354 2663 1422 quid
2701 1370 2826 1407 sane
2851 1367 2930 1408 est
2955 1356 3096 1424 quod
3125 1355 3331 1425 placere
3376 1368 3569 1428 potest,

297 1423 399 1476 hoc
417 1425 483 1478 sit
512 1430 779 1484 auctoris:
799 1449 962 1502 neque
991 1436 1129 1488 enim
1157 1452 1274 1504 quae
1297 1437 1416 1490 aliis
1435 1437 1613 1492 labore
1635 1451 1793 1508 parta
1817 1453 1938 1496 sunt
1963 1444 2214 1511 diripere,
2238 1453 2283 1496 et
2303 1453 2498 1498 nostra:
2521 1445 2668 1498 laudi
2693 1423 3187 1517 applicarejustum
3213 1423 3482 1519 putamus.
3512 1452 3572 1508 Si

294 1533 418 1570 vero
444 1519 550 1572 vim
581 1538 851 1590 sensuum,
877 1527 1045 1580 oratio
1076 1528 1263 1582 inculti
1295 1532 1548 1586 sermonis
1578 1543 1872 1602 exasperat,
1909 1536 2006 1590 hoc
2039 1536 2115 1590 vel
2149 1537 2312 1603 mihi,
2342 1537 2442 1604 vel,
2471 1547 2528 1591 ut
2565 1554 2686 1592 cum
2734 1545 2828 1594 tua
2883 1542 3029 1595 venia
3072 1542 3317 1608 dixerim,
3350 1545 3446 1600 tibi
3474 1546 3575 1616 ipsi

295 1622 564 1681 reputato,
593 1617 685 1686 qui
714 1635 844 1686 opus
871 1622 1011 1690 quod
1039 1627 1261 1678 eruditis
1291 1628 1496 1680 deberet
1528 1627 1641 1699 (28)
1678 1629 1904 1699 injungi,
1939 1645 2137 1699 expetis
2168 1649 2232 1684 ao
2261 1633 2508 1687 indoctis.

342 1769 3572 1812 ._____________________________________

1597 1914 2270 2031 ORIGENIS

863 2146 1440 2241 HOMILI/E
1527 2153 1654 2242 IN
1734 2155 2196 2244 LIBRUM
2270 2160 2553 2251 JESU
2633 2165 2990 2256 NAVE.

698 2452 862 2523 39.7
905 2452 1187 2509 l-IOMILIA
1224 2454 1461 2512 PRIMA.

361 2547 415 2600 I.
460 2545 694 2600 Donavit
728 2547 872 2601 Deus
907 2563 1104 2601 nomen
1130 2591 1144 2615 ,
1202 2552 1344 2619 quod
1385 2561 1470 2606 est
1513 2567 1677 2620 super
1717 2569 1880 2608 omne

1897 2463 1943 2519 Α
1973 2459 2154 2525 Isaac;
2191 2461 2284 2513 sed
2324 2475 2425 2514 nec
2473 2460 2849 2529 supplantator
2873 2460 3042 2518 Jacob
3068 2502 3085 2530 ,
3139 2477 3240 2519 nec
3279 2463 3568 2535 quisquam

1981 2567 2049 2606 ex
2104 2553 2230 2606 ﬁliis
2287 2555 2427 2621 ejus.
2497 2553 2711 2624 Moyses
2739 2555 2914 2610 ﬁdelis
2956 2563 3076 2610 erat
3117 2557 3171 2611 in
3217 2557 3365 2612 omni
3408 2559 3572 2613 domo

289 2653 486 2694 nomen
509 2638 645 2710 (29),
667 2639 893 2693 Domino
910 2648 956 2692 et
981 2639 1246 2695 Salvatori
1275 2653 1459 2696 nostro
1484 2641 1611 2697 Jesu
1637 2643 1875 2700 Christo.

291 2732 389 2786 list
437 2742 622 2787 autem
685 2746 878 2786 nomen
910 2735 1052 2801 quod
1110 2744 1194 2788 est
1250 2749 1412 2802 super
1456 2750 1621 2790 ornne
1679 2752 1877 2792 nomen

285 2822 469 2878 Jesus.
512 2823 578 2877 Et
614 2823 739 2892 quia
769 2833 853 2876 est
879 2825 1020 2878 istud
1044 2839 1242 2879 nomen
1275 2841 1437 2894 super
1465 2843 1624 2881 omne
1656 2845 1876 2895 nomen,

288 2920 499 2974 idcirco
539 2919 591 2972 in
630 2919 848 2973 nomine
887 2917 1012 2975 Jesu
1061 2935 1224 2975 omne
1269 2936 1406 2990 genu
1446 2920 1682 2976 ﬂectitur
1713 2922 1878 2978 caele-

287 3013 483 3078 stium,
518 3011 859 3067 terrestrium
881 3052 895 3074 ,
931 3021 987 3067 et
1021 3013 1357 3068 iulernorum
1392 3014 1460 3067 ’⁸.
1510 3013 1577 3068 Ει
1627 3015 1754 3084 quia
1795 3023 1880 3070 est

290 3108 397 3160 hoc
433 3120 629 3159 nomen
675 3121 840 3175 super
876 3120 1038 3160 omne
1070 3122 1268 3161 nomen
1303 3124 1317 3162 :
1347 3106 1552 3162 idcirco
1587 3109 1640 3163 in
1693 3110 1878 3166 utultis

287 3195 741 3263 generationibus
813 3210 841 3248 a
912 3196 1060 3250 nullo
1115 3198 1558 3268 cognominatum
1609 3211 1694 3256 est
1739 3201 1874 3270 (50).

286 3287 528 3359 Scripsit
553 3288 765 3357 Moyses
788 3287 984 3342 librum
1002 3288 1250 3356 Genesis,
1271 3293 1322 3344 in
1341 3307 1448 3362 quo
1469 3293 1697 3362 legimus
1711 3301 1748 3349 Α
1761 3296 1882 3348 bra-

287 3381 444 3445 ham,
469 3390 526 3434 et
565 3393 661 3435 eos
685 3379 777 3450 qui
807 3394 874 3432 ex
902 3393 967 3433 eo
993 3381 1236 3448 generati
1271 3391 1422 3447 sunt,
1449 3384 1498 3435 in
1531 3385 1727 3452 quibus
1750 3392 1878 3438 sunt

279 3475 418 3544 justi
458 3473 836 3544 quamplurimi
861 3489 876 3537 ;
911 3473 1004 3527 sed
1035 3473 1210 3527 nullus
1238 3489 1301 3527 ex
1328 3474 1458 3542 ipsis
1485 3472 1644 3530 Jesus
1672 3476 1874 3530 meruit

286 3568 588 3624 nominari.
623 3566 810 3636 Neque
838 3565 972 3620 Abel
1009 3564 1166 3621 Jesus
1191 3567 1366 3624 dictus
1398 3577 1482 3622 est
1504 3608 1518 3630 .
1567 3583 1744 3638 neque
1785 3569 1875 3626 ille

285 3661 383 3730 qui
411 3661 576 3729 cwpit
609 3659 866 3713 invocare
897 3673 1094 3712 nomen
1131 3657 1344 3712 Domini
1376 3659 1505 3726 Dei;
1559 3675 1738 3729 neque
1785 3661 1875 3716 ille

281 3757 379 3826 qui
438 3754 643 3823 placuit
681 3753 816 3816 Deo,
871 3761 924 3806 et
955 3751 1251 3806 translatus
1319 3762 1444 3817 est,
1511 3754 1665 3823 cujus
1729 3768 1874 3808 mors

1981 2642 2096 2709 ejus
2133 2643 2269 2712 (52).
2300 2653 2355 2697 et
2387 2645 2625 2698 nondum
2660 2655 2837 2699 tamen
2871 2655 3096 2702 vocatus
3125 2657 3207 2703 est
3232 2647 3411 2705 Jesus.
3459 2649 3570 2706 Seu

1979 2735 2105 2791 Jesu
2144 2751 2341 2791 nomen
2382 2739 2557 2804 primo
2607 2737 2721 2805 (55)
2773 2738 2992 2792 invenio
3020 2740 3071 2793 in
3103 2740 3330 2807 Exodo;
3363 2751 3415 2797 et
3443 2743 3567 2798 volo

1983 2828 2174 2882 intueri
2203 2829 2422 2897 quando
2454 2828 2690 2894 primum
2730 2839 2924 2882 nomen
2953 2827 3079 2884 Jesu
3121 2833 3564 2902 cognominatur.

1985 2937 2004 2970 ‹
2030 2916 2212 2979 Venit,
2243 2919 2419 2987 inquit
2442 2919 2510 2980 2’,
2539 2916 2784 2980 Amalec,
2815 2927 2870 2971 et
2895 2922 3240 2990 expugnabat
3269 2921 3434 2977 Israel
3463 2963 3478 2987 ,
3513 2932 3569 2977 et

1980 3013 2118 3066 dixit
2145 3011 2356 3082 Moyses
2385 3012 2449 3064 ad
2474 3010 2658 3066 Jesum
2693 3017 2744 3068 in
2777 3013 3062 3084 Raphidim
3097 3014 3231 3083 (54).
3265 3033 3283 3067 ι
3322 3014 3449 3071 llaec
3481 3023 3566 3070 est

1981 3105 2153 3175 prima
2191 3105 2477 3173 appellatio
2511 3109 2746 3162 nominis
2773 3108 2922 3162 Jesu.
2959 3125 2977 3158 ι
3018 3106 3188 3176 Elige,
3219 3108 3415 3175 inquit,
3465 3109 3564 3162 tibi

1978 3197 2128 3250 viros
2159 3205 2410 3265 potentes
2437 3212 2503 3252 ex
2532 3200 2783 3254 omnibus
2816 3199 2942 3252 [iliis
2974 3199 3170 3262 Israel,
3199 3209 3255 3253 et
3279 3203 3564 3268 egredere,

1979 3300 2036 3345 et
2063 3288 2298 3360 conﬂige
2321 3304 2444 3343 cum
2487 3291 2712 3345 Amalec
2746 3292 3011 3346 crastino.
3034 3310 3052 3342 ι
3089 3290 3302 3361 Moyses
3337 3292 3563 3346 conﬁteo

1980 3392 2068 3437 tur
2094 3398 2199 3437 non
2241 3397 2400 3451 posse
2431 3399 2490 3439 se
2533 3384 2835 3439 exercitum
2885 3386 3115 3452 ducere,
3174 3384 3467 3438 conﬁtetur
3505 3399 3567 3438 se

1979 3493 2084 3531 non
2114 3491 2271 3545 posse
2296 3477 2542 3532 obtinere
2562 3516 2576 3540 ,
2607 3477 2856 3546 quamvis
2880 3494 3006 3533 eum
3057 3479 3124 3534 de
3159 3488 3305 3534 terra
3340 3477 3562 3550 Λεπριί

1977 3569 2251 3625 eduxerit.
2314 3569 2380 3622 Et
2429 3570 2572 3635 ideo,
2614 3570 2794 3640 inquit
2839 3571 2978 3640 (55),
3023 3573 3242 3626 vocavit
3289 3571 3473 3626 Jesum
3507 3581 3564 3626 et

1977 3662 2156 3717 dixit:
2191 3679 2210 3712 ‹
2237 3661 2389 3731 Elige
2431 3661 2525 3715 tibi
2573 3662 2758 3725 viros,
2797 3672 2853 3716 et
2885 3663 3170 3732 egredere.
3207 3682 3228 3716 ι
3274 3663 3435 3718 Vides
3475 3666 3561 3718 cui

1977 3755 2203 3809 cesserit
2259 3755 2478 3808 bellum
2509 3771 2704 3824 gerere
2746 3755 3037 3810 adversum
3080 3755 3322 3812 Amalec.
3371 3757 3426 3810 In
3461 3758 3564 3812 hoc

283 3850 507 3902 inventa
539 3862 644 3900 non
682 3852 797 3910 est;
847 3859 1019 3914 neque
1061 3845 1149 3899 ille
1176 3845 1268 3914 qui
1307 3846 1359 3900 in
1390 3846 1747 3916 generatione
1774 3863 1870 3900 sua
1904 3833 1946 3886 Β
1977 3848 2210 3916 primum
2231 3845 2344 3916 (56)
2375 3862 2568 3900 nomen
2589 3848 2847 3901 discimus
2874 3844 3026 3909 Jesu,
3048 3848 3134 3901 ubi
3169 3862 3293 3902 eum
3324 3849 3560 3917 primum

284 3941 436 3995 solus
479 3940 658 4009 justus
687 3941 939 3993 inventus
977 3951 1061 3994 est
1105 3939 1247 4009 apud
1283 3940 1449 3994 Deum
1480 3938 1596 3994 Noe
1627 3957 1639 3991 :
1672 3940 1766 3994 sed
1805 3957 1873 3996 ne

280 4036 406 4104 ipse
457 4035 674 4104 quidem
720 4034 812 4102 qui
865 4034 1321 4102 rcpromissiones
1373 4044 1664 4102 acceperat
1709 4041 1875 4086 testa-

283 4127 454 4182 menti
502 4126 775 4180 Abraham
809 4126 963 4194 (31);
1007 4142 1106 4181 nec
1140 4125 1228 4180 ille
1255 4125 1347 4195 qui
1379 4141 1446 4180 ex
1491 4141 1556 4182 eo
1592 4136 1749 4182 natus
1785 4135 1869 4182 est

354 4242 404 4274 ’⁸
429 4241 626 4312 Philip.
659 4258 718 4306 ιι,
749 4242 804 4306 9,
831 4242 916 4298 I0.
994 4243 1038 4274 ”
1065 4241 1233 4297 Exod.
1256 4258 1390 4308 xvu,
1415 4242 1469 4312 8,
1493 4243 1527 4298 9

357 4361 473 4433 (25)
497 4361 714 4428 Opibus.
748 4361 896 4417 Unus
915 4362 1090 4433 codex
1114 4362 1462 4417 Ehroicensis
1491 4381 1509 4414 ι
1538 4364 1818 4433 operibus,
1849 4382 1868 4416 ι

284 4431 477 4498 sicque
503 4433 664 4486 etiam
705 4433 865 4486 habet
896 4431 1307 4487 Gemeticensis.

354 4504 470 4576 (24)
496 4501 580 4556 Ea:
603 4501 819 4576 (ἓν-ατο.
843 4504 1002 4576 Deest
1036 4504 1086 4556 in
1116 4504 1501 4576 Sangerman.,
1529 4505 1870 4572 Ebroicensi,

279 4590 338 4630 et
366 4573 765 4644 Gemeticensi.
801 4573 964 4627 Paulo
1009 4584 1132 4643 post
1162 4578 1331 4630 codex
1363 4575 1650 4644 Sangerm.
1684 4577 1866 4640 habet,

284 4667 302 4697 ι
344 4645 599 4701 disserui.
633 4643 732 4697 Tui
761 4659 890 4698 sane
932 4645 1096 4700 nostri
1135 4647 1395 4712 temporis
1423 4687 1437 4710 ,
1475 4643 1499 4698 ἰ
1531 4657 1638 4701 etc.
1685 4645 1870 4701 Codex

279 4716 697 4780 Gemeticensis,
734 4735 752 4766 ‹
787 4715 1146 4769 disseruimus
1170 4756 1184 4778 ,
1220 4727 1278 4768 ut
1312 4717 1386 4768 tui
1440 4734 1571 4771 sane
1601 4734 1742 4771 nunc
1775 4735 1871 4770 no-

280 4799 326 4840 st
341 4787 384 4840 ri
411 4787 669 4852 temporis
698 4786 940 4839 Beseleel
974 4786 1294 4840 beneﬁcium
1329 4788 1417 4852 sit,
1459 4808 1476 4838 ι
1507 4790 1692 4856 sicque
1725 4805 1864 4843 unus

281 4858 651 4920 Ebroicensis,
688 4857 789 4909 nisi
834 4857 975 4925 quod
1025 4872 1121 4924 pro
1179 4875 1196 4908 ι
1237 4857 1594 4913 disseruimus
1630 4879 1646 4909 ι
1706 4860 1868 4913 habet.

287 4949 304 4978 ι
340 4927 680 4982 disserimus.
715 4946 734 4979 ›
760 4925 906 4982 Libri
935 4936 1091 4980 antea
1117 4928 1269 4990 editi,
1304 4947 1322 4980 α
1358 4929 1613 4995 disserui,
1649 4938 1707 4982 ut
1734 4944 1866 4984 sane

280 5013 432 5053 nunc
467 4999 637 5052 nostri
672 4999 932 5065 temporis
954 4996 1284 5052 Beselehelis
1309 5000 1497 5066 judicii
1529 5001 1620 5054 sit.
1661 5018 1680 5048 ι
1721 5000 1862 5052 Infra

278 5070 456 5124 codex
491 5068 892 5122 Gemeticensis
932 5079 984 5122 et
1032 5085 1171 5121 unus
1219 5070 1604 5134 Ehroicensis,
1658 5087 1676 5119 ι
1719 5071 1862 5137 quod

279 5140 445 5193 altari
473 5138 740 5207 proﬁciat,
777 5154 875 5193 nec
901 5139 1110 5209 argenti
1143 5142 1285 5208 quod
1329 5143 1610 5195 columnas
1644 5139 1729 5195 vel
1758 5141 1860 5195 Ec-

277 5211 465 5265 clesia:
490 5211 672 5272 bases,
715 5229 732 5260 ι
765 5219 872 5264 etc.

354 5280 474 5351 (25)
507 5279 667 5351 Libb.
694 5291 854 5351 antea
881 5281 1048 5343 editi,
1085 5303 1104 5334 ς
1144 5291 1234 5337 aut
1259 5280 1504 5348 capitella
1537 5281 1774 5341 decoret,
1813 5281 1859 5351 si

281 5349 465 5406 nullus
496 5351 547 5404 in
579 5350 665 5406 his
695 5349 801 5406 illis
828 5351 1098 5420 lapidibus
1125 5356 1216 5420 qui
1251 5353 1392 5419 logia
1415 5352 1650 5405 insertus
1681 5350 1865 5416 ponti-

279 5422 440 5477 ﬁcale
474 5423 856 5476 vestimentum
907 5433 960 5477 et
1004 5436 1242 5479 vestrum
1293 5424 1641 5486 divinorum,
1680 5438 1698 5471 ι
1731 5429 1866 5487 etc.,

279 5494 376 5549 sed
407 5505 598 5546 omnes
630 5507 761 5546 mss.
791 5503 850 5546 ut
877 5494 930 5548 in
967 5505 1157 5549 nostro
1187 5504 1355 5548 textu.

355 5563 469 5632 (26)
501 5563 685 5632 Codex
712 5561 1108 5620 Gemeticensis
1134 5605 1148 5628 ,
1184 5584 1202 5616 ‹
1241 5565 1293 5618 id
1325 5573 1478 5618 certe
1526 5559 1774 5632 perspice
1818 5561 1865 5616 si

279 5631 372 5688 vel
414 5649 548 5702 pure
579 5631 785 5705 aliquid
821 5635 874 5688 in
909 5636 994 5689 his
1028 5635 1226 5705 egregii
1275 5635 1509 5697 decoris,
1532 5631 1606 5684 ut
1635 5633 1779 5705 cocci
1813 5641 1868 5686 et

282 5704 737 5778 inystici_colo_ris
766 5704 1042 5778 interitur.
1074 5726 1092 5759 ι
1127 5704 1201 5761 ιιξι
1229 5722 1440 5778 quoque
1464 5705 1656 5776 legitur
1679 5704 1732 5757 in
1759 5718 1864 5758 uno

279 5775 473 5832 codice
505 5774 844 5832 Ebroicensi.

1975 3940 2218 3993 videmus
2268 3937 2382 4007 (57)
2438 3939 2630 3992 ducem
2687 3941 3141 3995 exercitusznon
3209 3943 3296 3994 cui
3343 3940 3559 4011 Moyses

1973 4030 2275 4097 injunxerit
2301 4030 2665 4099 principatum
2697 4070 2711 4094 ,
2742 4030 2836 4085 sed
2870 4032 2956 4086 cui
3001 4033 3232 4087 cesserit
3262 4032 3555 4102 primatum

1977 4121 2116 4196 (58).
2175 4120 2294 4177 Non
2351 4131 2530 4192 potest
2585 4122 2798 4193 Moyses
2853 4123 3054 4196 eligere
3092 4125 3240 4180 viros
3292 4133 3559 4196 potentes.

2049 4359 2161 4427 (27)
2198 4359 2379 4413 Color.
2408 4357 2571 4412 Deest
2601 4361 2652 4412 in
2689 4375 2786 4413 ms.
2825 4359 3308 4430 Sangermanensi.

2055 4430 2164 4501 (28)
2199 4431 2326 4484 Mss.
2367 4448 2384 4480 ι
2426 4431 2671 4501 deberet.
2721 4448 2739 4480 ι
2776 4430 2946 4492 Alias,
2983 4449 3001 4482 ι
3035 4433 3210 4485 debet.
3257 4450 3276 4482 ι

2049 4500 2162 4569 ('29)
2203 4502 2385 4554 Codex
2431 4500 2716 4567 Sangerm.
2757 4519 2775 4551 ‹
2800 4516 2962 4568 supra
2997 4517 3157 4555 ouine
3191 4517 3405 4556 nomen.
3439 4521 3458 4553 δ

2048 4571 2162 4640 (50)
2205 4572 2384 4625 Codex
2421 4570 2833 4630 Gemeticensis,
2880 4589 2897 4621 α
2936 4572 3140 4625 idcirco
3177 4573 3362 4626 multis
3399 4586 3562 4636 gene-

1979 4645 2280 4697 rationibus
2307 4643 2357 4694 in
2388 4642 2534 4695 nullo
2557 4643 2998 4713 cognominatum
3028 4653 3164 4707 est,»
3189 4643 3375 4712 sicque
3397 4643 3560 4698 habet

1977 4730 2112 4767 unus
2151 4713 2514 4767 Ebroicensis.

2046 4785 2158 4853 (51)
2200 4783 2369 4837 Codd.
2426 4782 2820 4837 Gemelicensis
2881 4790 2935 4835 et
2991 4782 3360 4844 Ebroicensis,
3418 4783 3556 4838 «sed

1977 4870 2078 4909 nec
2114 4857 2225 4922 ipse
2241 4854 2460 4924 quidem
2483 4855 2575 4924 qui
2603 4853 3046 4924 repromissionis
3079 4865 3367 4925 acceperat
3393 4865 3558 4909 testa-

1972 4935 2233 4979 mentum.
2262 4945 2278 4975 1

2043 4995 2153 5074 (52)
2199 4995 2366 5048 Domo
2416 4995 2550 5065 ejus.
2599 4995 2655 5050 In
2687 4994 2874 5050 codice
2909 4994 3372 5065 Sangermanensi
3405 4995 3558 5051 deest

1975 5085 1993 5117 ι
2037 5082 2175 5128 eius.
2216 5085 2234 5118 ι

2041 5135 2153 5218 (55)
2185 5136 2354 5218 Codd.
2380 5135 2665 5218 Sangerm.
2695 5145 2752 5189 et
2780 5135 3199 5203 Gemeticensis,
3227 5139 3550 5209 «primum»

1889 5184 1934 5242 C
1967 5184 2654 5274 ιῑὺῖζέὗίἰῖῖῷἶίἶῖἷόξῖ

2040 5279 2153 5351 (54)
2193 5277 2376 5351 Codex
2413 5278 2720 5351 sangertn.,
2758 5295 2776 5327 ‹
2808 5276 3078 5351 Ral‘a_dim.
3105 5299 3123 5332 ι

2042 5347 2155 5420 (55)
2197 5348 2264 5402 Ει
2290 5351 2428 5411 ideo,
2458 5349 2650 5412 inquit,
2682 5350 2888 5420 vocavit
2921 5347 3103 5405 Jesum
3142 5360 3189 5404 et
3228 5349 3392 5407 dixit.
3427 5347 3554 5404 Haec

1972 5419 2171 5474 desunt
2205 5421 2256 5472 in
2299 5420 2487 5473 codice
2519 5419 2910 5474 Gemeticensi.

2038 5493 2151 5558 (56)
2193 5489 2344 5560 Mss"
2402 5509 2420 5540 (
2454 5492 2709 5558 primum.
2743 5509 2760 5541 ›
2793 5490 2947 5544 Libb.
2984 5490 3139 5551 editi,
3181 5507 3200 5541 ι
3227 5491 3422 5560 primo.
3454 5510 3473 5542 ι

2035 5564 2149 5628 (57)
2194 5559 2436 5612 Primum
2470 5561 2725 5613 videmus.
2771 5561 2828 5614 lu
2861 5561 3051 5615 codice
3081 5559 3369 5629 Sangerm.
3399 5564 3554 5616 deest

1971 5654 1989 5684 ι
2021 5646 2279 5685 υτιιιιυιιι.
2312 5649 2330 5682 Ι

2021 5651 2279 5702 primum.
2312 5651 2330 5682 Ι

2039 5701 2150 5771 (58)
2192 5702 2348 5769 Mss.,
2404 5720 2423 5756 ς
2449 5702 2768 5772 primatum.
2798 5720 2816 5754 ι
2871 5701 3025 5757 Libb.
3068 5701 3236 5768 editi,
3300 5722 3317 5754 ι
3343 5697 3552 5771 princi-

1965 5785 2174 5844 patum.
2207 5791 2227 5826 ι
