4050 6148
565 257 672 313 827

2034 251 2354 308 ORIGENIS
3717 245 3799 301 3’28

571 377 718 444 c'l‘u,
753 378 943 447 inquit,
977 377 1118 447 elige
1151 377 1242 432 tibi
1291 377 1438 432 viros
1482 385 1731 447 potentes
1777 389 1848 432 ex
1889 375 2142 432 omnibus
2171 380 2218 436 Α
2316 373 2371 428 5.
2434 371 2550 438 Quo
2601 371 2762 442 igitur
2825 370 2978 425 nobis
3027 369 3138 424 haec
3201 379 3404 426 cuncta
3458 372 3801 440 prospiciunt?

570 470 698 524 Iiliis
737 469 924 526 Israel.
955 488 975 522 ι
1033 468 1132 524 Hic
1173 485 1303 540 ergo
1334 471 1422 525 ubi
1473 471 1708 539 primum
1742 472 1892 527 disco
1945 485 2139 526 nomen

563 558 718 626 Jesu.
749 562 818 614 ibi
850 564 1106 617 continuo
1138 563 1300 616 etiam
1335 564 1578 636 mysterii
1629 565 1786 621 video
1830 579 2142 621 sacramen-

567 658 680 704 tmn
713 669 730 709 :
762 652 911 707 ducit
936 655 1079 707 enim
1107 656 1405 708 exercitum
1431 653 1611 709 Jesus.

635 744 691 798 2.
738 763 756 796 ι
788 746 853 799 Et
891 746 1093 801 factum
1129 759 1212 803 est
1249 764 1370 802 cum
1411 747 1699 805 extolleret
1744 767 1938 807 manus
1989 768 2140 822 suas,

566 835 937 894 invalescebat
990 839 1179 897 Israel.
1238 842 1370 896 Cum
1424 853 1604 897 autem
1643 844 1903 914 dejiceret
1949 864 2143 904 manus

565 942 713 992 suas,
745 928 1109 986 invalescebat
1131 932 1350 987 Amalec
1373 935 1440 989 ³ο.
1471 955 1490 988 ι
1529 934 1680 990 Τυηο
1709 951 1836 1006 ergo
1856 936 2143 995 invalescit

561 1018 721 1076 Jesus
746 1024 937 1092 magis,
986 1035 1041 1080 et
1069 1035 1197 1082 tunc
1236 1027 1430 1096 vincit,
1476 1030 1696 1098 quando
1725 1029 1942 1102 Moyses
1979 1034 2143 1102 erigit

565 1129 756 1168 manus
781 1129 928 1168 suas.
971 1117 1156 1172 Victus
1177 1128 1260 1174 est
1285 1131 1465 1174 autem
1489 1121 1719 1190 populus
1757 1123 1847 1178 ille
1875 1125 1943 1180 ab
1975 1127 2141 1180 Ama-

563 1203 646 1258 lec
677 1204 810 1277 (39),
836 1209 1089 1276 quoniam
1116 1210 1229 1280 jam
1254 1227 1360 1266 non
1387 1215 1628 1284 erigebat
1653 1233 1842 1274 manus
1865 1233 2013 1284 suas,
2044 1221 2138 1275 sed

561 1305 723 1349 erant
783 1299 1033 1356 demissae
1087 1302 1341 1360 deorsum
1388 1307 1514 1360 :illi
1562 1318 1690 1362 sunt
1740 1310 1883 1365 enim
1942 1311 2139 1381 quibus

562 1387 765 1441 dicitur
794 1390 834 1420 ³¹
865 1406 881 1444 :
917 1410 935 1443 ε
961 1390 1016 1447 Si
1049 1395 1347 1451 crederetis
1377 1397 1583 1468 Moysi,
1624 1401 1924 1457 crederetis
1952 1405 2140 1474 utique

560 1487 614 1532 et
644 1481 796 1536 mihi.
825 1482 890 1538 Et
915 1500 1042 1540 ecce
1072 1503 1158 1542 me
1200 1490 1366 1546 vultis
1399 1493 1651 1550 occidere
1698 1497 1788 1563 qui
1821 1495 1994 1567 legem
2029 1514 2135 1553 non

561 1573 814 1630 facitis?»
852 1577 1111 1635 Cessante
1141 1597 1376 1653 namque
1404 1584 1521 1655 lege
1549 1587 1688 1655 apud
1718 1587 1838 1643 illos
1865 1599 1921 1644 et
1951 1591 2133 1659 operi-

560 1665 662 1721 bus
689 1667 856 1739 legis,
909 1672 1033 1740 quia
1077 1675 1203 1729 dum
1241 1692 1391 1732 suam
1425 1678 1693 1746 justitiam
1735 1691 1986 1750 quaerunt
2019 1691 2132 1736 sta-

562 1768 736 1826 tuere,
764 1761 989 1830 justitiae
1010 1767 1103 1820 Dei
1133 1785 1236 1823 non
1271 1781 1396 1824 sunt
1439 1771 1691 1840 subjecti,
1725 1773 1973 1829 demissae
2003 1783 2129 1829 sunt

562 1869 754 1909 manus
782 1855 972 1929 Moysi,
1009 1861 1232 1915 invaluit
1264 1864 1648 1931 incredulitas,
1696 1869 1939 1923 vincitttr-
1962 1884 2131 1938 popu-

560 1942 662 2000 lus.
692 1945 797 2001 Sed
833 1959 886 2004 et
913 1949 1121 2023 Nabad,
1157 1964 1205 2008 et
1235 1955 1412 2011 Abittd
1437 1996 1451 2018 ,
1480 1969 1534 2010 et
1561 1957 1784 2012 Eleazar
1813 1960 2128 2029 relinquun-

561 2044 650 2090 tur
690 2039 742 2092 in
765 2046 985 2109 castris,
1029 2056 1084 2099 ut
1114 2047 1356 2115 judicent
1383 2049 1634 2120 populum
1667 2051 1735 2104 ³⁸.
1784 2051 2131 2123 Relinquitur

557 2129 720 2185 etiam
753 2131 941 2191 Jotltor
966 2139 1078 2210 (40)
1107 2149 1161 2193 et
1215 2141 1331 2210 ipse
1387 2150 1445 2194 ttt
1479 2141 1684 2210 judicet
1719 2144 1970 2213 pupulum
2003 2162 2127 2200 cum

557 2225 638 2279 eis
664 2225 728 2284 ³³.
760 2227 918 2284 Jesus
966 2247 1096 2286 vero
1145 2250 1249 2289 non
1295 2236 1710 2306 derelinquitur,
1745 2241 1838 2293 sed
1883 2243 2129 2310 sequitur

558 2314 776 2387 Moysen
829 2319 885 2373 in
919 2331 1154 2380 montem
1198 2341 1319 2381 cum
1356 2331 1590 2400 quadam
1626 2332 1928 2399 adjectioue
1973 2336 2127 2390 verbi

558 2409 848 2478 tuirabilis,
888 2415 940 2468 itt
983 2432 1050 2471 eo
1081 2421 1223 2489 quod
1261 2422 1393 2476 dicit
1436 2424 1559 2494 quia
1611 2427 1898 2482 assistebat
1934 2426 2126 2500 Moysi.

557 2500 837 2566 Quomodo
865 2509 1198 2564 assistebat?
1221 2528 1327 2567 non
1360 2523 1419 2567 ut
1445 2518 1736 2582 secundus,
1767 2535 1873 2575 non
1904 2506 1963 2575 tit
1994 2521 2131 2576 infe-

558 2603 692 2663 rior,
731 2603 827 2656 sed
885 2611 945 2656 ut
985 2603 1199 2672 adjutor
1233 2616 1287 2662 et
1325 2620 1634 2681 protegens.
1685 2614 1789 2668 Sed
1829 2615 1958 2669 illud
2013 2617 2126 2687 (41)

555 2694 714 2758 quale
743 2702 847 2760 est,
872 2696 1013 2765 quod
1042 2711 1166 2751 cum
1206 2699 1382 2767 primo
1409 2701 1717 2758 nominatus
1756 2714 1858 2768 est,
1910 2721 2014 2760 non
2043 2715 2130 2761 est

556 2783 850 2840 iudicatum
907 2803 1101 2844 nomen
1134 2793 1304 2860 patris
1332 2793 1475 2864 ejus,
1524 2811 1700 2865 neque
1752 2797 1806 2851 in
1866 2800 2127 2866 secundo,

555 2894 734 2948 neque
778 2880 832 2934 in
874 2884 1072 2950 tertio;
1129 2900 1251 2939 cum
1285 2901 1416 2941 vero
1455 2897 1607 2956 pater
1651 2889 1768 2957 ejus
1818 2894 2131 2946 nominatur

556 2970 725 3037 Nave,
756 2983 881 3028 tunc
916 2975 1027 3044 ipse
1063 2991 1169 3031 non
1201 2976 1380 3043 Jesus,
1409 2981 1502 3034 sed
1533 2981 1677 3035 Ause
1708 2981 1946 3037 dicitur?
1982 2982 2131 3037 Inter

2247 464 2452 535 Nempe
2491 479 2557 519 eo
2581 467 2724 532 quod
2764 465 2900 522 liber
2931 467 3022 521 hic
3054 483 3155 522 non
3191 478 3309 522 tam
3341 477 3494 536 gesta
3530 470 3677 525 nobis
3704 472 3799 544 (44)

2247 557 2344 610 lilii
2388 553 2534 611 Nave
2579 555 2799 620 indicet,
2844 573 3006 627 quam
3059 554 3184 612 Jesu
3240 558 3353 612 mei
3413 557 3621 613 Domini
3668 563 3802 620 nobis

2245 658 2587 704 sacramenta
2623 649 2896 718 depingat.
2939 649 3057 718 Ipse
3092 659 3174 704 est
3201 649 3356 703 enim
3397 652 3490 720 qui
3531 659 3648 720 post
3679 669 3801 708 mor-

2247 751 2353 796 tem
2385 741 2554 811 Moysi
2585 743 2823 811 suscepit
2856 743 3142 812 imperium
3169 783 3185 808 ,
3229 744 3352 812 ipse
3411 752 3496 796 est
3539 744 3624 812 qui
3675 747 3801 801 ducit

2243 836 2567 899 exercitum,
2621 844 2676 888 et
2706 833 2950 905 conﬂigit
2978 835 3243 890 adversus
3288 837 3514 892 Amalec
3544 857 3557 892 :
3585 851 3637 895 et
3676 845 3798 912 quod

2247 926 2316 980 ibi
2351 927 2777 981 adumbrabatur
2805 928 2917 995 (45)
2965 927 3016 981 in
3048 935 3236 982 monte
3279 931 3535 984 manibus
3568 936 3798 997 extensis,

2244 1017 2408 1087 alligit
2436 1020 2586 1074 cruci
2617 1035 2728 1074 sua:
2760 1019 2926 1090 398
2963 1021 3315 1090 triumphans
3356 1024 3716 1094 principatus,
3754 1039 3798 1084 et

2243 1120 2538 1180 potestates
2559 1112 2610 1166 in
2644 1113 2955 1181 semetipso.
3013 1113 3328 1169 Defunctus
3371 1127 3456 1171 est
3492 1117 3649 1187 igitur
3672 1119 3798 1191 Moy-

2242 1205 2631 1259 seszcessavit
2657 1206 2803 1260 enim
2836 1206 2943 1264 lex.
2997 1207 3272 1274 Quoniam
3322 1211 3412 1265 lex
3460 1219 3514 1266 et
3555 1214 3796 1284 prophetat

2242 1312 2412 1366 usque
2470 1298 2537 1352 ad
2572 1297 2834 1354 Joannem
2863 1297 2928 1352 ³⁸.
2950 1298 3044 1356 Vis
3058 1308 3244 1355 autem
3265 1302 3337 1357 de
3380 1304 3673 1373 Scripturis
3699 1323 3799 1374 pro-

2243 1385 2410 1440 feram
2466 1388 2813 1454 documenta,
2867 1393 3010 1460 quod
3065 1393 3152 1447 lex
3209 1393 3432 1464 Moyses
3488 1397 3793 1465 appellatur?

2239 1479 2379 1532 Audi
2421 1479 2549 1548 quid
2593 1481 2726 1536 dicit
2755 1483 2807 1536 in
2841 1483 3139 1554 Evangelio
3167 1483 3214 1516 ³⁵
3250 1503 3264 1538 :
3301 1505 3320 1536 ι
3353 1485 3568 1541 Habent
3609 1487 3794 1558 Moysen

2240 1578 2293 1622 et
2318 1572 2629 1640 pr0phetas,
2651 1575 2876 1628 audiant
2905 1576 3044 1637 illos;
3080 1596 3099 1628 ι
3129 1575 3362 1647 Moysen
3393 1578 3577 1646 utique
3601 1579 3680 1633 hic
3697 1581 3793 1634 sine

2239 1660 2400 1716 dubio
2423 1662 2594 1732 legem
2619 1665 2908 1720 nominans
2938 1667 3077 1737 (46).
3099 1666 3406 1723 Defunctus
3433 1680 3657 1740 estergo
3674 1670 3794 1740 Moy-

2160 1738 2202 1793 Β
2229 1767 2316 1808 ses
2335 1753 2564 1810 famulus
2587 1757 2676 1812 Dei
2698 1759 2980 1814 :defuneta
3006 1771 3088 1816 est
3108 1761 3256 1816 enim
3278 1761 3389 1828 lex,
3409 1774 3464 1818 et
3486 1738 3664 1833 legalia
3681 1780 3795 1834 pra-

2234 1845 2514 1913 ceptajam
2531 1859 2770 1902 cessant.
2795 1851 2904 1905 Aut
2928 1853 2972 1905 si
2992 1867 3182 1919 parum
3210 1853 3331 1923 (47)
3369 1855 3464 1908 tibi
3488 1856 3793 1909 auctoritatis

2233 1937 2472 2006 videtur,
2491 1955 2613 1994 cum
2638 1956 2667 1994 a
2693 1958 2778 1996 me
2806 1943 2905 1998 ista
2932 1943 3310 2011 proferuntur,
3329 1961 3560 2015 sequere
3577 1947 3789 2017 Apostoli

2233 2029 2634 2096 auctoritatem,
2681 2033 2912 2090 dicentis
2941 2036 2986 2066 ³⁸
3016 2039 3279 2107 quoniam
3330 2058 3350 2091 ι
3373 2040 3565 2094 mulier
3606 2042 3792 2095 vivente

2233 2119 2350 2173 viro
2368 2121 2584 2193 alligata
2601 2137 2683 2180 est
2703 2126 2827 2198 legi,
2847 2138 2904 2183 et
2927 2131 3169 2186 adultera
3191 2133 3570 2188 nominabitur
3585 2133 3628 2186 si
3650 2132 3790 2188 fuerit

2232 2228 2352 2266 cum
2371 2214 2477 2270 alio
2502 2217 2640 2285 viro;
2667 2221 2710 2274 si
2747 2237 2876 2277 vero
2907 2233 3155 2280 mortuus
3179 2225 3350 2280 fuerit.
3379 2226 3464 2280 vir
3485 2226 3616 2295 ejus.
3639 2225 3788 2279 soluta

2179 2309 2183 2312 ’
2231 2314 2314 2358 est
2340 2321 2369 2358 a
2403 2306 2521 2378 lege
2545 2311 2667 2376 viri,
2700 2322 2756 2366 ιιι
2779 2313 2890 2380 jam
2923 2332 3027 2370 non
3053 2317 3125 2372 sit
3148 2317 3424 2383 adultera,
3446 2319 3488 2373 si
3516 2318 3663 2372 fuerit
3685 2332 3786 2372 cum

2233 2408 2338 2462 alio
2377 2407 2514 2460 viro.
2552 2427 2570 2460 ι
2617 2407 2897 2463 Mulierem
2947 2410 3064 2464 sine
3093 2411 3262 2466 dubio
3307 2413 3542 2466 animam
3577 2412 3790 2465 nominat

2232 2498 2367 2572 (48),
2421 2513 2540 2569 qua:
2566 2500 2668 2553 sub
2695 2499 2862 2570 Moysi
2891 2500 3007 2570 lege
3035 2503 3353 2566 tenebatur,
3394 2504 3461 2558 de
3506 2519 3603 2572 qua
3630 2502 3744 2556 dicit
3771 2517 3785 2554 :

2239 2592 2493 2646 «Vivente
2530 2593 2646 2646 viro
2687 2592 2908 2663 alligata
2941 2605 3026 2650 est
3067 2596 3193 2665 legi.
3224 2595 3305 2657 .Si
3358 2607 3538 2651 autem
3569 2605 3786 2649 mortuus

2231 2684 2395 2740 fuerit
2427 2686 2506 2738 vir
2526 2684 2698 2753 ejus,»
2733 2687 2853 2741 sine
2883 2686 3046 2742 dubio
3075 2687 3514 2753 lex,absolutam
3543 2690 3663 2742 dicit
3684 2702 3782 2741 eam

2233 2779 2468 2831 animam
2491 2793 2610 2848 qua:
2635 2778 2920 2834 videbatur
2949 2795 3069 2835 esse
3108 2783 3382 2853 subjecta.
3432 2781 3634 2838 Idcirco
3675 2795 3782 2850 ergo

2231 2872 2404 2943 legem
2439 2887 2665 2928 necesse
2688 2882 2772 2928 est
2795 2875 2953 2941 mori,
2983 2885 3044 2929 ut
3066 2879 3155 2945 qui
3179 2879 3419 2932 credunt
3452 2879 3504 2932 in
3525 2876 3642 2932 Iesu
3663 2876 3776 2946 (49),

2193 2980 2198 2984 ·
2232 2979 2576 3032 nequaquam
2617 2965 2867 3019 adulterii
2897 2968 3100 3021 crimen
3133 2969 3445 3024 incurrant.

555 3079 651 3117 eos
694 3066 839 3118 enim
880 3066 970 3133 qui
1021 3066 1357 3135 exploratum
1401 3069 1511 3141 (42)
1555 3071 1704 3125 missi
1739 3081 1884 3138 sunt,
1926 3087 2125 3127 nomen

2306 3059 2360 3111 4.
2401 3056 2560 3113 Jesus
2589 3058 2756 3128 igitur
2791 3058 3051 3114 Dominus
3079 3071 3132 3116 et
3165 3061 3427 3118 Salvator
3458 3077 3603 3117 meus
3625 3072 3780 3115 susce-

556 3155 674 3222 ejus
697 3156 841 3209 Ause
876 3156 1133 3210 scribitur
1155 3197 1172 3214 .
1249 3160 1318 3216 Et
1348 3160 1616 3226 fortassis,
1644 3172 1700 3216 ut
1731 3164 1862 3216 tnibi
1890 3165 2130 3231 videtur,

559 3259 660 3314 pro
694 3245 1057 3313 exploratoris
1082 3249 1258 3303 ollicio
1289 3266 1392 3304 nou
1428 3251 1587 3306 Jesus
1607 3293 1622 3317 ,
1659 3254 1750 3308 sed
1780 3255 1926 3309 Ause
1957 3255 2134 3312 dictus

555 3345 660 3400 est,
696 3345 751 3391 et
777 3336 922 3392 Nave
953 3338 1092 3392 lilius
1129 3341 1456 3396 nominatur.
1489 3345 1622 3399 Cum
1648 3363 1775 3402 vero
1807 3348 1945 3403 redit
1971 3365 2132 3418 Opere

557 3428 806 3497 expleto,
840 3439 894 3485 et
929 3432 1233 3500 perterritis
1274 3437 1526 3490 omnibus
1574 3439 1720 3492 solus
1756 3441 2004 3495 sublevat
2049 3442 2132 3496 la-

557 3537 709 3590 p:os,
743 3523 1281 3594 desperatimtemque
1318 3529 1496 3596 populi
1537 3530 1687 3585 solus
1718 3533 1898 3602 erigit,
1933 3543 2058 3590 tunc
2101 3551 2129 3590 a

558 3613 740 3685 Moyse
797 3616 954 3673 Jesus
993 3621 1303 3674 nominatus
1343 3630 1467 3675 est:
1497 3639 1594 3676 nec
1634 3622 1780 3679 Nave
1823 3625 1962 3680 lilius
1993 3626 2127 3680 dici-

558 3717 666 3774 tur,
693 3713 789 3764 sed
827 3710 913 3764 ille
941 3713 1008 3766 ad
1036 3729 1194 3780 quem
1220 3715 1434 3769 dixerat
1463 3715 1710 3786 Moyses:
1742 3737 1759 3768 ‹
1795 3717 1944 3771 Educ
1978 3734 2132 3772 exer-

557 3799 749 3867 citum,
777 3811 830 3856 et
855 3805 1087 3875 conﬂige
1115 3822 1238 3860 cum
1264 3807 1539 3864 Amalec.»
1565 3807 1697 3861 lllttd
1725 3809 1889 3863 etiam
1923 3810 2130 3865 intuen-

559 3900 658 3958 tes,
693 3896 1116 3964 magnitudinem
1152 3896 1268 3966 ejus
1297 3900 1642 3968 pervidemus
1668 3941 1684 3966 ,
1731 3903 1876 3970 quod
1919 3918 2040 3956 cum
2072 3904 2125 3956 in

556 3984 1032 4056 transfiguratione
1053 3990 1233 4043 vultus
1261 3988 1461 4060 Moysei
1500 3989 1634 4062 (45),
1675 3993 1854 4046 omnis
1897 3993 2127 4048 filiorum

554 4076 720 4131 Israel
747 4078 1028 4134 hebetaret
1062 4090 1336 4150 aspectus,
1373 4097 1472 4136 nec
1498 4083 1694 4152 aliquis
1720 4092 1902 4152 posset
1928 4085 2128 4140 intueri

556 4168 752 4225 faciem
792 4171 972 4224 vultus
1002 4171 1138 4241 ejus,
1170 4171 1326 4226 Jesus
1355 4189 1458 4227 non
1491 4174 1663 4228 solum
1688 4173 1877 4229 faciem
1901 4186 2130 4230 contue-

555 4271 661 4327 tur,
699 4279 885 4317 verum
921 4263 1082 4318 etiam
1113 4262 1166 4316 in
1195 4263 1540 4320 interioribus
1571 4267 1900 4323 tabernaculi
1931 4278 2131 4339 myste-

557 4356 764 4410 riorum
801 4355 1058 4411 conscius
1084 4365 1424 4425 perseverat.

626 4543 670 4576 ⁸ο
696 4543 1003 4606 Εκοι1.χνιι,
1031 4542 1117 4597 Il.
1181 4543 1224 4574 ³¹
1250 4544 1407 4598 Joan.
1432 4559 1486 4611 v,
1515 4543 1606 4609 46,
1629 4552 1683 4600 et
1704 4561 1800 4612 vn,
1830 4545 1911 4602 l9.
1971 4545 2014 4578 ³³
2045 4545 2425 4614 Exod.xxvut,
2447 4547 2501 4602 I.

554 4629 666 4680 xw,
699 4615 790 4672 29.
869 4616 914 4646 ³⁸
942 4614 1098 4668 Rom.
1123 4629 1222 4680 vn,
1244 4613 1299 4680 2,
1321 4614 1373 4667 ὅ.

2237 3150 2317 3220 pit
2344 3151 2709 3220 principatum
2740 3170 2752 3204 :
2781 3162 2858 3218 et,
2894 3152 2939 3206 si
2988 3153 3227 3218 videtur,
3278 3154 3618 3209 conferamus
3654 3159 3777 3220 gesta

2233 3243 2402 3316 Moysi
2431 3259 2556 3299 cum
2598 3246 2898 3315 principatu
2927 3245 3075 3302 Jesu.
3125 3248 3260 3302 Cum
3308 3248 3519 3318 Moyses
3557 3247 3777 3301 educeret

2230 3337 2492 3405 p0pu|um
2529 3338 2596 3392 de
2633 3348 2777 3392 terra
2816 3338 3033 3409 Egypti
3056 3379 3070 3403 ,
3101 3340 3281 3396 nullus
3313 3343 3445 3395 ordo
3476 3341 3526 3394 in
3576 3335 3773 3408 populil.

2231 3428 2376 3482 nulla
2413 3429 2465 3482 in
2499 3428 2878 3485 sacerdotibus
2898 3431 3263 3486 observantia.
3295 3432 3773 3498 Transeuntaquam

2231 3524 2420 3588 maris,
2451 3538 2646 3591 aquam
2671 3525 2891 3587 salsam,
2921 3539 3020 3578 nec
3040 3527 3335 3594 quidquam
3355 3527 3407 3580 in
3431 3541 3488 3580 se
3507 3518 3774 3579 dulcedinis

2229 3617 2624 3680 continentem,
2653 3624 2707 3668 et
2734 3631 2920 3670 murus
2955 3628 3073 3671 erat
3116 3617 3196 3672 eis
3232 3634 3374 3688 aqua
3419 3618 3598 3671 dextra
3632 3613 3771 3666 bera-

2229 3725 2352 3777 que.
2390 3708 2516 3763 Haec
2560 3708 2778 3780 Moyseo
2824 3711 2960 3764 duce
3004 3719 3156 3778 gesta
3211 3710 3600 3781 cognoscimus.
3655 3704 3767 3758 Cum

2228 3817 2357 3855 vero
2411 3803 2668 3858 Dominus
2723 3820 2876 3860 meus
2937 3806 3087 3860 ducit
3146 3805 3471 3868 exercitum,
3526 3813 3636 3869 quae
3664 3799 3771 3849 sunt

2227 3909 2348 3964 qua:
2397 3896 2564 3949 etiam
2617 3905 2743 3950 tune
2794 3897 3264 3953 adumbrabantur
3325 3897 3436 3966 (50)
3501 3891 3766 3946 videamUS-

2231 3988 2555 4043 Sacerdotes
2585 3992 2918 4059 praecedunt,
2947 4005 3076 4044 arca
3123 3990 3430 4045 testamenti
3463 3991 3690 4058 portatur
3723 3977 3765 4028 in

2230 4080 2472 4135 humeris
2501 4083 2868 4146 sacerdotum,
2895 4097 3160 4150 nusquam
3190 4082 3300 4149 jam
3333 4095 3508 4144 mare,
3538 4081 3766 4140 nusquam

2229 4170 2404 4226 salsus
2434 4171 2630 4227 fluctus
2673 4175 2936 4238 occurrit,
2971 4175 3064 4228 sed
3105 4175 3241 4228 duce
3271 4173 3493 4227 Domino
3519 4181 3628 4222 meo
3654 4163 3764 4218 Jesn

2229 4265 2390 4319 venio
2449 4265 2515 4318 ad
2547 4263 2875 4330 Iordanem,
2932 4275 2987 4320 et
3035 4268 3192 4322 venio
3236 4285 3344 4324 non
3395 4257 3763 4337 perturbatione

2232 4358 2392 4428 fugas.
2428 4372 2602 4428 neque
2625 4358 2948 4428 perterritus
2973 4370 3143 4425 metu,
3163 4361 3258 4415 sed
3289 4359 3444 4416 venio
3473 4369 3583 4410 cum
3608 4357 3762 4402 sacer-

3593 4537 3632 4569 ³⁸
3647 4532 3756 4588 Luc.

2575 4546 2620 4578 ³³
2644 4547 2811 4602 Exod.
2835 4563 2988 4602 xvnt.
3066 4552 3110 4584 ³⁸
3133 4546 3322 4604 Matth.
3345 4544 3522 4609 $1.15.

630 4732 743 4804 (39)
787 4731 946 4787 Libb.
981 4745 1138 4787 antea
1169 4733 1324 4796 editi,
1365 4752 1383 4784 ι
1408 4735 1583 4788 victus
1610 4743 1790 4804 autem
1833 4743 1919 4788 est
1956 4748 2128 4803 popu-
2158 4739 2203 4795 D
2230 4734 2369 4804 liber
2403 4732 2565 4804 Josue
2591 4735 2730 4804 apud
2762 4733 3016 4796 Hebraeos
3042 4742 3124 4787 est
3151 4735 3528 4804 prophetarum
3562 4721 3755 4795 primus.

555 4803 647 4862 Ius
672 4806 761 4859 ille
800 4805 869 4858 ab
917 4805 1158 4858 Amalec.
1190 4823 1207 4856 ι
1247 4804 1352 4875 Sed
1401 4805 1568 4875 codex
1615 4803 2126 4875 Sangermaueusm,

561 4899 580 4932 ι
614 4879 786 4930 victor
814 4883 897 4930 est
921 4885 1100 4930 autem
1127 4874 1353 4943 pOlelllS
1379 4874 1467 4928 ille
1498 4874 1786 4928 Amalec.)

628 4948 745 5019 (40)
786 4946 938 5019 Ms_s.,
995 4944 1366 5019 {relinquitur
1413 4945 1577 5019 etiam
1623 4943 1843 5019 ilothor.
1882 4962 1901 4996 ι
1965 4944 2127 5001 Libb.

557 5014 720 5073 antea
749 5017 913 5083 editi,
951 5035 969 5067 t
993 5016 1392 5085 derelinquitur
1423 5016 1585 5069 etiam
1615 5014 1826 5068 Jethro.
1861 5034 1880 5067 ι

629 5087 742 5159 (41)
791 5087 948 5159 Libb.
998 5086 1150 5159 editi,
1218 5086 1482 5155 «adjutor
1543 5096 1856 5155 protegens.
1915 5085 2024 5140 Sed
2081 5095 2135 5140 et

557 5155 761 5217 illud.)
800 5155 925 5212 Mss.
955 5166 1012 5210 ut
1041 5157 1091 5209 in
1125 5167 1308 5210 nostro
1333 5166 1500 5210 textu.

631 5229 746 5302 (42)
789 5230 966 5302 Codex
983 5227 1317 5302 _Sang_erm.,_
1343 5244 1362 5276 ‹
1387 5229 1476 5296 qui
1516 5225 1924 5295 exploratum.)
1971 5224 2128 5281 Libb.

557 5297 736 5362 editi,»
777 5318 796 5351 ι
818 5300 909 5368 qui
931 5298 996 5351 ad
1024 5297 1434 5367 explorandum.
1476 5317 1494 5348 ι

631 5369 745 5444 (45)
779 5364 931 5444 Idem
965 5364 1107 5444 ms..—
1130 5387 1148 5418 ι
1178 5367 1748 5444 in-trattsflguratione
1769 5366 1950 5421 vultus
1987 5364 2134 5444 Moy-

561 5437 665 5496 sei‘.
705 5437 736 5492 ι’
777 5441 935 5495 Libb.
970 5440 1139 5503 editi,
1192 5456 1211 5488 ι
1245 5438 1296 5490 in
1361 5440 1891 5508 transligurationem
1955 5437 2134 5492 vultus

562 5513 789 5582 Moysi»
827 5510 996 5566 Codd.
1028 5509 1293 5582 Cemetic.
1331 5518 1388 5582 et
1435 5507 1673 5582 Ebroie.,
1730 5507 2134 5582 Stratisligura-

567 5578 770 5638 tim’tem
808 5583 985 5635 vultus
1039 5579 1204 5650 Moysi
1247 5581 1424 5634 omnis
1461 5580 1692 5635 filiorum
1731 5578 1895 5634 Israel
1940 5578 2135 5635 vitaret

563 5663 833 5708 asneetus.
874 5670 892 5703 Ι

628 5673 946 5798 Ιῢῧυῗίόεν
969 5723 1053 5777 hic
1081 5739 1184 5778 non
1219 5730 1324 5777 tam
1351 5731 1494 5792 gesta
1533 5721 1676 5777 nobis
1695 5763 1710 5791 ,
1737 5731 1843 5779 etc.
1876 5719 1942 5776 Et
1986 5729 2131 5778 certe

2303 4803 2416 4874 (45)
2458 4803 2638 4874 Codex
2674 4803 2984 4874 Sangertn.,
3023 4821 3042 4855 ι
3069 4803 3442 4874 adtitubratur.
3471 4819 3488 4852 ι
3716 4856 3727 4874 9

2303 4872 2416 4944 (46)
2469 4872 2638 4944 codd.
2683 4873 2968 4941 Saugerm.
3029 4886 3080 4927 et
3135 4873 3507 4934 Ebroiceusis,
3557 4884 3574 4917 t
3604 4873 3754 4918 nouu-

2229 4943 2402 5000 natts.
2426 4963 2444 4996 ι
2524 4943 2678 4997 Libb.
2711 4944 2862 5008 editi,
2901 4946 3216 4999 «nominat.
3243 4965 3260 4996 ι

2302 5015 2414 5083 (47)
2455 5013 2582 5068 Mss.
2636 5032 2654 5064 ι
2682 5029 2892 5079 parum.
2915 5031 2934 5066 ι
2980 5015 3135 5068 Libb.
3161 5016 3318 5079 editi,
3354 5032 3372 5066 t
3398 5025 3514 5066 non.
3544 5025 3561 5058 ι
3716 5065 3726 5076 ,

2303 5083 2419 5156 (48)
2474 5084 2623 5140 Unus
2653 5083 3030 5151 Ebroicensis,
3059 5095 3113 5140 et
3144 5085 3514 5156 Sangerman.,
3571 5083 3753 5128 «nom!-

2232 5171 2388 5213 naIlS.
2418 5173 2436 5207 ³
3454 5220 3508 5224 ___
3590 5213 3601 5224 .
3662 5202 3727 5224 _-_:

2307 5227 2418 5295 (49)
2471 5225 2652 5281 Codex
2697 5225 3090 5281 Gemeticensis
3131 5242 3258 5280 cum
3307 5219 3750 5295 unoAEbrqicetIglj

2233 5282 2416 5366 itaque
2442 5312 2572 5366 ergo
2609 5311 2831 5351 necesse
2863 5307 2946 5351 est
2974 5297 3078 5365 legi
3109 5300 3247 5351 mori
3276 5307 3335 5352 ut
3361 5293 3445 5365 qui
3475 5282 3749 5366 credatililf

2235 5352 2443 5421 Jesbm.
2471 5352 2693 5420 :"Alter
2744 5352 3112 5432 Ebroicensuis,
3160 5387 3178 5419 ι
3212 5352 3412 5422 idcirco
3460 5364 3653 5432 necesse
3679 5352 3748 5399 εει

2235 5436 2452 5507 Moysen
2485 5437 2643 5508 tnori,
2669 5457 2688 5489 ι
2721 5448 2826 5491 etc.
2861 5431 3143 5508 Sangerm.
3175 5447 3232 5491 ut
3265 5438 3318 5492 in
3353 5443 3523 5490 nostro
3547 5431 3690 5508 legit:

2307 5491 2422 5577 (ΒΟ)
2461 5491 2644 5562 Codex
2697 5491 3078 5576 Sangermji
3102 5491 3222 5576 qua:
3257 5491 3413 5564 etiam
3443 5512 3559 5576 tunc
3585 5491 3744 5577 ad???

2235 5569 2554 5652 braba'n‘tur.
2580 5595 2598 5629 ι
2666 5577 2781 5652 Duo
2811 5569 3200 5652 "Ebroicenses
3235 5590 3309 5652 _e_t
3371 5569 3745 5652 Gemetice‘nfli;

2247 5663 2404 5716 (qua:
2431 5648 2541 5718 jam
2575 5657 2701 5701 tunc
2723 5647 3138 5706 obumbrantur.
3174 5633 3195 5703 ἶ
3233 5650 3386 5707 Libb.
3432 5639 3566 5704 editi,
3611 5633 3746 5697 σφω

2232 5719 2345 5790 jam
2380 5728 2507 5774 tunc
2534 5719 2943 5776 adumbrantur.
2971 5737 2990 5771 t
