4050 6148
353 323 465 382 829

1381 333 1450 389 IN
1477 334 1737 392 LIBRUM
1763 333 1931 391 JESU
1959 335 2144 391 NAVE
2171 336 2459 393 HOMILIA
2483 338 2524 393 1.

3495 341 3598 396 850
3611 367 3622 377 -

355 441 572 498 dotibus
597 456 781 498 arcam
811 447 1115 500 testamenti
1143 447 1377 515 Domini,
1412 451 1464 504 in
1499 467 1602 522 qua
1634 453 1726 507 Dei
1758 452 1843 507 lex
1872 460 1926 507 et
1954 457 2002 509 A
2030 451 2317 507 Dominum
2349 454 2686 524 suscepimus
2707 495 2722 521 ,
2757 452 2850 508 sed
2886 468 2914 506 a
2950 451 3112 507 Patre
3155 450 3493 522 profectum,
3543 465 3600 511 et

353 533 554 588 divinae
582 534 777 590 litterae
815 550 1121 604 servantur,
1176 542 1478 597 cervicibus
1510 545 1624 599 suis
1657 546 1926 601 humeris-

354 635 466 689 que
511 627 852 692 portantibus
898 627 966 680 ³⁷.
1027 628 1306 700 lngredior
1339 631 1628 690 Jordanem
1663 653 1766 690 nam
1798 652 1922 691 cum

355 712 559 769 furtivo
589 716 826 783 silentio,
859 720 950 773 sed
982 721 1034 774 in
1085 723 1332 778 tubarum
1363 727 1610 781 cantibus
1641 730 1924 800 mysticum

352 803 614 870 quiddam
653 806 1004 878 divinumque
1045 814 1385 879 canentibus,
1436 826 1496 870 ut
1549 819 1615 872 ad
1661 819 1924 887 praedica-

361 897 566 952 tionem
621 899 760 955 tubze
804 902 1044 957 caelestis
1091 904 1362 961 incedam.
1399 907 1476 963 lbi
1523 910 1723 964 dictum
1771 921 1852 965 est
1881 912 1926 944 ³⁸

359 989 505 1056 quod
535 990 704 1045 divisa
744 1003 830 1047 est
867 1009 1003 1064 aqua
1036 996 1088 1049 in
1121 997 1252 1052 duas
1285 1012 1486 1068 partes,
1529 1012 1583 1056 et
1608 1019 1745 1057 unus
1771 1019 1926 1072 aquae

359 1097 550 1136 murus
583 1082 694 1154 (51)
747 1084 926 1140 factus
958 1099 1041 1142 est
1073 1104 1102 1142 a
1131 1091 1334 1146 dextris
1357 1133 1372 1158 ,
1428 1094 1564 1150 alius
1604 1111 1632 1148 a
1661 1095 1924 1154 sinistris.

356 1170 464 1226 Hic
489 1188 616 1228 vero
641 1176 733 1244 qui
764 1179 912 1233 venit
951 1179 1161 1235 solvere
1194 1185 1429 1239 medium
1461 1187 1721 1256 parietem
1756 1190 1926 1257 scpis,

358 1267 490 1323 fecit
515 1280 798 1342 utrumque
822 1275 933 1347 (52)
960 1293 1124 1332 unum
1158 1295 1172 1332 :
1197 1293 1265 1334 ex
1291 1295 1394 1334 una
1416 1281 1558 1334 enim
1590 1289 1742 1350 parte
1769 1295 1926 1336 erec-

359 1370 412 1413 ta
439 1371 520 1417 est
555 1377 716 1433 aqua,
742 1366 844 1421 alia
874 1383 1003 1422 vero
1030 1384 1155 1437 pars
1184 1369 1404 1425 deﬂuxit
1434 1372 1486 1426 in
1524 1387 1694 1428 mare.
1727 1373 1930 1429 Deinde

355 1454 453 1508 hic
487 1456 562 1509 ait
585 1456 630 1489 "
663 1474 678 1511 :
731 1477 750 1510 σ
777 1458 1086 1530 Pmparate
1121 1463 1273 1518 vobis
1299 1463 1450 1518 cibos
1491 1465 1558 1517 ad
1601 1465 1782 1532 viam;
1815 1484 1834 1518 ι
1873 1475 1928 1521 et

357 1546 541 1615 hodie,
581 1549 625 1604 si
661 1552 868 1613 audias,
926 1553 1055 1608 dicit
1099 1555 1191 1608 tibi
1223 1553 1378 1609 Jesus
1412 1573 1426 1610 :
1462 1555 1519 1610 Si
1547 1559 1791 1624 sequeris
1819 1573 1925 1625 me,

355 1655 603 1710 praepara
626 1641 776 1698 cibos
805 1643 871 1698 ad
898 1645 1038 1698 viam
1068 1645 1200 1717 (55).
1227 1647 1344 1700 Cibi
1368 1649 1566 1702 etenim
1593 1664 1754 1718 opera
1780 1663 1926 1716 sunt,

353 1748 478 1801 qua:
506 1749 604 1789 nos
631 1735 695 1788 ad
716 1735 952 1792 futuram
981 1740 1120 1794 viam
1156 1740 1293 1810 (51),
1317 1741 1464 1796 velut
1490 1742 1642 1798 lidele
1671 1744 1925 1800 viaticum

355 1829 707 1884 comitantur.
742 1830 1035 1887 Videamus
1058 1843 1240 1888 tamen
1269 1836 1519 1900 quoniam
1550 1853 1652 1890 non
1675 1840 1927 1893 convenit

355 1920 717 1991 negligenter,
739 1932 792 1977 et
818 1925 970 1994 quasi
1005 1926 1058 1978 in
1089 1927 1316 1982 transitu
1347 1926 1555 1982 litteras
1584 1928 1764 1999 legere
1792 1931 1925 1985 divi-

357 2026 483 2075 nas,
513 2013 653 2067 unde
683 2029 776 2068 eos
801 2015 956 2084 jubet
986 2017 1136 2071 cibos
1166 2033 1362 2087 parare
1388 2034 1493 2073 non
1523 2019 1784 2075 habentes
1811 2022 1925 2075 fru-

356 2111 622 2157 mentum.
660 2103 856 2158 Manna
889 2107 1087 2160 etenim
1138 2108 1294 2160 cibus
1337 2116 1453 2161 erat
1484 2109 1582 2162 eis.
1641 2107 1748 2164 Sed
1804 2127 1924 2165 cum

349 2192 466 2261 jam
501 2193 880 2249 transierimus
904 2194 1144 2251 ﬂuminis
1171 2199 1331 2267 hujus
1355 2199 1521 2268 ripas,
1547 2200 1743 2254 desinit
1772 2214 1925 2253 man-

358 2301 428 2339 na
471 2301 487 2340 :
523 2294 578 2341 et
603 2287 727 2344 ideo
759 2289 804 2341 si
849 2303 954 2343 non
997 2290 1366 2359 unusquisque
1404 2292 1794 2360 praeparaverit
1823 2293 1924 2347 sibi

355 2378 536 2444 cibos,
576 2394 682 2433 non
723 2381 930 2448 poterit
962 2382 1116 2451 sequi
1151 2381 1332 2437 Jcsum
1385 2392 1584 2437 terram
1634 2383 1926 2453 repromis-

353 2469 525 2523 sionis
551 2469 864 2525 intrantem.
897 2471 1031 2526 Vide
1053 2483 1231 2528 autem
1272 2473 1384 2545 (55)
1419 2490 1556 2544 quos
1592 2475 1824 2541 primum
1871 2476 1922 2530 in

354 2569 502 2616 terra
566 2564 1001 2644 repromissionis
1054 2567 1232 2635 capiat
1282 2568 1490 2622 fructus
1538 2587 1550 2622 :
1597 2567 1783 2634 Tunc,
1841 2571 1927 2625 in-

355 2655 480 2724 quit
527 2655 594 2722 “,
641 2657 1103 2714 manducaveruut
1155 2660 1385 2728 primum
1437 2659 1646 2716 fructus
1686 2661 1799 2732 (56)
1861 2663 1927 2719 de

358 2747 581 2816 regione
604 2749 927 2818 palmarum,
956 2761 1009 2805 et
1036 2751 1498 2805 manducaverunt
1515 2753 1689 2824 primo
1710 2771 1921 2825 azyma.

359 2837 528 2894 Vides
561 2855 690 2910 ergo
719 2841 841 2910 quia
884 2843 1116 2912 primum
1172 2845 1330 2899 nobis
1367 2847 1552 2900 mundi
1611 2846 1768 2917 hujus
1825 2849 1928 2902 iter

356 2929 638 2998 digressis,
690 2933 734 2986 si
797 2949 973 3002 regem
1017 2933 1130 3005 (57)
1174 2951 1462 3005 sequamur
1487 2936 1693 3003 Iesum,
1745 2939 1921 3008 primo

356 3023 600 3074 occurrit
628 3023 800 3091 palma
830 3026 1090 3092 victoriae,
1125 3035 1178 3081 et
1211 3028 1420 3098 abjecto
1450 3027 1715 3083 fermento
1761 3029 1920 3082 mali-

2029 546 2095 599 de
2131 545 2445 601 ccelestibus
2482 550 2802 601 venientem.

2097 635 2152 690 5.
2196 637 2301 692 Sed
2354 654 2454 693 nec
2505 639 2598 692 lini
2653 639 2941 708 stipulam,
2994 640 3046 692 in
3087 654 3188 708 qua
3229 636 3602 707 exploratores

2025 726 2460 793 delitescebant,
2534 747 2632 801 ego
2684 733 2888 801 absque
2945 732 3308 786 sacramentis
3369 731 3596 800 accipio.

2025 819 2216 872 Linum
2261 837 2496 890 namque
2540 831 2624 876 est
2667 822 3045 877 indumentum
3099 821 3456 886 sacerdotale,
3504 836 3601 890 per

2026 913 2168 981 quod
2193 913 2530 983 signiﬁcatur
2554 915 2635 969 vel
2673 914 2737 968 iis
2778 915 2867 983 qui
2896 915 3158 969 invitandi
3189 927 3348 969 erant
3381 915 3597 970 culmen

2025 1006 2364 1062 sacerdotale
2388 1005 2646 1067 delatum,
2683 1007 2823 1060 sicut
2845 1006 3035 1061 Petrus
3069 1008 3346 1074 apostolus
3366 1009 3496 1062 dicit
3518 1007 3598 1061 ’δίε

2035 1117 2054 1150 ‹
2081 1099 2187 1152 Vos
2213 1107 2392 1152 autem
2430 1113 2563 1167 gens
2608 1107 2817 1162 sancta,
2875 1112 3103 1168 regnum
3157 1099 3537 1163 sacerdotale;
3576 1116 3597 1152 ι

2025 1189 2110 1244 vel
2143 1198 2289 1244 certe
2320 1189 2459 1257 quod
2490 1189 2543 1241 in
2591 1197 2933 1243 sacramento
2972 1187 3141 1258 legis,
3191 1189 3280 1242 ubi
3323 1189 3388 1242 de
3417 1204 3600 1243 sacer-

2026 1281 2242 1334 dotibus
2285 1280 2594 1344 adnotatur,
2650 1278 2829 1348 populi
2883 1279 3042 1346 hujus
3077 1279 3170 1348 qui
3229 1288 3313 1334 est
3355 1295 3422 1333 ex
3468 1293 3600 1350 gen-

2031 1370 2214 1430 tibus,
2274 1369 2476 1423 latebat
2539 1369 2749 1423 occulta
2809 1369 3044 1423 vocatio.
3127 1367 3399 1424 Continuo
3466 1384 3599 1438 ergo

2027 1458 2344 1514 inimicitias
2372 1457 2610 1523 suscepit
2652 1455 2763 1526 (59)
2807 1457 3067 1510 meretrix
3109 1456 3373 1511 adversus
3420 1454 3599 1509 llieri-

2026 1551 2302 1605 chontium
2335 1562 2538 1616 regem.
2581 1546 2719 1614 Quid
2761 1547 2864 1602 nisi
2897 1547 3026 1615 quia
3067 1563 3086 1596 ‹
3111 1562 3240 1600 caro
3269 1546 3602 1616 concupiscit

2028 1643 2194 1715 399
2229 1643 2486 1696 adversus
2519 1639 2792 1707 spiritum,
2820 1647 2875 1692 et
2903 1638 3132 1706 spiritus
3169 1637 3430 1695 adversus
3456 1653 3588 1691 car-

2029 1752 2150 1789 nem
2168 1735 2246 1788 "?
2268 1753 2287 1786 ι
2320 1733 2385 1788 Et
2426 1732 2625 1787 iterum
2655 1731 2732 1786 ait
2761 1729 2848 1782 ηε
2882 1746 2901 1780 t
2926 1729 3052 1784 Odit
3083 1744 3179 1783 vos
3214 1729 3301 1782 hic
3326 1730 3596 1793 mundus,

2029 1828 2153 1899 quia
2180 1841 2264 1880 me
2283 1825 2514 1896 priorem
2539 1833 2777 1878 vestrum
2807 1822 2932 1877 odio
2953 1821 3161 1876 habuit.
3191 1841 3208 1874 ι
3239 1821 3332 1876 Est
3354 1836 3483 1891 ergo
3508 1837 3602 1876 rex

2029 1921 2222 1990 aliquis
2265 1919 2517 1974 inimicus
2556 1916 2868 1971 meretricis
2909 1914 3186 1985 hujus,qui
3222 1925 3304 1968 est
3353 1915 3604 1983 princeps

2029 2013 2188 2082 hujus
2219 2013 2427 2078 mundi,
2457 2011 2547 2080 qui
2575 2008 2908 2078 insequitur,
2949 2019 3004 2061 et
3031 2023 3302 2078 occupare
3334 2008 3482 2075 cupit
3504 2021 3602 2060 ex—

2029 2108 2339 2177 ploratores
2377 2104 2530 2168 Jesu,
2559 2103 2652 2157 sed
2689 2117 2794 2156 non
2831 2108 3008 2168 potest
3043 2102 3290 2154 obtinere
3339 2099 3465 2169 quia
3507 2113 3603 2168 per

2029 2207 2241 2252 montes
2274 2198 2380 2252 iter
2401 2196 2647 2250 faciunt:
2679 2208 2785 2247 non
2809 2193 3066 2247 incedunt
3092 2207 3188 2260 per
3223 2191 3468 2255 humilia,
3502 2203 3605 2244 nec

2028 2291 2260 2345 vallibus
2287 2290 2644 2352 delectantur,
2700 2285 2794 2342 sed
2823 2285 3049 2340 collinos
3077 2285 3332 2351 vertices,
3367 2293 3423 2337 et
3445 2296 3602 2337 mon-

2029 2383 2161 2437 tium
2209 2381 2424 2437 excelsa
2475 2387 2756 2435 sectantur
2794 2394 2807 2430 :
2847 2377 2970 2445 quia
3025 2376 3140 2430 haec
3175 2374 3433 2430 meretrix
3489 2372 3601 2444 (60)

2027 2476 2156 2530 dicit
2184 2474 2268 2526 ’διε
2304 2493 2323 2526 ‹
2364 2473 2562 2528 Levavi
2626 2473 2816 2528 oculos
2863 2485 3015 2524 meos
3068 2468 3135 2521 ad
3191 2477 3423 2528 montes,
3460 2463 3603 2518 unde

2029 2569 2217 2623 veniet
2237 2567 2498 2621 auxilium
2532 2566 2681 2620 mihi.
2716 2585 2734 2618 ι
2775 2565 2889 2618 Νοη
2938 2570 3117 2632 potest
3153 2559 3278 2614 illuc
3312 2558 3605 2613 ascendere

2029 2662 2212 2717 mundi
2240 2661 2399 2730 hujus
2429 2660 2698 2727 princeps,
2727 2673 2829 2714 nec
2867 2665 3041 2727 potest
3066 2670 3162 2725 per
3183 2652 3459 2708 excelsum
3491 2651 3595 2706 iter

2029 2755 2091 2808 ad
2114 2753 2296 2808 Jesum
2327 2752 2438 2823 (61)
2460 2752 2741 2822 pervenire
2767 2768 2779 2803 :
2809 2751 3052 2818 quinimo
3079 2757 3131 2801 ct
3157 2748 3199 2801 si
3234 2761 3354 2800 eum
3385 2754 3596 2802 tentans

2028 2844 2372 2899 collocaverit
2404 2843 2457 2897 in
2484 2841 2735 2906 excelsis,
2761 2841 2891 2896 dicit
2913 2841 2960 2896 ei
2989 2840 3034 2872 ⁸⁸
3066 2857 3081 2893 :
3123 2857 3142 2890 ‹
3183 2839 3332 2892 Mitte
3363 2848 3413 2892 te
3438 2840 3598 2892 deor-

2029 2953 2183 3003 sum;
2216 2955 2234 2987 ι
2271 2935 2393 3004 quia
2419 2935 2640 2988 luttnilia
2675 2949 2889 3001 semper
2916 2932 3089 3003 diligit
3109 2939 3164 2985 et
3183 2930 3407 2995 caduca,
3433 2931 3486 2984 in
3515 2931 3603 2986 his

2030 3038 2242 3100 regnat,
2273 3027 2326 3080 in
2353 3027 2432 3080 his
2458 3025 2639 3080 sedem
2670 3039 2818 3076 suam
2848 3019 3097 3086 collocat,
3125 3023 3177 3074 in
3211 3022 3408 3091 quibus
3424 3021 3589 3074 etiam

359 3110 454 3164 tia:
483 3120 535 3164 et
565 3114 843 3182 nequitiae,
880 3131 1064 3187 azyma
1100 3118 1255 3172 nobis
1279 3119 1609 3173 sinceritatis
1635 3129 1689 3173 et
1715 3121 1918 3173 verita-
1947 3137 1990 3194 ε
2023 3136 2193 3193 usque
2223 3121 2287 3173 ad
2321 3118 2583 3172 infernum
2607 3115 2716 3184 (6'2)
2736 3116 3043 3170 descendat.
3071 3113 3282 3183 Moyses
3310 3129 3414 3169 non
3443 3113 3602 3178 dixit,

358 3202 438 3257 tis
457 3217 734 3272 parantur.
763 3206 930 3261 Mittit
959 3218 1134 3263 tamen
1160 3207 1314 3263 Jesus
1341 3219 1526 3264 noster
1553 3210 1924 3278 exploratores

358 3299 430 3348 ad
467 3293 890 3351 Hierichontium
928 3311 1105 3366 regem
1128 3336 1144 3360 ,
1189 3306 1243 3351 et
1277 3298 1510 3365 hospitio
1560 3297 1926 3366 suscipiuntur

359 3405 391 3441 a
425 3389 737 3442 meretrice.
777 3387 881 3442 Sed
907 3387 995 3441 illa
1030 3388 1290 3442 meretrix
1319 3403 1437 3456 qum:
1472 3388 1538 3442 ab
1566 3387 1692 3444 Jcsu
1736 3389 1928 3443 missos

361 3478 1020 3547 suscepitexploratores,
1071 3487 1362 3548 prapterea
1393 3479 1637 3548 suscepit
1679 3495 1744 3533 ne
1786 3477 1928 3532 ultra

365 3571 747 3624 sitmerctrix.
786 3569 893 3623 Sed
923 3578 978 3624 et
1000 3569 1423 3639 uniuscujusque
1463 3581 1708 3624 nostrum
1750 3571 1930 3622 anima

361 3648 624 3716 meretrix
659 3663 776 3729 fuit,
827 3663 999 3718 donec
1035 3663 1087 3716 in
1121 3663 1407 3716 desideriis
1451 3672 1505 3715 et
1546 3662 1933 3732 cupiditatibus

363 3757 576 3808 viveret
631 3756 836 3810 carnis.
900 3754 1146 3822 Suscepit
1188 3769 1320 3808 vero
1366 3753 1731 3823 exploratores
1781 3754 1928 3819 Jesu,

362 3844 588 3913 angelos
628 3861 764 3914 quos
811 3846 956 3900 misit
985 3856 1111 3900 ante
1148 3845 1338 3900 faciem
1366 3861 1520 3900 suam
1565 3856 1623 3900 ut
1659 3863 1933 3916 praepara-

367 3940 494 3990 rent
525 3939 666 3991 viam
699 3939 836 4009 ejus.
873 3939 1019 4006 Quos
1065 3950 1240 3992 tamen
1271 3939 1313 3992 si
1353 3954 1418 3992 ex
1454 3938 1558 3994 ﬁde
1586 3943 1766 3993 anima
1799 3956 1932 3993 una-

364 4043 598 4097 quaeque
641 4031 902 4098 suscepit,
936 4046 1040 4084 non
1077 4031 1128 4083 in
1164 4029 1457 4084 humilibus
1487 4030 1643 4097 locis,
1677 4046 1851 4100 neque
1881 4032 1933 4085 in

363 4119 716 4176 inferioribus
752 4122 1022 4188 collocat,
1055 4123 1147 4176 sed
1181 4123 1230 4174 in
1261 4123 1636 4190 superioribus
1676 4132 1730 4178 et
1756 4122 1938 4177 excel-

362 4213 441 4267 sis
480 4230 494 4266 :
529 4215 656 4283 quia
689 4230 792 4269 non
827 4217 894 4271 ab
921 4217 1218 4273 humilibus
1252 4217 1366 4290 (58)
1394 4226 1451 4272 et
1483 4216 1710 4271 terrenis
1760 4214 1940 4271 lesum

436 4432 479 4464 ³⁷
509 4429 620 4486 Jos.
651 4448 726 4485 tv.
802 4432 846 4464 ⁸⁸
873 4431 984 4486 Jos.
1017 4449 1102 4489 ιιι.

364 4503 410 4534 ⁸⁵
443 4502 582 4558 Psal.
620 4518 768 4569 cxxt,
813 4504 864 4557 1.

1177 4433 1219 4463 ⁸³
1244 4431 1417 4497 105.1,
1453 4433 1540 4485 11.

384 4781 403 4786 __
434 4711 548 4786 (51)
583 4710 754 4786 Codd.
799 4711 1082 4783 Sangerm.
1126 4711 1541 4775 Gemeticensis,
1585 4721 1748 4786 atque
1790 4727 1930 4786 unus
1961 4716 2006 4772 D

362 4781 736 4864 Ehroicensis,
773 4800 791 4832 ι
820 4794 878 4837 et
907 4781 1043 4836 unus
1077 4797 1232 4850 aqua:
1274 4796 1484 4837 murus.
1520 4800 1539 4833 ι
1581 4781 1739 4838 Libb.
1777 4781 1930 4849 editi,

366 4872 388 4906 ι
422 4864 471 4903 ΘΙ
505 4868 569 4904 ex
605 4869 761 4920 aquis
801 4869 939 4906 “IIIIS
970 4867 1179 4905 llllll‘llS.
1209 4871 1228 4903 ι

434 4923 550 4992 (52)
591 4924 775 4976 Codex
807 4925 1116 4992 Sangerm.,
1148 4941 1166 4973 ε
1194 4933 1504 4992 utrumque.
1526 4941 1546 4974 ι
1586 4922 1741 4977 Libb.
1783 4923 1935 4989 editi,

364 5010 388 5045 ι
425 5004 675 5062 utraque.
717 5011 736 5044 ι

438 5061 580 5130 (55)
616 5062 686 5116 Et
737 5063 911 5128 hodie,
962 5064 1006 5116 si
1045 5063 1256 5127 audias,
1304 5064 1437 5116 dicit
1496 5063 1588 5117 tibi
1641 5061 1799 5117 Iesus
1834 5062 1940 5118 :Si

360 5135 596 5200 sequeris
633 5150 734 5199 me,
769 5149 1010 5202 praepara
1044 5133 1184 5187 cibos
1235 5134 1304 5186 ad
1354 5135 1511 5188 viam.
1566 5133 1689 5188 Haec
1718 5149 1836 5201 quae
1883 5137 1936 5186 in

364 5213 528 5256 antea
560 5205 722 5259 editis
744 5205 945 5258 omissa
981 5219 1109 5258 sum
1132 5243 1148 5268 ,
1179 5203 1470 5258 restituunt
1495 5217 1685 5258 omnes
1715 5204 1930 5258 codices

363 5286 502 5327 IIISS.

441 5341 555 5416 (54)
590 5342 772 5416 Codd.
805 5343 1114 5416 Sangerm.,
1145 5343 1356 5416 Gemet.
1394 5351 1448 5397 et
1481 5357 1620 5398 unus
1643 5341 1938 5397 Ebroicen-

356 5412 469 5477 εἰς,
506 5412 718 5468 (viam.
757 5435 776 5467 ι
807 5412 966 5470 Libb.
1002 5415 1154 5478 editi,
1192 5432 1212 5466 ι
1245 5413 1432 5466 vitam.
1463 5431 1481 5464 ι

441 5481 553 5555 (55)
602 5484 766 5538 Iidem
824 5500 956 5541 mss.
1018 5485 1202 5540 «Vide
1262 5493 1513 5537 autem.»
1584 5480 1738 5536 Libb.
1788 5481 1942 5549 editi,

359 5569 381 5603 ι
417 5555 731 5611 Videamus.
767 5574 787 5608 ι

459 5622 743 5693 56)ιί(18ιῐι
774 5641 905 5681 mss.
932 5625 1228 5680 «fructus.»
1255 5624 1414 5679 Libb.
1434 5623 1587 5688 editi,
1620 5622 1943 5680 «fructum.»

460 5637 555 5693 bo)
575 5637 743 5678 tidem
774 5641 905 5681 mss.
932 5637 1228 5680 «ﬂuctus.»
1255 5637 1414 5679 LIDD.
1434 5637 1587 5688 edltt,
1620 5637 1943 5680 «tmolum.»

437 5637 560 5764 157)
598 5694 780 5766 Codex
835 5696 1144 5766 Sangerm.,
1207 5713 1225 5745 ι
1263 5711 1464 5764 regem.
1496 5712 1514 5745 ι
1579 5693 1734 5766 Libb.
1795 5695 1951 5762 editi,

383 5780 406 5817 ι
434 5775 598 5821 recte.
625 5783 643 5817 ι
675 5765 872 5823 Ibidem
904 5763 1043 5821 idem
1072 5781 1174 5822 ms.
1213 5785 1230 5818 ι
1262 5763 1434 5833 prima
1462 5763 1720 5821 occurrit.
1751 5783 1770 5816 ι

940 4448 984 4484 s.
1017 4449 1102 4489 ιιι.
1177 4433 1219 4463 ⁸³
1244 4431 1417 4497 105.1,
1453 4433 1540 4485 ll.
1615 4432 1660 4465 ⁸ο
1685 4430 1797 4486 Jos.
1837 4448 1888 4496 v,

937 4503 982 4534 ³⁵
1018 4504 1210 4557 Matth.
1245 4519 1319 4570 tv,
1353 4503 1405 4557 6.
1481 4504 1526 4535 ’⁵⁸
1555 4502 1670 4558 Jos.
1706 4519 1762 4568 x,
1794 4503 1881 4558 12.

2094 4430 2136 4461 ιι
2170 4430 2191 4481 l
2223 4430 2334 4481 Pet.
2374 4441 2439 4487 ιι,
2477 4430 2529 4477 9.
2639 4430 2682 4454 δ’
2715 4430 2832 4478 Gal.
2869 4436 2924 4484 v,
2971 4430 2983 4473 t

2036 4500 2167 4555 ibid.
2197 4499 2284 4552 14.
2359 4498 2406 4538 ιδ
2432 4494 2625 4549 Matth.
2661 4508 2855 4558 xxvnt,
2889 4491 2983 4545 20.

2037 3233 2054 3266 ι
2084 3222 2189 3268 stet
2215 3209 2315 3275 sol,
2357 3229 2374 3260 ι
2404 3223 2501 3262 nec
2526 3205 2775 3260 maximis
2809 3205 3092 3272 imperavit
3118 3205 3421 3266 elementis,
3459 3203 3602 3258 sicut

2031 3305 2185 3362 Jesus
2224 3302 2368 3357 fecit.
2407 3319 2425 3351 ι
2460 3300 2598 3361 Stet,
2635 3295 2893 3365 inquit“,
2920 3295 2998 3350 sol
3021 3310 3179 3364 supra
3215 3294 3438 3350 Gabaon
3465 3291 3602 3365 (65),

2033 3409 2087 3452 et
2118 3397 2241 3451 luna
2290 3408 2452 3463 super
2505 3391 2696 3443 vallem
2754 3389 2936 3451 Elom;
2975 3407 2992 3439 ι
3027 3397 3080 3440 et
3121 3395 3409 3455 propterea
3445 3386 3597 3439 addit

2039 3488 2320 3555 Scriptura
2378 3495 2432 3539 et
2469 3483 2599 3537 dicit
2626 3482 2692 3542 ⁸⁷.
2726 3479 2851 3549 quia
2890 3497 2909 3530 ι
2946 3494 3218 3547 nunquam
3267 3478 3344 3532 sic
3395 3478 3605 3532 audivit

2041 3579 2183 3633 Deus
2234 3577 2531 3629 hominem.
2579 3591 2598 3624 ι
2646 3570 2802 3626 Jesus
2857 3585 2986 3637 ergo
3037 3585 3189 3624 meus
3236 3569 3404 3623 solem
3458 3578 3608 3623 stare

2039 3668 2164 3722 fecit
2204 3681 2310 3720 non
2353 3675 2479 3718 tunc
2531 3663 2728 3726 solum,
2776 3663 2869 3714 sed
2915 3660 3086 3715 multo
3133 3660 3302 3729 magis
3346 3660 3504 3714 modo
3553 3660 3609 3713 in

2039 3760 2268 3812 adventu
2293 3772 2410 3811 suo.
2450 3754 2700 3822 Denique
2735 3753 2859 3806 dum
2886 3767 2984 3805 nos
3013 3750 3208 3804 bellum
3254 3751 3490 3820 gerimus
3515 3749 3612 3803 ad-

2040 3864 2230 3903 versus
2275 3848 2528 3901 inimicos
2571 3855 2806 3911 nostros,
2855 3853 2910 3898 et
2953 3842 3312 3897 colluctamur
3349 3845 3614 3897 adversus

2040 3940 2377 4010 principatus
2410 3949 2464 3992 et
2496 3946 2814 4007 potestates,
2867 3943 2922 3989 et
2964 3943 3207 3989 rectores
3264 3934 3613 3987 tenebrarum

2045 4032 2264 4092 harum,
2306 4027 2572 4082 adversus
2608 4025 2872 4095 spiritalia
2909 4026 3165 4094 nequitiae
3200 4025 3252 4078 in
3276 4024 3612 4089 coelestibus,

2045 4122 2124 4176 sol
2160 4121 2316 4175 nobis
2337 4118 2567 4187 justitim
2606 4117 2982 4172 indesinenter
3022 4115 3255 4180 assistit,
3285 4130 3384 4170 nec
3415 4116 3614 4170 deserit

2048 4227 2310 4282 unquam,
2335 4225 2436 4265 nec
2463 4208 2687 4264 festinat
2714 4208 3064 4272 occumbere,
3091 4208 3216 4277 quia
3248 4206 3364 4276 ipse
3387 4207 3523 4261 dixit
3543 4204 3609 4258 διε

2094 4429 2136 4461 ιι
2170 4426 2191 4481 1
2223 4427 2334 4481 Pet.
2374 4441 2439 4487 ιι,
2477 4425 2529 4477 9.
2639 4421 2682 4454 δ’
2715 4419 2832 4478 Gal.
2869 4436 2924 4484 v,
2971 4421 3055 4475 l7.
3143 4419 3188 4450 “
3220 4417 3374 4474 Joan.
3407 4433 3496 4483 xv,
3524 4417 3610 4474 18.

2108 4705 2225 4776 (58)
2285 4704 2460 4761 Codd.
2512 4701 2906 4776 Gemeticensis
2954 4708 3009 4776 et
3051 4693 3614 4776 unusughroicensis.

2047 4799 2066 4832 σ
2091 4765 2158 4833 ah
2192 4765 2510 4830 humilibus.
2538 4793 2556 4826 ι
2593 4774 2882 4840 Sangerm.
2920 4787 2938 4820 ι
2964 4769 3018 4822 in
3065 4767 3378 4822 humilibus.
3406 4785 3428 4840 ι
3459 4765 3617 4819 Libb.

2041 4850 2194 4912 editi,
2235 4865 2253 4896 ι
2282 4845 2679 4900 humilioribus.
2709 4837 2736 4892 ἱ
2774 4841 2978 4894 Ibidem
3003 4854 3134 4892 mss.
3177 4854 3196 4887 ε
3224 4837 3614 4906 ευδεθρίιιιιιε.»

2042 4920 2198 4974 Libb.
2222 4917 2372 4978 editi,
2417 4935 2436 4966 ‹
2465 4915 2810 4982 suscipimus.
2836 4929 2855 4962 ι

2115 4986 2228 5062 (59)
2300 4986 2485 5062 codex
2548 4978 3058 5062 Sa'tigei°tnanensis,
3132 4978 3346 5062 cﬁsubit3
3387 4995 3407 5028 ι
3468 4992 3622 5062 illius-

2041 5045 2414 5118 Eb‘roicensis,
2453 5073 2470 5105 ι
2502 5045 2690 5110 sumit:
2714 5071 2733 5103 ι
2767 5051 2948 5126 Codex
2981 5048 3402 5126 Gemeticensis,
3435 5045 3619 5126 «Quod

2043 5145 2172 5200 ergo
2233 5126 2547 5180 inimicitias
2603 5122 2848 5190 suscepit
2902 5120 3164 5173 meretrix
3204 5119 3333 5189 quid
3387 5129 3472 5172 est
3515 5119 3619 5172 nisi

2075 5216 2160 5253 [lla
2192 5213 2340 5250 caro.
2385 5216 2404 5248 D

2035 5215 2452 5340 “($55336de
2502 5261 2920 5328 Gemeticensis,
2970 5278 2991 5314 ι
3044 5260 3161 5316 haec
3203 5267 3391 5314 nostra
3443 5271 3622 5313 mere-

2047 5342 2176 5396 trix.
2213 5356 2232 5389 ι

2119 5407 2231 5477 (61)
2281 5407 2448 5469 Idem,
2486 5423 2504 5456 ι
2539 5401 2933 5477 per_excelsum
2962 5409 3203 5456 montem
3243 5396 3311 5454 ad
3349 5397 3564 5464 «Iesum,
3591 5411 3619 5452 η

2049 5471 2236 5546 sicque
2269 5477 2428 5530 habet
2454 5471 2594 5546 unus
2626 5471 2987 5546 Ebroicensis.

2124 5538 2235 5619 (62)
2275 5548 2457 5619 Codex
2491 5541 2902 5619 Gemeticensis,
2935 5559 2955 5619 ς
2993 5539 3058 5593 ad
3095 5538 3388 5619 infernal).

2129 5611 2240 5689 (65)
2280 5616 2458 5689 Codex
2492 5612 3020 5689 Sangermaneusis,
3052 5631 3068 5662 ι
3111 5625 3275 5681 supra
3299 5611 3545 5668 Gabaon.

2057 5681 2396 5751 Libb.'editi,
2433 5703 2450 5736 ε
2485 5681 2647 5753 super
2672 5681 2915 5736 Gabaon.
2950 5699 2969 5732 ι
