4050 6148
524 296 624 352 831

1986 284 2306 342 ORIGENIS

3649 287 3748 342 85?.

526 415 666 470 Ecce
689 427 788 481 ego
813 409 1092 466 vobiscum
1127 424 1245 462 smn
1286 407 1536 462 omnibus
1565 406 1774 462 diebus.
1809 424 1828 456 ι
1860 403 1974 459 Νοη
2004 421 2094 460 so-
2122 409 2170 464 Α
2266 406 2323 462 7.
2353 403 2464 457 Sub
2491 403 2672 458 Moseo
2696 417 2799 456 non
2834 411 2915 458 est
2941 404 3145 456 dictum
3172 402 3283 458 hoc
3317 404 3460 472 quod
3505 404 3605 457 sub
3632 403 3752 460 Jesn

527 501 638 557 lum
669 511 845 555 autem
883 500 1154 568 duplicato
1178 499 1264 553 die
1291 498 1569 553 nobiscum
1594 507 1702 564 est,
1724 498 1818 551 sed
1841 497 2094 552 omnibus

526 593 717 647 diebus
741 599 825 646 est
851 605 1024 660 usque
1053 590 1120 643 ad
1151 591 1672 644 consummationem
1693 587 1897 654 saeculi,
1923 587 2095 643 donec

524 693 578 737 et
602 699 697 738 nos
724 684 1068 738 obtineamus
1087 682 1428 735 adversarios
1451 689 1684 734 nostros.

601 778 654 830 6.
685 775 788 830 Sed
818 785 873 830 et
899 775 1026 828 illud
1065 774 1363 837 videamus,
1394 773 1521 842 quid
1544 783 1625 827 est
1651 772 1793 843 quod
1829 774 2092 843 repromi-

523 869 594 923 sit
618 865 774 922 Iesus
810 865 1072 918 militibus
1119 866 1270 917 suis:
1310 881 1329 913 ι
1364 861 1576 929 Omnis,
1623 863 1800 930 inquit
1828 862 1897 926 δ’,
1946 863 2093 917 locus

523 971 902 1030 quemcunque
952 956 1303 1010 subdideritis
1350 956 1598 1024 vestigiis
1638 955 1831 1024 pedum
1879 967 2090 1010 vestro-

524 1068 668 1114 rum,
706 1060 884 1106 vester
912 1050 1038 1104 erit.
1077 1069 1095 1102 ι
1132 1050 1349 1104 Dixerat
1383 1049 1485 1102 hoc
1513 1049 1616 1102 illis
1637 1049 1726 1117 qui
1757 1058 1884 1103 tunc
1910 1058 2085 1113 erant,

523 1143 588 1197 de
626 1142 940 1212 regionibus
972 1141 1427 1203 Chananaanrum,
1457 1140 1893 1205 Pherezaeorum,
1921 1140 2088 1195 Jebu-

521 1249 772 1297 eteorum,
811 1242 1241 1301 caeterarumque
1291 1232 1531 1301 gentium
1564 1247 1796 1300 quarum
1841 1233 2089 1302 regiones

516 1325 759 1395 expulsis
785 1325 1018 1394 indignis
1047 1324 1465 1385 habitatoribus,
1512 1324 1611 1392 ipsi
1655 1325 1971 1379 haereditate
1999 1341 2085 1380 ce-

520 1428 715 1484 perunt
744 1433 757 1469 :
791 1415 884 1469 sed
913 1415 1067 1469 nobis
1093 1415 1146 1467 in
1178 1414 1261 1467 his
1291 1413 1470 1468 verbis
1496 1413 1626 1481 quid
1662 1415 2082 1484 repromittitur,

519 1507 816 1559 videamus.
855 1505 993 1560 Sunt
1019 1505 1264 1571 quaedam
1290 1505 1724 1559 adversariarum
1756 1516 2085 1576 potestatum

519 1607 708 1666 gentes
753 1595 1052 1662 diabolicae,
1087 1595 1372 1651 adversum
1413 1610 1551 1665 quas
1601 1596 1758 1650 nobis
1803 1608 2085 1652 certamen

517 1689 750 1759 geritur,
797 1699 853 1741 et
901 1702 1100 1756 agones
1127 1687 1182 1741 in
1220 1687 1321 1741 hac
1358 1688 1468 1741 vita
1517 1687 1873 1742 desudantur.
1903 1689 2087 1756 Quan-

522 1789 822 1847 tascunque
851 1794 982 1848 ergo
1018 1794 1084 1833 ex
1117 1779 1202 1832 his
1231 1788 1420 1847 gentes
1451 1779 1676 1848 pedibus
1706 1782 1912 1835 nostris
1953 1783 2085 1835 sub-

515 1873 834 1937 diderimus,
881 1881 1326 1941 quantoscunque
1357 1874 1408 1926 in
1433 1875 1730 1928 certamine
1770 1876 2081 1939 vicerimus,

518 1963 758 2033 ipsorum
788 1965 1054 2034 regiones,
1085 1966 1324 2033 ipsorum
1349 1966 1664 2034 provincias
1685 1976 1738 2020 et
1761 1968 2082 2038 regna,.|esu

519 2055 676 2112 nobis
689 2054 917 2110 Domino
947 2057 1326 2125 distribuente,
1355 2057 1650 2126 capiemus.
1671 2058 1914 2114 Fuerunt
1939 2062 2082 2116 enim

519 2153 592 2206 illi
616 2152 901 2221 aliquando
925 2153 1122 2223 angeli,
1156 2157 1374 2206 luerunt
1407 2153 1458 2206 in
1488 2167 1653 2221 regno
1674 2153 1767 2208 Dei
1793 2155 2082 2224 magniﬁci.

518 2245 712 2298 Annon
739 2244 964 2314 legimus
993 2247 1134 2314 quod
1167 2244 1334 2305 Isaias
1360 2246 1491 2300 dicit
1523 2248 1588 2301 de
1614 2263 1721 2301 uno
1748 2263 1816 2302 ex
1849 2249 1976 2316 ipsis
1997 2249 2080 2303 “z

521 2353 543 2385 ι
570 2334 849 2400 Quomodo
875 2335 1072 2389 cecidit
1091 2334 1303 2389 Lucifer
1324 2337 1415 2406 qui
1440 2351 1595 2391 mane
1613 2338 1892 2394 oriebatur
1913 2337 2076 2409 (64)?»

519 2424 736 2479 Lucifer
788 2423 892 2480 iste
949 2425 1069 2480 sine
1103 2425 1269 2479 dubio
1298 2427 1484 2480 sedem
1521 2425 1756 2482 habebat
1798 2429 1849 2481 in
1882 2429 2036 2482 cmlis
2067 2445 2082 2483 :

519 2525 700 2584 postea
737 2531 865 2570 vero
896 2531 1052 2584 quam
1085 2516 1261 2570 factus
1289 2526 1370 2571 est
1401 2517 1624 2587 angelus
1652 2518 1861 2588 refuga,
1889 2521 1931 2572 si
1961 2533 2082 2573 eum

522 2611 736 2663 vincere
787 2620 1012 2678 potuero
1037 2619 1092 2665 et
1137 2610 1405 2679 subjicere
1447 2613 1671 2680 pedibus
1706 2614 1859 2677 meis,
1889 2615 1931 2667 si
1974 2629 2086 2668 me-

519 2715 679 2754 ruero
710 2711 767 2754 ut
789 2701 1048 2756 Dominus
1075 2718 1225 2757 meus
1253 2701 1408 2757 Jesus
1431 2713 1682 2758 conterat
1709 2704 1966 2758 Satanam
1987 2705 2085 2762 sub

516 2792 744 2860 pedibus
773 2793 928 2858 meis,
954 2805 1352 2860 consequenter
1377 2793 1553 2849 locum
1582 2794 1818 2850 Lucil‘eri
1841 2799 2086 2867 accipere

519 2884 770 2938 merebor
811 2885 864 2938 in
917 2885 1089 2940 caelis.
1125 2885 1214 2940 Sic
1241 2902 1371 2955 ergo
1417 2887 1768 2955 intelligimus
1817 2878 1928 2959 (65)
1961 2906 2087 2960 pro-

521 2977 656 3030 mitti
707 2978 862 3033 nobis
899 2980 966 3031 ab
1013 2977 1142 3032 Jesu
1187 2979 1416 3034 Domino
1456 2991 1664 3048 nostro,
1715 2983 1856 3051 quod
1906 2983 2085 3038 omnis

2198 496 2400 550 dicitur
2429 495 2499 560 δι,
2526 495 2652 563 quia
2684 513 2703 546 ι
2741 495 2972 549 cessavit
3002 505 3143 549 terra
3173 509 3201 548 a
3240 495 3461 564 praeliis.
3494 514 3511 546 ι
3542 495 3750 551 Certum

2196 597 2281 642 est
2311 586 2454 655 quod
2480 595 2536 640 et
2567 596 2710 640 terra
2735 597 2920 641 nostra
2946 587 3083 653 haec,
3113 589 3166 640 in
3207 602 3313 656 qua
3341 601 3546 654 agones
3589 587 3750 642 habe-

2195 691 2336 739 mus,
2367 684 2422 729 et
2458 676 2763 730 certamina
2815 678 3170 739 sustinemus,
3198 677 3366 731 solius
3391 675 3516 730 Jesu
3551 678 3752 734 Domini

2193 766 2395 820 virtute
2438 781 2656 822 cessare
2711 769 2964 836 poterita
2990 768 3211 836 praeliis.
3240 767 3382 822 Intra
3425 785 3524 823 nos
3560 772 3750 824 etenim

2193 869 2320 913 sunt
2341 873 2532 914 omnes
2563 869 2750 928 gentes
2775 861 2891 915 ista:
2915 862 3189 924 vitiorum,
3215 877 3335 930 qua:
3362 861 3598 915 animam
3616 863 3755 930 jugi-

2204 958 2287 1003 ter
2309 960 2362 1004 et
2399 951 2776 1006 indesinenter
2804 962 3131 1022 oppugnant.
3168 952 3312 1007 Intra
3344 970 3440 1009 nos
3467 961 3593 1008 sunt
3618 955 3752 1008 Cha-

2197 1040 2370 1093 nanazi
2395 1039 2531 1111 (69),
2577 1041 2720 1095 intra
2773 1057 2872 1096 nos
2897 1053 3023 1097 sunt
3058 1042 3351 1109 Pherezaai,
3387 1046 3473 1099 hic
3511 1057 3640 1100 sunt
3671 1045 3753 1101 Je-

2191 1131 2381 1184 buszei.
2413 1131 2660 1198 Qualiter
2684 1147 2814 1202 ergo
2843 1133 2997 1188 nobis
3024 1133 3377 1188 laborandum
3404 1145 3504 1198 est,
3525 1136 3753 1205 qualiter

2190 1222 2547 1292 vigilandum,
2575 1224 2658 1278 vel
2687 1236 2892 1293 quanto
2921 1235 3160 1295 tempore
3191 1230 3669 1295 perseverandum,
3699 1237 3752 1282 ut

2189 1316 2442 1370 omnibus
2473 1315 2593 1371 istis
2633 1317 2700 1370 de
2731 1317 2887 1372 nobis
2913 1319 3168 1372 vitiorum
3205 1318 3453 1388 gentibus
3473 1317 3748 1390 eﬂ‘ugatis,

2192 1407 2406 1460 tandem
2459 1416 2602 1460 terra
2645 1417 2830 1462 nostra
2863 1420 3041 1464 cesset
3085 1424 3116 1463 a
3149 1410 3338 1465 bellis?
3367 1410 3433 1464 Et
3468 1410 3588 1465 ideo
3622 1410 3752 1466 Pro-

2189 1498 2348 1566 pheta
2377 1507 2690 1552 commonet
2722 1497 2790 1563 “,
2828 1508 2888 1553 ut
2922 1500 2975 1553 in
3027 1501 3144 1570 lege
3187 1500 3401 1557 Domini
3433 1502 3752 1556 meditemur

2189 1589 2277 1642 die
2300 1605 2363 1642 ac
2390 1599 2566 1644 nocte.
2602 1589 2733 1656 Quae
2765 1591 2947 1659 utique
2982 1589 3289 1647 divinorum
3317 1595 3608 1648 verborum
3641 1609 3753 1649 me-

2188 1681 2399 1744 ditatio.
2426 1682 2569 1736 velut
2599 1684 2722 1736 tuba
2746 1683 2990 1752 quadam
3016 1693 3099 1738 est
3134 1685 3344 1740 animos
3373 1694 3492 1740 tuos
3519 1686 3584 1740 ad
3618 1701 3752 1755 pra-

2188 1772 2316 1827 lium
2365 1777 2650 1830 concitans
2690 1776 2826 1846 (70),
2874 1792 2942 1831 ne
2990 1775 3131 1830 forte
3155 1777 3470 1832 adversario
3498 1778 3753 1848 vigilante

2188 1874 2242 1920 tu
2274 1867 2534 1924 dormias.
2590 1868 2714 1923 ldeo
2744 1883 2844 1923 nec
2881 1870 2996 1923 dies
3026 1870 3090 1924 ad
3127 1871 3500 1925 meditandum
3535 1871 3749 1937 sulﬁcit,

2186 1960 2278 2011 sed
2302 1968 2356 2011 et
2387 1973 2495 2012 nox
2520 1960 2845 2029 adjungitur.
2866 1961 2972 2016 Vos
2990 1977 3119 2016 vero
3137 1962 3264 2031 quid
3281 1961 3512 2025 facietis,
3534 1964 3623 2032 qui
3645 1979 3751 2018 non

2187 2050 2358 2102 solum
2379 2059 2534 2103 nocte
2555 2050 2827 2116 dormitis,
2845 2053 2936 2106 sed
2955 2063 3008 2108 et
3035 2063 3145 2106 tota
3165 2053 3252 2106 die
3269 2063 3362 2107 aut
3376 2056 3750 2123 occupationi-

2186 2141 2285 2195 bus
2296 2142 2504 2206 saeculi,
2523 2152 2615 2196 aut
2629 2144 2810 2198 carnis
2824 2143 3028 2199 deliciis
3046 2145 3352 2213 deservitis,
3369 2154 3423 2200 et
3440 2147 3526 2200 vix
3545 2163 3669 2202 raro
3682 2151 3752 2203 ad

2186 2233 2469 2287 ecclesiam
2499 2233 2692 2290 diebus
2717 2235 3052 2290 solemnibus
3077 2239 3414 2293 convenitis?
3455 2239 3632 2310 Aliqui
3657 2258 3755 2297 au-

2187 2335 2294 2378 tem
2325 2341 2394 2379 ex
2424 2326 2577 2381 vobis
2611 2327 2779 2381 etiam
2808 2329 3083 2383 venientes
3105 2345 3211 2383 non
3239 2331 3480 2397 veniunt,
3508 2335 3632 2402 quia
3662 2349 3754 2388 ve-

2186 2423 2392 2476 nientes
2415 2437 2518 2476 non
2539 2427 2700 2476 verbo
2729 2424 2840 2488 Dei,
2864 2425 2958 2479 sed
2990 2423 3184 2479 fabulis
3201 2425 3364 2497 400
3388 2438 3585 2482 vacant
3614 2428 3751 2500 (7l).

2184 2512 2416 2583 Propter
2447 2516 2592 2583 quod
2623 2515 2756 2570 dicit
2789 2517 2856 2570 ad
2882 2531 2978 2570 vos
3027 2532 3208 2571 sermo
3231 2519 3443 2574 divinus
3467 2520 3515 2551 ⁸³
3548 2537 3562 2573 :
3593 2540 3611 2572 ‹
3649 2521 3753 2574 Ex-

2185 2620 2347 2674 surge
2376 2607 2468 2677 qui
2495 2609 2720 2673 dormis,
2748 2620 2802 2663 et
2819 2623 3051 2679 exsurge
3081 2624 3110 2662 a
3141 2610 3370 2665 mortuis
3391 2621 3444 2666 et
3470 2613 3753 2682 continges

2185 2699 2461 2755 Christum
2499 2699 2634 2772 (72).
2669 2718 2690 2753 ι
2731 2700 2974 2770 Exsurge
3015 2703 3159 2756 enim
3209 2718 3238 2754 a
3279 2703 3526 2766 mortuis,
3555 2704 3752 2758 dicitur

2185 2793 2254 2847 iis
2280 2795 2370 2862 qui
2390 2794 2442 2847 in
2467 2793 2719 2864 operibus
2741 2806 3064 2861 permanent
3086 2795 3336 2859 mortuis,
3372 2795 3426 2849 in
3463 2797 3752 2851 immundi-

2188 2884 2277 2939 tiis
2293 2885 2405 2940 suis
2421 2893 2474 2939 et
2493 2885 2788 2940 sceleribus
2815 2886 2928 2956 (75)
2955 2887 3344 2954 perdurantes:
3369 2902 3490 2956 qua:
3507 2888 3635 2943 licet
3655 2890 3749 2943 ho-

2187 2976 2429 3032 minibus
2458 2992 2566 3031 non
2595 2977 2706 3031 sint
2734 2977 3046 3041 manifesta,
3082 2977 3190 3033 Deo
3218 2987 3398 3033 tamen
3424 2989 3553 3033 sunt
3574 2981 3751 3051 cogni-

519 3067 670 3123 locus
724 3084 883 3138 quem
924 3069 1324 3124 subdiderimus
1354 3072 1599 3142 vestigiis
1646 3074 1836 3142 pedum
1866 3085 2083 3129 nostro-
2112 3084 2154 3142 α
2191 3077 2267 3124 ta.
2297 3068 2405 3122 Sed
2429 3073 2512 3124 vel
2537 3085 2604 3124 ex
2632 3070 2734 3126 hoc
2763 3070 3160 3139 paenitudinem
3199 3071 3364 3140 agite,
3394 3081 3450 3126 et
3481 3073 3752 3128 converti-

521 3173 664 3220 rum,
714 3168 896 3211 noster
929 3159 1049 3211 erit.
1105 3159 1210 3214 Sed
1248 3175 1350 3214 non
1398 3169 1646 3230 putemus
1694 3162 1806 3233 (6(5)
1852 3165 1978 3232 quia
2029 3167 2080 3219 in

524 3244 665 3299 hanc
694 3246 1066 3302 hmreditatem
1117 3265 1212 3318 per
1243 3251 1411 3304 otium
1440 3261 1494 3305 et
1523 3253 1906 3322 negligentiam
1941 3255 2085 3308 osci-

520 3348 696 3392 tantes
742 3348 798 3394 et
849 3339 1204 3396 dormitantes
1251 3342 1454 3396 intrare
1507 3345 1793 3412 possimus.
1847 3344 1929 3398 Ira
1974 3360 2085 3400 sua:

519 3430 697 3500 gentis
729 3429 975 3500 angelum
1005 3431 1187 3485 habet.
1225 3431 1374 3487 Hanc
1401 3433 1504 3487 nisi
1536 3435 1730 3490 viceris
1763 3436 1875 3506 (67)
1919 3438 1970 3490 in
2009 3447 2059 3492 te

519 3522 770 3592 metipso,
803 3533 858 3578 et
890 3523 1186 3580 abscideris
1211 3525 1306 3580 abs
1335 3536 1387 3580 te
1417 3541 1609 3580 omnes
1638 3537 1815 3582 motus
1864 3529 2083 3584 iracun-

517 3617 622 3672 diie
651 3632 714 3672 ae
762 3616 982 3684 furoris,
1037 3618 1211 3674 locum
1237 3634 1397 3689 quem
1441 3619 1732 3689 aliquando
1769 3621 1955 3675 habuit
1993 3623 2084 3677 ille

518 3710 756 3780 angelus,
788 3728 982 3781 capere
1009 3712 1061 3766 in
1090 3714 1411 3768 haereditate
1445 3714 1558 3784 (68)
1590 3729 1696 3768 non
1733 3717 1955 3784 poteris,
1987 3731 2084 3784 pro

519 3817 585 3857 eo
614 3803 756 3872 quod
779 3805 982 3858 desidia
1013 3814 1101 3858 tua
1129 3819 1469 3874 nequaquam
1496 3820 1617 3858 eum
1639 3808 1704 3859 de
1735 3817 1876 3860 terra
1898 3822 2086 3876 repro-

521 3893 802 3948 missionis
833 3894 1130 3962 expuleris.
1166 3894 1428 3950 Similiter
1475 3903 1532 3948 et
1582 3895 1848 3963 superbiae
1871 3905 1924 3949 et
1957 3896 2080 3959 zeli,

521 3994 576 4038 et
602 3985 845 4039 avaritiae
878 3997 942 4036 ac
962 3982 1202 4037 libidinis
1217 3995 1346 4040 sunt
1365 3983 1532 4055 aliqui
1559 3985 1865 4040 iucentores
1885 3987 2083 4056 angeli,

519 4083 574 4128 et
605 4075 959 4131 instinctores
987 4077 1179 4130 horum
1210 4076 1514 4142 malorum,
1550 4092 1782 4147 quorum
1815 4079 1919 4132 nisi
1953 4079 2084 4132 vitia

521 4169 577 4221 in
605 4169 890 4238 temetipso
923 4168 1142 4232 viceris,
1174 4179 1336 4238 atque
1352 4183 1416 4224 ea
1449 4169 1514 4222 de
1538 4177 1628 4223 tua
1659 4178 1804 4224 terra
1830 4185 1951 4238 qua:
1973 4169 2083 4237 jam

520 4274 618 4328 per
652 4261 882 4330 gratiam
920 4258 1167 4329 baptismi
1205 4260 1538 4315 sanctiﬁcata
1576 4268 1658 4314 est
1689 4261 2088 4314 exterminave-

519 4351 616 4416 ris,
655 4352 799 4407 nullo
839 4351 993 4407 modo
1018 4351 1399 4419 plenitudinem
1434 4352 2085 4422 repromissm,h;eredita-

522 4444 592 4499 tis
614 4446 868 4514 accipies.

592 4669 702 4742 (64)
737 4671 919 4726 Codex
963 4671 1379 4734 Gemeticensis,
1417 4671 1738 4742 «quomodo
1768 4670 2081 4742 cecidisti,

522 4740 756 4806 Lucifer,
791 4743 884 4810 qui
908 4757 1066 4798 mane
1091 4743 1381 4800 oriebaris‘i
1403 4761 1422 4794 ο
1447 4740 1539 4795 Sic
1568 4741 1734 4796 etiam
1766 4741 1926 4795 habet
1949 4754 2086 4794 unus

525 4813 883 4869 l-Lhroicensis.

595 4882 704 4953 (65)
749 4882 899 4953 Unus
929 4881 1299 4953 Ebroicensis,
1327 4899 1347 4953 ς
1379 4879 1762 4947 intelligamus.
1795 4898 1813 4931 ι

595 4948 708 5020 (ϋϋ)
749 4952 947 5006 Omnes
999 4967 1126 5005 Inss.
1171 4971 1191 5004 ς
1230 4951 1336 5006 Sed
1384 4966 1490 5004 non
1543 4959 1815 5019 putemus.
1868 4969 1886 5002 ι
1923 4948 2081 5006 Libb.

523 5025 676 5080 editi.
709 5043 726 5073 ι
749 5021 808 5075 Si
838 5038 940 5075 non
971 5031 1236 5089 putemus.
1274 5039 1292 5072 ι

750 5092 925 5168 Codex
961 5093 1268 5168 S‘angerm”
1305 5111 1345 5168 c-
1367 5091 1507 5144 hunc
1541 5091 1642 5144 nisi
1673 5090 1891 5168 viceris.
1923 5108 1942 5141 ι
2027 5157 2039 5168 .

597 5159 732 5232 (68))
771 5160 952 5215 Codex
988 5161 1378 5215 Gemeticensis
1418 5177 1540 5214 cum
1578 5177 1684 5216 uno
1729 5159 2041 5215 Ebroicensi
2069 5199 2083 5224 ,

528 5251 550 5286 ι
589 5236 639 5288 in
667 5234 1051 5286 h:ereditatem.
1087 5249 1106 5282 ι

604 5303 714 5375 (69)
751 5301 899 5356 Intra
930 5318 1022 5375 nos
1056 5310 1176 5375 sunt
1215 5298 1522 5375 Clianaitwi.
1549 5301 1670 5356 Haec
1695 5299 1888 5354 desunt
1915 5299 1968 5352 in
1993 5311 2090 5351 an-

527 5372 621 5430 tea
644 5375 825 5438 editis,
871 5374 964 5424 sed
993 5373 1258 5425 habentur
1283 5372 1332 5422 in
1366 5374 1616 5426 omnibus
1642 5386 1772 5427 mss.

598 5444 708 5518 (7U)
748 5445 948 5518 Codex_
967 5441 1354 5518 Gem-elicensis
1379 5456 1499 5518 cum
1525 5440 1892 5518 unolﬁbroic.)
1920 5457 1938 5491 ι
1968 5440 2090 5518 ani:

526 5510 856 5571 iniim'tumn
884 5514 950 5565 ad
981 5512 1224 5581 praelium
1256 5511 1715 5568 concitat.il..ibb.
1752 5511 1903 5576 editi,
1934 5526 1954 5562 ι
1979 5510 2096 5564 ani-

529 5602 646 5642 mos
673 5595 791 5638 tuos
817 5585 882 5637 ad
917 5583 1156 5651 praelium
1183 5583 1481 5635 concitans.
1515 5601 1533 5633 ι

601 5655 711 5725 (Ἠ)
745 5649 1092 5713 Iidem—mss"
1131 5671 1148 5703 ι
1178 5667 1242 5706 ex
1286 5654 1438 5708 vobis
1472 5655 1749 5709 venientes
1785 5666 1890 5708 non
1927 5649 2089 5707 verbo

533 5729 621 5787 Dei
662 5729 754 5783 sed
783 5725 978 5780 fabulis
1004 5735 1210 5777 vacant.
1251 5742 1268 5775 ›

2188 3162 2318 3216 mini
2347 3164 2413 3218 ad
2443 3161 2611 3219 Deum
2646 3179 2712 3218 ex
2742 3173 2856 3219 toto
2889 3165 3053 3220 corde
3081 3175 3287 3230 vestro,
3343 3176 3532 3223 vacate
3556 3169 3753 3225 oratio-

2186 3254 2365 3320 nibus,
2390 3266 2582 3311 vacate
2603 3255 2768 3310 verbo
2794 3257 2907 3311 Dei.
2935 3257 3072 3323 Quid
3114 3259 3335 3328 prodest
3376 3261 3422 3313 si
3447 3261 3753 3330 jejunamus

2185 3360 2284 3416 pro
2310 3350 2566 3415 peccatis,
2602 3357 2660 3403 et
2683 3349 2881 3403 iterum
2905 3361 3129 3418 peccata
3156 3353 3548 3409 committimus
3572 3355 3597 3408 ?
3617 3355 3752 3421 Quid

2183 3438 2408 3508 prode5t
2437 3439 2638 3495 lavisse
2705 3451 2760 3494 et
2801 3442 2854 3495 in
2885 3455 3046 3496 caeno
3093 3445 3271 3498 denuo
3303 3445 3576 3500 volutari?
3609 3444 3753 3514 Jeju-

2186 3531 2328 3583 nasti
2360 3531 2638 3601 aliquanto
2666 3533 2948 3602 tempore?
2992 3532 3122 3587 Tale
3149 3543 3232 3589 est
3267 3535 3428 3603 quale
3454 3538 3500 3591 si
3538 3537 3752 3592 interim

2185 3634 2251 3674 ex
2303 3620 2535 3692 IEgypto
2581 3623 2920 3678 discesseris.
2961 3622 3228 3678 Transisti
3279 3639 3432 3679 mare
3491 3623 3752 3692 Rubrum,

2187 3726 2408 3768 secutus
2435 3730 2495 3770 es
2527 3715 2744 3784 Moysen
2765 3756 2780 3781 ,
2828 3726 3096 3785 praecepta
3147 3717 3361 3772 scilicet
3392 3727 3451 3771 et
3502 3719 3751 3772 mandata

2186 3802 2320 3872 legis
2351 3805 2644 3860 observans
2696 3807 2810 3878 (74)
2839 3823 2852 3860 :
2887 3809 2981 3864 sed
3019 3807 3133 3875 jam
3163 3818 3214 3863 te
3247 3823 3275 3862 a
3309 3807 3491 3864 Moseo
3519 3810 3754 3879 suscepit

2184 3893 2362 3958 Jesus,
2388 3897 2478 3965 qui
2517 3907 2565 3951 te
2591 3899 2752 3952 etiam
2777 3899 3136 3954 circumcidat
3164 3900 3421 3966 secundo,
3448 3901 3500 3954 in
3529 3899 3646 3955 loco
3667 3900 3754 3968 qui

2185 3984 2388 4040 dicitur
2427 3985 2583 4042 collis
2619 3989 3028 4058 prmputiorum.
3067 3989 3550 4045 Circumcidendus
3594 3992 3752 4061 igitur

2189 4076 2284 4130 tibi
2317 4088 2400 4131 est
2426 4093 2532 4132 non
2553 4079 2729 4133 solum
2759 4079 3029 4134 idolorum
3059 4080 3258 4145 cultus,
3283 4096 3443 4149 quem
3496 4082 3552 4134 in
3587 4081 3756 4135 initiis

2188 4167 2458 4237 abjecisti,
2505 4170 2602 4224 sed
2650 4170 2829 4225 denuo
2862 4171 2958 4225 tibi
2988 4172 3154 4226 etiam
3203 4172 3432 4226 avaritia
3467 4171 3756 4226 circumci-

2187 4260 2365 4314 denda
2404 4270 2509 4326 est,
2542 4276 2661 4330 quae
2686 4272 2771 4317 est
2803 4262 2915 4335 (75)
2958 4263 3221 4316 idolorum
3259 4263 3513 4318 subtilior
3559 4264 3751 4318 cultus.

2191 4350 2433 4422 Denique
2458 4352 2617 4408 Jesus
2640 4355 2876 4408 secunda
2908 4353 3325 4408 circumcisione
3370 4352 3622 4422 populum
3651 4353 3752 4406 cir-

2112 4423 2158 4478 Ῐ)
2185 4446 2495 4500 cumcidens
2520 4445 2633 4514 (76)
2665 4445 2745 4500 sic
2769 4446 2904 4500 dixit
2927 4445 2972 4477 “
2999 4463 3013 4498 :
3055 4465 3072 4497 ι
3105 4445 3275 4500 Hodie
3313 4444 3512 4499 abstuli
3537 4459 3567 4497 a
3611 4443 3755 4496 vobis

590 4557 636 4591 "
664 4557 773 4614 Jos.
817 4575 858 4628 ι,
884 4559 937 4614 '5.
966 4591 969 4594 -
1012 4559 1058 4591 ⁸ο
1089 4558 1212 4616 lsai.
1245 4577 1358 4626 xiv,
1389 4559 1477 4615 12.
1547 4560 1594 4592 ⁸³
1619 4559 1729 4614 Jos.
1763 4575 1837 4623 xi,
1859 4559 1947 4613 25.
2023 4559 2070 4590 ⁵²
2105 4559 2241 4614 Psal.
2271 4575 2310 4627 ι,
2343 4560 2398 4614 2.

2497 4561 2543 4594 ⁸³
2567 4559 2708 4632 Eph.
2742 4576 2794 4625 v,
2828 4560 2914 4614 14.
3015 4560 3062 4592 ⁸⁵
3085 4559 3198 4615 Jos.
3231 4576 3281 4624 v,
3311 4558 3365 4613 9.

2264 4671 2380 4743 (73)
2421 4668 2487 4725 Et
2518 4673 2783 4742 continge:
2811 4671 3097 4743 Christum.
3125 4672 3202 4726 lta
3230 4667 3749 4743 codeeremeticen-

2189 4737 2284 4796 sis;
2323 4737 2469 4796 Libri
2510 4737 2884 4796 autem'antea
2929 4742 3082 4804 editi,
3119 4761 3137 4793 α
3175 4752 3232 4795 ut
3265 4742 3546 4807 contingas
3597 4737 3752 4792 Chri-

2189 4822 2354 4865 stum.
2377 4830 2394 4862 ι
2413 4811 2454 4865 Τ
2458 4824 2612 4866 extus
2638 4813 2855 4867 Grzecus
2895 4815 2993 4866 hoc
3016 4813 3133 4867 loco
3153 4811 3380 4874 ferebat,
3409 4809 3502 4862 καὶ
3529 4809 3753 4878 ἐπιψαύ-

2191 4898 2304 4958 est;
2333 4882 2424 4934 τοῦ
2459 4882 2716 4958 Χριστοῦ..
2880 4883 2983 4954 alia
3009 4883 3161 4958 plura
3200 4881 3449 4958 Epistolae
3477 4882 3542 4932 ad
3575 4881 3751 4958 .Ephe—

2190 4952 2299 5021 sius
2329 4949 2655 5021 exemplaria
2694 4952 2986 5016 habebant,
3012 4949 3109 5005 ita).
3136 4951 3424 5021 ἐπιφαύσει
3451 4967 3532 5021 σοι
3564 4949 3593 5000 ὁ
3625 4951 3752 5017 Χρι-

2191 5020 2335 5084 στός.
2382 5020 2511 5076 Vide
2548 5021 2694 5076 Millii
2723 5035 2901 5078 notam
2933 5025 2997 5076 ad
3023 5023 3220 5090 Ephes.
3245 5019 3306 5087 'v,
3336 5019 3422 5075 14.
3448 5020 3568 5073 Mox
3587 5023 3751 5072 codex

2193 5090 2584 5169 Genielicensis
2621 5108 2899 5169 _cum_uno
2942 5092 3290 5156 Ebroicensi,
3339 5104 3437 5159 pro
3458 5109 3487 5169 _c
3525 5101 3754 5154 exsurge

2195 5162 2338 5233 enim
2376 5176 2406 5214 a
2434 5163 2685 5228 mortuis,
2706 5183 2726 5216 ι
2765 5164 2966 5219 habent
2995 5180 3014 5213 ι
3047 5178 3342 5233 exsurgere
3381 5162 3527 5214 enim
3554 5176 3584 5214 a
3613 5173 3754 5215 mor-

2197 5231 2322 5285 tuis.
2361 5248 2380 5282 ο

2415 5301 2598 5380 Codex
2627 5301 3036 5380 Gemetice‘nsis,
3069 5321 3088 5354 ‹
3124 5301 3440 5380 perdurant.
3478 5316 3498 5350 ι
3559 5367 3592 5380 γ’

2294 5371 2379 5442 74)
2414 5373 2554 5426 Idem
2588 5389 2710 5430 cum
2742 5388 2849 5426 uno
2879 5371 3210 5437 Ebroicensi,
3248 5391 3265 5422 ι
3294 5371 3618 5442 observasti.
3653 5382 3676 5420 ι

2421 5442 2572 5518 l_ld_ss.,
2614 5460 2632 5494 ι
2666 5459 2783 5511 quae
2803 5453 2906 5518 est.
2935 5461 2954 5494 ι
2978 5445 3134 5518 Libu.
3161 5443 3312 5518 editi,
3345 5459 3362 5491 ε
3407 5437 3457 5492 id
3482 5449 3588 5518 est.
3629 5455 3650 5490 ι
3685 5508 3695 5518 ι

2269 5509 2575 5588 (76)‘.\lss.,
2621 5532 2651 5588 ι.
2678 5509 2912 5588 secunda
2941 5513 3358 5588 circumcisione
3377 5509 3630 5588 populum
3651 5509 3755 5562 cir-

2199 5581 2532 5638 cumcidens.
2577 5601 2596 5634 ι
2631 5581 2788 5638 Libb.
2831 5584 2996 5650 editi,
3029 5600 3049 5636 ι
3090 5584 3327 5639 secundo
3373 5582 3753 5637 circumcisum

2201 5652 2452 5726 populum
2482 5653 2898 5709 circumcidens.
2926 5673 2949 5707 ι
