4050 6148
564 161 670 218 835
2024 154 2147 212 Οῐῖῐ1

2249 151 2348 208 ςιε.
3702 152 3788 212 830

563 279 738 336 Filius
773 276 889 332 Dei.
926 275 1061 343 Quia
1100 291 1119 326 ι
1163 288 1288 328 cum
1337 270 1573 327 venisset
1618 269 1896 340 plenitudo
1933 268 2143 339 tempo-
2174 280 2217 333 Α
2246 277 2330 322 est
2379 265 2548 337 gloria
2575 273 2631 321 et
2671 265 2961 336 imperium
3005 279 3127 321 cum
3164 262 3380 335 Spiritu
3413 263 3718 340 sancto(93)
3743 272 3786 330 in

562 387 709 435 runt,
764 367 910 422 misit
945 366 1085 420 Deus
1136 363 1331 419 Filium
1371 379 1526 419 suum
1568 372 1752 416 natum
1794 362 1906 435 (88)
1934 378 1998 417 ex
2027 379 2144 416 mu-

562 462 720 526 liere,
760 459 963 514 factum
999 456 1099 512 sub
1135 456 1252 526 lege
1280 457 1349 510 ⁸⁷.
1387 476 1407 509 ι
1439 455 1545 510 Per
1575 456 1679 510 hoc
1707 469 1837 523 ergo
1870 456 2015 524 quod
2064 454 2146 507 fa—

563 563 685 607 ctus
710 560 793 607 est
824 551 924 605 sub
954 550 1093 618 lege,
1126 547 1293 603 Mosei
1329 547 1578 603 minister
1609 545 1834 602 effectus
1858 556 1967 602 est.
2007 547 2146 601 Dicit

562 652 742 698 autem
769 640 930 704 Deus.
958 652 1015 694 ut
1049 649 1328 694 transeant
1359 638 1472 711 (89)
1505 640 1557 694 in
1588 649 1808 703 terram,
1842 654 1946 694 non
1979 655 2143 709 quam

561 733 709 787 dedit
740 731 973 804 Moyses,
1005 731 1098 787 sed
1137 750 1155 783 ι
1191 746 1379 800 quam,
1432 731 1626 801 inquit,
1663 745 1763 800 ego
1796 731 1866 785 do
1916 730 2087 785 vobis.
2120 750 2140 784 ι

568 823 729 879 Vides
754 839 883 892 ergo
906 824 1031 893 quia
1059 821 1243 878 Moseo
1285 832 1497 878 mortuo
1524 823 1665 877 Deus
1702 822 1795 876 dat
1818 830 2020 876 terram
2045 836 2142 892 po-

561 917 688 988 pulo
717 932 812 986 per
838 916 1048 973 Iesum.
1073 916 1245 983 Quam
1282 915 1524 970 terram?
1548 915 1700 971 Illam
1725 914 1844 970 sine
1880 913 2045 969 dubio
2079 916 2146 969 de

563 1023 666 1077 qua
689 1008 820 1062 dicit
855 1007 1113 1063 Dominus
1147 1008 1233 1062 '3:
1281 1027 1300 1059 ι
1348 1006 1498 1060 Beati
1550 1005 1845 1069 mansueti,
1879 1004 2009 1076 quia
2039 1005 2146 1076 ipsi

565 1101 880 1156 haereditate
911 1101 1266 1171 possidebunt
1290 1109 1512 1157 terram.
1553 1118 1573 1151 ι

633 1194 687 1248 5.
724 1212 743 1243 ι
777 1191 1030 1256 Omnem,
1051 1192 1311 1262 inquit”,
1333 1191 1513 1246 locum
1546 1205 1928 1262 quemcunque
1950 1207 2145 1248 ascen-

564 1279 756 1335 deritis
774 1281 1014 1351 vestigiis
1032 1281 1226 1348 pedum
1249 1289 1574 1346 vestrorum,
1603 1282 1758 1337 vobis
1780 1283 1922 1337 dabo
1947 1297 2094 1337 eum.
2120 1301 2139 1335 ι

565 1373 697 1439 Quae
741 1383 868 1426 sunt
910 1373 1025 1426 loca
1084 1388 1205 1442 quae
1260 1373 1603 1428 ascendimus
1657 1374 1902 1445 vestigiis
1948 1364 2146 1445 pedum

567 1463 923 1519 nostrorum?
945 1463 1106 1533 Legis
1129 1463 1301 1518 littera
1320 1465 1464 1518 humi
1483 1464 1656 1535 posita
1684 1473 1785 1529 est,
1817 1473 1871 1519 et
1893 1466 2147 1521 deorsum

561 1555 728 1622 jacet.
754 1553 1028 1625 Nusquam
1058 1570 1187 1625 ergo
1217 1556 1465 1610 ascendit
1494 1555 1588 1625 qui
1619 1557 1754 1626 legis
1785 1556 2024 1612 litteram
2053 1573 2144 1614 se-

2244 358 2439 415 stncula
2469 357 2819 414 smeulorum.
2850 360 3049 412 Amen.

2831 462 3114 519 HOMILIA
3139 461 3233 517 Ill.

2245 561 2321 616 De
2343 561 2549 616 duabus
2592 570 2641 615 et
2668 560 2822 615 semis
2856 557 3112 619 tribubus,
3142 557 3203 610 id
3244 566 3324 611 est
3369 555 3510 609 tribu
3550 555 3788 624 Ruben,“

2314 634 2455 687 tribu
2474 631 2613 694 Gad,
2635 641 2685 685 et
2714 630 2847 684 remi
2882 629 3024 682 tribu
3058 626 3316 681 Murrane
3338 625 3474 696 (94),
3495 637 3541 681 et
3570 644 3726 683 nouem
3746 643 3785 686 et

2316 704 2471 756 semis
2496 703 2757 756 tribubus.

2317 818 2369 871 1.
2406 816 2616 887 Moyses
2640 813 3009 869 luereditatem
3043 821 3207 867 terra:
3231 810 3511 866 distribuit
3537 820 3675 868 trans
3691 812 3786 869 Iur.

2246 911 2439 965 donem
2476 910 2684 964 duabus
2710 917 2764 963 et
2794 906 2959 961 semis
2988 905 3268 969 tribubus,
3307 904 3363 958 id
3389 913 3491 971 est,
3526 904 3673 980 tribui
3699 905 3786 977 (95)

2243 1002 2461 1065 Ruben,
2507 1012 2562 1056 et
2608 1001 2767 1054 tribui
2809 999 2956 1066 Gad,
2987 1009 3043 1052 et
3071 997 3315 1051 dimidiae
3358 996 3521 1051 tribui
3563 994 3787 1053 Manasse.

2247 1095 2493 1165 Reliquis
2522 1110 2651 1150 vero
2684 1094 2952 1159 tribubus,
2990 1106 3096 1145 non
3142 1090 3388 1161 Moyses,
3424 1089 3518 1144 sed
3556 1087 3698 1145 Iesus
3723 1091 3789 1145 di-

2245 1189 2379 1242 vidit
2414 1196 2638 1241 terram.
2680 1186 2907 1240 Pactum
2945 1195 3125 1238 tamen
3173 1183 3378 1237 initum
3422 1188 3507 1236 est
3542 1196 3657 1236 cum
3703 1181 3786 1238 illis

2202 1321 2207 1327 .
2247 1278 2457 1333 duabus
2477 1288 2531 1333 et
2557 1278 2719 1333 semis
2751 1278 2997 1332 tribubus
3028 1290 3148 1345 qua:
3175 1283 3332 1329 trans
3359 1273 3639 1330 Iordanem
3665 1290 3786 1329 acce-

2247 1383 2440 1443 perant
2488 1384 2713 1436 terram,
2753 1379 2813 1423 ut
2856 1368 3063 1423 relictis
3096 1366 3426 1420 mulieribus
3448 1374 3503 1420 et
3536 1365 3786 1421 infantibus

2247 1464 2361 1520 suis
2384 1464 2435 1517 in
2460 1461 2550 1516 illa
2583 1472 2729 1516 terra
2764 1471 2911 1515 trans
2939 1459 3263 1526 Iordanem,
3293 1458 3398 1528 ipsi
3423 1473 3544 1513 cum
3571 1456 3787 1513 fratribus

2249 1557 2364 1612 suis
2419 1564 2665 1627 pugnent
2721 1568 3003 1623 usquequo
3043 1554 3216 1607 etiam
3274 1551 3379 1622 ipsi
3433 1560 3788 1618 consequantur

565 1648 772 1717 quitur.
804 1647 860 1702 Si
897 1663 1022 1702 vero
1056 1648 1298 1716 potueris
1327 1663 1356 1701 a
1386 1646 1569 1702 littera
1606 1648 1905 1703 ascendere
1943 1650 2009 1703 ad
2037 1650 2148 1721 spi-
2178 1631 2221 1685 Β
2253 1651 2647 1706 hereditatem.
2675 1647 2928 1718 Oportuit
2952 1648 3121 1716 igitur
3149 1662 3250 1717 per
3279 1645 3493 1701 obitum
3524 1642 3695 1705 Musei,
3716 1641 3786 1710 qui

567 1740 753 1801 ritum,
798 1740 948 1794 etab
1001 1738 1229 1793 historia
1281 1739 1347 1793 ad
1387 1738 1719 1793 intellectum
1775 1742 2148 1794 conscendere

566 1831 870 1897 celsiorem,
926 1842 1057 1887 tunc
1108 1846 1235 1887 vere
1281 1830 1581 1885 ascendisti
1627 1830 1805 1884 locum
1842 1830 2046 1899 editum
2093 1842 2149 1885 et

567 1923 864 1992 excelsum,
895 1938 1056 1994 quem
1082 1938 1112 1977 a
1148 1922 1261 1978 Deo
1300 1922 1355 1977 in
1407 1922 1723 1977 haereditate
1753 1923 2040 1992 percipies.
2090 1923 2146 1977 Si

567 2018 708 2072 enim
736 2018 787 2071 in
820 2017 886 2071 iis
915 2032 1034 2087 qua:
1054 2016 1254 2086 scripta
1284 2024 1431 2082 sunt,
1463 2025 1620 2085 typos
1642 2014 1933 2084 intelligas,
1965 2023 2021 2068 et
2043 2015 2133 2067 ad-

567 2119 749 2164 vertas
781 2107 983 2163 formas
1015 2123 1136 2163 esse
1177 2107 1505 2172 cmlestium,
1556 2116 1611 2161 et
1651 2116 1832 2162 mente
1876 2122 1942 2160 ac
1983 2121 2147 2161 sensu

573 2220 593 2255 ι
641 2216 763 2271 quae
807 2217 1025 2256 sursum
1073 2213 1203 2256 sunt
1254 2216 1494 2272 quaeras,
1544 2201 1633 2255 ubi
1679 2199 1930 2256 Christus
1976 2209 2059 2255 est
2092 2201 2146 2255 in

565 2295 788 2348 dextera
813 2293 902 2348 Dei
926 2296 1118 2349 sedens
1148 2292 1223 2360 ‘°;
1260 2312 1279 2345 ι
1314 2302 1441 2348 tunc
1468 2302 1525 2348 et
1556 2292 1706 2346 illum
1745 2292 1920 2346 locum
1941 2293 1992 2346 iu
2029 2293 2147 2348 b.2-

570 2386 801 2441 reditate
865 2385 1149 2455 percipies,
1203 2384 1419 2439 dicente
1471 2382 1702 2438 Domino
1753 2392 1809 2438 et
1864 2381 2147 2438 Salvatore

567 2484 755 2532 nostro
785 2476 853 2540 “,
882 2476 1007 2546 quia
1048 2493 1067 2527 ι
1112 2473 1204 2528 ubi
1246 2490 1344 2543 ego
1372 2489 1516 2538 sum,
1545 2473 1618 2528 ibi
1656 2473 1763 2527 erit
1800 2485 1857 2528 et
1888 2474 2138 2529 minister

567 2584 742 2624 meus.
785 2587 803 2621 ι
849 2568 907 2623 Si
956 2584 1089 2639 ergo
1134 2584 1305 2638 usque
1355 2567 1424 2621 ad
1465 2565 1741 2621 Christum
1783 2568 2061 2623 sedentem
2093 2569 2146 2622 in

566 2662 788 2717 dextera
818 2660 908 2715 Dei
937 2662 1247 2732 perveneris
1281 2660 1405 2725 fide,
1437 2660 1569 2714 vita:
1591 2661 1826 2729 puritate
1861 2659 1998 2731 (90),
2039 2661 2148 2714 vir-

566 2764 703 2820 tute,
733 2765 787 2809 et
820 2753 926 2809 illis
951 2754 1195 2824 vestigiis
1231 2755 1425 2825 pedum
1458 2761 1674 2806 tuorum
1719 2766 1841 2822 quae
1881 2752 2018 2806 lavit
2059 2753 2148 2808 Ie-

567 2865 684 2913 sus,
715 2835 863 2902 illum
893 2848 1071 2903 locum
1114 2847 1427 2909 incesseris,
1477 2845 1626 2899 dabit
1663 2844 1758 2898 tibi
1786 2859 1919 2909 eum
1966 2843 2146 2900 Deus:

567 2948 625 2994 et
660 2946 789 2993 tunc
824 2953 931 2992 non
965 2937 1141 2992 solum
1170 2934 1281 3008 (9t)
1320 2936 1495 2990 haeres
1528 2933 1779 2989 eiﬁcieris
1820 2934 1933 3002 Dei,
1968 2936 2061 2989 sed
2092 2944 2145 2991 et
2174 2972 2218 3030 α

569 3030 815 3087 cohazres
845 3028 1072 3085 Christi.
1494 3086 1507 3099 φ

638 3121 692 3175 4.
734 3139 753 3173 t
788 3120 966 3185 Sicut,
998 3118 1175 3187 inquit
1207 3120 1273 3186 3’,
1307 3119 1416 3173 dixi
1453 3112 1645 3192 Moysi,
1687 3134 1931 3173 eremum
1957 3128 2009 3171 et
2041 3119 2152 3171 An-

570 3213 850 3268 tilibanum
880 3212 1022 3267 hunc
1052 3226 1222 3280 usque
1259 3213 1326 3266 ad
1375 3211 1576 3266 flumen
1631 3226 1910 3281 magnum,
1949 3208 2147 3264 ﬂumen

570 3303 923 3371 Euphratem,
972 3321 991 3356 ι
1025 3316 1267 3357 eremum
1304 3303 1448 3358 Deus
1481 3301 1712 3380 subiecit
1756 3302 1879 3358 Iesu
1913 3302 2047 3375 (92),
2098 3303 2150 3356 id

567 3406 658 3451 est
688 3395 920 3460 deserta,
959 3395 1026 3451 de
1059 3395 1254 3464 quibus
1295 3394 1428 3449 dicit
1466 3393 1721 3465 propheta
1756 3394 1844 3448 ⁶³ε
1885 3412 1904 3445 ι
1943 3394 2150 3450 Laetare

571 3497 790 3538 eremus
827 3483 1052 3548 sitiens;
1092 3499 1111 3534 ι
1151 3492 1205 3540 et
1234 3502 1249 3540 :
1279 3502 1299 3535 ι
1337 3482 1487 3537 Militi
1534 3484 1629 3538 filii
1674 3484 1928 3549 desertae,
1980 3486 2152 3556 magis

573 3591 733 3644 quam
770 3575 886 3646 ejus
914 3590 1035 3645 quae
1062 3575 1228 3629 habet
1258 3576 1456 3629 virum.
1487 3594 1506 3627 ι
1545 3576 1611 3630 Et
1638 3576 1834 3630 iterum
1871 3591 1977 3631 non
2017 3577 2154 3632 dixit

572 3668 863 3736 Libanum,
911 3669 1006 3724 sed
1059 3668 1459 3735 Antilibanum,
1497 3684 1655 3739 quem
1705 3684 1736 3723 a
1787 3670 1897 3724 Deo
1939 3671 2154 3739 accepit

571 3757 747 3813 Iesus.
785 3758 1129 3815 Antilibanus
1158 3771 1344 3814 autem
1375 3761 1573 3814 dicitur
1604 3761 1756 3832 quasi
1789 3777 1885 3831 pro
1922 3760 2150 3817 Libano.

573 3850 632 3906 Si
679 3866 809 3922 ergo
843 3852 1030 3907 videas
1063 3852 1299 3922 priorem
1346 3850 1602 3921 populum
1654 3853 1804 3907 illum
1853 3856 2147 3908 secundum

571 3958 791 3998 carnem
828 3942 1020 4009 Israel,
1043 3945 1137 4015 qui
1170 3954 1291 3999 erat
1322 3961 1451 4000 vera
1493 3946 1633 4001 oliva
1656 3987 1671 4012 ,
1707 3947 1881 4017 ipsum
1917 3947 2151 4017 intellige

570 4034 738 4091 fuisse
774 4034 1035 4090 Libanum
1084 4051 1273 4091 verum
1303 4050 1320 4089 :
1349 4037 1445 4092 sed
1489 4052 1612 4092 cum
1646 4038 1847 4093 videris
1877 4038 2001 4107 quia
2052 4052 2150 4106 pro

573 4129 950 4185 incredulitate
981 4144 1078 4183 sua
1124 4131 1370 4184 aufertur
1400 4129 1469 4185 ab
1517 4145 1583 4187 eo
1624 4147 1874 4201 regnum,
1913 4144 1967 4187 et
1994 4135 2153 4188 datur

571 4222 719 4294 genti
763 4222 981 4277 facienti
1031 4224 1265 4277 fructum
1307 4223 1473 4290 ejus:
1525 4223 1690 4277 istum
1736 4224 1995 4293 populum
2056 4225 2148 4294 qui

2249 1751 2465 1812 pactum
2486 1742 2628 1797 istud
2663 1742 2882 1803 inierat,
2916 1738 3100 1794 Iesum
3138 1737 3416 1808 promissa
3449 1735 3731 1804 deposcere,
3747 1740 3788 1787 et

2250 1849 2594 1890 commonere
2614 1848 2707 1888 eos
2729 1832 2990 1888 auxilium
3023 1830 3348 1902 pugnaturis
3378 1828 3631 1881 fratribus
3652 1824 3785 1878 ferre.

2249 1925 2377 1982 Haec
2418 1926 2636 1997 quidem
2685 1924 2924 1980 historia:
2958 1933 3140 1979 textus
3188 1929 3419 1976 enarrat
3452 1915 3583 1990 (96),
3631 1930 3784 1970 verum

2249 2019 2375 2088 quia
2401 2034 2499 2074 nos
2521 2016 2660 2072 forte
2671 2017 2783 2087 jam
2805 2015 3058 2072 conversi
3090 2014 3160 2069 ad
3195 2013 3488 2069 Dominum
3510 2023 3697 2072 sumus,
3711 2006 3786 2076 qui

2251 2109 2432 2167 aufert
2488 2110 2730 2166 velamen
2759 2124 2826 2164 ex
2856 2109 3092 2164 lectione
3118 2104 3340 2162 Veteris
3391 2101 3721 2163 Testamenti.
3742 2106 3786 2154 et

2250 2206 2417 2258 donat
2439 2203 2610 2258 servis
2641 2203 2754 2257 suis
2794 2200 3144 2257 credentibus
3178 2200 3234 2254 in
3271 2213 3354 2264 se,
3391 2205 3452 2250 ut
3487 2194 3700 2250 revelata
3721 2190 3787 2244 fa-

2249 2298 2332 2350 cie
2365 2296 2588 2366 gloriam
2626 2293 2837 2349 Domini
2885 2290 3260 2358 speculentur,
3303 2290 3424 2344 haec
3474 2285 3642 2342 omnia
3688 2296 3786 2352 qua:

2251 2388 2552 2459 figuraliter
2583 2388 2686 2442 illis
2726 2385 3071 2449 accidebant,
3096 2393 3329 2454 propter
3360 2396 3461 2436 nos
3481 2380 3663 2447 scripta
3684 2388 3785 2430 esse

2249 2482 2568 2540 sentiamus.
2599 2499 2616 2531 ι
2637 2481 2689 2533 in
2709 2493 2847 2548 quos
2865 2477 2998 2532 fines
3021 2475 3350 2532 seculorum
3376 2467 3780 2529 devenerunt“.t

2242 2574 2317 2629 Et
2359 2573 2502 2638 ideo,
2544 2574 2687 2627 sicut
2725 2580 2853 2626 ante
2882 2569 2994 2637 jam
3020 2569 3288 2634 diximus,
3330 2566 3617 2622 ascendere
3643 2568 3786 2615 tente-

2249 2681 2372 2720 mus
2403 2680 2433 2718 a
2473 2664 2652 2718 littera
2687 2663 2753 2717 ad
2790 2661 3070 2731 spiritum,
3097 2676 3127 2713 a
3168 2659 3365 2731 figuris
3390 2658 3457 2713 ad
3500 2655 3781 2714 veritatem;

2249 2756 2411 2830 402
2454 2767 2507 2812 et
2533 2755 2940 2810 consideremus
2985 2767 3145 2824 quam
3187 2752 3424 2806 formam
3446 2756 3654 2804 teneant
3688 2745 3782 2798 ista

2250 2852 2368 2905 dua:
2400 2858 2454 2902 et
2481 2849 2645 2903 semis
2676 2846 2869 2912 tribus,
2898 2860 3017 2916 qua:
3044 2860 3140 2916 per
3169 2843 3392 2916 Moysen
3423 2850 3611 2896 terram
3638 2836 3779 2890 btrre‘

2251 2940 2433 2997 ditatis
2466 2939 2744 3008 accipiunt
2775 2955 2787 2990 :
2815 2946 2871 2992 et
2904 2951 3066 3006 quam
3099 2934 3335 2991 formam
3366 2940 3578 2987 teneant
3598 2926 3780 2993 relique

2254 3051 2446 3092 novem
2501 3043 2557 3088 et
2608 3035 2774 3088 semis
2827 3047 2946 3102 quae
2984 3045 3080 3100 per
3108 3029 3297 3086 Iesum
3356 3021 3777 3096 repromissionetn

2250 3136 2413 3183 terra:
2458 3136 2663 3182 sanctae
2702 3125 3020 3194 suscipiunt.
3074 3123 3140 3179 Et
3181 3124 3362 3193 primo
3404 3119 3631 3176 omnium
3673 3121 3780 3181 pulo

2251 3218 2395 3287 quod
2419 3215 2751 3287 impossibile
2779 3214 2943 3272 fuerit
2971 3214 3193 3271 fortuitu
3229 3211 3514 3276 accidisse,
3540 3217 3595 3261 ut
3617 3204 3664 3259 hi
3706 3199 3779 3269 qui

2252 3325 2350 3380 per
2375 3308 2592 3380 Moysen
2617 3309 2893 3377 accipiunt
2919 3308 3243 3377 portionem,
3267 3318 3456 3360 omnes
3481 3291 3779 3380 primogeniti

2252 3379 2668 3452 essentaﬂuben
2695 3410 2927 3466 namque
2944 3396 3339 3466 primogenitus
3371 3402 3537 3448 estex
3558 3386 3663 3451 Lia,
3689 3379 3779 3436 (ἓηά

2253 3489 2646 3561 printogenitus
2690 3506 2755 3545 ex
2799 3488 2974 3555 Cella,
3022 3498 3075 3544 et
3130 3488 3404 3542 Manasses
3434 3477 3781 3552 primogenita:

2251 3597 2318 3637 ex
2354 3581 2628 3637 Assenech
2665 3581 2916 3653 Egyptia
2949 3581 3058 3635 filia
3092 3581 3362 3648 Petephre
3392 3576 3501 3649 (97)
3523 3565 3779 3627 sacerdotis

2253 3674 2620 3744 Heliopoleos,
2655 3690 2816 3744 quam
2872 3674 3083 3742 accepit
3126 3672 3347 3742 Ioseph.
3394 3669 3653 3735 Nunquam
3698 3671 3777 3723 ego

2253 3767 2386 3822 mihi
2422 3767 2724 3838 persuadeo
2755 3776 2814 3820 ιιι
2857 3765 3084 3822 fortuitu
3130 3763 3391 3819 acciderit
3442 3752 3778 3831 primogenitos

2252 3874 2372 3916 esse
2403 3874 2595 3914 omnes
2648 3859 2846 3929 quibus
2879 3874 2977 3929 per
3006 3856 3224 3929 Moysen
3275 3852 3649 3912 decernebatur
3684 3843 3775 3896 ha!—

2252 3942 2475 4016 reditas,
2498 3952 2594 4005 sed
2626 3950 2796 4020 magis
2821 3952 2921 4005 hoc
2940 3949 3177 4005 arbitror
3210 3947 3354 4020 quod
3378 3947 3434 4000 in
3467 3945 3529 3998 iis
3547 3940 3648 4010 jam
3674 3944 3777 3988 ιιιηο

2253 4043 2482 4098 duorum
2531 4041 2959 4096 adumbrabatur
3010 4040 3185 4096 forma
3237 4036 3591 4110 populorum:
3644 4025 3774 4080 unius

2252 4135 2468 4204 quidem
2496 4136 2587 4204 qui
2619 4134 3013 4203 primogenitus
3035 4147 3134 4203 per
3161 4141 3370 4186 naturae
3398 4127 3626 4183 ordinem
3663 4115 3759 4170 title

2255 4238 2434 4295 retur;
2458 4227 2682 4282 alterius
2706 4228 2796 4297 qui
2822 4242 2918 4295 per
2946 4226 3104 4280 fidem
3132 4234 3184 4277 et
3211 4223 3457 4294 gratiam,
3487 4206 3775 4271 benedictio-

570 4330 670 4384 pro
722 4316 814 4372 illo
839 4315 1061 4384 expulso
1094 4314 1453 4369 introducitur
1484 4318 1536 4369 in
1593 4331 1839 4386 regnum,
1878 4317 2145 4372 Antiliba-
2180 4324 2222 4378 D
2253 4337 2375 4375 nem
2432 4322 2706 4389 acciperet
2740 4320 3092 4374 haereditatis.
3135 4315 3248 4372 Nec
3278 4316 3425 4387 prius
3464 4310 3561 4364 illis
3590 4302 3670 4374 qui
3698 4311 3774 4368 Per

573 4422 701 4462 num
748 4408 913 4473 senti,
947 4422 1069 4476 qua:
1100 4418 1184 4462 est
1212 4406 1447 4462 Ecclesia
1483 4407 1575 4462 Dei
1616 4423 1684 4463 ex
1713 4411 1964 4479 gentibus
2015 4424 2147 4464 con-

572 4511 790 4572 gregata
819 4516 916 4571 per
935 4499 1118 4557 Iesum
1150 4501 1425 4556 Christum
1455 4503 1741 4558 Dominum
1761 4513 2026 4568 nostrum,
2057 4505 2142 4557 cui

646 4618 691 4651 ⁵⁷
722 4617 838 4673 Gal.
871 4633 945 4679 tv,
968 4615 1023 4669 4.
1100 4614 1146 4648 ⁵⁸
1172 4614 1365 4671 Matth.
1396 4632 1449 4682 ν,
1471 4617 1527 4670 4.

570 4702 681 4756 le,
714 4691 763 4745 1.
840 4688 886 4720 ⁸⁸
916 4688 1083 4742 lCor.
1125 4703 1180 4753 ιι,
1211 4688 1297 4741 11.

569 4850 741 4906 germ.
765 4844 820 4890 et
841 4832 1127 4906 Gentetic.,
1166 4850 1186 4884 ι
1234 4831 1513 4901 plenitudo
1555 4840 1879 4900 temporum.
1922 4850 1939 4881 ι
1977 4829 2136 4887 Libb.

571 4905 724 4970 editi,
760 4923 779 4957 t
817 4905 1096 4974 plenitudo
1126 4906 1400 4971 temporis.
1446 4920 1467 4954 ι

642 4968 756 5048 (88)
811 4968 994 5032 Codex
1042 4968 1350 5045 Sangerm.,
1390 4989 1410 5023 ι
1453 4980 1662 5026 uatum.
1706 4989 1726 5023 ι
1781 4968 1936 5025 Libb.
1985 4972 2141 5036 editi,

576 5065 597 5101 α
637 5047 858 5101 factum.
888 5064 908 5097 ι

644 5117 923 5190 (89)'ld_em
952 5129 1055 5169 ms.
1077 5129 1197 5169 cum
1221 5112 1407 5168 codice
1428 5110 1716 5175 Gemetic.,
1744 5128 1765 5162 t
1793 5120 2092 5169 transeant.
2115 5132 2134 5166 δ

572 5187 921 5251 Πωλθιιίῑη
952 5204 971 5237 t
1004 5192 1269 5239 transeat.
1308 5202 1327 5236 ι

645 5256 757 5328 (90)
787 5257 968 5311 Codex
1000 5254 1457 5328 Genteticensis,t
1480 5254 1603 5308 vita:
1628 5257 1885 5323 puritate.
1929 5273 1948 5307 ι
1983 5253 2143 5308 Libb.

573 5327 780 5391 editi,’t
816 5330 948 5388 vita,
981 5327 1236 5396 puritate.
1273 5343 1293 5377 ι

643 5396 755 5470 (91)
800 5394 993 5452 Codex‘
1026 5394 1335 5465 Sangerm.,
1380 5415 1406 5470 ι
1442 5404 1496 5451 et
1541 5405 1670 5452 tunc
1720 5410 1826 5451 non
1884 5394 2080 5450 solum.
2120 5412 2138 5445 ι

572 5467 923 5531 Ιφὶιιιιζθιιιιί,
959 5487 977 5519 ι
1012 5471 1139 5522 dum
1170 5481 1279 5519 non
1314 5468 1510 5523 solum.
1551 5486 1570 5518 ι

646 5539 759 5610 (9‘2)
783 5537 926 5610 idem
954 5555 1087 5610 [ιιι-1.,
1123 5553 1142 5587 t
1183 5551 1421 5591 eremum
1453 5536 1545 5591 Dei
1572 5536 1804 5610 subjecit
1835 5534 2011 5610 Iesus.
2048 5552 2067 5584 ι

644 5607 757 5681 (93)
780 5608 912 5665 Cum
940 5607 1144 5678 Spiritu
1168 5621 1370 5664 sancto.
1402 5610 1561 5664 Deest
1587 5609 1639 5662 iu
1664 5609 1823 5664 codd.
1858 5609 2140 5679 Sangerm.

1631 4617 1674 4650 '°
1709 4616 1822 4674 Ios.
1856 4633 1893 4683 ι,
1924 4619 1978 4674 5.
2056 4617 2100 4650 ⁶⁰
2126 4618 2335 4675 Coloss.
2370 4636 2452 4684 ιιι,
2482 4620 2533 4674 1.

2252 4411 2467 4482 Moysen
2495 4410 2769 4479 accipiunt
2802 4411 3198 4475 haereditatem,
3222 4408 3274 4462 id
3297 4403 3487 4473 estqui
3521 4412 3608 4467 per
3631 4394 3771 4482 1039i“

2252 4478 2570 4574 placuerunt
2614 4478 2758 4568 Deo,
2811 4504 3027 4573 requies
3082 4503 3263 4568 datur,
3320 4498 3419 4554 nisi
3463 4492 3691 4562 adjuvent
3729 4478 3769 4530 in

2612 4618 2829 4674 “Ioan.
2863 4634 2961 4683 xu,
2986 4618 3079 4677 26.
3146 4619 3190 4651 “
3213 4616 3330 4674 Ios.
3365 4631 3401 4678 ι,
3433 4608 3567 4675 5,.1.
3629 4600 3769 4654 ⁸³1⁸³»

2246 4840 2302 4885 et
2328 4831 2717 4887 Gemeticensi.
3530 4895 3540 4897 μ
3657 4886 3667 4897 .

2319 4881 2974 4974 (DE-Coddeangerm.
3034 4915 3090 4961 et
3136 4905 3398 4961 Gemetic.
3438 4881 3762 4974 ἰηηικξειξυξξθ

2248 4965 2583 5044 οιιιὶιιγίιιιιηι
2623 4975 2677 5030 id
2707 4965 2970 5041 estftribu
3007 4976 3219 5044 Ruben,
3253 4987 3308 5032 et
3329 4975 3459 5030 tribu
3482 4965 3602 5025 Gad,
3632 4966 3766 5009 ctse‘

2251 5043 2471 5097 mitribu
2499 5042 2771 5101 Manasse.
2809 5063 2833 5100 ι
3206 5042 3213 5044 ⁷
3724 5089 3734 5100 -

2325 5115 3009 5210 l9§t..':“39;3'1£ee_stiti:
3034 5113 3532 5210 κέιςφιεεξ-ξῑιξξυυξ
3551 5103 3760 5210 2ξὲθὲἓὲ

2255 5163 3464 5266 trib'u'tqu'ﬁééi-B'ni'ﬁa{diu},'id-Eétj'irib'ui}
3506 5198 3524 5231 ι
3551 5181 3643 5229 etc.
3677 5163 3732 5216 Se

2254 5268 2580 5329 mss..utm
2614 5268 2799 5314 nostro
2824 5271 2996 5313 textu.
3501 5319 3522 5329 -
3545 5317 3571 5329 η
3593 5312 3616 5329 L
3669 5295 3737 5329 Νη

2327 5298 3174 5400 (δὼυῂξᾷ,ξ’ίυῖιὶξιῖῖιῖἇξωιεῐιιιε
3194 5334 3425 5387 enarrat.
3465 5342 3481 5375 ι
3501 5312 3640 5374 Libb.
3667 5298 3760 5358 edi'

2257 5399 2318 5464 ti,
2352 5418 2370 5448 ι
2410 5399 2635 5454 historia
2669 5409 2876 5464 narrat.
2918 5419 2937 5451 ι

2287 5442 2635 5551 Teii-Sig..."
2653 5442 2997 5541 c"i5'«='t2§u}e.
3034 5491 3052 5525 ι
3097 5470 3256 5528 Libb.
3293 5466 3440 5532 editi,
3484 5481 3503 5514 ι
3544 5442 3757 5516 Ριιιίρδ³⁸
3800 5494 3810 5511 .

2256 5555 2354 5595 ΙῚΒο
2391 5557 2410 5592 ι
