4050 6148
263 209 374 267 837

1279 209 1348 266 IN
1371 208 1634 266 LIBRUM
1655 207 1822 266 IESU
1851 204 2039 265 NAVF.
2069 207 2357 266 HOMILIA
2385 211 2474 268 Ill.

3442 209 3550 268 858

265 333 476 404 praeliis
510 332 711 390 fratres
765 346 913 389 suos.
959 330 1216 388 Mulieres
1268 343 1473 390 tantum
1519 343 1572 390 et
1615 333 1854 388 infantes
1884 334 1930 391 A
1957 332 2068 400 hic,
2100 343 2155 390 et
2193 336 2268 390 ibi
2294 350 2488 392 novem
2528 342 2584 391 et
2617 335 2808 402 semis,
2842 346 2897 390 et
2926 334 3028 391 ista
3059 350 3164 390 una
3199 335 3381 390 tribus
3409 335 3548 390 divi-

267 427 809 499 accipiuntquietem
843 442 939 498 per
975 427 1192 498 Moysen
1230 445 1245 482 :
1293 433 1476 484 creterl
1511 436 1689 482 autem
1743 443 1852 483 non

269 522 656 591 requiescunt,
697 521 790 576 sed
818 530 1023 575 exeunt
1054 521 1119 576 ad
1156 521 1417 576 auxilium
1447 520 1681 575 fratrum
1727 536 1853 575 suo-

269 628 420 668 rum.
449 611 582 668 Vide
609 614 745 668 mihi
781 614 941 669 hodie
981 613 1251 669 laboranti
1291 614 1342 667 in
1371 628 1542 684 agone
1569 613 1694 667 vitae
1750 613 1852 666 hu-

262 706 381 776 jus,
407 715 461 760 et
488 705 704 761 habenti
746 716 1020 761 certamen
1062 706 1322 761 adversus
1366 706 1637 771 inimicos,
1675 706 1725 760 id
1772 713 1856 761 est

270 798 580 852 contrarias
596 807 916 868 potestates,
947 799 1218 868 quomodo
1248 799 1302 852 in
1332 799 1592 852 auxilium
1627 798 1853 854 veniunt

272 891 355 944 illi
395 891 486 961 qni
519 901 648 946 ante
683 893 974 947 adventum
1011 892 1140 946 Iesu
1181 891 1382 947 Christi
1419 892 1628 946 Domini
1661 893 1765 946 tnei
1797 893 1850 946 in

273 982 397 1054 lege
449 983 730 1052 iustificati
787 994 933 1042 sunt.
985 984 1120 1040 Vide
1170 985 1441 1054 quomodo
1501 985 1668 1041 Isaias
1719 986 1851 1040 mihi

271 1085 499 1144 praestat
522 1075 801 1139 auxilium,
825 1092 948 1130 cum
981 1093 1064 1131 me
1081 1077 1424 1132 sermonibus
1461 1092 1572 1132 suae
1598 1079 1852 1134 lectionis

275 1168 568 1223 illuminat.
595 1166 730 1224 Vide
753 1169 1052 1223 accinctum
1081 1158 1150 1223 'et
1196 1170 1508 1238 expeditum
1548 1172 1850 1227 venientem

273 1258 568 1314 Ieremiam
609 1259 675 1312 ad
727 1259 982 1313 auxilium
1040 1272 1308 1325 nostrmn,
1348 1270 1402 1316 et
1437 1263 1725 1319 voluminis
1769 1266 1850 1319 sui

268 1351 470 1418 jaculis
510 1351 693 1406 hostes
735 1353 1051 1416 acerrimos,
1095 1353 1276 1408 cordis
1305 1358 1406 1407 mei
1447 1355 1696 1410 tenebras
1720 1356 1854 1410 ell‘u-

273 1453 521 1514 gantem.
553 1444 868 1514 Accingitur
898 1453 952 1498 et
990 1443 1176 1498 Daniel
1210 1447 1275 1497 ad
1295 1447 1552 1500 auxiliqu
1581 1460 1852 1512 nostrum,

274 1551 403 1590 cum
427 1550 522 1590 nos
545 1535 612 1590 de
642 1534 844 1590 Christi
882 1537 1170 1605 praesentia
1205 1551 1268 1591 ac
1302 1553 1491 1606 regno,
1531 1540 1670 1594 etde
1697 1541 1854 1594 Anti-

275 1628 468 1681 christi
497 1627 677 1680 futura
697 1626 888 1682 fraude
923 1627 1138 1682 instruit
1165 1637 1221 1680 et
1244 1640 1558 1696 prtemonet.
1596 1631 1766 1685 Adest
1797 1643 1852 1687 et

276 1718 530 1775 Ezechiel
556 1728 895 1774 sacramenta
924 1720 1079 1774 nobis
1109 1721 1352 1776 coelestia
1379 1721 1430 1775 in
1463 1723 1850 1792 quadrifnrmi-
1885 1703 1924 1756 Β

276 1811 388 1866 bus
425 1821 660 1866 rotarum
698 1810 914 1866 circulis
954 1812 1200 1880 signans,
1229 1822 1284 1868 et
1315 1824 1486 1867 rotam
1520 1816 1851 1872 concludens

275 1903 338 1957 in
373 1910 510 1958 rota.
552 1901 708 1956 Ducit
753 1912 807 1956 et
836 1901 974 1958 Osee
1014 1902 1255 1958 bissenas
1285 1906 1586 1973 prOphetici
1621 1909 1852 1978 agminis

279 2003 513 2057 turmas,
538 2003 593 2047 et
616 1992 913 2062 procedunt
937 2008 1126 2048 omnes
1149 1995 1409 2049 succincti
1444 1995 1654 2052 lumbos
1681 1998 1734 2051 in
1763 2014 1849 2054 ve-

277 2088 448 2142 ritate
479 2101 638 2154 quam
673 2087 973 2156 pnedicant
1006 2087 1072 2140 ad
1101 2087 1362 2140 auxilium
1386 2104 1630 2155 suorum,
1671 2101 1729 2145 ut
1756 2108 1853 2148 eo-

278 2192 402 2232 rum
434 2177 794 2232 voluminibus
837 2178 1108 2245 instructi,
1143 2178 1441 2234 diabolicas
1491 2196 1598 2235 non
1634 2181 1853 2251 ignore-

279 2286 407 2327 mus
457 2270 706 2324 astutias.
754 2270 846 2325 Isti
891 2285 1020 2341 ergo
1047 2271 1139 2340 qui
1183 2270 1354 2326 fortes
1387 2282 1537 2340 sunt,
1565 2277 1762 2330 armati
1800 2288 1851 2332 et

277 2357 558 2436 praecincti
607 2363 817 2419 lumbos
869 2364 922 2418 in
966 2365 1201 2418 veritate
1253 2375 1454 2420 exeunt
1505 2368 1557 2422 in
1593 2370 1852 2423 auxilium

278 2465 552 2518 nostrum,
583 2465 636 2510 et
673 2465 915 2526 pugnant
953 2455 1255 2511 nobiscum.
1302 2454 1541 2514 Infantes
1571 2472 1751 2516 autem
1800 2473 1857 2516 et

279 2548 538 2602 mulieres
567 2563 671 2602 non
703 2557 901 2602 exeunt
925 2551 992 2603 ad
1029 2551 1271 2620 praelium
1314 2564 1586 2609 nostrum.
1615 2553 1726 2610 Nec
1751 2557 1854 2610 mi-

279 2656 425 2704 rum,
457 2639 631 2694 infans
652 2641 795 2694 enim
825 2640 1024 2694 dicitur
1054 2643 1144 2711 qui
1178 2659 1283 2698 non
1308 2644 1568 2714 loquitur.
1594 2644 1734 2713 Quid
1771 2663 1858 2703 me

277 2733 626 2802 ergojuvare
665 2735 840 2803 potuit
863 2733 956 2788 ille
986 2735 1076 2804 qui
1113 2736 1245 2790 nihil
1289 2737 1499 2793 locutus
1533 2741 1656 2794 cst?
1702 2742 1857 2811 cujus

281 2827 422 2881 nihil
459 2828 676 2883 invenio
703 2825 848 2897 quod
884 2826 1093 2897 legam?
1122 2831 1275 2899 cujus
1301 2846 1387 2885 me
1421 2847 1600 2887 sermo
1629 2849 1735 2888 non
1777 2835 1858 2888 in-

280 2919 485 2974 struit!
523 2919 803 2973 Mulierem
833 2934 963 2972 vero
991 2919 1123 2973 dicit
1150 2921 1424 2989 apostolus
1453 2922 1726 2978 infirmum
1765 2939 1858 2980 vas

281 3026 406 3066 esse
449 3011 517 3063 ".
571 3011 723 3066 Unde
770 3020 823 3065 et
865 3022 1258 3079 consequenter
1307 3014 1584 3069 infirmum
1647 3031 1745 3072 vas
1791 3017 1857 3071 ad

278 3106 594 3164 conflictum
619 3121 724 3160 non
751 3106 914 3169 venit,
939 3119 1007 3158 ne
1035 3107 1418 3178 confringatur
1446 3119 1501 3163 et
1525 3120 1735 3179 pereat.
1767 3112 1859 3165 Sic

281 3215 518 3271 namque
538 3210 593 3254 et
626 3201 692 3254 de
712 3198 838 3254 Iesu
874 3201 1101 3256 Domino
1127 3202 1179 3255 iu
1217 3201 1528 3270 Evangeliis
1560 3203 1762 3257 dicitur
1785 3203 1854 3269 “,

279 3293 410 3362 quia
442 3311 462 3345 ι
507 3292 773 3347 calamum
808 3299 1122 3363 quassatqu
1159 3308 1266 3348 non
1308 3292 1617 3364 confringet
1651 3293 1786 3364 (98).
1833 3312 1851 3346 ›

280 3387 423 3452 Quia
455 3401 583 3457 ergo
610 3387 862 3444 mulieres
885 3405 915 3443 a
944 3391 1076 3446 viris
1113 3391 1228 3445 suis
1266 3388 1408 3443 domi
1449 3387 1632 3443 doceri
1661 3388 1860 3459 juben-

283 3488 397 3542 tur,
429 3487 486 3533 et
512 3481 684 3550 magis
711 3481 764 3534 in
793 3481 1178 3550 discipulorum
1203 3495 1366 3550 quam
1394 3481 1704 3536 docentium
1733 3496 1857 3550 per-

283 3587 422 3628 sona
455 3582 748 3642 ponuntur,
798 3573 864 3628 ad
901 3574 1159 3628 auxilium
1205 3589 1384 3629 meum
1417 3589 1526 3628 non
1570 3573 1721 3628 venit
1768 3574 1859 3643 qui

281 3666 482 3719 docere
514 3681 600 3720 me
628 3681 735 3720 non
780 3676 974 3736 potest,
1007 3676 1063 3721 et
1091 3665 1246 3735 cujus
1277 3665 1410 3720 nihil
1446 3666 1663 3722 invenio
1713 3667 1861 3736 quod

281 3761 490 3814 imitari
525 3759 776 3826 debeam,
800 3759 885 3816 vel
913 3769 1117 3814 tenere.

355 3853 411 3908 2.
443 3853 728 3908 Videamus
761 3868 890 3924 ergo
918 3853 1046 3922 quid
1071 3851 1260 3907 dicunt
1305 3852 1372 3907 ad
1415 3851 1598 3907 Iesum
1630 3851 1719 3907 isti
1767 3851 1862 3922 qui

281 3949 518 4001 veniunt
577 3962 644 4001 ex
701 3946 791 4001 illa
851 3958 995 4002 terra
1059 3961 1221 4016 quam
1279 3945 1557 4000 distribuit
1608 3945 1858 4017 Moyses:

288 4059 310 4093 ι
353 4037 507 4094 Sicut
545 4039 878 4110 audivimus,
904 4041 1058 4096 aiunt
1091 4039 1162 4102 ⁸⁷,
1192 4037 1437 4105 Moysen,
1470 4039 1542 4092 ita
1580 4041 1862 4094 audiemus

284 4145 346 4190 et
394 4145 464 4188 te.
509 4153 528 4186 ›
558 4133 705 4188 Nihil
744 4143 853 4187 tam
885 4148 1096 4200 verum,
1151 4149 1314 4200 quam
1354 4131 1498 4203 quod
1540 4133 1718 4188 omnis
1771 4133 1864 4203 qui

283 4228 440 4281 audit
476 4226 718 4298 Moysen,
760 4226 943 4280 audiat
977 4235 1029 4280 et
1060 4224 1241 4281 Iesum
1271 4226 1560 4281 Dominum
1589 4235 1860 4279 nostrum.

286 4321 370 4374 De
412 4317 537 4374 Iesu
594 4321 738 4374 enim
795 4319 883 4374 ille
916 4318 1152 4389 scripsit.
1186 4316 1338 4374 Unde
1387 4327 1440 4373 et
1501 4317 1762 4372 Dominus
1809 4317 1860 4371 in

1961 425 2112 479 ditur
2162 425 2218 480 in
2259 429 2395 483 duas
2438 439 2640 498 partes,
2691 444 2787 499 per
2813 443 2976 497 quam
3021 443 3197 498 neque
3224 429 3312 484 hic
3355 428 3548 482 tertius

1961 533 2218 575 numerus
2270 520 2478 591 integer
2531 521 2873 591 adimpletur,
2931 536 3106 590 neque
3164 520 3253 594 ibi.
3293 520 3547 577 decimus

1959 610 2198 678 perfecte
2231 621 2285 666 et
2331 613 2541 682 integre
2583 623 3014 668 consummatur.
3065 613 3120 668 In
3156 629 3263 684 quo
3300 615 3546 669 arb.tror

1961 700 2087 755 illud
2142 703 2388 768 indicari,
2430 705 2575 773 quod
2624 712 2678 757 et
2720 702 2794 757 illi
2841 704 3048 773 priores
3083 704 3172 772 qui
3213 720 3311 774 per
3361 705 3538 774 legem

1960 795 2258 864 agebantur
2301 794 2436 865 (99),
2472 794 2794 864 contigerint
2845 795 3063 864 quidem
3097 796 3377 851 scicntian
3412 795 3538 850 Tri-

1961 886 2162 949 nitatis,
2195 901 2301 939 non
2341 897 2516 940 tamen
2546 888 2751 957 integre
2774 896 2826 942 et
2864 887 3117 957 perfecte,
3148 890 3243 942 sed
3268 904 3332 944 ex
3361 898 3535 958 parte.

1961 979 2155 1034 Deerat
2194 980 2336 1034 enim
2382 980 2486 1034 illis
2520 981 2570 1034 in
2602 979 2890 1051 Trinitate,
2935 981 3096 1035 etiam
3144 982 3234 1036 Dei
3275 984 3538 1054 unigeniti

1961 1072 2392 1126 incarnationem
2427 1071 2503 1144 (l)
2537 1089 2882 1142 cognoscere.
2917 1073 3051 1127 Nam
3085 1073 3210 1129 licet
3244 1075 3310 1130 de
3334 1078 3535 1132 adven-

1962 1174 2014 1215 tu
2045 1163 2162 1231 ejus
2193 1163 2500 1229 crederent,
2531 1173 2585 1216 et
2607 1165 2672 1218 de
2714 1164 2936 1234 reliquis
2963 1165 3076 1234 ejus
3116 1165 3536 1234 dispensationi-

1959 1255 2060 1310 bns
2088 1271 2191 1310 non
2238 1255 2412 1310 solum
2446 1257 2752 1325 crederent,
2798 1259 2889 1312 sed
2925 1258 3087 1311 etiam
3121 1260 3481 1328 praedicarent
3521 1280 3533 1314 :

1961 1362 2064 1399 non
2098 1355 2276 1400 tamen
2323 1346 2487 1400 etiam
2540 1347 2838 1411 videre,‘et
2867 1347 3091 1416 adipisci
3118 1362 3180 1402 ea
3213 1365 3332 1418 qua:
3363 1349 3538 1405 credi-

1961 1440 2175 1501 derant,
2211 1448 2536 1508 potuerunt;
2573 1440 2717 1493 sicut
2743 1448 2797 1493 ct
2827 1438 3088 1494 Dominus
3121 1440 3396 1510 discipulis
3425 1443 3539 1498 suis

1961 1533 2090 1585 dicit
2119 1533 2184 1586 de
2215 1532 2293 1586 eis
2322 1532 2390 1596 ‘9,
2413 1533 2537 1600 quia
2571 1551 2589 1583 (
2626 1531 2778 1586 multi
2818 1532 3093 1601 propheta:
3115 1543 3170 1587 et
3194 1534 3326 1601 justi
3358 1535 3541 1604 cupie-

1961 1637 2090 1678 runt
2139 1626 2322 1681 videre
2355 1642 2476 1696 qua:
2522 1642 2618 1681 vos
2658 1627 2874 1693 videtis,
2914 1635 2968 1680 et
3013 1642 3121 1680 non
3167 1627 3435 1692 viderunt,
3484 1636 3543 1683 et

1953 1715 2140 1771 audire
2171 1732 2290 1786 quae
2321 1733 2418 1772 vos
2467 1719 2689 1782 auditis,
2733 1729 2788 1773 et
2834 1734 2940 1773 non
2984 1718 3294 1772 audierunt.
3337 1739 3355 1770 ι
3411 1720 3541 1775 Erat

1952 1811 2093 1862 enim
2126 1808 2256 1863 fides
2283 1825 2468 1864 eorum
2504 1825 2608 1864 non
2652 1811 2882 1881 integra,
2912 1829 3008 1882 pro
3033 1829 3098 1868 eo
3125 1813 3267 1880 quod
3298 1813 3537 1866 nondum

1953 1900 2005 1954 in
2033 1900 2248 1956 Christo
2271 1902 2443 1955 fuerat
2464 1901 2796 1971 dispensatio
2833 1905 3010 1959 carnis
3035 1904 3286 1972 impleta;
3306 1914 3358 1958 et
3385 1903 3531 1973 quod

1953 2007 2053 2047 nos
2099 2009 2242 2047 nunc
2289 1992 2493 2048 factum
2535 1993 2649 2060 jam
2689 1997 2966 2050 credimus
3015 2008 3070 2050 et
3119 1997 3420 2066 impletum,
3455 1995 3529 2049 illi

1955 2086 2324 2140 tantummodo
2368 2085 2612 2140 futurum
2679 2087 2996 2142 credebant.
3057 2087 3350 2158 Propterea
3400 2103 3531 2158 ergo

1957 2180 2128 2233 tribus
2159 2179 2260 2233 illa:
2293 2194 2468 2247 neque
2495 2180 2612 2234 dua:
2633 2190 2778 2240 sunt.
2816 2195 2882 2234 ne
2912 2190 3091 2249 patres
3111 2192 3263 2234 extra
3300 2180 3458 2234 fidem
3485 2189 3542 2235 et

1957 2271 2190 2325 salutem
2223 2272 2332 2325 sint
2357 2271 2645 2326 Trinitatis
2671 2289 2685 2326 :
2720 2287 2893 2341 neque
2923 2283 3034 2327 tres
3070 2273 3294 2343 integra:
3323 2283 3378 2329 et
3408 2289 3535 2344 per-

1955 2362 2130 2428 fectae,
2157 2378 2226 2416 ne
2258 2363 2432 2417 beata:
2457 2363 2744 2418 Trinitatis
2775 2365 2826 2418 itt
2861 2364 2965 2418 illis
2987 2363 3098 2431 jam
3131 2377 3539 2420 sacramentum

1959 2459 2233 2514 videretur
2253 2461 2549 2530 expletum.
2571 2461 2675 2516 Sed
2696 2464 3044 2531 contigerunt
3074 2464 3288 2534 quidem
3321 2467 3539 2521 tertium

1956 2567 2262 2617 numerum,
2295 2561 2370 2617 et,
2405 2554 2546 2608 sicut
2579 2555 2716 2609 dixit
2758 2557 3038 2620 Dominus,
3073 2557 3363 2626 cupierunt
3387 2557 3543 2614 vide-

1959 2663 2017 2702 re
2043 2662 2163 2717 qua:
2191 2648 2463 2715 videmus,
2488 2657 2546 2703 ct
2568 2650 2758 2704 audire
2775 2666 2894 2718 qua:
2909 2650 3184 2716 audimus;
3205 2651 3296 2705 sed
3317 2653 3539 2708 minime

1961 2747 2277 2809 potuerunt,
2305 2741 2431 2803 quia
2458 2741 2695 2795 nondum
2723 2739 2892 2795 Filius
2935 2741 3168 2796 hominis
3194 2740 3369 2795 fuerat
3397 2746 3546 2798 exal-

1965 2839 2131 2898 tatus,
2158 2848 2256 2887 nec
2285 2831 2715 2902 temporumjam
2744 2843 2972 2887 venerat
3000 2835 3301 2902 plenitudo.
3334 2832 3432 2889 Hic
3458 2850 3545 2890 me

1959 2926 2125 2980 etiam
2178 2926 2381 2996 aliquid
2423 2925 2652 2994 amplius
2696 2936 2898 2980 movet.
2925 2925 3034 2996 Ego
3075 2938 3204 2998 puto
3255 2930 3397 2998 quod
3430 2929 3544 2983 for-

1888 3050 1932 3107 C
1965 3026 2107 3073 tasse
2125 3034 2226 3073 nec
2262 3020 2314 3072 in
2349 3019 2578 3078 adventu
2607 3016 2755 3083 Iesu,
2795 3029 2849 3073 et
2881 3018 3262 3075 incarnatione
3294 3021 3410 3090 ejus
3441 3024 3540 3077 ad-

1965 3110 2068 3165 huc
2123 3111 2269 3180 quod
2328 3109 2628 3180 perfectum
2685 3120 2768 3165 est
2811 3121 2866 3164 et
2919 3112 3186 3179 integrum
3244 3113 3542 3168 discimus:

1963 3204 2058 3257 sed
2111 3219 2210 3258 nec
2272 3203 2318 3256 si
2387 3203 2453 3256 ad
2515 3217 2730 3257 crucem
2795 3202 3026 3256 ducatur
3079 3205 3232 3270 jam,
3295 3217 3352 3259 et
3413 3221 3543 3261 con-

1963 3305 2268 3349 summetur.
2307 3295 2383 3364 (2)
2428 3295 2481 3350 in
2518 3294 2791 3358 omnibus,
2849 3309 2947 3348 nec
2994 3295 3038 3348 si
3090 3310 3120 3348 a
3179 3297 3410 3351 mortuis
3458 3312 3542 3352 re-

1963 3387 2220 3451 surrexit,
2271 3385 2434 3458 403
2486 3394 2681 3442 cuncta
2735 3386 2891 3440 nobis
2923 3402 3022 3456 per
3042 3387 3391 3458 semetipsum
3429 3405 3549 3460 qum

1971 3488 2216 3556 perfecta
2246 3497 2394 3551 sunt,
2427 3487 2648 3556 pandet.
2675 3483 2796 3538 Alio
2813 3486 2988 3540 adhuc
3009 3502 3146 3556 opus
3173 3488 3432 3544 habemus
3455 3489 3549 3560 qui

1963 3581 2122 3636 nobis
2167 3581 2374 3650 aperiat
2431 3578 2506 3651 (ὅ)
2553 3590 2608 3634 et
2643 3578 2848 3635 revelct
2900 3580 3175 3634 universa.
3202 3581 3339 3634 Audi
3373 3581 3550 3651 ipsum

1965 3673 2254 3728 Dominum
2293 3674 2344 3727 itt
2380 3672 2689 3745 Evangeliis
2720 3675 2984 3728 dicentem
3014 3673 3062 3706 "°
3089 3691 3104 3727 :
3141 3693 3158 3726 ι
3188 3673 3350 3728 Multa
3374 3674 3550 3730 adhuc

1965 3767 2141 3822 habeo
2197 3780 2318 3834 quae
2371 3765 2525 3820 vobis
2564 3765 2754 3835 loquar
2789 3766 2889 3837 (II),
2931 3766 3024 3820 sed
3072 3781 3176 3819 non
3205 3769 3434 3836 potestis
3458 3767 3546 3821 illa

1966 3861 2126 3911 modo
2150 3858 2359 3912 audire.
2389 3857 2587 3913 Veniet
2638 3867 2818 3911 autem
2852 3858 3086 3926 Spiritus
3121 3857 3370 3912 veritatis
3392 3860 3483 3927 qui
3517 3875 3548 3915 a

1939 3952 2125 4010 ‘Patre
2180 3950 2442 4020 procedit,
2473 3968 2492 4001 ›
2521 3959 2575 4004 et
2623 3949 2700 3998 ⁷¹ε
2731 3969 2749 4001 ε
2789 3952 2855 4004 de
2885 3965 3008 4004 meo
3053 3950 3308 4020 accipiet,
3361 3959 3417 4004 et
3462 3949 3550 4006 ille

1966 4043 2119 4103 vobis
2151 4038 2412 4096 indicabit
2440 4039 2644 4095 omnia.
2675 4058 2693 4092 ›
2725 4040 2888 4096 Vides
2922 4041 3046 4109 quia
3075 4056 3179 4096 non
3211 4041 3384 4095 solum
3409 4041 3549 4110 apud

1965 4137 2184 4207 Moysen
2215 4137 2318 4190 iste
2341 4136 2537 4191 tertius
2569 4149 2830 4188 numerus
2860 4117 2965 4188 non
3012 4134 3417 4189 demonstratur
3449 4135 3554 4189 im-

1965 4231 2164 4300 pletus,
2206 4229 2300 4285 sed
2345 4228 2521 4282 adhuc
2579 4235 2634 4280 et
2680 4223 2837 4279 Iesus
2879 4225 3011 4278 dicit
3072 4224 3350 4294 discipulis
3387 4224 3549 4281 suis:

1968 4322 2215 4377 Nondum
2253 4321 2484 4392 potestis
2514 4317 2872 4398 audirehuisi
2900 4316 2987 4372 ille
3033 4317 3344 4372 Paracletus
3370 4318 3554 4372 veniat

283 4411 582 4482 Evangelia
615 4426 847 4482 arguens
883 4425 998 4478 eos,
1049 4411 1177 4480 quia
1211 4425 1274 4463 ex
1327 4424 1391 4465 eo
1421 4409 1565 4479 quod
1601 4409 1706 4465 sibi
1754 4427 1860 4466 non
1895 4389 1940 4444 ί)
1971 4418 2194 4488 spiritus
2225 4389 2470 4470 veritatis
2498 4429 2514 4467 :
2547 4413 2672 4482 quia
2703 4389 2798 4481 per
2827 4411 3024 4477 ipsum,
3051 4420 3105 4465 et
3139 4411 3190 4464 iu
3233 4411 3347 4480 ipso
3374 4410 3550 4464 adim-

280 4505 537 4568 credunt,
576 4521 677 4560 nec
707 4503 888 4560 Moseo
941 4504 1186 4570 credant,
1227 4504 1360 4558 dicit
1392 4502 1479 4556 ‘3:
1530 4521 1549 4554 ‹
1585 4502 1641 4557 Si
1675 4503 1867 4558 crede-

284 4601 424 4653 retis
441 4599 633 4669 Moysi,
669 4599 964 4653 crederetis
1006 4600 1193 4670 utique
1223 4606 1278 4652 et
1307 4597 1463 4650 mihi.
1498 4595 1575 4651 De
1600 4611 1685 4650 me
1717 4596 1863 4650 enim

287 4693 387 4746 ille
421 4692 658 4760 scripsit.
686 4711 704 4742 ι
747 4690 873 4746 Mihi
898 4700 1078 4747 tamen
1115 4705 1217 4746 nec
1245 4690 1348 4744 hoc
1369 4689 1602 4744 Otiosum
1631 4688 1864 4754 videtur,

283 4783 434 4854 quod
483 4800 590 4840 non
625 4795 735 4839 tres
791 4785 1014 4854 integra:
1051 4783 1222 4839 tribus
1273 4793 1400 4838 sunt
1436 4786 1552 4837 ista;
1601 4798 1722 4853 quae
1771 4798 1868 4852 per

286 4881 516 4950 Moysen
545 4878 948 4948 dispensantur,
1003 4885 1060 4932 et
1095 4877 1197 4932 illa:
1239 4877 1461 4946 integra
1508 4891 1702 4932 novem
1750 4891 1872 4945 qua:

282 4987 392 5042 per
416 4969 598 5026 Iesum
642 4969 960 5026 haereditate
1005 4969 1305 5038 potiuntur,
1347 4967 1442 5022 sed
1471 4969 1590 5022 dua:
1619 4977 1672 5021 et
1704 4968 1870 5024 semis

359 5092 405 5124 ⁸⁵
433 5089 585 5146 lPet.
612 5107 692 5156 Ill,
734 5089 785 5142 7.
863 5083 910 5120 ⁸⁸
955 5085 1144 5142 Matth.
1197 5102 1294 5153 xit,
1324 5086 1418 5140 20.
1494 5083 1668 5142 "I05.
1699 5083 1736 5152 t,
1765 5087 1855 5144 I7.

280 5163 336 5196 ⁷⁸
371 5163 501 5220 ibid.
535 5161 616 5216 14.

367 5281 484 5404 (98}
520 5284 702 5364 codex
747 5279 1166 5344 Gemeticensis,
1213 5297 1231 5329 ι
1266 5277 1594 5349 confringet.
1625 5296 1645 5331 ι
1690 5277 1863 5346 Alias,

367 5370 454 5404 :0ll
487 5363 640 5404 f'Bflll.
680 5374 699 5404 ι

284 5371 314 5410 ι
353 5357 640 5410 confregit.
680 5374 699 5405 ›

367 5371 712 5493 ξῧὲῗξξξί,›‹
755 5423 1076 5493 agebantur.
1120 5441 1138 5473 ι
1187 5419 1408 5493 Αιίθεη(
1443 5417 1798 5493 habebantur.
1843 5437 1861 5470 ι

369 5489 646 5567 (“Etiam
687 5489 1070 5567 Dei'unigeniti
1110 5491 1550 5567 incarnationem,
1583 5489 1663 5567 _lta
1711 5489 1870 5567 habet

285 5559 466 5624 codex
493 5559 1066 5625 GetneticeuSIsilibri
1101 5577 1232 5615 vero
1274 5569 1433 5614 antea
1467 5559 1621 5625 editi,
1655 5576 1674 5608 t
1702 5560 1866 5613 etiam

288 5635 678 5712 dedunigeuiti
706 5635 1105 5712 incarnatione.-
1139 5651 1157 5684 ι
1527 5701 1583 5712 m
1672 5698 1686 5712 .
1828 5699 1840 5710 α

372 5708 449 5779 (2)
505 5701 690 5764 Codex
743 5704 1139 5764 Gemeticensis
1188 5717 1312 5760 cum
1361 5717 1469 5760 uno
1527 5701 1867 5769 Ebroicensi,

1935 5087 1980 5120 ⁸⁸
2001 5089 2158 5144 Ioan.
2184 5104 2236 5154 v,
2266 5086 2356 5142 46.

1973 4508 2152 4580 pletur
2189 4506 2455 4577 perfectio
2486 4503 2792 4558 Trinitatis.
2831 4501 2964 4556 Nam
2998 4504 3138 4571 quod
3165 4513 3220 4558 et
3245 4517 3434 4558 novem
3465 4519 3554 4559 se-

1975 4602 2078 4656 mis
2101 4602 2273 4655 tribus
2325 4605 2450 4652 sunt
2486 4611 2608 4666 quas
2664 4594 2765 4650 sub
2803 4593 2931 4648 Iesu
2964 4595 3098 4648 duce
3145 4605 3335 4663 agunt,
3361 4606 3412 4650 et
3441 4612 3550 4652 non

1975 4693 2196 4760 integrae
2223 4693 2431 4755 decem,
2461 4687 2555 4756 qui
2607 4701 2869 4740 numerus
2901 4685 2956 4740 in
2990 4687 3241 4741 omnibus
3289 4703 3551 4742 consum-

1976 4793 2152 4836 matus
2181 4781 2380 4836 dicitur
2418 4789 2474 4834 et
2506 4775 2804 4848 perfectus,
2840 4777 3029 4831 eadem
3064 4779 3181 4832 sine
3221 4778 3383 4832 dubio
3411 4782 3551 4835 ratio

1978 4873 2275 4938 invenitur,
2316 4880 2376 4925 ut
2433 4871 2534 4925 hoc
2579 4870 2723 4939 quod
2759 4883 2791 4922 a
2845 4868 3072 4923 Domino
3103 4868 3230 4924 Iesu
3277 4873 3551 4928 reservari

1979 4970 2178 5025 dicitur
2230 4966 2455 5037 Spiritui
2499 4973 2730 5031 sancto,
2788 4963 3144 5034 semiplenam
3192 4964 3444 5020 videatur
3486 4982 3552 5021 ac

2435 5086 2480 5117 ⁸³
2515 5083 2704 5139 Matth.
2743 5097 2860 5150 xul,
2890 5083 2972 5137 I7.
3050 5083 3096 5114 "°
3118 5083 3276 5139 Ioan.
3303 5101 3414 5154 xw,
3459 5086 3548 5141 I2.

1985 5294 2008 5329 ‹
2038 5277 2232 5330 ductus
2254 5273 2367 5342 jam
2393 5281 2448 5326 et
2471 5274 2902 5342 consummatus.
2941 5285 2960 5318 ι

2041 5347 2117 5417 (5)
2146 5335 2286 5400 Ideni
2316 5360 2446 5397 mss.
2481 5338 2747 5417 thpandil.
2784 5336 2952 5417 liabet
3005 5335 3180 5392 adhuc
3212 5351 3351 5406 opus
3385 5335 3554 5417 Israel

1973 5407 2245 5472 et‘audire
2265 5430 2385 5478 quae
2416 5410 2738 5465 audivimus.
2795 5407 3065 5462 llabentus
3087 5417 3138 5462 et
3171 5423 3268 5462 nos
3293 5423 3428 5479 Opus
3459 5407 3552 5479 qui

1975 5488 2134 5543 nobis
2161 5487 2391 5552 aperiat.
2436 5501 2455 5534 ι

2044 5560 2120 5625 (4)
2149 5547 2279 5621 Qua:
2299 5554 2443 5608 vobis
2461 5547 2759 5625 loquar.It_a
2775 5550 2932 5625 codd.
2953 5548 3264 5625 Sanger_r_n_.,
3285 5547 3552 5625 Gemetic.

1974 5617 2215 5684 et'u'nus
2259 5617 2625 5682 Ebroicensis.
2678 5617 2835 5672 Libb.
2881 5617 3282 5676 autem‘editi:
3327 5639 3346 5672 ι
3397 5617 3552 5673 vobis

1975 5699 2147 5768 loqui.
2183 5716 2203 5750 ι
