4050 6148
551 158 654 215 859

1953 162 2110 221 ORlG
2131 157 2285 215 ΕΝῐὸ

3684 157 3793 214 διο

549 274 809 329 medium.
838 272 1093 339 Quamvis
1135 271 1279 327 enim
1322 287 1420 341 per
1457 273 1742 329 Dominum
1786 284 1842 332 et
1869 275 2103 335 Salvato-
2136 285 2183 341 Α
2211 276 2535 348 susceperit,
2571 294 2668 349 per
2688 294 2826 351 quos
2868 289 2925 337 et
2980 280 3047 336 de
3075 279 3300 337 interitu
3336 276 3501 332 totius
3542 274 3786 331 inimica:

548 379 664 418 rem
697 361 1012 433 poenitentia
1041 361 1384 431 praedicetur,
1417 370 1473 416 et
1496 364 1780 418 conversio
1807 382 1836 420 a
1862 369 2018 423 malis
2046 371 2109 424 ad

549 455 710 516 bona,
740 463 793 508 et
823 453 983 509 detur
1021 453 1273 507 omnibus
1313 454 1658 510 credentibus
1702 459 1948 513 remissio
1981 476 2105 530 pec-

549 554 820 603 catorum,
872 551 928 597 et
973 542 1152 598 omnia
1196 559 1314 612 quae
1359 545 1424 599 ad
1465 545 1852 615 perfectionem
1897 551 2106 609 decadm

547 635 800 689 videntur
832 635 1077 695 tendere,
1109 634 1481 705 compleantur
1514 654 1527 689 :
1562 645 1739 693 tamen
1769 641 2030 709 perfectio
2058 654 2107 698 et

547 726 756 777 summa
781 731 1097 776 cunctorum
1124 722 1388 777 honorum
1434 725 1489 778 in
1520 740 1585 780 eo
1610 729 1879 795 consistit,
1913 733 1956 786 si
1988 743 2106 803 post

546 811 663 865 haec
706 810 886 865 omnia
931 812 1100 866 sancti
1140 812 1369 881 Spiritus
1408 814 1529 885 quis
1572 819 1795 887 gratiam
1838 834 2121 882 mereatur.

544 903 810 974 accipere.
856 904 1064 974 Alioqui
1111 906 1243 959 nihil
1293 906 1348 960 in
1381 922 1448 962 eo
1484 909 1783 978 perfectum
1810 916 2107 983 putabitur,

545 996 632 1051 cui
677 1004 896 1049 sanctus
944 994 1177 1064 Spiritus
1222 998 1404 1061 deest,
1442 1015 1541 1068 per
1591 1017 1751 1070 quem
1796 1009 2108 1075 mysterium

544 1086 716 1140 beatas
762 1085 1039 1141 Trinitatis
1088 1086 1360 1156 impletur.
1399 1089 1492 1143 Vis
1525 1100 1585 1145 ut
1632 1094 1808 1149 adhuc
1853 1097 1944 1151 tibi
1993 1099 2109 1153 evi-

546 1177 763 1231 dentius
818 1178 1079 1247 probem,
1141 1180 1284 1247 apud
1331 1181 1563 1248 priorem
1616 1187 1873 1253 populum
1921 1191 2106 1257 illum,

543 1283 705 1337 quem
748 1266 954 1336 Moyses
997 1266 1051 1319 in
1096 1267 1305 1321 duabus
1339 1268 1502 1323 semis
1536 1270 1783 1326 tribubus
1823 1275 2110 1332 adumbra-

542 1356 653 1415 bat.
689 1374 797 1411 non
829 1357 992 1412 fuisse
1016 1359 1195 1413 omnia
1225 1359 1429 1431 integra
1450 1403 1464 1423 ,
1493 1377 1596 1417 nec
1623 1363 1898 1433 perfecta?
1927 1369 2107 1424 decla-

541 1458 629 1505 rat
669 1450 774 1504 hoc
808 1451 968 1504 etiam
1000 1449 1086 1505 illa
1133 1451 1355 1506 historia
1385 1468 1505 1521 quae
1543 1454 1598 1508 in
1645 1456 1749 1511 hoc
1778 1458 1894 1527 ipso
1926 1461 2105 1518 libello

540 1540 671 1595 Jesu
702 1540 850 1595 Nave
879 1541 1076 1611 scripta
1102 1550 1201 1605 cst,
1230 1558 1353 1597 cum
1387 1544 1515 1600 dicit
1548 1545 1669 1614 quia
1698 1548 1865 1605 altare
1888 1552 2104 1620 quidem

540 1648 729 1686 verum
771 1640 887 1686 erat
930 1633 983 1685 in
1026 1632 1114 1687 illa
1163 1642 1305 1689 terra
1349 1651 1508 1705 quam
1541 1637 1698 1694 Jesus
1734 1628 2169 1711 dispensabat,”

446 1775 455 1784 ,
541 1724 629 1779 isti
674 1734 855 1779 tamen
896 1724 987 1794 qui
1031 1733 1187 1780 erant
1234 1735 1383 1781 trans
1418 1727 1741 1793 Iordanem,
1769 1732 1821 1787 id
1850 1743 1954 1798 est,
1990 1735 2106 1792 Ru-

540 1816 679 1879 ben,
707 1824 763 1870 et
794 1815 941 1879 Gad,
988 1826 1043 1871 et
1083 1818 1301 1872 dimidia
1351 1818 1520 1875 tribus
1565 1821 1826 1888 Manasse,
1861 1825 2106 1884 fecerunt

541 1906 644 1961 sibi
674 1907 873 1970 altare,
917 1907 1012 1961 sed
1040 1924 1150 1962 non
1191 1924 1374 1963 verum
1411 1910 1599 1975 altare,
1628 1915 1722 1968 sed
1747 1916 1890 1984 quod
1922 1926 2104 1988 typum

540 1998 767 2053 haberet
794 2006 848 2052 et
889 1998 1115 2053 formam
1143 2000 1257 2054 veri
1285 2001 1466 2056 altaris
1503 2004 1645 2072 quod
1678 2015 1795 2059 erat
1824 2009 1965 2076 apud
2012 2009 2106 2064 Je-

540 2105 680 2143 sum.
714 2088 857 2142 Nihil
886 2104 1013 2160 ergo
1042 2090 1253 2145 mireris
1294 2091 1338 2145 si
1380 2108 1490 2147 non
1532 2094 1793 2166 integram
1823 2100 2101 2157 scientiam

539 2179 817 2235 Trinitatis
849 2190 1171 2250 acceperant
1205 2182 1298 2247 illi,
1330 2185 1422 2254 qui
1456 2200 1557 2241 nec
1583 2186 1849 2258 integrum
1874 2207 1977 2247 nec
2008 2210 2102 2247 ve-

537 2287 659 2326 rum
694 2272 860 2327 altare
906 2283 1338 2329 construxerant.
1388 2276 1515 2332 Ideo
1558 2279 1789 2348 denique
1820 2299 1921 2337 nec
1949 2286 2100 2340 multi

537 2363 743 2425 hostes,
779 2378 955 2433 neque
1001 2364 1185 2433 plures
1230 2381 1382 2436 reges
1423 2369 1810 2426 contrariarum
1842 2373 2099 2429 virtutum

534 2454 604 2508 ab
628 2454 730 2508 illis
751 2455 1007 2510 dicuntur
1030 2471 1150 2510 esse
1176 2456 1393 2525 dejecti.
1418 2457 1619 2523 Sehon,
1650 2462 1840 2531 inquit,
1871 2474 2104 2521 tantum-

532 2546 697 2601 modo
728 2562 905 2617 regem
935 2546 1392 2614 Amorrhaeorum,
1425 2561 1480 2605 et
1508 2550 1587 2622 0g
1621 2568 1799 2624 regem
1826 2555 2016 2622 Basan,
2045 2568 2101 2613 et

532 2635 856 2695 Amalecitas
888 2639 1204 2709 dejecerunt
1249 2648 1399 2697 trans
1443 2642 1756 2701 Iordanem.
1792 2645 1942 2703 lesus
1969 2664 2099 2705 vero

533 2729 625 2785 ubi
653 2730 802 2786 ducit
824 2733 1120 2787 exercitum
1139 2771 1155 2797 ,
1190 2748 1336 2788 nunc
1376 2735 1614 2805 quinque
1641 2753 1795 2809 reges
1823 2739 1979 2793 simul
2008 2757 2097 2796 ca-

532 2820 670 2878 dunt
705 2822 799 2880 aui
835 2823 1188 2886 confugerant
1225 2825 1281 2879 in
1320 2825 1636 2888 sneluncas.
1677 2839 1733 2884 et
1774 2845 1884 2885 non
1922 2833 2095 2887 solum

516 2910 741 2972 cadunt,
773 2907 869 2960 sed
908 2917 964 2960 et
993 2908 1400 2976 suspenduntur
1433 2913 1484 2963 in
1518 2911 1685 2980 ligno,
1720 2928 1863 2969 nunc
1897 2914 2088 2984 viginti

519 3009 717 3053 novem
752 2995 958 3063 pariter
976 2995 1319 3066 jugulantur,
1342 3000 1697 3058 etimmensze
1726 3005 2098 3066 multitudines

518 3088 730 3143 adversi
766 3087 1041 3143 exercitus
1088 3100 1540 3159 prosternuntur,
1578 3105 1635 3149 et
1663 3101 2097 3157 exterminantur

516 3193 707 3233 omnes
734 3181 824 3249 qui
845 3191 1089 3234 sanctam
1116 3192 1315 3236 terram
1342 3184 1394 3238 in
1422 3187 1778 3243 immunditiis
1792 3193 2091 3263 possident,

517 3272 609 3340 qui
643 3280 843 3327 terram
876 3271 1132 3328 fluentem
1176 3274 1259 3330 lac
1285 3286 1340 3332 et
1367 3277 1473 3332 mel
1506 3279 1561 3334 in
1590 3283 1957 3342 amaritudine
1979 3303 2092 3344 ma-

516 3369 644 3423 litia:
670 3368 939 3423 detinent.

576 3513 631 3548 ο.
662 3492 875 3547 interea
906 3490 1199 3546 mittuntur
1230 3494 1297 3548 ab
1319 3490 1447 3550 Jesu
1483 3496 1860 3568 exploratores
1899 3499 1952 3554 in
1985 3498 2079 3556 Je-

508 3587 681 3651 richo,
705 3595 761 3640 et
794 3585 1168 3655 suscipiuntur
1196 3601 1227 3640 a
1283 3593 1574 3645 meretrice
1610 3586 1782 3645 Raab.
1810 3590 2079 3663 Explora-

506 3692 655 3736 tores
680 3666 888 3751 isti'qui
928 3684 1221 3737 mittuntur
1263 3692 1389 3738 ante
1422 3682 1620 3739 faciem
1666 3682 1815 3748 Jesu,
1852 3697 2078 3756 possunt

504 3774 752 3844 etangeli
787 3775 879 3830 Dei
910 3776 1113 3846 putari,
1149 3778 1289 3831 sicut
1331 3777 1595 3847 scriptum
1640 3788 1724 3831 est
1755 3778 1800 3809 "
1834 3797 1849 3832 :
1886 3796 1906 3830 ι
1938 3779 2077 3836 Ecce

515 3869 723 3923 mittam
753 3869 1002 3939 angelum
1037 3886 1214 3925 meum
1245 3880 1372 3925 ante
1406 3869 1602 3925 faciem
1631 3881 1776 3924 tuam
1810 3872 1902 3942 qui
1935 3887 2076 3942 pra-

509 3959 860 4029 parabitvias
891 3969 1015 4016 tuas
1048 3960 1147 4033 (5).
1179 3979 1198 4013 ›
1227 3950 1390 4029 ρυοιΪ
1417 3975 1515 4030 per
1537 3961 1671 4016 alios
1697 3961 1909 4031 quidem
1945 3963 2075 4019 invi-

504 4052 752 4117 sibiliter,
778 4068 872 4122 per
902 4052 1165 4108 Joannem
1183 4069 1313 4109 vero
1330 4053 1624 4109 visibiliter
1646 4054 2019 4124 complebatur
2054 4076 2070 4113 :

503 4145 569 4197 de
601 4159 708 4213 quo
732 4156 788 4199 et
822 4145 1110 4214 boeipsum
1140 4147 1397 4216 scriptum
1423 4156 1527 4201 est.
1552 4147 1795 4216 Denique
1823 4149 1889 4204 de
1910 4146 2072 4205 Joan-

502 4239 589 4291 nis
619 4239 886 4308 baptismo
905 4240 1104 4294 dicitur
1132 4257 1160 4295 a
1200 4243 1448 4308 Domino,
1481 4241 1605 4312 quia
1630 4243 1823 4297 scribae
1850 4254 1907 4299 et
1928 4244 2072 4299 Pha-

2209 371 2386 439 gentis
2417 370 2654 426 refertur
2679 384 2889 443 erepta.

2276 464 2329 517 4.
2363 465 2468 519 Sed
2488 466 2767 522 videamus
2788 467 3004 521 tandem
3022 482 3145 538 qua:
3179 466 3251 521 sit
3274 466 3374 519 ista
3408 463 3661 518 meretrix
3678 459 3785 533 (6).

2208 554 2360 610 Raab
2394 558 2618 623 dicitur,
2649 558 2799 614 Raab
2826 573 2956 613 vero
2996 559 3387 627 interpretatur
3422 555 3644 608 latitudo
3672 556 3780 625 (7).

2204 647 2335 714 ρυλε
2361 661 2444 705 est
2497 665 2628 721 ergo
2675 651 2924 718 latitudo,
2964 652 3063 706 nisi
3121 649 3365 706 Ecclesia
3399 649 3513 703 haec
3552 647 3780 716 Christi,

2203 756 2324 810 quae
2378 758 2446 797 ex
2497 744 2880 812 peccatoribus
2935 743 3086 798 velut
3129 757 3198 798 ex
3239 741 3680 795 meretrieatione
3702 739 3782 811 (8)

2203 834 2430 889 collecta
2461 837 2580 890 est?
2615 838 2679 891 Et
2710 837 2844 891 dicit
2868 836 2914 870 ⁷⁸
2946 854 2961 892 :
2997 855 3017 888 ‹
3056 838 3332 906 Angustus
3389 834 3519 888 mihi
3575 843 3660 888 est
3701 833 3784 887 lo-

2202 941 2321 991 cus,
2354 927 2443 983 fac
2474 930 2608 983 mihi
2638 932 2813 983 locum
2847 930 2936 985 ubi
2975 930 3235 985 habitem.
3278 927 3391 982 Hos
3432 936 3612 982 autem
3645 925 3777 979 mihi

2200 1019 2323 1088 quis
2349 1022 2654 1076 cnutrivit?
2694 1042 2714 1076 ι
2762 1021 2829 1077 Et
2880 1024 3076 1077 iterum
3136 1023 3201 1076 ad
3237 1036 3402 1093 quam
3443 1020 3642 1073 dicitur
3681 1019 3730 1051 ⁷⁸
3757 1037 3775 1071 :

2205 1131 2226 1164 ‹
2257 1113 2431 1168 Dilata
2483 1116 2633 1185 palos
2684 1117 2761 1189 (9)
2794 1126 2941 1179 tuos,
2988 1126 3044 1172 et
3070 1117 3301 1171 extende
3347 1115 3576 1169 tentoria
3599 1123 3707 1167 tua.
3750 1134 3770 1166 ι

2200 1202 2304 1259 Ista
2335 1219 2466 1275 ergo
2488 1204 2945 1272 latitudoestquae
2962 1205 3588 1276 suscepitexploraiores
3620 1205 3772 1261 Jesu.

2202 1296 2327 1353 Scio
2357 1313 2442 1352 me
2473 1298 2765 1368 aliquando
2790 1298 2842 1352 in
2871 1298 3101 1365 quadam
3130 1297 3369 1354 Ecclesia
3412 1299 3771 1368 diSputautem

2199 1391 2264 1446 de
2290 1391 2500 1445 duabus
2550 1392 2950 1459 meretricibus,
2979 1393 3045 1446 de
3079 1392 3276 1460 quibus
3323 1392 3585 1462 scriptum
3619 1402 3704 1447 est
3723 1392 3771 1424 "

2199 1484 2252 1538 in
2278 1483 2441 1537 tertio
2476 1483 2618 1538 libro
2647 1482 2975 1554 Regnorum,
2996 1498 3114 1552 qua:
3138 1482 3479 1551 adjudicium
3511 1493 3771 1538 venerant

2202 1574 2534 1640 Salomonis,
2570 1591 2800 1645 quarum
2833 1592 2936 1629 una
2968 1577 3170 1641 vivum,
3208 1577 3316 1629 alia
3363 1585 3633 1629 mortuum
3670 1575 3769 1629 ba-

2197 1665 2359 1720 bebat
2394 1665 2682 1729 infantem,
2727 1666 3054 1720 discussisse
3094 1664 3427 1736 diligentius,
3458 1674 3517 1718 et
3571 1663 3774 1717 dixisse

2195 1762 2321 1832 quia
2352 1762 2442 1815 illa
2469 1763 2727 1815 meretrix
2766 1761 2881 1816 haec
2911 1771 3057 1816 esset
3091 1760 3176 1815 cui
3213 1759 3469 1816 Salomon
3526 1773 3633 1813 non
3660 1757 3770 1820 illc,

2197 1857 2290 1910 sed
2318 1856 2405 1910 hic
2432 1854 2521 1925 qui
2554 1869 2743 1925 pacem
2769 1855 2919 1909 venit
2941 1856 3123 1910 facere
3152 1869 3337 1910 eorum
3387 1869 3509 1922 quae
3536 1854 3589 1907 in
3616 1852 3772 1907 cretis

2195 1956 2317 2001 sunt
2349 1957 2405 2001 et
2433 1964 2557 2018 qua‘
2589 1950 2642 2001 in
2681 1948 2863 2013 terris,
2892 1949 3039 2002 reddi
3068 1949 3250 2002 vivum
3273 1947 3437 2017 jussit
3465 1945 3767 2000 infantem:

2196 2039 2287 2093 illa
2323 2056 2456 2094 vero
2488 2040 2587 2093 alia
2632 2056 2751 2108 qua:
2787 2050 3059 2093 mortuum
3093 2038 3326 2093 habebat
3375 2038 3658 2101 infantem,
3683 2034 3771 2091 vel

2194 2131 2341 2186 illius
2368 2143 2512 2187 esset
2539 2131 2735 2201 prioris
2763 2131 2940 2200 populi
2985 2144 3282 2200 synagoga,
3308 2130 3392 2183 vel
3445 2144 3641 2183 eorum
3669 2126 3768 2198 qui

2195 2222 2247 2275 in
2278 2223 2526 2277 hmresim
2567 2222 2932 2277 declinarunt.
2966 2222 3058 2276 Est
3086 2232 3142 2276 et
3181 2221 3285 2275 alia
3314 2221 3571 2275 meretrix
3599 2236 3766 2288 quam

2193 2316 2247 2369 in
2282 2314 2421 2370 Osee
2481 2315 2703 2384 jubetur
2761 2316 3011 2384 accipere
3066 2316 3331 2385 propheta
3376 2315 3445 2378 ",
3486 2315 3540 2367 in
3594 2312 3766 2383 figura

2192 2408 2311 2461 sine
2344 2408 2507 2462 dubio
2560 2408 2718 2477 hujus
2765 2423 2885 2478 qum
2911 2424 2975 2463 ex
3025 2410 3274 2478 gentibus
3301 2416 3631 2479 congregata
3657 2415 3766 2461 est.

2190 2499 2340 2554 Talis
2364 2515 2492 2568 ergo
2521 2509 2575 2553 et
2606 2501 2719 2554 hazc
2773 2502 3030 2555 meretrix
3058 2517 3178 2556 esse
3202 2501 3404 2556 dicitur
3424 2514 3543 2570 qua
3567 2499 3765 2569 explo-

2191 2601 2406 2647 ratores
2429 2594 2667 2662 suscepit
2696 2592 2822 2648 Jesu
2850 2613 2864 2647 :
2891 2595 2985 2649 sed
3021 2595 3135 2648 hare
3163 2602 3444 2663 susceptos
3472 2607 3566 2648 eos
3595 2593 3645 2646 in
3668 2608 3766 2647 su—

2191 2684 2497 2752 perioribus
2526 2684 2779 2751 collocat,
2816 2695 2980 2755 atque
3010 2687 3063 2740 iii
3108 2687 3267 2742 editis
3298 2695 3354 2741 et
3377 2686 3609 2740 excelsis
3637 2685 3763 2739 ﬁdei

2190 2773 2477 2829 constituit
2503 2779 2875 2831 sacramentis.
2909 2777 3078 2833 Nemo
3103 2779 3246 2833 enim
3264 2778 3353 2847 qui
3381 2779 3449 2832 ab
3474 2775 3600 2831 Jesu
3633 2777 3766 2829 mit-

2192 2868 2346 2932 titur,
2380 2868 2655 2923 invenitur
2677 2871 2928 2924 deorsum
2959 2880 3015 2925 et
3048 2872 3196 2925 humi
3220 2871 3429 2940 jacens,
3459 2871 3555 2926 sed
3584 2870 3637 2924 in
3665 2882 3763 2923 su-

2114 2980 2156 3038 C
2189 2961 2496 3029 perioribus
2543 2973 2823 3031 permanet
2855 2980 2867 3015 :
2900 2973 2957 3017 et
2994 2979 3097 3018 nou
3132 2964 3303 3018 solum
3356 2965 3471 3033 ipse
3509 2965 3564 3018 in
3596 2976 3762 3031 supe—

2190 3052 2427 3107 rioribus
2455 3063 2737 3121 permanet
2763 3064 2815 3108 et
2842 3054 3096 3123 excelsis,
3128 3056 3219 3127 sed
3258 3066 3310 3111 et
3358 3057 3457 3111 ista
3503 3057 3759 3111 meretrix

2190 3157 2311 3211 quae
2366 3158 2461 3198 eos
2511 3144 2770 3213 suscepit,
2804 3159 2868 3198 ex
2900 3147 3182 3200 meretrice
3231 3145 3591 3216 eliiciturjam
3629 3162 3749 3214 pro-

2188 3235 2352 3305 pheta
2401 3235 2538 3307 (l0),
2573 3237 2703 3291 dicit
2751 3236 2897 3292 enim
2926 3237 3014 3291 ηε
3058 3256 3077 3289 σ
3132 3240 3261 3294 Scio
3320 3241 3445 3308 quia
3495 3239 3759 3294 Dominus

2188 3328 2331 3382 Deus
2378 3338 2558 3383 vester
2607 3328 2830 3382 tradidit
2881 3330 3030 3386 vobis
3073 3339 3269 3384 terram
3325 3331 3487 3384 hanc.
3526 3349 3545 3382 ι
3596 3329 3757 3384 Vides

2186 3424 2456 3489 quomodo
2501 3420 2588 3473 illa
2632 3436 2751 3491 qme
2792 3422 3081 3491 aliquando
3114 3431 3230 3476 erat
3272 3420 3436 3493 404
3470 3422 3756 3486 meretrix,

2185 3523 2240 3569 et
2261 3513 2446 3583 impia,
2477 3522 2532 3567 et
2558 3514 2857 3579 immunda,
2893 3530 3035 3568 nunc
3058 3515 3171 3584 jam
3210 3504 3413 3585 Spiritu
3438 3527 3626 3569 sancto
3670 3531 3753 3567 ie-

2184 3607 2325 3677 pleta
2382 3617 2484 3670 est,
2545 3616 2599 3661 et
2631 3606 2696 3661 de
2753 3607 3042 3676 praeteritis
3072 3607 3288 3675 quidem
3338 3609 3649 3670 confitetur,
3683 3609 3751 3662 de

2184 3701 2544 3770 praesentibus
2586 3714 2715 3753 vero
2753 3701 2948 3762 credit,
2995 3699 3281 3769 prophetat
3322 3710 3500 3754 autem
3535 3713 3588 3756 et
3606 3718 3747 3768 pne-

2182 3793 2405 3848 nunciat
2429 3792 2494 3846 de
2514 3790 2731 3845 futuris.
2766 3790 2856 3845 Sic
2885 3805 3015 3860 ergo
3040 3789 3212 3853 Raab,
3244 3806 3361 3857 quae
3392 3792 3618 3846 latitudo
3661 3793 3743 3846 in-

2183 3893 2541 3954 terpretatur,
2568 3882 2826 3938 dilatatur
2852 3892 2908 3936 et
2940 3883 3175 3953 proiicit,
3217 3898 3497 3952 usquequo
3528 3884 3580 3937 in
3631 3897 3747 3935 om-

2182 3994 2304 4033 nem
2348 3989 2550 4033 terram
2581 3986 2740 4032 exeat
2776 3991 2942 4032 sonus
2996 3974 3128 4045 ejus.
3158 3974 3354 4045 Japhet
3394 3977 3555 4030 etiam
3584 3977 3743 4031 simili

2180 4069 2342 4124 modo
2395 4066 2640 4123 dilatatio
2693 4067 3085 4137 interpretatur
3118 4067 3273 4139 (tl):
3311 4068 3402 4137 qui
3450 4068 3637 4135 utique
3692 4080 3743 4124 et

2178 4160 2297 4230 ipse
2339 4158 2569 4213 formam
2627 4157 2807 4228 populi
2847 4158 3004 4225 hujus
3033 4158 3255 4220 ferebat,
3285 4159 3374 4226 qui
3415 4158 3654 4214 salvetur
3676 4177 3744 4215 ex

2176 4252 2453 4323 gentibus,
2509 4261 2564 4306 et
2617 4248 2873 4304 Chanaan
2909 4267 3040 4321 puer
3070 4265 3260 4306 servus
3301 4251 3348 4306 ei
3394 4251 3682 4319 subjicitur
3713 4272 3743 4310 a

505 4332 646 4386 risaei
671 4348 775 4386 non
804 4334 1161 4389 crediderunt
1205 4336 1278 4401 ei,
1320 4339 1635 4393 meretrices
1678 4349 1859 4393 autem
1892 4350 1947 4393 et
1969 4356 2069 4410 pu-
2101 4347 2146 4401 D
2177 4355 2352 4416 patre,
2384 4355 2439 4400 et
2470 4341 2624 4397 fratri
2650 4342 2760 4417 ([2)
2790 4359 2889 4399 suo
2920 4345 3068 4409 Seni,
3093 4346 3182 4414 qui
3224 4345 3450 4399 formam
3485 4349 3625 4413 gerit
3651 4362 3742 4401 eo-

501 4418 703 4474 blicani
734 4421 1019 4477 credentes
1061 4424 1319 4492 baptizati
1353 4435 1480 4481 sunt
1520 4427 1587 4481 ⁷³.
1621 4427 1712 4483 Sic
1742 4444 1874 4498 ergo
1904 4431 2067 4485 etiam

502 4508 556 4564 iu
588 4512 689 4566 hoc
712 4511 1011 4582 completur
1041 4516 1184 4585 quod
1230 4520 1485 4573 meretrix
1535 4520 1659 4576 Jesu
1693 4522 2068 4591 exploratores

2177 4454 2296 4494 rum
2327 4439 2419 4508 qui
2451 4453 2518 4492 ex
2554 4439 2969 4493 circumcisione
3014 4438 3309 4492 salvantur.
3348 4439 3402 4493 lu
3436 4453 3542 4509 quo
3571 4441 3741 4495 admi-

2176 4531 2344 4585 randa
2371 4539 2457 4585 est
2482 4530 2787 4600 benignitas
2828 4540 2883 4585 et
2926 4532 3254 4600 providentia
3282 4531 3398 4596 Dei,
3437 4533 3531 4602 qui
3555 4536 3741 4590 Veiens

570 4648 617 4681 "
641 4650 806 4707 Marc.
837 4668 876 4719 ι,
903 4653 960 4707 2.
1009 4653 1054 4685 "
1074 4654 1266 4712 Matth.
1289 4673 1403 4713 xxi.
1466 4659 1509 4692 '"'
1530 4659 1634 4716 lsa.
1664 4677 1812 4729 ηις,
1834 4662 1926 4731 20,
1948 4666 2069 4735 21.,
2104 4667 2150 4700 ⁷⁸
2173 4668 2278 4727 lsa.
2310 4670 2491 4731 “v.2.
2542 4671 2590 4705 ⁷⁸
2620 4669 2686 4724 lll
2709 4670 2840 4742 Reg.
2881 4686 2960 4725 Ill.
3011 4671 3055 4702 '"
3084 4670 3240 4727 Osee.
3276 4687 3315 4726 ι.
3375 4673 3422 4704 ’⁸
3457 4671 3573 4730 Jos.
3596 4690 3655 4737 tt,
3680 4675 3739 4731 9.

532 4838 544 4850 υ
571 4767 649 4841 (5)
682 4765 1020 4850 Prwpurab_i_t_
1038 4771 1148 4850 eius
1176 4781 1317 4850 tuas.
1346 4772 1421 4850 lt_a
1439 4776 1607 4850 codex
1638 4778 2065 4848 Sangermancn-

500 4843 579 4893 sis
624 4853 747 4893 cum
811 4856 918 4894 uno
962 4843 1310 4908 Ebroiccusi;
1368 4843 1778 4903 Gemeticeusisw
1838 4863 2057 4906 autem:

504 4911 890 4991 c_pr:eparahit
910 4912 1050 4965 viam
1083 4924 1251 4967 tuam.
1287 4932 1306 4966 ι
1327 4914 1479 4971 Libb.
1511 4918 1643 4971 editi
1671 4935 1686 4971 :
1722 4938 1753 4970 ιη
1781 4918 2061 4991 Praeparet

503 4989 616 5031 vias
649 4989 784 5033 luas.
828 4998 848 5031 ι

573 5048 648 5128 (6)
682 5050 1003 5128 Libbaediti‘
1033 5068 1047 5104 :
1076 5070 1095 5103 ι
1130 5051 1415 5128 videamus
1437 5056 1653 5124 quidem
1684 5074 1804 5128 quae
1836 5072 1919 5117 est
1944 5081 2058 5120 me-

502 5123 693 5200 retrix.
727 5121 878 5175 Raab
904 5124 1121 5176 dicitur.
1159 5121 1308 5180 Raab
1342 5121 1748 5195 interpretatur.
1780 5150 1801 5184 ι
1837 5132 1967 5189 Mss.
1999 5147 2056 5190 ut

500 5206 553 5242 Ill
581 5204 768 5244 nOStro
802 5202 968 5245 textu.

496 5259 646 5384 mi?)
676 5259 821 5314 Raab
849 5278 967 5315 vero
987 5263 1358 5332 interpretatur
1382 5266 1625 5322 latitudo.
1649 5272 1690 5323 Α
1717 5279 1834 5331 :tm
1874 5291 1893 5324 ‹
1924 5275 2059 5329 dila-

525 5349 532 5359 ·
587 5347 621 5383 ι.
661 5348 680 5382 ι

523 5346 621 5383 ari.
661 5348 680 5382 ι

568 5400 643 5470 (ὅ)
674 5401 859 5457 Codex
905 5402 1297 5461 Gemeticensis
1330 5422 1344 5458 :
1378 5426 1397 5458 ι
1448 5409 1751 5463 meretrice.
1792 5428 1808 5455 ι

567 5471 645 5555 t9)
669 5470 1286 5555 Οιιξιξβε-Μδῇτάμενος.
1320 5498 1337 5530 ι
1359 5483 1515 5552 Apud
1535 5480 1678 5535 LXX
1697 5483 1895 5555 legitur
1918 5497 2054 5535 πασ-

495 5543 893 5616 σαλρν-ςκιδῖιπὶ
927 5546 1054 5598 editi
1092 5546 1291 5601 habent
1320 5566 1333 5602 :
1367 5567 1386 5600 ι
1411 5543 1607 5616 'pedes.
1646 5572 1664 5604 ι

564 5612 675 5684 μυ)
706 5611 812 5668 Sed
846 5626 894 5669 et
918 5618 1019 5669 ista
1049 5619 1300 5673 meretrix
1324 5611 1441 5689 qua}
1455 5637 1542 5676 eos
1565 5626 1812 5695 suscepit,
1838 5639 1902 5678 ex
1937 5637 2048 5675 me-

2166 4785 2350 4836 retrice
2374 4783 2591 4852 eﬂicitur
2624 4783 2739 4851 jam
2776 4785 3049 4851 propheta,
3078 4794 3183 4839 etc.
3216 4784 3305 4839 Sic
3349 4796 3568 4843 sanctus
3615 4787 3741 4845 Cle-

2166 4869 2319 4907 mens
2381 4854 2659 4908 Romanus
2724 4852 2884 4921 epist.
2930 4870 2944 4907 I
2998 4856 3065 4907 ad
3136 4856 3449 4911 Corinthios
3510 4861 3561 4911 in
3632 4863 3738 4916 line

2162 4925 2349 5001 num._l
2430 4937 2446 4974 :
2466 4925 2677 5001 Ὁρᾶτε,
2691 4923 2982 5001 ἀγαπητοὶ,
2996 4926 3056 4979 οὺ
3075 4925 3235 4995 μόνον
3251 4927 3449 5001 πίστις,
3464 4929 3601 4982 ἀλλὰ
3613 4947 3742 5001 προ-

2163 4995 2359 5063 φητεία
2383 4996 2443 5047 ὲν
2472 4999 2536 5064 τῇ
2561 4995 2778 5063 γυναικὶ
2806 4995 3045 5065 γέγονεν.
3108 5017 3126 5048 α
3154 5001 3358 5062 Videte,
3379 5000 3555 5053 uilecn
3581 5017 3596 5064 ;
3627 4995 3731 5057 non

2162 5070 2344 5145 solum
2424 5066 2936 5132 ﬁdes,sedetiaui
2995 5072 3278 5138 prophetia
3361 5086 3413 5121 tn
3501 5072 3728 5128 muliere

2159 5144 2390 5190 exstitit.
2429 5155 2446 5187 Ι
2754 5180 2755 5183 η

2238 5204 2570 5278 (Milon/iet
2595 5206 2754 5259 etiam
2785 5208 2946 5262 simili
2983 5209 3137 5261 modo
3184 5207 3428 5262 dilalalio
3476 5211 3732 5278 interpre-

2167 5284 2344 5350 tetur.
2364 5276 2748 5350 Etymoiogiam
2769 5294 2962 5346 nempe
2983 5282 3320 5333 deduxerunt
3335 5295 3363 5331 a
3381 5290 3501 5339 m3
3517 5276 3656 5350 quod
3673 5282 3726 5337 in

2168 5345 2346 5414 llipltil
2380 5345 2670 5415 significat,
2708 5365 2727 5396 ι
2759 5345 3019 5401 dilatavit.
3051 5367 3068 5399 ι
3105 5352 3368 5403 Cmtcrutn
3424 5345 3555 5405 libb.
3600 5354 3727 5408 editi

2169 5419 2271 5497 hoc
2295 5419 2411 5469 loco
2439 5420 2682 5497 habent}
2713 5435 2731 5467 ι
2765 5418 2872 5497 sed
2890 5430 2944 5472 et
2979 5419 3173 5487 .laphet
3206 5421 3457 5476 similiter
3484 5424 3728 5497 dilatatio

2170 5488 2551 5554 interpretati“
2588 5488 2742 5540 tilss.
2775 5499 2832 5541 ut
2862 5490 2916 5542 in
2947 5503 3129 5543 nostro
3160 5500 3330 5545 textu.

2234 5555 2346 5634 (Β.)
2380 5555 2443 5609 Et
2469 5557 2641 5634 [rat-ri.
2662 5556 2800 5634 llaec
2828 5574 2946 5634 quae
2970 5560 3196 5615 iuantea
3231 5562 3391 5617 editis
3440 5577 3723 5634 perperam

2162 5628 2365 5682 Omissa
2384 5634 2532 5695 sunt,
2568 5626 2728 5683 hodie
2762 5630 3118 5684 restituuntur
3138 5645 3169 5684 e
3201 5646 3334 5686 mss.
