4050 6148
363 257 472 314 8H

1361 257 1427 311 IN
1466 255 1725 312 LIBRUM
1762 254 1926 311 IbSU
1967 254 2154 310 NAVE
2190 255 2476 311 IIOMILIA
2516 256 2604 314 IV.

3503 266 3607 322 842

364 376 644 444 peccatori
670 375 928 432 Chanaan
955 387 1219 447 praestare
1249 379 1564 442 remedium,
1597 388 1652 433 et
1684 377 1936 433 conferre
1964 381 2008 438 Α
2039 386 2192 432 extra
2228 378 2521 432 Ecclesiam
2553 392 2710 433 nemo
2762 378 3022 434 salvatur.
3061 377 3194 432 Nam
3229 380 3272 436 si
3304 383 3428 452 quis
3459 384 3605 438 foras

364 471 422 524 ei
455 471 708 536 salutem,
744 484 960 524 servum
983 486 1105 524 eum
1145 471 1268 526 fecit
1312 471 1573 526 fratribus
1625 472 1761 537 suis,
1798 473 1940 525 sicut

365 562 516 618 Esau
546 562 719 618 factus
752 573 854 626 est,
889 572 946 617 ut
999 566 1228 617 serviret
1257 563 1412 616 fratri
1451 577 1548 616 suo
1582 561 1750 616 Iacob
1781 577 1794 614 :
1832 576 1936 615 non

367 659 562 727 utique
587 666 643 710 ut
679 657 906 727 periret,
960 657 1052 710 sed
1108 666 1164 711 ut
1190 657 1418 711 salutem
1468 656 1781 710 melioribus
1809 657 1938 709 obe-

363 748 566 803 dieudo
625 748 991 814 conquireret.
1050 745 1348 801 Prmstatur
1381 747 1521 800 enim
1570 745 1724 799 malis
1775 745 1938 813 pluri-

363 855 539 903 mum,
574 849 627 893 et
654 839 1028 908 peccatoribus
1057 840 1144 907 qui
1185 838 1505 908 semetipsos
1549 849 1697 891 recte
1743 851 1936 906 gerere

362 926 639 990 nesciunt,
669 934 725 978 ut
754 941 858 980 non
889 927 1241 996 sibimetipsis
1277 929 1704 990 committantur,
1739 926 1833 980 sed
1877 934 1934 978 ut

360 1017 510 1074 servi
540 1016 673 1071 (iant
703 1029 1110 1081 sanctorum,et
1131 1018 1456 1085 subjaceant
1503 1018 1839 1084 melioribus,
1877 1027 1936 1071 ut

362 1125 478 1162 non
527 1125 626 1165 suo
667 1125 827 1165 sensu
879 1110 1040 1177 malo,
1077 1111 1170 1164 sed
1214 1111 1425 1165 illorum
1482 1111 1623 1165 bono
1655 1120 1931 1178 regantur.

363 1203 578 1258 Videtis
602 1217 762 1272 quam
819 1202 987 1257 multa
1025 1203 1332 1273 benignitas
1361 1203 1476 1266 Dei,
1512 1217 1671 1272 quam
1706 1202 1934 1256 abscon-

359 1295 466 1357 dit,
502 1304 555 1347 et
612 1292 846 1347 occultat
899 1295 967 1348 ab
1015 1294 1238 1349 auribus
1280 1293 1449 1362 vulgi,
1473 1301 1526 1348 et
1556 1307 1720 1363 quam
1754 1294 1932 1347 verbis

364 1387 745 1449 asperioribus
782 1385 931 1453 tegit,
959 1401 1022 1438 ne
1047 1385 1188 1439 forte
1212 1386 1585 1440 servusmalus
1613 1397 1664 1440 et
1684 1387 1932 1456 ingratus

355 1485 703 1543 contemptor
734 1476 1020 1542 elliciatur,
1054 1492 1178 1532 cum
1209 1477 1429 1531 nimiam
1483 1477 1695 1531 Domini
1731 1478 1814 1532 sui
1840 1480 1928 1532 in-

364 1568 638 1624 tellexerit
665 1567 982 1621 bonitatem.

431 1660 488 1716 5.
519 1659 626 1715 Sed
680 1660 962 1714 videamus
1014 1661 1142 1729 quid
1179 1660 1287 1730 egit
1331 1676 1452 1714 eum
1498 1659 1928 1730 exploratoribus

354 1755 463 1807 ista
498 1752 714 1821 sapiens
742 1755 1024 1807 meretrix.
1065 1753 1362 1808 Consilium
1401 1752 1480 1808 eis
1519 1755 1610 1806 dat
1637 1753 1926 1823 mysticum

351 1855 415 1898 et
440 1844 679 1906 cede—ste,
715 1843 846 1896 nihil
879 1844 1080 1898 habens
1120 1851 1416 1898 terrenum.
1450 1862 1468 1895 (
1511 1842 1614 1898 Per
1650 1852 1925 1909 montana,

357 1936 622 2002 inquit",
653 1935 818 1998 abite,
854 1953 871 1985 ι
907 1935 1073 1988 nolite
1120 1949 1215 2004 per
1271 1935 1441 1988 valles
1500 1935 1777 2000 incedere,
1824 1936 1925 1988 hu-

354 2027 507 2082 milia
545 2039 598 2082 et
621 2026 824 2092 dejecta
855 2024 1102 2094 refugite,
1151 2041 1270 2095 quae
1292 2025 1500 2080 excelsa
1538 2036 1739 2080 suntet
1763 2026 1927 2080 subli-

357 2120 466 2173 mia
499 2119 807 2188 praedicate.
842 2116 960 2186 Ipsa
1000 2125 1180 2171 autem
1208 2118 1416 2188 signum
1431 2118 1744 2172 coccineum
1779 2118 1927 2187 ponit

356 2211 416 2265 in
445 2211 604 2264 domo
628 2224 722 2262 sua
757 2223 854 2278 per
883 2209 1024 2276 quod
1054 2207 1249 2261 salvari
1283 2208 1348 2261 de
1375 2208 1587 2261 excidio
1616 2208 1808 2262 debeat
1841 2209 1926 2262 ci-

354 2302 562 2355 vitatis.
594 2301 756 2354 Aliud
795 2300 998 2354 nullum
1046 2298 1148 2352 fuit
1185 2300 1398 2368 signum
1447 2299 1589 2368 quod
1630 2300 1921 2368 acciperet,

355 2394 463 2446 nisi
504 2394 838 2458 coccineum,
891 2392 1036 2460 quod
1077 2391 1357 2460 sanguinis
1410 2391 1636 2445 formam
1678 2393 1920 2461 gerebat.

355 2489 575 2544 Sciebat
602 2489 804 2542 etenim
833 2486 944 2558 (15)
970 2487 1100 2555 quia
1154 2487 1290 2540 nulli
1351 2495 1494 2540 esset
1535 2485 1702 2548 salus,
1733 2486 1834 2539 nisi
1868 2486 1922 2540 in

353 2581 617 2648 sanguine
641 2579 864 2634 Christi.
898 2580 1068 2632 Datur
1099 2579 1262 2631 etiam
1297 2578 1400 2632 hoc
1445 2577 1757 2630 mandatum
1799 2577 1923 2630 huic

351 2685 476 2740 quae
508 2671 779 2740 quondam
832 2670 1085 2723 meretrix
1137 2667 1278 2722 fuit:
1317 2687 1336 2719 ι
1371 2667 1592 2733 Omnes,
1625 2668 1800 2736 inquit
1851 2668 1918 2734 ⁸⁸,

351 2764 450 2833 qui
483 2764 683 2817 inventi
725 2761 927 2816 fuerint
967 2762 1019 2815 in
1065 2761 1226 2816 domo
1258 2771 1370 2824 tua,
1403 2761 1776 2815 salvabuntnr.
1815 2761 1917 2826 Qui

349 2867 534 2910 autem
569 2855 800 2909 exierint
850 2855 916 2908 de
965 2853 1144 2916 domo,
1189 2852 1454 2906 immunes
1503 2867 1690 2906 sumus
1721 2867 1818 2906 nos
1849 2853 1917 2906 ab

352 2951 462 3003 hoc
523 2948 830 3018 jurameuto
876 2957 985 3000 tuo.
1026 2965 1045 2998 ι
1084 2945 1140 3001 Si
1201 2945 1324 3015 quis
1359 2959 1487 3014 ergo
1537 2945 1734 2999 salvari
1783 2945 1915 3011 vult,

350 3042 535 3096 veniat
571 3045 620 3094 in
655 3042 792 3094 hanc
838 3041 1055 3094 domum
1092 3039 1253 3109 hujus
1291 3053 1410 3107 qua:
1432 3036 1704 3105 quondam
1741 3053 1917 3092 mere-

351 3135 461 3190 trix
495 3133 614 3187 fuit.
647 3131 872 3186 Etiamsi
911 3131 976 3184 de
1002 3131 1091 3184 illo
1107 3129 1301 3200 populo
1323 3129 1434 3183 vult
1465 3130 1663 3198 aliquis
1689 3129 1911 3196 salt/ari,

350 3227 424 3280 ad
457 3225 594 3278 hanc
625 3225 841 3277 domum
875 3223 1059 3275 veniat
1094 3230 1152 3275 ut
1177 3221 1404 3274 salutem
1429 3220 1684 3290 consequi
1721 3221 1910 3289 possit.

350 3315 439 3370 Ad
477 3316 614 3368 hanc
644 3313 828 3367 veniat
875 3313 1114 3376 domum,
1146 3312 1200 3364 in
1233 3327 1338 3381 qua
1377 3311 1581 3367 Christi
1608 3313 1830 3382 sanguis
1857 3313 1910 3368 in

348 3408 512 3477 signo
552 3405 939 3474 redemptionis
979 3415 1083 3458 est.
1131 3403 1266 3458 Nam
1315 3407 1454 3473 apud
1499 3406 1616 3460 illos
1643 3407 1732 3476 qni
1759 3407 1912 3460 dixe-

350 3509 480 3552 runt
509 3498 548 3529 ⁸⁸
593 3513 606 3548 :
647 3516 666 3548 ι
701 3496 930 3566 Sanguis
982 3495 1099 3565 ejus
1145 3510 1334 3575 super.
1363 3510 1460 3549 nos
1510 3493 1620 3566 (ti)
1663 3506 1716 3550 et
1746 3511 1910 3564 super

350 3590 493 3643 lilios
515 3599 745 3649 nostros,
789 3607 808 3640 ι
841 3586 1043 3642 Christi
1075 3589 1297 3657 sanguis
1322 3589 1377 3642 in
1404 3589 1906 3643 condemnationem

345 3692 452 3735 est.
483 3680 689 3734 Positus
715 3678 856 3732 enim
886 3677 1061 3732 fuerat
1086 3677 1241 3734 Iesus
1273 3680 1325 3732 in
1376 3681 1584 3733 ruinam
1638 3691 1692 3735 et
1725 3695 1907 3735 resur-

347 3772 642 3826 rectionem
668 3770 982 3834 multorum,
999 3779 1054 3824 et
1080 3770 1198 3825 ideo
1224 3772 1719 3828 contradicentibus
1756 3772 1909 3841 signo

347 3866 473 3936 ejus
519 3864 745 3918 ellicitur
781 3863 1001 3930 sanguis
1033 3863 1150 3932 ejus
1186 3862 1252 3915 ad
1296 3878 1534 3932 pinnam,
1565 3865 1910 3920 credentibus

345 3957 418 4010 ad
449 3955 695 4009 salutem.
729 3951 895 4008 Nemo
921 3968 1051 4023 ergo
1085 3955 1186 4008 sibi
1231 3957 1569 4023 persuadeat,
1624 3973 1782 4013 nemo
1822 3977 1910 4014 se-

345 4053 634 4120 metipsum
682 4051 1146 4121 decipiatzextra
1203 4051 1343 4105 hanc
1404 4051 1648 4116 domum,
1699 4053 1751 4107 id
1825 4068 1911 4108 est

419 4192 462 4222 τε
495 4189 677 4257 tos",
712 4189 796 4244 ιδ.
872 4190 917 4223 εο
947 4192 1074 4245 una.
1102 4189 1187 4257 ιτ,
1219 4190 1305 4244 18.

421 4308 536 4380 (l5)
568 4308 725 4362 Aliud
780 4308 983 4380 nullum
1031 4310 1239 4380 signum
1292 4308 1396 4380 [uit
1438 4309 1576 4377 quod
1625 4311 1902 4380 acciperet,

346 4377 451 4438 nisi
475 4381 788 4440 coccineum,
823 4379 958 4446 quod
987 4379 1259 4445 sanguinis
1276 4377 1500 4446 formam
1521 4377 1904 4445 gerebat.St-ie-

1379 4191 1422 4224 ⁸¹
1460 4192 1651 4246 Matth.
1680 4211 1847 4259 xxx-it,
1876 4208 1925 4247 et
1951 4195 2078 4249 an.
2108 4207 2166 4244 ιι.

2043 469 2262 530 exierit,
2313 473 2501 523 mortis
2527 484 2636 523 suae
2679 471 2797 538 ipse
2845 470 2900 524 fit
2950 486 3092 525 reus.
3123 470 3224 525 Hic
3269 477 3488 537 sanguis
3523 486 3608 530 est

2041 559 2276 626 signum,
2309 563 2431 628 quia
2472 561 2556 614 hic
2602 569 2687 614 est
2730 561 3051 629 purilicatio,
3091 578 3211 631 quae
3245 579 3340 632 per
3382 568 3603 634 sangui-

2041 669 2162 708 nem
2193 661 2423 706 constat.
2461 653 2611 717 Quod
2647 662 2824 707 autem
2852 655 2902 706 in
2945 654 3180 708 fenestra
3211 655 3474 724 dependet
3503 658 3607 714 hoc

2039 747 2275 815 signum,
2325 744 2452 798 illud
2507 747 2747 800 arbitror
2789 747 3038 808 indicari,
3067 748 3188 816 quia
3239 748 3474 804 fenestra
3518 761 3601 806 est

2039 854 2157 906 qua:
2184 837 2450 890 illuminat
2475 837 2716 898 domum,
2745 848 2798 892 et
2826 854 2920 906 per
2959 855 3118 907 quam
3163 857 3265 894 non
3305 843 3596 912 integrum,

2037 932 2130 984 sed
2161 939 2365 983 tantum
2397 938 2656 998 quantutn
2695 929 2866 983 oculis
2893 939 2948 983 et
2985 930 3119 983 visui
3157 943 3342 985 nostro
3374 933 3602 988 sufﬁciat

2039 1021 2256 1076 luminis
2281 1022 2540 1090 capimus.
2574 1020 2708 1087 Quia
2726 1035 2855 1090 ergo
2877 1029 2930 1074 et
2955 1021 3259 1077 incarnatio
3301 1023 3599 1080 Salvatoris

2036 1129 2141 1168 non
2206 1113 2362 1168 nobis
2412 1129 2615 1166 nierum
2667 1113 2895 1181 ingessit
2943 1122 2997 1167 et
3053 1114 3322 1182 integrum
3375 1115 3599 1172 Deitatis

2041 1213 2340 1272 aspectum,
2373 1206 2464 1260 sed
2493 1213 2746 1274 tanquam
2764 1216 2861 1270 per
2877 1204 3169 1259 fenestram
3210 1207 3322 1277 (15)
3353 1207 3478 1261 fecit
3503 1226 3599 1264 nos

2035 1313 2131 1365 per
2159 1297 2589 1351 incarnationem
2634 1310 2788 1348 suam
2843 1295 3019 1348 lumcn
3057 1296 3282 1351 Deitatis
3326 1302 3596 1368 aspicere,

2036 1387 2239 1441 idcirco
2275 1387 2403 1440 mihi
2454 1385 2667 1439 videtur
2699 1384 2909 1454 signum
2951 1384 3140 1439 salutis
3176 1402 3270 1454 per
3300 1386 3595 1444 fenestram

2033 1477 2218 1531 datum
2259 1495 2272 1529 :
2306 1492 2412 1546 quo
2464 1478 2620 1546 signo
2677 1476 2903 1530 salutem
2943 1490 3344 1546 consequantur
3384 1497 3596 1548 omnes,

2031 1569 2120 1637 qui
2152 1569 2202 1622 in
2235 1569 2394 1623 domo
2417 1567 2532 1637 ejus
2559 1582 2681 1636 qua:
2707 1567 2996 1637 aliquando
3018 1578 3134 1622 erat
3162 1574 3445 1636 meretrix,
3482 1574 3600 1628 fue-

2033 1661 2141 1714 rint
2170 1661 2396 1724 inventi,
2433 1661 2674 1714 mundati
2702 1661 2754 1714 in
2783 1676 2921 1728 aqua
2951 1671 3007 1714 et
3051 1662 3256 1730 Spiritu
3303 1678 3512 1732 sancto,
3543 1680 3598 1722 et

1963 1739 2002 1793 Β
2032 1755 2084 1812 in
2113 1755 2375 1824 sanguine
2399 1752 2608 1805 Domini
2639 1761 2694 1806 et
2723 1751 3024 1807 Salvatoris
3064 1758 3232 1809 neStri
3271 1756 3396 1812 Iesu
3433 1761 3594 1814 Chri-

2029 1846 2119 1910 sti,
2147 1848 2231 1900 cui
2266 1856 2350 1901 est
2383 1845 2556 1915 gloria
2603 1855 2658 1899 ct
2709 1845 2996 1914 imperium
3033 1846 3086 1899 in
3135 1851 3326 1902 saecula
3366 1852 3595 1906 sacculo-

2027 1953 2167 1992 rutn.
2194 1939 2387 1994 Amen.

2614 2027 2895 2086 lIOMlLlA
2927 2029 3014 2084 IV.

2407 2122 2485 2176 De
2512 2126 2739 2177 transitu
2781 2124 3034 2178 Iordanis
3067 2123 3192 2194 (16).

2096 2213 2149 2266 1.
2183 2211 2460 2267 Peccatori
2489 2213 2702 2282 quidem
2735 2213 2912 2267 omnis
2949 2223 3092 2267 terra
3125 2215 3172 2285 (1
3188 2215 3239 2282 ⁷)
3276 2216 3450 2272 hostis
3483 2227 3592 2288 est,

2026 2305 2167 2358 sicut
2214 2306 2279 2358 de
2319 2304 2592 2374 AEgyptiis
2634 2305 2894 2372 scriptum
2927 2314 3055 2359 est:
3093 2317 3234 2359 terra
3281 2322 3374 2361 eos
3417 2312 3596 2378 impu~

2024 2395 2464 2463 gnabat,lluvius
2493 2397 2864 2466 impugnabat,
2914 2411 3008 2450 aer
3056 2398 3171 2467 ipse
3223 2398 3584 2467 impugnabat.

2022 2485 2175 2540 Iusto
2202 2503 2335 2542 vero
2361 2503 2480 2557 qtae
2524 2489 2917 2543 inaccessibilia
2965 2490 3236 2554 videntur,
3289 2493 3444 2561 plana
3471 2492 3585 2547 elli-

2025 2578 2246 2632 ciuntur
2275 2587 2328 2633 et
2357 2579 2638 2649 proclivia.
2686 2578 2832 2634 Mare
2862 2581 3103 2634 Rubrum
3134 2580 3312 2648 justus
3337 2593 3588 2653 tanquam

2025 2686 2120 2740 per
2149 2673 2356 2726 aridam
2387 2673 2580 2726 transit
2611 2690 2621 2724 :
2655 2671 2944 2742 Egyptius
2983 2688 3109 2728 vero
3143 2676 3188 2728 si
3228 2677 3458 2731 transire
3498 2693 3591 2731 vo-

2024 2765 2186 2818 luerit
2233 2765 2628 2834 submergetur,
2661 2779 2762 2820 nec
2792 2766 2885 2819 fiet
2913 2765 2962 2819 ei
2993 2780 3130 2838 aqua
3171 2782 3354 2820 murus
3400 2773 3586 2822 dextra

2023 2855 2278 2923 laevaque.
2341 2853 2528 2910 Justus
2577 2856 2792 2910 etiamsi
2845 2871 3085 2930 eremum
3146 2859 3458 2914 horribilem
3506 2861 3589 2914 in-

2021 2947 2298 3016 grediatur
2352 2957 2408 3001 et
2464 2958 2701 3012 vastam,
2744 2947 2899 3003 cibus
2949 2949 2999 3003 ei
3045 2949 3439 3007 tninistrature
3475 2967 3589 3009 cm-

2021 3039 2108 3092 lis.
2149 3038 2224 3092 lta
2281 3051 2411 3108 ergo
2447 3051 2501 3092 et
2531 3040 2582 3093 in
2616 3039 2908 3094 Iordanem
2939 3056 3062 3095 arca
3096 3041 3426 3097 Testamcnti
3477 3046 3585 3099 dux

2019 3141 2138 3187 erat
2181 3134 2377 3202 populo
2433 3133 2525 3186 Dei
2559 3132 2692 3203 (18).
2741 3133 3002 3188 Consistit
3059 3135 3192 3189 ordo
3240 3141 3588 3193 sacerdotalis

2019 3239 2074 3280 et
2108 3226 2402 3289 Leviticus,
2458 3235 2511 3279 et
2568 3241 2720 3294 aqua:
2785 3225 2929 3280 velut
2985 3229 3343 3283 reverentiam
3391 3245 3587 3298 quam-

2017 3314 2141 3366 dam
2189 3312 2282 3367 Dei
2341 3314 2602 3368 ministris
2631 3314 2938 3369 deferentes
2989 3314 3123 3387 (l9),
3171 3332 3387 3371 cursum
3432 3336 3587 3375 suum

2017 3406 2177 3478 405
2210 3405 2502 3472 refrenant,
2530 3417 2581 3460 et
2622 3417 3018 3461 coacervantur
3046 3407 3102 3461 in
3147 3411 3445 3472 cumulum,
3486 3414 3588 3467 iter

2023 3499 2113 3551 Dei
2157 3499 2350 3566 populo
2401 3499 2678 3550 innoxium
2726 3496 3105 3552 concedentes.
3154 3499 3218 3550 lit
3266 3516 3332 3553 ne
3375 3503 3588 3556 mireris

2015 3605 2138 3643 cum
2171 3591 2284 3644 haec
2309 3600 2460 3658 gesta
2487 3591 2580 3642 tibi
2607 3605 2734 3658 erga
2774 3591 3010 3655 priorem
3049 3594 3302 3660 populum
3340 3595 3587 3650 referun-

2019 3693 2125 3745 tur,
2155 3683 2270 3750 tibi,
2312 3681 2633 3744 Christiane,
2667 3682 2754 3750 qui
2781 3697 2878 3749 per
2908 3683 3160 3751 baptismi
3186 3698 3585 3740 sacramentum

2015 3772 2268 3828 Iordanis
2297 3773 2496 3827 fluenta
2531 3774 2808 3841 digressus
2831 3790 2911 3838 es,
2944 3775 3156 3828 divinus
3185 3791 3362 3830 sermo
3383 3777 3584 3846 majora

2019 3865 2189 3920 multo
2210 3875 2263 3919 et
2293 3864 2515 3918 celsiora
2543 3865 2828 3932 promittit,
2854 3865 2959 3920 iter
2983 3867 3075 3918 tibi
3121 3882 3213 3936 per
3250 3884 3377 3921 aera
3411 3870 3585 3939 ipsum

2019 3973 2073 4014 et
2108 3961 2397 4014 transitum
2422 3959 2882 4028 pollicetur.Audi
2912 3961 3108 4012 etenim
3153 3961 3374 4020 Paulum
3402 3966 3589 4018 dicen-

2023 4059 2127 4103 tem
2158 4048 2431 4115 dejustis:
2453 4065 2472 4098 t
2512 4047 2823 4115 ltapietnur,
2858 4047 3187 4114 inquit“,in
3220 4048 3452 4104 nubibus
3473 4046 3584 4121 (:20)

2246 4190 2290 4223 ⁸²
2327 4190 2338 4240 Ι
2374 4189 2560 4242 ’1Ἰιι¹55.
2607 4203 2678 4249 IV,
2719 4187 2801 4240 16.

2086 4306 2194 4380 (15)
2220 4305 2346 4380 diss.
2376 4324 2394 4356 ι
2430 4304 2744 4380 fenestram.
2768 4301 2962 4380 i_Lil_)b.
2985 4304 3117 4380 editi
3146 4320 3158 4356 :
3199 4323 3214 4354 ι
3252 4302 3576 4380 fenestras.»

2081 4372 2194 4446 (16)
2235 4377 2306 4428 De
2330 4377 2555 4428 transitu
2575 4373 2850 4446 Iordanis.
2881 4372 2996 4426 Non
3033 4375 3193 4446 alium
3228 4375 3439 4446 titulum
3479 4377 3576 4428 ha—

349 4436 438 4506 eat
463 4451 622 4513 enim,
645 4459 749 4500 etc.
777 4436 1028 4501 Clemens
1058 4436 1337 4501 Romanus
1365 4436 1588 4514 epistola
1624 4449 1647 4500 1
1685 4451 1752 4502 ad
1803 4449 1904 4502 Co-
1937 4436 1980 4489 D
2011 4436 2136 4502 bent
2161 4436 2374 4501 codices
2423 4460 2549 4498 mss.
2610 4443 2965 4511 Sangermau.
2995 4455 3049 4496 et
3100 4444 3487 4499 Gemeticensis
3524 4457 3580 4499 et

350 4521 588 4578 rintbios
612 4519 902 4591 subﬂfinem
947 4534 1093 4570 num.
1132 4518 1237 4591 ης
1263 4519 1373 4591 Καὶ
1401 4517 1728 4591 atposset-:er
1768 4521 1905 4591 αὐτῇ

345 4593 530 4647 δοῦναι
578 4590 824 4661 σημεῖον,
859 4589 1013 4661 Δὅπως
1052 4589 1402 4661 κρεμάςῃμὲκ
1431 4586 1524 4661 ’ξορ
1561 4586 1908 4661 οἴκουηαὺτῆξ

347 4657 661 4717 κόκκινον
686 4658 946 4730 πρόδηλον
984 4657 1392 4730 ποιόῦντεςζὸτι
1433 4657 1522 4710 διὰ
1547 4658 1639 4730 τοῦ
1680 4657 1908 4728 αἵματός

345 4733 438 4786 τοῦ
461 4731 666 4801 Κυρίου
692 4728 958 4801 λύτρῳσις
976 4728 1124 4801 ἔτι-ται
1152 4732 1284 4782 πᾶσι
1315 4731 1424 4801 τοῖς
1450 4729 1791 4782 πιστεύουσιν
1819 4733 1910 4784 καὶ

346 4799 657 4867 ὲλπίζοὺσιν
688 4799 899 4852 ὲπὶήτὸν
927 4799 1077 4852 Θεόν.
1115 4819 1130 4851 ι
1172 4801 1237 4854 Ει
1273 4799 1590 4852 addiderunt
1617 4812 1674 4852 ιιι
1695 4806 1906 4870 signum

351 4878 540 4936 daret;
569 4886 757 4938 nempe
803 4870 1099 4924 funiculum
1145 4870 1456 4925 coccineum
1484 4872 1812 4939 appenderct
1842 4872 1909 4924 de

349 4944 507 4996 domo
535 4957 628 4994 sna
664 4961 674 4993 :
703 4943 1042 5011 manifestum
1069 4939 1348 5002 facientes,
1381 4941 1521 5008 quod
1553 4955 1648 5007 per
1687 4943 1908 5011 sangui-

351 5029 472 5066 nem
504 5011 713 5065 Domini
749 5010 927 5063 futura
957 5019 1105 5063 esset
1159 5013 1452 5076 redemptio
1488 5013 1755 5065 universis
1789 5010 1908 5064 ere-

351 5083 605 5135 dentibns
627 5092 680 5134 et
715 5081 1061 5147 sperantibus
1112 5081 1163 5133 in
1202 5081 1394 5134 Deum.
1427 5099 1445 5132 »
1474 5081 1620 5144 Quot
1643 5090 1824 5134 autem
1852 5092 1907 5134 et

324 5152 582 5220 'qnautos
612 5151 992 5217 suifragatores
1027 5150 1218 5220 habeat
1267 5151 1381 5204 lnec
1413 5150 1579 5220 figura
1618 5161 1671 5203 et
1703 5150 1906 5211 allego-

353 5219 453 5286 ria,
485 5224 642 5275 docet
664 5221 959 5274 Cotelerius
988 5223 1042 5274 in
1065 5219 1216 5276 Notis
1237 5221 1305 5275 ad
1334 5219 1556 5274 citatum
1585 5220 1759 5275 locum
1785 5219 1907 5276 Cle-

346 5293 558 5345 mentis.

419 5362 529 5434 (14)
579 5361 633 5415 In
665 5371 825 5434 antea
881 5359 1330 5434 editis__omissum
1362 5369 1446 5434 est
1478 5377 1498 5434 ς
1529 5375 1694 5427 super
1716 5373 1832 5434 nos,
1877 5379 1896 5412 ι

347 5428 791 5502 σιιιὸύίερθιὴιυι·
815 5432 871 5502 in
907 5432 1161 5485 omnibus
1193 5445 1321 5485 mss.
1359 5428 1528 5483 Paulo
1576 5440 1717 5502 post_
1741 5430 1903 5483 iidem

352 5499 476 5556 bss.
510 5499 709 5555 habent
751 5519 762 5551 :
799 5520 817 5552 ι
862 5501 914 5553 itt
976 5502 1484 5556 condemnationem
1528 5511 1630 5554 est.
1689 5499 1904 5560 Positus

348 5590 375 5620 ι·
403 5575 586 5628 dun...
613 5574 664 5624 in
699 5572 907 5624 ruinam
931 5579 983 5624 et
1017 5573 1490 5625 resurrectionem.
1523 5589 1540 5622 ι
1567 5569 1721 5624 Libb.
1744 5572 1899 5624 editi:

353 5659 401 5692 .n
463 5642 911 5694 condemnatione
958 5651 1060 5695 est.
1117 5641 1334 5698 Positus
1356 5644 1592 5703 enitn....
1645 5641 1701 5698 in
1747 5642 1902 5697 ruina

349 5719 403 5764 et
436 5711 850 5767 resurrectione.
891 5729 910 5760 ι

627 5801 893 5864 Pauor“
930 5804 1045 5866 Gn.
1086 5802 1225 5866 XII.

2015 4533 2152 4571 unus
2180 4517 2544 4570 Ebroicensis.
2570 4515 2626 4568 In
2661 4514 2790 4568 libb.
2819 4525 2978 4567 antea
3006 4515 3167 4567 editis
3197 4514 3390 4583 legitur
3415 4529 3431 4567 :
3457 4533 3478 4567 ‹
3508 4516 3579 4570 De

2014 4603 2078 4644 eo
2105 4588 2247 4658 quod
2276 4585 2565 4639 Iordanem
2607 4587 2798 4658 transit
2833 4599 2958 4658 arca
2994 4583 3332 4658 'l‘estamenti
3363 4585 3570 4658 Domini

2011 4653 2137 4713 cuni
2161 4658 2532 4710 sacerdotibus
2577 4665 2630 4708 et
2674 4653 2880 4718 Levitis
2909 4663 2961 4706 et
2988 4659 3205 4723 pepulo,
3245 4653 3332 4706 ubi
3370 4656 3576 4709 (.Iicitur

2011 4732 2076 4782 ad
2103 4727 2284 4783 Iesum
2329 4743 2342 4780 :
2394 4725 2447 4778 In
2499 4725 2586 4779 die
2631 4727 2732 4778 hac
2783 4725 2982 4791 incipio
3029 4725 3269 4779 exaltare
3321 4734 3374 4775 te
3415 4743 3428 4777 :
3480 4726 3572 4779 ubi

2012 4799 2320 4866 praccipitur
2347 4795 2540 4865 populo
2569 4805 2626 4850 ut
2669 4796 2825 4866 longe
2870 4797 2941 4848 sit
2971 4797 3039 4849 ab
3068 4811 3193 4849 arca
3235 4793 3572 4851 Testamenti

2013 4879 2115 4921 duo
2145 4866 2307 4920 millia
2334 4868 2533 4920 cubita.
2563 4885 2582 4918 ι

2083 4938 2194 5004 (17)
2239 4936 2419 4991 Codex
2473 4938 2798 5006 Sangerm.:
2841 4953 2860 4985 ι
2905 4945 3072 4988 terra.
3109 4952 3126 4984 ι
3185 4933 3342 5006 Libb.
3384 4933 3513 5006 editi
3553 4951 3570 4987 :

2020 5019 2318 5062 «creatura.
2345 5026 2364 5056 ι
2391 5007 2558 5060 Paulo
2583 5004 2702 5074 post
2733 5007 2783 5059 in
2818 5006 3004 5058 iisdem
3032 5008 3161 5058 libb.
3192 5005 3354 5058 editis
3382 5004 3568 5058 deest:

2017 5096 2036 5127 ι
2073 5077 2266 5131 fluvius
2319 5079 2755 5146 impugnabat....
2784 5076 2980 5131 canum
3011 5091 3104 5128 eos
3146 5076 3512 5142 impugnabat,
3543 5091 3566 5126 ι

2009 5151 2102 5200 sed
2157 5147 2300 5202 istud
2362 5149 2668 5202 restituitur
2726 5146 3055 5201 auctoritate
3087 5160 3328 5200 omnium
3381 5159 3568 5197 manu-

2009 5218 2350 5285 scriptorum.

2079 5283 2188 5357 (t8)
2212 5286 2370 5342 Libb.
2402 5287 2531 5341 editi
2559 5305 2572 5341 :
2607 5305 2626 5338 ι
2654 5285 2711 5340 1η
2752 5283 3042 5340 Iordanem
3078 5299 3203 5339 arca
3231 5283 3568 5357 Testamenti

2008 5355 2236 5412 duiterat
2259 5359 2508 5427 populum
2545 5359 2661 5422 Dei,
2692 5376 2712 5409 ι
2737 5358 2830 5412 sed
2853 5370 3042 5411 onmes
3065 5371 3193 5409 mss.
3226 5366 3282 5407 ut
3311 5355 3361 5406 in
3381 5365 3573 5406 nostro

2009 5438 2187 5569 tell?)
2215 5498 2386 5569 Codd.
2419 5496 2698 5569 Sangerm.
2744 5503 2798 5548 et
2845 5494 3102 5569 Gemetic.
3143 5492 3458 5569 ciiiinistris
3483 5490 3572 5542 de-

2007 5565 2265 5622 ferentes.
2298 5587 2316 5620 ι
2350 5567 2502 5620 Ιλιιιῒ).
2532 5565 2660 5620 editi
2696 5584 2710 5620 :
2742 5584 2762 5617 ε
2797 5565 3068 5637 mysteriis
3110 5565 3425 5637 referentes.
3469 5579 3488 5610 ι

2077 5636 2188 5707 (20)
2233 5638 2297 5692 In
2324 5639 2565 5692 nubibus.
2602 5639 2756 5690 Deest
2791 5626 3017 5690 in'libb.
3059 5645 3216 5688 antea
3263 5634 3446 5696 editis,
3477 5626 3571 5682 sed

2009 5721 2276 5780 reperitur
2305 5709 2357 5762 in
2396 5707 2646 5762 omnibus
2681 5720 2812 5762 mss.

3185 5793 3262 5850 27
