4050 6148
533 236 640 293 845

1991 227 2315 289 ORIGENIS

3646 248 3740 311 8-H

532 361 747 416 obviam
775 357 987 414 Christo
1015 356 1069 410 in
1104 368 1253 418 aera,
1281 362 1334 408 et
1367 349 1441 407 ita
1479 368 1690 422 semper
1713 369 1834 410 cum
1870 355 2099 413 Domino
2130 362 2176 416 Α
2202 357 2492 426 unicuique
2545 357 2780 413 fidelium
2830 368 2958 415 tunc
3011 360 3244 431 primum
3286 359 3440 420 Jesus
3468 364 3746 434 exaltatur,

531 456 752 510 erimus.
782 471 802 504 ι
837 449 979 504 Nihil
1014 449 1233 503 omnino
1253 447 1496 515 estquod
1523 449 1944 518 metuatjustus,
1975 463 2094 503 om-

533 548 618 601 nis
643 546 692 598 ei
741 552 986 598 creatura
1023 538 1332 593 famulatur.
1365 538 1500 592 Audi
1548 539 1783 609 denique
1822 540 2093 608 quomodo

529 639 691 694 etiam
715 650 810 706 per
845 633 1162 703 prophetam
1207 630 1476 700 promittit
1517 629 1565 684 ei
1601 629 1744 684 Deus
1786 630 1969 686 dicens
1993 630 2039 662 ⁸³
2079 644 2094 684 :

533 749 552 781 ε
589 729 644 782 Si
669 737 914 782 transeas
938 739 1032 793 per
1063 721 1260 794 ignem,
1281 721 1494 776 ﬂamma
1524 736 1629 774 non
1661 721 1851 774 aduret
1878 728 2098 790 te.quo-

529 819 671 872 niam
700 831 798 887 ego
823 815 1084 869 Dominus
1112 815 1251 867 Deus
1282 822 1425 867 tuus.
1465 830 1484 863 ι
1523 811 1710 866 Omnis
1739 811 1903 880 igitur
1943 813 2094 868 locus

525 909 752 978 suscipit
775 907 1078 976 justum,et
1109 905 1284 959 omnis
1316 912 1567 959 creatura
1599 903 1817 958 exhibet
1853 902 2090 957 debitum

527 999 863 1054 famulatum.
888 997 953 1052 Et
976 1011 1042 1050 ne
1078 996 1356 1050 existimes
1385 993 1496 1066 (21)
1529 993 1671 1062 quod
1703 994 1818 1048 lucc
1847 994 1900 1047 itt
1945 995 2090 1063 prio-

530 1093 676 1149 ribus
703 1091 919 1162 quidem
944 1100 1092 1160 gesta
1135 1098 1280 1156 sunt,
1313 1087 1366 1142 in
1392 1098 1444 1141 te
1473 1102 1600 1142 vero
1640 1087 1731 1157 qui
1773 1101 1912 1140 nunc
1941 1085 2096 1139 audi-

527 1196 615 1240 tor
645 1185 839 1240 horum
875 1196 934 1236 es
963 1179 1096 1235 nihil
1125 1180 1228 1232 tale
1253 1187 1472 1247 geratur
1501 1194 1516 1232 :
1551 1176 1731 1230 omnia
1756 1173 2095 1245 complentur

526 1279 581 1334 in
619 1288 673 1332 te
710 1274 1001 1332 secundum
1032 1269 1312 1341 mysticam
1339 1267 1624 1322 rationem.
1649 1266 1859 1321 Etenim
1913 1274 1967 1319 tu
1997 1265 2088 1333 qui

526 1385 697 1441 nuper
749 1364 1064 1422 idololatria;
1121 1361 1358 1416 tenebris
1402 1358 1678 1414 derelictis
1704 1357 1856 1426 cupis
1890 1357 1958 1411 ad
1997 1372 2093 1410 au-

526 1464 782 1521 dientiam
817 1461 1010 1514 divinae
1030 1456 1164 1526 legis
1192 1456 1634 1518 accedere.nunc
1665 1453 1896 1523 primum
1921 1449 2093 1522 .lEgy-

524 1566 673 1628 ptum
701 1551 1024 1621 derelinquis
1049 1547 1330 1619 (22).Cum
1355 1547 1867 1604 catechumenorum
1892 1559 2090 1615 aggre-

523 1659 682 1722 gatus
712 1661 771 1701 es
808 1658 1059 1707 numero,
1080 1650 1135 1696 et
1159 1641 1440 1709 praeceptis
1466 1636 1863 1693 Ecclesiasticis
1902 1652 2090 1706 parere

2199 465 2319 504 cum
2353 451 2417 504 ad
2477 452 2787 522 mysterium
2831 453 3082 521 baptismi
3126 457 3436 524 pervenitur
3461 457 3594 528 (29),
3629 462 3742 529 quia

2197 543 2274 596 sic
2298 553 2351 597 et
2373 543 2633 612 scriptum
2670 551 2754 598 est
2783 543 2852 609 ⁸⁸,
2882 545 3023 612 quod
3058 563 3077 596 ι
3122 547 3382 602 exaltavit
3405 548 3551 603 illum
3593 551 3742 618 Deus,

2196 643 2254 688 et
2280 634 2500 688 donavit
2533 635 2580 688 ei
2627 648 2847 698 nomen,
2882 637 3022 704 quod
3051 645 3133 690 est
3165 651 3328 706 super
3355 655 3510 695 omne
3541 657 3743 706 nomen,

2196 731 2254 774 ut
2285 723 2334 776 in
2370 724 2586 777 nomine
2623 722 2749 778 Jesu
2798 740 2958 778 omne
2995 742 3135 796 genu
3183 727 3430 784 flectatur
3459 732 3745 788 caelestium

2195 820 2249 866 et
2303 814 2635 867 terrestrium
2683 823 2737 869 et
2779 817 3136 872 infernarum.
3175 838 3194 870 ι
3240 820 3618 877 Verumtamen
3657 839 3746 893 per

2195 906 2504 962 sacerdotes
2530 907 2813 962 deducitur
2837 909 3084 979 populus,
3113 921 3167 966 et
3197 914 3302 967 iter
3321 915 3430 984 agit
3455 917 3518 970 ad
3557 929 3744 974 terram

2196 1000 2633 1069 repromissionis
2676 1003 2986 1072 magisterio
3014 1007 3381 1062 sacerdotum.
3419 1007 3488 1062 Et
3514 1010 3630 1078 quis
3655 1011 3746 1065 hoc

2197 1092 2283 1145 die
2310 1092 2361 1146 in
2391 1093 2758 1149 sacerdotibus
2781 1102 2959 1150 tantus
2981 1111 3047 1150 ac
3079 1097 3202 1151 talis
3225 1107 3326 1162 est,
3352 1099 3442 1168 qui
3473 1100 3524 1153 in
3551 1101 3636 1156 ilio
3661 1117 3746 1157 or-

2193 1183 2319 1238 dine
2347 1194 2618 1239 mereatur
2650 1186 2892 1241 ascribi?
2918 1186 2974 1241 Si
3008 1188 3152 1241 enim
3176 1188 3246 1242 sit
3267 1188 3463 1258 aliquis
3497 1191 3637 1254 talis,
3659 1207 3741 1246 ce-

2196 1275 2392 1330 dentei
2426 1275 2624 1332 ﬂuenta
2655 1275 2766 1350 (50)
2803 1278 3075 1342 Jordanis,
3106 1288 3161 1334 et
3200 1279 3312 1348 ipsa
3369 1281 3631 1337 elementa
3659 1298 3744 1336 vc-

2192 1366 2476 1433 rebuntur,
2509 1382 2632 1438 pars
2663 1382 2924 1439 aquarum
2949 1368 3186 1423 ﬂuminis
3213 1378 3510 1426 retrorsum
3536 1370 3743 1435 resiliet,

2193 1473 2256 1512 ac
2286 1469 2406 1528 post
2451 1468 2658 1529 tergum
2687 1461 3020 1526 frenabitur,
3053 1477 3180 1530 pars
3216 1479 3345 1518 vero
3371 1465 3424 1516 in
3451 1478 3603 1518 mare
3650 1464 3746 1518 sal-

2190 1564 2310 1604 sum
2351 1551 2537 1621 rapido
2593 1551 2744 1623 lapsu
2794 1552 3034 1625 diﬂ'ugiet
3069 1555 3202 1626 (5i).
3233 1555 3388 1622 Quod
3437 1563 3619 1610 tamen
3656 1572 3745 1612 nec

2193 1642 2363 1711 ipsum
2409 1643 2612 1713 absque
2663 1645 2907 1716 mysterii
2957 1647 3169 1701 ratione
3210 1648 3447 1702 arbitror
3474 1648 3742 1716 scriptum,

523 1738 758 1811 cmpisti,
788 1736 1062 1807 digressus
1106 1747 1165 1786 es
1200 1745 1350 1785 mare
1375 1730 1619 1785 Rubrum
1641 1770 1656 1797 ,
1690 1737 1744 1783 et
1788 1728 1842 1782 in
1884 1727 2084 1782 deserti
2117 1707 2160 1762 Β
2188 1733 2328 1802 quod
2358 1749 2481 1803 pars
2506 1750 2771 1803 aquarum
2803 1737 3054 1793 Jordanis
3088 1749 3362 1809 mergatur
3394 1739 3446 1792 in
3473 1707 3645 1804 mare,
3670 1707 3745 1791 at.

523 1830 846 1888 stationibus
873 1825 1100 1895 positus,
1132 1822 1199 1877 ad
1235 1821 1553 1876 audiendam
1578 1819 1671 1874 Dei
1700 1818 1889 1886 legem,
1918 1828 1973 1873 et
2005 1819 2090 1871 in-

525 1924 779 1981 tuendum
799 1919 1003 1990 Moysis
1028 1915 1232 1970 vultum
1263 1929 1361 1984 per
1385 1913 1607 1984 gloriam
1639 1910 1848 1965 Domini
1879 1910 2084 1966 revela-

522 2028 638 2073 tum
661 2013 903 2086 quotidie
940 2024 1124 2065 vacas.
1153 2007 1210 2061 Si
1251 2019 1377 2059 vero
1413 2004 1481 2059 ad
1511 2003 1804 2074 mysticum
1832 2002 2084 2071 baptismi

521 2108 738 2160 veneris
776 2103 998 2166 fontem,
1043 2108 1097 2153 et
1149 2096 1483 2151 consistente
1537 2091 1857 2148 sacerdotali
1891 2092 2005 2161 (25)
2031 2099 2086 2145 et

521 2195 763 2252 Levitico
803 2192 992 2246 ordine
1020 2188 1262 2243 initiatus
1298 2185 1462 2240 fueris
1491 2183 1810 2240 venerandis
1828 2181 1934 2236 illis
1965 2197 2083 2234 ma-

520 2287 837 2359 gnificisque
863 2279 1243 2343 sacramentis,
1281 2293 1400 2347 qua:
1428 2274 1720 2332 norunt'illi
1755 2289 1891 2344 quos
1926 2289 2086 2329 nosse

520 2379 602 2432 l'as
622 2387 724 2441 est,
750 2385 880 2429 tunc
893 2373 1054 2428 etiam
1073 2370 1412 2425 sacerdotum
1435 2365 1748 2421 ministeriis
1766 2364 1996 2420 .lordane
2013 2366 2089 2420 di-

520 2481 710 2537 gressa
736 2473 932 2519 terram
959 2459 1392 2530 repromissionis
1417 2457 1662 2523 intrabis,
1688 2456 1740 2509 in
1764 2470 1869 2524 qua
1893 2464 1946 2510 te
1965 2464 2086 2525 post

519 2559 740 2630 Moysen
777 2555 886 2627 (24)
919 2553 1142 2622 suscipit
1165 2549 1321 2607 Jesus
1353 2559 1406 2604 et
1431 2550 1543 2618 ipse
1577 2548 1674 2603 tibi
1706 2545 1934 2602 eﬂicitur
1960 2547 2082 2602 novi

520 2651 731 2709 itineris
759 2651 889 2705 dux.
911 2647 992 2701 Tu
1027 2660 1157 2700 vero
1198 2652 1468 2698 tantarum
1505 2655 1569 2695 ac
1609 2639 1794 2693 talium
1825 2639 2082 2694 virtutum

519 2743 618 2797 Dei
668 2754 894 2803 memor,
927 2735 1069 2807 quod
1108 2733 1205 2788 tibi
1251 2747 1402 2786 mare
1448 2730 1675 2784 divisum
1709 2735 1809 2793 est,
1843 2737 1902 2782 et
1941 2726 2083 2794 quod

519 2845 655 2902 aqua
684 2830 921 2884 ﬂuminis
950 2825 1116 2891 stetit,
1149 2835 1443 2878 conversus
1464 2821 1530 2876 ad
1553 2835 1616 2874 ea
1637 2821 1785 2874 dices
1799 2819 1880 2872 διε
1902 2836 1922 2871 r
1946 2818 2083 2886 Quid

521 2925 616 2979 tibi
643 2918 1071 2988 est.marc,quod
1103 2915 1397 2987 fugistiiet
1427 2924 1480 2968 tu
1509 2914 1784 2977 Iordanis,
1803 2913 1927 2982 quia
1955 2926 2085 2966 con-

520 3029 714 3071 versus
743 3027 802 3067 es
835 3009 1173 3066 retrorsum?
1198 3006 1427 3070 Montes,
1464 3007 1589 3075 quid
1621 3002 1732 3078 (25)
1774 3003 2083 3059 exsultastis

519 3109 659 3161 sicut
681 3104 902 3168 arietes,
939 3109 992 3154 et
1036 3098 1200 3153 colles
1228 3097 1368 3152 sicut
1401 3098 1520 3166 agni
1550 3095 1774 3149 ovium?
1812 3112 1833 3146 ι
1859 3093 1966 3148 Sed
1991 3107 2079 3147 re-

517 3195 799 3266 spondebit
819 3193 913 3247 tibi
946 3205 1124 3247 sermo
1150 3189 1363 3244 divinus
1394 3196 1449 3242 et
1475 3188 1642 3242 dicet:
1677 3205 1695 3238 ι
1722 3187 1768 3240 Α
1798 3186 1937 3240 facie
1975 3185 2083 3240 Do—

520 3289 650 3347 mini
680 3293 943 3343 commota
974 3293 1056 3338 est
1077 3292 1240 3347 terra,
1270 3297 1299 3333 a
1329 3279 1466 3334 facie
1490 3278 1582 3333 Dei
1607 3275 1798 3342 Iacob,
1833 3277 1923 3346 qui
1952 3293 2082 3333 con-

517 3381 679 3437 vertit
711 3387 914 3449 petram
963 3373 1076 3448 (26)
1107 3373 1162 3427 in
1217 3381 1463 3441 stagnum
1514 3383 1688 3438 aquae,
1713 3377 1766 3422 et
1798 3382 1985 3438 rupem
2020 3369 2078 3424 in

514 3475 691 3528 fontes
718 3483 1002 3540 aquarum.
1051 3483 1071 3518 ι
2057 3518 2059 3520 η

585 3567 642 3625 2.
673 3563 881 3630 Quanta
913 3569 1035 3615 ante
1054 3564 1203 3629 gesta
1230 3557 1379 3610 sunt!
1408 3551 1554 3608 Mare
1578 3549 1819 3607 Rubrum
1855 3550 2079 3622 pedibus

519 3657 809 3713 transitum
838 3662 940 3718 est,
975 3664 1170 3706 manna
1197 3649 1264 3702 de
1301 3645 1440 3701 coelo
1479 3644 1664 3699 datum
1694 3653 1800 3708 est,
1823 3644 1999 3700 fontes
2024 3647 2077 3698 in

512 3761 698 3805 eretuo
739 3745 961 3814 disrupti
989 3750 1136 3808 sunt,
1167 3740 1254 3795 lex
1305 3753 1400 3808 per
1430 3735 1647 3806 Moysen
1675 3737 1797 3790 data
1821 3745 1917 3805 ,est
1941 3734 2076 3807 (27),

515 3843 669 3911 signa
724 3847 778 3894 et
823 3836 1065 3908 prodigia
1117 3832 1282 3888 multa
1328 3832 1384 3886 in
1431 3843 1614 3884 eremo
1652 3837 1802 3900 gesta
1845 3837 1994 3892 sunt,
2025 3838 2080 3884 et

515 3947 780 4004 nusquam
807 3930 1002 3984 dicitur
1032 3927 1299 3983 exaltatus
1325 3940 1446 3980 esse
1467 3923 1644 3978 Jesus.
1681 3921 1782 3977 Ubi
1816 3936 1945 3978 vero
1965 3919 2080 3974 Jor-

515 4027 671 4081 danis
705 4021 984 4085 transitur,
1013 4021 1084 4074 ibi
1109 4018 1304 4073 dicitur
1330 4018 1398 4071 ad
1426 4015 1606 4070 Jesum
1628 4014 1675 4046 ⁸⁵
1699 4030 1712 4067 :
1743 4032 1762 4064 ί
1789 4013 1844 4067 In
1866 4013 1966 4068 hac
1993 4013 2078 4068 die

517 4118 717 4188 incipio
765 4114 1006 4170 exaltare
1051 4121 1103 4166 te
1155 4112 1208 4166 in
1259 4118 1551 4182 conspectu
1593 4105 1798 4176 pepuli.
1832 4124 1851 4157 ι
1893 4104 2078 4173 Neque

513 4214 655 4266 enim
683 4218 807 4264 ante
845 4207 1158 4278 mysterium
1204 4205 1454 4274 baptismi
1489 4200 1756 4257 exaltatur
1779 4201 1956 4264 Jesus,
1979 4200 2075 4254 sed

513 4303 768 4359 exaltatio
794 4300 910 4369 ejus
938 4308 991 4354 et
1032 4299 1286 4353 exaltatio
1321 4299 1373 4352 in
1403 4307 1690 4368 conspectu
1732 4296 1909 4366 populi
1951 4294 2076 4348 inde

2187 1841 2292 1895 que
2313 1827 2365 1881 in
2391 1829 2803 1884 amaritudinem
2829 1829 3219 1900 proﬂuat,pars
3242 1846 3369 1885 vero
3392 1831 3442 1884 in
3469 1830 3746 1886 dulcedine

2185 1930 2515 1986 perseveret.
2546 1917 2601 1973 Si
2636 1921 2778 1976 enim
2829 1937 3016 1978 omnes
3054 1923 3144 1992 qui
3180 1923 3554 1990 baptizantur,
3599 1938 3741 1977 acce~

2186 2018 2330 2078 ptam
2355 2011 2465 2084 (52)
2490 2013 2725 2068 ςωιθειίε
2760 2016 2948 2084 gratia:
2993 2016 3332 2070 dulcedinem
3373 2016 3743 2081 custodirent,

2196 2107 2252 2153 et
2284 2101 2461 2155 nullus
2503 2102 2553 2156 in
2599 2113 2943 2171 peccatorum
2981 2104 3394 2158 amaritudinem
3425 2113 3743 2166 verteretur,

2188 2203 2291 2242 non
2321 2189 2507 2256 utique
2548 2201 2692 2246 esset
2725 2191 2988 2260 scriptum
3019 2194 3144 2262 quia
3190 2207 3316 2262 pars
3350 2191 3591 2247 ﬂuminis
3626 2192 3743 2248 salsi

2187 2278 2354 2333 maris
2391 2279 2688 2349 gurgitibus
2729 2280 2917 2338 fuisset
2957 2283 3227 2339 immersa.
3255 2283 3321 2337 Et
3357 2283 3475 2338 ideo
3508 2282 3640 2335 mibi
3671 2283 3744 2335 vi-

2184 2371 2342 2424 detur
2363 2371 2416 2425 in
2451 2371 2538 2427 his
2567 2373 2746 2428 verbis
2769 2357 3160 2444 baptizatornm
3185 2376 3420 2428 varietas
3453 2372 3743 2443 designari,

2184 2478 2344 2533 quam
2397 2463 2610 2534 quidem
2647 2480 2742 2519 nos
2778 2465 2942 2537 (quod
2967 2482 3088 2520 cum
3135 2465 3320 2521 dolore
3359 2466 3742 2536 commemoro)

2185 2569 2324 2626 saepe
2359 2556 2604 2611 videmus
2643 2557 2913 2621 accidere,
2944 2566 3004 2610 ut
3033 2557 3086 2611 hi
3117 2559 3207 2626 qui
3233 2568 3480 2611 sanctum
3513 2558 3630 2626 (55)
3664 2557 3744 2610 ba-

2185 2648 2379 2717 ptisma
2430 2657 2849 2716 consequuntur,
2908 2662 3028 2702 cum
3065 2663 3124 2703 se
3179 2664 3396 2702 rursum
3425 2649 3491 2702 ad
3536 2648 3741 2719 negotia

2185 2739 2367 2794 saeculi
2423 2749 2477 2793 et
2505 2739 2785 2794 illecebras
2824 2739 3101 2794 libidinum
3127 2741 3363 2802 tradunt,
3388 2750 3594 2794 etcum
3625 2755 3742 2794 ava-

2184 2829 2327 2884 ritiae
2352 2829 2554 2884 salsum
2592 2830 2841 2898 poculum
2881 2831 3086 2890 bibunt,
3117 2830 3170 2884 in
3201 2846 3262 2884 ea
3302 2845 3571 2899 aquarum
3601 2839 3742 2900 parte

2183 2919 2488 2974 formentur
2513 2918 2644 2992 (54),
2677 2933 2798 2987 quae
2825 2919 2878 2972 in
2917 2933 3068 2973 mare
3095 2918 3329 2988 proﬂuit,
3354 2928 3516 2987 atque
3554 2920 3610 2973 in
3637 2919 3740 2973 sal-

2187 3010 2262 3064 sis
2293 3010 2547 3064 ﬂuctibus
2576 3011 2780 3079 deperit
2816 3027 2830 3063 :
2859 3023 2984 3078 pars
3017 3023 3148 3064 vero
3186 3007 3273 3063 illa
3311 3023 3430 3078 quae
3478 3025 3608 3067 cum
3645 3019 3742 3064 sta-

2183 3102 2390 3157 bilitate
2427 3110 2709 3172 permanet
2744 3110 2799 3155 et
2825 3100 3164 3155 dulcedinem
3193 3114 3344 3154 suam
3369 3113 3572 3164 servat,
3608 3101 3740 3156 desi-

2180 3200 2307 3262 gnet
2352 3207 2446 3247 eos
2481 3192 2572 3260 qiti
2619 3199 2895 3260 acceptum
2931 3192 3022 3246 Dei
3057 3206 3252 3245 munus
3296 3191 3740 3247 indeclinabiliter

2182 3294 2386 3340 tenent.
2411 3285 2479 3340 Et
2504 3293 2650 3340 recte
2673 3300 2777 3340 una
2819 3300 2947 3354 pars
2983 3293 3067 3340 est
3103 3298 3288 3340 eorum
3317 3284 3406 3354 qui
3439 3283 3737 3342 salvantur,

2179 3378 2306 3447 quia
2341 3387 2395 3432 et
2427 3377 2582 3447 panis
2628 3393 2770 3432 unus
2815 3385 2922 3442 est,
2967 3377 3057 3444 qui
3085 3377 3152 3432 de
3182 3375 3322 3432 culo
3360 3376 3662 3439 descendit,
3689 3381 3739 3426 ct

2180 3468 2275 3522 dat
2327 3467 2451 3521 huic
2497 3467 2698 3521 mundo
2745 3467 2935 3533 vitam,
2963 3475 3016 3521 et
3046 3467 3183 3522 fides
3206 3483 3310 3521 una
3337 3479 3443 3534 est,
3477 3479 3532 3523 et
3580 3483 3736 3521 unum

2179 3557 2467 3627 baptisma,
2499 3564 2556 3612 et
2605 3569 2743 3610 unus
2793 3555 3017 3624 spiritus
3048 3569 3155 3624 quo
3185 3571 3372 3610 omnes
3403 3565 3663 3624 petantur
3685 3555 3736 3608 in

2178 3651 2468 3721 baptismo,
2504 3658 2558 3704 et
2587 3663 2724 3704 unus
2753 3647 2891 3704 Deus
2916 3646 3078 3702 Pater
3114 3647 3374 3702 omnium.
3411 3646 3624 3703 Interea
3655 3661 3738 3701 sa-

2179 3741 2465 3797 cerdotalis
2514 3740 2650 3796 ordo
2689 3750 2772 3795 est
2808 3748 2862 3794 et
2903 3738 3198 3804 Leviticus,
3237 3739 3328 3806 qui
3360 3739 3462 3792 iter
3490 3738 3739 3794 ostendat

2178 3833 2374 3903 populo
2408 3833 2520 3898 Dei,
2549 3833 2639 3901 qui
2669 3833 2802 3886 exiit
2821 3833 2887 3886 de
2911 3831 3160 3900 Egypto.
3197 3832 3297 3902 lpsi
3319 3831 3461 3887 enim
3495 3840 3622 3886 sunt
3651 3829 3733 3898 qui

2177 3927 2408 3982 edocent
2453 3924 2706 3994 populum
2742 3923 2892 3977 exire
2937 3924 3001 3977 de
3043 3923 3310 3993 Egypto,
3345 3925 3412 3978 de
3460 3923 3736 3978 erroribus

2177 4018 2383 4074 scilicet
2413 4017 2620 4081 mundi,
2663 4025 2716 4069 et
2747 4015 2910 4087 4.06
2960 4017 3191 4070 transire
3225 4031 3322 4086 per
3366 4027 3610 4070 eremum
3655 4028 3738 4065 va-

2177 4119 2356 4174 stam,
2419 4109 2472 4164 id
2507 4117 2588 4162 est
2634 4110 2989 4162 tentatiOnum
3039 4121 3239 4177 genera
3293 4106 3507 4160 diversa
3567 4115 3737 4157 trans-

2177 4213 2434 4263 currere,
2486 4213 2661 4268 neque
2713 4200 2894 4254 noceri
2952 4214 2982 4253 a
3034 4198 3413 4266 serpentibus,
3460 4196 3552 4265 qui
3615 4201 3734 4249 sunt

2178 4307 2387 4349 morsus
2425 4293 2751 4360 daemonum,
2790 4302 2845 4346 et
2886 4291 3148 4345 malarum
3195 4290 3596 4361 suggestionum
3645 4302 3734 4341 ve-

515 4393 1009 4449 sutnitexordium.
1038 4390 1095 4444 Si
1137 4390 1280 4443 enim
1311 4404 1498 4444 omnes
1523 4388 1615 4458 qui
1652 4388 1992 4457 baptizantur
2017 4386 2070 4439 in
2104 4408 2147 4463 Ι)
2179 4401 2311 4438 uena
2353 4385 2542 4439 vitare.
2583 4383 2734 4450 Quod
2777 4383 2823 4438 si
2868 4383 3062 4452 aliquis
3111 4381 3247 4435 forte
3294 4393 3583 4450 percussus
3625 4377 3736 4430 fue-

515 4482 732 4537 Cbristo
761 4481 894 4552 (28),
921 4481 973 4536 in
999 4489 1174 4534 morte
1204 4479 1374 4548 ipsius
1400 4478 1768 4548 baptizantur,
1801 4490 1947 4530 mors
1977 4491 2074 4526 au-

515 4584 622 4629 tem
654 4571 778 4627 Jesu
811 4573 864 4628 iu
909 4571 1088 4627 crucis
1131 4569 1464 4625 exaltatione
1510 4567 1826 4638 completur,
1879 4567 2072 4620 merito

582 4691 627 4722 ⁸³
657 4687 777 4743 lsai.
810 4702 944 4751 xui,
967 4685 1022 4750 2,
1058 4685 1114 4739 5.
1186 4682 1233 4715 ⁸⁸
1262 4682 1401 4737 Psal.
1430 4694 1585 4747 cxttt,
1629 4680 1686 4743 5,
1721 4679 1776 4745 6,
1806 4679 1860 4744 7,
1894 4679 1948 4734 8.

585 4783 698 4854 (21)
731 4781 915 4854 Codex
962 4777 1349 4834 Gemeticensis
1398 4783 1452 4828 et
1493 4788 1631 4829 unus
1677 4772 2063 4832 Ebroicensis:

517 4874 536 4908 ι
577 4853 720 4908 itane
741 4853 1038 4904 existimas.
1073 4868 1092 4900 ι

584 4924 696 4996 (22)
733 4920 994 4996 Gentetic.
1026 4938 1044 4970 ‹
1081 4915 1430 4996 dereliquisti.
1464 4932 1483 4964 ι

583 4982 695 5064 (25)
733 4991 882 5064 idem
904 5003 1160 5064 cum_uno
1199 4982 1508 5064 Ebroiccnsi
1544 5001 1601 5064 τηρ
1628 4982 1889 5038 conﬂtens
1922 4997 1950 5037 a
1972 4998 2070 5064 sa-

511 5053 790 5123 cerdoiali,
828 5079 846 5112 ι
881 5070 984 5116 etc.
1018 5057 1183 5113 Paulo
1206 5067 1323 5125 post
1372 5055 1525 5109 codd.
1554 5054 1833 5125 Sangerm.
1874 5064 1929 5108 et
1965 5053 2072 5108 Ge-

515 5135 696 5188 tnetic.
729 5149 750 5182 ι
793 5131 869 5185 illi
893 5145 1027 5199 quos
1062 5123 1221 5182 nosse
1264 5124 1346 5179 fas
1369 5135 1471 5179 est.
1500 5138 1522 5175 ι
1552 5123 1704 5177 Libb.
1740 5125 1865 5178 editi
1894 5141 1908 5179 :
1938 5143 1957 5176 ‹
1996 5125 2071 5178 illi

512 5205 710 5273 quibus
741 5216 899 5256 nosse
928 5200 1008 5255 fas
1030 5211 1132 5273 est.
1159 5215 1189 5273 _»

583 5273 695 5340 (24)
735 5273 887 5333 lllss.,
917 5289 936 5322 ι
975 5268 1218 5340 suscipit.
1259 5284 1277 5316 ι
1312 5263 1625 5340 Libb._et_li_ti
1661 5278 1675 5316 ε
1703 5281 1732 5340 _t_
1758 5263 2014 5340 suscepit.
2045 5282 2064 5316 ι

2180 4475 2251 4530 rit
2285 4477 2339 4530 in
2385 4489 2566 4530 eremo
2594 4490 2622 4528 a
2663 4483 2947 4544 serpente,
2992 4482 3054 4527 ut
3103 4471 3390 4526 ostendant
3437 4469 3486 4524 ei
3535 4483 3732 4524 aereum

2179 4567 2662 4639 serpenternl(55)
2695 4568 2747 4622 in
2801 4580 2964 4621 cruce
3011 4579 3330 4636 suspensum
3377 4578 3396 4617 :
3440 4578 3598 4634 quem
3644 4560 3732 4630 qui

2035 4680 2079 4712 ει
2105 4677 2217 4736 ιυε.
2241 4695 2321 4746 ιιι,
2348 4679 2401 4734 9.
2474 4678 2521 4710 ιο
2553 4676 2747 4747 Philip.
2768 4691 2832 4742 ιι,
2861 4677 2915 4741 9,
2943 4675 3030 4731 to.

2240 4772 2353 4842 (29)
2392 4771 2544 4837 Mss.,
2576 4789 2595 4821 ε
2633 4771 2962 4840 pervenitur.
3013 4786 3034 4822 ι
3071 4767 3228 4824 Libb.
3274 4768 3403 4824 editi
3435 4786 3449 4822 :
3484 4785 3504 4820 ι
3541 4782 3732 4835 pervc-

2167 4844 2327 4896 nerit.
2352 4861 2370 4892 ι

2239 4911 2362 4981 (50)
2408 4909 2687 4981 Sangerm.
2720 4920 2775 4965 et
2807 4925 2947 4964 unus
2982 4907 3324 4965 Ebroicensis
3355 4925 3419 4981 :“C
3459 4905 3679 4961 ﬂuenta.
3705 4923 3724 4956 ι

2241 4977 2353 5048 (51)
2392 4977 2656 5035 ϐεηιὶειίο.
2686 4990 2742 5034 et
2769 4995 2908 5034 unus
2942 4981 3165 5036 Ebroic.
3206 4997 3225 5029 ι
3259 4977 3495 5031 desiliet.
3533 4997 3553 5027 ι

2239 5049 2352 5119 (52)
2393 5051 2553 5104 Iidem
2589 5068 2609 5101 ‹
2638 5060 2934 5118 acceptam.
2959 5069 2977 5101 ι
2997 5049 3148 5103 Libb.
3179 5049 3307 5102 editi
3333 5063 3343 5093 :
3383 5065 3403 5098 ι
3428 5055 3665 5113 accepta.
3701 5063 3723 5097 ι

2243 5119 2355 5194 (55)
2397 5122 2680 5194 Sangerm.
2714 5131 2768 5174 et
2797 5136 2937 5194 unus
2967 5119 3304 5194 Ebroicensis
3325 5133 3338 5172 :
3362 5126 3678 5194 «sanctum.
3702 5132 3721 5164 ι

2171 5188 2483 5245 Libb.editi
2517 5188 2529 5242 ἐ
2563 5208 2583 5240 ι
2617 5191 2932 5245 secundum.
2971 5211 2987 5242 ι
3028 5189 3190 5242 Paulo
3228 5195 3347 5255 post
3400 5188 3538 5242 idem
3572 5201 3724 5255 mss.,

2173 5281 2192 5312 ‹
2227 5262 2476 5316 illecebra
2513 5261 2816 5315 libidittuttt.
2854 5279 2872 5311 ι
2909 5259 3064 5316 Libb.
3105 5253 3284 5314 editi:
3327 5276 3346 5309 ί
3382 5257 3634 5312 illecebra
3664 5253 3728 5306 li-

582 5331 693 5410 (25)
734 5331 1155 5406 Μεηϐειιιειὶό.
1187 5355 1204 5386 ι
1237 5336 1430 5410 (μῶρε)
1469 5333 1807 5410 Libb.editi:
1833 5353 1850 5386 ι
1886 5331 2068 5410 quia.»
2166 5331 2440 5410 biclinisﬂ

580 5403 692 5483 (26)
730 5403 999 5467 Getnetic.
1047 5418 1101 5462 et
1153 5403 1292 5459 unus
1346 5404 1735 5460 Ebroicensis:
1778 5423 1798 5457 ι
1845 5403 2068 5459 solidam

511 5493 740 5554 petram.
778 5500 797 5533 ι

583 5551 694 5634 (=32)
737 5552 1018 5634 ξδηβεπεης
1051 5546 1350 5634 «Μειβὲ-
1375 5563 1408 5634 .2

583 5551 694 5694 (27)
737 5552 1018 5634 Sangerm.
1051 5565 1071 5600 ι
1110 5551 1217 5600 lata
1248 5553 1350 5626 est.
1387 5563 1408 5625 ξ
1481 5613 1494 5626 ο
1821 5617 1833 5628 θ
1866 5613 1878 5628 _

606 5623 696 5694 28)
739 5622 802 5675 1η
836 5617 1335 5694 LI:r_t_slo._Deest_tn
1375 5614 1527 5694 lt_brts
1563 5621 1721 5674 antea
1749 5615 1932 5674 editis.
1963 5611 2071 5672 Sed

511 5685 740 5752 habetur
772 5694 825 5748 iu
853 5691 1040 5749 codice
1059 5685 1441 5746 Gemeticensi.

2164 5468 2414 5526 ﬂuctibus
2463 5471 2684 5538 deperit.
2729 5468 2886 5522 Libb.
2945 5471 3072 5522 etliti

2166 5551 2289 5613 post
2319 5543 2372 5594 in
2401 5543 2555 5613 salsis
2579 5541 2822 5608 ﬂuctibus
2844 5539 3049 5610 diﬂluit.

2237 5402 2348 5472 (5i)
2391 5402 2539 5465 Mss.,
2571 5417 2592 5451 ι
2629 5400 2945 5472 formentur.
2972 5400 3088 5472 vEt
3109 5399 3267 5472 paulo
3291 5405 3410 5467 post
3434 5415 3452 5448 ε
3490 5397 3542 5450 in
3575 5393 3724 5472 salsis

3113 5465 3415 5538 ﬁrmentur,
3461 5477 3518 5522 et
3569 5465 3720 5534 paulo

2239 5613 2351 5679 (55)
2393 5612 2541 5674 Mss.,
2579 5605 2602 5661 ἰ
2650 5624 2847 5662 aereum
2893 5605 3219 5677 serpentem.
3267 5627 3287 5661 ι
3339 5607 3497 5665 Libb.
3550 5605 3720 5662 editi:

2141 5691 2406 5738 teremum
2429 5691 2756 5750 serpentem,
2787 5697 2806 5732 ι
2845 5679 3006 5735 male.
