4050 6148
350 243 465 299 855

1341 241 1404 295 IN
1436 239 1696 296 LIBRUM
1735 239 1900 297 JESU
1945 239 2132 296 NAVE
2158 236 2443 296 HOMILIA
2479 237 2546 296 ν.

3498 243 3602 298 ειη

352 366 574 433 viderit,
620 364 674 419 id
719 371 802 421 est
835 365 926 434 qui
965 365 1254 421 crediderit
1307 366 1358 421 in
1419 381 1540 420 eum
1595 363 1747 432 cujus
1799 366 1936 435 figu-
1963 369 2010 427 Α
2040 364 2408 428 demoramur,
2432 361 2760 432 omniaquae
2783 361 2852 416 ad
2883 361 3266 431 perfectionem
3302 367 3596 435 pertinent,

352 474 474 515 ram
516 473 740 530 serpens
797 458 887 513 ille
933 460 1307 519 monstrabat,
1375 459 1633 514 diabolica
1677 474 1772 528 per
1830 459 1932 513 hoc

357 567 568 606 venena
622 549 886 622 diffugiet.
934 550 1298 605 Sacerdmalis
1349 559 1402 605 et
1457 549 1730 606 Leviticus
1795 549 1931 604 ordo

349 655 482 710 est,
529 643 620 714 qui
674 651 816 698 astat
855 640 988 714 (56)
1031 657 1173 697 arcae
1224 643 1530 697 testamenti
1581 641 1826 708 Domini,
1878 642 1929 696 in

352 751 466 806 qua
520 735 605 790 lex
654 734 745 789 Dei
796 743 1044 804 portatur
1093 735 1212 790 sine
1261 734 1442 800 dubio,
1491 744 1548 789 ut
1588 735 1689 804 ipsi
1730 735 1931 788 illumi-

355 835 492 880 nent
523 826 638 894 (57)
662 824 914 895 populum
942 826 1008 879 de
1036 825 1304 879 mandatis
1344 824 1458 887 Dei,
1490 824 1632 879 sicut
1661 825 1930 894 Propheta

354 913 874 970 dicit":tLucerna
915 913 1142 982 pedibus
1174 912 1308 966 meis
1351 911 1578 966 verbum
1618 921 1787 976 tuum,
1831 913 1935 964 Do-

358 1008 528 1070 mine,
556 1015 611 1060 et
640 1005 820 1059 lumen
864 1003 1077 1058 semitis
1127 1003 1279 1057 meis.
1307 1020 1326 1053 ι
1361 1000 1473 1055 Hoc
1501 1001 1679 1056 lumen
1711 1017 1804 1071 per
1847 1018 1934 1056 sa-

357 1098 609 1151 cerdotes
637 1095 954 1151 accenditur
976 1104 1031 1149 et
1061 1093 1293 1148 Levitas.
1325 1092 1476 1159 Quod
1502 1094 1547 1147 si
1573 1091 1714 1148 forte
1737 1094 1936 1164 aliquis

355 1205 429 1243 ex
457 1190 557 1243 hoc
577 1187 690 1261 (58)
721 1187 912 1243 ordine
949 1201 1233 1242 accensam
1259 1185 1540 1240 lucernam
1571 1187 1810 1253 posuerit
1833 1187 1934 1241 sub

358 1281 563 1344 modio,
590 1290 646 1334 et
677 1295 782 1334 non
810 1296 972 1350 super
1009 1279 1418 1345 candelabrum,
1445 1289 1504 1333 ut
1539 1279 1714 1334 luceat
1752 1278 1933 1332 omni-

358 1372 465 1426 bus
490 1372 578 1441 qui
614 1371 665 1425 in
690 1371 847 1426 domo
867 1380 1019 1425 sunt:
1058 1369 1229 1424 videat
1267 1371 1391 1437 quid
1417 1370 1521 1425 sibi
1545 1371 1810 1440 agendum
1841 1371 1934 1437 sit,

358 1479 486 1516 cum
516 1463 744 1517 Domino
767 1462 902 1517 lucis
925 1462 1151 1518 reddere
1193 1463 1418 1531 coeperit
1445 1463 1710 1516 rationem
1737 1476 1836 1530 pro
1873 1461 1938 1514 iis

359 1557 457 1624 qui
490 1555 620 1610 nihil
660 1555 1067 1610 illuminationis
1095 1571 1124 1609 a
1164 1555 1535 1610 sacerdotibus
1582 1556 1859 1624 capientes
1882 1555 1936 1609 in

363 1647 608 1704 tenebris
650 1647 948 1713 ambulant,
984 1657 1038 1702 et
1086 1657 1433 1718 peccatorum
1473 1647 1806 1704 obscuritate
1835 1661 1940 1702 ςτε-

357 1750 576 1796 cantur.

435 1832 491 1885 5.
534 1829 668 1884 Vide
701 1830 933 1902 denique
965 1833 1095 1901 quid
1128 1831 1258 1888 dicit
1279 1831 1325 1863 ⁸⁸
1352 1848 1366 1884 :
1403 1848 1421 1884 ι
1455 1829 1709 1900 Populus,
1741 1829 1936 1900 inquit,

363 1929 428 1974 ut
443 1920 598 1991 longe
615 1922 686 1976 sit
703 1923 771 1976 ab
789 1937 916 1977 arca
941 1923 1243 1978 testamenti
1267 1923 1370 1976 duo
1389 1921 1554 1977 millia
1567 1921 1896 1977 cubitorum.
1913 1940 1932 1972 ι

365 2011 688 2068 Sacerdotes
736 2028 866 2068 vero
899 2025 953 2068 et
994 2014 1194 2069 Levitae
1234 2013 1487 2083 proximi,
1525 2023 1580 2069 et
1622 2013 1759 2069 satis
1813 2029 1938 2085 pre-

365 2103 523 2169 ximi,
561 2103 632 2157 ita
669 2111 728 2158 ut
775 2104 1016 2159 humeris
1060 2105 1296 2173 ipsorum
1342 2123 1471 2162 arca
1506 2105 1716 2162 Domini
1757 2117 1812 2162 et
1857 2107 1938 2162 le-

366 2194 588 2264 gislatio
625 2195 805 2250 divina
841 2207 1101 2266 portetur.
1138 2198 1288 2254 Beati
1314 2200 1407 2269 qui
1448 2209 1729 2256 merentur
1758 2201 1942 2271 proxi-

368 2288 444 2342 Ini
488 2302 608 2342 esse
652 2288 782 2343 Deo.
833 2289 940 2344 Sed
995 2297 1264 2345 memento
1305 2294 1448 2360 quod
1497 2291 1759 2360 scriptum
1809 2302 1936 2347 est:

373 2394 398 2430 ι
428 2377 528 2445 Qui
557 2380 932 2449 approximant
970 2381 1516 2452 mihi,approximant
1545 2383 1676 2454 igni.
1701 2402 1721 2436 ι
1759 2381 1815 2437 Si
1847 2399 1943 2436 au-

367 2485 495 2528 rum
518 2472 601 2527 vel
631 2483 916 2542 argentum
950 2472 1150 2539 fueris,
1183 2485 1238 2530 et
1287 2476 1395 2545 igni
1436 2477 1900 2546 approximaveris
1923 2519 1939 2543 ,

368 2563 550 2620 multo
599 2580 694 2634 per
728 2565 902 2636 ignem
931 2565 1255 2634 splendidior
1284 2575 1338 2622 et
1376 2567 1681 2622 rutilantior
1719 2567 1942 2637 eifulge-

369 2656 482 2712 bis.
520 2655 576 2711 Si
619 2672 740 2712 vero
764 2672 928 2728 supra
970 2657 1378 2712 fundamentum
1404 2659 1528 2714 inte
1550 2658 1672 2714 fidei
1705 2661 1940 2729 positum

371 2749 629 2805 conscius
669 2749 763 2804 tibi
801 2764 861 2804 es
901 2750 1364 2819 superaedilicasse
1407 2761 1456 2806 te
1491 2751 1668 2822 ligna,
1718 2751 1900 2808 fenum
1925 2792 1940 2816 ,

366 2843 653 2915 stipulam,
691 2857 813 2897 cum
843 2843 936 2898 tali
982 2845 1338 2900 aadilicatione
1365 2845 1410 2900 si
1454 2844 1564 2915 igni
1597 2847 1946 2915 approxima-

371 2937 544 3000 veris,
571 2935 912 2991 consumeris
936 2935 1000 2988 ⁸⁸.
1033 2936 1179 2991 Beati
1213 2936 1376 3006 igitur
1414 2937 1503 3005 qui
1541 2937 1772 3004 proximi
1795 2946 1942 3002 sunt,

369 3038 435 3084 et
461 3029 552 3098 qui
586 3029 658 3083 ita
683 3027 916 3099 proximi
960 3039 1111 3093 sunt,
1137 3037 1195 3082 ut
1225 3028 1364 3099 ignis
1400 3043 1494 3084 eos
1517 3029 1801 3094 illuminet,
1835 3045 1942 3084 non
1973 3053 2010 3106 ρ

369 3121 596 3176 adurat.
635 3121 946 3177 Salvabitur
979 3131 1158 3175 tamen
1187 3130 1242 3174 et
1271 3120 1456 3187 Israel,
1489 3123 1584 3177 sed
1607 3121 1764 3194 longe
1801 3124 1948 3193 posi-

373 3224 468 3271 tus
492 3215 808 3280 salvabitur,
832 3224 887 3272 et
907 3217 1009 3270 iter
1025 3224 1149 3285 aget
1163 3232 1268 3271 non
1290 3232 1385 3272 sua
1413 3219 1633 3282 virtute,
1653 3218 1748 3273 sed
1771 3219 1945 3273 admi-

367 3309 580 3367 niculis
605 3318 664 3366 et
693 3309 1032 3379 providentia
1053 3314 1418 3370 sacerdotum.

449 3405 506 3460 4.
543 3402 773 3470 Quando
815 3412 996 3459 autem
1040 3404 1269 3460 veniunt
1314 3406 1384 3460 ad
1421 3407 1708 3461 transitum
1756 3403 1950 3460 Jorda-

377 3498 465 3552 nis
486 3496 859 3569 (59)?Notavi
915 3498 1056 3553 enim
1082 3508 1139 3554 et
1185 3500 1290 3555 hoc
1312 3514 1420 3553 non
1462 3499 1582 3554 sine
1626 3513 1789 3554 causa
1827 3514 1950 3554 esse

377 3590 676 3659 signatum,
709 3600 768 3644 ut
797 3599 854 3644 et
901 3598 1114 3662 tempus
1151 3592 1596 3660 distingueretur.
1629 3608 1651 3642 ι
1701 3588 1948 3658 Decima,

375 3685 557 3756 inquit
579 3686 646 3750 ⁹⁰,
686 3684 890 3740 mensis
922 3683 1110 3753 primi.
1147 3701 1167 3737 ι
1198 3684 1304 3740 Ista
1339 3687 1453 3751 ipsa
1483 3696 1568 3742 est
1595 3685 1736 3751 dies,
1768 3685 1822 3739 in
1842 3699 1949 3754 qua

378 3789 438 3832 et
475 3778 598 3846 agni
631 3780 948 3848 mysterium
980 3777 1397 3848 praecipiebatur
1429 3777 1482 3832 in
1509 3777 1765 3849 Egypto.
1794 3777 1952 3832 Deci-

381 3883 472 3922 rna
515 3869 601 3922 die
650 3867 847 3922 mensis
877 3867 1040 3937 primi
1087 3878 1289 3924 terram
1335 3871 1772 3940 repromissionis
1804 3870 1951 3926 ince-

377 3961 518 4016 dunt
553 3977 566 4013 :
595 3961 735 4029 quod
790 3961 920 4015 mihi
956 3959 1115 4015 valde
1163 3962 1382 4018 beatum
1407 3964 1644 4030 videtur,
1668 3973 1728 4017 ut
1759 3964 1950 4018 eadem

377 4053 499 4123 ipsa
562 4055 650 4110 die
707 4070 814 4124 qua
865 4071 1082 4114 errores
1132 4059 1254 4126 quis
1304 4056 1691 4128 subterfugerit
1743 4058 1949 4123 surculi,

376 4148 546 4203 etiam
596 4157 796 4203 terram
847 4151 1286 4220 repromissionis
1319 4149 1528 4220 ingredi
1579 4157 1872 4215 mereatur,
1903 4150 1952 4202 id

376 4251 468 4296 est
498 4241 552 4295 in
594 4242 698 4297 bac
745 4243 832 4297 die
861 4257 966 4312 qua
1005 4243 1058 4297 in
1099 4244 1199 4298 hoc
1252 4243 1448 4299 saeculo
1477 4242 1730 4296 vivimus.
1761 4238 1954 4296 Omnis

376 4335 527 4388 enim
555 4336 663 4390 vita
698 4347 883 4393 nostra
917 4353 1156 4408 praesens
1191 4341 1242 4393 in
1271 4352 1379 4392 uno
1406 4335 1496 4390 die
1528 4333 1863 4403 designatur.
1889 4333 1955 4387 Et

2035 454 2350 511 festinemus
2382 453 2626 524 implere,
2649 463 2703 507 et
2732 453 2806 508 ita
2838 455 3052 509 demum
3075 456 3374 525 poterimus
3393 458 3601 512 decima

2033 546 2123 602 die
2177 547 2378 602 mensis
2426 545 2590 616 primi
2649 555 2851 598 terram
2908 546 3378 614 repromissionis,
3427 548 3479 602 id
3518 557 3603 603 est

2033 636 2422 693 beatitudinem
2460 634 2812 705 perfectionis
2840 635 3063 692 intrare.
3092 635 3268 693 Sedet
3287 638 3390 692 alia
3415 654 3602 709 quam-

2035 727 2264 795 plurima
2299 725 2344 780 si
2397 725 2684 796 diligenter
2710 724 2986 790 observes,
3032 726 3085 780 in
3116 729 3258 783 hanc
3286 731 3424 784 diem
3457 746 3607 787 reca-

2039 818 2261 886 pitulari
2317 817 2722 888 Scripturarum
2781 817 3042 872 relatione
3089 821 3480 889 deprehendes.
3532 825 3606 880 De

2035 911 2232 980 quibus
2264 911 2491 980 singulis
2527 911 2608 964 uti
2639 925 2706 965 ne
2739 925 2882 966 nunc
2909 910 3021 981 (40)
3058 926 3236 969 sermo
3283 917 3442 972 nobis
3485 918 3605 988 plus

2036 1017 2198 1071 quam
2231 1001 2480 1056 volumus
2513 1001 2788 1066 dilatetur,
2816 1003 2918 1057 hoc
2948 1003 3289 1060 sentiendum
3315 1019 3398 1064 est
3427 1011 3494 1065 de
3519 1026 3606 1078 eo,

2037 1090 2180 1161 quod
2207 1091 2404 1160 saepius
2433 1092 2548 1147 dies
2575 1093 2676 1147 iste
2708 1093 3009 1160 repetitur:
3037 1095 3164 1163 quia
3189 1095 3311 1151 licet
3339 1103 3610 1168 generalis

2039 1184 2198 1239 nobis
2226 1185 2296 1239 sit
2324 1199 2430 1238 una
2454 1183 2737 1254 perfectio,
2763 1191 2940 1238 tamen
2967 1187 3262 1241 secundum
3291 1190 3401 1260 (41)
3424 1208 3612 1246 unam-

2040 1291 2312 1346 quamque
2362 1277 2594 1347 speciem
2629 1279 2890 1332 virtutum
2921 1293 3082 1348 quam
3138 1282 3482 1350 aggredimur
3517 1301 3613 1340 ex-

2043 1368 2269 1438 plicare,
2293 1367 2338 1423 si
2359 1384 2478 1423 eam
2507 1370 2838 1438 potuerimus
2863 1372 3072 1437 integre
3104 1374 3447 1444 per-recteque
3468 1393 3614 1432 com-

2041 1460 2211 1530 plere,
2247 1469 2329 1516 est
2362 1461 2532 1531 ipsius
2563 1462 2780 1519 virtutis
2809 1479 2902 1518 sua
2939 1479 3155 1538 quoque
3183 1470 3446 1538 perfectio
3475 1469 3609 1543 (42).

2041 1551 2206 1608 Verbi
2233 1568 2420 1618 causa,
2440 1555 2482 1608 si
2507 1553 2554 1608 is
2580 1554 2674 1624 qui
2716 1555 3010 1610 iracundus
3033 1567 3137 1623 est,
3163 1560 3418 1616 virtutem
3460 1579 3615 1618 man-

2043 1645 2344 1700 suetudinis
2383 1647 2566 1715 cupiat
2609 1647 2857 1717 adipisci,
2898 1651 3014 1705 sine
3043 1652 3208 1707 dubio
3236 1655 3412 1724 primo
3440 1656 3613 1710 οπεο-

1971 1711 2012 1765 Β
2042 1737 2120 1791 dit
2151 1737 2204 1791 in
2231 1737 2436 1802 multis,
2463 1738 2634 1793 donec
2666 1739 2825 1808 longa
2871 1711 3426 1801 meditatione-usum
3459 1747 3612 1801 multi

2043 1830 2300 1901 temporis
2327 1832 2380 1885 in
2419 1840 2663 1887 naturam
2712 1843 3014 1890 convertat.
3040 1837 3106 1891 Et
3147 1853 3269 1892 cum
3320 1839 3615 1894 obtinuerit

2039 1922 2182 1992 quod
2233 1922 2548 1993 proposuit,
2584 1924 2903 1994 adipiscitur
2950 1928 3164 1998 quidem
3221 1929 3610 1998 perfectionem

2041 2013 2489 2080 mansuetudinis,
2520 2027 2628 2068 non
2655 2023 2834 2070 tamen
2866 2032 2933 2070 ex
2975 2017 3077 2072 hoc
3117 2019 3279 2073 etiam
3323 2020 3612 2090 perfectio-

2043 2120 2163 2162 nem
2194 2105 2450 2161 virtutum
2490 2107 2731 2161 omnium
2779 2107 3033 2178 possidet.
3081 2111 3170 2166 Sic
3208 2127 3335 2183 ergo
3374 2129 3470 2182 per
3509 2114 3614 2168 sin-

2041 2196 2194 2267 gulas
2224 2196 2453 2253 virtutes
2479 2197 2826 2252 inveniuntur
2860 2199 3038 2256 multa:
3068 2203 3448 2270 perfectiones.
3483 2205 3617 2260 Per-

2043 2287 2206 2344 fectio
2250 2304 2380 2344 vero
2427 2289 2697 2358 generalis
2743 2289 2831 2343 illa
2883 2300 2987 2357 est,
3033 2307 3153 2362 qua:
3184 2295 3425 2350 omnium
3471 2297 3616 2352 inse

2043 2380 2433 2449 perfectionum
2484 2383 2728 2438 continet
2783 2399 3072 2438 summam.
3128 2385 3423 2456 Propterea
3484 2403 3614 2458 ergo

2044 2476 2210 2529 multa
2235 2475 2284 2529 in
2314 2475 2418 2531 hac
2439 2475 2525 2530 die
2550 2485 2698 2546 gesta
2729 2477 3179 2549 recapitulantur,
3199 2490 3257 2533 ut
3281 2480 3475 2535 multas
3499 2496 3617 2550 per-

2042 2566 2306 2622 fectiones
2326 2567 2392 2620 ad
2422 2582 2586 2621 unum
2639 2568 2858 2622 tendere
2909 2570 3217 2640 signiﬁcent
3255 2573 3439 2638 ﬁnem,
3476 2575 3616 2629 sicut

2042 2668 2096 2712 et
2122 2656 2393 2728 Propheta
2425 2657 2618 2712 dicit“
2649 2673 2664 2712 :
2703 2676 2721 2709 ι
2761 2657 2986 2714 Multum
3017 2664 3357 2741 peregrinata
3390 2677 3473 2720 est
3495 2667 3620 2719 ani-

2046 2764 2132 2802 ma
2165 2762 2305 2803 mea.
2327 2767 2347 2800 ι
2393 2747 2457 2802 Ει
2488 2747 2682 2802 iterum
2697 2745 2775 2802 9'z
2811 2765 2830 2798 ι
2861 2747 2995 2803 Dum
3023 2751 3207 2806 dicunt
3233 2753 3362 2808 mihi
3391 2769 3486 2823 per
3511 2755 3619 2809 sin-

2042 2842 2196 2912 gulos
2229 2841 2344 2896 dies
2381 2858 2397 2896 :
2446 2841 2548 2897 Ubi
2596 2847 2679 2896 est
2721 2840 2865 2896 Deus
2917 2843 3094 2898 tuus?
3137 2844 3251 2901 hate
3285 2859 3616 2906 memoratus

2046 2949 2186 2998 sum,
2218 2942 2274 2988 et
2297 2931 2460 2988 ell‘udi
2484 2933 2536 2987 in
2560 2949 2644 2988 me
2671 2934 2906 2987 animam
2938 2948 3112 2988 meam
3139 2950 3154 2988 :
3180 2937 3306 3005 quia
3337 2947 3616 3002 pertrans-

2047 3039 2164 3078 eam
2199 3023 2252 3077 in
2280 3021 2456 3078 locum
2486 3020 2816 3078 tabernaculi
2843 3021 3179 3076 admirabilis
3205 3039 3372 3094 usque
3405 3025 3516 3099 (45)
3548 3026 3617 3081 ad

2049 3115 2264 3168 domum
2318 3113 2434 3176 Dei,
2472 3113 2525 3167 in
2557 3128 2688 3168 voce
2738 3112 3139 3176 exsultationis,
3173 3123 3226 3168 et
3259 3115 3618 3172 confessionis

2049 3215 2215 3256 sonus
2249 3200 2586 3270 epulantum.
2625 3222 2642 3254 ι
2687 3200 2813 3255 Post
2857 3200 3071 3256 labores
3103 3201 3246 3256 enim
3278 3211 3333 3257 et
3363 3205 3622 3262 tentatio-

2051 3308 2150 3348 nes
2171 3307 2308 3362 quas
2329 3293 2383 3348 in
2412 3293 2571 3363 hujus
2594 3296 2718 3349 vitae
2747 3307 2929 3350 eremo
2951 3293 3478 3369 pertulerimusUl-t),
3501 3309 3620 3366 post

2053 3385 2340 3440 transitum
2366 3384 2538 3440 Rubri
2575 3387 2762 3452 maris,
2794 3394 2916 3456 post
2937 3382 3135 3440 ﬂuenta
3161 3384 3436 3454 Jordanis,
3471 3390 3514 3445 si
3541 3390 3621 3443 di--

2052 3477 2144 3548 gni
2197 3477 2461 3532 fuerimus
2509 3486 2708 3532 terram
2760 3475 3196 3546 repromissionis
3245 3478 3468 3545 intrare,
3497 3495 3618 3535 cum

2053 3569 2234 3624 lmtitia
2253 3579 2308 3625 et
2323 3568 2682 3624 exsultatione
2705 3570 3099 3638 perveniemus,
3123 3579 3409 3638 sequentes
3437 3585 3621 3625 sacer-

2053 3663 2207 3716 dotes
2251 3661 2462 3715 Domini
2500 3659 2700 3716 Christi
2751 3671 2806 3714 et
2843 3658 3142 3714 Salvatoris
3186 3661 3380 3726 nostri,
3409 3662 3494 3716 cui
3539 3671 3624 3718 est

2054 3753 2222 3822 gloria
2249 3761 2303 3806 et
2327 3759 2570 3822 potestas
2601 3749 2654 3804 in
2688 3749 2881 3814 saecula
2910 3747 3252 3804 saeculorum.
3283 3751 3479 3806 Amen.

2638 3840 2922 3897 HOMILIA
2957 3841 3024 3897 ν.

2057 3937 2132 3991 De
2160 3936 2364 3990 duabus
2405 3920 2464 3988 (ιέ
2493 3934 2644 3987 semis
2694 3931 2955 3991 tribubus.
2987 3948 3105 4002 quia
3145 3935 3464 3988 transierunt
3497 3935 3623 3989 Jor-

2124 4015 2330 4062 dnnem.
2369 4005 2435 4057 Et
2463 4005 2525 4057 de
2548 4002 2956 4072 Jeeu,quomo_do
2987 4004 3234 4056 exultavit
3282 4021 3399 4056 eum
3445 4007 3624 4059 Domi-

2126 4093 2222 4130 nus
2242 4077 2297 4130 in
2320 4083 2594 4142 conspectu
2618 4070 2848 4140 ﬁliorum
2873 4070 3062 4142 Israel.
3081 4071 3352 4137 Quomodo
3376 4075 3621 4142 populum

2126 4146 2454 4199 circumcidit
2489 4141 2672 4197 cultris
2704 4141 2920 4210 petrinis
2944 4145 3195 4197 secundo.

2129 4241 2179 4293 ι.
2237 4237 2313 4292 De
2359 4236 2426 4292 iis
2474 4234 2692 4304 quidem
2747 4234 2839 4303 qui
2904 4247 3056 4286 mare
3120 4234 3362 4288 Rubrum
3421 4244 3626 4290 trans-

2062 4328 2257 4393 ierunt,
2283 4327 2568 4400 Apostolus
2601 4325 2734 4380 dicit
2773 4326 2841 4391 °',
2872 4325 2996 4395 quia
3035 4341 3055 4375 ι
3111 4339 3298 4380 omnes
3349 4326 3400 4380 in
3462 4325 3626 4398 407

382 4428 508 4484 ideo
541 4433 830 4488 edocemur
874 4393 971 4504 per
1006 4393 1151 4490 istud
1181 4430 1523 4502 mysterium,
1555 4445 1622 4486 ne
1646 4393 1814 4483 actus
1853 4439 1954 4478 no-
1991 4393 2031 4447 θ
2059 4423 2243 4493 Moyse
2267 4393 2519 4491 baptizati
2555 4426 2681 4473 sunt
2717 4418 2772 4472 in
2817 4393 2962 4472 nube
3003 4425 3058 4472 et
3097 4417 3149 4470 in
3199 4417 3358 4475 mari.
3394 4436 3414 4471 ι
3440 4393 3517 4473 De
3532 4393 3627 4472 -ἰῖε

380 4531 527 4577 stros
568 4534 624 4579 et
669 4541 832 4596 Opera
883 4527 1110 4596 iustitia:
1155 4528 1207 4582 in
1258 4525 1554 4582 crastinum
1602 4521 1952 4582 diﬂeramus,

381 4619 478 4673 sed
513 4617 693 4686 hodie,
728 4620 781 4674 id
821 4630 901 4675 est
947 4622 1118 4677 donec
1163 4619 1415 4682 vivimus,
1444 4616 1619 4672 donec
1661 4614 1715 4667 in
1758 4611 1956 4666 mundo

1557 4707 1603 4740 ⁸⁸
1627 4706 1648 4765 1
1675 4706 1802 4762 Cor.
1826 4703 2003 4773 nt,l2.
2076 4703 2122 4734 ⁹⁰
2143 4700 2259 4757 Jos.
2284 4717 2367 4766 ιιι,
2393 4701 2480 4756 19.
2555 4701 2597 4732 ’ί
2624 4697 2768 4755 Psal.
2799 4715 2909 4765 cxx,
2943 4699 2998 4754 6.

452 4713 497 4745 ⁸⁷
521 4711 664 4767 Psal.
699 4727 890 4778 cxviu,
911 4713 1038 4768 105.
1107 4711 1280 4768 “los.
1309 4726 1390 4777 tu,
1416 4711 1472 4766 ι.

380 4783 430 4816 ’³
458 4782 480 4838 l
503 4783 630 4838 Cor.
663 4799 720 4847 ι.
746 4784 804 4838 2.

465 4879 576 4954 (59)
601 4878 888 4954 _S_angerm.
923 4897 942 4929 ι
979 4882 1200 4954 estanus
1235 4875 1386 4954 Libb.
1417 4873 1546 4929 editi
1572 4888 1589 4954 ε
1618 4873 1899 4954 χξιιιεὶεῑιξιἱ
1927 4889 1947 4922 ι

460 4942 572 5018 (57)
601 4942 754 5018 Mss;
810 4969 829 5001 ι
881 4958 942 5003 ιιι
984 4948 1087 5018 ipsi
1130 4946 1452 5002 illuminent.
1504 4964 1522 4994 ι
1571 4942 1726 4997 Libb.
1773 4942 1950 4996 editi:

385 5035 412 5075 c
450 5017 508 5073 et
539 5017 636 5083 ipsi
667 5017 990 5074 illuminant.
1006 5017 1038 5071 ι

459 5080 574 5157 (58)
609 5086 801 5153 Mss.,r
833 5090 974 5158 quod
1007 5088 1053 5142 si
1087 5087 1227 5143 forte
1252 5087 1452 5156 aliquis
1471 5102 1543 5141 ex
1568 5085 1692 5140 hoc.
1735 5102 1754 5135 ι
1789 5080 1952 5136 Libb.

385 5160 565 5233 edi_t_i_:_
604 5174 634 5233 ε
659 5160 801 5233 quod
837 5157 879 5233 si
908 5158 1046 5233 alius
1063 5157 1300 5233 forteex
1343 5161 1464 5214 hoc.
1494 5175 1530 5233 DA
1561 5226 1572 5233 Δ
1613 5225 1625 5233 _
1821 5221 1833 5233 .

461 5228 573 5303 (59)
602 5226 922 5303 _Libb._ed_iti
962 5246 1018 5282 τι
1052 5229 1277 5303 Quando
1314 5225 1628 5281 autetn?Ad
1665 5225 1953 5276 transitum

390 5297 667 5354 Jordanis.
706 5318 724 5351 ο
759 5299 864 5353 Sed
887 5314 1018 5353 mss.
1053 5309 1113 5353 ut
1149 5298 1202 5352 in
1231 5307 1414 5352 nostro
1442 5305 1613 5350 textu.

461 5367 772 5442 (49)_Lihb.
807 5372 935 5424 editi
969 5386 985 5422 :
1012 5387 1036 5442 ε
1067 5369 1438 5442 deprehendes
1472 5369 1536 5420 de
1567 5362 1718 5418 libris
1762 5362 1952 5442 singu-

387 5432 478 5497 lis.
517 5432 605 5494 Uti
635 5454 898 5512 ne_nunc.
943 5460 964 5492 ι
998 5432 1174 5512 Codex
1203 5438 1464 5512 Gemetic.
1497 5446 1552 5512 et
1577 5448 1714 5512 unus
1764 5432 1955 5512 ΕΙ)ιοί-

389 5512 610 5566 censis:
645 5527 674 5583 t_
704 5509 1100 5577 Deprehendes.
1138 5511 1194 5563 In
1245 5509 1439 5583 quibus
1483 5504 1710 5583 singulis
1756 5504 1842 5583 uti
1877 5516 1952 5583 ἠε

391 5598 554 5635 nunc.
591 5597 610 5628 ι
643 5571 1126 5650 δθιιέθινιηωιθιιείε
1162 5571 1284 5634 cum
1327 5578 1498 5634 altero
1535 5571 1845 5632 Ebroicensi
1875 5571 1952 5625 le-

393 5653 623 5708 ctionem
653 5659 832 5708 textus
856 5653 1023 5706 nostri
1052 5651 1289 5706 exhibet.

461 5719 574 5793 (41)
594 5734 614 5770 ί
633 5722 959 5780 Secundum.
982 5739 1002 5774 ι
1023 5721 1180 5779 Deest
1207 5721 1263 5778 in
1290 5720 1442 5779 libris
1475 5724 1632 5775 antea
1656 5714 1837 5785 editis,
1857 5717 1951 5772 sed

2062 4529 2192 4568 vero
2246 4512 2338 4583 qui
2391 4509 2681 4566 Jordanem
2745 4509 3079 4565 transierunt
3129 4509 3277 4580 (45),
3337 4525 3628 4580 possumus

2062 4610 2225 4662 etiam
2258 4621 2360 4662 nos
2393 4605 2556 4661 simili
2594 4604 2751 4660 modo
2779 4606 3148 4675 pronuntiare,
3175 4606 3302 4674 quia
3337 4620 3528 4660 omnes
3576 4606 3627 4658 in

3087 4701 3131 4731 θ’
3155 4699 3295 4754 Psal.
3334 4715 3470 4768 xui,
3492 4703 3546 4766 5,
3566 4700 3622 4755 4.

2064 4876 2334 4936 reperitur
2367 4885 2416 4920 in
2441 4868 2624 4921 codice
2655 4865 3018 4920 Gemeticensi
3047 4873 3101 4920 et
3141 4879 3250 4918 uno
3285 4863 3624 4921 Ebroicensi.

2133 4937 2248 5003 (42)
2283 4939 2566 5008 Sangertn.
2601 4956 2620 5008 ι
2661 4951 2886 5008 quaque
2910 4936 3187 5008 perfectio.
3235 4953 3256 4987 ›

2133 5009 2245 5079 (45)
2289 5005 2440 5062 Libb.
2481 5007 2608 5062 editi
2628 5025 2658 5079 _:
2709 5024 2727 5056 ι
2762 5007 2819 5079 in
2849 5007 2964 5060 loco
2991 5005 3324 5079 tabernaculi
3362 5019 3550 5079 usque.
3595 5024 3617 5057 ι

2062 5079 2190 5134 Mss.
2220 5074 2505 5146 Sangerm.
2537 5087 2590 5131 et
2615 5075 2876 5131 Gernetic.
2907 5085 2963 5130 ut
2989 5077 3042 5128 in
3070 5085 3456 5146 nostroitextt.
3483 5074 3627 5146 Pau-

2063 5152 2111 5202 lu
2129 5160 2248 5218 post
2283 5149 2443 5203 iidem
2476 5162 2610 5218 mss.
2634 5167 2651 5198 ι
2683 5162 2845 5203 sonus
2862 5147 3193 5217 epulantum.
3223 5163 3244 5198 ι
3264 5145 3424 5200 Libb.
3448 5145 3576 5199 editi
3603 5161 3620 5199 :

2065 5239 2084 5272 ι
2124 5217 2290 5274 sonus
2321 5217 2609 5286 epulantis.
2647 5235 2666 5268 ι

2131 5289 2242 5362 (44)
2276 5283 2430 5362 Libb.
2457 5287 2586 5362 editi
2618 5303 2633 5338 :
2675 5302 2872 5362 «quas
2894 5287 2945 5338 in
2978 5283 3139 5362 huius
3167 5285 3350 5362 mundi
3376 5296 3617 5362 eremo.»

2057 5361 2114 5416 lu
2139 5354 2332 5415 codice
2369 5357 2729 5412 Gemeticensi
2753 5354 2927 5410 'deest
2972 5375 2988 5406 ι
3030 5355 3209 5420 hujus,
3243 5374 3262 5406 ι
3304 5355 3356 5409 in
3389 5354 3625 5421 Sanger-

2052 5431 2300 5486 manensi
2330 5443 2426 5497 pro
2450 5446 2470 5478 ι
2501 5429 2741 5488 mundi,»
2776 5426 2968 5497 legitur
2994 5445 3011 5476 ι
3052 5426 3194 5478 vitae.
3228 5444 3248 5476 ι

2125 5500 2237 5572 (45)
2265 5494 2444 5572 Codex
2476 5495 2963 5572 Sangermanensis
2990 5509 3112 5547 cum
3145 5509 3252 5547 uno
3287 5494 3623 5572 Ebroicensi,

2063 5589 2083 5623 ι
2123 5565 2471 5623 transierunt.
2504 5587 2521 5618 ι
2551 5565 2705 5620 Libb.
2737 5567 2890 5630 editi,
2923 5584 2942 5618 ι
2979 5575 3278 5620 transeunt.
3313 5583 3332 5616 ι
3363 5565 3623 5617 Neutrum

2061 5643 2328 5711 reperitur
2360 5641 2414 5694 in
2446 5633 2825 5695 Genieticensi.
