4050 6148
476 239 580 296 δι’]

1958 232 2280 290 ORICENIS

3633 233 3736 286 8i8

473 355 602 414 Jesn
642 357 893 429 haptizati
949 362 1073 409 sunt
1114 355 1162 408 in
1205 351 1442 408 Iordane
1459 371 1478 407 -:
1518 353 1590 408 ita
1635 361 1696 408 ut
1742 367 1804 407 ea
1843 368 1965 424 qua:
2003 353 2054 406 in
2085 357 2131 412 Α
2162 351 2324 405 Vides
2355 365 2484 421 ergo
2532 348 2658 418 quia
2708 346 2905 401 Paulus
2950 347 3230 402 accinctos
3275 348 3422 402 novit
3472 363 3588 410 eos,
3647 349 3736 418 qui

473 447 711 505 Jordane
750 461 899 520 geSIa
935 445 1269 509 referuntur,
1320 445 1545 500 formam
1599 455 1816 500 teneant
1863 461 2051 500 sacra-

473 543 661 608 menti,
690 541 830 610 quod
864 555 961 608 per
1011 539 1336 606 baptismum
1387 538 1712 593 celebratur.
1748 538 1884 594 illud
1920 555 2049 596 vero

471 633 614 702 quod
645 631 902 699 scriptum
930 639 1014 684 est
1039 628 1085 661 ’⁸
1119 645 1133 682 :
1169 649 1187 681 ι
1222 629 1288 682 Ει
1315 627 1593 684 festinavit
1618 631 1846 699 populus
1876 641 2053 686 trans-

471 724 552 777 ire
590 722 700 792 (46)
733 721 1046 786 .Iordanem,
1079 729 1134 776 et
1169 719 1369 776 factum
1400 728 1483 774 est
1511 736 1634 776 cum
1667 723 2052 790 pertransisset

470 815 646 870 omnis
669 813 915 884 populus,
938 815 1154 868 transiit
1176 823 1231 869 et
1257 828 1384 867 arca
1409 815 1719 870 testamenti
1750 815 1983 882 Domini,
2025 837 2044 870 ι

472 921 578 961 non
611 906 739 960 mihi
768 906 940 960 otiose
985 905 1228 959 additum
1273 906 1488 962 videtur
1526 925 1554 961 a
1609 907 1812 977 Spiritu
1861 919 2051 964 sancto

468 999 610 1068 quod
641 999 780 1052 dixit
807 999 931 1068 quia
962 999 1238 1055 festinavit
1273 1002 1502 1072 papulus
1535 1005 1785 1058 transire.
1814 1003 1968 1060 Unde
1997 1014 2051 1060 et

467 1105 569 1158 ego
603 1090 860 1153 arbitror,
887 1091 1012 1159 quia
1049 1093 1208 1148 nobis
1232 1108 1450 1163 quoque
1479 1093 1824 1150 venientibus
1857 1097 1922 1148 ad
1956 1096 2051 1149 ha-

469 1179 727 1248 ptismum
773 1181 1098 1245 salutarem,
1152 1191 1207 1238 et
1247 1183 1667 1253 suscipientibus
1706 1196 2049 1242 sacramenta

473 1270 620 1323 verbi
676 1270 794 1333 Dei,
845 1287 950 1326 non
1013 1273 1186 1327 otiose
1243 1288 1340 1327 nec
1395 1273 1638 1344 segniter
1676 1290 1763 1330 res
1813 1277 2049 1346 gerenda

470 1372 551 1415 est
574 1363 705 1433 (47),
730 1363 824 1417 sed
848 1363 1214 1418 festinandum
1237 1375 1322 1420 est
1350 1373 1405 1418 et
1426 1366 1826 1435 perurgcndum
1855 1381 2051 1436 usque-

471 1473 578 1526 quo
611 1457 792 1511 omnia
829 1467 1187 1513 transeamus.
1220 1457 1481 1513 Transire
1524 1459 1668 1512 enim
1699 1459 1904 1522 omnia,
1945 1460 2048 1514 im-

471 1551 619 1618 plere
652 1559 733 1604 est
768 1550 951 1604 omnia
992 1566 1112 1620 qua:
1146 1553 1500 1606 mandantur.
1536 1551 1879 1607 Festinemus
1920 1567 2050 1623 ergo

471 1645 723 1707 transire,
779 1644 829 1697 id
879 1651 963 1698 est
1017 1644 1314 1713 adimplere
1369 1645 1543 1714 primo
1594 1645 1735 1714 quod
1787 1645 2047 1713 scriptum

2160 444 2434 511 praecincti
2468 450 2594 496 sunt
2641 439 2856 509 cingulo
2897 441 3163 494 veritatis.
3214 439 3381 508 lgitur
3421 442 3588 494 etiam
3640 457 3738 493 no-

2160 542 2331 588 strum
2363 549 2483 589 esse
2504 532 2772 601 cingulum
2792 533 2989 586 veritas
3006 534 3182 598 debet,
3213 535 3258 587 si
3288 543 3465 586 tamen
3491 548 3741 586 servave-

2159 629 2330 681 rimus
2382 627 2590 682 militia:
2649 628 2809 699 hujus
2857 640 2912 684 et
2959 627 3159 699 cinguli
3205 635 3634 682 sacramentum.
3681 625 3737 680 Si

2159 721 2306 774 enim
2338 720 2538 775 veritas
2568 730 2652 775 est
2689 721 2962 791 cingulum
2991 730 3241 776 nostrum
3283 733 3390 786 quo
3435 717 3502 771 ad
3536 716 3738 772 Christi

2159 813 2404 867 militiam
2453 814 2747 884 cingimur,
2775 816 2818 870 si
2845 812 3062 882 quando
3115 810 3309 865 falsum
3363 811 3656 878 loquimur,
3687 819 3742 863 ct

2159 907 2502 960 mendacium
2549 908 2614 960 de
2670 922 2766 961 ore
2817 913 3006 960 nostro
3057 904 3342 974 procedit,
3387 903 3740 972 discingimnr

2159 1013 2186 1048 a
2237 998 2424 1052 militia
2471 998 2715 1062 Christi,
2761 1006 2814 1052 ct
2862 997 3043 1052 balteo
3093 997 3340 1052 veritatis
3383 995 3737 1051 exsolvimur.

2160 1089 2297 1158 Ergo
2331 1089 2374 1143 si
2413 1089 2465 1143 in
2501 1090 2731 1145 veritate
2767 1103 2984 1152 sumus,
3033 1103 3220 1142 smnus
3264 1087 3429 1142 cincti
3467 1106 3481 1142 :
3520 1087 3564 1140 si
3613 1101 3741 1139 vero

2158 1181 2212 1234 in
2246 1179 2505 1246 falsitate,
2537 1181 2810 1236 discincti.
2835 1180 2942 1236 Sed
2968 1195 3067 1235 nos
3100 1181 3376 1235 imitemur
3404 1180 3581 1249 potius
3608 1179 3738 1232 istos

2158 1271 2517 1341 quadraginta
2550 1272 2716 1328 millia
2750 1275 2894 1331 viros
2925 1277 3202 1332 accinctos
3232 1274 3590 1344 procedentes
3623 1272 3733 1339 (5|)

2158 1363 2223 1417 ad
2257 1363 2454 1418 bellum
2487 1363 2539 1417 in
2577 1376 2865 1434 conspectu
2896 1368 3128 1432 Domini,
3161 1378 3216 1422 et
3245 1381 3462 1435 semper
3488 1365 3657 1419 simus
3683 1364 3734 1416 in

2158 1457 2385 1510 veritate
2424 1457 2713 1512 succincti.
2746 1457 2849 1512 Sed
2881 1475 2950 1514 ne
2990 1460 3119 1514 illud
3153 1459 3369 1529 quidem
3400 1459 3576 1512 otiose
3604 1471 3741 1527 prae-

2158 1555 2306 1600 tereo
2358 1547 2498 1614 quod
2549 1548 2699 1601 addit
2739 1549 3044 1616 Scriptura,
3091 1549 3216 1619 quia
3268 1547 3500 1602 accincti
3551 1559 3739 1614 proce-

2157 1637 2290 1691 dunt
2317 1636 2428 1708 (52)
2463 1638 2513 1691 in
2539 1650 2830 1708 conspectu
2863 1638 3095 1694 Domini.
3130 1639 3244 1694 Non
3279 1639 3423 1693 enim
3465 1635 3660 1690 sufﬁcit
3685 1645 3737 1691 te

469 1740 550 1784 est
585 1731 696 1802 (48)
727 1747 742 1785 :
778 1749 795 1782 ι
840 1731 993 1786 Beati
1027 1747 1290 1801 pauperes
1327 1733 1518 1802 spiritu
1543 1734 1624 1798 95;
1666 1749 1684 1781 ι
1712 1742 1770 1788 ut
1799 1734 2044 1804 deposita
2077 1729 2120 1782 Β
2151 1734 2294 1800 apud
2338 1733 2581 1787 homines
2615 1734 2786 1786 videri
2846 1747 3069 1786 servare
3114 1733 3420 1786 veritatem.
3472 1728 3739 1783 Possibile

467 1823 615 1878 omni
642 1823 974 1894 arrogantia,
998 1835 1054 1879 et
1079 1824 1278 1880 Christi
1309 1826 1618 1880 humilitate
1644 1837 1897 1897 suscepta
1926 1844 2050 1899 per-

468 1917 655 1972 venire
707 1919 778 1982 ,ad
837 1919 1226 1988 repromissam
1279 1919 1669 1975 beatitudinem
1717 1935 2045 1977 mereamur.

468 2010 576 2066 Sed
603 2019 657 2065 et
684 2026 808 2066 cum
843 2011 958 2066 haec
1000 2011 1425 2080 impleverimus,
1453 2026 1557 2067 non
1604 2011 1762 2067 nobis
1794 2015 2046 2068 standum

465 2112 547 2157 est
589 2118 766 2174 neque
801 2102 1148 2169 cessandum,
1183 2104 1278 2159 sed
1317 2103 1649 2158 transeunda
1681 2114 1807 2159 sunt
1847 2115 1902 2160 ct
1944 2121 2049 2162 cae-

467 2205 583 2250 tera
608 2211 727 2266 qua:
756 2205 1080 2265 sequuntur,
1108 2205 1168 2250 ut
1191 2196 1498 2252 esuriamus
1531 2205 1585 2252 et
1617 2197 2048 2267 sitiamusjusti-

467 2285 620 2342 tiam.
656 2277 1068 2341 Transeundum
1106 2286 1261 2340 nobis
1293 2297 1377 2342 est
1414 2289 1556 2356 quod
1601 2290 1868 2358 sequitur,
1899 2301 1958 2344 ut
1992 2293 2044 2346 in

470 2378 572 2430 hoc
595 2378 794 2432 mundo
817 2377 1120 2446 lugeamus.
1145 2379 1270 2433 Cito
1291 2379 1454 2434 etiam
1484 2381 1688 2450 reliqua
1717 2386 2044 2440 transeunda

469 2477 616 2534 sunt,
652 2479 712 2523 ut
750 2471 1011 2524 mansueti
1051 2469 1367 2535 efﬁciamur,
1391 2483 1446 2526 et
1481 2482 1540 2528 ut
1585 2477 1794 2544 paciﬁci
1827 2492 2047 2532 manea-

469 2577 609 2628 mus,
637 2573 691 2616 ut
725 2579 822 2633 per
856 2563 958 2619 hoc
983 2564 1075 2618 ﬁlii
1099 2566 1194 2620 Dei
1219 2566 1399 2621 vocari
1436 2567 1726 2636 possimus.
1759 2568 2048 2626 Festinan-

466 2655 590 2707 dum
618 2669 831 2724 quoqne
855 2656 1010 2712 nobis
1034 2668 1137 2722 est,
1169 2668 1228 2712 ut
1251 2660 1686 2728 persecutionum
1719 2661 2046 2733 (49)tempus

465 2745 668 2799 virtute
693 2748 966 2814 patientiae
1000 2757 1364 2804 transeamus.
1397 2750 1644 2820 Cumque
1675 2753 1792 2809 haec
1834 2756 2044 2825 singula

465 2849 584 2900 quae
613 2835 678 2888 ad
713 2836 931 2891 virtutis
976 2836 1202 2907 gloriam
1236 2850 1500 2907 spectant,
1533 2857 1639 2896 non
1681 2846 1918 2912 segniter
1947 2863 2047 2902 nec

468 2927 713 2990 remisse,
737 2929 828 2982 sed
866 2945 988 2982 cum
1021 2929 1164 2984 omni
1198 2931 1451 2986 instantia
1495 2945 1550 2988 et
1599 2935 1880 2992 celeritate
1916 2955 2046 2994 eon-

463 3018 810 3086 quisierimus
845 3018 979 3090 (50),
1015 3021 1117 3075 hoc
1153 3022 1282 3076 mihi
1318 3027 1528 3078 videtur
1577 3042 1698 3082 csse
1736 3043 1858 3083 cum
1892 3030 2044 3086 festi-

467 3111 683 3164 natione
715 3113 949 3167 transire
977 3112 1291 3170 Jordanem.
1317 3117 1449 3172 Cum
1485 3135 1616 3174 vero
1646 3125 2043 3192 transierimus,

464 3212 519 3255 et
544 3203 792 3257 obtinere
821 3205 1157 3273 potuerimus
1188 3221 1304 3277 qua:
1332 3210 1578 3266 obtinere
1612 3212 1896 3284 debemus,
1927 3234 2046 3272 rur-

463 3307 583 3348 sum
618 3296 771 3350 nobis
799 3296 1089 3365 diligentia:
1136 3309 1191 3354 et
1245 3301 1469 3356 cautelae
1503 3317 1631 3358 cura
1679 3309 1941 3374 succedit,
1981 3325 2047 3365 ne

465 3387 604 3442 forte
639 3387 998 3460 negligentins
1038 3390 1369 3460 incedentes,
1401 3395 1696 3467 improviso
1742 3400 1924 3469 aliquo
1967 3402 2045 3456 la-

466 3496 564 3547 psu
599 3480 943 3536 effundantur
979 3499 1198 3553 gressus
1245 3487 1453 3553 nostri,
1510 3490 1652 3545 sicut
1688 3501 1744 3546 et
1777 3492 2042 3563 Propheta

467 3573 667 3628 dicit’6
702 3592 715 3628 :
750 3594 768 3627 ι
805 3573 1154 3633 Paulominus
1197 3580 1350 3636 effusi
1415 3592 1544 3637 sunt
1591 3599 1811 3652 gressus
1854 3591 1979 3642 mei.
2019 3608 2038 3640 ι

466 3661 575 3718 Nec
629 3666 907 3722 remissior
957 3670 1113 3723 nobis
1157 3669 1466 3724 sollicitudo
1514 3671 1566 3726 in
1615 3679 2040 3743 conservandis,

463 3771 625 3823 quam
659 3757 713 3810 in
746 3759 1133 3828 conquirendis
1159 3761 1318 3816 debet
1343 3778 1466 3818 esse
1497 3764 1810 3826 virtutibus.

532 3847 586 3902 2.
616 3847 698 3901 An
733 3865 836 3904 non
867 3851 979 3907 haec
1019 3853 1115 3907 tibi
1143 3857 1415 3926 designari
1445 3856 1696 3912 videntur
1723 3860 1776 3914 in
1810 3875 1874 3915 eo
1898 3865 2041 3931 quod

463 3939 660 3995 dicitur
687 3941 754 4009 θ’,
782 3945 906 4012 quia
938 3964 956 3996 ‹
999 3949 1354 4017 quadraginta
1389 3949 1557 4004 millia
1589 3952 1825 4008 virorum
1859 3955 2042 4010 accin-

463 4033 556 4095 rti,
603 4051 623 4085 ι
660 4035 742 4088 vel
774 4053 792 4086 ‹
829 4039 1060 4106 expediti
1094 4041 1428 4096 transierunt
1460 4044 1526 4096 ad
1553 4059 1788 4114 pugnam
1823 4047 1878 4102 in
1909 4063 2039 4103 con-

464 4136 650 4190 spectu
674 4126 884 4182 Domini
906 4132 973 4183 ad
1000 4134 1408 4200 expugnandam
1431 4132 1651 4190 Jericho
1674 4137 1984 4194 civitatem?
2011 4159 2031 4193 ›

464 4219 822 4288 llequiramus
847 4212 940 4294 qui
970 4225 1060 4280 isti
1107 4238 1255 4296 sunt,
1285 4244 1424 4298 quos
1470 4229 1752 4294 Scriptura
1778 4233 1908 4287 dicit
1947 4249 2038 4289 ac-

460 4310 670 4368 cinctos
703 4313 788 4366 vel
835 4316 1137 4383 expeditos.
1186 4316 1298 4388 Ego
1339 4335 1404 4372 ex
1453 4317 1658 4388 meipso
1706 4337 2039 4390 praesumere

2150 1839 2385 1895 namque
2406 1835 2487 1880 est
2519 1825 2708 1879 fallere
2750 1826 3017 1889 homines,
3041 1834 3094 1879 et
3137 1837 3384 1878 veraceni
3419 1821 3612 1884 videri,
3643 1821 3734 1874 sed

2153 1933 2261 1973 non
2292 1933 2359 1972 ex
2387 1932 2452 1971 eo
2487 1917 2540 1970 in
2570 1917 2801 1970 veritate
2831 1916 3142 1970 succinctus
3183 1930 3261 1979 es,
3309 1913 3412 1968 nisi
3441 1921 3494 1967 ct
3519 1913 3572 1965 in
3607 1927 3734 1966 con-

2150 2021 2337 2081 spectu
2393 2009 2608 2064 Domini
2657 2011 2964 2065 servaveris
3019 2009 3327 2071 veritatem,
3377 2007 3428 2059 id
3474 2015 3578 2070 est,
3625 2020 3731 2058 non

2149 2106 2325 2161 solum
2362 2121 2481 2174 quae
2507 2120 2642 2160 voce
2676 2105 2921 2160 homines
2956 2107 3204 2170 audiunt,
3229 2104 3321 2158 sed
3355 2111 3411 2156 et
3439 2115 3498 2154 ea
3530 2116 3650 2170 qua:
3676 2099 3728 2152 in

2148 2200 2316 2254 corde
2342 2200 2599 2267 perspicit
2626 2199 2792 2262 Deus,
2827 2206 2884 2252 ut
2913 2198 3046 2253 nihil
3077 2199 3146 2254 sit
3185 2198 3236 2252 in
3267 2195 3432 2251 corde
3466 2194 3728 2260 fucatum,

2152 2293 2452 2347 secundum
2499 2294 2642 2362 quod
2675 2291 2942 2362 Propheta
2975 2291 3102 2346 dicit
3135 2298 3200 2345 de
3241 2289 3436 2344 talibus
3457 2290 3542 2342 9°;
3576 2307 3594 2339 ‹
3631 2287 3729 2354 Qui

2147 2384 2440 2455 loquuntur
2493 2401 2679 2454 pacem
2729 2402 2852 2441 cum
2905 2386 3150 2454 proximo
3187 2400 3304 2444 suo,
3354 2382 3494 2437 mala
3547 2391 3723 2435 autem

2147 2485 2272 2532 sunt
2300 2477 2351 2531 in
2385 2478 2642 2533 cordibus
2664 2494 2872 2533 eorum.
2911 2497 2931 2529 ι
2959 2479 3176 2547 Absque
3204 2477 3288 2531 his
3315 2491 3444 2545 ergo
3478 2475 3727 2528 omnibus

2147 2585 2268 2624 esse
2300 2568 2462 2624 debet
2485 2571 2575 2639 qui
2612 2570 2725 2624 vult
2769 2571 3050 2626 accinctus
3099 2569 3152 2623 in
3187 2573 3478 2636 conspectu
3519 2564 3726 2620 Domini

2147 2663 2441 2732 procedere
2486 2664 2551 2717 ad
2596 2663 3010 2734 expugnandam
3061 2661 3313 2726 Jericho,
3369 2660 3496 2728 quia
3547 2669 3726 2712 trans-

2151 2763 2340 2809 euntes
2372 2753 2664 2810 Iordanem
2697 2754 2919 2809 ﬂuvium
2951 2756 3016 2806 ad
3051 2768 3261 2824 pugnas
3289 2763 3338 2807 et
3383 2751 3521 2806 bella
3555 2761 3729 2804 trans-

2149 2847 2312 2903 imus.
2344 2847 2442 2903 Vis
2472 2849 2914 2903 iterum’discere
2945 2863 3064 2914 quae
3103 2863 3201 2900 nos
3249 2860 3440 2916 pugna:
3482 2854 3605 2913 post
3638 2844 3727 2898 ba-

2147 2941 2426 3008 ptismum,
2467 2956 2586 3009 qua:
2618 2940 2758 2994 bella
2799 2938 3134 3009 suscipiunt?
3161 2937 3277 2991 Noli
3322 2953 3350 2989 a
3384 2952 3488 2995 me.
3535 2937 3627 2990 sed
3663 2935 3726 2989 ab

2151 3032 2266 3100 ipso
2296 3046 2481 3086 rursus
2509 3031 2658 3086 disce
2706 3031 2944 3099 apostolo
2993 3029 3179 3093 Paulo,
3213 3030 3328 3098 ipse
3362 3037 3414 3082 te
3454 3028 3616 3082 docet
3645 3027 3726 3080 dio

2150 3138 2280 3177 cens
2304 3125 2320 3154 ¹
2356 3144 2366 3177 :
2403 3143 2422 3175 ι
2461 3124 2574 3179 Non
2605 3125 2747 3179 enim
2787 3123 2941 3178 nobis
2972 3139 3149 3193 pugna
3198 3131 3280 3176 est
3318 3121 3580 3177 adversus
3611 3137 3726 3176 car-

2149 3231 2272 3270 nem
2301 3226 2355 3272 et
2393 3218 2734 3286 sanguinem,
2766 3215 2860 3269 sed
2889 3216 3148 3269 adversus
3178 3213 3516 3284 principatus
3553 3224 3608 3268 et
3637 3215 3726 3268 ad-

2148 3325 2336 3364 versus
2376 3319 2693 3378 potestates,
2744 3311 3004 3362 adversus
3051 3305 3207 3375 hujus
3255 3306 3436 3360 mundi
3485 3317 3726 3362 rectores

2150 3401 2495 3455 tenebrarum
2533 3402 2748 3464 harum,
2778 3403 3034 3455 adversus
3078 3399 3340 3468 spiritalia
3387 3399 3641 3468 nequitia:
3673 3401 3724 3454 in

2147 3493 2476 3552 caelestibus.
2509 3513 2528 3546 ι
2551 3494 2760 3548 Forma:
2783 3503 2904 3548 sunt
2927 3502 2982 3546 et
3009 3493 3192 3561 ﬁgura:
3212 3508 3332 3563 quae
3353 3493 3556 3562 scripta
3581 3504 3720 3548 sunt.

2146 3587 2223 3642 Ita
2259 3587 2404 3642 enim
2440 3581 2576 3641 dicit
2602 3585 2894 3654 Apostolus
2919 3587 2939 3616 ²
2972 3599 2989 3638 :
3020 3605 3038 3636 ι
3074 3583 3200 3640 Haec
3244 3585 3388 3638 enim
3447 3586 3630 3638 omnia
3671 3585 3719 3636 in

2147 3681 2322 3753 ﬁgura
2365 3680 2754 3750 contingebant
2805 3679 2945 3733 illis:
2974 3679 3178 3748 scripta
3217 3689 3342 3732 sunt
3381 3689 3561 3734 autem
3599 3693 3718 3746 pro-

2144 3785 2262 3843 pter
2305 3790 2404 3828 nos
2456 3774 2589 3841 (53),
2645 3773 2697 3828 in
2741 3789 2878 3844 quos
2934 3773 3069 3828 ﬁncs
3113 3773 3430 3828 saeculorum
3497 3775 3721 3830 devenc~

2146 3879 2291 3920 runt.
2340 3885 2357 3918 ι
2392 3866 2448 3919 Si
2476 3881 2604 3935 ergo
2635 3875 2856 3934 propter
2890 3880 2986 3919 nos
3031 3865 3232 3933 scripta
3279 3876 3428 3929 sunt,
3457 3880 3557 3936 age
3596 3865 3718 3935 quid

2143 3960 2364 4015 cessas?
2403 3959 2674 4014 Exeamus
2701 3958 2766 4011 ad
2803 3957 3024 4022 bellum,
3055 3967 3113 4010 ut
3139 3966 3475 4027 expugnetur
3504 3974 3534 4011 a
3569 3959 3716 4012 nobis

2142 4052 2336 4107 civitas
2365 4052 2526 4121 hujus
2557 4051 2742 4105 mundi
2769 4049 2985 4104 malitia:
3013 4048 3149 4120 (54),
3178 4059 3234 4101 ιιι
3265 4050 3468 4118 peccati
3495 4050 3718 4119 superba

2143 4145 2342 4199 muenia
2381 4144 2747 4200 destruantur.
2781 4141 3165 4210 Circumspicis
3197 4142 3333 4196 forte
3361 4157 3471 4210 quo
3503 4143 3600 4196 tibi
3630 4142 3715 4195 iti-

2142 4251 2272 4290 nere
2303 4235 2754 4306 progrediendum
2789 4235 2880 4297 sit,
2904 4234 2995 4304 qui
3030 4249 3251 4303 campus
3280 4234 3596 4288 certaminis
3626 4249 3717 4288 ex-

2141 4329 2424 4398 petendus.
2455 4327 2662 4380 Novum
2699 4325 2794 4380 tibi
2817 4325 3052 4380 fortasse
3073 4325 3343 4380 videbitur
3371 4325 3519 4394 quod
3549 4326 3716 4380 dictu-

465 4405 667 4473 aliquid
702 4417 760 4460 et
803 4410 1155 4477 pronuntiare
1201 4426 1306 4466 non
1357 4413 1551 4468 audeo.
1581 4415 1825 4480 Apostoli
1865 4419 2036 4486 magis
2067 4429 2112 4485 ι)
2141 4436 2232 4474 rus
2259 4436 2397 4486 sum,
2429 4420 2521 4475 sed
2558 4430 2736 4473 tamen
2772 4435 2959 4474 verum
3003 4429 3107 4484 est,
3148 4431 3343 4488 praeter
3377 4419 3713 4490 temetipsum

465 4493 658 4550 litteris
686 4497 978 4554 doceamur
1022 4500 1074 4553 in
1111 4499 1331 4556 'talibus.
1374 4503 1476 4570 Qui
1519 4513 1646 4560 sunt
1679 4506 1769 4560 isti
1807 4507 2036 4564 accincti

465 4586 627 4643 Paulo
655 4603 960 4659 exponente
989 4594 1279 4649 discamus.
1317 4597 1455 4650 Audi
1489 4598 1602 4666 ipse
1627 4599 1758 4669 quid
1786 4601 1919 4655 dicit
1944 4601 1990 4632 ⁹⁸
2016 4619 2030 4656 :

469 4700 485 4730 ι
529 4683 710 4740 Estote
740 4701 869 4756 ergo
899 4688 1125 4742 accincti
1156 4689 1370 4744 lumbos
1399 4700 1607 4746 vestros
1634 4693 1688 4746 in
1721 4695 1970 4750 veritate.
1994 4700 2028 4747 ἰ

531 4800 704 4859 "Jos.
729 4820 802 4868 tv,
826 4808 912 4871 10,
941 4808 1026 4861 Η.
1103 4809 1148 4840 ⁸⁸
1171 4809 1356 4863 Matth.
1379 4823 1432 4872 ν,
1461 4808 1515 4862 5.

463 4871 480 4902 ¹
514 4872 708 4940 Ephes.
757 4892 830 4940 νι,
884 4878 970 4933 12.
1063 4882 1082 4912 ³
1112 4878 1132 4932 ι
1167 4880 1290 4934 Cor.
1323 4894 1378 4941 x,
1412 4871 1501 4934 11.

510 5036 520 5046 ⁸
531 4965 644 5046 ((6)
672 4966 1063 5046 Gemeticensis
1084 4981 1140 5046 et
1159 4988 1297 5026 unus
1318 4972 1684 5036 Ebroicensis,
1705 4991 1723 5024 ι
1752 4976 2031 5032 transire.»

466 5033 615 5089 Liitb.
656 5041 807 5106 editi,
847 5061 866 5093 ι
897 5044 1211 5098 ettrnnsiit.
1251 5061 1269 5094 ι

533 5108 645 5176 (47)
687 5108 784 5164 Res
822 5115 1048 5181 gerenda
1077 5123 1174 5167 eu.
1210 5111 1361 5168 Unus
1389 5113 1749 5184 Ebroicensis,
1787 5132 1806 5164 ε
1838 5130 2034 5184 geren-

461 5177 597 5250 dum
610 5188 690 5233 est
708 5197 755 5248 ς»
778 5177 914 5238 alter
927 5184 1266 5239 Ebroicensis
1286 5199 1407 5239 cum
1425 5183 1804 5250 Gemeticensi,
1828 5177 2036 5242 (trans-

461 5249 694 5304 eundum
721 5264 820 5308 est.
855 5273 874 5306 ι

502 5318 643 5398 ,(48)
684 5321 865 5379 Codex
897 5323 1287 5398 Gemeticensis
1322 5342 1336 5380 :
1371 5345 1390 5379 ο
1431 5325 1688 5381 Transire
1736 5340 1866 5396 ergo
1911 5340 2032 5380 om-

461 5395 551 5470 nia
584 5407 702 5470 qua:
751 5397 1077 5470 mandantur
1107 5395 1451 5470 festinemus.
1497 5398 1636 5467 Ergo
1674 5395 1905 5452 transire
1951 5407 2032 5451 est

459 5460 756 5538 adimplere
770 5466 955 5538 _prim_o
981 5466 1119 5534 quod
1149 5469 1408 5538 scriptum
1441 5478 1544 5526 est.
1571 5460 1601 5519 ἲ

528 5527 851 5656 ἓζῗὼίέἓρξχ
903 5527 1209 5606 Saiigerm.,
1252 5527 1277 5590 ἱ
1319 5549 1547 5608 tempus.
1603 5558 1620 5591 ι
1668 5536 1823 5593 Libh.
1877 5537 2028 5604 editi,

461 5615 484 5650 ι
528 5615 760 5670 pondus.
800 5624 820 5657 ι

529 5673 643 5745 (50)
677 5675 859 5733 Codex
907 5674 1292 5736 Gcmeticensis
1343 5695 1463 5736 cum
1511 5696 1616 5739 uno
1665 5681 2025 5744 Ebroicensi.

1592 4810 1639 4842 "
1659 4810 1800 4867 Psal.
1828 4814 2092 4880 t.xxnr,2.
2169 4817 2213 4848 "’
2241 4814 2354 4870 Jos.
2377 4831 2450 4880 tv,
2481 4814 2564 4869 15.

2147 4512 2490 4566 extrinsecus
2514 4512 2648 4566 nihil
2673 4511 2938 4582 requiras.
2959 4511 3103 4565 lntra
3132 4523 3184 4566 te
3203 4522 3286 4566 est
3307 4511 3550 4580 praelium
3578 4513 3714 4582 quod

2140 4615 2393 4676 gesturus
2447 4621 2546 4660 es:
2580 4603 2906 4659 intrinsecus
2952 4614 3036 4660 est
3080 4603 3220 4657 mala
3254 4604 3558 4669 tediﬁcatio,
3600 4618 3714 4672 qua:

2141 4699 2446 4754 subruenda
2478 4709 2562 4752 est
2587 4713 2601 4751 :
2636 4698 2809 4753 hostis
2837 4709 2961 4755 tuus
3003 4698 3068 4754 de
3095 4707 3187 4753 tuo
3213 4697 3378 4770 408
3403 4700 3566 4752 corde
3590 4712 3712 4767 pro-

2624 4816 2670 4846 "
2699 4814 2900 4884 Ephes.
2929 4828 3006 4879 vr,
3037 4813 3124 4868 M.
3200 4814 3243 4845 ’⁸
3271 4811 3413 4867 Psal.
3438 4828 3610 4880 xxvii,
3656 4813 3708 4867 5.

2147 4997 2166 5030 ι
2205 4978 2676 5046 conquisierimus.
2727 4997 2746 5030 ι
2799 4977 2958 5032 Libb.
3007 4976 3158 5038 editi,
3191 4995 3211 5027 ς
3259 4978 3646 5044 conquirimus.
3687 4995 3705 5026 ι

2211 5047 2322 5118 (5t)
2371 5047 2523 5104 Lihb.
2577 5048 2730 5108 editi,
2765 5067 2782 5098 ι
2817 5050 3060 5102 virorum
3117 5047 3486 5101 accinetorum
3527 5060 3707 5116 proce-

2139 5119 2405 5176 dentium.
2440 5137 2457 5168 ι
2488 5119 2581 5173 sed
2615 5135 2743 5174 mss.
2778 5131 2838 5172 ut
2869 5120 2922 5172 in
2943 5127 3130 5173 nostro
3158 5126 3332 5170 textu.

2209 5189 2319 5260 (5‘2)
2357 5187 2678 5244 Procedunt.
2711 5191 2871 5260 Deest
2920 5192 2971 5241 in
3026 5187 3178 5260 libris
3223 5186 3594 5260 antea_iedit_is,
3621 5186 3707 5260 sed

2138 5257 2404 5329 reperitur
2442 5261 2493 5314 in
2529 5260 2713 5315 codice
2755 5258 3114 5315 Gemeticensi
3145 5266 3199 5329 et
3228 5271 3337 5329 uno
3368 5257 3706 5312 Ebroicensi.

2209 5327 2319 5403 (53)
2350 5331 2568 5400 Propter
2595 5348 2709 5386 nor.
2744 5333 2925 5386 Codex
2951 5327 3360 5393 Gemeticensis,
3387 5345 3408 5380 ι
3438 5330 3503 5381 ad
3531 5341 3702 5383 corre-

2139 5403 2378 5469 ptionem
2413 5412 2672 5456 nostram.
2714 5421 2733 5453 ι

2210 5472 2320 5541 (54)
2351 5472 2506 5526 Libh.
2537 5472 2665 5526 editi
2695 5490 2708 5525 :
2739 5489 2757 5522 ι
2792 5468 2864 5541 Ut
2897 5477 3240 5541 oppugnetur
3276 5483 3308 5541 a7
3335 5466 3492 5522 nobis
3519 5468 3701 5522 civitas

2136 5538 2309 5611 prima
2342 5543 2499 5611 hujus
2537 5542 2716 5595 mundi
2764 5538 2986 5597 malitia.
3020 5538 3247 5598 {Codex
3277 5538 3699 5610 Sangermanen-

2137 5614 2214 5670 eis
2250 5623 2307 5668 ut
2335 5615 2390 5669 in
2415 5627 2600 5671 nosrro
2636 5621 2804 5668 textu.
