4050 6148
383 287 492 342 849

1391 288 1460 343 1Ν
1511 287 1770 344 LIBRUM
1803 285 1968 343 JESU
1996 284 2181 344 NAVE
2208 288 2490 344 HOMILIA
2523 290 2583 346 V.

3537 301 3641 357 850

383 403 549 456 cedit.
575 401 690 457 Non
739 419 853 459 mea
883 378 983 460 vox
1013 407 1132 474 ista,
1169 409 1262 464 sed
1292 409 1494 467 Christi
1519 423 1621 470 est.
1655 414 1792 470 Audi
1825 415 1968 470 enim
1999 413 2044 469 A
2070 413 2196 482 quia
2243 414 2335 473 ille
2369 417 2458 487 qui
2514 417 2565 470 in
2610 415 2727 486 lege
2770 416 3015 473 eruditus
3061 427 3166 484 est,
3192 426 3246 476 et
3293 435 3390 490 per
3424 421 3640 493 Moysen

385 496 558 564 ipsum
589 497 857 552 dicentem
894 500 914 531 ³
941 515 958 553 :
991 519 1009 552 ι
1034 501 1110 554 De
1137 503 1298 558 corde
1323 505 1468 559 enim
1492 511 1789 578 procedunt
1825 513 1972 582 cogi-

384 590 622 645 tationes
655 591 826 656 malua,
856 593 1185 676 homicidia,
1240 599 1526 665 adulteria,
1560 601 1966 673 fornicationes,

383 677 554 748 furta,
587 680 720 736 falsa
772 686 1105 754 testimonia,
1133 688 1504 760 blasphemia.
1545 713 1563 746 ι
1601 693 1763 753 Vides
1795 715 1968 767 quan—

363 779 473 823 ‘tus
497 779 552 824 et
582 773 756 841 qualis
783 778 1058 832 exercitus
1084 781 1322 836 hostium
1355 792 1570 841 tuorum
1595 789 1880 846 adversum
1916 801 1969 847 te

385 865 450 918 de
478 875 570 919 tuo
593 869 760 923 corde
791 872 1069 938 procedit?
1102 873 1192 928 lsti
1226 877 1382 932 nobis
1413 881 1586 948 prima
1631 891 1810 954 strage
1841 884 1967 940 furi-

383 955 546 1010 dcndi
577 962 844 1026 sunt,.isti
893 963 1064 1033 prima
1098 967 1214 1021 acie
1257 975 1656 1036 prosternendi.
1689 973 1892 1030 llorum
1921 978 1967 1032 si

383 1051 650 1106 subruere
678 1059 875 1111 muenia
930 1060 1182 1132 ipsosque
1204 1068 1270 1120 ad
1306 1068 1728 1124 internecionem
1758 1074 1966 1128 cmdere

380 1145 704 1212 poterimus,
733 1149 806 1203 ita
834 1161 891 1206 ut
915 1169 1020 1208 non
1053 1157 1423 1228 relinquamus
1452 1179 1516 1216 ex
1543 1165 1622 1218 eis
1649 1165 1739 1234 qui
1770 1180 1966 1221 renun-

382 1237 482 1289 tiet
508 1239 590 1291 vel
620 1242 868 1310 respiret,
902 1245 948 1298 si
981 1243 1090 1314 jam
1135 1249 1313 1304 nullus
1337 1267 1403 1306 ex
1434 1253 1498 1308 iis
1523 1269 1748 1322 prorsus
1790 1257 1841 1311 in
1871 1272 1968 1310 no-

382 1329 513 1382 stris
540 1332 959 1401 cogitationibus
1002 1339 1275 1398 redivivus
1327 1346 1590 1414 eruperit,
1633 1356 1761 1403 tunc
1809 1350 1965 1407 nobis

386 1435 483 1488 per
509 1420 692 1477 Jesum
736 1427 957 1483 dabitur
995 1432 1086 1486 illa
1112 1435 1346 1503 requies,
1381 1447 1440 1492 ut
1478 1443 1848 1512 unusquisque
1881 1460 1966 1500 re-

379 1513 629 1582 quiescat
668 1520 768 1574 sub
814 1521 972 1578 vinea
1013 1540 1108 1580 sna
1147 1537 1200 1582 et
1249 1529 1348 1584 sub
1395 1532 1502 1588 ﬁcu
1543 1549 1660 1603 sua,
1686 1551 1810 1590 cum
1849 1538 1962 1608 jam

383 1622 489 1660 non
537 1609 608 1664 sit
653 1612 742 1680 qui
783 1625 1059 1673 exterreat
1099 1619 1237 1676 ﬁlios
1266 1624 1455 1680 Israel.

453 1700 507 1755 5.
539 1703 924 1764 Verumtamen
958 1719 1245 1769 transeunt
1276 1715 1567 1775 Jordanem
1602 1725 1960 1796 quadraginta
1993 1759 2038 1816 Β

463 1793 545 1816 ηε,
764 1815 769 1816 γ
1047 1813 1056 1816 -
1368 1811 1377 1816 .
1482 1813 1493 1816 -
1553 1813 1563 1816 -

380 1793 550 1849 millia
593 1797 834 1854 virorum
885 1813 1219 1860 armatorum
1264 1811 1496 1866 accincti
1551 1813 1604 1867 in
1666 1793 1960 1886 conspectu

381 1885 596 1942 Domini
644 1891 710 1944 ad
758 1893 977 1962 bellum,
1019 1907 1073 1952 et
1116 1907 1246 1956 tunc
1292 1903 1423 1958 dicit
1465 1904 1745 1977 Scriptura
1770 1885 1814 1977 ‘,
1837 1914 1961 1982 quia

389 1997 410 2030 ‹
447 1981 499 2034 in
532 1982 617 2036 die
641 1983 726 2038 illa
766 1989 1024 2044 exaltavit
1057 1991 1317 2050 Dominus
1359 1995 1542 2054 Jesum
1581 2000 1634 2056 in
1668 1981 1964 2074 conspectu

387 2075 554 2129 totius
578 2079 790 2146 generis
817 2081 1052 2138 ﬁliorum
1093 2082 1296 2143 Israel?
1328 2109 1346 2141 ›
1374 2091 1559 2147 Fuerit
1605 2095 1820 2163 quidem
1857 2100 1961 2155 ista

381 2167 496 2239 (55)
528 2171 785 2227 exaltatio
825 2174 937 2230 ﬁlio
966 2177 1130 2244 Nave,
1172 2190 1231 2236 ut
1271 2181 1374 2236 dux
1410 2186 1589 2254 populi
1641 2188 1780 2245 illius
1821 2193 1961 2260 apud

379 2280 478 2320 eos
529 2283 664 2335 quos
717 2273 958 2339 regebat,
1011 2277 1335 2346 magniﬁcus
1384 2280 1728 2338 haberetur:
1778 2295 1962 2342 noster

383 2374 514 2414 vero
537 2359 696 2417 Jesus
723 2362 981 2422 Dominus
1011 2383 1184 2435 meus,
1219 2370 1326 2425 dux
1357 2380 1410 2427 et
1435 2381 1617 2430 rector
1645 2376 1826 2445 populi
1862 2378 1962 2432 hu-

370 2451 486 2520 jus.
523 2457 790 2524 quomodo
813 2459 1083 2514 exaltatur
1109 2461 1161 2516 in
1207 2473 1496 2533 conspectu
1528 2468 1704 2523 omnis
1745 2470 1960 2539 generis

387 2547 618 2602 ﬁliorum
663 2549 846 2612 lsrael,
880 2552 1180 2608 videamus.
1226 2554 1337 2626 Ego
1385 2556 1624 2611 arbitror
1671 2561 1795 2629 quia
1847 2562 1961 2630 ipse

380 2652 596 2706 semper
622 2642 762 2709 apud
795 2641 1010 2698 Patrem
1038 2646 1306 2703 exaltatus
1335 2655 1420 2702 est
1458 2655 1512 2701 et
1551 2652 1820 2707 excelsus.
1853 2652 1958 2708 Sed

380 2731 486 2784 hoc
519 2746 655 2799 opus
682 2743 781 2797 est,
809 2744 867 2789 ut
915 2736 969 2790 in
1010 2750 1299 2809 conspectu
1342 2751 1527 2800 nostro
1571 2747 1771 2800 exaltet
1809 2746 1957 2801 illum

380 2821 546 2876 Deus.
575 2822 856 2879 Exaltatnr
877 2835 1054 2882 autem
1096 2829 1147 2882 in
1179 2843 1468 2901 conspectu
1500 2849 1641 2902 meo,
1676 2851 1796 2890 cum
1827 2837 1958 2891 mihi

379 2916 688 2971 sublimitas
746 2927 800 2973 et
857 2919 1124 2975 celsitudo
1179 2921 1475 2980 divinitatis
1532 2925 1648 2993 ejus
1699 2928 1956 2996 aperitur.

383 3007 613 3071 Quando
643 3023 770 3076 ergo
810 3010 940 3064 mihi
974 3010 1187 3067 excelsa
1224 3011 1338 3082 ejus
1375 3014 1486 3087 (56)
1515 3017 1767 3074 divinitas
1808 3034 1961 3075 reve-

2071 507 2292 563 edoctus
2341 508 2536 578 abjecit
2584 509 2907 564 idololatrite
2950 525 3185 575 errores,
3235 511 3640 569 simulacrorum

2071 599 2508 666 superstitionem
2535 601 2848 671 cultumque
2872 601 3139 671 deposuit.
3160 600 3285 658 llzec
3308 612 3391 659 est
3412 604 3644 660 circum-

2069 689 2203 745 cisio
2235 692 2405 760 prima
2439 707 2535 762 per
2576 693 2768 764 legem.
2814 693 2872 748 Si
2901 709 3029 750 vero
3073 695 3118 749 is
3159 696 3343 751 veniat
3381 711 3411 751 a
3442 697 3558 767 lege
3590 710 3647 753 et

2069 783 2345 852 prophetis
2377 785 2444 839 ad
2471 787 2834 856 evangelicam
2864 787 3046 853 ﬁdem,
3077 797 3205 844 tunc
3255 791 3449 860 accipit
3477 792 3640 845 etiam

2069 876 2362 930 secundam
2425 877 2896 935 circumcisionem
2953 896 3049 950 per
3102 891 3310 952 petram
3343 924 3358 948 ,
3410 886 3500 954 qui
3558 895 3643 941 est

2068 967 2337 1037 Christus,
2367 978 2422 1024 et
2455 971 2754 1041 completur
2786 973 2890 1029 hoc
2914 975 3058 1042 quod
3103 975 3238 1030 dixit
3279 976 3539 1033 Dominus
3573 978 3642 1033 ad

2066 1057 2250 1114 Jesnm
2272 1061 2293 1092 ⁷
2325 1079 2338 1114 :
2370 1080 2388 1114 ι
2421 1061 2590 1116 Hodie
2617 1063 2814 1119 abstuli
2843 1066 3192 1136 opprobrium
3226 1068 3438 1140 [Egypti
3462 1088 3489 1126 a
3521 1071 3644 1129 ﬁliis

2069 1146 2251 1202 Israel.
2292 1167 2310 1200 ι
2344 1149 2496 1205 Sicut
2533 1164 2710 1207 autem
2749 1153 2884 1208 dixit
2910 1156 3285 1224 Apostolus“:
3327 1179 3343 1210 ι
3379 1160 3644 1218 Dibebant

2065 1248 2247 1294 autem
2275 1241 2341 1296 de
2381 1243 2612 1312 Spiritali
2664 1247 2908 1315 sequenti
2959 1262 3054 1302 eos
3095 1260 3272 1317 petra,
3317 1260 3468 1321 petra
3512 1269 3641 1308 vero

2065 1343 2184 1388 erat
2211 1335 2498 1391 Christus:
2535 1356 2554 1390 ι
2586 1338 2659 1392 ita
2695 1339 2856 1393 etiam
2890 1355 2991 1396 nos
3035 1343 3086 1395 in
3137 1343 3238 1398 hoc
3269 1343 3387 1400 loco
3423 1359 3640 1416 compeo

2067 1434 2242 1480 tenter
2268 1441 2554 1495 possumus
2593 1430 2774 1485 dicere
2802 1453 2814 1486 :
2844 1431 3163 1490 Circumcisi
3199 1446 3324 1490 sunt
3357 1445 3536 1492 autem
3573 1438 3642 1494 de

2064 1518 2293 1586 spiritali
2340 1521 2586 1589 sequenti
2630 1531 2806 1592 petra,
2855 1532 3005 1590 petra
3036 1539 3166 1582 vero
3215 1535 3335 1581 erat
3367 1525 3637 1586 Christus.

2063 1609 2177 1666 Nisi
2209 1611 2350 1666 enim
2379 1611 2501 1683 quis
2532 1612 2696 1668 fuerit
2722 1630 2818 1686 per
2857 1617 3205 1688 Evangelium
3253 1619 3490 1676 secunda
3532 1619 3642 1674 cir-

2065 1705 2394 1761 cumcisione
2421 1718 2698 1776 purgatus,
2731 1725 2836 1764 non
2873 1719 3048 1779 potest
3087 1711 3438 1782 opprobrium
3464 1711 3639 1783 Egy-

2064 1795 2163 1867 pti,
2208 1799 2261 1852 id
2298 1805 2400 1864 est,
2437 1798 2717 1855 illecebras
2759 1801 3121 1872 corporalium
3166 1802 3435 1872 deponere
3481 1805 3640 1859 vitio-

2065 1904 2209 1944 rnm.

2134 1984 2187 2039 6.
2218 1984 2504 2041 Videamus
2528 1995 2704 2041 tamen
2728 1988 2884 2054 quale
2911 1988 2984 2042 sit
3011 1987 3114 2044 hoc
3138 1987 3311 2058 ipsum
3335 1989 3476 2059 quod
3506 1989 3639 2045 dici-

2061 2086 2170 2142 tur,
2196 2077 2320 2146 quia
2353 2095 2372 2130 t
2401 2077 2562 2134 hodie
2592 2078 2790 2134 abstuli
2817 2080 3164 2149 opprobrium
3193 2097 3222 2136 a
3250 2082 3374 2139 ﬁliis
3399 2082 3580 2139 lsrael.
3611 2101 3633 2136 ι

2062 2171 2263 2229 Omnes
2312 2174 2558 2228 homines
2615 2175 2828 2229 etiamsi
2859 2190 2925 2230 ex
2976 2175 3092 2246 lege
3137 2177 3379 2243 veniant,
3425 2177 3637 2232 etiamsi

2062 2282 2157 2338 per
2183 2267 2401 2338 Moysen
2448 2267 2642 2322 eruditi
2674 2269 2802 2335 sint,
2837 2269 3041 2324 habent
3073 2277 3248 2324 tamen
3285 2270 3635 2341 upprobrium

2061 2357 2274 2429 Egypti
2307 2359 2358 2413 in
2386 2360 2688 2430 semetipsis
2714 2359 2848 2431 (60),
2883 2362 3228 2432 opprobrium
3266 2371 3636 2432 peccatorum.

2061 2449 2192 2517 Quis
2222 2451 2326 2506 erit
2351 2453 2543 2507 similis
2569 2451 2736 2508 Paulo
2766 2453 2928 2508 etiam
2972 2454 3262 2509 secundum
3285 2454 3419 2522 legis
3446 2455 3635 2510 obser-

2060 2545 2332 2598 vantiam?
2353 2545 2487 2598 Audi
2515 2545 2752 2615 denique
2785 2546 2958 2616 ipsum
2987 2548 3252 2602 dicentem
3279 2548 3300 2581 ⁹
3329 2566 3342 2603 :
3376 2567 3396 2601 ‹
3432 2547 3638 2604 Secun-

2061 2637 2185 2689 dum
2226 2636 2492 2706 justitiam
2541 2652 2660 2706 qua:
2704 2639 2756 2692 in
2804 2637 2924 2708 lege
2971 2648 3074 2702 est,
3125 2649 3475 2696 conversatus
3518 2642 3636 2698 sine

2060 2728 2300 2794 querela.
2338 2746 2357 2778 ι
2395 2727 2513 2797 Ipse
2566 2739 2748 2783 tamen
2788 2727 2898 2802 (61)
2934 2731 3245 2800 pronuntiat
3279 2741 3332 2786 et
3368 2732 3496 2786 dicit
3535 2733 3581 2764 ¹⁶
3616 2751 3630 2786 :

2066 2837 2085 2869 ι
2121 2818 2344 2874 Fuimus
2371 2821 2514 2874 enim
2542 2828 2596 2875 et
2628 2836 2726 2875 nos
2761 2821 3048 2890 aliquando
3090 2823 3424 2892 insipientes,
3452 2824 3631 2880 incre-

2061 2910 2194 2976 duli,
2223 2920 2488 2976 errantes,
2524 2913 2822 2968 servientes
2851 2911 2962 2984 (62)
2995 2913 3279 2969 desideriis
3303 2924 3356 2968 et
3389 2916 3633 2987 volupta-

2063 3003 2206 3060 tibus
2238 3004 2424 3069 variis,
2453 3004 2506 3057 in
2540 3004 2744 3058 malitia
2779 3013 2834 3058 et
2868 3004 3090 3072 invidia,
3139 3005 3400 3072 odibiles,
3449 3009 3636 3064 odieu-

383 3094 494 3148 lata
530 3096 648 3150 est?
690 3107 815 3152 tunc
850 3099 1100 3168 profecto
1150 3117 1274 3156 cum
1321 3101 1613 3160 Iordanem
1651 3109 1956 3172 transirem,

2066 3106 2145 3155 tes
2200 3098 2454 3152 invicem.
2505 3117 2524 3150 ι
2573 3096 2686 3152 Non
2733 3097 2826 3151 tibi
2880 3097 3133 3151 videntur
3179 3097 3292 3152 haec
3343 3101 3635 3169 Opprohria

383 3195 440 3240 et
464 3187 629 3243 variis
657 3200 1124 3246 sacramentorum
1179 3196 1530 3252 munimentis
1557 3197 1737 3253 futura
1782 3215 1962 3254 arma-

384 3291 480 3330 rer
510 3279 575 3331 ad
609 3280 812 3346 praelia.

457 3375 509 3428 4.
549 3395 566 3427 ι
603 3376 670 3430 Ει
704 3377 1019 3446 timuerunt,
1067 3379 1243 3450 inquit
1268 3381 1310 3446 ⁸,
1337 3381 1542 3449 Jesum,
1578 3384 1720 3439 sicut
1770 3385 1965 3441 timue-

385 3477 510 3521 rant
543 3466 780 3538 Moysen.
824 3487 842 3520 ι
877 3468 1067 3526 Omnis
1098 3473 1186 3540 qui
1220 3473 1318 3527 sub
1353 3473 1468 3543 lege
1493 3483 1594 3539 est,
1626 3477 1780 3531 timet
1816 3476 1961 3549 Moyc

385 3571 482 3610 sen
516 3574 532 3612 :
562 3573 682 3610 cum
725 3573 854 3612 vero
901 3560 968 3613 ad
1014 3559 1356 3630 Evangelinm
1397 3578 1464 3618 ex
1503 3564 1619 3635 lege
1663 3568 1958 3634 transierit,

387 3656 593 3700 mutata
626 3647 968 3702 observantia
1004 3659 1244 3704 mutatur
1273 3660 1326 3707 et
1349 3655 1527 3722 timor,
1557 3656 1700 3712 sicut
1729 3659 1962 3728 Aposto-

386 3737 472 3792 lus
499 3739 672 3793 dicit‘
702 3756 716 3793 :
751 3759 768 3790 ι
799 3740 908 3810 Ego
955 3753 1134 3796 autem
1178 3757 1274 3811 per
1330 3743 1522 3814 legem,
1566 3746 1666 3816 legi
1720 3761 1963 3805 mortuus

385 3847 531 3898 sum,
588 3841 646 3885 ut
701 3833 808 3887 Deo
855 3833 1053 3899 vivam,
1109 3849 1228 3888 cum
1279 3835 1493 3892 Christo
1551 3839 1798 3896 conﬁxus
1843 3858 1960 3898 sum

385 3926 537 3980 cruci
575 3925 709 3995 (57).
747 3925 882 3981 Vivo
913 3936 1090 3982 autem
1114 3925 1224 3991 jam
1257 3943 1360 3982 non
1405 3944 1524 4000 ego,
1567 3929 1696 3986 vivit
1732 3947 1862 3988 vero
1909 3935 1962 3988 in

387 4032 476 4070 me
503 4016 774 4071 Christus.
807 4037 826 4070 ι

457 4110 510 4164 5.
547 4109 678 4165 Post
711 4111 824 4166 haec
859 4111 1081 4181 jubetur
1108 4111 1250 4166 ﬁlius
1283 4110 1429 4166 Nave
1459 4112 1638 4169 facere
1668 4117 1867 4172 cultros
1896 4134 1963 4174 ex

386 4213 565 4272 petra,
597 4212 650 4258 et
675 4203 871 4258 sedens
903 4204 1294 4259 circumcidere
1332 4204 1478 4280 ﬁlios
1508 4206 1672 4261 Israel
1703 4212 1961 4266 secundo.

386 4297 594 4353 Vellem
638 4313 736 4367 ego
769 4297 882 4368 (58)
929 4298 981 4352 in
1037 4298 1141 4352 hoc
1190 4299 1306 4354 loco
1358 4303 1669 4369 percontari
1718 4303 1960 4370 Judaeos,

385 4392 656 4461 quomodo
681 4400 854 4460 potest
871 4393 994 4460 quis
1011 4392 1242 4445 secundo
1262 4391 1372 4462 (59)
1395 4393 1705 4448 circumcidi
1733 4396 1963 4451 circum-

2063 3203 2202 3252 esse,
2229 3199 2286 3244 et
2320 3187 2610 3257 opprobria
2643 3186 2906 3258 Egypti?
2938 3187 3042 3242 Sed
3073 3202 3136 3242 ex
3172 3203 3279 3257 quo
3305 3189 3452 3243 venit
3477 3190 3638 3245 Chri-

2062 3291 2199 3346 stus,
2239 3289 2294 3335 et
2320 3281 2467 3336 dedit
2517 3279 2669 3334 nobis
2715 3280 3002 3333 secundam
3047 3279 3513 3336 circumcisionem
3542 3297 3637 3350 per

2063 3373 2388 3444 baptismum
2435 3370 2883 3442 regenerationis,
2918 3379 2974 3425 et
3005 3371 3251 3440 purgavit
3295 3372 3505 3426 animas
3541 3389 3636 3427 no-

2063 3475 2227 3532 stras,
2261 3464 2562 3533 abjecimus
2606 3465 2721 3520 haec
2761 3463 2966 3527 omnia,
2999 3471 3052 3515 et
3087 3477 3185 3531 pro
3230 3462 3295 3516 iis
3343 3466 3638 3535 assumpsi-

2064 3573 2184 3614 mus
2228 3560 2570 3614 conscientia:
2611 3559 2765 3613 bonae
2805 3555 3237 3626 astipulationem
3283 3557 3337 3610 in
3388 3558 3633 3612 Domino.

2065 3651 2217 3706 Tunc
2262 3667 2358 3722 per
2407 3651 2698 3706 secundam
2755 3647 3226 3704 circumcisionem
3277 3649 3454 3704 ablata
3511 3662 3638 3705 sunt

2064 3746 2220 3801 nobis
2249 3744 2536 3814 opprobria
2569 3741 2809 3813 Egypti,
2843 3749 2899 3794 et
2933 3747 3160 3809 purgata
3201 3750 3328 3796 sunt
3354 3742 3484 3796 vitia
3511 3758 3638 3812 pee-

2064 3845 2328 3893 catorum.
2363 3837 2532 3891 Nemo
2557 3851 2686 3905 ergo
2714 3836 2756 3888 si
2787 3836 2993 3902 integre
3022 3850 3318 3891 conversus
3344 3843 3448 3902 est,
3481 3836 3528 3890 si
3569 3852 3636 3890 ex

2063 3929 2228 3983 corde
2255 3927 2529 3996 paenituit,
2560 3926 2604 3979 si
2649 3923 2874 3978 ﬁdeliter
2912 3921 3165 3980 Iordanis
3196 3923 3397 3980 ﬂuenta
3431 3927 3637 3996 digres-

2063 4035 2156 4075 sus
2181 4029 2286 4084 est,
2328 4018 2372 4072 si
2425 4019 2663 4072 secunda
2713 4031 2808 4085 per
2834 4017 3178 4087 Evangelium
3225 4021 3637 4076 circumcisione

2065 4123 2319 4183 purgatus
2342 4120 2446 4176 est,
2490 4111 2886 4182 praeteritorum
2936 4120 3138 4166 metuat
3174 4113 3467 4182 epprobria
3503 4115 3636 4168 deli-

2062 4215 2296 4259 ctorum.
2338 4203 2504 4258 Audis
2531 4203 2656 4272 quia
2689 4203 2849 4258 hodie
2887 4203 3110 4259 abstulit
3137 4205 3250 4277 (65)
3277 4222 3305 4259 a
3348 4215 3398 4261 te
3434 4222 3635 4276 uppro-

2065 4295 2241 4351 brium
2270 4294 2515 4364 ngypti.
2559 4293 2671 4348 lloc
2701 4304 2754 4348 et
2781 4293 2832 4347 in
2863 4293 3167 4362 Evangeliis
3212 4297 3483 4366 signiﬁcat
3530 4297 3638 4352 Do-

2066 4387 2244 4441 minus
2277 4402 2397 4441 cum
2451 4385 2582 4439 dicit
2609 4386 2696 4438 “z
2738 4403 2758 4436 ι
2797 4384 3044 4440 Remissa
3093 4396 3221 4440 sunt
3266 4389 3358 4443 tibi
3411 4399 3634 4458 peccata

386 4485 591 4539 cisione
627 4483 850 4536 carnali.
896 4482 1073 4536 Semel
1098 4483 1241 4536 enim
1271 4483 1623 4540 circumcisus
1651 4487 1775 4556 quis
1820 4488 1955 4542 ultra

2068 4487 2177 4545 tua,
2202 4479 2294 4534 sed
2333 4479 2442 4548 jam
2475 4478 2579 4532 nuli
2616 4492 2860 4546 peccare,
2887 4493 2955 4533 ne
2996 4481 3126 4549 quid
3164 4481 3399 4536 deterius
3431 4481 3522 4536 tibi
3547 4497 3637 4536 ae-

388 4591 494 4630 non
547 4576 713 4630 habet
759 4577 902 4642 quod
940 4575 1178 4628 secundo
1219 4576 1391 4643 possit
1446 4576 1673 4632 auferri.
1727 4580 1768 4632 A
1803 4581 1958 4635 nobis

384 4683 516 4722 vero
537 4668 730 4736 quibus
755 4667 953 4720 dicitur
972 4668 1096 4733 quia
1129 4667 1212 4720 lex
1242 4666 1501 4735 spiritalis
1529 4675 1631 4732 est,
1657 4670 1777 4724 vide
1799 4687 1956 4740 quam

383 4756 545 4825 digne
570 4767 624 4810 et
655 4755 1042 4810 convenienter
1069 4756 1170 4809 ista
1209 4755 1504 4812 solvantur.
1553 4759 1792 4814 Dicimus
1815 4763 1956 4815 enim

457 4893 686 4946 'Matth.
715 4909 802 4956 xv,
832 4894 920 4948 l9.
995 4893 1148 4950 ‘Jos.
1174 4911 1249 4959 tv,
1279 4895 1362 4962 H,
1439 4897 1461 4929 ³
1491 4895 1602 4952 Jos.
1631 4913 1706 4961 IV,
1730 4899 1816 4953 14.

363 4964 440 5029 ,6.
519 4965 564 4997 ¹⁰
597 4965 702 5018 'l‘it.
735 4980 819 5028 tu,
851 4965 904 5020 5.
979 4965 1018 4996 ¹¹
1061 4965 1192 5020 Luc.
1231 4983 1326 5033 vn,
1379 4967 1469 5033 49,
1503 4976 1560 5022 et
1603 4968 1758 5024 Joan.
1795 4985 1846 5035 v,
1879 4970 1966 5037 14,

458 5082 570 5153 (55)
603 5081 737 5137 Ista.
775 5082 934 5138 Deest
962 5083 1013 5138 in
1045 5084 1174 5141 libb.
1210 5095 1367 5142 antea
1399 5089 1579 5156 editis,
1603 5091 1697 5144 sed
1725 5091 1962 5144 restitui-

387 5163 477 5207 tur
509 5168 540 5205 e
573 5169 702 5206 ιιιεε.

459 5222 571 5294 (56)
606 5221 761 5294 Ejus.
796 5225 950 5279 Deest
980 5228 1142 5280 etiam
1177 5228 1230 5281 in
1265 5227 1392 5280 libb.
1419 5228 1599 5292 editis,
1623 5232 1714 5285 sed
1736 5230 1966 5283 habetur

386 5295 438 5348 in
472 5293 624 5347 'mSS.
672 5293 838 5348 Paulo
871 5307 992 5361 post
1038 5311 1192 5360 mss.,
1219 5318 1236 5350 ι
1259 5297 1548 5352 Jordanem
1593 5300 1902 5355 transirem.
1938 5319 1958 5352 ι

385 5363 541 5418 Libb.
570 5364 722 5430 editi,
754 5383 772 5416 ι
799 5365 1088 5420 Iordanem
1128 5369 1452 5422 transierim.
1495 5387 1513 5420 ι

453 5432 759 5506 65111158..
791 5456 810 5487 ι
852 5438 1096 5492 conlisus
1151 5454 1270 5493 sum
1319 5439 1486 5493 cruci.
1531 5457 1550 5490 ι
1591 5437 1745 5494 Libb.
1801 5439 1958 5506 editi,

388 5521 411 5556 ς
449 5503 739 5557 cruciﬁxus
765 5522 902 5560 sunt.
955 5526 972 5557 ι

456 5573 570 5643 (58)
608 5572 799 5652 Vel/en}
834 5578 1220 5652 ego,‘etc._Sic
1268 5581 1470 5635 habent
1515 5579 1671 5652 codd.
1726 5581 1958 5652 Sanger-

391 5644 664 5696 maueusis
687 5653 739 5698 et
759 5644 1147 5703 Gemeticensis
1171 5663 1292 5703 cum
1317 5668 1422 5706 uno
1447 5649 1781 5706 Ebroicensi.
1802 5644 1956 5707 L'i'hh.

389 5713 518 5766 editi
550 5731 563 5766 :
594 5732 612 5763 ι
649 5714 814 5771 Velim
854 5735 983 5784 ergo
1030 5723 1080 5774 in
1133 5722 1234 5775 hoc
1277 5721 1395 5776 loco
1448 5723 1751 5786 percontari
1794 5740 1822 5777 a
1862 5723 1958 5778 Ju-

2064 4573 2225 4627 cidat.
2253 4591 2271 4623 ι
2298 4571 2355 4625 Si
2384 4571 2525 4624 enim
2554 4581 2675 4638 post
2708 4572 3080 4627 remissionem
3121 4585 3464 4643 peccatorum
3498 4576 3634 4629 ultra

2067 4680 2171 4718 non
2203 4677 2415 4733 pecces,
2438 4677 2567 4716 vere
2592 4663 2827 4717 ablatum
2851 4673 2933 4718 est
2966 4680 2994 4718 a
3025 4675 3076 4720 te
3104 4667 3448 4735 opprobrium
3474 4666 3638 4738 Aigy-

2067 4757 2163 4828 pti.
2191 4757 2246 4812 Si
2273 4770 2402 4809 vero
2436 4756 2630 4809 iterum
2677 4757 3007 4825 peccaveris,
3035 4757 3229 4812 iterum
3272 4759 3325 4812 in
3363 4769 3416 4814 te
3452 4771 3635 4814 vetera

1896 4899 1916 4930 ⁸
1943 4899 2126 4966 Gal.n,
2163 4897 2249 4962 19,
2283 4895 2371 4951 9.0.
2443 4893 2463 4925 ⁷
2487 4893 2600 4949 Jos.
2640 4910 2690 4959 v,
2735 4893 2788 4948 9.
2867 4894 2886 4925 ⁸
2915 4893 2931 4947 l
2961 4893 3084 4949 Cor.
3124 4911 3178 4964 x,
3209 4895 3263 4949 4.
3338 4894 3518 4950 ⁹Ρ1ι11.
3549 4911 3633 4952 ιιι.

2067 5090 2216 5145 dmis.
2262 5109 2280 5141 ι

2138 5161 2249 5231 (59)
2277 5160 2457 5215 Codex
2500 5157 2909 5231 Gcmeticensis,
2948 5175 2967 5208 ‹
3001 5157 3313 5213 circumcidi
3361 5158 3453 5226 qui
3495 5158 3634 5212 ultra

2068 5225 2175 5285 non
2215 5230 2397 5292 habet,
2433 5248 2452 5280 ι
2483 5225 2590 5281 et'c.
2629 5287 2632 5290 ,

2138 5301 2248 5378 (60)
2281 5299 2627 5378 Qpprobrium
2655 5296 2874 5378 /E_ggjpti
2913 5300 3315 5378 in_semetipsis_.
3360 5295 3487 5352 Hatc
3517 5311 3630 5378 “tte-

2065 5367 2190 5424 suut
2219 5367 2270 5424 in
2303 5367 2456 5424 libris
2486 5379 2641 5422 antea
2673 5367 2851 5433 editis,
2899 5371 2993 5424 sed
3036 5379 3255 5425 exstant
3298 5371 3350 5422 in
3383 5369 3635 5424 omnibus

2065 5457 2194 5495 IIISS.

2280 5508 2431 5586 hlss._.
2471 5528 2490 5560 ‹
2523 5517 2722 5586 tamen.
2755 5528 2773 5561 ι
2990 5509 3140 5586 editi,
3173 5527 3192 5557 ‹
3227 5517 3430 5586 autem.
3468 5525 3487 5558 ι

2137 5576 2246 5650 (621)
2276 5580 2587 5634 Serviemes.
2627 5580 2783 5634 Deest
2818 5580 2870 5632 in
2912 5579 3065 5634 libris
3107 5587 3266 5632 antea
3307 5577 3487 5641 editis,
3536 5576 3629 5629 sed

2065 5651 2371 5721 liabetttr_in
2401 5650 2648 5721 omnibus
2675 5665 2805 5703 IIISS.
2965 5717 3019 5721 _‘
3110 5719 3120 5721 _
3259 5717 3270 5721 Α
3401 5714 3411 5721 _
3527 5711 3556 5721 η

2138 5719 2247 5783 (65)
2273 5717 2658 5775 Gemeticensis
2684 5733 2804 5773 cum
2834 5732 2939 5773 uno
2964 5717 3294 5782 Ebroicensi,
3324 5731 3342 5764 ι
3365 5711 3578 5766 absulli.
3609 5731 3627 5761 ι
