4050 6148
507 289 604 348 851

1980 281 2299 342 ORIGENIS

3627 273 3745 330 ’832

507 405 857 460 revolvuntur
889 403 1002 474 (64)
1029 404 1322 472 opprobria
1359 405 1425 468 ιε,
1465 419 1533 459 eo
1559 405 1731 476 magis
1778 419 1884 473 quo
1912 402 2078 457 multo
2105 408 2154 462 Α
2181 416 2287 471 que
2321 406 2493 455 mater
2517 409 2598 455 est
2630 400 2917 472 Egyptus,
2946 413 3009 452 ex
3056 409 3160 466 qua
3214 401 3418 449 certum
3446 397 3530 446 est
3553 389 3747 457 hujus-

508 495 730 565 majoris
781 494 1023 549 criminis
1052 501 1136 547 est
1191 493 1387 547 Filium
1451 494 1544 548 Dei
1605 493 1966 556 conculcare,
2025 499 2081 546 et

507 589 822 657 sanguinem
857 586 1166 640 testamenti
1207 585 1468 654 pollutum
1494 586 1607 657 (65)
1634 587 1869 649 ducere,
1912 600 2075 654 quam

506 680 676 748 legem
724 677 921 749 Moysis
950 677 1244 747 negligere.
1296 677 1461 734 Multo
1517 678 1659 733 enim
1714 678 1936 748 majoris
1985 691 2078 746 op-

504 769 708 841 probrii
753 778 856 833 est,
904 768 996 838 qui
1046 777 1168 837 post
1209 769 1590 840 Evangelium,
1637 784 1798 840 quam
1840 769 1927 825 ille
1983 770 2075 838 qui

504 861 607 917 sub
673 861 790 931 lege
851 861 1060 931 positus
1133 861 1470 928 fornicatur,
1535 863 1659 933 quia
1717 862 1822 918 iste
1885 864 2076 919 tollens

503 953 668 1024 5,09
697 953 936 1007 membra
963 951 1188 1020 Christi,
1219 953 1348 1008 facit
1378 969 1440 1009 ea
1466 953 1710 1010 membra
1742 955 2068 1010 meretricis.

505 1043 670 1100 Vides
692 1062 824 1115 ergo
849 1063 1012 1116 quam
1046 1048 1296 1114 graviora
1332 1058 1390 1102 et
1419 1049 1777 1105 cumulatiora
1811 1050 1863 1103 in
1899 1057 1953 1103 te
1977 1065 2075 1118 op-

502 1136 745 1208 probria,
804 1140 848 1192 si
899 1138 1222 1209 neglexeris,
1268 1140 1639 1196 revolvantur.
1682 1139 1920 1211 Denique
1957 1141 2069 1210 jam

503 1244 666 1284 nemo
700 1239 751 1284 te
792 1244 942 1284 reum
987 1231 1157 1299 stupri
1188 1230 1386 1300 arguit,
1419 1229 1518 1286 sed
1541 1231 1815 1302 sacrilegii
1865 1231 2072 1286 scelere

503 1322 852 1383 condemnat.
881 1322 1005 1390 quia
1043 1323 1244 1377 dicitur
1275 1323 1342 1378 ad
1370 1323 1482 1377 te"
1505 1344 1520 1378 :
1545 1341 1564 1374 1
1601 1323 1679 1377 Αη
1703 1324 1924 1380 nescitis
1945 1324 2068 1394 quia

503 1427 733 1481 corpora
770 1423 944 1468 vestra
995 1412 1255 1483 templum
1284 1413 1377 1468 Dei
1417 1415 1584 1468 sunt?
1631 1415 1685 1470 Si
1721 1415 1844 1483 quis
1888 1425 2068 1470 autem

504 1505 764 1573 templum
814 1503 908 1556 Dei
953 1504 1258 1570 violaverit,
1315 1505 1588 1575 disperdet
1649 1506 1796 1560 illum
1829 1507 1990 1562 Deus.
2037 1526 2055 1557 1

505 1593 631 1649 Haec
661 1595 877 1649 etiamsi
913 1596 1060 1664 prius
1111 1597 1422 1666 ignorabas,
1465 1612 1610 1652 nunc
1661 1607 1839 1655 tamen
1871 1616 1935 1656 ex
1963 1615 2069 1664 auo

505 1690 560 1736 tu
587 1685 812 1739 auribus
842 1685 953 1740 tuis
981 1686 1083 1740 ista
1110 1691 1280 1742 verba
1329 1689 1606 1754 dicuntur,
1639 1700 1692 1744 et
1720 1691 1774 1744 in
1800 1706 1896 1746 cor
1918 1700 2066 1746 tuum

503 1774 876 1842 hujuscemodi
909 1778 1153 1832 doctrina
1181 1778 1597 1844 transfunditur,
1620 1783 1757 1836 scito
1778 1790 1832 1836 te
1861 1783 1945 1837 his
1972 1799 2070 1837 au-

2183 492 2326 546 modi
2375 492 2664 561 approbria
2723 490 3040 560 pullulare:
3079 503 3199 558 qua!
3255 487 3301 542 si
3361 487 3588 540 transito
3633 482 3743 550 iam

2179 582 2414 638 Iordane
2455 583 2783 652 susceperis,
2817 593 2871 637 et
2903 582 2969 637 iis
3001 591 3052 635 te
3098 595 3291 635 rursus
3336 577 3544 646 laqueis
3569 576 3744 642 illiga-

2179 678 2341 740 veris,
2393 687 2566 732 tecum
2597 676 2714 728 sine
2755 672 2918 727 dubio
2951 670 3240 741 opprobria
3269 667 3490 739 Egypti
3544 667 3739 720 trahis.

2181 767 2285 823 Sed
2313 768 2356 822 si
2384 768 2603 836 quando
2637 776 2687 821 te
2717 763 2842 818 talis
2880 763 3167 817 curiositas
3213 758 3522 829 interpellat
3571 765 3627 809 et
3675 757 3743 807 de

2178 862 2340 915 corde
2373 869 2470 914 tuo
2521 857 2833 929 hujusmodi
2875 857 3052 911 hostis
3089 853 3360 921 erumpit,
3399 851 3486 906 dic
3505 851 3577 916 ei,
3611 850 3742 920 quia

2175 953 2358 1008 Jesum
2387 955 2577 1007 ducem
2632 966 2853 1022 sequor,
2901 951 2955 1004 in
2987 949 3140 1017 cujus
3168 954 3438 1018 potestate
3466 955 3592 1021 sunt
3619 961 3741 1015 qua:

2177 1045 2356 1099 futura
2403 1054 2550 1100 sunt.
2597 1044 2734 1111 Quid
2791 1043 2921 1098 mihi
2975 1044 3118 1098 scire
3171 1056 3291 1110 qua:
3336 1039 3516 1094 futura
3563 1049 3688 1092 sunt
3716 1039 3741 1091 ?

2174 1140 2518 1206 Qumeunque
2568 1135 2657 1192 ille
2703 1135 2840 1200 vult,
2877 1123 2994 1190 haec
3041 1134 3221 1189 futura
3254 1140 3401 1188 sunt.
3459 1132 3585 1187 Ideo
3610 1148 3739 1200 ergo

2174 1240 2234 1286 ut
2273 1231 2326 1284 in
2383 1230 2539 1285 nobis
2563 1243 2692 1283 vere
2739 1227 2973 1282 secunda
3008 1225 3353 1281 circumcisio
3378 1225 3736 1294 compleatur,

2174 1339 2270 1393 per
2291 1337 2452 1392 quam
2475 1330 2658 1376 vetera
2693 1319 2913 1390 Egypti
2960 1318 3255 1387 opprobria
3286 1316 3637 1385 deponamus,
3671 1316 3739 1370 ab

2175 1415 2260 1470 his
2306 1413 2560 1468 omnibus
2596 1410 2864 1482 segregati
2916 1423 3142 1477 prorsus
3192 1421 3314 1463 esse
3345 1407 3625 1472 debemus,
3678 1417 3738 1460 ut

2173 1505 2445 1574 purificati
2481 1518 2712 1572 corpore
2751 1511 2807 1556 et
2843 1501 3008 1557 corde
3053 1514 3214 1570 puras
3248 1499 3410 1553 etiam
3440 1513 3631 1552 manus
3660 1497 3734 1552 le-

2171 1610 2363 1652 vemus
2393 1595 2462 1650 ad
2510 1595 2703 1661 Deum,
2736 1608 2874 1663 puro
2907 1606 3120 1661 quoque
3147 1605 3262 1654 ore,
3289 1599 3344 1643 et
3379 1592 3621 1659 purgatis
3656 1590 3735 1642 la-

2176 1687 2300 1752 biis,
2329 1701 2394 1742 ac
2443 1696 2624 1740 mente
2668 1687 2904 1751 sincera,
2935 1697 3098 1753 prece
3145 1691 3200 1736 et
3223 1682 3432 1737 actibus
3469 1680 3736 1751 glorifice-

2177 1795 2296 1834 mus
2324 1779 2491 1832 Deum
2532 1777 2586 1832 in
2610 1775 2830 1832 Christo
2858 1775 2983 1830 .lesn
3013 1774 3242 1832 Domino
3277 1786 3461 1831 nostro
3482 1773 3616 1844 (69),
3644 1788 3736 1826 cu-

503 1868 631 1923 ditis
686 1869 939 1938 templum
984 1871 1076 1926 Dei
1127 1882 1184 1928 et
1229 1875 1530 1930 membrum
1570 1876 1774 1932 Christi
1803 1891 1924 1933 esse
1955 1877 2070 1947 jam
2168 1873 2260 1941 ius
2285 1881 2369 1926 est
2393 1877 2634 1940 potestas
2682 1878 2739 1924 et
2763 1869 3048 1936 imperium
3090 1872 3144 1927 in
3165 1869 3358 1926 saecula
3389 1865 3731 1923 saeculorum-

503 1957 728 2014 ..factum.
785 1957 923 2015 Vide
966 1971 1227 2030 quantum
1279 1963 1579 2034 profeceris
1623 1979 1693 2020 ex
1748 1966 2072 2023 homunculo

508 2060 730 2106 terreno
757 2050 892 2124 (66).
939 2053 994 2108 ln
1038 2055 1296 2124 templum
1349 2056 1441 2112 Dei
1475 2073 1794 2128 progressus
1841 2075 1902 2116 es
1953 2062 2072 2117 sine

503 2142 690 2206 dubio,
720 2142 770 2196 in
807 2159 915 2212 quo
964 2147 1211 2203 habitare
1251 2148 1410 2204 debet
1443 2149 1583 2205 Deus
1613 2166 1628 2205 :
1659 2161 1710 2204 et
1745 2151 1836 2220 qui
1868 2167 1995 2208 caro
2019 2163 2073 2208 et

501 2237 726 2304 sanguis
771 2237 1220 2306 eras,profecisti
1254 2249 1311 2294 ut
1363 2243 1666 2297 membrum
1715 2243 1918 2300 Christi
1969 2245 2067 2301 sis.

502 2327 610 2386 Sed
640 2331 779 2387 sicut
804 2349 1032 2404 magnus
1077 2343 1164 2391 est
1191 2337 1294 2392 iste
1326 2335 1626 2406 profectus,
1662 2338 1734 2393 ita
1765 2348 1821 2394 et
1860 2340 2067 2396 disces—

500 2437 594 2478 sus
649 2424 935 2490 terribilis,
969 2435 1131 2494 atque
1172 2425 1590 2484 irremediabilis
1631 2445 1769 2499 pene
1818 2431 1931 2502 (67)
1985 2433 2062 2488 la-

500 2530 649 2585 psus.
669 2514 788 2572 Jam
810 2517 906 2572 tibi
939 2518 1083 2574 enim
1116 2533 1222 2573 non
1248 2516 1376 2574 licet
1402 2521 1600 2590 templo
1627 2521 1724 2578 Dei
1753 2523 1850 2590 uti,
1880 2523 1982 2580 nisi
2003 2527 2056 2580 in

501 2609 816 2675 sanctitate,
845 2626 946 2666 nec
972 2613 1212 2667 membra
1235 2609 1438 2669 Christi
1487 2620 1554 2669 ad
1603 2617 1886 2687 indignum
1917 2633 2066 2673 revo-

501 2715 629 2755 care
672 2704 973 2771 negotium.
1015 2705 1082 2759 Et
1108 2705 1227 2762 ideo
1265 2707 1311 2762 si
1337 2707 1556 2776 quando
1589 2717 1640 2762 te
1679 2709 1833 2763 malae
1861 2725 2069 2766 concu-

499 2792 778 2860 piscentia:
803 2794 980 2862 pulsat
1002 2796 1275 2862 illecebra,
1310 2813 1520 2854 memor
1561 2799 1754 2854 horum
1781 2816 1902 2869 qua:
1925 2817 2068 2858 nunc

499 2886 676 2951 audis,
717 2887 856 2941 hosti
882 2887 954 2942 illi
977 2902 1223 2954 occurre,
1248 2892 1340 2962 qui
1379 2892 1446 2947 de
1479 2903 1531 2946 te
1554 2897 1690 2960 ipso,
1730 2893 1832 2949 hoc
1883 2906 1967 2951 est
2001 2897 2066 2951 de

505 2987 597 3032 tuo
626 2981 795 3034 corde
835 2981 1103 3048 procedit,
1131 2992 1189 3037 et
1218 2983 1412 3039 resiste
1453 2985 1504 3039 ei
1553 2983 1608 3037 in
1642 2985 1838 3042 talibus
1865 2986 2063 3048 verbis.

2170 1966 2361 2020 Amen.

2746 2057 3031 2116 HOMILIA
3074 2058 3158 2116 Vl.

2173 2190 2249 2245 De
2298 2193 2506 2248 Pascha
2549 2195 2691 2262 quod
2723 2195 2957 2264 fecerunt
2988 2195 3088 2260 ﬁlii
3133 2192 3306 2248 Israel
3332 2209 3386 2245 111
3409 2189 3652 2264 Calgala,
3685 2197 3732 2240 et

2238 2266 2497 2332 quomodo
2518 2261 2898 2334 fructus'terrm
2926 2274 3166 2330 ceperunt
3191 2279 3240 2334 he
3276 2264 3500 2334 regione,
3533 2261 3725 2334 1111111111-

2246 2330 2379 2388 rum.
2423 2335 2497 2388 De
2518 2330 2761 2403 'prt'nct'pe
2805 2337 3060 2388 virtutum
3107 2332 3314 2387 militia:
3349 2332 3558 2385 Domini
3598 2330 3725 2403 (70),

2241 2405 2328 2457 ubi
2355 2401 2551 2458 dicitur
2579 2406 2648 2458 ad
2663 2401 2843 2458 Iesum
2869 2405 2913 2436 ¹⁶
2938 2422 2955 2458 :
2989 2423 3008 2455 1
3049 2403 3202 2457 Solve
3235 2405 3642 2456 calceamentnm
3667 2401 3728 2450 de

2238 2475 2454 2541 pedibus
2477 2476 2603 2530 tuis.
2635 2475 2803 2529 Locus
2829 2480 2969 2530 enim
2989 2476 3043 2528 in
3067 2489 3170 2545 quo
3209 2486 3339 2538 stas,
3366 2481 3510 2525 terra
3549 2480 3728 2525 sancta

2241 2553 2338 2600 est.
2393 2564 2413 2596 1

2241 2699 2292 2756 1.
2321 2698 2422 2765 Qui
2454 2713 2558 2756 non
2589 2700 2903 2755 obedientes
2934 2699 3151 2753 fuerunt
3198 2694 3468 2750 mandatis
3497 2690 3730 2757 Domini,

2170 2791 2536 2846 incircumcisi
2585 2791 2860 2847 dicuntur.
2895 2793 2971 2846 Ex
3001 2806 3107 2861 quo
3149 2788 3467 2858 intelligitur
3497 2785 3614 2839 illos
3642 2799 3734 2852 ap-

2168 2886 2356 2954 pellari
2405 2886 2834 2949 incircumcisos,
2883 2884 2974 2954 qui
3025 2898 3132 2936 non
3167 2881 3430 2936 obediuut
3465 2874 3734 2930 mandatis

2172 2978 2380 3032 Domini
2409 2977 2544 3049 (7t).
2598 2977 2706 3032 Sed
2752 2986 2926 3030 tamen
2976 2982 3031 3029 et
3061 2971 3416 3028 circumeisos
3464 2977 3518 3023 et
3571 2966 3734 3021 incir-

497 3076 554 3121 et
579 3069 688 3135 dic,
715 3071 848 3138 quia
881 3087 989 3126 non
1013 3088 1132 3126 sum
1162 3088 1314 3127 meus
1343 3093 1356 3127 :
1383 3083 1595 3143 emptus
1624 3075 1768 3130 enim
1791 3091 1907 3130 sum
1937 3091 2060 3144 pre-
2093 3084 2138 3147 ρ
2172 3068 2462 3134 cumcisos,
2516 3067 2642 3136 quia
2673 3081 2887 3122 otnnem
2933 3064 3172 3118 animam
3203 3060 3376 3130 diligit
3415 3057 3584 3121 Deus,
3631 3069 3732 3108 non

503 3160 577 3214 tio
621 3161 905 3230 sanguinis
947 3162 1148 3217 Christi
1193 3172 1248 3218 et
1294 3166 1598 3219 membrum
1649 3166 1818 3235 ipsius
1844 3165 2066 3222 effectus

502 3267 646 3306 sum.
674 3252 788 3305 Non
841 3252 969 3308 licet
1015 3255 1145 3308 mihi
1182 3255 1370 3310 tollere
1405 3257 1706 3310 membrum
1732 3256 1956 3322 Christi,
2011 3273 2069 3313 et

499 3338 685 3395 facere
736 3343 1034 3399 membrum
1064 3345 1387 3400 meretricis.
1424 3345 1520 3401 Dic
1551 3349 1624 3414 ei,
1654 3349 1779 3417 quia
1808 3349 2066 3420 templum

503 3431 600 3486 Dei
635 3431 860 3489 ell'ectus
888 3449 1029 3497 sum,
1058 3449 1163 3489 non
1189 3435 1317 3488 mihi
1343 3436 1468 3491 licet
1499 3436 1835 3492 immundum
1865 3439 2066 3508 aliquid

502 3523 633 3580 illuc
684 3525 959 3591 inducere,
989 3541 1087 3582 nec
1142 3526 1230 3582 fas
1275 3536 1360 3582 est
1395 3527 1527 3581 mihi
1565 3528 1775 3584 violare
1810 3531 2066 3601 templum

502 3614 601 3670 Dei
632 3633 645 3669 :
680 3619 774 3672 sed
804 3626 860 3672 et
904 3618 1034 3674 illud
1067 3621 1223 3687 adde,
1253 3621 1512 3690 quoniam
1551 3639 1570 3674 1
1606 3621 1699 3692 qui
1742 3621 2064 3689 fornicatur,

500 3704 559 3761 in
607 3720 806 3775 corpus
837 3722 996 3763 suum
1037 3719 1224 3778 peccat
1253 3711 1296 3742 “
1326 3728 1340 3767 :
1385 3729 1406 3763 s
1441 3726 1545 3766 non
1595 3712 1652 3767 in
1693 3713 1834 3768 istud
1869 3728 2070 3784 corpus

503 3795 703 3860 solum,
749 3799 889 3864 quod
933 3800 1191 3869 templum
1225 3802 1318 3857 Dei
1351 3801 1741 3876 eﬂ‘ectum‘est,
1771 3807 1864 3859 sed
1909 3814 1964 3858 et
2013 3805 2066 3859 in

502 3887 633 3942 illud
675 3893 818 3958 quod
869 3891 1086 3958 dicitur,
1152 3895 1281 3964 quia
1347 3896 1530 3952 omnis
1582 3895 1822 3951 Ecclesia
1870 3912 2068 3967 corpus

502 3983 705 4040 Christi
730 3997 813 4040 est
839 3987 880 4019 ¹⁸
914 4005 927 4042 :
959 3997 1014 4043 et
1039 3990 1092 4043 in
1123 4004 1338 4045 omnem
1382 3991 1682 4048 Eeclesiam
1713 3993 1929 4048 videtur
1973 3996 2070 4050 de-

502 4077 780 4143 linquere,
811 4083 905 4149 qui
955 4097 1152 4153 corpus
1179 4101 1336 4140 suum
1381 4086 1761 4153 maculaverit,
1797 4089 1924 4158 quia
1971 4106 2070 4161 per

503 4187 670 4226 llllllm
730 4173 1030 4230 membrum
1063 4178 1275 4233 macula
1301 4179 1352 4233 in
1385 4194 1546 4234 omne
1574 4194 1772 4250 corpus
1815 4179 2072 4237 diffundi-

503 4275 614 4320 tur.
643 4265 740 4320 Est
783 4276 838 4321 et
869 4265 1000 4321 illud
1029 4269 1377 4338 opprobrium
1408 4270 1651 4342 Egypti,
1685 4272 1853 4341 quod,
1879 4273 1925 4328 si
1973 4288 2069 4328 ne-

504 4353 766 4422 glexeris,
813 4356 979 4411 etiam
1025 4366 1148 4427 post
1189 4357 1442 4415 Iordanis
1487 4362 1803 4431 transitum,
1843 4373 1898 4417 et
1943 4373 2068 4432 post

500 4444 759 4516 baptismi
802 4450 1094 4504 secundam
1144 4451 1639 4520 circumcisionem,
1673 4464 1900 4510 vetustae
1930 4471 2066 4512 con-

2172 3160 2386 3228 penitus
2423 3157 2770 3227 derelinquit.
2823 3155 2970 3212 Misit
3001 3157 3143 3210 enim
3173 3151 3382 3216 Jesum,
3427 3149 3520 3220 qui
3551 3163 3734 3202 omnes

2169 3250 2330 3306 simul
2383 3251 2574 3321 dignos
2625 3249 3039 3304 circumcideret
3087 3255 3142 3301 et
3195 3244 3464 3309 indignos,
3519 3250 3576 3296 et
3629 3254 3731 3293 non

2172 3345 2339 3399 (ilium
2366 3343 2512 3398 Nave
2540 3341 2749 3407 Jesum,
2789 3357 2893 3396 non
2928 3341 3070 3395 enim
3101 3353 3226 3394 vera
3261 3347 3316 3392 et
3352 3334 3598 3405 perfecta
3631 3333 3736 3387 cir-

2171 3436 2504 3490 eumcisione
2552 3436 2642 3490 ille
2691 3435 2944 3504 populum
2994 3428 3359 3490 circumcidit,
3413 3425 3507 3482 sed
3551 3423 3731 3479 Jesum

2171 3529 2448 3583 Christum
2489 3529 2771 3583 Dominum
2813 3541 2868 3582 et
2930 3526 3266 3582 Salvatorem
3315 3533 3559 3579 nostrum
3601 3521 3732 3591 (Ἱῖ).

2175 3619 2274 3674 llic
2297 3621 2441 3674 enim
2480 3629 2589 3685 est,
2641 3619 2738 3689 qui
2769 3633 2897 3674 vere
2931 3634 2959 3672 a
2987 3618 3140 3674 nobis
3172 3615 3524 3686 pollutionem
3553 3611 3735 3666 abstu-

2173 3713 2233 3767 lit
2262 3714 2444 3768 carnis
2476 3724 2531 3767 et
2565 3714 2792 3769 abscidit
2826 3709 2960 3784 (73),
3003 3720 3059 3767 et
3112 3726 3142 3765 a
3169 3711 3332 3766 corde
3363 3716 3526 3776 atque
3555 3706 3732 3759 anima

2174 3815 2354 3860 nostra
2391 3814 2735 3873 peccatorum
2793 3804 3200 3872 inquinamenta
3249 3800 3524 3870 purgavit.
3573 3797 3731 3853 Deni-

2171 3913 2277 3967 que
2308 3897 2430 3951 audi
2464 3896 2592 3964 quid
2623 3897 2753 3952 dicit
2783 3895 3065 3965 Scriptura
3100 3894 3168 3948 de
3219 3895 3288 3948 iis
3320 3893 3411 3961 qui
3448 3905 3546 3960 per
3592 3889 3734 3944 Nave

2172 3993 2338 4047 filium
2371 3990 2876 4061 prmﬁgurabantur.
2930 4008 2949 4041 1
2985 3987 3304 4046 Circumcisi
3342 3994 3553 4049 autem,
3589 4003 3608 4036 1
3649 3985 3730 4037 in-

2172 4086 2291 4155 quit
2325 4085 2388 4148 ιτ,
2427 4101 2448 4135 1
2499 4081 2592 4136 filii
2642 4082 2808 4137 Israel
2846 4084 3236 4152 requieverunt
3277 4083 3330 4136 in
3364 4081 3554 4136 eodem
3593 4080 3729 4141 loco,

2171 4178 2421 4234 sedentes
2452 4175 2505 4229 in
2538 4177 2735 4231 castris
2773 4189 2944 4244 usque
2978 4175 3102 4230 dum
3146 4182 3490 4237 sanarentur,
3528 4180 3584 4226 et
3614 4183 3734 4224 tunc

2172 4273 2307 4328 dixit
2327 4272 2586 4327 Dominus
2616 4271 2681 4324 ad
2710 4269 2892 4325 Iesum
2931 4290 2943 4324 :
2977 4267 3256 4324 Hodierno
3287 4267 3374 4322 die
3395 4266 3599 4338 alﬁtuli
3632 4281 3730 4333 op-

2173 4365 2456 4434 probrium
2489 4362 2705 4433 Egypti
2731 4376 2760 4415 a
2787 4360 2960 4416 vobis.
3003 4379 3022 4413 1
3064 4359 3180 4416 Non
3227 4359 3372 4414 enim
3413 4357 3730 4413 sullicituo-

2175 4457 2260 4512 bis
2289 4453 2628 4518 circumcidi,
2663 4454 2758 4508 sed
2787 4461 2840 4507 et
2882 4462 3006 4521 post
3038 4451 3504 4507 circumcisionem
3529 4450 3732 4510 sanari,

505 4541 809 4596 suetudinis
843 4542 1116 4597 inustione
1142 4544 1451 4616 suggeritur
1477 4545 1612 4617 (68),
1642 4546 1935 4604 observare
1978 4565 2074 4606 au-
2175 4547 2226 4602 id
2251 4558 2336 4602 est
2365 4560 2650 4615 usquequo
2677 4546 2841 4600 etiam
2869 4545 3185 4600 cicatricem
3237 4544 3410 4612 ipsam
3443 4541 3729 4597 circumci-

504 4633 680 4700 guria,
706 4635 984 4703 requirere
1006 4636 1284 4692 stellarum
1313 4653 1524 4701 cursus,
1552 4649 1607 4692 et
1644 4651 1874 4696 eventus
1909 4655 1976 4696 ex
2006 4641 2074 4695 iis
2172 4641 2345 4696 sionis
2397 4639 2597 4694 vulnus
2646 4639 2904 4693 obducat.
2955 4636 3186 4703 Quando
3241 4651 3371 4706 ergo
3405 4635 3634 4690 cicatrix
3681 4632 3732 4686 in

506 4721 812 4779 futurorum
843 4726 1056 4790 rimari,
1097 4741 1319 4782 servare
1365 4729 1572 4782 somnia
1606 4731 1929 4799 caeterisque
1969 4729 2073 4783 liu-
2172 4733 2395 4788 vulnere
2430 4740 2627 4787 nostra
2649 4729 3084 4785 circumcisionis
3129 4727 3468 4783 obducitur?
3527 4726 3638 4794 Ego
3661 4723 3733 4778 ita

500 4817 740 4889 jnsmodi
761 4819 1239 4890 superstitionibus
1268 4820 1554 4890 implicari.
1578 4820 2074 4880 lilololatriienam-
2171 4825 2432 4892 arbitror,
2463 4825 2608 4895 quod
2637 4824 2955 4880 circumcidi
2989 4837 3086 4892 per
3121 4820 3303 4876 Jesum
3341 4830 3610 4882 nostrum,
3637 4820 3734 4872 hoc

577 4957 633 5078 ίέ
651 4955 813 5078 thr.
842 4958 1008 5023 x,29.
1132 4959 1215 5013 ¹³1
1256 4960 1380 5015 Cor.
1409 4975 1486 5026 vt,
1513 4960 1601 5027 19,
1626 4976 1708 5026 111,
1742 4963 1826 5018 l7.
1942 4963 1987 4995 ⁸³
2015 4963 2068 5016 11

2174 5004 2186 5019 .
2222 4979 2295 5029 vi,
2337 4964 2416 5018 18.
2509 4965 2557 4996 ¹⁵
2583 4964 2791 5020 Coloss.
2819 4980 2857 5027 l,
2893 4962 2986 5017 24.
3067 4963 3110 4994 ¹⁶
3135 4960 3250 5019 Jos.
3281 4977 3336 5028 v,
3363 4961 3450 5016 16.
3542 4958 3587 4989 ³⁷
3621 4955 3732 5015 Jus.

507 5042 562 5088 v,
600 5042 656 5093 δ,
697 5042 747 5078 θ.

574 5165 687 5236 (64)
717 5167 878 5222 Iidem
911 5183 1068 5226 mss.,
1098 5187 1116 5220 1
1153 5169 1518 5224 revolventur.
1553 5187 1576 5220 ι

601 5238 692 5311 65)
723 5239 886 5311 lidem
923 5255 1079 5302 mss.,
1111 5259 1130 5290 1
1161 5240 1419 5307 polluere.
1456 5259 1474 5291 1

603 5311 692 5369 66)
724 5310 888 5363 Iidem
923 5325 1053 5364 mss.
1086 5328 1104 5360 1
1137 5321 1314 5365 terrae.
1349 5330 1368 5362 1

583 5377 695 5450 (67)
734 5377 894 5450 Pene.
933 5380 1091 5435 Deest
1125 5381 1175 5434 in
1222 5378 1485 5434 Cemetic.
1509 5388 1566 5434 et
1598 5395 1706 5434 uno
1736 5378 2074 5437 Ebroiceusi.

581 5449 700 5516 ,(68)
735 5449 901 5504 Iidem
945 5467 1069 5505 mss.
1112 5470 1129 5501 1
1171 5450 1368 5504 iuustio
1398 5461 1447 5504 te
1468 5451 1730 5520 suggerit.
1770 5469 1789 5502 ι

585 5521 693 5588 (69)
740 5521 854 5574 Duo
883 5520 1273 5576 Elitoicenses:
1308 5539 1327 5572 1
1373 5519 1658 5575 Dominum
1696 5531 1938 5588 nostrum
1983 5519 2070 5572 Je-

509 5587 627 5645 snm
653 5591 944 5645 Christum.
989 5611 1007 5642 1
1047 5591 1308 5646 Gemetic.
1346 5608 1364 5640 1
1408 5591 1574 5644 Deum
1610 5599 1850 5644 nostrum
1879 5587 2063 5644 Iesum

509 5663 805 5716 Christum.
859 5679 876 5712 1
925 5659 1042 5714 Mox
1083 5663 1248 5716 codex
1304 5662 1589 5730 Sangerm.
1624 5680 1643 5712 1
1697 5660 1848 5723 cujus
1893 5669 1992 5714 est.
2039 5679 2056 5711 1

510 5732 662 5790 Libh.
716 5740 872 5785 antea
908 5731 1036 5786 editi
1072 5751 1082 5784 :
1121 5749 1140 5782 1
1189 5731 1272 5786 cui
1323 5745 1422 5788 est.
1469 5750 1488 5783 1
1527 5730 1679 5787 Unus
1722 5731 2063 5787 Ebroicensis

2189 5170 2388 5226 ibidem
2424 5172 2627 5226 habet:
2657 5189 2675 5222 1
2712 5171 2990 5239 imperium
3017 5187 3136 5226 cum
3169 5181 3353 5227 sancto
3380 5170 3605 5239 Spiritu.
3642 5188 3662 5220 1

2259 5241 2370 5307 (70)
2411 5241 2536 5297 Post
2585 5257 2766 5295 vocem
2817 5259 2836 5293 1
2881 5243 3109 5301 Domini.
3155 5261 3174 5295 1
3215 5245 3266 5296 in
3309 5243 3466 5296 codd.
3509 5239 3730 5297 Cerneti-

2185 5313 2332 5366 eensi
2383 5323 2439 5367 et
2486 5312 2802 5368 Ebroicensi
2853 5328 2962 5368 uno
2988 5313 3251 5368 additur:
3289 5332 3307 5366 1
3340 5324 3394 5368 et
3440 5311 3672 5366 Jericho.
3706 5326 3725 5360 1

2181 5381 2406 5448 Reliqua
2439 5383 2653 5438 desunt.

2251 5451 2363 5513 (71)
2397 5451 2571 5506 Iidem
2599 5465 2727 5507 mss.
2761 5472 2781 5504 1
2817 5450 2923 5507 Sed
2966 5461 3018 5506 et
3047 5452 3481 5512 incircumcisos,
3527 5450 3670 5515 quia.
3705 5467 3723 5497 ι

2248 5521 2386 5594 (7⁸2)
2443 5522 2606 5578 Iidem
2666 5537 2796 5578 mss.
2851 5541 2870 5574 1
2923 5522 3112 5578 Iesum
3155 5521 3494 5577 Nazarenum
3554 5520 3725 5574 Domi-

2171 5608 2320 5648 DUln.
2379 5611 2398 5644 D

2173 5719 2180 5725 ,
2246 5662 2358 5733 (75)
2384 5662 2547 5720 Iidem
2582 5680 2597 5723 :
2643 5683 2660 5715 1
2692 5663 3043 5734 pollutionem
3079 5663 3259 5719 carnis
3298 5661 3549 5720 abscidit.
3583 5682 3600 5713 1
