  <div class='ocr_page' id='page_1' title='image "/cluster/home/n/w/nwhite01/storage/ocr_20150623/12/mdp.39015028786690/436.png"; bbox 0 0 4050 6148; ppageno 0'>
   <div class='ocr_carea' id='block_1_1' title="bbox 397 232 3649 303">
    <p class='ocr_par' dir='ltr' id='par_1_1' title="bbox 397 232 3649 303">
     <span class='ocr_line' id='line_1_1' title="bbox 397 232 3649 303; baseline -0.005 0"><span class='ocrx_word' id='word_1_1' title='bbox 397 246 508 303; x_wconf 78' lang='lat'><strong>853</strong></span> <span class='ocrx_word' id='word_1_2' title='bbox 1384 238 1453 296; x_wconf 85' lang='lat' dir='ltr'><strong>IN</strong></span> <span class='ocrx_word' id='word_1_3' title='bbox 1486 239 1743 296; x_wconf 79' lang='lat' dir='ltr'><strong>LIBRUM</strong></span> <span class='ocrx_word' id='word_1_4' title='bbox 1775 236 1939 296; x_wconf 82' lang='lat' dir='ltr'><strong>JESU</strong></span> <span class='ocrx_word' id='word_1_5' title='bbox 1975 235 2160 292; x_wconf 82' lang='lat' dir='ltr'><strong>NAVE</strong></span> <span class='ocrx_word' id='word_1_6' title='bbox 2196 233 2482 291; x_wconf 76' lang='lat' dir='ltr'><strong>HOMILIA</strong></span> <span class='ocrx_word' id='word_1_7' title='bbox 2517 233 2607 292; x_wconf 81' lang='lat' dir='ltr'><strong>Vl.</strong></span> <span class='ocrx_word' id='word_1_8' title='bbox 3541 232 3649 289; x_wconf 72' lang='grc' dir='ltr'><strong>εει</strong></span> 
     </span>
    </p>
   </div>
   <div class='ocr_carea' id='block_1_2' title="bbox 401 354 3650 435">
    <p class='ocr_par' dir='ltr' id='par_1_2' title="bbox 401 354 3650 435">
     <span class='ocr_line' id='line_1_2' title="bbox 401 354 3650 435; baseline -0.006 -9"><span class='ocrx_word' id='word_1_9' title='bbox 401 379 493 426; x_wconf 88' lang='lat' dir='ltr'><strong>est</strong></span> <span class='ocrx_word' id='word_1_10' title='bbox 531 367 678 423; x_wconf 82' lang='lat' dir='ltr'><strong>vitiis</strong></span> <span class='ocrx_word' id='word_1_11' title='bbox 713 380 927 435; x_wconf 84' lang='lat' dir='ltr'><strong>carere,</strong></span> <span class='ocrx_word' id='word_1_12' title='bbox 959 365 1131 422; x_wconf 82' lang='lat' dir='ltr'><strong>molas</strong></span> <span class='ocrx_word' id='word_1_13' title='bbox 1178 365 1604 420; x_wconf 75' lang='lat' dir='ltr'><strong>consuetudines</strong></span> <span class='ocrx_word' id='word_1_14' title='bbox 1656 373 1712 418; x_wconf 90' lang='lat' dir='ltr'><strong>et</strong></span> <span class='ocrx_word' id='word_1_15' title='bbox 1743 363 1973 434; x_wconf 85' lang='lat' dir='ltr'><strong>pessima</strong></span> <span class='ocrx_word' id='word_1_16' title='bbox 2004 365 2051 421; x_wconf 78' lang='grc' dir='ltr'><strong>Α</strong></span> <span class='ocrx_word' id='word_1_17' title='bbox 2081 359 2180 414; x_wconf 92' lang='lat' dir='ltr'><strong>bus</strong></span> <span class='ocrx_word' id='word_1_18' title='bbox 2210 368 2294 414; x_wconf 89' lang='lat' dir='ltr'><strong>est</strong></span> <span class='ocrx_word' id='word_1_19' title='bbox 2319 373 2481 429; x_wconf 88' lang='lat' dir='ltr'><strong>quem</strong></span> <span class='ocrx_word' id='word_1_20' title='bbox 2513 357 2582 414; x_wconf 92' lang='lat' dir='ltr'><strong>de</strong></span> <span class='ocrx_word' id='word_1_21' title='bbox 2603 356 2836 430; x_wconf 70' lang='lat' dir='ltr'><strong>Egypto</strong></span> <span class='ocrx_word' id='word_1_22' title='bbox 2863 363 3127 412; x_wconf 83' lang='lat' dir='ltr'><strong>exeuntes</strong></span> <span class='ocrx_word' id='word_1_23' title='bbox 3155 354 3436 410; x_wconf 88' lang='lat' dir='ltr'><strong>nobiscum</strong></span> <span class='ocrx_word' id='word_1_24' title='bbox 3464 364 3650 426; x_wconf 85' lang='lat' dir='ltr'><strong>porta-</strong></span> 
     </span>
    </p>
   </div>
   <div class='ocr_carea' id='block_1_3' title="bbox 402 447 3648 530">
    <p class='ocr_par' dir='ltr' id='par_1_3' title="bbox 402 447 3648 530">
     <span class='ocr_line' id='line_1_3' title="bbox 402 447 3648 530; baseline -0.004 -16"><span class='ocrx_word' id='word_1_25' title='bbox 402 461 651 516; x_wconf 81' lang='lat' dir='ltr'><strong>instituta</strong></span> <span class='ocrx_word' id='word_1_26' title='bbox 685 460 976 530; x_wconf 85' lang='lat' dir='ltr'><strong>deponere,</strong></span> <span class='ocrx_word' id='word_1_27' title='bbox 1032 459 1210 514; x_wconf 63' lang='lat' dir='ltr'><strong>foedos</strong></span> <span class='ocrx_word' id='word_1_28' title='bbox 1235 470 1288 514; x_wconf 92' lang='lat' dir='ltr'><strong>et</strong></span> <span class='ocrx_word' id='word_1_29' title='bbox 1327 461 1632 516; x_wconf 88' lang='lat' dir='ltr'><strong>inconditos</strong></span> <span class='ocrx_word' id='word_1_30' title='bbox 1671 472 1869 518; x_wconf 85' lang='lat' dir='ltr'><strong>mores,</strong></span> <span class='ocrx_word' id='word_1_31' title='bbox 1920 463 1977 508; x_wconf 91' lang='lat' dir='ltr'><strong>et</strong></span> <span class='ocrx_word' id='word_1_32' title='bbox 2080 451 2275 511; x_wconf 87' lang='lat' dir='ltr'><strong>vimus.</strong></span> <span class='ocrx_word' id='word_1_33' title='bbox 2305 464 2469 519; x_wconf 88' lang='lat' dir='ltr'><strong>parva</strong></span> <span class='ocrx_word' id='word_1_34' title='bbox 2499 451 2616 506; x_wconf 61' lang='lat' dir='ltr'><strong>haec</strong></span> <span class='ocrx_word' id='word_1_35' title='bbox 2635 450 2867 504; x_wconf 77' lang='lat' dir='ltr'><strong>eruditio</strong></span> <span class='ocrx_word' id='word_1_36' title='bbox 2899 447 3177 504; x_wconf 65' lang='lat' dir='ltr'><strong>saecularis</strong></span> <span class='ocrx_word' id='word_1_37' title='bbox 3201 447 3453 518; x_wconf 89' lang='lat' dir='ltr'><strong>(78),aut</strong></span> <span class='ocrx_word' id='word_1_38' title='bbox 3481 449 3648 502; x_wconf 90' lang='lat' dir='ltr'><strong>etiam</strong></span> 
     </span>
    </p>
   </div>
   <div class='ocr_carea' id='block_1_4' title="bbox 411 541 3648 624">
    <p class='ocr_par' dir='ltr' id='par_1_4' title="bbox 411 541 3648 624">
     <span class='ocr_line' id='line_1_4' title="bbox 411 541 3648 624; baseline -0.003 -20"><span class='ocrx_word' id='word_1_39' title='bbox 411 552 667 624; x_wconf 60' lang='lat' dir='ltr'><strong>juidquid</strong></span> <span class='ocrx_word' id='word_1_40' title='bbox 716 553 786 608; x_wconf 88' lang='lat' dir='ltr'><strong>ab</strong></span> <span class='ocrx_word' id='word_1_41' title='bbox 819 552 1125 608; x_wconf 85' lang='lat' dir='ltr'><strong>honestatis</strong></span> <span class='ocrx_word' id='word_1_42' title='bbox 1154 562 1204 608; x_wconf 92' lang='lat' dir='ltr'><strong>et</strong></span> <span class='ocrx_word' id='word_1_43' title='bbox 1235 553 1456 620; x_wconf 86' lang='lat' dir='ltr'><strong>pictatis</strong></span> <span class='ocrx_word' id='word_1_44' title='bbox 1484 551 1668 623; x_wconf 75' lang='lat' dir='ltr'><strong>regula</strong></span> <span class='ocrx_word' id='word_1_45' title='bbox 1718 550 1976 605; x_wconf 85' lang='lat' dir='ltr'><strong>abhorret</strong></span> <span class='ocrx_word' id='word_1_46' title='bbox 2075 545 2122 598; x_wconf 86' lang='lat' dir='ltr'><strong>si</strong></span> <span class='ocrx_word' id='word_1_47' title='bbox 2146 544 2267 614; x_wconf 88' lang='lat' dir='ltr'><strong>quis</strong></span> <span class='ocrx_word' id='word_1_48' title='bbox 2307 544 2448 599; x_wconf 84' lang='lat' dir='ltr'><strong>forte</strong></span> <span class='ocrx_word' id='word_1_49' title='bbox 2474 543 2658 614; x_wconf 81' lang='lat' dir='ltr'><strong>attigit</strong></span> <span class='ocrx_word' id='word_1_50' title='bbox 2705 541 3010 597; x_wconf 82' lang='lat' dir='ltr'><strong>liberalium</strong></span> <span class='ocrx_word' id='word_1_51' title='bbox 3043 543 3348 598; x_wconf 89' lang='lat' dir='ltr'><strong>litterarum</strong></span> <span class='ocrx_word' id='word_1_52' title='bbox 3376 541 3648 611; x_wconf 77' lang='lat' dir='ltr'><strong>cognitio-</strong></span> 
     </span>
    </p>
   </div>
   <div class='ocr_carea' id='block_1_5' title="bbox 399 643 1975 712">
    <p class='ocr_par' dir='ltr' id='par_1_5' title="bbox 399 643 1975 712">
     <span class='ocr_line' id='line_1_5' title="bbox 399 643 1975 712; baseline 0.001 -16"><span class='ocrx_word' id='word_1_53' title='bbox 399 643 750 699; x_wconf 91' lang='lat' dir='ltr'><strong>abscindere.</strong></span> <span class='ocrx_word' id='word_1_54' title='bbox 791 645 897 699; x_wconf 88' lang='lat' dir='ltr'><strong>Sed</strong></span> <span class='ocrx_word' id='word_1_55' title='bbox 949 647 1052 699; x_wconf 89' lang='lat' dir='ltr'><strong>hoc</strong></span> <span class='ocrx_word' id='word_1_56' title='bbox 1082 659 1204 698; x_wconf 90' lang='lat' dir='ltr'><strong>cum</strong></span> <span class='ocrx_word' id='word_1_57' title='bbox 1263 645 1316 699; x_wconf 93' lang='lat' dir='ltr'><strong>in</strong></span> <span class='ocrx_word' id='word_1_58' title='bbox 1347 644 1518 700; x_wconf 88' lang='lat' dir='ltr'><strong>initiis</strong></span> <span class='ocrx_word' id='word_1_59' title='bbox 1568 645 1820 709; x_wconf 80' lang='lat' dir='ltr'><strong>facimus,</strong></span> <span class='ocrx_word' id='word_1_60' title='bbox 1859 643 1975 712; x_wconf 88' lang='lat' dir='ltr'><strong>ipsa</strong></span> 
     </span>
    </p>
   </div>
   <div class='ocr_carea' id='block_1_6' title="bbox 401 736 1974 808">
    <p class='ocr_par' dir='ltr' id='par_1_6' title="bbox 401 736 1974 808">
     <span class='ocr_line' id='line_1_6' title="bbox 401 736 1974 808; baseline -0.003 -16"><span class='ocrx_word' id='word_1_61' title='bbox 401 738 664 793; x_wconf 84' lang='lat' dir='ltr'><strong>novitatis</strong></span> <span class='ocrx_word' id='word_1_62' title='bbox 711 738 1112 808; x_wconf 89' lang='lat' dir='ltr'><strong>quodammodo</strong></span> <span class='ocrx_word' id='word_1_63' title='bbox 1160 737 1476 793; x_wconf 73' lang='lat' dir='ltr'><strong>difﬁcultate</strong></span> <span class='ocrx_word' id='word_1_64' title='bbox 1528 736 1974 808; x_wconf 77' lang='lat' dir='ltr'><strong>constringimur,</strong></span> 
     </span>
    </p>
   </div>
   <div class='ocr_carea' id='block_1_7' title="bbox 401 829 1974 902">
    <p class='ocr_par' dir='ltr' id='par_1_7' title="bbox 401 829 1974 902">
     <span class='ocr_line' id='line_1_7' title="bbox 401 829 1974 902; baseline 0 -17"><span class='ocrx_word' id='word_1_65' title='bbox 401 842 457 885; x_wconf 91' lang='lat' dir='ltr'><strong>et</strong></span> <span class='ocrx_word' id='word_1_66' title='bbox 495 833 650 902; x_wconf 88' lang='lat' dir='ltr'><strong>quasi</strong></span> <span class='ocrx_word' id='word_1_67' title='bbox 683 847 809 888; x_wconf 88' lang='lat' dir='ltr'><strong>eum</strong></span> <span class='ocrx_word' id='word_1_68' title='bbox 864 831 1054 886; x_wconf 91' lang='lat' dir='ltr'><strong>labore</strong></span> <span class='ocrx_word' id='word_1_69' title='bbox 1098 830 1331 901; x_wconf 89' lang='lat' dir='ltr'><strong>quodam</strong></span> <span class='ocrx_word' id='word_1_70' title='bbox 1365 840 1422 885; x_wconf 92' lang='lat' dir='ltr'><strong>et</strong></span> <span class='ocrx_word' id='word_1_71' title='bbox 1450 830 1637 885; x_wconf 94' lang='lat' dir='ltr'><strong>dolore</strong></span> <span class='ocrx_word' id='word_1_72' title='bbox 1657 829 1849 895; x_wconf 89' lang='lat' dir='ltr'><strong>animi,</strong></span> <span class='ocrx_word' id='word_1_73' title='bbox 1883 844 1974 885; x_wconf 91' lang='lat' dir='ltr'><strong>ve—</strong></span> 
     </span>
    </p>
   </div>
   <div class='ocr_carea' id='block_1_8' title="bbox 403 921 1974 991">
    <p class='ocr_par' dir='ltr' id='par_1_8' title="bbox 403 921 1974 991">
     <span class='ocr_line' id='line_1_8' title="bbox 403 921 1974 991; baseline -0.001 -15"><span class='ocrx_word' id='word_1_74' title='bbox 403 923 540 977; x_wconf 82' lang='lat' dir='ltr'><strong>teris</strong></span> <span class='ocrx_word' id='word_1_75' title='bbox 579 923 990 978; x_wconf 88' lang='lat' dir='ltr'><strong>consuetudinis</strong></span> <span class='ocrx_word' id='word_1_76' title='bbox 1026 921 1214 991; x_wconf 88' lang='lat' dir='ltr'><strong>culpas</strong></span> <span class='ocrx_word' id='word_1_77' title='bbox 1241 921 1454 976; x_wconf 90' lang='lat' dir='ltr'><strong>novella</strong></span> <span class='ocrx_word' id='word_1_78' title='bbox 1489 921 1828 976; x_wconf 87' lang='lat' dir='ltr'><strong>institutione</strong></span> <span class='ocrx_word' id='word_1_79' title='bbox 1855 935 1974 975; x_wconf 86' lang='lat' dir='ltr'><strong>mu-</strong></span> 
     </span>
    </p>
   </div>
   <div class='ocr_carea' id='block_1_9' title="bbox 404 1011 1976 1087">
    <p class='ocr_par' dir='ltr' id='par_1_9' title="bbox 404 1011 1976 1087">
     <span class='ocr_line' id='line_1_9' title="bbox 404 1011 1976 1087; baseline -0.003 -17"><span class='ocrx_word' id='word_1_80' title='bbox 404 1025 608 1070; x_wconf 89' lang='lat' dir='ltr'><strong>tamus.</strong></span> <span class='ocrx_word' id='word_1_81' title='bbox 640 1015 706 1071; x_wconf 87' lang='lat' dir='ltr'><strong>Et</strong></span> <span class='ocrx_word' id='word_1_82' title='bbox 739 1015 860 1072; x_wconf 90' lang='lat' dir='ltr'><strong>ideo</strong></span> <span class='ocrx_word' id='word_1_83' title='bbox 898 1025 1003 1083; x_wconf 90' lang='lat' dir='ltr'><strong>est,</strong></span> <span class='ocrx_word' id='word_1_84' title='bbox 1029 1025 1088 1070; x_wconf 92' lang='lat' dir='ltr'><strong>ut</strong></span> <span class='ocrx_word' id='word_1_85' title='bbox 1116 1015 1249 1081; x_wconf 81' lang='lat' dir='ltr'><strong>dixi,</strong></span> <span class='ocrx_word' id='word_1_86' title='bbox 1282 1013 1447 1087; x_wconf 65' lang='lat'><strong>410</strong></span> <span class='ocrx_word' id='word_1_87' title='bbox 1479 1013 1724 1083; x_wconf 67' lang='lat' dir='ltr'><strong>quaedam</strong></span> <span class='ocrx_word' id='word_1_88' title='bbox 1751 1011 1976 1067; x_wconf 81' lang='lat' dir='ltr'><strong>diﬂicul-</strong></span> 
     </span>
    </p>
   </div>
   <div class='ocr_carea' id='block_1_10' title="bbox 405 1104 1978 1176">
    <p class='ocr_par' dir='ltr' id='par_1_10' title="bbox 405 1104 1978 1176">
     <span class='ocr_line' id='line_1_10' title="bbox 405 1104 1978 1176; baseline 0 -15"><span class='ocrx_word' id='word_1_89' title='bbox 405 1116 493 1162; x_wconf 88' lang='lat' dir='ltr'><strong>tas</strong></span> <span class='ocrx_word' id='word_1_90' title='bbox 547 1106 827 1172; x_wconf 86' lang='lat' dir='ltr'><strong>in-initiis,</strong></span> <span class='ocrx_word' id='word_1_91' title='bbox 875 1115 932 1161; x_wconf 93' lang='lat' dir='ltr'><strong>ut</strong></span> <span class='ocrx_word' id='word_1_92' title='bbox 959 1105 1049 1160; x_wconf 85' lang='lat' dir='ltr'><strong>vix</strong></span> <span class='ocrx_word' id='word_1_93' title='bbox 1099 1119 1349 1175; x_wconf 75' lang='lat' dir='ltr'><strong>aegreque</strong></span> <span class='ocrx_word' id='word_1_94' title='bbox 1383 1114 1666 1176; x_wconf 87' lang='lat' dir='ltr'><strong>amputare</strong></span> <span class='ocrx_word' id='word_1_95' title='bbox 1711 1104 1978 1174; x_wconf 81' lang='lat' dir='ltr'><strong>possimus</strong></span> 
     </span>
    </p>
   </div>
   <div class='ocr_carea' id='block_1_11' title="bbox 402 1195 1974 1270">
    <p class='ocr_par' dir='ltr' id='par_1_11' title="bbox 402 1195 1974 1270">
     <span class='ocr_line' id='line_1_11' title="bbox 402 1195 1974 1270; baseline 0 -19"><span class='ocrx_word' id='word_1_96' title='bbox 402 1199 582 1266; x_wconf 91' lang='lat' dir='ltr'><strong>prima</strong></span> <span class='ocrx_word' id='word_1_97' title='bbox 613 1197 751 1270; x_wconf 70' lang='grc'><strong>(74),</strong></span> <span class='ocrx_word' id='word_1_98' title='bbox 793 1205 850 1252; x_wconf 91' lang='lat' dir='ltr'><strong>et</strong></span> <span class='ocrx_word' id='word_1_99' title='bbox 898 1197 1138 1253; x_wconf 90' lang='lat' dir='ltr'><strong>secunda</strong></span> <span class='ocrx_word' id='word_1_100' title='bbox 1174 1197 1472 1266; x_wconf 87' lang='lat' dir='ltr'><strong>suscipere.</strong></span> <span class='ocrx_word' id='word_1_101' title='bbox 1514 1195 1630 1252; x_wconf 84' lang='lat' dir='ltr'><strong>Hoc</strong></span> <span class='ocrx_word' id='word_1_102' title='bbox 1676 1210 1804 1267; x_wconf 84' lang='lat' dir='ltr'><strong>ergo</strong></span> <span class='ocrx_word' id='word_1_103' title='bbox 1842 1197 1974 1252; x_wconf 91' lang='lat' dir='ltr'><strong>mihi</strong></span> 
     </span>
    </p>
   </div>
   <div class='ocr_carea' id='block_1_12' title="bbox 406 1284 1974 1357">
    <p class='ocr_par' dir='ltr' id='par_1_12' title="bbox 406 1284 1974 1357">
     <span class='ocr_line' id='line_1_12' title="bbox 406 1284 1974 1357; baseline 0.001 -18"><span class='ocrx_word' id='word_1_104' title='bbox 406 1287 622 1342; x_wconf 87' lang='lat' dir='ltr'><strong>videtur</strong></span> <span class='ocrx_word' id='word_1_105' title='bbox 651 1297 863 1357; x_wconf 88' lang='lat' dir='ltr'><strong>tempus</strong></span> <span class='ocrx_word' id='word_1_106' title='bbox 892 1299 1037 1351; x_wconf 89' lang='lat' dir='ltr'><strong>esse,</strong></span> <span class='ocrx_word' id='word_1_107' title='bbox 1073 1299 1179 1354; x_wconf 90' lang='lat' dir='ltr'><strong>quo</strong></span> <span class='ocrx_word' id='word_1_108' title='bbox 1210 1284 1356 1341; x_wconf 89' lang='lat' dir='ltr'><strong>velut</strong></span> <span class='ocrx_word' id='word_1_109' title='bbox 1381 1285 1437 1342; x_wconf 90' lang='lat' dir='ltr'><strong>in</strong></span> <span class='ocrx_word' id='word_1_110' title='bbox 1467 1285 1657 1342; x_wconf 93' lang='lat' dir='ltr'><strong>dolore</strong></span> <span class='ocrx_word' id='word_1_111' title='bbox 1684 1286 1974 1342; x_wconf 85' lang='lat' dir='ltr'><strong>circumci-</strong></span> 
     </span>
    </p>
   </div>
   <div class='ocr_carea' id='block_1_13' title="bbox 402 1376 1975 1448">
    <p class='ocr_par' dir='ltr' id='par_1_13' title="bbox 402 1376 1975 1448">
     <span class='ocr_line' id='line_1_13' title="bbox 402 1376 1975 1448; baseline -0.002 -13"><span class='ocrx_word' id='word_1_112' title='bbox 402 1379 576 1435; x_wconf 87' lang='lat' dir='ltr'><strong>sionis</strong></span> <span class='ocrx_word' id='word_1_113' title='bbox 625 1387 826 1436; x_wconf 63' lang='lat' dir='ltr'><strong>nostra:</strong></span> <span class='ocrx_word' id='word_1_114' title='bbox 857 1378 1093 1433; x_wconf 87' lang='lat' dir='ltr'><strong>dicimur</strong></span> <span class='ocrx_word' id='word_1_115' title='bbox 1120 1376 1378 1441; x_wconf 82' lang='lat' dir='ltr'><strong>residere,</strong></span> <span class='ocrx_word' id='word_1_116' title='bbox 1415 1391 1699 1448; x_wconf 88' lang='lat' dir='ltr'><strong>usquequo</strong></span> <span class='ocrx_word' id='word_1_117' title='bbox 1742 1378 1975 1433; x_wconf 88' lang='lat' dir='ltr'><strong>obducta</strong></span> 
     </span>
    </p>
   </div>
   <div class='ocr_carea' id='block_1_14' title="bbox 403 1470 1973 1537">
    <p class='ocr_par' dir='ltr' id='par_1_14' title="bbox 403 1470 1973 1537">
     <span class='ocr_line' id='line_1_14' title="bbox 403 1470 1973 1537; baseline -0.002 -9"><span class='ocrx_word' id='word_1_118' title='bbox 403 1472 663 1529; x_wconf 86' lang='lat' dir='ltr'><strong>cicatrice</strong></span> <span class='ocrx_word' id='word_1_119' title='bbox 693 1487 975 1527; x_wconf 90' lang='lat' dir='ltr'><strong>sanemur.</strong></span> <span class='ocrx_word' id='word_1_120' title='bbox 1031 1470 1365 1528; x_wconf 89' lang='lat' dir='ltr'><strong>Obducimus</strong></span> <span class='ocrx_word' id='word_1_121' title='bbox 1405 1480 1586 1526; x_wconf 89' lang='lat' dir='ltr'><strong>autem</strong></span> <span class='ocrx_word' id='word_1_122' title='bbox 1639 1471 1973 1537; x_wconf 89' lang='lat' dir='ltr'><strong>cicatricem,</strong></span> 
     </span>
    </p>
   </div>
   <div class='ocr_carea' id='block_1_15' title="bbox 402 1563 1978 1635">
    <p class='ocr_par' dir='ltr' id='par_1_15' title="bbox 402 1563 1978 1635">
     <span class='ocr_line' id='line_1_15' title="bbox 402 1563 1978 1635; baseline -0.001 -15"><span class='ocrx_word' id='word_1_123' title='bbox 402 1579 527 1621; x_wconf 89' lang='lat' dir='ltr'><strong>cum</strong></span> <span class='ocrx_word' id='word_1_124' title='bbox 552 1564 662 1634; x_wconf 87' lang='lat' dir='ltr'><strong>jam</strong></span> <span class='ocrx_word' id='word_1_125' title='bbox 699 1581 836 1620; x_wconf 92' lang='lat' dir='ltr'><strong>nova</strong></span> <span class='ocrx_word' id='word_1_126' title='bbox 874 1565 1120 1620; x_wconf 88' lang='lat' dir='ltr'><strong>instituta</strong></span> <span class='ocrx_word' id='word_1_127' title='bbox 1157 1566 1362 1635; x_wconf 88' lang='lat' dir='ltr'><strong>absque</strong></span> <span class='ocrx_word' id='word_1_128' title='bbox 1393 1563 1710 1620; x_wconf 77' lang='lat' dir='ltr'><strong>difﬁcultate</strong></span> <span class='ocrx_word' id='word_1_129' title='bbox 1734 1564 1978 1632; x_wconf 84' lang='lat' dir='ltr'><strong>comple-</strong></span> 
     </span>
    </p>
   </div>
   <div class='ocr_carea' id='block_1_16' title="bbox 402 1654 1973 1726">
    <p class='ocr_par' dir='ltr' id='par_1_16' title="bbox 402 1654 1973 1726">
     <span class='ocr_line' id='line_1_16' title="bbox 402 1654 1973 1726; baseline -0.003 -13"><span class='ocrx_word' id='word_1_130' title='bbox 402 1672 547 1721; x_wconf 89' lang='lat' dir='ltr'><strong>mus,</strong></span> <span class='ocrx_word' id='word_1_131' title='bbox 572 1665 629 1713; x_wconf 93' lang='lat' dir='ltr'><strong>et</strong></span> <span class='ocrx_word' id='word_1_132' title='bbox 670 1656 727 1711; x_wconf 93' lang='lat' dir='ltr'><strong>in</strong></span> <span class='ocrx_word' id='word_1_133' title='bbox 756 1672 914 1712; x_wconf 89' lang='lat' dir='ltr'><strong>usum</strong></span> <span class='ocrx_word' id='word_1_134' title='bbox 948 1656 1105 1712; x_wconf 88' lang='lat' dir='ltr'><strong>nobis</strong></span> <span class='ocrx_word' id='word_1_135' title='bbox 1130 1658 1386 1720; x_wconf 78' lang='lat' dir='ltr'><strong>vertitur,</strong></span> <span class='ocrx_word' id='word_1_136' title='bbox 1438 1659 1583 1725; x_wconf 89' lang='lat' dir='ltr'><strong>quod</strong></span> <span class='ocrx_word' id='word_1_137' title='bbox 1614 1656 1764 1726; x_wconf 92' lang='lat' dir='ltr'><strong>prius</strong></span> <span class='ocrx_word' id='word_1_138' title='bbox 1818 1654 1973 1726; x_wconf 92' lang='lat' dir='ltr'><strong>quasi</strong></span> 
     </span>
    </p>
   </div>
   <div class='ocr_carea' id='block_1_17' title="bbox 403 1747 1976 1817">
    <p class='ocr_par' dir='ltr' id='par_1_17' title="bbox 403 1747 1976 1817">
     <span class='ocr_line' id='line_1_17' title="bbox 403 1747 1976 1817; baseline -0.003 -12"><span class='ocrx_word' id='word_1_139' title='bbox 403 1749 681 1805; x_wconf 89' lang='lat' dir='ltr'><strong>insolitum</strong></span> <span class='ocrx_word' id='word_1_140' title='bbox 726 1764 791 1804; x_wconf 91' lang='lat' dir='ltr'><strong>ac</strong></span> <span class='ocrx_word' id='word_1_141' title='bbox 836 1747 1050 1804; x_wconf 87' lang='lat' dir='ltr'><strong>dilIicile</strong></span> <span class='ocrx_word' id='word_1_142' title='bbox 1078 1749 1383 1804; x_wconf 85' lang='lat' dir='ltr'><strong>videbatur.</strong></span> <span class='ocrx_word' id='word_1_143' title='bbox 1438 1749 1508 1804; x_wconf 89' lang='lat' dir='ltr'><strong>Et</strong></span> <span class='ocrx_word' id='word_1_144' title='bbox 1543 1757 1672 1804; x_wconf 90' lang='lat' dir='ltr'><strong>tunc</strong></span> <span class='ocrx_word' id='word_1_145' title='bbox 1699 1747 1829 1804; x_wconf 86' lang='lat' dir='ltr'><strong>vere</strong></span> <span class='ocrx_word' id='word_1_146' title='bbox 1866 1747 1976 1817; x_wconf 88' lang='lat' dir='ltr'><strong>jam</strong></span> 
     </span>
    </p>
   </div>
   <div class='ocr_carea' id='block_1_18' title="bbox 401 1841 1977 1909">
    <p class='ocr_par' dir='ltr' id='par_1_18' title="bbox 401 1841 1977 1909">
     <span class='ocr_line' id='line_1_18' title="bbox 401 1841 1977 1909; baseline 0.001 -11"><span class='ocrx_word' id='word_1_147' title='bbox 401 1843 580 1898; x_wconf 81' lang='lat' dir='ltr'><strong>sanati</strong></span> <span class='ocrx_word' id='word_1_148' title='bbox 637 1842 890 1909; x_wconf 85' lang='lat' dir='ltr'><strong>dicimur,</strong></span> <span class='ocrx_word' id='word_1_149' title='bbox 935 1857 1058 1896; x_wconf 90' lang='lat' dir='ltr'><strong>cum</strong></span> <span class='ocrx_word' id='word_1_150' title='bbox 1104 1842 1252 1896; x_wconf 81' lang='lat' dir='ltr'><strong>vitiis</strong></span> <span class='ocrx_word' id='word_1_151' title='bbox 1297 1849 1547 1896; x_wconf 90' lang='lat' dir='ltr'><strong>carentes</strong></span> <span class='ocrx_word' id='word_1_152' title='bbox 1574 1841 1806 1898; x_wconf 89' lang='lat' dir='ltr'><strong>virtutes</strong></span> <span class='ocrx_word' id='word_1_153' title='bbox 1837 1857 1977 1899; x_wconf 88' lang='lat' dir='ltr'><strong>novo</strong></span> 
     </span>
    </p>
   </div>
   <div class='ocr_carea' id='block_1_19' title="bbox 402 1931 1978 1991">
    <p class='ocr_par' dir='ltr' id='par_1_19' title="bbox 402 1931 1978 1991">
     <span class='ocr_line' id='line_1_19' title="bbox 402 1931 1978 1991; baseline 0.003 -5"><span class='ocrx_word' id='word_1_154' title='bbox 402 1947 505 1987; x_wconf 91' lang='lat' dir='ltr'><strong>usu</strong></span> <span class='ocrx_word' id='word_1_155' title='bbox 529 1931 791 1986; x_wconf 89' lang='lat' dir='ltr'><strong>vertimus</strong></span> <span class='ocrx_word' id='word_1_156' title='bbox 815 1931 869 1986; x_wconf 94' lang='lat' dir='ltr'><strong>in</strong></span> <span class='ocrx_word' id='word_1_157' title='bbox 897 1940 1169 1987; x_wconf 89' lang='lat' dir='ltr'><strong>naturam.</strong></span> <span class='ocrx_word' id='word_1_158' title='bbox 1199 1931 1263 1986; x_wconf 87' lang='lat' dir='ltr'><strong>Et</strong></span> <span class='ocrx_word' id='word_1_159' title='bbox 1293 1931 1366 1986; x_wconf 90' lang='lat' dir='ltr'><strong>ita</strong></span> <span class='ocrx_word' id='word_1_160' title='bbox 1397 1931 1613 1986; x_wconf 91' lang='lat' dir='ltr'><strong>demum</strong></span> <span class='ocrx_word' id='word_1_161' title='bbox 1663 1933 1862 1988; x_wconf 90' lang='lat' dir='ltr'><strong>merito</strong></span> <span class='ocrx_word' id='word_1_162' title='bbox 1910 1935 1978 1991; x_wconf 90' lang='lat' dir='ltr'><strong>ad</strong></span> 
     </span>
    </p>
   </div>
   <div class='ocr_carea' id='block_1_20' title="bbox 401 2025 1974 2096">
    <p class='ocr_par' dir='ltr' id='par_1_20' title="bbox 401 2025 1974 2096">
     <span class='ocr_line' id='line_1_20' title="bbox 401 2025 1974 2096; baseline 0.001 -16"><span class='ocrx_word' id='word_1_163' title='bbox 401 2040 505 2082; x_wconf 91' lang='lat' dir='ltr'><strong>nos</strong></span> <span class='ocrx_word' id='word_1_164' title='bbox 553 2025 688 2081; x_wconf 90' lang='lat' dir='ltr'><strong>dicit</strong></span> <span class='ocrx_word' id='word_1_165' title='bbox 738 2040 917 2080; x_wconf 87' lang='lat' dir='ltr'><strong>sermo</strong></span> <span class='ocrx_word' id='word_1_166' title='bbox 963 2026 1179 2081; x_wconf 91' lang='lat' dir='ltr'><strong>divinus</strong></span> <span class='ocrx_word' id='word_1_167' title='bbox 1231 2041 1292 2081; x_wconf 90' lang='lat' dir='ltr'><strong>ea</strong></span> <span class='ocrx_word' id='word_1_168' title='bbox 1345 2041 1467 2094; x_wconf 64' lang='lat' dir='ltr'><strong>quae</strong></span> <span class='ocrx_word' id='word_1_169' title='bbox 1519 2034 1818 2096; x_wconf 91' lang='lat' dir='ltr'><strong>sequuntur</strong></span> <span class='ocrx_word' id='word_1_170' title='bbox 1863 2027 1909 2058; x_wconf 79' lang='grc'><strong>¹⁶</strong></span> <span class='ocrx_word' id='word_1_171' title='bbox 1962 2050 1974 2082; x_wconf 85' lang='grc'>;</span> 
     </span>
    </p>
   </div>
   <div class='ocr_carea' id='block_1_21' title="bbox 407 2117 1978 2190">
    <p class='ocr_par' dir='ltr' id='par_1_21' title="bbox 407 2117 1978 2190">
     <span class='ocr_line' id='line_1_21' title="bbox 407 2117 1978 2190; baseline 0.003 -19"><span class='ocrx_word' id='word_1_172' title='bbox 407 2137 428 2171; x_wconf 75' lang='grc' dir='ltr'>ι</span> <span class='ocrx_word' id='word_1_173' title='bbox 475 2117 746 2175; x_wconf 81' lang='lat' dir='ltr'><strong>Hodierna</strong></span> <span class='ocrx_word' id='word_1_174' title='bbox 784 2118 870 2174; x_wconf 88' lang='lat' dir='ltr'><strong>die</strong></span> <span class='ocrx_word' id='word_1_175' title='bbox 909 2117 1106 2174; x_wconf 87' lang='lat' dir='ltr'><strong>abstuli</strong></span> <span class='ocrx_word' id='word_1_176' title='bbox 1159 2120 1510 2189; x_wconf 88' lang='lat' dir='ltr'><strong>opprobrium</strong></span> <span class='ocrx_word' id='word_1_177' title='bbox 1549 2117 1772 2190; x_wconf 62' lang='lat' dir='ltr'><strong>[Egypti</strong></span> <span class='ocrx_word' id='word_1_178' title='bbox 1812 2135 1842 2173; x_wconf 92' lang='lat' dir='ltr'><strong>a</strong></span> <span class='ocrx_word' id='word_1_179' title='bbox 1882 2135 1978 2175; x_wconf 86' lang='lat' dir='ltr'><strong>vo-</strong></span> 
     </span>
    </p>
   </div>
   <div class='ocr_carea' id='block_1_22' title="bbox 397 2209 1974 2281">
    <p class='ocr_par' dir='ltr' id='par_1_22' title="bbox 397 2209 1974 2281">
     <span class='ocr_line' id='line_1_22' title="bbox 397 2209 1974 2281; baseline 0.001 -17"><span class='ocrx_word' id='word_1_180' title='bbox 397 2211 486 2266; x_wconf 81' lang='lat' dir='ltr'><strong>his</strong></span> <span class='ocrx_word' id='word_1_181' title='bbox 521 2229 536 2266; x_wconf 89' lang='lat'>:</span> <span class='ocrx_word' id='word_1_182' title='bbox 575 2229 595 2263; x_wconf 73' lang='grc' dir='ltr'><strong><em>ι</em></strong></span> <span class='ocrx_word' id='word_1_183' title='bbox 629 2211 757 2281; x_wconf 89' lang='lat' dir='ltr'><strong>quia</strong></span> <span class='ocrx_word' id='word_1_184' title='bbox 801 2219 1156 2280; x_wconf 83' lang='lat' dir='ltr'><strong>posteaquam</strong></span> <span class='ocrx_word' id='word_1_185' title='bbox 1207 2209 1445 2266; x_wconf 89' lang='lat' dir='ltr'><strong>ablatum</strong></span> <span class='ocrx_word' id='word_1_186' title='bbox 1487 2220 1571 2266; x_wconf 88' lang='lat' dir='ltr'><strong>est</strong></span> <span class='ocrx_word' id='word_1_187' title='bbox 1622 2211 1974 2281; x_wconf 87' lang='lat' dir='ltr'><strong>opprobrium</strong></span> 
     </span>
    </p>
   </div>
   <div class='ocr_carea' id='block_1_23' title="bbox 399 2300 1977 2375">
    <p class='ocr_par' dir='ltr' id='par_1_23' title="bbox 399 2300 1977 2375">
     <span class='ocr_line' id='line_1_23' title="bbox 399 2300 1977 2375; baseline 0.001 -16"><span class='ocrx_word' id='word_1_188' title='bbox 399 2300 647 2375; x_wconf 65' lang='lat' dir='ltr'><strong>Egypti,</strong></span> <span class='ocrx_word' id='word_1_189' title='bbox 681 2311 810 2357; x_wconf 90' lang='lat' dir='ltr'><strong>tunc</strong></span> <span class='ocrx_word' id='word_1_190' title='bbox 852 2301 1054 2358; x_wconf 91' lang='lat' dir='ltr'><strong>dicitur</strong></span> <span class='ocrx_word' id='word_1_191' title='bbox 1081 2303 1124 2335; x_wconf 81' lang='grc'><strong>¹⁹</strong></span> <span class='ocrx_word' id='word_1_192' title='bbox 1157 2321 1171 2357; x_wconf 91' lang='lat'><strong>:</strong></span> <span class='ocrx_word' id='word_1_193' title='bbox 1210 2321 1230 2355; x_wconf 76' lang='grc' dir='ltr'><strong><em>ι</em></strong></span> <span class='ocrx_word' id='word_1_194' title='bbox 1267 2302 1336 2357; x_wconf 89' lang='lat' dir='ltr'><strong>Et</strong></span> <span class='ocrx_word' id='word_1_195' title='bbox 1376 2301 1630 2358; x_wconf 82' lang='lat' dir='ltr'><strong>fecerunt</strong></span> <span class='ocrx_word' id='word_1_196' title='bbox 1661 2303 1757 2358; x_wconf 81' lang='lat' dir='ltr'><strong>ﬁlii</strong></span> <span class='ocrx_word' id='word_1_197' title='bbox 1811 2303 1977 2360; x_wconf 89' lang='lat' dir='ltr'><strong>Israel</strong></span> 
     </span>
    </p>
   </div>
   <div class='ocr_carea' id='block_1_24' title="bbox 401 2392 1974 2465">
    <p class='ocr_par' dir='ltr' id='par_1_24' title="bbox 401 2392 1974 2465">
     <span class='ocr_line' id='line_1_24' title="bbox 401 2392 1974 2465; baseline 0.001 -18"><span class='ocrx_word' id='word_1_198' title='bbox 401 2395 609 2465; x_wconf 86' lang='lat' dir='ltr'><strong>pascha</strong></span> <span class='ocrx_word' id='word_1_199' title='bbox 647 2403 839 2464; x_wconf 88' lang='lat' dir='ltr'><strong>quarta</strong></span> <span class='ocrx_word' id='word_1_200' title='bbox 866 2393 1076 2448; x_wconf 84' lang='lat' dir='ltr'><strong>decima</strong></span> <span class='ocrx_word' id='word_1_201' title='bbox 1107 2393 1194 2448; x_wconf 89' lang='lat' dir='ltr'><strong>die</strong></span> <span class='ocrx_word' id='word_1_202' title='bbox 1242 2393 1446 2448; x_wconf 86' lang='lat' dir='ltr'><strong>mensis</strong></span> <span class='ocrx_word' id='word_1_203' title='bbox 1473 2392 1640 2464; x_wconf 91' lang='lat' dir='ltr'><strong>primi</strong></span> <span class='ocrx_word' id='word_1_204' title='bbox 1684 2392 1974 2465; x_wconf 67' lang='lat' dir='ltr'><strong>(75).»Non</strong></span> 
     </span>
    </p>
   </div>
   <div class='ocr_carea' id='block_1_25' title="bbox 397 2485 1976 2556">
    <p class='ocr_par' dir='ltr' id='par_1_25' title="bbox 397 2485 1976 2556">
     <span class='ocr_line' id='line_1_25' title="bbox 397 2485 1976 2556; baseline -0.001 -16"><span class='ocrx_word' id='word_1_205' title='bbox 397 2485 549 2540; x_wconf 87' lang='lat' dir='ltr'><strong>enim</strong></span> <span class='ocrx_word' id='word_1_206' title='bbox 581 2493 711 2540; x_wconf 87' lang='lat' dir='ltr'><strong>ante</strong></span> <span class='ocrx_word' id='word_1_207' title='bbox 742 2485 1215 2540; x_wconf 84' lang='lat' dir='ltr'><strong>circumcisionem</strong></span> <span class='ocrx_word' id='word_1_208' title='bbox 1253 2486 1450 2555; x_wconf 89' lang='lat' dir='ltr'><strong>pascha</strong></span> <span class='ocrx_word' id='word_1_209' title='bbox 1484 2485 1666 2540; x_wconf 87' lang='lat' dir='ltr'><strong>facere</strong></span> <span class='ocrx_word' id='word_1_210' title='bbox 1699 2493 1976 2556; x_wconf 88' lang='lat' dir='ltr'><strong>poterant,</strong></span> 
     </span>
    </p>
   </div>
   <div class='ocr_carea' id='block_1_26' title="bbox 401 2578 1976 2648">
    <p class='ocr_par' dir='ltr' id='par_1_26' title="bbox 401 2578 1976 2648">
     <span class='ocr_line' id='line_1_26' title="bbox 401 2578 1976 2648; baseline 0 -15"><span class='ocrx_word' id='word_1_211' title='bbox 401 2580 498 2634; x_wconf 85' lang='lat' dir='ltr'><strong>sed</strong></span> <span class='ocrx_word' id='word_1_212' title='bbox 537 2593 714 2648; x_wconf 89' lang='lat' dir='ltr'><strong>neque</strong></span> <span class='ocrx_word' id='word_1_213' title='bbox 744 2579 926 2633; x_wconf 90' lang='lat' dir='ltr'><strong>statim</strong></span> <span class='ocrx_word' id='word_1_214' title='bbox 961 2587 1083 2647; x_wconf 91' lang='lat' dir='ltr'><strong>post</strong></span> <span class='ocrx_word' id='word_1_215' title='bbox 1126 2578 1596 2635; x_wconf 89' lang='lat' dir='ltr'><strong>circumcisionem</strong></span> <span class='ocrx_word' id='word_1_216' title='bbox 1627 2593 1824 2634; x_wconf 90' lang='lat' dir='ltr'><strong>carnes</strong></span> <span class='ocrx_word' id='word_1_217' title='bbox 1851 2579 1976 2646; x_wconf 76' lang='lat' dir='ltr'><strong>agni</strong></span> 
     </span>
    </p>
   </div>
   <div class='ocr_carea' id='block_1_27' title="bbox 397 2669 1974 2742">
    <p class='ocr_par' dir='ltr' id='par_1_27' title="bbox 397 2669 1974 2742">
     <span class='ocr_line' id='line_1_27' title="bbox 397 2669 1974 2742; baseline -0.001 -16"><span class='ocrx_word' id='word_1_218' title='bbox 397 2670 709 2737; x_wconf 84' lang='lat' dir='ltr'><strong>comedere,</strong></span> <span class='ocrx_word' id='word_1_219' title='bbox 742 2678 1036 2738; x_wconf 86' lang='lat' dir='ltr'><strong>antequam</strong></span> <span class='ocrx_word' id='word_1_220' title='bbox 1084 2680 1430 2726; x_wconf 87' lang='lat' dir='ltr'><strong>sanarentur.</strong></span> <span class='ocrx_word' id='word_1_221' title='bbox 1459 2669 1571 2726; x_wconf 90' lang='lat' dir='ltr'><strong>Sed</strong></span> <span class='ocrx_word' id='word_1_222' title='bbox 1619 2681 1974 2742; x_wconf 86' lang='lat' dir='ltr'><strong>posteaquam</strong></span> 
     </span>
    </p>
   </div>
   <div class='ocr_carea' id='block_1_28' title="bbox 397 2761 1976 2832">
    <p class='ocr_par' dir='ltr' id='par_1_28' title="bbox 397 2761 1976 2832">
     <span class='ocr_line' id='line_1_28' title="bbox 397 2761 1976 2832; baseline -0.001 -15"><span class='ocrx_word' id='word_1_223' title='bbox 397 2762 574 2817; x_wconf 87' lang='lat' dir='ltr'><strong>sanati</strong></span> <span class='ocrx_word' id='word_1_224' title='bbox 600 2770 752 2826; x_wconf 90' lang='lat' dir='ltr'><strong>sunt,</strong></span> <span class='ocrx_word' id='word_1_225' title='bbox 789 2761 988 2816; x_wconf 89' lang='lat' dir='ltr'><strong>dicitur</strong></span> <span class='ocrx_word' id='word_1_226' title='bbox 1014 2761 1140 2830; x_wconf 88' lang='lat' dir='ltr'><strong>quia</strong></span> <span class='ocrx_word' id='word_1_227' title='bbox 1167 2761 1412 2816; x_wconf 89' lang='lat' dir='ltr'><strong>fecerunt</strong></span> <span class='ocrx_word' id='word_1_228' title='bbox 1443 2763 1646 2832; x_wconf 91' lang='lat' dir='ltr'><strong>pascha</strong></span> <span class='ocrx_word' id='word_1_229' title='bbox 1682 2762 1776 2818; x_wconf 83' lang='lat' dir='ltr'><strong>filii</strong></span> <span class='ocrx_word' id='word_1_230' title='bbox 1809 2763 1976 2818; x_wconf 91' lang='lat' dir='ltr'><strong>Israel</strong></span> 
     </span>
    </p>
   </div>
   <div class='ocr_carea' id='block_1_29' title="bbox 397 2854 1976 2932">
    <p class='ocr_par' dir='ltr' id='par_1_29' title="bbox 397 2854 1976 2932">
     <span class='ocr_line' id='line_1_29' title="bbox 397 2854 1976 2932; baseline 0.002 -22"><span class='ocrx_word' id='word_1_231' title='bbox 397 2854 808 2926; x_wconf 90' lang='lat' dir='ltr'><strong>quartadecima</strong></span> <span class='ocrx_word' id='word_1_232' title='bbox 859 2854 947 2909; x_wconf 91' lang='lat' dir='ltr'><strong>die</strong></span> <span class='ocrx_word' id='word_1_233' title='bbox 994 2855 1221 2909; x_wconf 89' lang='lat' dir='ltr'><strong>mensis.</strong></span> <span class='ocrx_word' id='word_1_234' title='bbox 1256 2854 1416 2932; x_wconf 53' lang='lat' dir='ltr'><strong>Vides</strong></span> <span class='ocrx_word' id='word_1_235' title='bbox 1462 2869 1593 2926; x_wconf 81' lang='lat' dir='ltr'><strong>ergo</strong></span> <span class='ocrx_word' id='word_1_236' title='bbox 1636 2855 1766 2926; x_wconf 89' lang='lat' dir='ltr'><strong>quia</strong></span> <span class='ocrx_word' id='word_1_237' title='bbox 1816 2871 1976 2913; x_wconf 90' lang='lat' dir='ltr'><strong>nemo</strong></span> 
     </span>
    </p>
   </div>
   <div class='ocr_carea' id='block_1_30' title="bbox 401 2944 1974 3014">
    <p class='ocr_par' dir='ltr' id='par_1_30' title="bbox 401 2944 1974 3014">
     <span class='ocr_line' id='line_1_30' title="bbox 401 2944 1974 3014; baseline 0.001 -14"><span class='ocrx_word' id='word_1_238' title='bbox 401 2945 716 3001; x_wconf 87' lang='lat' dir='ltr'><strong>immundus</strong></span> <span class='ocrx_word' id='word_1_239' title='bbox 753 2944 884 3000; x_wconf 89' lang='lat' dir='ltr'><strong>facit</strong></span> <span class='ocrx_word' id='word_1_240' title='bbox 930 2945 1153 3014; x_wconf 86' lang='lat' dir='ltr'><strong>pascha,</strong></span> <span class='ocrx_word' id='word_1_241' title='bbox 1185 2960 1344 2999; x_wconf 81' lang='lat' dir='ltr'><strong>neruo</strong></span> <span class='ocrx_word' id='word_1_242' title='bbox 1394 2945 1830 3012; x_wconf 85' lang='lat' dir='ltr'><strong>incircumcisus,</strong></span> <span class='ocrx_word' id='word_1_243' title='bbox 1879 2947 1974 3002; x_wconf 88' lang='lat' dir='ltr'><strong>sed</strong></span> 
     </span>
    </p>
   </div>
   <div class='ocr_carea' id='block_1_31' title="bbox 2079 634 3649 708">
    <p class='ocr_par' dir='ltr' id='par_1_31' title="bbox 2079 634 3649 708">
     <span class='ocr_line' id='line_1_31' title="bbox 2079 634 3649 708; baseline -0.004 -18"><span class='ocrx_word' id='word_1_244' title='bbox 2079 652 2204 691; x_wconf 91' lang='lat' dir='ltr'><strong>nem</strong></span> <span class='ocrx_word' id='word_1_245' title='bbox 2237 637 2376 708; x_wconf 88' lang='lat'><strong>(79),</strong></span> <span class='ocrx_word' id='word_1_246' title='bbox 2411 651 2530 706; x_wconf 70' lang='lat' dir='ltr'><strong>quae</strong></span> <span class='ocrx_word' id='word_1_247' title='bbox 2557 635 2812 706; x_wconf 81' lang='lat' dir='ltr'><strong>exiguum</strong></span> <span class='ocrx_word' id='word_1_248' title='bbox 2847 634 3050 704; x_wconf 89' lang='lat' dir='ltr'><strong>aliquid</strong></span> <span class='ocrx_word' id='word_1_249' title='bbox 3076 634 3271 703; x_wconf 88' lang='lat' dir='ltr'><strong>juvare</strong></span> <span class='ocrx_word' id='word_1_250' title='bbox 3307 647 3404 687; x_wconf 88' lang='lat' dir='ltr'><strong>nos</strong></span> <span class='ocrx_word' id='word_1_251' title='bbox 3448 640 3649 703; x_wconf 86' lang='lat' dir='ltr'><strong>potest.</strong></span> 
     </span>
    </p>
   </div>
   <div class='ocr_carea' id='block_1_32' title="bbox 2076 724 3651 797">
    <p class='ocr_par' dir='ltr' id='par_1_32' title="bbox 2076 724 3651 797">
     <span class='ocr_line' id='line_1_32' title="bbox 2076 724 3651 797; baseline -0.003 -17"><span class='ocrx_word' id='word_1_252' title='bbox 2076 724 2134 780; x_wconf 90' lang='lat' dir='ltr'><strong>In</strong></span> <span class='ocrx_word' id='word_1_253' title='bbox 2163 741 2347 781; x_wconf 88' lang='lat' dir='ltr'><strong>eremo</strong></span> <span class='ocrx_word' id='word_1_254' title='bbox 2391 742 2522 782; x_wconf 91' lang='lat' dir='ltr'><strong>vero</strong></span> <span class='ocrx_word' id='word_1_255' title='bbox 2555 727 2742 797; x_wconf 90' lang='lat' dir='ltr'><strong>positi,</strong></span> <span class='ocrx_word' id='word_1_256' title='bbox 2793 726 2846 780; x_wconf 90' lang='lat' dir='ltr'><strong>id</strong></span> <span class='ocrx_word' id='word_1_257' title='bbox 2884 735 2991 791; x_wconf 88' lang='lat' dir='ltr'><strong>est,</strong></span> <span class='ocrx_word' id='word_1_258' title='bbox 3020 726 3073 780; x_wconf 92' lang='lat' dir='ltr'><strong>in</strong></span> <span class='ocrx_word' id='word_1_259' title='bbox 3116 726 3220 782; x_wconf 92' lang='lat' dir='ltr'><strong>hoc</strong></span> <span class='ocrx_word' id='word_1_260' title='bbox 3275 726 3329 779; x_wconf 92' lang='lat' dir='ltr'><strong>in</strong></span> <span class='ocrx_word' id='word_1_261' title='bbox 3367 739 3479 794; x_wconf 84' lang='lat' dir='ltr'><strong>quo</strong></span> <span class='ocrx_word' id='word_1_262' title='bbox 3506 737 3651 778; x_wconf 89' lang='lat' dir='ltr'><strong>nunc</strong></span> 
     </span>
    </p>
   </div>
   <div class='ocr_carea' id='block_1_33' title="bbox 2076 814 3649 886">
    <p class='ocr_par' dir='ltr' id='par_1_33' title="bbox 2076 814 3649 886">
     <span class='ocr_line' id='line_1_33' title="bbox 2076 814 3649 886; baseline -0.003 -13"><span class='ocrx_word' id='word_1_263' title='bbox 2076 832 2265 874; x_wconf 90' lang='lat' dir='ltr'><strong>sumus</strong></span> <span class='ocrx_word' id='word_1_264' title='bbox 2304 819 2429 873; x_wconf 75' lang='lat' dir='ltr'><strong>vita:</strong></span> <span class='ocrx_word' id='word_1_265' title='bbox 2452 829 2621 884; x_wconf 90' lang='lat' dir='ltr'><strong>statu,</strong></span> <span class='ocrx_word' id='word_1_266' title='bbox 2651 834 2848 874; x_wconf 90' lang='lat' dir='ltr'><strong>manna</strong></span> <span class='ocrx_word' id='word_1_267' title='bbox 2897 818 3193 883; x_wconf 82' lang='lat' dir='ltr'><strong>vescimur,</strong></span> <span class='ocrx_word' id='word_1_268' title='bbox 3218 831 3316 886; x_wconf 91' lang='lat' dir='ltr'><strong>per</strong></span> <span class='ocrx_word' id='word_1_269' title='bbox 3356 817 3461 872; x_wconf 91' lang='lat' dir='ltr'><strong>hoc</strong></span> <span class='ocrx_word' id='word_1_270' title='bbox 3506 814 3649 884; x_wconf 91' lang='lat' dir='ltr'><strong>quod</strong></span> 
     </span>
    </p>
   </div>
   <div class='ocr_carea' id='block_1_34' title="bbox 2077 907 3652 981">
    <p class='ocr_par' dir='ltr' id='par_1_34' title="bbox 2077 907 3652 981">
     <span class='ocr_line' id='line_1_34' title="bbox 2077 907 3652 981; baseline -0.002 -17"><span class='ocrx_word' id='word_1_271' title='bbox 2077 909 2272 965; x_wconf 70' lang='lat' dir='ltr'><strong>divinae</strong></span> <span class='ocrx_word' id='word_1_272' title='bbox 2322 907 2456 981; x_wconf 81' lang='lat' dir='ltr'><strong>legis</strong></span> <span class='ocrx_word' id='word_1_273' title='bbox 2514 909 2970 966; x_wconf 84' lang='lat' dir='ltr'><strong>instructionihus</strong></span> <span class='ocrx_word' id='word_1_274' title='bbox 3019 911 3322 965; x_wconf 88' lang='lat' dir='ltr'><strong>erudimur.</strong></span> <span class='ocrx_word' id='word_1_275' title='bbox 3365 907 3470 976; x_wconf 86' lang='lat' dir='ltr'><strong>Qui</strong></span> <span class='ocrx_word' id='word_1_276' title='bbox 3515 920 3652 961; x_wconf 90' lang='lat' dir='ltr'><strong>vero</strong></span> 
     </span>
    </p>
   </div>
   <div class='ocr_carea' id='block_1_35' title="bbox 2079 1002 3649 1073">
    <p class='ocr_par' dir='ltr' id='par_1_35' title="bbox 2079 1002 3649 1073">
     <span class='ocr_line' id='line_1_35' title="bbox 2079 1002 3649 1073; baseline -0.001 -17"><span class='ocrx_word' id='word_1_277' title='bbox 2079 1002 2341 1058; x_wconf 89' lang='lat' dir='ltr'><strong>meruerit</strong></span> <span class='ocrx_word' id='word_1_278' title='bbox 2375 1012 2575 1059; x_wconf 82' lang='lat' dir='ltr'><strong>terram</strong></span> <span class='ocrx_word' id='word_1_279' title='bbox 2622 1003 3061 1073; x_wconf 85' lang='lat' dir='ltr'><strong>repromissionis</strong></span> <span class='ocrx_word' id='word_1_280' title='bbox 3095 1004 3326 1068; x_wconf 89' lang='lat' dir='ltr'><strong>intrare,</strong></span> <span class='ocrx_word' id='word_1_281' title='bbox 3357 1003 3410 1057; x_wconf 89' lang='lat' dir='ltr'><strong>id</strong></span> <span class='ocrx_word' id='word_1_282' title='bbox 3449 1011 3553 1067; x_wconf 88' lang='lat' dir='ltr'><strong>est,</strong></span> <span class='ocrx_word' id='word_1_283' title='bbox 3579 1015 3649 1056; x_wconf 88' lang='lat' dir='ltr'><strong>ea</strong></span> 
     </span>
    </p>
   </div>
   <div class='ocr_carea' id='block_1_36' title="bbox 2080 1095 3650 1168">
    <p class='ocr_par' dir='ltr' id='par_1_36' title="bbox 2080 1095 3650 1168">
     <span class='ocr_line' id='line_1_36' title="bbox 2080 1095 3650 1168; baseline 0.003 -19"><span class='ocrx_word' id='word_1_284' title='bbox 2080 1111 2200 1168; x_wconf 85' lang='lat' dir='ltr'><strong>quae</strong></span> <span class='ocrx_word' id='word_1_285' title='bbox 2238 1112 2268 1151; x_wconf 91' lang='lat' dir='ltr'><strong>a</strong></span> <span class='ocrx_word' id='word_1_286' title='bbox 2323 1096 2605 1153; x_wconf 88' lang='lat' dir='ltr'><strong>Salvatore</strong></span> <span class='ocrx_word' id='word_1_287' title='bbox 2651 1098 2985 1168; x_wconf 87' lang='lat' dir='ltr'><strong>repromissa</strong></span> <span class='ocrx_word' id='word_1_288' title='bbox 3031 1107 3159 1154; x_wconf 88' lang='lat' dir='ltr'><strong>sunt</strong></span> <span class='ocrx_word' id='word_1_289' title='bbox 3206 1097 3506 1167; x_wconf 88' lang='lat' dir='ltr'><strong>consequi,</strong></span> <span class='ocrx_word' id='word_1_290' title='bbox 3557 1095 3650 1154; x_wconf 85' lang='lat' dir='ltr'><strong>ille</strong></span> 
     </span>
    </p>
   </div>
   <div class='ocr_carea' id='block_1_37' title="bbox 2076 1183 3653 1260">
    <p class='ocr_par' dir='ltr' id='par_1_37' title="bbox 2076 1183 3653 1260">
     <span class='ocr_line' id='line_1_37' title="bbox 2076 1183 3653 1260; baseline 0 -16"><span class='ocrx_word' id='word_1_291' title='bbox 2076 1189 2190 1244; x_wconf 91' lang='lat' dir='ltr'><strong>edit</strong></span> <span class='ocrx_word' id='word_1_292' title='bbox 2225 1188 2434 1244; x_wconf 86' lang='lat' dir='ltr'><strong>fructus</strong></span> <span class='ocrx_word' id='word_1_293' title='bbox 2462 1205 2493 1244; x_wconf 92' lang='lat' dir='ltr'><strong>e</strong></span> <span class='ocrx_word' id='word_1_294' title='bbox 2536 1189 2760 1260; x_wconf 75' lang='lat' dir='ltr'><strong>regione</strong></span> <span class='ocrx_word' id='word_1_295' title='bbox 2784 1183 3134 1258; x_wconf 87' lang='lat' dir='ltr'><strong>palmarum.</strong></span> <span class='ocrx_word' id='word_1_296' title='bbox 3177 1189 3318 1244; x_wconf 78' lang='lat' dir='ltr'><strong>Vere</strong></span> <span class='ocrx_word' id='word_1_297' title='bbox 3358 1188 3502 1244; x_wconf 92' lang='lat' dir='ltr'><strong>enim</strong></span> <span class='ocrx_word' id='word_1_298' title='bbox 3541 1187 3653 1244; x_wconf 85' lang='lat' dir='ltr'><strong>fru-</strong></span> 
     </span>
    </p>
   </div>
   <div class='ocr_carea' id='block_1_38' title="bbox 2077 1279 3650 1350">
    <p class='ocr_par' dir='ltr' id='par_1_38' title="bbox 2077 1279 3650 1350">
     <span class='ocr_line' id='line_1_38' title="bbox 2077 1279 3650 1350; baseline 0 -16"><span class='ocrx_word' id='word_1_299' title='bbox 2077 1289 2224 1334; x_wconf 93' lang='lat' dir='ltr'><strong>ctum</strong></span> <span class='ocrx_word' id='word_1_300' title='bbox 2256 1279 2449 1349; x_wconf 65' lang='lat' dir='ltr'><strong>palma:</strong></span> <span class='ocrx_word' id='word_1_301' title='bbox 2472 1281 2730 1344; x_wconf 90' lang='lat' dir='ltr'><strong>inveniet,</strong></span> <span class='ocrx_word' id='word_1_302' title='bbox 2752 1281 2842 1350; x_wconf 91' lang='lat' dir='ltr'><strong>qui</strong></span> <span class='ocrx_word' id='word_1_303' title='bbox 2867 1281 3079 1336; x_wconf 82' lang='lat' dir='ltr'><strong>devicto</strong></span> <span class='ocrx_word' id='word_1_304' title='bbox 3103 1281 3258 1336; x_wconf 86' lang='lat' dir='ltr'><strong>hoste</strong></span> <span class='ocrx_word' id='word_1_305' title='bbox 3284 1279 3350 1334; x_wconf 90' lang='lat' dir='ltr'><strong>ad</strong></span> <span class='ocrx_word' id='word_1_306' title='bbox 3383 1279 3650 1348; x_wconf 84' lang='lat' dir='ltr'><strong>promissa</strong></span> 
     </span>
    </p>
   </div>
   <div class='ocr_carea' id='block_1_39' title="bbox 2077 1373 3652 1444">
    <p class='ocr_par' dir='ltr' id='par_1_39' title="bbox 2077 1373 3652 1444">
     <span class='ocr_line' id='line_1_39' title="bbox 2077 1373 3652 1444; baseline -0.001 -16"><span class='ocrx_word' id='word_1_307' title='bbox 2077 1373 2404 1442; x_wconf 87' lang='lat' dir='ltr'><strong>pervenerit.</strong></span> <span class='ocrx_word' id='word_1_308' title='bbox 2449 1373 2666 1430; x_wconf 87' lang='lat' dir='ltr'><strong>Certum</strong></span> <span class='ocrx_word' id='word_1_309' title='bbox 2699 1387 2933 1444; x_wconf 86' lang='lat' dir='ltr'><strong>namque</strong></span> <span class='ocrx_word' id='word_1_310' title='bbox 2979 1383 3086 1438; x_wconf 86' lang='lat' dir='ltr'><strong>est,</strong></span> <span class='ocrx_word' id='word_1_311' title='bbox 3136 1373 3279 1444; x_wconf 92' lang='lat' dir='ltr'><strong>quod</strong></span> <span class='ocrx_word' id='word_1_312' title='bbox 3311 1380 3652 1444; x_wconf 88' lang='lat' dir='ltr'><strong>quantacun-</strong></span> 
     </span>
    </p>
   </div>
   <div class='ocr_carea' id='block_1_40' title="bbox 2077 1464 3649 1536">
    <p class='ocr_par' dir='ltr' id='par_1_40' title="bbox 2077 1464 3649 1536">
     <span class='ocr_line' id='line_1_40' title="bbox 2077 1464 3649 1536; baseline 0.001 -19"><span class='ocrx_word' id='word_1_313' title='bbox 2077 1479 2183 1534; x_wconf 92' lang='lat' dir='ltr'><strong>que</strong></span> <span class='ocrx_word' id='word_1_314' title='bbox 2211 1464 2298 1518; x_wconf 88' lang='lat' dir='ltr'><strong>illa</strong></span> <span class='ocrx_word' id='word_1_315' title='bbox 2330 1473 2475 1532; x_wconf 89' lang='lat' dir='ltr'><strong>sunt,</strong></span> <span class='ocrx_word' id='word_1_316' title='bbox 2510 1480 2631 1535; x_wconf 72' lang='lat' dir='ltr'><strong>qua:</strong></span> <span class='ocrx_word' id='word_1_317' title='bbox 2659 1481 2804 1520; x_wconf 90' lang='lat' dir='ltr'><strong>nunc</strong></span> <span class='ocrx_word' id='word_1_318' title='bbox 2831 1465 2887 1520; x_wconf 93' lang='lat' dir='ltr'><strong>in</strong></span> <span class='ocrx_word' id='word_1_319' title='bbox 2929 1466 3048 1536; x_wconf 82' lang='lat' dir='ltr'><strong>lege</strong></span> <span class='ocrx_word' id='word_1_320' title='bbox 3077 1465 3190 1530; x_wconf 91' lang='lat' dir='ltr'><strong>Dei,</strong></span> <span class='ocrx_word' id='word_1_321' title='bbox 3216 1466 3299 1520; x_wconf 91' lang='lat' dir='ltr'><strong>vel</strong></span> <span class='ocrx_word' id='word_1_322' title='bbox 3334 1465 3533 1520; x_wconf 91' lang='lat' dir='ltr'><strong>divinis</strong></span> <span class='ocrx_word' id='word_1_323' title='bbox 3556 1465 3649 1519; x_wconf 86' lang='lat' dir='ltr'><strong>lit-</strong></span> 
     </span>
    </p>
   </div>
   <div class='ocr_carea' id='block_1_41' title="bbox 2078 1557 3650 1629">
    <p class='ocr_par' dir='ltr' id='par_1_41' title="bbox 2078 1557 3650 1629">
     <span class='ocr_line' id='line_1_41' title="bbox 2078 1557 3650 1629; baseline 0.001 -17"><span class='ocrx_word' id='word_1_324' title='bbox 2078 1557 2212 1612; x_wconf 89' lang='lat' dir='ltr'><strong>teris</strong></span> <span class='ocrx_word' id='word_1_325' title='bbox 2239 1557 2544 1629; x_wconf 72' lang='lat' dir='ltr'><strong>intelligere</strong></span> <span class='ocrx_word' id='word_1_326' title='bbox 2573 1574 2863 1628; x_wconf 88' lang='lat' dir='ltr'><strong>possumus</strong></span> <span class='ocrx_word' id='word_1_327' title='bbox 2901 1569 2994 1614; x_wconf 91' lang='lat' dir='ltr'><strong>aut</strong></span> <span class='ocrx_word' id='word_1_328' title='bbox 3018 1561 3240 1625; x_wconf 92' lang='lat' dir='ltr'><strong>sentire,</strong></span> <span class='ocrx_word' id='word_1_329' title='bbox 3269 1558 3442 1613; x_wconf 93' lang='lat' dir='ltr'><strong>multo</strong></span> <span class='ocrx_word' id='word_1_330' title='bbox 3482 1557 3650 1614; x_wconf 91' lang='lat' dir='ltr'><strong>subli-</strong></span> 
     </span>
    </p>
   </div>
   <div class='ocr_carea' id='block_1_42' title="bbox 2079 1649 3652 1721">
    <p class='ocr_par' dir='ltr' id='par_1_42' title="bbox 2079 1649 3652 1721">
     <span class='ocr_line' id='line_1_42' title="bbox 2079 1649 3652 1721; baseline 0.003 -19"><span class='ocrx_word' id='word_1_331' title='bbox 2079 1651 2252 1704; x_wconf 91' lang='lat' dir='ltr'><strong>miora</strong></span> <span class='ocrx_word' id='word_1_332' title='bbox 2281 1657 2338 1704; x_wconf 92' lang='lat' dir='ltr'><strong>et</strong></span> <span class='ocrx_word' id='word_1_333' title='bbox 2371 1649 2676 1705; x_wconf 81' lang='lat' dir='ltr'><strong>excelsiora</strong></span> <span class='ocrx_word' id='word_1_334' title='bbox 2719 1661 2881 1706; x_wconf 90' lang='lat' dir='ltr'><strong>erunt</strong></span> <span class='ocrx_word' id='word_1_335' title='bbox 2927 1651 3038 1714; x_wconf 90' lang='lat' dir='ltr'><strong>illa,</strong></span> <span class='ocrx_word' id='word_1_336' title='bbox 3085 1667 3207 1721; x_wconf 67' lang='lat' dir='ltr'><strong>quae</strong></span> <span class='ocrx_word' id='word_1_337' title='bbox 3233 1663 3492 1707; x_wconf 82' lang='lat' dir='ltr'><strong>cessante</strong></span> <span class='ocrx_word' id='word_1_338' title='bbox 3513 1651 3652 1708; x_wconf 64' lang='lat' dir='ltr'><strong>ani-</strong></span> 
     </span>
    </p>
   </div>
   <div class='ocr_carea' id='block_1_43' title="bbox 2079 1740 3646 1813">
    <p class='ocr_par' dir='ltr' id='par_1_43' title="bbox 2079 1740 3646 1813">
     <span class='ocr_line' id='line_1_43' title="bbox 2079 1740 3646 1813; baseline 0.002 -18"><span class='ocrx_word' id='word_1_339' title='bbox 2079 1752 2261 1811; x_wconf 81' lang='lat' dir='ltr'><strong>gmate</strong></span> <span class='ocrx_word' id='word_1_340' title='bbox 2296 1740 2439 1797; x_wconf 87' lang='lat' dir='ltr'><strong>facie</strong></span> <span class='ocrx_word' id='word_1_341' title='bbox 2468 1743 2536 1798; x_wconf 89' lang='lat' dir='ltr'><strong>ad</strong></span> <span class='ocrx_word' id='word_1_342' title='bbox 2564 1741 2762 1797; x_wconf 82' lang='lat' dir='ltr'><strong>faciem</strong></span> <span class='ocrx_word' id='word_1_343' title='bbox 2796 1743 2968 1799; x_wconf 89' lang='lat' dir='ltr'><strong>sancti</strong></span> <span class='ocrx_word' id='word_1_344' title='bbox 2999 1743 3201 1813; x_wconf 88' lang='lat' dir='ltr'><strong>quique</strong></span> <span class='ocrx_word' id='word_1_345' title='bbox 3235 1742 3418 1798; x_wconf 89' lang='lat' dir='ltr'><strong>videre</strong></span> <span class='ocrx_word' id='word_1_346' title='bbox 3470 1756 3646 1798; x_wconf 90' lang='lat' dir='ltr'><strong>mere-</strong></span> 
     </span>
    </p>
   </div>
   <div class='ocr_carea' id='block_1_44' title="bbox 2077 1833 3651 1904">
    <p class='ocr_par' dir='ltr' id='par_1_44' title="bbox 2077 1833 3651 1904">
     <span class='ocr_line' id='line_1_44' title="bbox 2077 1833 3651 1904; baseline 0.001 -15"><span class='ocrx_word' id='word_1_347' title='bbox 2077 1833 2304 1902; x_wconf 89' lang='lat' dir='ltr'><strong>buntur,</strong></span> <span class='ocrx_word' id='word_1_348' title='bbox 2345 1833 2473 1904; x_wconf 91' lang='lat' dir='ltr'><strong>quia</strong></span> <span class='ocrx_word' id='word_1_349' title='bbox 2523 1849 2645 1904; x_wconf 85' lang='lat' dir='ltr'><strong>quae</strong></span> <span class='ocrx_word' id='word_1_350' title='bbox 2702 1853 2721 1886; x_wconf 85' lang='grc'><em>‹</em></span> <span class='ocrx_word' id='word_1_351' title='bbox 2763 1835 2952 1891; x_wconf 92' lang='lat' dir='ltr'><strong>oculus</strong></span> <span class='ocrx_word' id='word_1_352' title='bbox 2998 1851 3104 1890; x_wconf 90' lang='lat' dir='ltr'><strong>non</strong></span> <span class='ocrx_word' id='word_1_353' title='bbox 3159 1834 3322 1898; x_wconf 86' lang='lat' dir='ltr'><strong>vidit,</strong></span> <span class='ocrx_word' id='word_1_354' title='bbox 3369 1849 3472 1892; x_wconf 90' lang='lat' dir='ltr'><strong>nec</strong></span> <span class='ocrx_word' id='word_1_355' title='bbox 3500 1837 3651 1890; x_wconf 89' lang='lat' dir='ltr'><strong>auris</strong></span> 
     </span>
    </p>
   </div>
   <div class='ocr_carea' id='block_1_45' title="bbox 2077 1926 3652 1998">
    <p class='ocr_par' dir='ltr' id='par_1_45' title="bbox 2077 1926 3652 1998">
     <span class='ocr_line' id='line_1_45' title="bbox 2077 1926 3652 1998; baseline 0.001 -18"><span class='ocrx_word' id='word_1_356' title='bbox 2077 1926 2303 1990; x_wconf 83' lang='lat' dir='ltr'><strong>audivit,</strong></span> <span class='ocrx_word' id='word_1_357' title='bbox 2333 1940 2435 1980; x_wconf 91' lang='lat' dir='ltr'><strong>nec</strong></span> <span class='ocrx_word' id='word_1_358' title='bbox 2461 1927 2515 1980; x_wconf 91' lang='lat' dir='ltr'><strong>in</strong></span> <span class='ocrx_word' id='word_1_359' title='bbox 2542 1941 2638 1995; x_wconf 83' lang='lat' dir='ltr'><strong>cor</strong></span> <span class='ocrx_word' id='word_1_360' title='bbox 2654 1927 2888 1983; x_wconf 89' lang='lat' dir='ltr'><strong>hominis</strong></span> <span class='ocrx_word' id='word_1_361' title='bbox 2915 1927 3243 1995; x_wconf 81' lang='lat' dir='ltr'><strong>ascendit“,</strong></span> <span class='ocrx_word' id='word_1_362' title='bbox 3271 1947 3290 1980; x_wconf 84' lang='grc'><strong>›</strong></span> <span class='ocrx_word' id='word_1_363' title='bbox 3323 1928 3437 1984; x_wconf 66' lang='grc' dir='ltr'><strong>ι)ωο</strong></span> <span class='ocrx_word' id='word_1_364' title='bbox 3462 1945 3483 1980; x_wconf 70' lang='grc' dir='ltr'><strong><em>ι</em></strong></span> <span class='ocrx_word' id='word_1_365' title='bbox 3510 1943 3652 1998; x_wconf 85' lang='lat' dir='ltr'><strong>prae-</strong></span> 
     </span>
    </p>
   </div>
   <div class='ocr_carea' id='block_1_46' title="bbox 2078 2017 3651 2091">
    <p class='ocr_par' dir='ltr' id='par_1_46' title="bbox 2078 2017 3651 2091">
     <span class='ocr_line' id='line_1_46' title="bbox 2078 2017 3651 2091; baseline 0.001 -19"><span class='ocrx_word' id='word_1_366' title='bbox 2078 2017 2294 2086; x_wconf 87' lang='lat' dir='ltr'><strong>paravit</strong></span> <span class='ocrx_word' id='word_1_367' title='bbox 2338 2017 2482 2072; x_wconf 91' lang='lat' dir='ltr'><strong>Deus</strong></span> <span class='ocrx_word' id='word_1_368' title='bbox 2532 2018 2600 2074; x_wconf 91' lang='lat' dir='ltr'><strong>iis</strong></span> <span class='ocrx_word' id='word_1_369' title='bbox 2631 2019 2722 2089; x_wconf 91' lang='lat' dir='ltr'><strong>qui</strong></span> <span class='ocrx_word' id='word_1_370' title='bbox 2753 2020 2982 2091; x_wconf 77' lang='lat' dir='ltr'><strong>diligunt</strong></span> <span class='ocrx_word' id='word_1_371' title='bbox 3013 2034 3136 2075; x_wconf 92' lang='lat' dir='ltr'><strong>eum</strong></span> <span class='ocrx_word' id='word_1_372' title='bbox 3171 2019 3307 2091; x_wconf 92' lang='lat'><strong>(80).</strong></span> <span class='ocrx_word' id='word_1_373' title='bbox 3347 2041 3366 2072; x_wconf 73' lang='grc' dir='ltr'><strong><em>ι</em></strong></span> <span class='ocrx_word' id='word_1_374' title='bbox 3415 2020 3572 2089; x_wconf 84' lang='lat' dir='ltr'><strong>Quod</strong></span> <span class='ocrx_word' id='word_1_375' title='bbox 3602 2021 3651 2076; x_wconf 90' lang='lat' dir='ltr'><strong>si</strong></span> 
     </span>
    </p>
   </div>
   <div class='ocr_carea' id='block_1_47' title="bbox 2077 2110 3652 2186">
    <p class='ocr_par' dir='ltr' id='par_1_47' title="bbox 2077 2110 3652 2186">
     <span class='ocr_line' id='line_1_47' title="bbox 2077 2110 3652 2186; baseline 0.004 -22"><span class='ocrx_word' id='word_1_376' title='bbox 2077 2110 2371 2166; x_wconf 88' lang='lat' dir='ltr'><strong>secundum</strong></span> <span class='ocrx_word' id='word_1_377' title='bbox 2417 2110 2652 2167; x_wconf 89' lang='lat' dir='ltr'><strong>litteram</strong></span> <span class='ocrx_word' id='word_1_378' title='bbox 2694 2113 2865 2168; x_wconf 86' lang='lat' dir='ltr'><strong>solam</strong></span> <span class='ocrx_word' id='word_1_379' title='bbox 2915 2114 3262 2186; x_wconf 73' lang='lat' dir='ltr'><strong>intelligenda</strong></span> <span class='ocrx_word' id='word_1_380' title='bbox 3310 2116 3380 2171; x_wconf 90' lang='lat' dir='ltr'><strong>sit</strong></span> <span class='ocrx_word' id='word_1_381' title='bbox 3427 2115 3534 2180; x_wconf 83' lang='lat' dir='ltr'><strong>lex,</strong></span> <span class='ocrx_word' id='word_1_382' title='bbox 3570 2116 3652 2170; x_wconf 83' lang='lat' dir='ltr'><strong>in-</strong></span> 
     </span>
    </p>
   </div>
   <div class='ocr_carea' id='block_1_48' title="bbox 2079 2199 3652 2272">
    <p class='ocr_par' dir='ltr' id='par_1_48' title="bbox 2079 2199 3652 2272">
     <span class='ocr_line' id='line_1_48' title="bbox 2079 2199 3652 2272; baseline 0.003 -18"><span class='ocrx_word' id='word_1_383' title='bbox 2079 2199 2370 2256; x_wconf 91' lang='lat' dir='ltr'><strong>veniuntur</strong></span> <span class='ocrx_word' id='word_1_384' title='bbox 2397 2200 2512 2272; x_wconf 86' lang='lat'><strong>(8|)</strong></span> <span class='ocrx_word' id='word_1_385' title='bbox 2563 2201 2680 2258; x_wconf 87' lang='lat' dir='ltr'><strong>sine</strong></span> <span class='ocrx_word' id='word_1_386' title='bbox 2709 2203 2873 2260; x_wconf 90' lang='lat' dir='ltr'><strong>dubio</strong></span> <span class='ocrx_word' id='word_1_387' title='bbox 2896 2201 2990 2258; x_wconf 82' lang='lat' dir='ltr'><strong>ﬁlii</strong></span> <span class='ocrx_word' id='word_1_388' title='bbox 3021 2203 3206 2271; x_wconf 87' lang='lat' dir='ltr'><strong>Israel,</strong></span> <span class='ocrx_word' id='word_1_389' title='bbox 3253 2219 3375 2258; x_wconf 93' lang='lat' dir='ltr'><strong>cum</strong></span> <span class='ocrx_word' id='word_1_390' title='bbox 3414 2204 3652 2258; x_wconf 84' lang='lat' dir='ltr'><strong>meliori-</strong></span> 
     </span>
    </p>
   </div>
   <div class='ocr_carea' id='block_1_49' title="bbox 2077 2293 3646 2368">
    <p class='ocr_par' dir='ltr' id='par_1_49' title="bbox 2077 2293 3646 2368">
     <span class='ocr_line' id='line_1_49' title="bbox 2077 2293 3646 2368; baseline 0 -18"><span class='ocrx_word' id='word_1_391' title='bbox 2077 2294 2181 2350; x_wconf 93' lang='lat' dir='ltr'><strong>bus</strong></span> <span class='ocrx_word' id='word_1_392' title='bbox 2216 2303 2501 2350; x_wconf 89' lang='lat' dir='ltr'><strong>uterentur</strong></span> <span class='ocrx_word' id='word_1_393' title='bbox 2549 2293 2774 2366; x_wconf 90' lang='lat' dir='ltr'><strong>(manna</strong></span> <span class='ocrx_word' id='word_1_394' title='bbox 2812 2296 3011 2365; x_wconf 86' lang='lat' dir='ltr'><strong>quippe</strong></span> <span class='ocrx_word' id='word_1_395' title='bbox 3059 2296 3125 2351; x_wconf 90' lang='lat' dir='ltr'><strong>de</strong></span> <span class='ocrx_word' id='word_1_396' title='bbox 3165 2295 3306 2352; x_wconf 68' lang='lat' dir='ltr'><strong>caelo</strong></span> <span class='ocrx_word' id='word_1_397' title='bbox 3337 2296 3646 2368; x_wconf 89' lang='lat' dir='ltr'><strong>capiebant)</strong></span> 
     </span>
    </p>
   </div>
   <div class='ocr_carea' id='block_1_50' title="bbox 2074 2388 3649 2460">
    <p class='ocr_par' dir='ltr' id='par_1_50' title="bbox 2074 2388 3649 2460">
     <span class='ocr_line' id='line_1_50' title="bbox 2074 2388 3649 2460; baseline 0.001 -18"><span class='ocrx_word' id='word_1_398' title='bbox 2074 2403 2142 2442; x_wconf 86' lang='lat' dir='ltr'><strong>ex</strong></span> <span class='ocrx_word' id='word_1_399' title='bbox 2180 2388 2610 2457; x_wconf 89' lang='lat' dir='ltr'><strong>repromissione</strong></span> <span class='ocrx_word' id='word_1_400' title='bbox 2633 2388 2906 2444; x_wconf 89' lang='lat' dir='ltr'><strong>deteriora</strong></span> <span class='ocrx_word' id='word_1_401' title='bbox 2932 2389 3231 2459; x_wconf 89' lang='lat' dir='ltr'><strong>accepisse,</strong></span> <span class='ocrx_word' id='word_1_402' title='bbox 3273 2389 3475 2459; x_wconf 90' lang='lat' dir='ltr'><strong>quibus</strong></span> <span class='ocrx_word' id='word_1_403' title='bbox 3497 2393 3649 2460; x_wconf 82' lang='lat' dir='ltr'><strong>prius</strong></span> 
     </span>
    </p>
   </div>
   <div class='ocr_carea' id='block_1_51' title="bbox 2074 2478 3650 2552">
    <p class='ocr_par' dir='ltr' id='par_1_51' title="bbox 2074 2478 3650 2552">
     <span class='ocr_line' id='line_1_51' title="bbox 2074 2478 3650 2552; baseline 0.003 -18"><span class='ocrx_word' id='word_1_404' title='bbox 2074 2478 2426 2552; x_wconf 69' lang='lat' dir='ltr'><strong>Egyptiacis</strong></span> <span class='ocrx_word' id='word_1_405' title='bbox 2477 2479 2860 2536; x_wconf 84' lang='lat' dir='ltr'><strong>deficientibus</strong></span> <span class='ocrx_word' id='word_1_406' title='bbox 2894 2481 3057 2549; x_wconf 90' lang='lat' dir='ltr'><strong>cibis,</strong></span> <span class='ocrx_word' id='word_1_407' title='bbox 3087 2481 3281 2537; x_wconf 90' lang='lat' dir='ltr'><strong>melior</strong></span> <span class='ocrx_word' id='word_1_408' title='bbox 3310 2483 3497 2551; x_wconf 90' lang='lat' dir='ltr'><strong>utique</strong></span> <span class='ocrx_word' id='word_1_409' title='bbox 3526 2498 3650 2538; x_wconf 87' lang='lat' dir='ltr'><strong>suc-</strong></span> 
     </span>
    </p>
   </div>
   <div class='ocr_carea' id='block_1_52' title="bbox 2075 2572 3651 2642">
    <p class='ocr_par' dir='ltr' id='par_1_52' title="bbox 2075 2572 3651 2642">
     <span class='ocr_line' id='line_1_52' title="bbox 2075 2572 3651 2642; baseline 0.001 -15"><span class='ocrx_word' id='word_1_410' title='bbox 2075 2580 2318 2627; x_wconf 88' lang='lat' dir='ltr'><strong>cesserat</strong></span> <span class='ocrx_word' id='word_1_411' title='bbox 2363 2572 2519 2626; x_wconf 88' lang='lat' dir='ltr'><strong>cibus</strong></span> <span class='ocrx_word' id='word_1_412' title='bbox 2564 2587 2758 2626; x_wconf 89' lang='lat' dir='ltr'><strong>manna</strong></span> <span class='ocrx_word' id='word_1_413' title='bbox 2785 2572 2854 2625; x_wconf 91' lang='lat' dir='ltr'><strong>de</strong></span> <span class='ocrx_word' id='word_1_414' title='bbox 2893 2573 3050 2627; x_wconf 64' lang='lat' dir='ltr'><strong>caelo.</strong></span> <span class='ocrx_word' id='word_1_415' title='bbox 3085 2572 3152 2627; x_wconf 84' lang='lat' dir='ltr'><strong>Et</strong></span> <span class='ocrx_word' id='word_1_416' title='bbox 3195 2573 3464 2642; x_wconf 91' lang='lat' dir='ltr'><strong>quomodo</strong></span> <span class='ocrx_word' id='word_1_417' title='bbox 3508 2589 3651 2629; x_wconf 90' lang='lat' dir='ltr'><strong>nunc</strong></span> 
     </span>
    </p>
   </div>
   <div class='ocr_carea' id='block_1_53' title="bbox 2077 2659 3647 2730">
    <p class='ocr_par' dir='ltr' id='par_1_53' title="bbox 2077 2659 3647 2730">
     <span class='ocr_line' id='line_1_53' title="bbox 2077 2659 3647 2730; baseline 0.001 -16"><span class='ocrx_word' id='word_1_418' title='bbox 2077 2661 2353 2730; x_wconf 90' lang='lat' dir='ltr'><strong>putabitur</strong></span> <span class='ocrx_word' id='word_1_419' title='bbox 2369 2659 2595 2715; x_wconf 90' lang='lat' dir='ltr'><strong>meliore</strong></span> <span class='ocrx_word' id='word_1_420' title='bbox 2619 2660 2743 2716; x_wconf 91' lang='lat' dir='ltr'><strong>cibo</strong></span> <span class='ocrx_word' id='word_1_421' title='bbox 2767 2670 3018 2716; x_wconf 86' lang='lat' dir='ltr'><strong>cessante</strong></span> <span class='ocrx_word' id='word_1_422' title='bbox 3039 2663 3369 2717; x_wconf 89' lang='lat' dir='ltr'><strong>successisse</strong></span> <span class='ocrx_word' id='word_1_423' title='bbox 3390 2663 3647 2728; x_wconf 89' lang='lat' dir='ltr'><strong>deterior,</strong></span> 
     </span>
    </p>
   </div>
   <div class='ocr_carea' id='block_1_54' title="bbox 2075 2751 3650 2821">
    <p class='ocr_par' dir='ltr' id='par_1_54' title="bbox 2075 2751 3650 2821">
     <span class='ocr_line' id='line_1_54' title="bbox 2075 2751 3650 2821; baseline 0.001 -14"><span class='ocrx_word' id='word_1_424' title='bbox 2075 2753 2180 2807; x_wconf 90' lang='lat' dir='ltr'><strong>nisi</strong></span> <span class='ocrx_word' id='word_1_425' title='bbox 2213 2752 2337 2821; x_wconf 90' lang='lat' dir='ltr'><strong>quia</strong></span> <span class='ocrx_word' id='word_1_426' title='bbox 2396 2751 2569 2821; x_wconf 84' lang='lat' dir='ltr'><strong>major</strong></span> <span class='ocrx_word' id='word_1_427' title='bbox 2603 2759 2661 2806; x_wconf 87' lang='lat' dir='ltr'><strong>et</strong></span> <span class='ocrx_word' id='word_1_428' title='bbox 2715 2751 2896 2807; x_wconf 89' lang='lat' dir='ltr'><strong>verior</strong></span> <span class='ocrx_word' id='word_1_429' title='bbox 2937 2752 3078 2806; x_wconf 89' lang='lat' dir='ltr'><strong>ratio</strong></span> <span class='ocrx_word' id='word_1_430' title='bbox 3109 2752 3160 2806; x_wconf 95' lang='lat' dir='ltr'><strong>in</strong></span> <span class='ocrx_word' id='word_1_431' title='bbox 3187 2752 3416 2821; x_wconf 82' lang='lat' dir='ltr'><strong>spiritali</strong></span> <span class='ocrx_word' id='word_1_432' title='bbox 3449 2754 3650 2809; x_wconf 76' lang='lat' dir='ltr'><strong>intelli-</strong></span> 
     </span>
    </p>
   </div>
   <div class='ocr_carea' id='block_1_55' title="bbox 2074 2825 3641 2914">
    <p class='ocr_par' dir='ltr' id='par_1_55' title="bbox 2074 2825 3641 2914">
     <span class='ocr_line' id='line_1_55' title="bbox 2074 2825 3641 2914; baseline 0.001 -17"><span class='ocrx_word' id='word_1_433' title='bbox 2074 2843 2275 2913; x_wconf 79' lang='lat' dir='ltr'><strong>gentia,</strong></span> <span class='ocrx_word' id='word_1_434' title='bbox 2306 2825 2470 2914; x_wconf 82' lang='lat' dir='ltr'><strong>quam</strong></span> <span class='ocrx_word' id='word_1_435' title='bbox 2509 2843 2562 2895; x_wconf 93' lang='lat' dir='ltr'><strong>in</strong></span> <span class='ocrx_word' id='word_1_436' title='bbox 2603 2849 2753 2896; x_wconf 89' lang='lat' dir='ltr'><strong>textu</strong></span> <span class='ocrx_word' id='word_1_437' title='bbox 2786 2841 2981 2898; x_wconf 79' lang='lat' dir='ltr'><strong>litterae</strong></span> <span class='ocrx_word' id='word_1_438' title='bbox 3013 2842 3488 2912; x_wconf 78' lang='lat' dir='ltr'><strong>deprehenditur?</strong></span> <span class='ocrx_word' id='word_1_439' title='bbox 3535 2844 3641 2899; x_wconf 92' lang='lat' dir='ltr'><strong>Sed</strong></span> 
     </span>
    </p>
   </div>
   <div class='ocr_carea' id='block_1_56' title="bbox 2079 2931 3649 3006">
    <p class='ocr_par' dir='ltr' id='par_1_56' title="bbox 2079 2931 3649 3006">
     <span class='ocr_line' id='line_1_56' title="bbox 2079 2931 3649 3006; baseline 0 -16"><span class='ocrx_word' id='word_1_440' title='bbox 2079 2935 2298 2990; x_wconf 86' lang='lat' dir='ltr'><strong>interim</strong></span> <span class='ocrx_word' id='word_1_441' title='bbox 2341 2942 2694 3006; x_wconf 88' lang='lat' dir='ltr'><strong>posteaquam</strong></span> <span class='ocrx_word' id='word_1_442' title='bbox 2744 2933 3044 2988; x_wconf 80' lang='lat' dir='ltr'><strong>introduxit</strong></span> <span class='ocrx_word' id='word_1_443' title='bbox 3087 2931 3243 2988; x_wconf 74' lang='lat' dir='ltr'><strong>Iesus</strong></span> <span class='ocrx_word' id='word_1_444' title='bbox 3283 2933 3540 3005; x_wconf 88' lang='lat' dir='ltr'><strong>populum</strong></span> <span class='ocrx_word' id='word_1_445' title='bbox 3597 2939 3649 2990; x_wconf 90' lang='lat' dir='ltr'><strong>in</strong></span> 
     </span>
    </p>
   </div>
   <div class='ocr_carea' id='block_1_57' title="bbox 403 3015 3652 3123">
    <p class='ocr_par' dir='ltr' id='par_1_57' title="bbox 403 3015 3652 3123">
     <span class='ocr_line' id='line_1_57' title="bbox 403 3015 3652 3123; baseline -0.001 -30"><span class='ocrx_word' id='word_1_446' title='bbox 403 3039 716 3110; x_wconf 90' lang='lat' dir='ltr'><strong>quicunque</strong></span> <span class='ocrx_word' id='word_1_447' title='bbox 755 3037 988 3092; x_wconf 89' lang='lat' dir='ltr'><strong>mundus</strong></span> <span class='ocrx_word' id='word_1_448' title='bbox 1025 3037 1193 3092; x_wconf 88' lang='lat' dir='ltr'><strong>fuerit</strong></span> <span class='ocrx_word' id='word_1_449' title='bbox 1232 3045 1285 3092; x_wconf 88' lang='lat' dir='ltr'><strong>et</strong></span> <span class='ocrx_word' id='word_1_450' title='bbox 1338 3039 1717 3105; x_wconf 89' lang='lat' dir='ltr'><strong>circumcisus,</strong></span> <span class='ocrx_word' id='word_1_451' title='bbox 1747 3041 1891 3096; x_wconf 89' lang='lat' dir='ltr'><strong>sicut</strong></span> <span class='ocrx_word' id='word_1_452' title='bbox 1921 3050 1976 3096; x_wconf 89' lang='lat' dir='ltr'><strong>et</strong></span> <span class='ocrx_word' id='word_1_453' title='bbox 2003 3063 2048 3123; x_wconf 68' lang='grc' dir='ltr'>ε</span> <span class='ocrx_word' id='word_1_454' title='bbox 2082 3032 2589 3123; x_wconf 52' lang='grc' dir='ltr'><strong>ξθτηῐη-εθηξὲῑθῐην</strong></span> <span class='ocrx_word' id='word_1_455' title='bbox 2635 3033 2762 3078; x_wconf 72' lang='lat' dir='ltr'><strong>“mc</strong></span> <span class='ocrx_word' id='word_1_456' title='bbox 2785 3015 3110 3092; x_wconf 73' lang='lat' dir='ltr'><strong>éxvusnalis</strong></span> <span class='ocrx_word' id='word_1_457' title='bbox 3139 3021 3250 3091; x_wconf 59' lang='grc' dir='ltr'><strong>(εἳ)</strong></span> <span class='ocrx_word' id='word_1_458' title='bbox 3279 3024 3532 3078; x_wconf 64' lang='lat' dir='ltr'><strong>omnibus</strong></span> <span class='ocrx_word' id='word_1_459' title='bbox 3560 3039 3652 3079; x_wconf 74' lang='grc' dir='ltr'><strong>αθ·-</strong></span> 
     </span>
    </p>
   </div>
   <div class='ocr_carea' id='block_1_58' title="bbox 402 3132 1972 3205">
    <p class='ocr_par' dir='ltr' id='par_1_58' title="bbox 402 3132 1972 3205">
     <span class='ocr_line' id='line_1_58' title="bbox 402 3132 1972 3205; baseline -0.001 -16"><span class='ocrx_word' id='word_1_460' title='bbox 402 3133 699 3205; x_wconf 80' lang='lat' dir='ltr'><strong>Apostolus</strong></span> <span class='ocrx_word' id='word_1_461' title='bbox 727 3132 1118 3203; x_wconf 87' lang='lat' dir='ltr'><strong>interpretatur</strong></span> <span class='ocrx_word' id='word_1_462' title='bbox 1137 3132 1326 3186; x_wconf 88' lang='lat' dir='ltr'><strong>dicens</strong></span> <span class='ocrx_word' id='word_1_463' title='bbox 1348 3133 1393 3164; x_wconf 80' lang='grc' dir='ltr'><strong>⁸ο</strong></span> <span class='ocrx_word' id='word_1_464' title='bbox 1427 3153 1438 3187; x_wconf 92' lang='lat'>:</span> <span class='ocrx_word' id='word_1_465' title='bbox 1473 3151 1492 3185; x_wconf 83' lang='grc'>‹</span> <span class='ocrx_word' id='word_1_466' title='bbox 1533 3133 1744 3188; x_wconf 88' lang='lat' dir='ltr'><strong>Etenim</strong></span> <span class='ocrx_word' id='word_1_467' title='bbox 1774 3134 1972 3203; x_wconf 87' lang='lat' dir='ltr'><strong>pascha</strong></span> 
     </span>
    </p>
   </div>
   <div class='ocr_carea' id='block_1_59' title="bbox 402 3223 1973 3296">
    <p class='ocr_par' dir='ltr' id='par_1_59' title="bbox 402 3223 1973 3296">
     <span class='ocr_line' id='line_1_59' title="bbox 402 3223 1973 3296; baseline -0.001 -13"><span class='ocrx_word' id='word_1_468' title='bbox 402 3236 652 3283; x_wconf 90' lang='lat' dir='ltr'><strong>nostrum</strong></span> <span class='ocrx_word' id='word_1_469' title='bbox 693 3225 1002 3280; x_wconf 89' lang='lat' dir='ltr'><strong>immolatus</strong></span> <span class='ocrx_word' id='word_1_470' title='bbox 1048 3235 1133 3281; x_wconf 88' lang='lat' dir='ltr'><strong>est</strong></span> <span class='ocrx_word' id='word_1_471' title='bbox 1157 3224 1428 3281; x_wconf 88' lang='lat' dir='ltr'><strong>Christus.</strong></span> <span class='ocrx_word' id='word_1_472' title='bbox 1475 3223 1668 3296; x_wconf 85' lang='lat' dir='ltr'><strong>Itaque</strong></span> <span class='ocrx_word' id='word_1_473' title='bbox 1705 3227 1851 3282; x_wconf 87' lang='lat' dir='ltr'><strong>diem</strong></span> <span class='ocrx_word' id='word_1_474' title='bbox 1889 3226 1973 3282; x_wconf 89' lang='lat' dir='ltr'><strong>fe-</strong></span> 
     </span>
    </p>
   </div>
   <div class='ocr_carea' id='block_1_60' title="bbox 402 3315 1975 3388">
    <p class='ocr_par' dir='ltr' id='par_1_60' title="bbox 402 3315 1975 3388">
     <span class='ocr_line' id='line_1_60' title="bbox 402 3315 1975 3388; baseline -0.003 -12"><span class='ocrx_word' id='word_1_475' title='bbox 402 3332 554 3377; x_wconf 88' lang='lat' dir='ltr'><strong>stum</strong></span> <span class='ocrx_word' id='word_1_476' title='bbox 589 3318 947 3385; x_wconf 88' lang='lat' dir='ltr'><strong>celebremus,</strong></span> <span class='ocrx_word' id='word_1_477' title='bbox 981 3332 1088 3372; x_wconf 87' lang='lat' dir='ltr'><strong>non</strong></span> <span class='ocrx_word' id='word_1_478' title='bbox 1121 3317 1175 3371; x_wconf 92' lang='lat' dir='ltr'><strong>in</strong></span> <span class='ocrx_word' id='word_1_479' title='bbox 1205 3315 1471 3372; x_wconf 87' lang='lat' dir='ltr'><strong>fermento</strong></span> <span class='ocrx_word' id='word_1_480' title='bbox 1503 3317 1695 3383; x_wconf 87' lang='lat' dir='ltr'><strong>veteri,</strong></span> <span class='ocrx_word' id='word_1_481' title='bbox 1720 3331 1897 3388; x_wconf 90' lang='lat' dir='ltr'><strong>neque</strong></span> <span class='ocrx_word' id='word_1_482' title='bbox 1923 3318 1975 3371; x_wconf 91' lang='lat' dir='ltr'><strong>in</strong></span> 
     </span>
    </p>
   </div>
   <div class='ocr_carea' id='block_1_61' title="bbox 401 3408 1977 3483">
    <p class='ocr_par' dir='ltr' id='par_1_61' title="bbox 401 3408 1977 3483">
     <span class='ocr_line' id='line_1_61' title="bbox 401 3408 1977 3483; baseline -0.003 -14"><span class='ocrx_word' id='word_1_483' title='bbox 401 3417 674 3469; x_wconf 83' lang='lat' dir='ltr'><strong>fermento</strong></span> <span class='ocrx_word' id='word_1_484' title='bbox 723 3412 944 3468; x_wconf 66' lang='lat' dir='ltr'><strong>malitiae</strong></span> <span class='ocrx_word' id='word_1_485' title='bbox 984 3419 1037 3465; x_wconf 93' lang='lat' dir='ltr'><strong>et</strong></span> <span class='ocrx_word' id='word_1_486' title='bbox 1086 3410 1344 3480; x_wconf 64' lang='lat' dir='ltr'><strong>nequitia:</strong></span> <span class='ocrx_word' id='word_1_487' title='bbox 1371 3408 1508 3483; x_wconf 83' lang='lat'><strong>(76),</strong></span> <span class='ocrx_word' id='word_1_488' title='bbox 1544 3411 1640 3466; x_wconf 91' lang='lat' dir='ltr'><strong>sed</strong></span> <span class='ocrx_word' id='word_1_489' title='bbox 1668 3411 1723 3465; x_wconf 90' lang='lat' dir='ltr'><strong>in</strong></span> <span class='ocrx_word' id='word_1_490' title='bbox 1769 3411 1977 3483; x_wconf 83' lang='lat' dir='ltr'><strong>azymis</strong></span> 
     </span>
    </p>
   </div>
   <div class='ocr_carea' id='block_1_62' title="bbox 400 3501 1974 3575">
    <p class='ocr_par' dir='ltr' id='par_1_62' title="bbox 400 3501 1974 3575">
     <span class='ocr_line' id='line_1_62' title="bbox 400 3501 1974 3575; baseline -0.001 -15"><span class='ocrx_word' id='word_1_491' title='bbox 400 3504 742 3561; x_wconf 89' lang='lat' dir='ltr'><strong>sinceritatis</strong></span> <span class='ocrx_word' id='word_1_492' title='bbox 795 3514 852 3559; x_wconf 91' lang='lat' dir='ltr'><strong>et</strong></span> <span class='ocrx_word' id='word_1_493' title='bbox 901 3504 1169 3559; x_wconf 81' lang='lat' dir='ltr'><strong>veritatis.</strong></span> <span class='ocrx_word' id='word_1_494' title='bbox 1226 3520 1247 3556; x_wconf 71' lang='grc' dir='ltr'><strong><em>ι</em></strong></span> <span class='ocrx_word' id='word_1_495' title='bbox 1307 3501 1416 3558; x_wconf 89' lang='lat' dir='ltr'><strong>Sed</strong></span> <span class='ocrx_word' id='word_1_496' title='bbox 1466 3510 1520 3558; x_wconf 91' lang='lat' dir='ltr'><strong>et</strong></span> <span class='ocrx_word' id='word_1_497' title='bbox 1571 3514 1700 3559; x_wconf 90' lang='lat' dir='ltr'><strong>tunc</strong></span> <span class='ocrx_word' id='word_1_498' title='bbox 1753 3505 1974 3575; x_wconf 90' lang='lat' dir='ltr'><strong>quidem</strong></span> 
     </span>
    </p>
   </div>
   <div class='ocr_carea' id='block_1_63' title="bbox 401 3617 1978 3692">
    <p class='ocr_par' dir='ltr' id='par_1_63' title="bbox 401 3617 1978 3692">
     <span class='ocr_line' id='line_1_63' title="bbox 401 3617 1978 3692; baseline 0 -16"><span class='ocrx_word' id='word_1_499' title='bbox 401 3621 619 3692; x_wconf 85' lang='lat' dir='ltr'><strong>quando</strong></span> <span class='ocrx_word' id='word_1_500' title='bbox 659 3621 792 3676; x_wconf 88' lang='lat' dir='ltr'><strong>exiit</strong></span> <span class='ocrx_word' id='word_1_501' title='bbox 840 3619 1068 3688; x_wconf 91' lang='lat' dir='ltr'><strong>populus</strong></span> <span class='ocrx_word' id='word_1_502' title='bbox 1108 3618 1175 3674; x_wconf 93' lang='lat' dir='ltr'><strong>de</strong></span> <span class='ocrx_word' id='word_1_503' title='bbox 1226 3627 1371 3674; x_wconf 88' lang='lat' dir='ltr'><strong>terra</strong></span> <span class='ocrx_word' id='word_1_504' title='bbox 1421 3617 1676 3691; x_wconf 66' lang='lat' dir='ltr'><strong>Egypti,</strong></span> <span class='ocrx_word' id='word_1_505' title='bbox 1737 3622 1978 3690; x_wconf 90' lang='lat' dir='ltr'><strong>portavit</strong></span> 
     </span>
    </p>
   </div>
   <div class='ocr_carea' id='block_1_64' title="bbox 399 3711 1980 3783">
    <p class='ocr_par' dir='ltr' id='par_1_64' title="bbox 399 3711 1980 3783">
     <span class='ocr_line' id='line_1_64' title="bbox 399 3711 1980 3783; baseline 0 -14"><span class='ocrx_word' id='word_1_506' title='bbox 399 3729 651 3783; x_wconf 73' lang='lat' dir='ltr'><strong>sparsum</strong></span> <span class='ocrx_word' id='word_1_507' title='bbox 683 3713 737 3768; x_wconf 91' lang='lat' dir='ltr'><strong>in</strong></span> <span class='ocrx_word' id='word_1_508' title='bbox 763 3712 1102 3767; x_wconf 87' lang='lat' dir='ltr'><strong>vestimentis</strong></span> <span class='ocrx_word' id='word_1_509' title='bbox 1124 3711 1260 3766; x_wconf 83' lang='lat' dir='ltr'><strong>suis.</strong></span> <span class='ocrx_word' id='word_1_510' title='bbox 1295 3711 1430 3766; x_wconf 89' lang='lat' dir='ltr'><strong>Cum</strong></span> <span class='ocrx_word' id='word_1_511' title='bbox 1479 3722 1661 3766; x_wconf 91' lang='lat' dir='ltr'><strong>autem</strong></span> <span class='ocrx_word' id='word_1_512' title='bbox 1691 3712 1980 3769; x_wconf 85' lang='lat' dir='ltr'><strong>defecisset</strong></span> 
     </span>
    </p>
   </div>
   <div class='ocr_carea' id='block_1_65' title="bbox 401 3804 1977 3876">
    <p class='ocr_par' dir='ltr' id='par_1_65' title="bbox 401 3804 1977 3876">
     <span class='ocr_line' id='line_1_65' title="bbox 401 3804 1977 3876; baseline 0.001 -16"><span class='ocrx_word' id='word_1_513' title='bbox 401 3821 677 3876; x_wconf 86' lang='lat' dir='ltr'><strong>sparsum,</strong></span> <span class='ocrx_word' id='word_1_514' title='bbox 723 3813 780 3860; x_wconf 94' lang='lat' dir='ltr'><strong>et</strong></span> <span class='ocrx_word' id='word_1_515' title='bbox 827 3819 997 3876; x_wconf 88' lang='lat' dir='ltr'><strong>panes</strong></span> <span class='ocrx_word' id='word_1_516' title='bbox 1035 3819 1143 3860; x_wconf 91' lang='lat' dir='ltr'><strong>non</strong></span> <span class='ocrx_word' id='word_1_517' title='bbox 1192 3805 1478 3871; x_wconf 89' lang='lat' dir='ltr'><strong>haberent,</strong></span> <span class='ocrx_word' id='word_1_518' title='bbox 1511 3804 1647 3875; x_wconf 90' lang='lat' dir='ltr'><strong>pluit</strong></span> <span class='ocrx_word' id='word_1_519' title='bbox 1678 3805 1786 3862; x_wconf 89' lang='lat' dir='ltr'><strong>illis</strong></span> <span class='ocrx_word' id='word_1_520' title='bbox 1833 3806 1977 3863; x_wconf 89' lang='lat' dir='ltr'><strong>Deus</strong></span> 
     </span>
    </p>
   </div>
   <div class='ocr_carea' id='block_1_66' title="bbox 403 3898 1975 3966">
    <p class='ocr_par' dir='ltr' id='par_1_66' title="bbox 403 3898 1975 3966">
     <span class='ocr_line' id='line_1_66' title="bbox 403 3898 1975 3966; baseline 0 -12"><span class='ocrx_word' id='word_1_521' title='bbox 403 3913 624 3954; x_wconf 88' lang='lat' dir='ltr'><strong>manna.</strong></span> <span class='ocrx_word' id='word_1_522' title='bbox 661 3899 798 3956; x_wconf 84' lang='lat' dir='ltr'><strong>Cum</strong></span> <span class='ocrx_word' id='word_1_523' title='bbox 850 3908 1032 3954; x_wconf 91' lang='lat' dir='ltr'><strong>autem</strong></span> <span class='ocrx_word' id='word_1_524' title='bbox 1061 3909 1328 3954; x_wconf 89' lang='lat' dir='ltr'><strong>venerunt</strong></span> <span class='ocrx_word' id='word_1_525' title='bbox 1353 3898 1422 3952; x_wconf 92' lang='lat' dir='ltr'><strong>ad</strong></span> <span class='ocrx_word' id='word_1_526' title='bbox 1475 3907 1676 3954; x_wconf 88' lang='lat' dir='ltr'><strong>terram</strong></span> <span class='ocrx_word' id='word_1_527' title='bbox 1705 3907 1975 3966; x_wconf 86' lang='lat' dir='ltr'><strong>sanctam,</strong></span> 
     </span>
    </p>
   </div>
   <div class='ocr_carea' id='block_1_67' title="bbox 401 3990 1974 4062">
    <p class='ocr_par' dir='ltr' id='par_1_67' title="bbox 401 3990 1974 4062">
     <span class='ocr_line' id='line_1_67' title="bbox 401 3990 1974 4062; baseline -0.001 -14"><span class='ocrx_word' id='word_1_528' title='bbox 401 4004 460 4048; x_wconf 85' lang='lat' dir='ltr'><strong>et</strong></span> <span class='ocrx_word' id='word_1_529' title='bbox 500 3991 708 4047; x_wconf 85' lang='lat' dir='ltr'><strong>fructus</strong></span> <span class='ocrx_word' id='word_1_530' title='bbox 747 3999 1103 4062; x_wconf 89' lang='lat' dir='ltr'><strong>perceperunt</strong></span> <span class='ocrx_word' id='word_1_531' title='bbox 1143 3990 1442 4060; x_wconf 67' lang='lat' dir='ltr'><strong>provinciae</strong></span> <span class='ocrx_word' id='word_1_532' title='bbox 1467 3990 1794 4060; x_wconf 87' lang='lat' dir='ltr'><strong>palmarum,</strong></span> <span class='ocrx_word' id='word_1_533' title='bbox 1821 3991 1974 4047; x_wconf 86' lang='lat' dir='ltr'><strong>defe-</strong></span> 
     </span>
    </p>
   </div>
   <div class='ocr_carea' id='block_1_68' title="bbox 400 4083 1980 4153">
    <p class='ocr_par' dir='ltr' id='par_1_68' title="bbox 400 4083 1980 4153">
     <span class='ocr_line' id='line_1_68' title="bbox 400 4083 1980 4153; baseline -0.001 -12"><span class='ocrx_word' id='word_1_534' title='bbox 400 4087 581 4142; x_wconf 84' lang='lat' dir='ltr'><strong>citcis</strong></span> <span class='ocrx_word' id='word_1_535' title='bbox 603 4100 822 4150; x_wconf 87' lang='lat' dir='ltr'><strong>manna,</strong></span> <span class='ocrx_word' id='word_1_536' title='bbox 855 4092 914 4138; x_wconf 86' lang='lat' dir='ltr'><strong>et</strong></span> <span class='ocrx_word' id='word_1_537' title='bbox 945 4093 1076 4139; x_wconf 87' lang='lat' dir='ltr'><strong>tunc</strong></span> <span class='ocrx_word' id='word_1_538' title='bbox 1107 4083 1269 4138; x_wconf 92' lang='lat' dir='ltr'><strong>edere</strong></span> <span class='ocrx_word' id='word_1_539' title='bbox 1295 4092 1584 4153; x_wconf 65' lang='lat' dir='ltr'><strong>coeperunt</strong></span> <span class='ocrx_word' id='word_1_540' title='bbox 1607 4083 1675 4139; x_wconf 88' lang='lat' dir='ltr'><strong>de</strong></span> <span class='ocrx_word' id='word_1_541' title='bbox 1709 4083 1980 4140; x_wconf 78' lang='lat' dir='ltr'><strong>fructibus</strong></span> 
     </span>
    </p>
   </div>
   <div class='ocr_carea' id='block_1_69' title="bbox 401 4174 1979 4249">
    <p class='ocr_par' dir='ltr' id='par_1_69' title="bbox 401 4174 1979 4249">
     <span class='ocr_line' id='line_1_69' title="bbox 401 4174 1979 4249; baseline -0.003 -14"><span class='ocrx_word' id='word_1_542' title='bbox 401 4194 585 4235; x_wconf 67' lang='lat' dir='ltr'><strong>terrae.</strong></span> <span class='ocrx_word' id='word_1_543' title='bbox 634 4179 826 4249; x_wconf 88' lang='lat' dir='ltr'><strong>Itaque</strong></span> <span class='ocrx_word' id='word_1_544' title='bbox 868 4177 972 4232; x_wconf 88' lang='lat' dir='ltr'><strong>tria</strong></span> <span class='ocrx_word' id='word_1_545' title='bbox 1008 4190 1210 4245; x_wconf 77' lang='lat' dir='ltr'><strong>genera</strong></span> <span class='ocrx_word' id='word_1_546' title='bbox 1272 4174 1384 4248; x_wconf 88' lang='lat'><strong>(77)</strong></span> <span class='ocrx_word' id='word_1_547' title='bbox 1439 4175 1687 4232; x_wconf 91' lang='lat' dir='ltr'><strong>ciborum</strong></span> <span class='ocrx_word' id='word_1_548' title='bbox 1749 4191 1979 4247; x_wconf 79' lang='lat' dir='ltr'><strong>genera-</strong></span> 
     </span>
    </p>
   </div>
   <div class='ocr_carea' id='block_1_70' title="bbox 404 4267 1981 4338">
    <p class='ocr_par' dir='ltr' id='par_1_70' title="bbox 404 4267 1981 4338">
     <span class='ocr_line' id='line_1_70' title="bbox 404 4267 1981 4338; baseline -0.003 -10"><span class='ocrx_word' id='word_1_549' title='bbox 404 4275 532 4329; x_wconf 91' lang='lat' dir='ltr'><strong>liter</strong></span> <span class='ocrx_word' id='word_1_550' title='bbox 589 4273 991 4328; x_wconf 89' lang='lat' dir='ltr'><strong>describuntur.</strong></span> <span class='ocrx_word' id='word_1_551' title='bbox 1040 4267 1218 4326; x_wconf 89' lang='lat' dir='ltr'><strong>Unum</strong></span> <span class='ocrx_word' id='word_1_552' title='bbox 1264 4268 1484 4337; x_wconf 89' lang='lat' dir='ltr'><strong>quidem</strong></span> <span class='ocrx_word' id='word_1_553' title='bbox 1535 4283 1644 4338; x_wconf 92' lang='lat' dir='ltr'><strong>quo</strong></span> <span class='ocrx_word' id='word_1_554' title='bbox 1704 4273 1981 4327; x_wconf 88' lang='lat' dir='ltr'><strong>vescimur</strong></span> 
     </span>
    </p>
   </div>
   <div class='ocr_carea' id='block_1_71' title="bbox 401 4364 1975 4438">
    <p class='ocr_par' dir='ltr' id='par_1_71' title="bbox 401 4364 1975 4438">
     <span class='ocr_line' id='line_1_71' title="bbox 401 4364 1975 4438; baseline -0.006 -9"><span class='ocrx_word' id='word_1_555' title='bbox 401 4382 666 4429; x_wconf 79' lang='lat' dir='ltr'><strong>exetnrtes</strong></span> <span class='ocrx_word' id='word_1_556' title='bbox 697 4371 762 4425; x_wconf 93' lang='lat' dir='ltr'><strong>de</strong></span> <span class='ocrx_word' id='word_1_557' title='bbox 785 4381 928 4424; x_wconf 88' lang='lat' dir='ltr'><strong>terra</strong></span> <span class='ocrx_word' id='word_1_558' title='bbox 955 4365 1204 4438; x_wconf 65' lang='lat' dir='ltr'><strong>Egypti,</strong></span> <span class='ocrx_word' id='word_1_559' title='bbox 1241 4365 1334 4421; x_wconf 91' lang='lat' dir='ltr'><strong>sed</strong></span> <span class='ocrx_word' id='word_1_560' title='bbox 1363 4364 1468 4420; x_wconf 88' lang='lat' dir='ltr'><strong>hoc</strong></span> <span class='ocrx_word' id='word_1_561' title='bbox 1496 4365 1563 4418; x_wconf 92' lang='lat' dir='ltr'><strong>ad</strong></span> <span class='ocrx_word' id='word_1_562' title='bbox 1586 4379 1810 4434; x_wconf 90' lang='lat' dir='ltr'><strong>parvum</strong></span> <span class='ocrx_word' id='word_1_563' title='bbox 1837 4374 1975 4421; x_wconf 87' lang='lat' dir='ltr'><strong>tem-</strong></span> 
     </span>
    </p>
   </div>
   <div class='ocr_carea' id='block_1_72' title="bbox 406 4454 1976 4536">
    <p class='ocr_par' dir='ltr' id='par_1_72' title="bbox 406 4454 1976 4536">
     <span class='ocr_line' id='line_1_72' title="bbox 406 4454 1976 4536; baseline -0.006 -17"><span class='ocrx_word' id='word_1_564' title='bbox 406 4481 508 4536; x_wconf 89' lang='lat' dir='ltr'><strong>pus</strong></span> <span class='ocrx_word' id='word_1_565' title='bbox 536 4463 751 4520; x_wconf 85' lang='lat' dir='ltr'><strong>sullicit.</strong></span> <span class='ocrx_word' id='word_1_566' title='bbox 786 4461 909 4516; x_wconf 83' lang='lat' dir='ltr'><strong>Fost</strong></span> <span class='ocrx_word' id='word_1_567' title='bbox 935 4461 1041 4515; x_wconf 92' lang='lat' dir='ltr'><strong>hoc</strong></span> <span class='ocrx_word' id='word_1_568' title='bbox 1074 4467 1257 4513; x_wconf 87' lang='lat' dir='ltr'><strong>autem</strong></span> <span class='ocrx_word' id='word_1_569' title='bbox 1307 4468 1507 4510; x_wconf 87' lang='lat' dir='ltr'><strong>manna</strong></span> <span class='ocrx_word' id='word_1_570' title='bbox 1536 4455 1806 4512; x_wconf 89' lang='lat' dir='ltr'><strong>succedit.</strong></span> <span class='ocrx_word' id='word_1_571' title='bbox 1843 4454 1976 4510; x_wconf 88' lang='lat' dir='ltr'><strong>Ter-</strong></span> 
     </span>
    </p>
   </div>
   <div class='ocr_carea' id='block_1_73' title="bbox 407 4549 1973 4623">
    <p class='ocr_par' dir='ltr' id='par_1_73' title="bbox 407 4549 1973 4623">
     <span class='ocr_line' id='line_1_73' title="bbox 407 4549 1973 4623; baseline -0.003 -14"><span class='ocrx_word' id='word_1_572' title='bbox 407 4559 542 4612; x_wconf 86' lang='lat' dir='ltr'><strong>tium</strong></span> <span class='ocrx_word' id='word_1_573' title='bbox 568 4571 696 4610; x_wconf 90' lang='lat' dir='ltr'><strong>vero</strong></span> <span class='ocrx_word' id='word_1_574' title='bbox 745 4554 854 4623; x_wconf 87' lang='lat' dir='ltr'><strong>jam</strong></span> <span class='ocrx_word' id='word_1_575' title='bbox 887 4553 953 4608; x_wconf 90' lang='lat' dir='ltr'><strong>de</strong></span> <span class='ocrx_word' id='word_1_576' title='bbox 987 4563 1130 4607; x_wconf 88' lang='lat' dir='ltr'><strong>terra</strong></span> <span class='ocrx_word' id='word_1_577' title='bbox 1165 4558 1356 4605; x_wconf 89' lang='lat' dir='ltr'><strong>sancta</strong></span> <span class='ocrx_word' id='word_1_578' title='bbox 1405 4549 1655 4620; x_wconf 89' lang='lat' dir='ltr'><strong>capimus</strong></span> <span class='ocrx_word' id='word_1_579' title='bbox 1711 4551 1973 4604; x_wconf 88' lang='lat' dir='ltr'><strong>fructum.</strong></span> 
     </span>
    </p>
   </div>
   <div class='ocr_carea' id='block_1_74' title="bbox 411 4639 1972 4718">
    <p class='ocr_par' dir='ltr' id='par_1_74' title="bbox 411 4639 1972 4718">
     <span class='ocr_line' id='line_1_74' title="bbox 411 4639 1972 4718; baseline -0.004 -15"><span class='ocrx_word' id='word_1_580' title='bbox 411 4651 466 4704; x_wconf 88' lang='lat' dir='ltr'><strong>In</strong></span> <span class='ocrx_word' id='word_1_581' title='bbox 500 4649 699 4718; x_wconf 84' lang='lat' dir='ltr'><strong>quibus</strong></span> <span class='ocrx_word' id='word_1_582' title='bbox 720 4643 1039 4700; x_wconf 78' lang='lat' dir='ltr'><strong>ditl&#39;erentiis</strong></span> <span class='ocrx_word' id='word_1_583' title='bbox 1065 4643 1150 4712; x_wconf 91' lang='lat' dir='ltr'><strong>(ut</strong></span> <span class='ocrx_word' id='word_1_584' title='bbox 1175 4655 1311 4696; x_wconf 65' lang='lat' dir='ltr'><strong>mete</strong></span> <span class='ocrx_word' id='word_1_585' title='bbox 1338 4641 1628 4710; x_wconf 87' lang='lat' dir='ltr'><strong>parvitatis</strong></span> <span class='ocrx_word' id='word_1_586' title='bbox 1663 4639 1972 4697; x_wconf 87' lang='lat' dir='ltr'><strong>intellectus</strong></span> 
     </span>
    </p>
   </div>
   <div class='ocr_carea' id='block_1_75' title="bbox 410 4733 1978 4810">
    <p class='ocr_par' dir='ltr' id='par_1_75' title="bbox 410 4733 1978 4810">
     <span class='ocr_line' id='line_1_75' title="bbox 410 4733 1978 4810; baseline -0.007 -12"><span class='ocrx_word' id='word_1_587' title='bbox 410 4742 740 4810; x_wconf 82' lang='lat' dir='ltr'><strong>assequitur)</strong></span> <span class='ocrx_word' id='word_1_588' title='bbox 770 4737 897 4793; x_wconf 90' lang='lat' dir='ltr'><strong>illud</strong></span> <span class='ocrx_word' id='word_1_589' title='bbox 921 4735 1160 4791; x_wconf 88' lang='lat' dir='ltr'><strong>arbitror</strong></span> <span class='ocrx_word' id='word_1_590' title='bbox 1197 4733 1450 4797; x_wconf 89' lang='lat' dir='ltr'><strong>indicari,</strong></span> <span class='ocrx_word' id='word_1_591' title='bbox 1471 4733 1616 4802; x_wconf 90' lang='lat' dir='ltr'><strong>quod</strong></span> <span class='ocrx_word' id='word_1_592' title='bbox 1648 4733 1856 4804; x_wconf 89' lang='lat' dir='ltr'><strong>primus</strong></span> <span class='ocrx_word' id='word_1_593' title='bbox 1893 4735 1978 4788; x_wconf 92' lang='lat' dir='ltr'><strong>ci-</strong></span> 
     </span>
    </p>
   </div>
   <div class='ocr_carea' id='block_1_76' title="bbox 2082 3115 2513 3174">
    <p class='ocr_par' dir='ltr' id='par_1_76' title="bbox 2082 3115 2513 3174">
     <span class='ocr_line' id='line_1_76' title="bbox 2082 3115 2513 3174; baseline 0.002 -3"><span class='ocrx_word' id='word_1_594' title='bbox 2082 3117 2258 3174; x_wconf 91' lang='lat' dir='ltr'><strong>Iebrat</strong></span> <span class='ocrx_word' id='word_1_595' title='bbox 2277 3115 2513 3172; x_wconf 90' lang='lat' dir='ltr'><strong>Pascha.</strong></span> 
     </span>
    </p>
   </div>
   <div class='ocr_carea' id='block_1_77' title="bbox 2149 3252 3650 3318">
    <p class='ocr_par' dir='ltr' id='par_1_77' title="bbox 2149 3252 3650 3318">
     <span class='ocr_line' id='line_1_77' title="bbox 2149 3252 3650 3318; baseline -0.001 -8"><span class='ocrx_word' id='word_1_596' title='bbox 2149 3256 2203 3310; x_wconf 77' lang='lat'><strong>3.</strong></span> <span class='ocrx_word' id='word_1_597' title='bbox 2237 3271 2256 3306; x_wconf 83' lang='lat'><strong>(</strong></span> <span class='ocrx_word' id='word_1_598' title='bbox 2287 3253 2355 3308; x_wconf 87' lang='lat' dir='ltr'><strong>Et</strong></span> <span class='ocrx_word' id='word_1_599' title='bbox 2382 3253 2583 3309; x_wconf 89' lang='lat' dir='ltr'><strong>factum</strong></span> <span class='ocrx_word' id='word_1_600' title='bbox 2612 3263 2696 3309; x_wconf 90' lang='lat' dir='ltr'><strong>est</strong></span> <span class='ocrx_word' id='word_1_601' title='bbox 2733 3267 2855 3308; x_wconf 90' lang='lat' dir='ltr'><strong>cum</strong></span> <span class='ocrx_word' id='word_1_602' title='bbox 2887 3261 3033 3308; x_wconf 89' lang='lat' dir='ltr'><strong>esset</strong></span> <span class='ocrx_word' id='word_1_603' title='bbox 3059 3252 3214 3309; x_wconf 86' lang='lat' dir='ltr'><strong>Jesus</strong></span> <span class='ocrx_word' id='word_1_604' title='bbox 3244 3253 3295 3306; x_wconf 94' lang='lat' dir='ltr'><strong>in</strong></span> <span class='ocrx_word' id='word_1_605' title='bbox 3331 3252 3552 3309; x_wconf 84' lang='lat' dir='ltr'><strong>Jericho</strong></span> <span class='ocrx_word' id='word_1_606' title='bbox 3581 3255 3650 3318; x_wconf 84' lang='grc'><strong>³¹,</strong></span> 
     </span>
    </p>
   </div>
   <div class='ocr_carea' id='block_1_78' title="bbox 2079 3345 3650 3419">
    <p class='ocr_par' dir='ltr' id='par_1_78' title="bbox 2079 3345 3650 3419">
     <span class='ocr_line' id='line_1_78' title="bbox 2079 3345 3650 3419; baseline -0.003 -14"><span class='ocrx_word' id='word_1_607' title='bbox 2079 3347 2385 3419; x_wconf 88' lang='lat' dir='ltr'><strong>respiciens</strong></span> <span class='ocrx_word' id='word_1_608' title='bbox 2416 3345 2593 3402; x_wconf 90' lang='lat' dir='ltr'><strong>oculis</strong></span> <span class='ocrx_word' id='word_1_609' title='bbox 2622 3346 2757 3401; x_wconf 90' lang='lat' dir='ltr'><strong>vidit</strong></span> <span class='ocrx_word' id='word_1_610' title='bbox 2778 3346 3053 3402; x_wconf 89' lang='lat' dir='ltr'><strong>hominem</strong></span> <span class='ocrx_word' id='word_1_611' title='bbox 3091 3353 3325 3401; x_wconf 88' lang='lat' dir='ltr'><strong>stantem</strong></span> <span class='ocrx_word' id='word_1_612' title='bbox 3354 3353 3547 3401; x_wconf 89' lang='lat' dir='ltr'><strong>contra</strong></span> <span class='ocrx_word' id='word_1_613' title='bbox 3571 3361 3650 3409; x_wconf 88' lang='lat' dir='ltr'><strong>se,</strong></span> 
     </span>
    </p>
   </div>
   <div class='ocr_carea' id='block_1_79' title="bbox 2077 3436 3653 3512">
    <p class='ocr_par' dir='ltr' id='par_1_79' title="bbox 2077 3436 3653 3512">
     <span class='ocr_line' id='line_1_79' title="bbox 2077 3436 3653 3512; baseline -0.003 -16"><span class='ocrx_word' id='word_1_614' title='bbox 2077 3450 2134 3496; x_wconf 91' lang='lat' dir='ltr'><strong>et</strong></span> <span class='ocrx_word' id='word_1_615' title='bbox 2168 3440 2379 3512; x_wconf 80' lang='lat' dir='ltr'><strong>gladius</strong></span> <span class='ocrx_word' id='word_1_616' title='bbox 2408 3441 2724 3510; x_wconf 77' lang='lat' dir='ltr'><strong>evaginatus</strong></span> <span class='ocrx_word' id='word_1_617' title='bbox 2753 3451 2875 3494; x_wconf 88' lang='lat' dir='ltr'><strong>erat</strong></span> <span class='ocrx_word' id='word_1_618' title='bbox 2919 3439 2972 3493; x_wconf 92' lang='lat' dir='ltr'><strong>in</strong></span> <span class='ocrx_word' id='word_1_619' title='bbox 3013 3454 3174 3494; x_wconf 91' lang='lat' dir='ltr'><strong>manu</strong></span> <span class='ocrx_word' id='word_1_620' title='bbox 3213 3438 3351 3506; x_wconf 85' lang='lat' dir='ltr'><strong>ejus.</strong></span> <span class='ocrx_word' id='word_1_621' title='bbox 3401 3436 3470 3493; x_wconf 87' lang='lat' dir='ltr'><strong>Et</strong></span> <span class='ocrx_word' id='word_1_622' title='bbox 3496 3453 3653 3494; x_wconf 91' lang='lat' dir='ltr'><strong>acce-</strong></span> 
     </span>
    </p>
   </div>
   <div class='ocr_carea' id='block_1_80' title="bbox 2078 3531 3652 3596">
    <p class='ocr_par' dir='ltr' id='par_1_80' title="bbox 2078 3531 3652 3596">
     <span class='ocr_line' id='line_1_80' title="bbox 2078 3531 3652 3596; baseline -0.002 -7"><span class='ocrx_word' id='word_1_623' title='bbox 2078 3535 2212 3589; x_wconf 88' lang='lat' dir='ltr'><strong>dens</strong></span> <span class='ocrx_word' id='word_1_624' title='bbox 2247 3531 2405 3589; x_wconf 81' lang='lat' dir='ltr'><strong>Jesus</strong></span> <span class='ocrx_word' id='word_1_625' title='bbox 2438 3531 2576 3587; x_wconf 87' lang='lat' dir='ltr'><strong>dixit</strong></span> <span class='ocrx_word' id='word_1_626' title='bbox 2601 3532 2648 3585; x_wconf 91' lang='lat' dir='ltr'><strong>ei</strong></span> <span class='ocrx_word' id='word_1_627' title='bbox 2686 3548 2700 3586; x_wconf 89' lang='lat'><strong>:</strong></span> <span class='ocrx_word' id='word_1_628' title='bbox 2729 3531 2924 3586; x_wconf 88' lang='lat' dir='ltr'><strong>Noster</strong></span> <span class='ocrx_word' id='word_1_629' title='bbox 2949 3546 3029 3596; x_wconf 90' lang='lat' dir='ltr'><strong>es,</strong></span> <span class='ocrx_word' id='word_1_630' title='bbox 3058 3547 3124 3586; x_wconf 90' lang='lat' dir='ltr'><strong>an</strong></span> <span class='ocrx_word' id='word_1_631' title='bbox 3161 3532 3600 3586; x_wconf 86' lang='lat' dir='ltr'><strong>adversariorum</strong></span> <span class='ocrx_word' id='word_1_632' title='bbox 3629 3531 3652 3586; x_wconf 75' lang='lat'><strong><em>2</em></strong></span> 
     </span>
    </p>
   </div>
   <div class='ocr_carea' id='block_1_81' title="bbox 2079 3625 3651 3696">
    <p class='ocr_par' dir='ltr' id='par_1_81' title="bbox 2079 3625 3651 3696">
     <span class='ocr_line' id='line_1_81' title="bbox 2079 3625 3651 3696; baseline -0.001 -16"><span class='ocrx_word' id='word_1_633' title='bbox 2079 3627 2150 3680; x_wconf 84' lang='lat' dir='ltr'><strong>At</strong></span> <span class='ocrx_word' id='word_1_634' title='bbox 2190 3626 2283 3681; x_wconf 90' lang='lat' dir='ltr'><strong>ille</strong></span> <span class='ocrx_word' id='word_1_635' title='bbox 2329 3626 2514 3681; x_wconf 86' lang='lat' dir='ltr'><strong>dixit:</strong></span> <span class='ocrx_word' id='word_1_636' title='bbox 2551 3625 2663 3696; x_wconf 81' lang='lat' dir='ltr'><strong>Ego</strong></span> <span class='ocrx_word' id='word_1_637' title='bbox 2713 3640 2834 3679; x_wconf 89' lang='lat' dir='ltr'><strong>sum</strong></span> <span class='ocrx_word' id='word_1_638' title='bbox 2882 3625 3136 3695; x_wconf 89' lang='lat' dir='ltr'><strong>princeps</strong></span> <span class='ocrx_word' id='word_1_639' title='bbox 3179 3625 3386 3679; x_wconf 55' lang='lat' dir='ltr'><strong>militia</strong></span> <span class='ocrx_word' id='word_1_640' title='bbox 3431 3625 3651 3679; x_wconf 87' lang='lat' dir='ltr'><strong>virtutis</strong></span> 
     </span>
    </p>
   </div>
   <div class='ocr_carea' id='block_1_82' title="bbox 2080 3715 3653 3788">
    <p class='ocr_par' dir='ltr' id='par_1_82' title="bbox 2080 3715 3653 3788">
     <span class='ocr_line' id='line_1_82' title="bbox 2080 3715 3653 3788; baseline 0 -14"><span class='ocrx_word' id='word_1_641' title='bbox 2080 3718 2293 3774; x_wconf 90' lang='lat' dir='ltr'><strong>Domini</strong></span> <span class='ocrx_word' id='word_1_642' title='bbox 2325 3736 2338 3772; x_wconf 92' lang='lat'><strong>:</strong></span> <span class='ocrx_word' id='word_1_643' title='bbox 2367 3732 2511 3772; x_wconf 90' lang='lat' dir='ltr'><strong>nunc</strong></span> <span class='ocrx_word' id='word_1_644' title='bbox 2535 3717 2727 3772; x_wconf 88' lang='lat' dir='ltr'><strong>adveni</strong></span> <span class='ocrx_word' id='word_1_645' title='bbox 2755 3715 2889 3788; x_wconf 75' lang='lat'><strong>(85).</strong></span> <span class='ocrx_word' id='word_1_646' title='bbox 2918 3736 2938 3768; x_wconf 85' lang='grc'><strong>›</strong></span> <span class='ocrx_word' id='word_1_647' title='bbox 2973 3716 3294 3785; x_wconf 79' lang='lat' dir='ltr'><strong>Respiciens</strong></span> <span class='ocrx_word' id='word_1_648' title='bbox 3316 3732 3445 3787; x_wconf 74' lang='lat' dir='ltr'><strong>ergo</strong></span> <span class='ocrx_word' id='word_1_649' title='bbox 3478 3718 3653 3774; x_wconf 89' lang='lat' dir='ltr'><strong>oculis</strong></span> 
     </span>
    </p>
   </div>
   <div class='ocr_carea' id='block_1_83' title="bbox 2078 3807 3650 3880">
    <p class='ocr_par' dir='ltr' id='par_1_83' title="bbox 2078 3807 3650 3880">
     <span class='ocr_line' id='line_1_83' title="bbox 2078 3807 3650 3880; baseline 0.003 -20"><span class='ocrx_word' id='word_1_650' title='bbox 2078 3811 2228 3865; x_wconf 87' lang='lat' dir='ltr'><strong>videt</strong></span> <span class='ocrx_word' id='word_1_651' title='bbox 2268 3809 2570 3880; x_wconf 90' lang='lat' dir='ltr'><strong>principem</strong></span> <span class='ocrx_word' id='word_1_652' title='bbox 2611 3807 2818 3863; x_wconf 76' lang='lat' dir='ltr'><strong>militia:</strong></span> <span class='ocrx_word' id='word_1_653' title='bbox 2855 3808 3073 3863; x_wconf 88' lang='lat' dir='ltr'><strong>virtutis</strong></span> <span class='ocrx_word' id='word_1_654' title='bbox 3116 3809 3352 3876; x_wconf 91' lang='lat' dir='ltr'><strong>Domini,</strong></span> <span class='ocrx_word' id='word_1_655' title='bbox 3391 3819 3650 3880; x_wconf 89' lang='lat' dir='ltr'><strong>tanquam</strong></span> 
     </span>
    </p>
   </div>
   <div class='ocr_carea' id='block_1_84' title="bbox 2083 3901 3651 3974">
    <p class='ocr_par' dir='ltr' id='par_1_84' title="bbox 2083 3901 3651 3974">
     <span class='ocr_line' id='line_1_84' title="bbox 2083 3901 3651 3974; baseline -0.001 -15"><span class='ocrx_word' id='word_1_656' title='bbox 2083 3905 2176 3974; x_wconf 90' lang='lat' dir='ltr'><strong>qui</strong></span> <span class='ocrx_word' id='word_1_657' title='bbox 2209 3904 2359 3973; x_wconf 90' lang='lat' dir='ltr'><strong>prius</strong></span> <span class='ocrx_word' id='word_1_658' title='bbox 2385 3919 2488 3957; x_wconf 85' lang='lat' dir='ltr'><strong>non</strong></span> <span class='ocrx_word' id='word_1_659' title='bbox 2524 3901 2852 3972; x_wconf 88' lang='lat' dir='ltr'><strong>respexerit,</strong></span> <span class='ocrx_word' id='word_1_660' title='bbox 2884 3901 2978 3956; x_wconf 88' lang='lat' dir='ltr'><strong>sed</strong></span> <span class='ocrx_word' id='word_1_661' title='bbox 3011 3910 3161 3966; x_wconf 92' lang='lat' dir='ltr'><strong>tunc,</strong></span> <span class='ocrx_word' id='word_1_662' title='bbox 3197 3917 3320 3957; x_wconf 91' lang='lat' dir='ltr'><strong>cum</strong></span> <span class='ocrx_word' id='word_1_663' title='bbox 3349 3903 3651 3972; x_wconf 89' lang='lat' dir='ltr'><strong>principem</strong></span> 
     </span>
    </p>
   </div>
   <div class='ocr_carea' id='block_1_85' title="bbox 2081 3992 3652 4060">
    <p class='ocr_par' dir='ltr' id='par_1_85' title="bbox 2081 3992 3652 4060">
     <span class='ocr_line' id='line_1_85' title="bbox 2081 3992 3652 4060; baseline -0.003 -10"><span class='ocrx_word' id='word_1_664' title='bbox 2081 3994 2290 4050; x_wconf 64' lang='lat' dir='ltr'><strong>militiae</strong></span> <span class='ocrx_word' id='word_1_665' title='bbox 2326 3992 2536 4048; x_wconf 89' lang='lat' dir='ltr'><strong>Domini</strong></span> <span class='ocrx_word' id='word_1_666' title='bbox 2569 3993 2785 4047; x_wconf 86' lang='lat' dir='ltr'><strong>visurus</strong></span> <span class='ocrx_word' id='word_1_667' title='bbox 2816 4002 2980 4048; x_wconf 87' lang='lat' dir='ltr'><strong>esset.</strong></span> <span class='ocrx_word' id='word_1_668' title='bbox 3021 3992 3190 4060; x_wconf 83' lang='lat' dir='ltr'><strong>Quem</strong></span> <span class='ocrx_word' id='word_1_669' title='bbox 3216 4001 3392 4047; x_wconf 89' lang='lat' dir='ltr'><strong>tamen</strong></span> <span class='ocrx_word' id='word_1_670' title='bbox 3419 4008 3540 4048; x_wconf 90' lang='lat' dir='ltr'><strong>cum</strong></span> <span class='ocrx_word' id='word_1_671' title='bbox 3573 3994 3652 4047; x_wconf 78' lang='lat' dir='ltr'><strong>vi-</strong></span> 
     </span>
    </p>
   </div>
   <div class='ocr_carea' id='block_1_86' title="bbox 2081 4087 3700 4158">
    <p class='ocr_par' dir='ltr' id='par_1_86' title="bbox 2081 4087 3700 4158">
     <span class='ocr_line' id='line_1_86' title="bbox 2081 4087 3700 4158; baseline -0.004 -10"><span class='ocrx_word' id='word_1_672' title='bbox 2081 4094 2252 4150; x_wconf 91' lang='lat' dir='ltr'><strong>disset</strong></span> <span class='ocrx_word' id='word_1_673' title='bbox 2295 4093 2476 4158; x_wconf 86' lang='lat' dir='ltr'><strong>Jesus,</strong></span> <span class='ocrx_word' id='word_1_674' title='bbox 2529 4109 2634 4149; x_wconf 90' lang='lat' dir='ltr'><strong>non</strong></span> <span class='ocrx_word' id='word_1_675' title='bbox 2664 4107 2788 4148; x_wconf 89' lang='lat' dir='ltr'><strong>eum</strong></span> <span class='ocrx_word' id='word_1_676' title='bbox 2822 4089 2968 4145; x_wconf 89' lang='lat' dir='ltr'><strong>velut</strong></span> <span class='ocrx_word' id='word_1_677' title='bbox 2998 4102 3342 4144; x_wconf 90' lang='lat' dir='ltr'><strong>communem</strong></span> <span class='ocrx_word' id='word_1_678' title='bbox 3377 4087 3654 4142; x_wconf 87' lang='lat' dir='ltr'><strong>hominem</strong></span> <span class='ocrx_word' id='word_1_679' title='bbox 3692 4091 3700 4097; x_wconf 86' lang='lat'>&#39;</span> 
     </span>
    </p>
   </div>
   <div class='ocr_carea' id='block_1_87' title="bbox 2079 4178 3650 4252">
    <p class='ocr_par' dir='ltr' id='par_1_87' title="bbox 2079 4178 3650 4252">
     <span class='ocr_line' id='line_1_87' title="bbox 2079 4178 3650 4252; baseline -0.005 -11"><span class='ocrx_word' id='word_1_680' title='bbox 2079 4187 2238 4252; x_wconf 90' lang='lat' dir='ltr'><strong>vidit,</strong></span> <span class='ocrx_word' id='word_1_681' title='bbox 2271 4187 2365 4242; x_wconf 90' lang='lat' dir='ltr'><strong>sed</strong></span> <span class='ocrx_word' id='word_1_682' title='bbox 2400 4185 2667 4242; x_wconf 86' lang='lat' dir='ltr'><strong>intellexit</strong></span> <span class='ocrx_word' id='word_1_683' title='bbox 2703 4185 2956 4239; x_wconf 92' lang='lat' dir='ltr'><strong>virtutem</strong></span> <span class='ocrx_word' id='word_1_684' title='bbox 3009 4195 3130 4237; x_wconf 89' lang='lat' dir='ltr'><strong>esse</strong></span> <span class='ocrx_word' id='word_1_685' title='bbox 3159 4180 3470 4251; x_wconf 90' lang='lat' dir='ltr'><strong>quamdam.</strong></span> <span class='ocrx_word' id='word_1_686' title='bbox 3502 4178 3650 4234; x_wconf 81' lang='lat' dir='ltr'><strong>Non-</strong></span> 
     </span>
    </p>
   </div>
   <div class='ocr_carea' id='block_1_88' title="bbox 2086 4272 3650 4350">
    <p class='ocr_par' dir='ltr' id='par_1_88' title="bbox 2086 4272 3650 4350">
     <span class='ocr_line' id='line_1_88' title="bbox 2086 4272 3650 4350; baseline -0.005 -16"><span class='ocrx_word' id='word_1_687' title='bbox 2086 4281 2212 4334; x_wconf 90' lang='lat' dir='ltr'><strong>dum</strong></span> <span class='ocrx_word' id='word_1_688' title='bbox 2249 4279 2394 4334; x_wconf 86' lang='lat' dir='ltr'><strong>enim</strong></span> <span class='ocrx_word' id='word_1_689' title='bbox 2423 4278 2536 4350; x_wconf 66' lang='lat'><strong>(84)</strong></span> <span class='ocrx_word' id='word_1_690' title='bbox 2573 4287 2766 4333; x_wconf 77' lang='lat' dir='ltr'><strong>certus</strong></span> <span class='ocrx_word' id='word_1_691' title='bbox 2785 4285 2871 4332; x_wconf 93' lang='lat' dir='ltr'><strong>est</strong></span> <span class='ocrx_word' id='word_1_692' title='bbox 2899 4291 2966 4330; x_wconf 91' lang='lat' dir='ltr'><strong>ex</strong></span> <span class='ocrx_word' id='word_1_693' title='bbox 3007 4273 3205 4330; x_wconf 90' lang='lat' dir='ltr'><strong>divinis</strong></span> <span class='ocrx_word' id='word_1_694' title='bbox 3232 4272 3549 4336; x_wconf 80' lang='lat' dir='ltr'><strong>virtutibus,</strong></span> <span class='ocrx_word' id='word_1_695' title='bbox 3581 4288 3650 4326; x_wconf 90' lang='lat' dir='ltr'><strong>an</strong></span> 
     </span>
    </p>
   </div>
   <div class='ocr_carea' id='block_1_89' title="bbox 2079 4364 3651 4438">
    <p class='ocr_par' dir='ltr' id='par_1_89' title="bbox 2079 4364 3651 4438">
     <span class='ocr_line' id='line_1_89' title="bbox 2079 4364 3651 4438; baseline -0.006 -12"><span class='ocrx_word' id='word_1_696' title='bbox 2079 4387 2146 4426; x_wconf 82' lang='lat' dir='ltr'><strong>ex</strong></span> <span class='ocrx_word' id='word_1_697' title='bbox 2168 4370 2459 4426; x_wconf 87' lang='lat' dir='ltr'><strong>contrariis</strong></span> <span class='ocrx_word' id='word_1_698' title='bbox 2488 4384 2594 4424; x_wconf 88' lang='lat' dir='ltr'><strong>una</strong></span> <span class='ocrx_word' id='word_1_699' title='bbox 2628 4369 2700 4424; x_wconf 90' lang='lat' dir='ltr'><strong>sit</strong></span> <span class='ocrx_word' id='word_1_700' title='bbox 2730 4382 2850 4438; x_wconf 77' lang='lat' dir='ltr'><strong>quae</strong></span> <span class='ocrx_word' id='word_1_701' title='bbox 2894 4367 3132 4432; x_wconf 90' lang='lat' dir='ltr'><strong>videtur,</strong></span> <span class='ocrx_word' id='word_1_702' title='bbox 3168 4373 3222 4420; x_wconf 92' lang='lat' dir='ltr'><strong>et</strong></span> <span class='ocrx_word' id='word_1_703' title='bbox 3259 4364 3382 4419; x_wconf 91' lang='lat' dir='ltr'><strong>ideo</strong></span> <span class='ocrx_word' id='word_1_704' title='bbox 3411 4364 3651 4418; x_wconf 88' lang='lat' dir='ltr'><strong>interro-</strong></span> 
     </span>
    </p>
   </div>
   <div class='ocr_carea' id='block_1_90' title="bbox 2084 4458 3654 4534">
    <p class='ocr_par' dir='ltr' id='par_1_90' title="bbox 2084 4458 3654 4534">
     <span class='ocr_line' id='line_1_90' title="bbox 2084 4458 3654 4534; baseline -0.004 -17"><span class='ocrx_word' id='word_1_705' title='bbox 2084 4474 2196 4534; x_wconf 78' lang='lat' dir='ltr'><strong>gat,</strong></span> <span class='ocrx_word' id='word_1_706' title='bbox 2227 4471 2284 4518; x_wconf 90' lang='lat' dir='ltr'><strong>ct</strong></span> <span class='ocrx_word' id='word_1_707' title='bbox 2329 4462 2594 4532; x_wconf 87' lang='lat' dir='ltr'><strong>perquirit</strong></span> <span class='ocrx_word' id='word_1_708' title='bbox 2639 4462 2823 4516; x_wconf 89' lang='lat' dir='ltr'><strong>dicens</strong></span> <span class='ocrx_word' id='word_1_709' title='bbox 2853 4478 2868 4516; x_wconf 92' lang='lat'>:</span> <span class='ocrx_word' id='word_1_710' title='bbox 2910 4478 2928 4510; x_wconf 76' lang='grc' dir='ltr'>ι</span> <span class='ocrx_word' id='word_1_711' title='bbox 2963 4458 3159 4515; x_wconf 81' lang='lat' dir='ltr'><strong>Noster</strong></span> <span class='ocrx_word' id='word_1_712' title='bbox 3192 4475 3273 4526; x_wconf 84' lang='lat' dir='ltr'><strong>es,</strong></span> <span class='ocrx_word' id='word_1_713' title='bbox 3303 4472 3370 4510; x_wconf 91' lang='lat' dir='ltr'><strong>an</strong></span> <span class='ocrx_word' id='word_1_714' title='bbox 3399 4458 3654 4512; x_wconf 87' lang='lat' dir='ltr'><strong>adversa-</strong></span> 
     </span>
    </p>
   </div>
   <div class='ocr_carea' id='block_1_91' title="bbox 2084 4550 3654 4623">
    <p class='ocr_par' dir='ltr' id='par_1_91' title="bbox 2084 4550 3654 4623">
     <span class='ocr_line' id='line_1_91' title="bbox 2084 4550 3654 4623; baseline -0.004 -13"><span class='ocrx_word' id='word_1_715' title='bbox 2084 4556 2335 4610; x_wconf 82' lang='lat' dir='ltr'><strong>riorum?</strong></span> <span class='ocrx_word' id='word_1_716' title='bbox 2377 4573 2396 4607; x_wconf 70' lang='grc' dir='ltr'><strong><em>ι</em></strong></span> <span class='ocrx_word' id='word_1_717' title='bbox 2443 4557 2510 4609; x_wconf 79' lang='lat' dir='ltr'><strong>At</strong></span> <span class='ocrx_word' id='word_1_718' title='bbox 2537 4553 2625 4608; x_wconf 92' lang='lat' dir='ltr'><strong>ille</strong></span> <span class='ocrx_word' id='word_1_719' title='bbox 2658 4553 2737 4609; x_wconf 92' lang='lat' dir='ltr'><strong>ait</strong></span> <span class='ocrx_word' id='word_1_720' title='bbox 2764 4571 2778 4608; x_wconf 89' lang='lat'>:</span> <span class='ocrx_word' id='word_1_721' title='bbox 2810 4571 2829 4605; x_wconf 77' lang='grc' dir='ltr'>ι</span> <span class='ocrx_word' id='word_1_722' title='bbox 2876 4553 2989 4623; x_wconf 82' lang='lat' dir='ltr'><strong>Ego</strong></span> <span class='ocrx_word' id='word_1_723' title='bbox 3017 4567 3134 4607; x_wconf 89' lang='lat' dir='ltr'><strong>sum</strong></span> <span class='ocrx_word' id='word_1_724' title='bbox 3163 4551 3416 4620; x_wconf 89' lang='lat' dir='ltr'><strong>princeps</strong></span> <span class='ocrx_word' id='word_1_725' title='bbox 3450 4550 3654 4604; x_wconf 72' lang='lat' dir='ltr'><strong>militia:</strong></span> 
     </span>
    </p>
   </div>
   <div class='ocr_carea' id='block_1_92' title="bbox 2083 4643 3656 4714">
    <p class='ocr_par' dir='ltr' id='par_1_92' title="bbox 2083 4643 3656 4714">
     <span class='ocr_line' id='line_1_92' title="bbox 2083 4643 3656 4714; baseline -0.002 -13"><span class='ocrx_word' id='word_1_726' title='bbox 2083 4649 2298 4702; x_wconf 87' lang='lat' dir='ltr'><strong>virtutis</strong></span> <span class='ocrx_word' id='word_1_727' title='bbox 2327 4647 2558 4714; x_wconf 89' lang='lat' dir='ltr'><strong>Domini,</strong></span> <span class='ocrx_word' id='word_1_728' title='bbox 2587 4662 2731 4701; x_wconf 84' lang='lat' dir='ltr'><strong>nunc</strong></span> <span class='ocrx_word' id='word_1_729' title='bbox 2767 4645 2981 4700; x_wconf 89' lang='lat' dir='ltr'><strong>adveni.</strong></span> <span class='ocrx_word' id='word_1_730' title='bbox 3014 4661 3034 4694; x_wconf 73' lang='grc' dir='ltr'><strong>ι</strong></span> <span class='ocrx_word' id='word_1_731' title='bbox 3074 4643 3140 4696; x_wconf 84' lang='grc' dir='ltr'>Ει</span> <span class='ocrx_word' id='word_1_732' title='bbox 3169 4657 3294 4696; x_wconf 89' lang='lat' dir='ltr'><strong>cum</strong></span> <span class='ocrx_word' id='word_1_733' title='bbox 3343 4643 3449 4698; x_wconf 91' lang='lat' dir='ltr'><strong>hoc</strong></span> <span class='ocrx_word' id='word_1_734' title='bbox 3474 4644 3656 4698; x_wconf 89' lang='lat' dir='ltr'><strong>audis-</strong></span> 
     </span>
    </p>
   </div>
   <div class='ocr_carea' id='block_1_93' title="bbox 2086 4733 3655 4809">
    <p class='ocr_par' dir='ltr' id='par_1_93' title="bbox 2086 4733 3655 4809">
     <span class='ocr_line' id='line_1_93' title="bbox 2086 4733 3655 4809; baseline -0.003 -14"><span class='ocrx_word' id='word_1_735' title='bbox 2086 4751 2168 4795; x_wconf 90' lang='lat' dir='ltr'><strong>set</strong></span> <span class='ocrx_word' id='word_1_736' title='bbox 2196 4738 2332 4809; x_wconf 78' lang='grc'><strong>(85),</strong></span> <span class='ocrx_word' id='word_1_737' title='bbox 2362 4739 2611 4794; x_wconf 87' lang='lat' dir='ltr'><strong>adoravit</strong></span> <span class='ocrx_word' id='word_1_738' title='bbox 2635 4736 2812 4802; x_wconf 82' lang='lat' dir='ltr'><strong>Jesus,</strong></span> <span class='ocrx_word' id='word_1_739' title='bbox 2828 4745 2884 4790; x_wconf 89' lang='lat' dir='ltr'><strong>et</strong></span> <span class='ocrx_word' id='word_1_740' title='bbox 2911 4736 3046 4790; x_wconf 78' lang='lat' dir='ltr'><strong>dixit</strong></span> <span class='ocrx_word' id='word_1_741' title='bbox 3071 4735 3118 4767; x_wconf 78' lang='grc'>⁸³</span> <span class='ocrx_word' id='word_1_742' title='bbox 3151 4751 3164 4789; x_wconf 81' lang='lat' dir='ltr'><strong>z</strong></span> <span class='ocrx_word' id='word_1_743' title='bbox 3201 4753 3220 4787; x_wconf 73' lang='grc' dir='ltr'>ι</span> <span class='ocrx_word' id='word_1_744' title='bbox 3257 4733 3506 4802; x_wconf 88' lang='lat' dir='ltr'><strong>Domine,</strong></span> <span class='ocrx_word' id='word_1_745' title='bbox 3526 4735 3655 4805; x_wconf 87' lang='lat' dir='ltr'><strong>quid</strong></span> 
     </span>
    </p>
   </div>
   <div class='ocr_carea' id='block_1_94' title="bbox 481 4872 1975 4947">
    <p class='ocr_par' dir='ltr' id='par_1_94' title="bbox 481 4872 1963 4946">
     <span class='ocr_line' id='line_1_94' title="bbox 481 4872 1963 4946; baseline -0.021 -7"><span class='ocrx_word' id='word_1_746' title='bbox 481 4883 526 4918; x_wconf 77' lang='grc'>⁸⁸</span> <span class='ocrx_word' id='word_1_747' title='bbox 545 4882 658 4939; x_wconf 77' lang='lat' dir='ltr'><strong>Jos.</strong></span> <span class='ocrx_word' id='word_1_748' title='bbox 688 4895 742 4946; x_wconf 93' lang='lat' dir='ltr'><strong>v,</strong></span> <span class='ocrx_word' id='word_1_749' title='bbox 777 4879 831 4934; x_wconf 91' lang='lat'><strong>9.</strong></span> <span class='ocrx_word' id='word_1_750' title='bbox 905 4877 950 4910; x_wconf 82' lang='grc'><strong>¹⁹</strong></span> <span class='ocrx_word' id='word_1_751' title='bbox 975 4873 1088 4931; x_wconf 77' lang='lat' dir='ltr'><strong>Jos.</strong></span> <span class='ocrx_word' id='word_1_752' title='bbox 1114 4891 1166 4942; x_wconf 89' lang='lat' dir='ltr'><strong>v,</strong></span> <span class='ocrx_word' id='word_1_753' title='bbox 1196 4873 1283 4931; x_wconf 79' lang='grc'><strong>10.</strong></span> <span class='ocrx_word' id='word_1_754' title='bbox 1359 4874 1405 4908; x_wconf 76' lang='grc' dir='ltr'><strong>³ο</strong></span> <span class='ocrx_word' id='word_1_755' title='bbox 1429 4873 1451 4928; x_wconf 96' lang='lat' dir='ltr'><strong>I</strong></span> <span class='ocrx_word' id='word_1_756' title='bbox 1473 4872 1596 4938; x_wconf 88' lang='lat' dir='ltr'><strong>Cor,</strong></span> <span class='ocrx_word' id='word_1_757' title='bbox 1625 4889 1676 4940; x_wconf 85' lang='grc' dir='ltr'><strong>ν,</strong></span> <span class='ocrx_word' id='word_1_758' title='bbox 1719 4873 1770 4940; x_wconf 84' lang='grc'><strong>7,</strong></span> <span class='ocrx_word' id='word_1_759' title='bbox 1796 4875 1850 4930; x_wconf 84' lang='grc'><strong>8,</strong></span> <span class='ocrx_word' id='word_1_760' title='bbox 1920 4877 1963 4909; x_wconf 73' lang='grc' dir='ltr'><strong><em>ιι</em></strong></span> 
     </span>
    </p>
   </div>
   <div class='ocr_carea' id='block_1_95' title="bbox 2080 4872 3376 4947">
    <p class='ocr_par' dir='ltr' id='par_1_95' title="bbox 2085 4873 3376 4947">
     <span class='ocr_line' id='line_1_95' title="bbox 2085 4873 3376 4947; baseline -0.003 -13"><span class='ocrx_word' id='word_1_761' title='bbox 2085 4894 2166 4934; x_wconf 91' lang='lat' dir='ltr'><strong>or.</strong></span> <span class='ocrx_word' id='word_1_762' title='bbox 2200 4893 2262 4947; x_wconf 90' lang='lat' dir='ltr'><strong>n,</strong></span> <span class='ocrx_word' id='word_1_763' title='bbox 2287 4877 2341 4934; x_wconf 88' lang='lat'><strong>9.</strong></span> <span class='ocrx_word' id='word_1_764' title='bbox 2410 4878 2455 4910; x_wconf 82' lang='grc'><strong><em>²²</em></strong></span> <span class='ocrx_word' id='word_1_765' title='bbox 2483 4875 2594 4933; x_wconf 72' lang='lat' dir='ltr'><strong>Jos.</strong></span> <span class='ocrx_word' id='word_1_766' title='bbox 2632 4891 2683 4947; x_wconf 80' lang='grc' dir='ltr'><strong>ν,</strong></span> <span class='ocrx_word' id='word_1_767' title='bbox 2714 4876 2798 4941; x_wconf 83' lang='lat' dir='ltr'><strong>l5,</strong></span> <span class='ocrx_word' id='word_1_768' title='bbox 2833 4876 2918 4931; x_wconf 78' lang='lat' dir='ltr'><strong>M.</strong></span> <span class='ocrx_word' id='word_1_769' title='bbox 2993 4875 3039 4906; x_wconf 75' lang='grc'><strong>’³</strong></span> <span class='ocrx_word' id='word_1_770' title='bbox 3071 4873 3184 4930; x_wconf 84' lang='lat' dir='ltr'><strong>Jos.</strong></span> <span class='ocrx_word' id='word_1_771' title='bbox 3209 4890 3262 4938; x_wconf 90' lang='lat' dir='ltr'><strong>v,</strong></span> <span class='ocrx_word' id='word_1_772' title='bbox 3290 4873 3376 4930; x_wconf 74' lang='grc'><strong>14.</strong></span> 
     </span>
    </p>
   </div>
   <div class='ocr_carea' id='block_1_96' title="bbox 481 4995 1980 5081">
    <p class='ocr_par' dir='ltr' id='par_1_96' title="bbox 481 4995 1980 5081">
     <span class='ocr_line' id='line_1_96' title="bbox 481 4995 1980 5081; baseline -0.003 -25"><span class='ocrx_word' id='word_1_773' title='bbox 481 5003 594 5075; x_wconf 68' lang='grc'><strong>(74)</strong></span> <span class='ocrx_word' id='word_1_774' title='bbox 626 4999 837 5081; x_wconf 74' lang='lat' dir='ltr'><strong>Iidem:</strong></span> <span class='ocrx_word' id='word_1_775' title='bbox 877 5015 895 5049; x_wconf 78' lang='grc' dir='ltr'>ι</span> <span class='ocrx_word' id='word_1_776' title='bbox 940 4997 994 5051; x_wconf 92' lang='lat' dir='ltr'><strong>in</strong></span> <span class='ocrx_word' id='word_1_777' title='bbox 1029 4995 1200 5052; x_wconf 90' lang='lat' dir='ltr'><strong>initiis</strong></span> <span class='ocrx_word' id='word_1_778' title='bbox 1241 5009 1442 5051; x_wconf 82' lang='lat' dir='ltr'><strong>exuere</strong></span> <span class='ocrx_word' id='word_1_779' title='bbox 1483 5005 1644 5066; x_wconf 85' lang='lat' dir='ltr'><strong>atque</strong></span> <span class='ocrx_word' id='word_1_780' title='bbox 1694 5005 1980 5066; x_wconf 90' lang='lat' dir='ltr'><strong>amputare</strong></span> 
     </span>
    </p>
   </div>
   <div class='ocr_carea' id='block_1_97' title="bbox 411 5084 986 5142">
    <p class='ocr_par' dir='ltr' id='par_1_97' title="bbox 411 5084 986 5142">
     <span class='ocr_line' id='line_1_97' title="bbox 411 5084 986 5142; baseline -0.019 -12"><span class='ocrx_word' id='word_1_781' title='bbox 411 5091 510 5130; x_wconf 83' lang='lat' dir='ltr'><strong>IIOS</strong></span> <span class='ocrx_word' id='word_1_782' title='bbox 537 5087 696 5142; x_wconf 70' lang='lat' dir='ltr'><strong>pOSSC</strong></span> <span class='ocrx_word' id='word_1_783' title='bbox 723 5084 918 5142; x_wconf 71' lang='lat' dir='ltr'><strong>prima.</strong></span> <span class='ocrx_word' id='word_1_784' title='bbox 966 5085 986 5118; x_wconf 70' lang='grc' dir='ltr'><strong><em>ι</em></strong></span> 
     </span>
    </p>
   </div>
   <div class='ocr_carea' id='block_1_98' title="bbox 482 5135 1949 5218">
    <p class='ocr_par' dir='ltr' id='par_1_98' title="bbox 482 5135 1949 5218">
     <span class='ocr_line' id='line_1_98' title="bbox 482 5135 1949 5218; baseline -0.006 -21"><span class='ocrx_word' id='word_1_785' title='bbox 482 5135 597 5218; x_wconf 63' lang='grc'><strong>(78)</strong></span> <span class='ocrx_word' id='word_1_786' title='bbox 630 5135 824 5218; x_wconf 43' lang='lat' dir='ltr'><strong>eri—mi.</strong></span> <span class='ocrx_word' id='word_1_787' title='bbox 849 5141 1010 5194; x_wconf 88' lang='lat' dir='ltr'><strong>Deest</strong></span> <span class='ocrx_word' id='word_1_788' title='bbox 1121 5135 1404 5218; x_wconf 70' lang='lat' dir='ltr'><strong>Sangerm.</strong></span> <span class='ocrx_word' id='word_1_789' title='bbox 1440 5135 1904 5218; x_wconf 55' lang='lat' dir='ltr'><strong>etﬁemeticeusi.</strong></span> <span class='ocrx_word' id='word_1_790' title='bbox 1937 5207 1949 5218; x_wconf 45' lang='lat'><em>.</em></span> 
     </span>
    </p>
   </div>
   <div class='ocr_carea' id='block_1_99' title="bbox 486 5148 1974 5299">
    <p class='ocr_par' dir='ltr' id='par_1_99' title="bbox 486 5148 1974 5299">
     <span class='ocr_line' id='line_1_99' title="bbox 486 5148 1949 5218; baseline -0.006 -21"><span class='ocrx_word' id='word_1_791' title='bbox 486 5148 572 5218; x_wconf 86' lang='lat'><strong>(75</strong></span> <span class='ocrx_word' id='word_1_792' title='bbox 630 5148 824 5196; x_wconf 77' lang='lat' dir='ltr'><strong>Primi.</strong></span> <span class='ocrx_word' id='word_1_793' title='bbox 849 5148 1010 5194; x_wconf 87' lang='lat' dir='ltr'><strong>Deest</strong></span> <span class='ocrx_word' id='word_1_794' title='bbox 1042 5152 1096 5190; x_wconf 88' lang='grc' dir='ltr'><strong>ιη</strong></span> <span class='ocrx_word' id='word_1_795' title='bbox 1121 5148 1404 5216; x_wconf 72' lang='lat' dir='ltr'><strong>Sangerm.</strong></span> <span class='ocrx_word' id='word_1_796' title='bbox 1440 5148 1496 5190; x_wconf 88' lang='lat' dir='ltr'><strong>et</strong></span> <span class='ocrx_word' id='word_1_797' title='bbox 1515 5148 1904 5217; x_wconf 50' lang='lat' dir='ltr'><strong>(semeucenst.</strong></span> <span class='ocrx_word' id='word_1_798' title='bbox 1937 5207 1949 5218; x_wconf 45' lang='lat'><em>.</em></span> 
     </span>
     <span class='ocr_line' id='line_1_100' title="bbox 486 5148 1974 5299; baseline -0.007 -29"><span class='ocrx_word' id='word_1_799' title='bbox 486 5148 600 5299; x_wconf 56' lang='lat'><strong>(76;</strong></span> <span class='ocrx_word' id='word_1_800' title='bbox 649 5211 780 5266; x_wconf 80' lang='lat' dir='ltr'><strong>Mss.</strong></span> <span class='ocrx_word' id='word_1_801' title='bbox 825 5229 845 5262; x_wconf 71' lang='grc' dir='ltr'>ί</span> <span class='ocrx_word' id='word_1_802' title='bbox 895 5209 1171 5278; x_wconf 62' lang='lat' dir='ltr'><strong>nequitiae.</strong></span> <span class='ocrx_word' id='word_1_803' title='bbox 1209 5226 1230 5259; x_wconf 72' lang='grc' dir='ltr'>ι</span> <span class='ocrx_word' id='word_1_804' title='bbox 1267 5205 1422 5261; x_wconf 77' lang='lat' dir='ltr'><strong>Libb.</strong></span> <span class='ocrx_word' id='word_1_805' title='bbox 1454 5206 1588 5260; x_wconf 78' lang='lat' dir='ltr'><strong>editi</strong></span> <span class='ocrx_word' id='word_1_806' title='bbox 1618 5224 1632 5260; x_wconf 90' lang='lat'><strong>:</strong></span> <span class='ocrx_word' id='word_1_807' title='bbox 1667 5225 1686 5258; x_wconf 77' lang='grc' dir='ltr'>ι</span> <span class='ocrx_word' id='word_1_808' title='bbox 1730 5207 1974 5276; x_wconf 73' lang='lat' dir='ltr'><strong>maligni-</strong></span> 
     </span>
    </p>
   </div>
   <div class='ocr_carea' id='block_1_100' title="bbox 417 5297 1976 5427">
    <p class='ocr_par' dir='ltr' id='par_1_100' title="bbox 417 5297 1976 5427">
     <span class='ocr_line' id='line_1_101' title="bbox 417 5297 1976 5427; baseline -0.008 -14"><span class='ocrx_word' id='word_1_809' title='bbox 417 5297 600 5427; x_wconf 41' lang='lat' dir='ltr'><strong>lat($7)</strong></span> <span class='ocrx_word' id='word_1_810' title='bbox 623 5303 805 5410; x_wconf 58' lang='lat' dir='ltr'><strong>(’Jodex</strong></span> <span class='ocrx_word' id='word_1_811' title='bbox 842 5345 1275 5427; x_wconf 83' lang='lat' dir='ltr'><strong>Gemeticensis:</strong></span> <span class='ocrx_word' id='word_1_812' title='bbox 1312 5361 1334 5398; x_wconf 72' lang='grc' dir='ltr'><strong><em>ι</em></strong></span> <span class='ocrx_word' id='word_1_813' title='bbox 1363 5346 1465 5402; x_wconf 85' lang='lat' dir='ltr'><strong>tria</strong></span> <span class='ocrx_word' id='word_1_814' title='bbox 1495 5360 1717 5416; x_wconf 75' lang='lat' dir='ltr'><strong>genera.</strong></span> <span class='ocrx_word' id='word_1_815' title='bbox 1759 5363 1782 5398; x_wconf 73' lang='grc' dir='ltr'><strong><em>ι</em></strong></span> <span class='ocrx_word' id='word_1_816' title='bbox 1817 5343 1976 5402; x_wconf 87' lang='lat' dir='ltr'><strong>Libb.</strong></span> 
     </span>
    </p>
   </div>
   <div class='ocr_carea' id='block_1_101' title="bbox 412 5424 1526 5498">
    <p class='ocr_par' dir='ltr' id='par_1_101' title="bbox 412 5424 1526 5498">
     <span class='ocr_line' id='line_1_102' title="bbox 412 5424 1526 5498; baseline -0.007 -19"><span class='ocrx_word' id='word_1_817' title='bbox 412 5424 543 5498; x_wconf 61' lang='lat' dir='ltr'><strong>editi</strong></span> <span class='ocrx_word' id='word_1_818' title='bbox 629 5435 795 5498; x_wconf 74' lang='lat' dir='ltr'><strong>t_tres</strong></span> <span class='ocrx_word' id='word_1_819' title='bbox 813 5424 1053 5498; x_wconf 40' lang='lat' dir='ltr'><strong>species:-</strong></span> <span class='ocrx_word' id='word_1_820' title='bbox 1081 5439 1101 5473; x_wconf 72' lang='grc' dir='ltr'><strong><em>ι</em></strong></span> <span class='ocrx_word' id='word_1_821' title='bbox 1215 5487 1273 5498; x_wconf 55' lang='lat' dir='ltr'><strong>m</strong></span> <span class='ocrx_word' id='word_1_822' title='bbox 1361 5487 1372 5498; x_wconf 32' lang='grc' dir='ltr'><strong>ε</strong></span> <span class='ocrx_word' id='word_1_823' title='bbox 1515 5486 1526 5498; x_wconf 47' lang='grc'>.</span> 
     </span>
    </p>
   </div>
   <div class='ocr_carea' id='block_1_102' title="bbox 450 5487 1624 5578">
    <p class='ocr_par' dir='ltr' id='par_1_102' title="bbox 450 5487 1624 5578">
     <span class='ocr_line' id='line_1_103' title="bbox 450 5487 1624 5578; baseline -0.008 -29"><span class='ocrx_word' id='word_1_824' title='bbox 450 5496 598 5578; x_wconf 37' lang='grc'><strong>’(78)</strong></span> <span class='ocrx_word' id='word_1_825' title='bbox 648 5487 961 5549; x_wconf 64' lang='lat' dir='ltr'><strong>Saecularis.</strong></span> <span class='ocrx_word' id='word_1_826' title='bbox 1010 5489 1164 5547; x_wconf 88' lang='lat' dir='ltr'><strong>Unus</strong></span> <span class='ocrx_word' id='word_1_827' title='bbox 1215 5487 1560 5544; x_wconf 86' lang='lat' dir='ltr'><strong>Ebroicensis</strong></span> <span class='ocrx_word' id='word_1_828' title='bbox 1609 5500 1624 5540; x_wconf 89' lang='lat'><strong>:</strong></span> 
     </span>
    </p>
   </div>
   <div class='ocr_carea' id='block_1_103' title="bbox 421 5584 1974 5707">
    <p class='ocr_par' dir='ltr' id='par_1_103' title="bbox 421 5584 1974 5707">
     <span class='ocr_line' id='line_1_104' title="bbox 421 5584 1974 5707; baseline -0.007 -18"><span class='ocrx_word' id='word_1_829' title='bbox 421 5584 600 5707; x_wconf 38' lang='lat' dir='ltr'><strong>r“(&#39;79)</strong></span> <span class='ocrx_word' id='word_1_830' title='bbox 631 5633 892 5707; x_wconf 68' lang='lat' dir='ltr'><strong>Gcmetic.</strong></span> <span class='ocrx_word' id='word_1_831' title='bbox 913 5633 1104 5707; x_wconf 85' lang='lat' dir='ltr'><strong>etduo</strong></span> <span class='ocrx_word' id='word_1_832' title='bbox 1135 5630 1530 5707; x_wconf 83' lang='lat' dir='ltr'><strong>Ehroicenses:</strong></span> <span class='ocrx_word' id='word_1_833' title='bbox 1565 5645 1584 5678; x_wconf 74' lang='grc' dir='ltr'>ι</span> <span class='ocrx_word' id='word_1_834' title='bbox 1618 5626 1923 5707; x_wconf 76' lang='lat' dir='ltr'><strong>scientiam.</strong></span> <span class='ocrx_word' id='word_1_835' title='bbox 1957 5645 1974 5678; x_wconf 74' lang='grc' dir='ltr'><strong><em>ι</em></strong></span> 
     </span>
    </p>
   </div>
   <div class='ocr_carea' id='block_1_104' title="bbox 485 5699 1982 5776">
    <p class='ocr_par' dir='ltr' id='par_1_104' title="bbox 485 5699 1982 5776">
     <span class='ocr_line' id='line_1_105' title="bbox 485 5699 1982 5776; baseline -0.008 -14"><span class='ocrx_word' id='word_1_836' title='bbox 485 5699 598 5776; x_wconf 77' lang='grc'><strong>(80)</strong></span> <span class='ocrx_word' id='word_1_837' title='bbox 626 5706 807 5762; x_wconf 76' lang='lat' dir='ltr'><strong>Cutch</strong></span> <span class='ocrx_word' id='word_1_838' title='bbox 843 5704 1106 5760; x_wconf 85' lang='lat' dir='ltr'><strong>Gemetic.</strong></span> <span class='ocrx_word' id='word_1_839' title='bbox 1144 5720 1162 5754; x_wconf 72' lang='grc' dir='ltr'><strong>ι</strong></span> <span class='ocrx_word' id='word_1_840' title='bbox 1199 5702 1516 5766; x_wconf 85' lang='lat' dir='ltr'><strong>ascendunt,</strong></span> <span class='ocrx_word' id='word_1_841' title='bbox 1552 5717 1569 5750; x_wconf 73' lang='grc' dir='ltr'><strong><em>ι</em></strong></span> <span class='ocrx_word' id='word_1_842' title='bbox 1601 5709 1656 5754; x_wconf 90' lang='lat' dir='ltr'><strong>et</strong></span> <span class='ocrx_word' id='word_1_843' title='bbox 1679 5699 1836 5768; x_wconf 91' lang='lat' dir='ltr'><strong>paulo</strong></span> <span class='ocrx_word' id='word_1_844' title='bbox 1859 5707 1982 5768; x_wconf 89' lang='lat' dir='ltr'><strong>post</strong></span> 
     </span>
    </p>
   </div>
   <div class='ocr_carea' id='block_1_105' title="bbox 1684 5484 1978 5541">
    <p class='ocr_par' dir='ltr' id='par_1_105' title="bbox 1684 5484 1978 5541">
     <span class='ocr_line' id='line_1_106' title="bbox 1684 5484 1978 5541; baseline 0.014 -3"><span class='ocrx_word' id='word_1_845' title='bbox 1684 5505 1704 5538; x_wconf 73' lang='grc' dir='ltr'>ί</span> <span class='ocrx_word' id='word_1_846' title='bbox 1755 5484 1978 5541; x_wconf 86' lang='lat' dir='ltr'><strong>schola-</strong></span> 
     </span>
    </p>
   </div>
   <div class='ocr_carea' id='block_1_106' title="bbox 2091 4994 2848 5066">
    <p class='ocr_par' dir='ltr' id='par_1_106' title="bbox 2091 4994 2848 5066">
     <span class='ocr_line' id='line_1_107' title="bbox 2091 4994 2848 5066; baseline -0.004 -16"><span class='ocrx_word' id='word_1_847' title='bbox 2091 5015 2112 5050; x_wconf 71' lang='grc' dir='ltr'><strong><em>ι</em></strong></span> <span class='ocrx_word' id='word_1_848' title='bbox 2151 4996 2296 5052; x_wconf 88' lang='lat' dir='ltr'><strong>Deus</strong></span> <span class='ocrx_word' id='word_1_849' title='bbox 2334 4994 2689 5066; x_wconf 76' lang='lat' dir='ltr'><strong>diligentlbus</strong></span> <span class='ocrx_word' id='word_1_850' title='bbox 2718 5010 2797 5050; x_wconf 90' lang='lat' dir='ltr'><strong>se.</strong></span> <span class='ocrx_word' id='word_1_851' title='bbox 2829 5013 2848 5047; x_wconf 75' lang='grc' dir='ltr'><strong><em>ι</em></strong></span> 
     </span>
    </p>
   </div>
   <div class='ocr_carea' id='block_1_107' title="bbox 2157 5066 3010 5139">
    <p class='ocr_par' dir='ltr' id='par_1_107' title="bbox 2157 5066 3010 5139">
     <span class='ocr_line' id='line_1_108' title="bbox 2157 5066 3010 5139; baseline -0.004 -18"><span class='ocrx_word' id='word_1_852' title='bbox 2157 5069 2268 5139; x_wconf 80' lang='grc'><strong>(81)</strong></span> <span class='ocrx_word' id='word_1_853' title='bbox 2300 5066 2446 5139; x_wconf 66' lang='lat' dir='ltr'><strong>Idem</strong></span> <span class='ocrx_word' id='word_1_854' title='bbox 2479 5081 2495 5120; x_wconf 90' lang='lat'><strong>:</strong></span> <span class='ocrx_word' id='word_1_855' title='bbox 2527 5085 2546 5118; x_wconf 88' lang='grc'><em>‹</em></span> <span class='ocrx_word' id='word_1_856' title='bbox 2590 5067 2950 5139; x_wconf 72' lang='lat' dir='ltr'><strong>invenientur.</strong></span> <span class='ocrx_word' id='word_1_857' title='bbox 2989 5083 3010 5118; x_wconf 71' lang='grc' dir='ltr'><strong>ι</strong></span> 
     </span>
    </p>
   </div>
   <div class='ocr_carea' id='block_1_108' title="bbox 2156 5134 3654 5206">
    <p class='ocr_par' dir='ltr' id='par_1_108' title="bbox 2156 5134 3654 5206">
     <span class='ocr_line' id='line_1_109' title="bbox 2156 5134 3654 5206; baseline 0.002 -14"><span class='ocrx_word' id='word_1_858' title='bbox 2156 5134 2268 5206; x_wconf 75' lang='lat'><strong>(82)</strong></span> <span class='ocrx_word' id='word_1_859' title='bbox 2293 5136 2604 5206; x_wconf 77' lang='lat' dir='ltr'><strong>Sangerm.,</strong></span> <span class='ocrx_word' id='word_1_860' title='bbox 2633 5136 2898 5192; x_wconf 88' lang='lat' dir='ltr'><strong>Gemetic.</strong></span> <span class='ocrx_word' id='word_1_861' title='bbox 2917 5146 2972 5189; x_wconf 92' lang='lat' dir='ltr'><strong>et</strong></span> <span class='ocrx_word' id='word_1_862' title='bbox 3001 5150 3138 5190; x_wconf 88' lang='lat' dir='ltr'><strong>unus</strong></span> <span class='ocrx_word' id='word_1_863' title='bbox 3165 5134 3484 5192; x_wconf 87' lang='lat' dir='ltr'><strong>Ebroicens.</strong></span> <span class='ocrx_word' id='word_1_864' title='bbox 3512 5159 3532 5192; x_wconf 75' lang='grc' dir='ltr'>ι</span> <span class='ocrx_word' id='word_1_865' title='bbox 3557 5156 3654 5195; x_wconf 84' lang='lat' dir='ltr'><strong>ex-</strong></span> 
     </span>
    </p>
   </div>
   <div class='ocr_carea' id='block_1_109' title="bbox 2082 5207 3654 5278">
    <p class='ocr_par' dir='ltr' id='par_1_109' title="bbox 2082 5207 3654 5278">
     <span class='ocr_line' id='line_1_110' title="bbox 2082 5207 3654 5278; baseline 0.003 -16"><span class='ocrx_word' id='word_1_866' title='bbox 2082 5207 2352 5278; x_wconf 81' lang='lat' dir='ltr'><strong>pugnatis.</strong></span> <span class='ocrx_word' id='word_1_867' title='bbox 2399 5227 2427 5278; x_wconf 15' lang='grc' dir='ltr'><strong>»ν</strong></span> <span class='ocrx_word' id='word_1_868' title='bbox 2454 5207 2611 5262; x_wconf 85' lang='lat' dir='ltr'><strong>Libb.</strong></span> <span class='ocrx_word' id='word_1_869' title='bbox 2645 5208 2772 5261; x_wconf 90' lang='lat' dir='ltr'><strong>editi</strong></span> <span class='ocrx_word' id='word_1_870' title='bbox 2819 5219 2835 5260; x_wconf 86' lang='lat'><strong>:</strong></span> <span class='ocrx_word' id='word_1_871' title='bbox 2884 5224 2902 5256; x_wconf 82' lang='grc'><strong><em>‹</em></strong></span> <span class='ocrx_word' id='word_1_872' title='bbox 2932 5208 3262 5278; x_wconf 78' lang='lat' dir='ltr'><strong>expurgatis.</strong></span> <span class='ocrx_word' id='word_1_873' title='bbox 3292 5227 3312 5260; x_wconf 71' lang='grc' dir='ltr'><strong><em>ι</em></strong></span> <span class='ocrx_word' id='word_1_874' title='bbox 3339 5208 3478 5264; x_wconf 90' lang='lat' dir='ltr'><strong>Ibid.</strong></span> <span class='ocrx_word' id='word_1_875' title='bbox 3507 5211 3654 5266; x_wconf 86' lang='lat' dir='ltr'><strong>San-</strong></span> 
     </span>
    </p>
   </div>
   <div class='ocr_carea' id='block_1_110' title="bbox 2081 5277 2944 5349">
    <p class='ocr_par' dir='ltr' id='par_1_110' title="bbox 2081 5277 2944 5349">
     <span class='ocr_line' id='line_1_111' title="bbox 2081 5277 2944 5349; baseline -0.007 -15"><span class='ocrx_word' id='word_1_876' title='bbox 2081 5277 2252 5349; x_wconf 73' lang='lat' dir='ltr'><strong>gerrn.</strong></span> <span class='ocrx_word' id='word_1_877' title='bbox 2294 5277 2632 5349; x_wconf 72' lang='lat' dir='ltr'><strong>«_cclebr:irrt</strong></span> <span class='ocrx_word' id='word_1_878' title='bbox 2660 5279 2880 5349; x_wconf 85' lang='lat' dir='ltr'><strong>pascha.</strong></span> <span class='ocrx_word' id='word_1_879' title='bbox 2924 5297 2944 5328; x_wconf 75' lang='grc' dir='ltr'><strong><em>ι</em></strong></span> 
     </span>
    </p>
   </div>
   <div class='ocr_carea' id='block_1_111' title="bbox 2150 5345 3696 5419">
    <p class='ocr_par' dir='ltr' id='par_1_111' title="bbox 2150 5345 3696 5419">
     <span class='ocr_line' id='line_1_112' title="bbox 2150 5345 3696 5419; baseline 0 -17"><span class='ocrx_word' id='word_1_880' title='bbox 2150 5345 2473 5419; x_wconf 69' lang='grc' dir='ltr'><strong>(85)Νιιη‹ξ</strong></span> <span class='ocrx_word' id='word_1_881' title='bbox 2519 5345 2727 5401; x_wconf 72' lang='lat' dir='ltr'><strong>adveni.</strong></span> <span class='ocrx_word' id='word_1_882' title='bbox 2763 5348 2924 5402; x_wconf 90' lang='lat' dir='ltr'><strong>Deest</strong></span> <span class='ocrx_word' id='word_1_883' title='bbox 2981 5346 3039 5419; x_wconf 90' lang='lat' dir='ltr'><strong>i_n_</strong></span> <span class='ocrx_word' id='word_1_884' title='bbox 3076 5346 3208 5401; x_wconf 90' lang='lat' dir='ltr'><strong>libb.</strong></span> <span class='ocrx_word' id='word_1_885' title='bbox 3261 5357 3420 5419; x_wconf 78' lang='lat' dir='ltr'><strong>antea</strong></span> <span class='ocrx_word' id='word_1_886' title='bbox 3461 5349 3646 5414; x_wconf 87' lang='lat' dir='ltr'><strong>editis,</strong></span> <span class='ocrx_word' id='word_1_887' title='bbox 3683 5374 3696 5384; x_wconf 85' lang='lat'><strong>-</strong></span> 
     </span>
    </p>
   </div>
   <div class='ocr_carea' id='block_1_112' title="bbox 2088 5415 3650 5475">
    <p class='ocr_par' dir='ltr' id='par_1_112' title="bbox 2088 5415 3650 5475">
     <span class='ocr_line' id='line_1_113' title="bbox 2088 5415 3650 5475; baseline 0.002 -3"><span class='ocrx_word' id='word_1_888' title='bbox 2088 5415 2180 5472; x_wconf 85' lang='lat' dir='ltr'><strong>sed</strong></span> <span class='ocrx_word' id='word_1_889' title='bbox 2209 5415 2441 5472; x_wconf 78' lang='lat' dir='ltr'><strong>habetur</strong></span> <span class='ocrx_word' id='word_1_890' title='bbox 2464 5417 2516 5470; x_wconf 92' lang='lat' dir='ltr'><strong>in</strong></span> <span class='ocrx_word' id='word_1_891' title='bbox 2545 5419 2800 5471; x_wconf 88' lang='lat' dir='ltr'><strong>omnibus</strong></span> <span class='ocrx_word' id='word_1_892' title='bbox 2837 5433 2966 5472; x_wconf 84' lang='lat' dir='ltr'><strong>mss.</strong></span> <span class='ocrx_word' id='word_1_893' title='bbox 2991 5415 3110 5470; x_wconf 82' lang='lat' dir='ltr'><strong>Mox</strong></span> <span class='ocrx_word' id='word_1_894' title='bbox 3146 5420 3199 5472; x_wconf 93' lang='lat' dir='ltr'><strong>in</strong></span> <span class='ocrx_word' id='word_1_895' title='bbox 3227 5420 3348 5472; x_wconf 91' lang='lat' dir='ltr'><strong>cod.</strong></span> <span class='ocrx_word' id='word_1_896' title='bbox 3382 5417 3650 5475; x_wconf 87' lang='lat' dir='ltr'><strong>Gemetic.</strong></span> 
     </span>
    </p>
   </div>
   <div class='ocr_carea' id='block_1_113' title="bbox 2087 5487 2704 5554">
    <p class='ocr_par' dir='ltr' id='par_1_113' title="bbox 2087 5487 2704 5554">
     <span class='ocr_line' id='line_1_114' title="bbox 2087 5487 2704 5554; baseline -0.006 -11"><span class='ocrx_word' id='word_1_897' title='bbox 2087 5489 2237 5543; x_wconf 88' lang='lat' dir='ltr'><strong>deest</strong></span> <span class='ocrx_word' id='word_1_898' title='bbox 2275 5506 2292 5539; x_wconf 77' lang='grc' dir='ltr'>ι</span> <span class='ocrx_word' id='word_1_899' title='bbox 2334 5487 2650 5554; x_wconf 85' lang='lat' dir='ltr'><strong>respiciens.</strong></span> <span class='ocrx_word' id='word_1_900' title='bbox 2685 5505 2704 5539; x_wconf 74' lang='grc' dir='ltr'><strong>ι</strong></span> 
     </span>
    </p>
   </div>
   <div class='ocr_carea' id='block_1_114' title="bbox 2155 5555 3654 5628">
    <p class='ocr_par' dir='ltr' id='par_1_114' title="bbox 2155 5555 3654 5628">
     <span class='ocr_line' id='line_1_115' title="bbox 2155 5555 3654 5628; baseline 0.001 -18"><span class='ocrx_word' id='word_1_901' title='bbox 2155 5557 2267 5628; x_wconf 76' lang='grc'><strong>(84)</strong></span> <span class='ocrx_word' id='word_1_902' title='bbox 2323 5557 2678 5626; x_wconf 77' lang='lat' dir='ltr'><strong>Sungernran.</strong></span> <span class='ocrx_word' id='word_1_903' title='bbox 2737 5575 2756 5608; x_wconf 70' lang='grc' dir='ltr'><strong><em>ο</em></strong></span> <span class='ocrx_word' id='word_1_904' title='bbox 2792 5557 2958 5612; x_wconf 87' lang='lat' dir='ltr'><strong>enim.</strong></span> <span class='ocrx_word' id='word_1_905' title='bbox 3008 5575 3029 5610; x_wconf 85' lang='grc'><strong>›</strong></span> <span class='ocrx_word' id='word_1_906' title='bbox 3080 5555 3236 5616; x_wconf 90' lang='lat' dir='ltr'><strong>Libb.</strong></span> <span class='ocrx_word' id='word_1_907' title='bbox 3265 5558 3444 5615; x_wconf 81' lang='lat' dir='ltr'><strong>editi:</strong></span> <span class='ocrx_word' id='word_1_908' title='bbox 3502 5575 3521 5610; x_wconf 79' lang='grc' dir='ltr'>ι</span> <span class='ocrx_word' id='word_1_909' title='bbox 3567 5565 3654 5612; x_wconf 82' lang='lat' dir='ltr'><strong>ta-</strong></span> 
     </span>
    </p>
   </div>
   <div class='ocr_carea' id='block_1_115' title="bbox 2089 5643 2320 5683">
    <p class='ocr_par' dir='ltr' id='par_1_115' title="bbox 2089 5643 2320 5683">
     <span class='ocr_line' id='line_1_116' title="bbox 2089 5643 2320 5683; baseline -0.013 0"><span class='ocrx_word' id='word_1_910' title='bbox 2089 5643 2234 5683; x_wconf 88' lang='lat' dir='ltr'><strong>men.</strong></span> <span class='ocrx_word' id='word_1_911' title='bbox 2298 5646 2320 5680; x_wconf 81' lang='grc'><strong><em>›</em></strong></span> 
     </span>
    </p>
   </div>
   <div class='ocr_carea' id='block_1_116' title="bbox 2158 5694 2912 5768">
    <p class='ocr_par' dir='ltr' id='par_1_116' title="bbox 2158 5694 2912 5768">
     <span class='ocr_line' id='line_1_117' title="bbox 2158 5694 2912 5768; baseline 0 -16"><span class='ocrx_word' id='word_1_912' title='bbox 2158 5694 2270 5768; x_wconf 80' lang='lat'><strong>(85)</strong></span> <span class='ocrx_word' id='word_1_913' title='bbox 2304 5697 2448 5753; x_wconf 87' lang='lat' dir='ltr'><strong>Idem</strong></span> <span class='ocrx_word' id='word_1_914' title='bbox 2481 5713 2495 5756; x_wconf 87' lang='lat'><strong>:</strong></span> <span class='ocrx_word' id='word_1_915' title='bbox 2535 5715 2554 5750; x_wconf 73' lang='grc' dir='ltr'>ι</span> <span class='ocrx_word' id='word_1_916' title='bbox 2601 5695 2848 5752; x_wconf 77' lang='lat' dir='ltr'><strong>dixisset.</strong></span> <span class='ocrx_word' id='word_1_917' title='bbox 2892 5716 2912 5751; x_wconf 73' lang='grc' dir='ltr'><strong><em>ι</em></strong></span> 
     </span>
    </p>
   </div>
  </div>
