4050 6148
501 202 606 261 855
1947 207 2041 267 OB

2148 209 2266 267 iNIS
2738 227 2745 237 '
3626 214 3725 269 διεδ

503 322 753 394 prtecipis
797 339 955 379 servo
1003 327 1144 381 tuo?
1177 345 1196 378 ι
1244 328 1382 395 Quid
1421 332 1675 401 estquod
1720 347 1818 388 nos
1845 346 1942 404 per
1974 335 2077 388 hoc
2103 338 2147 393 Α
2176 333 2242 387 de
2277 333 2528 404 paradiso
2582 335 2635 389 in
2683 333 2844 404 hujus
2885 332 3071 390 mundi
3114 332 3359 388 exsilium
3416 340 3592 389 trusus
3623 347 3723 393 est.

499 417 693 470 edocet
735 415 931 471 Iesus?
975 416 1106 471 Illud
1149 418 1267 474 sine
1317 419 1481 478 dubio
1513 424 1655 487 quod
1690 423 1820 478 dicit
1846 436 2063 494 aposto-

501 506 585 563 lus
614 507 662 540 “
691 524 704 561 :
743 526 761 559 ι
804 506 981 564 Nolite
1006 510 1156 564 omni
1196 512 1408 581 spiritui
1436 514 1680 580 credere,
1715 516 1809 571 sed
1841 520 2065 583 probate

489 586 723 668 spiritus
755 601 798 655 si
827 616 889 655 ex
922 602 1029 656 Deo
1063 612 1206 658 sunt.
1250 622 1269 656 ι
1304 604 1565 676 Cognovit
1610 622 1740 679 ergo
1770 608 1928 665 Jesus
1959 628 2063 667 nou

499 688 670 742 solum
707 692 848 758 quod
895 706 961 747 ex
1006 692 1119 748 Deo
1165 704 1288 758 est,
1329 698 1424 751 sed
1461 698 1585 767 quia
1637 699 1777 755 Deus
1809 710 1909 757 est.
1946 701 2061 757 Non

497 783 643 837 enim
676 783 975 849 adorasset,
1008 787 1109 842 nisi
1159 788 1467 857 agnovisset
1521 792 1707 847 Deum.
1749 793 1880 861 Quis
1917 796 2061 849 enim

496 876 635 930 alius
691 885 775 932 est
819 880 1069 949 princeps
1122 881 1326 936 militire
1356 883 1621 938 virtutum
1672 884 1907 953 Domini,
1955 889 2059 942 nisi

500 968 758 1023 Dominus
810 981 996 1026 noster
1045 971 1201 1027 Iesus
1238 971 1537 1029 Christus?
1589 973 1780 1032 Omnis
1828 994 2061 1049 namque

495 1060 617 1114 coeli
649 1061 861 1129 militia,
895 1064 1009 1118 sive
1054 1067 1255 1136 angeli,
1292 1068 1406 1122 sive
1437 1069 1770 1140 archangeli,
1802 1072 1918 1127 sive
1946 1074 2057 1128 vir-

495 1160 661 1214 tutes,
690 1153 803 1207 sive
831 1153 1254 1223 dominationes,
1290 1159 1406 1214 sive
1437 1161 1799 1232 principatus,
1826 1165 1940 1220 sive
1963 1180 2060 1235 po-

494 1252 738 1308 testates,
772 1245 952 1298 omnia
984 1246 1098 1301 hmc
1122 1263 1243 1316 quae
1274 1264 1370 1318 per
1409 1252 1579 1321 ipsum
1614 1252 1751 1309 facta
1781 1264 1926 1321 sunt,
1958 1258 2057 1313 sub

495 1336 612 1404 ipso
648 1337 891 1406 principe
932 1340 1185 1408 tuilitant,
1216 1344 1415 1413 quiest
1445 1346 1749 1416 principum
1783 1352 2055 1420 princeps,

489 1436 546 1480 et
562 1428 651 1496 qui
675 1427 901 1500 largitur
920 1432 1252 1501 principibus
1273 1435 1655 1506 principatum.
1673 1440 1789 1507 Ipse
1812 1450 1891 1496 est
1911 1443 2054 1497 enim

493 1518 589 1583 qui
615 1518 745 1572 dicit
779 1519 832 1572 in
868 1520 1156 1592 Evangelio
1177 1526 1261 1579 ’δε
1299 1544 1318 1577 ι
1360 1527 1485 1583 Esto
1510 1539 1828 1598 potestatem
1852 1533 2056 1588 habens

488 1625 646 1678 supra
687 1610 848 1683 41],
886 1614 1071 1670 decem
1108 1618 1373 1676 civitates.
1415 1639 1433 1673 ι
1460 1621 1527 1676 Ει
1557 1623 1683 1679 alibi
1718 1645 1730 1680 :
1774 1644 1793 1678 ι
1821 1626 1947 1681 Esto
1996 1637 2051 1682 tu

489 1711 806 1768 potestatem
831 1704 1033 1762 habens
1051 1722 1215 1778 supra
1244 1713 1481 1782 quinque
1500 1715 1769 1772 civitates.
1800 1738 1819 1771 ι
1849 1719 1948 1777 IIic
1972 1730 2054 1777 est

486 1796 576 1863 qui
610 1809 836 1866 accepto
861 1812 1030 1867 regno
1060 1815 1336 1870 regressus
1363 1814 1466 1860 est.

555 1886 610 1940 '5.
645 1884 750 1941 Sed
781 1888 999 1942 interim
1031 1890 1309 1946 videamus
1337 1907 1455 1961 qum
1476 1908 1717 1962 praesens
1739 1895 1898 1953 lectio
1924 1912 2054 1967 sug-

483 1980 648 2044 gerit.
695 1978 751 2033 In
800 1977 1018 2036 Jericho
1048 1989 1130 2035 est
1158 1980 1336 2046 Jesus,
1371 1984 1545 2040 adhuc
1573 1985 1760 2042 hostes
1801 1988 2051 2044 obtinent

483 2071 786 2136 civitatem,
825 2075 1061 2130 nondum
1088 2076 1221 2131 victi
1254 2090 1403 2143 sunt,
1431 2087 1487 2135 et
1505 2081 1619 2147 jam
1647 2090 1826 2135 tamen
1850 2082 2050 2137 dicitur

481 2160 547 2215 ad
572 2160 755 2219 Jesum
782 2165 828 2198 “
853 2182 897 2218 ει
934 2166 1095 2222 Solve
1122 2169 1551 2225 calceamentum
1581 2172 1648 2226 de
1668 2173 1892 2242 pedibus
1920 2177 2045 2241 luis,

481 2252 633 2310 locus
666 2256 810 2311 enim
842 2258 895 2312 in
927 2273 1036 2328 quo
1068 2269 1183 2315 stas
1210 2270 1355 2316 terra
1393 2273 1581 2318 sancta
1608 2273 1712 2319 est.
1755 2283 1777 2319 ι
1807 2265 1874 2320 Ει
1913 2281 2049 2335 quo-

481 2347 640 2403 modo
662 2346 881 2405 Jerieho
914 2360 1052 2406 terra
1087 2364 1274 2409 sancta
1299 2362 1404 2422 est,
1440 2370 1559 2425 quae
1592 2357 1661 2412 ab
1695 2358 1938 2414 hostibus
1970 2373 2050 2413 re-

479 2440 850 2500 tinetur?Sed
875 2458 944 2499 ne
968 2444 1110 2500 forte
1151 2446 1251 2501 hoc
1287 2447 1356 2519 sit
1388 2448 1533 2517 quod
1578 2448 1868 2513 indicatur,
1919 2451 2045 2519 quia

475 2543 802 2601 quocunque
855 2535 1065 2587 venerit
1123 2536 1373 2606 princeps
1426 2535 1631 2591 militia:
1671 2539 1887 2596 virtutis
1933 2540 2046 2595 Do-

478 2620 635 2686 mini,
671 2624 980 2679 sanctilicat
1017 2625 1218 2694 locum,
1246 2629 1372 2696 quia
1410 2644 1512 2684 nec
1558 2629 1672 2699 ipsa
1703 2629 1922 2687 Jericho
1963 2633 2044 2688 lo-

472 2729 571 2769 cus
599 2725 721 2771 erat
747 2726 969 2772 sanctus
1000 2734 1016 2773 :
1046 2720 1138 2774 sed
1162 2721 1287 2790 quia
1313 2721 1565 2792 princeps
1597 2724 1801 2779 militite
1836 2725 2045 2780 Domini

471 2808 620 2860 venit
647 2807 794 2874 illuc,
823 2808 972 2866 locus
1001 2810 1198 2866 dicitur
1223 2822 1464 2867 sanctus.
1496 2813 1611 2884 Ego
1630 2817 1793 2870 etiam
1817 2819 2044 2887 amplius

471 2896 677 2967 aliquid
701 2900 871 2956 audeo
899 2912 951 2957 et
980 2902 1269 2974 dico,qnia
1286 2905 1447 2959 etiam
1483 2906 1693 2979 Moyses
1726 2908 1815 2963 ubi
1842 2911 2039 2977 stabat,

471 3002 569 3056 per
596 2992 830 3060 seipsum
849 3008 954 3049 non
986 3005 1102 3049 erat
1136 2995 1288 3051 locus
1313 3006 1556 3064 sanctus,
1580 3000 1675 3054 sed
1693 3002 1818 3070 quia
1856 3000 2041 3055 Domi-
2067 3028 2111 3087 ο

472 3097 573 3136 nus
597 3084 774 3138 stabat
794 3100 914 3140 cum
949 3084 1150 3156 Moyse,
1181 3091 1465 3158 praesentia
1495 3090 1703 3146 Domini
1736 3093 2043 3147 sanctifica-

470 3183 626 3228 verat
671 3174 872 3238 locum,
919 3187 975 3232 et
1025 3178 1146 3233 idco
1189 3181 1387 3235 dicitur
1414 3182 1478 3237 ad
1512 3198 1630 3238 eum
1668 3185 1712 3216 ’⁷
1745 3202 1761 3242 :
1800 3203 1820 3237 ι
1880 3185 2041 3242 Solve

471 3260 1145 3334 corrigiam'calceamenti
1173 3271 1272 3334 tui,
1305 3271 1457 3328 locus
1489 3274 1632 3328 enim
1677 3275 1729 3329 in
1765 3290 1872 3347 quo
1924 3287 2039 3332 stas

472 3366 620 3411 terra
656 3369 842 3414 sancta
894 3370 999 3415 est.
1038 3380 1057 3412 ι
1101 3361 1249 3418 Unde
1280 3374 1334 3419 et
1369 3381 1467 3420 uos
1509 3367 1556 3421 si
1583 3369 1692 3422 vita
1730 3378 1784 3423 et
1832 3375 2038 3429 meritis

468 3450 790 3503 accedamus
816 3452 881 3504 ad
912 3450 1100 3517 Deum,
1125 3462 1179 3507 et
1208 3454 1352 3524 digni
1386 3455 1684 3512 elliciamur
1724 3471 1780 3514 ut
1818 3463 2038 3518 assistat

470 3537 627 3594 nobis
654 3538 820 3607 Deus,
847 3540 1048 3596 dicitur
1069 3543 1232 3597 etiam
1268 3544 1332 3599 ad
1356 3560 1452 3600 nos
1477 3556 1535 3600 ut
1564 3548 1838 3605 solvamus
1877 3567 1905 3606 a
1938 3567 2033 3622 pe-

467 3631 626 3686 dibus
648 3633 843 3688 animae
877 3644 1097 3702 nostra),
1132 3636 1175 3689 si
1212 3637 1339 3705 quid
1374 3637 1426 3692 in
1452 3641 1531 3694 eis
1555 3641 1750 3695 vinculi
1793 3644 2033 3699 mortalis

466 3739 736 3778 annexum
768 3734 868 3782 est.
905 3724 997 3782 Isti
1026 3727 1167 3782 enim
1218 3741 1341 3785 sunt
1373 3732 1555 3799 pedes,
1586 3748 1722 3802 quos
1764 3737 1903 3789 lavat
1940 3734 2032 3791 Je-

465 3832 557 3873 sus
595 3817 664 3885 ",
693 3835 828 3889 quos
872 3822 977 3877 nisi
1034 3823 1249 3890 laverit,
1294 3841 1398 3880 non
1449 3826 1770 3883 habebimus
1823 3841 2029 3899 partem

465 3927 586 3963 cum
616 3925 699 3965 eo.
734 3910 884 3978 Quod
911 3914 954 3968 si
984 3931 1113 3987 ergo
1149 3917 1216 3970 ab
1246 3919 1424 3972 anima
1466 3929 1647 3973 nostra
1679 3931 1733 3975 et
1781 3923 2031 3979 sensibus

463 4016 623 4054 omne
648 4001 919 4056 vinculum
949 4019 1092 4059 cura:
1116 4007 1356 4061 mortalis
1380 4006 1494 4079 (86)
1523 4009 1874 4077 absolvimus.
1902 4029 2031 4070 cou-

464 4090 614 4144 tinuo
648 4091 881 4146 libenter
909 4093 1072 4149 etiam
1103 4097 1257 4152 nobis
1282 4099 1459 4152 aderit
1504 4107 1559 4153 et
1601 4102 1819 4157 assistet
1861 4103 2024 4161 Deus.

439 4174 443 4178 ’
530 4181 583 4236 4.
610 4182 742 4250 Quze
776 4196 953 4239 autem
981 4195 1105 4240 sunt
1147 4187 1199 4240 in
1237 4194 1697 4260 consequentibus
1727 4196 2022 4254 videamus.

461 4273 846 4328 Circumdatur
888 4273 1131 4339 Jericho,
1165 4282 1460 4349 expugnari
1511 4297 1628 4336 eam
1664 4298 1885 4340 necesse
1918 4298 2023 4343 est.

2171 426 2277 481 Sed
2308 435 2364 482 et
2391 427 2519 482 caeci
2546 426 2592 460 ³ο
2614 427 2706 498 qui
2733 437 2890 482 erant
2923 429 2979 481 in
3017 424 3259 491 Jericbo,
3287 426 3354 480 ad
3398 441 3539 497 quos
3586 428 3726 483 venit

2169 511 2328 568 Jesus
2354 522 2413 569 ut
2464 515 2671 570 faceret
2702 529 2797 572 eos
2829 515 3032 580 videre,
3077 514 3306 570 formam
3346 517 3604 583 gerebant
3640 532 3725 570 eo-

2168 621 2286 659 rum
2320 606 2410 676 qui
2439 607 2491 660 in
2523 607 2626 662 hoc
2662 606 2862 661 mundo
2895 608 3136 661 crecitate
3165 606 3481 677 ignorantia:
3514 624 3724 674 preme»

2165 697 2384 763 bantur,
2413 699 2479 754 ad
2509 715 2644 769 quos
2676 699 2820 754 venit
2846 699 2885 753 F
2889 699 3014 754 ilius
3039 699 3155 753 Dei.
3187 698 3310 753 Haec
3336 714 3465 771 ergo
3486 696 3722 765 Jericho,

2163 790 2217 847 id
2245 800 2329 846 est
2374 793 2605 847 mundus
2652 793 2740 848 hic
2789 808 3014 849 casurus
3052 801 3156 847 est.
3189 791 3597 847 Consummatio
3645 804 3751 863 et-.

2162 882 2306 936 enim
2326 882 2504 937 saeculi
2530 880 2643 949 jam
2673 884 2871 937 dudum
2888 882 3092 937 sanctis
3121 883 3484 937 voluminibus
3513 881 3723 953 pervul-

2161 985 2282 1045 gata
2321 983 2423 1030 est.
2455 973 2731 1041 Quomodo
2756 990 2885 1044 ergo
2910 976 2958 1030 ei
3011 974 3409 1030 consummatio
3459 971 3722 1028 dabitur?

2161 1067 2355 1136 quibus
2386 1067 2643 1138 organis?
2671 1066 2924 1133 Vocibus,
2960 1068 3157 1137 inquit,
3192 1069 3463 1122 tubarum.
3490 1065 3722 1132 Quarum

2162 1158 2667 1214 tubarum?Paulus
2699 1158 2792 1214 tibi
2820 1160 3013 1214 secreti
3039 1159 3197 1229 hujus
3225 1158 3418 1228 prodat
3447 1172 3719 1210 arcanum.

2152 1247 2299 1303 Audi
2331 1248 2445 1318 ipse
2484 1251 2613 1319 quid
2643 1250 2787 1305 dicat
2821 1265 2836 1302 :
2876 1268 2897 1301 ι
2930 1248 3121 1316 Canet,
3179 1248 3355 1318 inquit
3390 1247 3461 1312 ³¹,
3501 1247 3650 1312 tuba,
3674 1257 3723 1300 et

2158 1340 2358 1395 mortui
2397 1341 2488 1409 qui
2520 1342 2571 1394 in
2601 1341 2820 1396 Christo
2869 1349 3021 1406 sunt,
3061 1350 3350 1409 resurgant
3395 1339 3718 1405 incorrupti,

2155 1443 2212 1486 et
2239 1433 2351 1501 ipse
2390 1432 2648 1487 Dominus
2676 1435 2728 1487 lu
2757 1430 2933 1503 jussu,
2962 1431 3016 1485 in
3040 1445 3173 1486 voce
3217 1429 3554 1499 archangeli,
3585 1439 3645 1485 et
3671 1429 3721 1483 in

2149 1503 2285 1578 'tuba
2333 1522 2427 1578 Dei
2461 1523 2757 1579 descendet
2802 1525 2868 1580 de
2916 1521 3076 1579 coelo.
3114 1537 3134 1571 ι
3177 1521 3331 1576 Tunc
3384 1536 3514 1593 ergo
3564 1518 3723 1577 Jesus

2156 1614 2417 1671 Dominus
2446 1626 2631 1671 uoster
2657 1631 2777 1672 cum
2811 1615 2950 1671 tubis
2999 1615 3183 1673 vincet
3216 1613 3437 1669 Jericho
3498 1622 3553 1670 et
3601 1628 3724 1682 pro-

2156 1716 2367 1763 sternet
2387 1723 2530 1772 eam,
2562 1709 2636 1762 ita
2663 1718 2723 1763 ut
2749 1724 2815 1765 ex
2846 1724 2909 1765 ea
2950 1709 3208 1764 meretrix
3238 1707 3351 1763 sola
3384 1707 3646 1774 salvetur,
3674 1719 3725 1761 et

2157 1799 2336 1854 onmis
2362 1800 2552 1855 domus
2578 1799 2715 1869 ejus.
2756 1798 2965 1865 Veniet,
3004 1800 3197 1870 inquit,
3245 1798 3509 1853 Dominus
3538 1808 3723 1853 noster

2151 1892 2332 1959 .Iesus,
2366 1902 2422 1946 et
2469 1891 2522 1945 in
2555 1893 2807 1946 tubarum
2858 1905 2993 1946 voce
3037 1894 3235 1947 veniet.
3287 1890 3393 1946 Sed
3433 1889 3547 1958 jam
3581 1906 3725 1944 nunc

2152 1998 2371 2037 oremus
2396 1993 2456 2038 ut
2488 1983 2675 2037 veniat
2720 1992 2774 2037 et
2798 1981 3041 2037 destruat
3091 1983 3370 2046 mundum,
3403 1983 3493 2050 qui
3525 1982 3576 2035 in
3611 1997 3724 2034 ma-

2154 2074 2300 2144 ligno
2328 2076 2534 2145 positus
2562 2084 2645 2130 est
2673 2074 2740 2140 ³⁹,
2772 2084 2826 2129 et
2852 2077 3033 2130 omnia
3082 2090 3202 2144 quae
3242 2075 3294 2127 in
3338 2071 3539 2127 mundo
3570 2081 3719 2138 sunt,

2150 2168 2275 2238 quia
2314 2186 2333 2219 ι
2372 2180 2532 2222 onme
2576 2169 2722 2238 quod
2776 2167 2831 2221 in
2875 2168 3075 2223 mundo
3123 2174 3230 2230 est,
3284 2164 3720 2235 concupiscentia

2157 2257 2340 2312 carnis
2363 2267 2467 2321 est,
2497 2268 2552 2313 et
2582 2258 3024 2326 concupiscentia
3067 2257 3346 2313 oculorum
3377 2256 3473 2309 ³³.»
3493 2256 3591 2310 Ista
3623 2256 3718 2309 de-

2149 2358 2346 2415 struat,
2370 2350 2471 2405 ista
2493 2347 2827 2419 jamjamque
2849 2348 3137 2413 dissolvat,
3164 2348 3337 2405 salvet
3372 2359 3551 2403 autem
3579 2348 3718 2402 hanc

2150 2446 2320 2497 solam
2352 2456 2472 2512 quae
2500 2442 2874 2511 exploratores
2896 2442 3013 2511 ejus
3043 2443 3301 2513 suscepit,
3335 2457 3456 2512 qua:
3483 2441 3715 2509 Aposto-

2155 2535 2233 2590 los
2260 2535 2376 2605 ejus
2402 2536 2454 2588 in
2485 2534 2588 2589 ﬁde
2613 2543 2668 2589 et
2704 2534 3010 2590 obedientia
3066 2547 3336 2605 receptos,
3367 2535 3422 2588 in
3453 2532 3705 2602 superio-

2152 2628 2302 2682 ribus
2348 2624 2658 2692 collocavit,
2705 2633 2761 2680 et
2804 2625 3062 2694 adiungat
3087 2636 3144 2682 et
3170 2628 3343 2682 societ
3372 2629 3715 2697 meretricem

2150 2720 2291 2774 hanc
2325 2734 2446 2774 cum
2504 2717 2666 2772 domo
2711 2717 2897 2774 Israel.
2955 2718 3062 2773 Sed
3105 2718 3214 2784 jam
3244 2735 3350 2774 non
3386 2730 3712 2789 repetamus,

2148 2826 2250 2867 nec
2289 2820 2608 2880 reputemus
2634 2809 2682 2863 ei
2710 2819 2948 2864 veterem
2979 2809 3212 2879 culpam.
3252 2810 3560 2880 Aliquando
3602 2828 3714 2867 me-

2148 2904 2317 2959 retrix
2351 2903 2470 2970 luit,
2503 2916 2652 2957 nunc
2690 2898 2869 2956 aute'm
2908 2902 3002 2955 uni
3044 2903 3161 2956 viro
3195 2913 3345 2958 casto
3369 2905 3522 2974 virgo
3558 2915 3706 2959 casta

2146 2997 2390 3067 copulata
2423 3004 2503 3050 est
2526 2992 2762 3049 Christo.
2798 2993 2936 3047 Audi
2983 2980 3293 3064 Apostolum
3346 2996 3613 3049 dicentem
3645 2996 3711 3049 de

2143 3105 2206 3144 ea
2235 3089 2283 3122 ³⁸
2315 3108 2328 3144 :
2372 3108 2390 3142 ‹
2422 3088 2595 3144 Statui
2624 3097 2804 3140 autem
2839 3088 2942 3141 hoc
2968 3086 3161 3155 ipsum,
3190 3086 3278 3140 uni
3305 3086 3422 3141 viro
3443 3085 3707 3158 virginem

2141 3193 2346 3239 castam
2373 3197 2468 3236 vos
2494 3181 2751 3235 exhibere
2778 3178 3017 3235 Christo.
3055 3197 3074 3231 ι
3115 3176 3194 3232 Ex
3223 3179 3334 3247 ipsa
3363 3189 3483 3234 erat
3517 3189 3575 3236 et
3620 3179 3710 3235 ille

2141 3276 2255 3345 ipse
2285 3273 2375 3343 qui
2404 3273 2618 3328 dicebat
2644 3271 2689 3303 ⁸⁸
2722 3291 2734 3325 :
2767 3289 2785 3322 ι
2825 3269 3047 3325 Fuimus
3072 3273 3216 3323 enim
3238 3280 3407 3325 etnos
3423 3270 3707 3341 aliquando

2139 3369 2475 3440 insipientes,
2509 3364 2793 3426 increduli,
2828 3376 3100 3425 errantes,
3148 3363 3452 3419 servientes
3500 3364 3706 3420 deside-

2140 3461 2235 3516 riis
2260 3470 2314 3515 et
2349 3459 2720 3528 voluptatibus
2747 3457 2931 3511 variis.
2961 3475 2977 3508 ι
3006 3455 3095 3511 νίε
3124 3455 3301 3511 adhuc
3321 3455 3599 3525 copiosius
3628 3456 3704 3510 di-

2135 3567 2310 3618 scere,
2334 3551 2605 3620 quomodo
2654 3549 2914 3606 meretrix
2961 3548 3077 3618 jam
3127 3564 3233 3602 non
3283 3547 3354 3602 sit
3406 3547 3704 3602 meretrix?

2133 3646 2273 3701 Audi
2300 3647 2475 3700 adhuc
2508 3644 2733 3698 Paulum
2768 3645 3035 3699 dicentem
3069 3643 3114 3675 ³⁸
3146 3663 3159 3697 :
3197 3661 3216 3694 ι
3246 3643 3311 3698 Ει
3340 3645 3455 3699 Iure
3489 3643 3699 3713 quidem

2136 3739 2336 3802 fuistis,
2364 3736 2457 3791 sed
2515 3736 2685 3791 abluti
2717 3736 2872 3801 estis;
2914 3732 3008 3789 sed
3057 3733 3383 3788 sanctiﬁcati
3420 3734 3554 3788 estis
3588 3730 3699 3804 (87)

2132 3832 2184 3885 in
2214 3829 2428 3885 nomine
2456 3827 2667 3883 Domini
2711 3827 2884 3883 nostri
2919 3825 3044 3882 Jesu
3073 3827 3300 3893 Christi,
3327 3836 3381 3882 et
3412 3828 3464 3880 in
3498 3825 3699 3896 Spiritu

2131 3923 2227 3977 Dei
2257 3920 2554 3978 nostriallt
2582 3923 2726 3977 enim
2768 3930 2951 3993 posset
2977 3921 3229 3986 evadere,
3273 3934 3340 3974 ne
3390 3934 3512 3974 cum
3566 3916 3700 3973 Jeri-

2129 4017 2232 4072 cho
2264 4016 2536 4081 interiret,
2596 4014 2995 4070 validissimum
3035 4015 3103 4068 ab
3149 4011 3585 4082 exploratoribus
3622 4009 3695 4064 si-

2129 4122 2291 4176 gnum
2350 4106 2544 4162 salutis
2595 4109 2838 4177 accepit,
2900 4117 3141 4177 spartqu
3202 4106 3538 4160 coccineum.
3598 4102 3696 4158 Per

2127 4197 2328 4253 Christi
2357 4199 2562 4253 etenim
2611 4200 2931 4270 sanguinem
2988 4197 3229 4253 Ecclesia
3285 4197 3400 4253 haec
3444 4196 3693 4251 universa

2128 4289 2394 4356 salvator,
2429 4291 2480 4344 in
2518 4291 2638 4359 ipso
2670 4288 2796 4345 Jcsu
2841 4291 3060 4347 Christo
3103 4290 3328 4345 Domino
3367 4298 3578 4353 nostro,
3610 4286 3692 4342 cui

440 4362 745 4429 Quomodo
776 4381 908 4434 ergo
964 4381 1307 4437 expugnatur
1337 4369 1602 4429 Jericho?
1648 4374 1870 4432 Gladius
1914 4395 2021 4435 non
2056 4374 2100 4430 D
2128 4388 2212 4435 est
2239 4381 2409 4451 gloria
2442 4391 2499 4437 et
2540 4383 2825 4451 imperium
2866 4384 2978 4458 (88)
3028 4386 3081 4438 in
3126 4383 3321 4439 saecula
3353 4380 3687 4437 saeculorum.

455 4456 706 4511 educitur
727 4458 990 4513 adversus
1013 4475 1154 4525 eam,
1185 4462 1324 4517 aries
1352 4479 1455 4519 non
1485 4467 1752 4539 dirigitur,
1789 4486 1887 4525 nec
1917 4473 2018 4527 tela

455 4550 765 4614 vibrantur,
799 4551 940 4605 tubtr
977 4550 1317 4609 solummodo
1355 4559 1718 4615 sacerdotales
1754 4563 2018 4618 adhiben-

458 4650 565 4704 tur,
594 4649 649 4695 et
674 4642 757 4696 his
789 4637 1009 4699 Iericho
1037 4646 1173 4699 muri
1206 4646 1561 4705 subruuntur.
1596 4650 1653 4704 In
1682 4653 1846 4723 ﬁgura
1877 4657 2019 4711 enim

456 4733 635 4786 mundi
664 4735 789 4800 poni
825 4732 1043 4790 Jericho
1077 4741 1129 4791 in
1172 4737 1467 4809 Scripturis
1510 4740 1821 4813 frequenter
1870 4747 2021 4803 inve-

455 4825 652 4876 nimus.
681 4824 816 4879 Nam
854 4836 909 4881 et
948 4828 999 4881 in
1032 4828 1326 4897 Evangelio
1364 4831 1409 4862 ¹⁹
1457 4834 1598 4903 quod
1629 4837 1825 4892 dicitur
1855 4842 2018 4897 homo

454 4919 519 4969 de
543 4914 840 4972 Jerusalem
874 4921 925 4973 in
952 4919 1176 4976 Jcricho
1212 4923 1555 4981 descendisse
1603 4937 1658 4980 et
1685 4928 1736 4982 in
1779 4929 2018 4988 latrones

454 5010 769 5077 incurrisse,
809 5011 984 5066 forum
1031 5015 1150 5070 sine
1197 5016 1361 5071 dubio
1412 5028 1533 5072 erat
1569 5020 1711 5075 illius
1742 5024 1893 5091 Adae,
1927 5027 2021 5097 qui

516 5103 604 5176 'f_I
646 5101 800 5158 Joan.
841 5120 917 5165 tv,
964 5108 1015 5161 -l.
1128 5109 1173 5140 ’⁸
1203 5110 1333 5164 Luc.
1364 5127 1478 5174 χιι,
1515 5112 1713 5176 17,20-

1825 5118 1871 5150 ³⁸
1901 5117 2014 5173 10s.
2035 5136 2086 5179 ν,
2123 5122 2209 5175 I5.

2125 4473 2318 4527 Amen.

2702 4564 2978 4619 IIOMILIA
3019 4564 3130 4623 VII.

2130 4653 2206 4709 De
2231 4654 2442 4726 Iericho
2467 4656 2729 4726 quomodo
2757 4667 2909 4723 capta
2951 4667 3044 4710 est.
3106 4655 3171 4709 Et
3199 4656 3275 4709 uti
3312 4656 3555 4724 prweepit
3600 4653 3690 4707 Je-

2198 4742 2288 4777 sus
2332 4723 2698 4793 ﬁliis'lsrael,
2755 4738 2814 4780 ut
2864 4728 2927 4779 de
2976 4731 3309 4781 anathemate
3363 4743 3466 4778 non
3517 4741 3685 4778 sume-

2202 4807 2311 4846 rent
2338 4795 2472 4863 (89).
2518 4794 2587 4847 Et
2619 4796 2764 4848 llaab
2808 4800 3069 4865 quomodo
3096 4797 3298 4850 saluata
3321 4808 3417 4849 est.
3451 4793 3516 4848 Et
3542 4799 3685 4865 deeo

2193 4868 2280 4934 qui
2307 4865 2514 4930 furatus
2528 4875 2604 4918 est
2620 4881 2684 4918 ex
2708 4864 3038 4921 anathemate
3058 4869 3294 4935 linguam
3317 4882 3528 4920 auream
3553 4864 3686 4936 (90),

2193 4945 2240 4987 et
2267 4938 2523 4988 dextralt'a
2550 4952 2703 5004 pura.

2195 5028 2247 5081 1.
2277 5025 2498 5082 Iericho
2552 5029 2696 5083 tubis
2747 5028 3029 5083 subruitur
3078 5011 3445 5084 sacerdotum.
3492 5027 3682 5082 Statim

2312 5122 2357 5152 ³⁷
2406 5122 2574 5176 Exod.
2608 5137 2692 5185 ιιι,
2719 5123 2773 5177 5.
2884 5122 2931 5155 ’⁸
2952 5121 3110 5178 Joan.
3138 5137 3258 5176 xm.
3376 5122 3423 5154 ²⁹
3461 5120 3591 5175 Luc.
3626 5137 3678 5173 ι.

524 5173 718 5260 ἓξΙςιῐίΙι.
747 5190 841 5260 x3.
980 5179 1149 5260 lgor.
1175 5196 1265 5244 xv,
1413 5171 1473 5236 et
1496 5181 1519 5234 ι
1546 5171 1742 5240 Thess.
1777 5201 1849 5250 Iv,
1873 5188 1928 5242 5.
2002 5171 2042 5222 δ’

2148 5171 2287 5248 ut...
2318 5208 2371 5257 ν,
2406 5171 2510 5247 is.
2527 5171 2694 5246 ⁷⁷³Γὶ
2721 5171 2903 5248 Ἶοηη.
2937 5171 3010 5260 .'.,'
3023 5171 3120 5247 is.
3142 5171 3313 5246 Ἷῖῐι
3334 5171 3560 5259 eam;
3578 5171 3677 5245 ’ίιζ

451 5240 494 5271 ³⁵
524 5246 627 5298 'I’it.
670 5262 751 5313 ιιι,
778 5248 835 5302 5.
909 5248 954 5279 ³⁸
988 5249 1007 5302 I
1038 5248 1165 5304 Cor.
1195 5240 1269 5313 vt,
1310 5240 1398 5306 Il.

520 5338 632 5408 (86)
664 5340 807 5393 Idem
840 5354 855 5393 :
898 5359 916 5392 ι
945 5342 1314 5396 mortalitatis.
1351 5362 1370 5395 ι

521 5408 632 5480 (87)
669 5408 772 5463 Sed
817 5412 1135 5480 sanctiﬁcati
1183 5416 1323 5467 estis.
1366 5414 1490 5471 [hec
1522 5418 1715 5472 desunt
1766 5419 1819 5473 in
1857 5420 2012 5475 libris

449 5479 631 5559 mltis,
664 5482 755 5532 sed
797 5479 1045 5559 leguntur
1081 5484 1132 5536 in
1166 5486 1338 5559 tribus
1373 5502 1502 5542 mss.
1552 5487 1869 5559 Sangerm.,
1904 5492 2010 5547 Ce-

449 5551 626 5601 rno-tiu.
664 5563 715 5602 et
745 5567 851 5605 uno
884 5553 1221 5608 Ehroicensi.

520 5619 629 5691 {88)
656 5619 786 5675 Post
814 5625 1085 5691 imperium
1113 5640 1251 5682 unus
1273 5625 1617 5685 Ehroiceusis
1632 5631 1779 5687 addit
1812 5649 1863 5687 ει
1892 5649 2010 5691 cum

2120 5352 2322 5423 Spiritu
2356 5364 2564 5409 sancto.
2613 5373 2632 5405 ι

2191 5426 2304 5490 (89)
2337 5425 2404 5478 Et
2444 5428 2519 5478 uti
2561 5427 2800 5495 praecepit
2822 5425 2981 5482 Iesus
3006 5428 3134 5497 ﬁliis
3165 5427 3356 5491 Israel,
3384 5441 3441 5483 ut
3463 5431 3530 5485 de
3551 5446 3676 5485 atta-

2120 5493 2343 5546 tltemate
2390 5513 2490 5548 non
2531 5493 2812 5552 sumerent.
2844 5497 2986 5553 Ilaec~
3006 5493 3398 5554 desiderantur
3425 5503 3475 5555 in
3511 5502 3675 5557 tribus

2120 5565 2638 5634 mss.Sangerman.,
2678 5565 2939 5622 Cemetic.
2970 5579 3021 5624 et
3054 5585 3159 5621 uno
3187 5571 3526 5627 Ebroiccnsi.

2191 5634 2300 5699 (90)
2340 5634 2619 5707 Saugerm.
2661 5655 2682 5688 ι
2719 5639 2955 5708 regulam
2990 5656 3229 5697 auream.
3264 5660 3284 5691 ι

2187 5715 2194 5722 ι
