4050 6148
334 274 433 331 857

1322 272 1388 328 ΙΝ
1428 271 1686 328 LIBRUM
1719 269 1884 327 JESU
1917 262 2102 325 NAVE
2125 269 2410 326 IlOMlLlA
2438 270 2552 326 VII.

3467 273 3571 329 858

331 396 475 449 enim
502 399 561 448 ut
585 391 836 448 tubarum
858 379 1086 465 clangor
1110 393 1402 465 increpuit,
1441 409 1720 450 murorum
1758 393 1909 462 dejc-
1938 399 1979 454 Α
2010 392 2103 447 sed
2138 408 2305 447 unum
2336 390 2705 447 tantummodo
2727 390 2999 447 hominem
3031 390 3159 449 facit
3194 392 3431 451 beatum.
3479 397 3571 451 Sic

326 496 451 540 etus
475 494 557 540 est
583 486 840 540 ambitus.
870 485 1188 541 Dixeramus
1231 488 1394 541 etiam
1438 496 1493 540 et
1540 488 1715 556 prius,
1758 486 1903 555 quod

324 574 546 633 Iericho
568 578 798 630 formam
822 576 1001 632 saeculi
1030 579 1314 647 praesentis
1340 579 1606 641 obtineat,
1629 577 1782 643 cujus
1817 591 1904 630 ro-

329 671 437 724 bur
459 680 513 724 et
539 669 878 725 munimenta
900 670 1324 726 sacerdotalibus
1355 671 1498 726 tubis
1517 670 1763 723 videmus
1783 681 1903 722 esse

322 763 631 818 destructa.
677 760 936 818 Firmitas
992 777 1228 832 namque
1257 772 1311 817 et
1337 761 1669 817 munimenta
1705 759 1902 829 quibus

323 854 480 910 velut
505 855 678 908 muris
713 857 945 909 mundus
976 855 1076 911 iste
1120 855 1398 909 nitebatur
1449 853 1585 925 (91),
1636 852 1899 908 idolorum

323 948 511 1004 Cultus
544 959 683 1015 erat,
732 949 1126 1003 divinationum
1173 947 1390 1002 fallacia
1435 955 1554 1000 arte
1595 945 1897 1000 dremonum

323 1038 662 1103 ministrata,
701 1052 967 1109 augurum
1010 1046 1171 1107 atque
1209 1036 1550 1105 aruspicum,
1593 1047 1899 1102 magorum-

317 1143 436 1197 que
459 1137 786 1196 commenta,
812 1129 1005 1200 quibus
1028 1129 1278 1184 omnibus
1306 1127 1456 1184 velut
1479 1126 1648 1182 muris
1678 1123 1917 1179 validis-'

315 1221 485 1279 simis
511 1220 857 1278 ambiebatur
894 1223 980 1277 hic
1032 1222 1287 1276 mundus.
1327 1220 1552 1290 Insuper
1590 1221 1753 1276 etiam
1812 1221 1895 1276 di-

319 1317 498 1372 versis
530 1308 968 1387 philosophorum
992 1314 1154 1387 £12
1187 1314 1531 1385 dogmatibus
1573 1324 1627 1370 et
1655 1314 1897 1368 eminen-

320 1407 555 1463 tissimis
591 1408 982 1463 assertionibus
1005 1421 1068 1461 ac
1096 1404 1551 1475 disputationibus
1584 1404 1722 1477 (9‘2),
1752 1405 1896 1460 velut

314 1501 571 1569 proceris
627 1501 945 1570 quibusdam
989 1510 1043 1554 et
1083 1499 1316 1554 robustis
1348 1499 1591 1553 turribus
1638 1499 1895 1553 firmaba—

315 1600 431 1643 tur.
466 1588 702 1645 Veniens
742 1604 876 1646 vero
924 1590 1187 1646 Dominus
1215 1599 1400 1645 noster
1431 1588 1587 1645 Jesus
1618 1588 1891 1657 Christus,

312 1681 593 1751 cujusille
635 1680 784 1751 prior
817 1680 963 1736 filius
1012 1680 1159 1737 Nave
1204 1682 1527 1753 designabat
1572 1680 1890 1748 adventum,

309 1772 488 1827 mittit
532 1773 841 1826 sacerdotes
894 1774 1164 1840 apostolos
1215 1788 1345 1829 suos
1394 1784 1672 1844 portantes
1735 1778 1894 1832 tubas

308 1863 585 1926 ductiles,
636 1862 1040 1932 praedicationis
1094 1864 1438 1932 magniﬁcam
1504 1864 1893 1935 cmlestemqne

307 1953 645 2008 doctrinam.
703 1954 1045 2009 Sacerdotali
1094 1956 1220 2010 tuba
1253 1957 1464 2023 primus
1504 1957 1556 2011 in
1593 1958 1891 2030 Evangelia

305 2059 417 2099 suo
455 2045 741 2103 Matthzcus
773 2047 1065 2117 increpuit.
1099 2046 1312 2104 Marcus
1367 2064 1602 2120 quoque,
1629 2050 1804 2107 Lucas
1832 2062 1891 2108 et

305 2133 552 2192 Joannes
599 2138 713 2193 suis
737 2137 966 2207 singulis
991 2139 1134 2194 tubis
1183 2141 1618 2195 sacerdotalibus
1671 2142 1890 2197 cecine-

308 2243 461 2287 runt.
495 2231 690 2290 Petrus
712 2236 874 2289 etiam
908 2235 1115 2291 duabus
1142 2235 1638 2309 (95)Epistolarum
1668 2256 1889 2296 suarum

305 2336 575 2395 personat
598 2328 766 2382 tubis.
794 2327 1032 2384 Jacobus
1056 2345 1273 2400 quoque
1300 2340 1356 2386 et
1381 2330 1569 2386 Judas.
1600 2332 1762 2387 Addit
1806 2335 1889 2387 ni-

306 2418 607 2472 hilominus
639 2420 817 2474 adltuc
845 2428 900 2475 et
944 2420 1182 2476 Joannes
1211 2423 1337 2477 tuba
1386 2438 1585 2479 canere
1633 2440 1728 2495 per
1761 2425 1886 2495 Epi-

303 2512 480 2565 stolas
520 2528 648 2567 suas
688 2521 742 2567 et
787 2512 1191 2584 Apocalypsim,
1223 2525 1279 2570 et
1304 2514 1479 2570 Lucas
1520 2516 1884 2586 apostolorum

302 2608 462 2666 gesta
497 2600 832 2656 describens.
868 2600 1177 2658 Novissime
1202 2615 1381 2658 autem
1409 2604 1499 2658 ille
1529 2607 1771 2671 veniens,
1795 2607 1885 2675 qni

303 2689 455 2743 dixit
486 2689 531 2726 ³⁷
575 2710 588 2745 :
629 2711 649 2744 ι
692 2691 828 2748 Puto
860 2704 1045 2748 autem
1074 2710 1174 2750 nos
1206 2695 1349 2751 Deus
1384 2697 1710 2753 novissimos
1755 2713 1887 2768 apo.

299 2779 483 2837 stolos
509 2786 769 2853 ostendit,
802 2806 820 2839 ι
859 2797 913 2842 et
956 2788 1009 2841 in
1055 2790 1472 2858 quatuordecim
1527 2791 1879 2859 epistolarum

299 2887 533 2929 suarum
572 2874 863 2936 fulntinans
888 2882 1052 2947 tubis,
1093 2896 1280 2937 muros
1313 2880 1556 2949 Jericho,
1598 2892 1653 2937 et
1693 2899 1884 2939 omnes

302 2964 636 3024 idololatria:
695 2973 997 3036 machinas,
1047 2983 1103 3028 et
1144 2974 1592 3044 philosolthorum
1627 2976 1879 3046 dogmata

302 3072 483 3130 usque
523 3063 591 3116 ad
620 3060 969 3119 fundamenta
996 3065 1212 3135 deiecit.

377 3152 434 3206 2.
461 3151 637 3209 Movet
664 3168 749 3208 me
772 3170 901 3211 sane
929 3158 1088 3213 etiam
1122 3157 1405 3230 illudquod
1432 3159 1660 3215 historia
1692 3160 1877 3230 refert,

297 3245 433 3315 quia
466 3261 572 3300 non
605 3247 779 3301 solum
816 3251 1127 3306 sacerdotes
1151 3251 1294 3306 tubis
1315 3253 1652 3317 cecinerunt,
1689 3262 1745 3306 ut
1785 3268 1881 3307 ea-

298 3339 497 3392 dereut
527 3340 666 3393 muri
705 3337 944 3406 Jerieho,
974 3343 1065 3397 sed
1093 3354 1148 3398 et
1186 3345 1369 3400 audita
1410 3360 1543 3402 voce
1576 3346 1716 3400 tuba:
1745 3346 1882 3400 dici-

300 3438 394 3483 tur
422 3430 713 3485 universus
742 3432 971 3502 populus
1007 3433 1244 3490 ululasse
1276 3436 1484 3490 ululatu
1515 3452 1734 3505 magno,
1773 3439 1878 3503 vel,

299 3522 447 3576 sicut
482 3523 535 3575 in
566 3522 688 3577 aliis
717 3526 1122 3594 exemplaribus
1144 3527 1400 3592 habetur,
1422 3527 1684 3596 jnbilasse
1712 3530 1883 3598 jubilo

301 3627 523 3683 magno.
562 3613 623 3667 Et
653 3616 904 3684 quamvis
927 3617 1027 3671 iste
1055 3633 1235 3674 sermo
1259 3618 1556 3690 improprie
1593 3623 1884 3677 translatus

295 3717 425 3760 esse
451 3706 719 3773 videatur,
744 3707 1061 3780 ἀλαλαγμός
1088 3713 1232 3766 enim
1283 3713 1339 3767 in
1385 3713 1575 3769 Graeco
1621 3716 1881 3784 scriptum

298 3804 409 3858 est,
440 3797 583 3863 quod
635 3811 809 3865 neque
845 3798 1098 3866 jnbilum,
1147 3816 1323 3873 neque
1369 3802 1630 3858 ululatum
1670 3807 1884 3874 proprie

300 3884 604 3955 significat,
635 3888 730 3941 sed
758 3887 905 3941 illam
929 3890 1105 3960 magis
1127 3894 1359 3948 ostendit
1386 3909 1595 3957 vocem,
1623 3911 1727 3964 qua
1758 3896 1882 3950 belli

297 3984 551 4047 tempore
576 3980 850 4035 exercitus
872 3981 1164 4037 clamorem
1186 3999 1482 4041 consonum
1515 3986 1733 4050 tollens,
1760 4003 1886 4041 una-

298 4069 527 4126 nimiter
549 4087 671 4126 sese
699 4074 973 4129 cohortari
1002 4077 1069 4130 ad
1097 4075 1339 4145 praelium
1369 4077 1507 4133 solet
1535 4097 1548 4132 :
1587 4088 1764 4133 tamen
1794 4080 1884 4134 hic

297 4178 493 4218 sermo
523 4164 576 4218 in
610 4164 906 4236 Scripturis
943 4167 1198 4235 jubilatio
1231 4171 1406 4237 magis
1451 4186 1610 4239 quam
1662 4171 1885 4227 ululatio

295 4256 590 4310 consuevit
614 4256 858 4324 inscribi,
887 4269 947 4313 ut
968 4259 1041 4314 ibi
1067 4258 1112 4292 ³⁸
1138 4276 1152 4312 :
1186 4279 1206 4313 ι
1240 4259 1476 4316 Jubilate
1494 4261 1744 4327 Domino,
1770 4278 1886 4317 ont-

296 4349 388 4402 nis
441 4357 613 4404 terra.
652 4368 671 4402 ι
702 4348 770 4405 Et
821 4352 1021 4406 iterum
1067 4353 1112 4384 ³³
1157 4369 1173 4405 :
1211 4371 1230 4405 ‹
1286 4352 1487 4407 Beatus
1540 4354 1767 4423 populus
1793 4356 1880 4421 qui

2004 485 2146 540 enim
2186 485 2323 541 dicit
2348 484 2395 518 ‘°
2432 501 2445 537 :
2478 502 2498 537 ι
2539 483 2738 539 Beatus
2763 484 2846 538 vir
2877 485 2968 553 qui
3016 485 3169 541 timet
3204 486 3510 545 Dominum.
3543 510 3564 542 ι

2003 576 2144 630 Alibi
2171 578 2334 631 etiam
2359 576 2542 647 plures
2565 574 2702 630 ﬂant
2731 576 2874 631 beati
2908 575 2978 644 δι,
3007 578 3146 634 sicut
3165 594 3429 649 pauperes
3456 581 3569 652 spi-

2001 667 2131 732 ritu,
2167 667 2254 723 vel
2303 668 2593 733 mansueti,
2642 668 2728 723 vel
2782 668 3017 738 pacilici,
3050 669 3135 723 vel
3164 668 3349 725 mundi
3382 671 3569 727 corde.

2002 758 2102 815 Hic
2125 768 2307 814 autem
2338 759 2619 815 beatitudo
2653 761 2876 829 profusa
2902 770 3007 827 est,
3048 770 3104 817 et
3154 772 3302 817 tanta
3347 762 3435 819 hic
3473 781 3571 821 ne-

2002 855 2117 908 scio
2153 868 2273 922 qua:
2305 867 2469 907 causa
2499 853 2853 908 beatitudinis
2899 854 3192 923 indicatur,
3238 864 3296 909 ut
3343 856 3569 912 univero-

2000 960 2117 998 smn
2172 944 2379 1014 pariter
2419 945 2675 1014 populum
2728 945 2894 1002 faciat
2950 946 3188 1013 beatum,
3230 948 3322 1016 qui
3384 957 3566 1005 tamen

2001 1036 2192 1091 scierit
2237 1034 2652 1103 jubilationem.-
2700 1036 2857 1093 Unde
2903 1038 3032 1092 mihi
3063 1038 3277 1093 videtur
3320 1039 3570 1108 jubilatio

1985 1126 2108 1181 ista
2142 1125 2386 1182 indicare
2427 1129 2717 1197 quemdam
2757 1130 3066 1184 concordiae
3109 1140 3164 1185 et
3198 1130 3570 1187 unanimitatis

1999 1214 2275 1274 affectum.
2301 1218 2401 1286 Qui
2431 1220 2477 1275 si
2508 1219 2708 1276 incidat
2741 1222 2796 1276 in
2824 1222 2960 1276 duos
2992 1220 3079 1275 vel
3106 1230 3218 1277 tres
3252 1221 3452 1278 Christi
3488 1224 3570 1278 di-

1995 1311 2254 1379 scipulos,
2272 1312 2456 1367 omnia
2482 1326 2819 1383 quaecunque
2846 1313 3103 1382 petierint
3130 1314 3183 1368 in
3214 1315 3431 1369 nomine
3456 1314 3571 1369 Sal-

1996 1404 2223 1470 vatoris,
2257 1412 2481 1474 praestat
2522 1405 2603 1460 eis
2636 1403 2798 1460 Pater
2823 1404 3083 1461 ctelestis.
3126 1405 3184 1461 Si
3233 1422 3362 1462 vero
3418 1415 3566 1461 tanta

1997 1496 2160 1551 fuerit
2189 1498 2485 1560 beatitudo,
2538 1505 2598 1552 ut
2649 1498 2936 1553 universus
2982 1498 3214 1569 populus
3262 1484 3489 1555 concors
3512 1507 3571 1555 et

1995 1589 2270 1644 unanimis
2306 1599 2547 1654 maneat,
2583 1596 2639 1643 ut
2668 1590 2854 1645 eadem
2881 1590 3068 1645 dicant
3095 1592 3352 1646 omnesin
3375 1594 3565 1648 eodem

1997 1693 2162 1735 sensu
2219 1689 2383 1751 atque
2415 1682 2469 1735 iu
2512 1681 2700 1735 eadem
2734 1684 2999 1736 sententia
3031 1693 3431 1753 permanentes,
3466 1685 3569 1739 isto

1926 1748 1969 1803 Β
2001 1772 2088 1827 tali
2122 1748 2317 1843 populo
2352 1788 2541 1827 vocem
2575 1772 2907 1827 unanimiter
2933 1748 3204 1842 elevante,
3236 1775 3326 1829 liet
3354 1748 3467 1846 (95)
3498 1777 3565 1830 il-

1994 1868 2084 1922 lud
2114 1867 2253 1936 quod
2281 1866 2547 1934 scriptmu
2582 1874 2667 1920 est
2708 1867 2760 1920 in
2808 1866 3040 1921 Actibus
3078 1867 3450 1936 apostolorum
3496 1869 3568 1936 δ’,

1992 1959 2122 2029 quia
2151 1969 2309 2012 terra:
2350 1967 2525 2013 motus
2551 1957 2726 2013 factus
2752 1968 2837 2013 est
2861 1973 3106 2029 magnus,
3140 1962 3229 2016 ubi
3270 1964 3396 2016 tunc
3430 1978 3566 2016 una-

1992 2049 2168 2103 nimes
2207 2047 2440 2102 orabant
2475 2047 2700 2118 apostoli
2748 2061 2870 2103 cum
2914 2048 3255 2114 mulieribus,
3292 2060 3346 2105 et
3397 2050 3563 2105 Maria

1993 2148 2165 2194 matre
2202 2138 2328 2194 Jesu
2361 2155 2374 2190 :
2406 2148 2461 2193 et
2497 2148 2656 2193 terrae
2704 2149 2857 2194 motu
2905 2137 3054 2194 facto
3094 2142 3458 2208 dcstruentur,
3509 2151 3567 2197 et

1991 2234 2188 2289 cadent
2217 2235 2398 2287 omnia
2446 2247 2567 2303 quae
2602 2241 2819 2287 terrena
2850 2242 2997 2301 sunt,
3046 2249 3112 2290 ac
3158 2236 3388 2290 mundus
3448 2238 3567 2306 ipse

1990 2327 2363 2382 subvertetur.
2391 2325 2532 2379 Audi
2559 2325 2791 2395 denique
2815 2324 3103 2379 Dominum
3136 2335 3189 2382 et
3220 2326 3560 2387 Salvatorem

1990 2431 2237 2475 nostrum
2271 2419 2338 2474 ad
2378 2417 2482 2472 hoc
2514 2417 2688 2488 ipsum
2741 2432 2870 2472 suos
2918 2416 3120 2471 milites
3163 2419 3562 2490 cohortantem,

1988 2513 2259 2583 quomodo
2293 2509 2530 2566 dicit":
2567 2528 2586 2561 ι
2634 2508 2926 2575 Conlidite,
2950 2524 3052 2577 ego
3076 2509 3180 2563 vici
3211 2512 3492 2566 mundum.
3537 2532 3558 2567 ι

1985 2607 2081 2660 illo
2109 2621 2240 2677 ergo
2269 2604 2403 2659 duce
2433 2602 2544 2668 jam
2579 2602 2735 2657 nobis
2759 2604 2932 2656 victus
2948 2610 3032 2656 est
3059 2601 3317 2667 mundus,
3339 2612 3395 2657 et
3422 2605 3561 2660 muri

1984 2700 2100 2767 ejus
2123 2697 2345 2767 collapsi
2379 2706 2528 2760 sunt,
2560 2693 2758 2765 quibus
2807 2694 3054 2748 homines
3083 2693 3268 2748 saeculi
3315 2694 3566 2750 niteban-

1987 2799 2095 2845 tur.
2145 2790 2251 2844 Sed
2284 2797 2339 2844 et
2369 2787 2738 2858 unusquisque
2773 2797 3018 2840 nostrum
3069 2787 3231 2841 debet
3275 2787 3327 2840 in
3361 2796 3562 2841 semet-

1985 2884 2102 2952 ipso
2151 2884 2251 2938 ista
2292 2880 2584 2951 complere.
2631 2878 2809 2933 llabes
2847 2879 2903 2932 in
2934 2887 2986 2932 te
3012 2875 3196 2933 Jesum
3239 2878 3428 2933 ducem
3464 2893 3563 2948 per

1985 2976 2279 3041 iidem,fac
2302 2974 2396 3029 tibi
2429 2974 2586 3028 tubas
2614 2971 2868 3036 ductiles,
2922 2971 2963 3025 si
3018 2971 3278 3026 sacerdos
3311 2985 3401 3037 es;
3455 2971 3564 3026 imo

1910 3087 1955 3147 ρ
1987 3070 2112 3140 quia
2139 3068 2392 3124 sacerdos
2426 3081 2486 3122 es
2523 3064 2678 3137 (gens
2706 3064 2851 3118 enim
2888 3062 3085 3133 regalis
3130 3061 3354 3118 eﬂ‘ectus
3379 3078 3459 3129 es,
3495 3072 3552 3118 et

1987 3164 2354 3219 sacerdotium
2402 3170 2702 3216 sanctum:
2754 3157 2818 3212 de
2855 3167 2905 3213 te
2955 3157 3098 3212 enim
3145 3156 3405 3225 scriptum
3457 3156 3565 3227 est)

1989 3257 2073 3311 fac
2124 3254 2219 3310 tibi
2271 3255 2426 3309 tubas
2475 3251 2706 3308 ductiles
2739 3249 2853 3322 (96)
2885 3265 2953 3304 ex
2998 3247 3314 3318 Scripturis.
3339 3248 3560 3315 sanctis,

1990 3350 2114 3403 inde
2138 3348 2245 3403 duc
2267 3361 2483 3414 sensus,
2510 3345 2638 3401 inde
2663 3356 2965 3407 sermones,
2999 3351 3278 3411 propterea
3304 3341 3449 3394 enim
3480 3350 3566 3394 tn-

1991 3444 2072 3498 ba:
2113 3439 2340 3496 ductiles
2382 3437 2742 3509 appellantur.
2775 3434 2833 3489 ln
2886 3432 3018 3504 ipsis
3064 3446 3235 3495 caue,
3282 3431 3336 3486 id
3385 3442 3468 3486 est
3508 3430 3560 3485 in

1991 3532 2216 3605 psalmis
2250 3541 2306 3588 et
2333 3531 2571 3603 hymnis,
2600 3530 2655 3584 in
2684 3528 2918 3585 canticis
2945 3523 3286 3596 spiritalibus
3320 3538 3476 3590 cane,
3502 3524 3555 3577 in

1990 3625 2320 3697 propheticis
2335 3622 2711 3688 sacramentis,
2732 3622 2787 3677 in
2806 3619 3083 3693 mysteriis
3098 3617 3253 3687 legis,
3276 3615 3329 3669 in
3348 3628 3570 3685 aposto-

1990 3720 2110 3775 licis
2158 3716 2503 3790 dogmatibus
2543 3729 2697 3770 cane.
2750 3714 2816 3768 Et
2849 3715 2895 3769 si
2946 3715 3000 3767 in
3055 3713 3257 3769 talibus
3290 3713 3561 3769 cecineris

1992 3810 2155 3873 tubis,
2183 3818 2237 3862 et
2262 3806 2461 3876 septies
2487 3820 2670 3860 arcam
2698 3803 3027 3859 Testamenti
3053 3803 3472 3869 circumtuleris,
3506 3801 3559 3855 id

1990 3913 2094 3969 est,
2125 3903 2171 3955 si
2218 3900 2356 3969 legis
2403 3897 2630 3968 mystica
2669 3907 2934 3966 prmcepta
2980 3894 3048 3949 ab
3094 3894 3425 3970 evangelicis
3454 3907 3561 3946 non

1990 4007 2210 4064 separes
2241 3991 2384 4044 tubis
2415 4004 2429 4043 :
2458 3991 2502 4043 si
2528 3988 2689 4041 etiam
2712 3986 3052 4056 jnbilationis
3085 3995 3409 4040 concentum
3437 3982 3550 4053 (97)

1990 4088 2057 4142 de
2083 4085 2364 4153 temetipso
2395 4082 2603 4152 exigas,
2631 4083 2680 4135 id
2703 4093 2788 4135 est
2815 4079 3201 4149 cogitationum
3226 4089 3278 4134 et
3303 4092 3560 4132 sensuum

1994 4191 2205 4234 tuorum
2233 4175 2461 4248 populus
2488 4176 2578 4243 qui
2605 4174 2745 4228 intra
2778 4183 2830 4228 te
2866 4183 2971 4237 est,
2993 4174 3314 4228 concordem
3349 4187 3562 4242 semper

1991 4281 2046 4326 et
2083 4283 2380 4326 consonam
2406 4264 2647 4336 proferat
2681 4280 2889 4329 vocem,
2919 4273 2974 4318 et
3002 4281 3107 4319 non
3138 4262 3427 4334 aliquando
3471 4278 3561 4316 vc-

1996 4376 2111 4415 rum
2146 4358 2319 4422 dicas,
2375 4355 2668 4425 aliquando
2723 4369 2970 4424 personae
3014 4354 3254 4423 potentis
3313 4351 3560 4406 adulatus

293 4443 405 4498 scit
456 4440 852 4510 iubilationem.
889 4463 908 4497 ι
958 4446 1111 4514 Quod
1138 4447 1299 4502 etiam
1359 4462 1444 4502 me
1489 4457 1767 4516 permovet
1794 4448 1881 4503 di-

1990 4452 2275 4509 mendacio
2304 4448 2620 4512 maculeris,
2657 4447 2699 4502 si
2731 4464 2836 4502 non
2870 4458 2923 4502 te
2960 4447 3257 4516 aliquando
3303 4443 3561 4499 blandum

293 4542 474 4598 ctum,
505 4536 635 4605 quid
685 4535 828 4591 istud
858 4546 1066 4593 tantum
1095 4540 1168 4593 sit
1206 4539 1385 4608 operis
1412 4537 1525 4610 (94)
1554 4540 1696 4609 quod
1750 4537 1876 4593 bea-

295 4636 414 4681 tum
442 4627 696 4698 populum
726 4628 911 4684 faciat.
945 4629 1060 4684 Non
1097 4631 1252 4695 dixit,
1282 4631 1405 4701 quia
1433 4634 1623 4687 beatus
1648 4633 1876 4703 populus

290 4720 391 4790 qui
418 4719 527 4774 scit
547 4721 828 4789 mysteria,
856 4721 940 4777 vel
962 4722 1054 4790 qui
1080 4724 1182 4777 scit
1210 4723 1330 4779 caeli
1365 4738 1428 4779 ac
1467 4732 1624 4779 terra:
1650 4734 1704 4778 et
1732 4725 1878 4779 side-

294 4830 422 4868 rum
448 4812 717 4875 rationem
750 4831 763 4866 :
815 4817 909 4869 sed
943 4832 963 4867 ι
1014 4815 1228 4883 beatus,
1281 4816 1479 4886 inquit,
1521 4819 1751 4886 populus
1789 4819 1882 4889 qui

291 4904 406 4961 scit
428 4902 830 4971 jubilationem.
866 4925 885 4959 ι
914 4903 972 4961 In
1002 4908 1124 4964 aliis
1161 4910 1322 4964 timor
1349 4907 1443 4963 Dei
1479 4908 1692 4964 beatum
1719 4909 1869 4974 facit,

1978 4546 2228 4603 remissio
2251 4542 2436 4607 faciat,
2484 4542 2778 4612 aliquando
2829 4542 3109 4597 iracundia
3156 4539 3551 4600 truculentum,

1979 4640 2023 4695 si
2059 4652 2165 4691 non
2201 4651 2466 4705 arrogans
2492 4649 2618 4703 erga
2646 4634 2985 4698 modicos,et
3005 4634 3143 4702 apud
3168 4632 3432 4699 superbos
3464 4630 3561 4682 lm-

1983 4732 2126 4786 milis
2159 4730 2476 4794 inveniaris,
2517 4728 2751 4795 denique
2782 4726 2826 4780 si
2857 4741 2960 4779 non
2985 4740 3162 4795 pugna
3199 4725 3341 4778 intra
3373 4733 3424 4777 te
3466 4738 3560 4793 ge-

1991 4826 2150 4889 ritur,
2176 4823 2302 4874 dum
2352 4821 2689 4891 concupiscit
2727 4832 2857 4873 caro
2898 4820 3160 4872 adversus
3197 4817 3468 4886 spiritum,
3503 4821 3560 4869 et

1983 4913 2208 4983 spiritus
2230 4913 2487 4968 adversus
2509 4926 2729 4967 carnem
2756 4928 2772 4968 :
2808 4910 2853 4967 si
2886 4911 3000 4965 haec
3034 4908 3174 4965 intra
3211 4916 3264 4961 te
3284 4905 3396 4976 jam
3427 4921 3563 4961 con-

369 5068 419 5103 "
436 5069 594 5126 lCor.
620 5084 696 5138 tv,
721 5071 775 5128 9.
837 5072 884 5105 ³⁸
906 5071 1052 5127 Psal.
1076 5087 1127 5139 ε,
1152 5072 1205 5126 1.
1268 5072 1313 5105 ³⁰
1336 5072 1481 5129 Psal.
1502 5090 1724 5141 uxxrx,
1755 5074 1842 5129 16.

1988 5073 2090 5130 ’sal.
2116 5089 2250 5132 cm.
2278 5076 2331 5130 1.
2387 5075 2431 5108 ⁸⁸
2458 5074 2649 5130 Matth.
2669 5090 2724 5131 v.
2783 5075 2830 5107 “
2850 5076 2971 5131 Act.
2994 5091 3036 5130 ι.
3092 5073 3311 5129 u.loan.
3332 5088 3442 5138 ενι,
3460 5069 3565 5150 135.

368 5229 486 5301 (91)
517 5229 628 5286 Iste
655 5232 934 5286 nitebatur.
966 5231 1116 5289 Unus
1147 5233 1524 5289 Eltroiceusis:
1565 5255 1584 5287 ‹
1624 5235 1725 5290 iste
1751 5246 1872 5290 ute-

296 5303 488 5357 batur.
528 5320 548 5352 ι
584 5303 982 5357 Gemeticeusis
1020 5321 1034 5357 :
1065 5321 1085 5355 ι
1127 5305 1534 5360 instituebatur.
1566 5326 1586 5357 ι

368 5370 485 5442 (92)
515 5371 696 5426 Codex
743 5370 1135 5428 Gemeticensis
1168 5388 1290 5427 cum
1342 5391 1449 5427 uno
1491 5375 1815 5428 Ebrnieeusi
1857 5396 1869 5429 :

297 5461 318 5491 ε
359 5443 756 5495 assertionibus
785 5444 1230 5511 disputationum.
1267 5463 1287 5496 ι
1341 5445 1463 5498 Mox
1501 5446 1644 5500 idem
1669 5444 1869 5500 Gente-

289 5512 396 5567 lic.
435 5528 454 5560 ι
494 5512 643 5565 velut
675 5516 1079 5580 proceribus.-s
1557 5547 1560 5550 ~

507 5581 750 5664 Duabus.
777 5582 1170 5664 Cerneticeusis
1200 5601 1216 5664 :_
1251 5602 1270 5634 ‹
1305 5584 1589 5639 extribus.
1629 5603 1649 5637 ι

366 5651 482 5723 (94)
513 5651 662 5723 idem
700 5668 712 5703 :
749 5669 767 5703 ι
807 5654 940 5723 tanti
968 5654 1042 5723 sit
1066 5654 1268 5723 operis.
1306 5673 1324 5705 ι

370 5670 460 5719 (34
514 5670 662 5706 luem
700 5670 712 5703 ξ
749 5670 767 5703 1
807 5670 940 5708 tantt
968 5670 1042 5708 Sil
1066 5670 1268 5723 operis.
1306 5673 1324 5705 1

370 5670 483 5793 (95)
509 5721 655 5777 Idem
689 5739 703 5777 :
749 5739 770 5776 ι
801 5722 892 5780 isti
928 5722 1091 5780 tali...
1121 5723 1358 5780 clevanti
1387 5722 1499 5780 fiet.
1539 5743 1558 5777 ι

2052 5236 2164 5307 (96)
2204 5235 2262 5292 Si
2304 5240 2550 5308 sacerdos
2580 5253 2656 5302 es,
2695 5237 2802 5290 imo
2847 5237 2971 5308 quia
3017 5238 3263 5290 sacerdos
3312 5252 3387 5300 es,
3427 5249 3557 5308 geris
3599 5262 3603 5271 υ
3654 5228 3657 5233 ’

1979 5305 2115 5361 enim
2147 5305 2345 5377 regalis
2377 5307 2591 5376 effectus
2631 5324 2708 5377 es,
2737 5319 2784 5360 et
2807 5305 3157 5361 sacerdotium
3179 5315 3453 5377 sanctitati
3487 5305 3559 5358 da

1979 5387 2028 5430 te
2052 5379 2191 5431 enim
2216 5374 2486 5445 scriptum
2512 5386 2589 5430 est
2616 5395 2635 5433 :
2660 5375 2774 5430 Fac
2808 5377 2904 5430 tibi
2949 5379 3101 5429 tubas
3149 5376 3390 5429 ductiles.
3419 5374 3547 5429 ilarc

1977 5450 2155 5499 ontnia
2189 5448 2566 5501 desiderantur
2595 5448 2648 5500 in
2680 5447 2836 5501 libris
2863 5456 3022 5501 antea
3055 5447 3246 5510 editis,
3274 5447 3369 5500 sed
3398 5460 3553 5515 t'epec

1979 5517 2196 5570 riuntnr
2229 5518 2279 5571 in
2309 5516 2564 5571 omnibus
2593 5532 2723 5571 mss.
3020 5556 3024 5560 Α

2048 5587 2160 5657 (97)
2194 5585 2401 5641 Gctnet.
2454 5597 2512 5640 et
2567 5602 2707 5640 unus
2757 5586 3145 5642 Ebroicensis:
3183 5604 3203 5637 α
3251 5591 3346 5641 sed
3383 5586 3556 5657 etiam

1955 5654 2292 5722 ⁸ῙιιΙιίΙηίίοηίε
2320 5659 2386 5710 de
2423 5657 2708 5723 temetipso
2730 5659 2919 5723 exigas
2952 5668 3298 5713 concentum.
3340 5676 3359 5709 ι
3384 5656 3553 5711 Libb-

1963 5727 2091 5780 editi
2121 5741 2219 5795 pro
2250 5743 2272 5780 ς
2301 5736 2644 5787 concentum,
2666 5745 2685 5777 ι
2721 5728 2922 5782 habent
2960 5746 2980 5779 ί
3017 5742 3366 5781 consensum.
3400 5747 3432 5778 ι
