  <div class='ocr_page' id='page_1' title='image "/cluster/home/n/w/nwhite01/storage/ocr_20150623/12/mdp.39015028786690/439.png"; bbox 0 0 4050 6148; ppageno 0'>
   <div class='ocr_carea' id='block_1_1' title="bbox 569 208 674 261">
    <p class='ocr_par' dir='ltr' id='par_1_1' title="bbox 569 208 674 261">
     <span class='ocr_line' id='line_1_1' title="bbox 569 208 674 261; baseline 0.01 -1"><span class='ocrx_word' id='word_1_1' title='bbox 569 208 674 261; x_wconf 60' lang='grc'><strong>339</strong></span> 
     </span>
    </p>
   </div>
   <div class='ocr_carea' id='block_1_2' title="bbox 569 325 2142 398">
    <p class='ocr_par' dir='ltr' id='par_1_2' title="bbox 569 325 2142 398">
     <span class='ocr_line' id='line_1_2' title="bbox 569 325 2142 398; baseline 0.004 -22"><span class='ocrx_word' id='word_1_2' title='bbox 569 332 768 376; x_wconf 81' lang='lat' dir='ltr'><strong>sonant</strong></span> <span class='ocrx_word' id='word_1_3' title='bbox 813 333 868 378; x_wconf 84' lang='lat' dir='ltr'><strong>et</strong></span> <span class='ocrx_word' id='word_1_4' title='bbox 917 325 1275 391; x_wconf 87' lang='lat' dir='ltr'><strong>concordant,</strong></span> <span class='ocrx_word' id='word_1_5' title='bbox 1310 339 1498 380; x_wconf 86' lang='lat' dir='ltr'><strong>vocem</strong></span> <span class='ocrx_word' id='word_1_6' title='bbox 1541 326 1886 398; x_wconf 87' lang='lat' dir='ltr'><strong>jubilationis</strong></span> <span class='ocrx_word' id='word_1_7' title='bbox 1929 329 2142 391; x_wconf 88' lang='lat' dir='ltr'><strong>emitte.</strong></span> 
     </span>
    </p>
   </div>
   <div class='ocr_carea' id='block_1_3' title="bbox 569 417 2145 490">
    <p class='ocr_par' dir='ltr' id='par_1_3' title="bbox 569 417 2145 490">
     <span class='ocr_line' id='line_1_3' title="bbox 569 417 2145 490; baseline 0.006 -25"><span class='ocrx_word' id='word_1_8' title='bbox 569 417 827 484; x_wconf 81' lang='lat' dir='ltr'><strong>quoniam</strong></span> <span class='ocrx_word' id='word_1_9' title='bbox 868 417 961 471; x_wconf 91' lang='lat' dir='ltr'><strong>tibi</strong></span> <span class='ocrx_word' id='word_1_10' title='bbox 996 420 1306 475; x_wconf 88' lang='lat' dir='ltr'><strong>destructus</strong></span> <span class='ocrx_word' id='word_1_11' title='bbox 1353 432 1407 474; x_wconf 89' lang='lat' dir='ltr'><strong>et</strong></span> <span class='ocrx_word' id='word_1_12' title='bbox 1465 421 1711 490; x_wconf 89' lang='lat' dir='ltr'><strong>dejectus</strong></span> <span class='ocrx_word' id='word_1_13' title='bbox 1759 431 1846 477; x_wconf 85' lang='lat' dir='ltr'><strong>est</strong></span> <span class='ocrx_word' id='word_1_14' title='bbox 1891 425 2145 476; x_wconf 88' lang='lat' dir='ltr'><strong>mundus.</strong></span> 
     </span>
    </p>
   </div>
   <div class='ocr_carea' id='block_1_4' title="bbox 573 508 2144 584">
    <p class='ocr_par' dir='ltr' id='par_1_4' title="bbox 573 508 2144 584">
     <span class='ocr_line' id='line_1_4' title="bbox 573 508 2144 584; baseline 0.003 -20"><span class='ocrx_word' id='word_1_15' title='bbox 573 508 746 574; x_wconf 80' lang='lat' dir='ltr'><strong>Talis,</strong></span> <span class='ocrx_word' id='word_1_16' title='bbox 775 513 987 580; x_wconf 77' lang='lat' dir='ltr'><strong>Opinor,</strong></span> <span class='ocrx_word' id='word_1_17' title='bbox 1017 524 1133 566; x_wconf 89' lang='lat' dir='ltr'><strong>erat</strong></span> <span class='ocrx_word' id='word_1_18' title='bbox 1161 514 1270 577; x_wconf 91' lang='lat' dir='ltr'><strong>ille,</strong></span> <span class='ocrx_word' id='word_1_19' title='bbox 1309 515 1400 584; x_wconf 92' lang='lat' dir='ltr'><strong>qui</strong></span> <span class='ocrx_word' id='word_1_20' title='bbox 1432 515 1770 570; x_wconf 79' lang='lat' dir='ltr'><strong>confidenter</strong></span> <span class='ocrx_word' id='word_1_21' title='bbox 1799 516 2020 571; x_wconf 90' lang='lat' dir='ltr'><strong>dicebat</strong></span> <span class='ocrx_word' id='word_1_22' title='bbox 2051 518 2096 547; x_wconf 73' lang='lat'><em>“</em></span> <span class='ocrx_word' id='word_1_23' title='bbox 2131 534 2144 569; x_wconf 93' lang='lat'><strong>:</strong></span> 
     </span>
    </p>
   </div>
   <div class='ocr_carea' id='block_1_5' title="bbox 576 603 2147 678">
    <p class='ocr_par' dir='ltr' id='par_1_5' title="bbox 576 603 2147 678">
     <span class='ocr_line' id='line_1_5' title="bbox 576 603 2147 678; baseline 0.008 -25"><span class='ocrx_word' id='word_1_24' title='bbox 576 621 594 653; x_wconf 77' lang='grc' dir='ltr'>ι</span> <span class='ocrx_word' id='word_1_25' title='bbox 633 603 760 658; x_wconf 84' lang='lat' dir='ltr'><strong>Mihi</strong></span> <span class='ocrx_word' id='word_1_26' title='bbox 802 619 980 660; x_wconf 88' lang='lat' dir='ltr'><strong>autem</strong></span> <span class='ocrx_word' id='word_1_27' title='bbox 1029 607 1174 662; x_wconf 91' lang='lat' dir='ltr'><strong>absit</strong></span> <span class='ocrx_word' id='word_1_28' title='bbox 1199 609 1450 678; x_wconf 89' lang='lat' dir='ltr'><strong>gloriari,</strong></span> <span class='ocrx_word' id='word_1_29' title='bbox 1493 611 1597 664; x_wconf 89' lang='lat' dir='ltr'><strong>nisi</strong></span> <span class='ocrx_word' id='word_1_30' title='bbox 1644 608 1698 663; x_wconf 93' lang='lat' dir='ltr'><strong>in</strong></span> <span class='ocrx_word' id='word_1_31' title='bbox 1729 624 1900 664; x_wconf 84' lang='lat' dir='ltr'><strong>cruce.</strong></span> <span class='ocrx_word' id='word_1_32' title='bbox 1935 609 2147 665; x_wconf 84' lang='lat' dir='ltr'><strong>Domini</strong></span> 
     </span>
    </p>
   </div>
   <div class='ocr_carea' id='block_1_6' title="bbox 569 697 2149 774">
    <p class='ocr_par' dir='ltr' id='par_1_6' title="bbox 569 697 2149 774">
     <span class='ocr_line' id='line_1_6' title="bbox 569 697 2149 774; baseline 0.006 -24"><span class='ocrx_word' id='word_1_33' title='bbox 569 698 741 750; x_wconf 81' lang='lat' dir='ltr'><strong>nostri</strong></span> <span class='ocrx_word' id='word_1_34' title='bbox 776 697 886 770; x_wconf 88' lang='lat'><strong>(98)</strong></span> <span class='ocrx_word' id='word_1_35' title='bbox 929 698 1055 754; x_wconf 90' lang='lat' dir='ltr'><strong>Jesu</strong></span> <span class='ocrx_word' id='word_1_36' title='bbox 1103 700 1327 766; x_wconf 80' lang='lat' dir='ltr'><strong>Christi,</strong></span> <span class='ocrx_word' id='word_1_37' title='bbox 1390 720 1487 772; x_wconf 82' lang='lat' dir='ltr'><strong>per</strong></span> <span class='ocrx_word' id='word_1_38' title='bbox 1519 719 1679 774; x_wconf 86' lang='lat' dir='ltr'><strong>quem</strong></span> <span class='ocrx_word' id='word_1_39' title='bbox 1731 702 1863 757; x_wconf 91' lang='lat' dir='ltr'><strong>mihi</strong></span> <span class='ocrx_word' id='word_1_40' title='bbox 1913 706 2149 760; x_wconf 89' lang='lat' dir='ltr'><strong>mundus</strong></span> 
     </span>
    </p>
   </div>
   <div class='ocr_carea' id='block_1_7' title="bbox 569 788 1506 864">
    <p class='ocr_par' dir='ltr' id='par_1_7' title="bbox 569 788 1506 864">
     <span class='ocr_line' id='line_1_7' title="bbox 569 788 1506 864; baseline 0.005 -23"><span class='ocrx_word' id='word_1_41' title='bbox 569 788 863 844; x_wconf 75' lang='lat' dir='ltr'><strong>crucifixus</strong></span> <span class='ocrx_word' id='word_1_42' title='bbox 895 799 1000 856; x_wconf 92' lang='lat' dir='ltr'><strong>est,</strong></span> <span class='ocrx_word' id='word_1_43' title='bbox 1023 801 1080 846; x_wconf 90' lang='lat' dir='ltr'><strong>et</strong></span> <span class='ocrx_word' id='word_1_44' title='bbox 1104 807 1203 864; x_wconf 86' lang='lat' dir='ltr'><strong>ego</strong></span> <span class='ocrx_word' id='word_1_45' title='bbox 1229 797 1448 848; x_wconf 91' lang='lat' dir='ltr'><strong>mundo.</strong></span> <span class='ocrx_word' id='word_1_46' title='bbox 1489 814 1506 846; x_wconf 72' lang='grc' dir='ltr'><strong><em>ι</em></strong></span> 
     </span>
    </p>
   </div>
   <div class='ocr_carea' id='block_1_8' title="bbox 637 878 2148 958">
    <p class='ocr_par' dir='ltr' id='par_1_8' title="bbox 637 878 2148 958">
     <span class='ocr_line' id='line_1_8' title="bbox 637 878 2148 958; baseline 0.007 -26"><span class='ocrx_word' id='word_1_47' title='bbox 637 878 689 933; x_wconf 78' lang='grc'><strong>5.</strong></span> <span class='ocrx_word' id='word_1_48' title='bbox 728 879 921 935; x_wconf 88' lang='lat' dir='ltr'><strong>Adhuc</strong></span> <span class='ocrx_word' id='word_1_49' title='bbox 953 897 1040 937; x_wconf 88' lang='lat' dir='ltr'><strong>me</strong></span> <span class='ocrx_word' id='word_1_50' title='bbox 1069 891 1248 938; x_wconf 90' lang='lat' dir='ltr'><strong>tamen</strong></span> <span class='ocrx_word' id='word_1_51' title='bbox 1294 894 1478 940; x_wconf 92' lang='lat' dir='ltr'><strong>movet</strong></span> <span class='ocrx_word' id='word_1_52' title='bbox 1507 887 1713 956; x_wconf 91' lang='lat' dir='ltr'><strong>aliquid</strong></span> <span class='ocrx_word' id='word_1_53' title='bbox 1765 890 1817 945; x_wconf 91' lang='lat' dir='ltr'><strong>in</strong></span> <span class='ocrx_word' id='word_1_54' title='bbox 1876 891 2018 954; x_wconf 88' lang='lat' dir='ltr'><strong>loco,</strong></span> <span class='ocrx_word' id='word_1_55' title='bbox 2048 905 2148 958; x_wconf 88' lang='lat' dir='ltr'><strong>pa-</strong></span> 
     </span>
    </p>
   </div>
   <div class='ocr_carea' id='block_1_9' title="bbox 569 973 2146 1048">
    <p class='ocr_par' dir='ltr' id='par_1_9' title="bbox 569 973 2146 1048">
     <span class='ocr_line' id='line_1_9' title="bbox 569 973 2146 1048; baseline 0.011 -25"><span class='ocrx_word' id='word_1_56' title='bbox 569 985 690 1024; x_wconf 90' lang='lat' dir='ltr'><strong>rum</strong></span> <span class='ocrx_word' id='word_1_57' title='bbox 721 973 854 1027; x_wconf 91' lang='lat' dir='ltr'><strong>mihi</strong></span> <span class='ocrx_word' id='word_1_58' title='bbox 907 975 1148 1031; x_wconf 87' lang='lat' dir='ltr'><strong>sensisse</strong></span> <span class='ocrx_word' id='word_1_59' title='bbox 1195 977 1385 1031; x_wconf 88' lang='lat' dir='ltr'><strong>videor</strong></span> <span class='ocrx_word' id='word_1_60' title='bbox 1423 978 1491 1032; x_wconf 90' lang='lat' dir='ltr'><strong>de</strong></span> <span class='ocrx_word' id='word_1_61' title='bbox 1523 981 1872 1048; x_wconf 89' lang='lat' dir='ltr'><strong>jubilatione,</strong></span> <span class='ocrx_word' id='word_1_62' title='bbox 1918 985 2146 1040; x_wconf 82' lang='lat' dir='ltr'><strong>humilia</strong></span> 
     </span>
    </p>
   </div>
   <div class='ocr_carea' id='block_1_10' title="bbox 567 1064 2148 1139">
    <p class='ocr_par' dir='ltr' id='par_1_10' title="bbox 567 1064 2148 1139">
     <span class='ocr_line' id='line_1_10' title="bbox 567 1064 2148 1139; baseline 0.01 -22"><span class='ocrx_word' id='word_1_63' title='bbox 567 1064 774 1119; x_wconf 83' lang='lat' dir='ltr'><strong>dixisse</strong></span> <span class='ocrx_word' id='word_1_64' title='bbox 809 1067 874 1121; x_wconf 91' lang='lat' dir='ltr'><strong>de</strong></span> <span class='ocrx_word' id='word_1_65' title='bbox 916 1071 1151 1139; x_wconf 79' lang='lat' dir='ltr'><strong>magnis.</strong></span> <span class='ocrx_word' id='word_1_66' title='bbox 1195 1069 1253 1126; x_wconf 85' lang='lat' dir='ltr'><strong>In</strong></span> <span class='ocrx_word' id='word_1_67' title='bbox 1303 1075 1536 1129; x_wconf 88' lang='lat' dir='ltr'><strong>adventu</strong></span> <span class='ocrx_word' id='word_1_68' title='bbox 1568 1073 1695 1130; x_wconf 83' lang='lat' dir='ltr'><strong>Jesu</strong></span> <span class='ocrx_word' id='word_1_69' title='bbox 1746 1077 1884 1130; x_wconf 91' lang='lat' dir='ltr'><strong>muri</strong></span> <span class='ocrx_word' id='word_1_70' title='bbox 1927 1075 2148 1133; x_wconf 83' lang='lat' dir='ltr'><strong>Jericbo</strong></span> 
     </span>
    </p>
   </div>
   <div class='ocr_carea' id='block_1_11' title="bbox 567 1159 2148 1226">
    <p class='ocr_par' dir='ltr' id='par_1_11' title="bbox 567 1159 2148 1226">
     <span class='ocr_line' id='line_1_11' title="bbox 567 1159 2148 1226; baseline 0.01 -16"><span class='ocrx_word' id='word_1_71' title='bbox 567 1159 817 1214; x_wconf 87' lang='lat' dir='ltr'><strong>subversi</strong></span> <span class='ocrx_word' id='word_1_72' title='bbox 855 1170 1001 1226; x_wconf 89' lang='lat' dir='ltr'><strong>sunt,</strong></span> <span class='ocrx_word' id='word_1_73' title='bbox 1037 1164 1092 1216; x_wconf 94' lang='lat' dir='ltr'><strong>in</strong></span> <span class='ocrx_word' id='word_1_74' title='bbox 1132 1163 1363 1222; x_wconf 87' lang='lat' dir='ltr'><strong>adventu</strong></span> <span class='ocrx_word' id='word_1_75' title='bbox 1391 1169 1493 1222; x_wconf 90' lang='lat' dir='ltr'><strong>mei</strong></span> <span class='ocrx_word' id='word_1_76' title='bbox 1527 1169 1737 1223; x_wconf 90' lang='lat' dir='ltr'><strong>Domini</strong></span> <span class='ocrx_word' id='word_1_77' title='bbox 1761 1169 1887 1226; x_wconf 88' lang='lat' dir='ltr'><strong>Jesu</strong></span> <span class='ocrx_word' id='word_1_78' title='bbox 1916 1171 2148 1226; x_wconf 90' lang='lat' dir='ltr'><strong>mundus</strong></span> 
     </span>
    </p>
   </div>
   <div class='ocr_carea' id='block_1_12' title="bbox 568 1252 2146 1328">
    <p class='ocr_par' dir='ltr' id='par_1_12' title="bbox 568 1252 2146 1328">
     <span class='ocr_line' id='line_1_12' title="bbox 568 1252 2146 1328; baseline 0.01 -24"><span class='ocrx_word' id='word_1_79' title='bbox 568 1253 825 1307; x_wconf 72' lang='lat' dir='ltr'><strong>vincitur.</strong></span> <span class='ocrx_word' id='word_1_80' title='bbox 849 1252 1129 1320; x_wconf 81' lang='lat' dir='ltr'><strong>Quomodo</strong></span> <span class='ocrx_word' id='word_1_81' title='bbox 1149 1267 1325 1313; x_wconf 87' lang='lat' dir='ltr'><strong>tamen</strong></span> <span class='ocrx_word' id='word_1_82' title='bbox 1355 1261 1592 1317; x_wconf 90' lang='lat' dir='ltr'><strong>vincitur</strong></span> <span class='ocrx_word' id='word_1_83' title='bbox 1611 1263 1869 1328; x_wconf 90' lang='lat' dir='ltr'><strong>mundus,</strong></span> <span class='ocrx_word' id='word_1_84' title='bbox 1895 1266 2036 1320; x_wconf 90' lang='lat' dir='ltr'><strong>scire</strong></span> <span class='ocrx_word' id='word_1_85' title='bbox 2056 1281 2146 1320; x_wconf 89' lang='lat' dir='ltr'><strong>ve-</strong></span> 
     </span>
    </p>
   </div>
   <div class='ocr_carea' id='block_1_13' title="bbox 569 1343 2142 1425">
    <p class='ocr_par' dir='ltr' id='par_1_13' title="bbox 569 1343 2142 1425">
     <span class='ocr_line' id='line_1_13' title="bbox 569 1343 2142 1425; baseline 0.011 -29"><span class='ocrx_word' id='word_1_86' title='bbox 569 1343 662 1397; x_wconf 91' lang='lat' dir='ltr'><strong>lim</strong></span> <span class='ocrx_word' id='word_1_87' title='bbox 681 1345 1045 1414; x_wconf 78' lang='lat' dir='ltr'><strong>manifestius,</strong></span> <span class='ocrx_word' id='word_1_88' title='bbox 1075 1358 1130 1402; x_wconf 90' lang='lat' dir='ltr'><strong>et</strong></span> <span class='ocrx_word' id='word_1_89' title='bbox 1156 1349 1389 1407; x_wconf 88' lang='lat' dir='ltr'><strong>lucidius</strong></span> <span class='ocrx_word' id='word_1_90' title='bbox 1409 1353 1713 1423; x_wconf 78' lang='lat' dir='ltr'><strong>intelligere</strong></span> <span class='ocrx_word' id='word_1_91' title='bbox 1731 1371 1852 1425; x_wconf 74' lang='lat' dir='ltr'><strong>qum</strong></span> <span class='ocrx_word' id='word_1_92' title='bbox 1867 1357 2142 1415; x_wconf 91' lang='lat' dir='ltr'><strong>dicuntur.</strong></span> 
     </span>
    </p>
   </div>
   <div class='ocr_carea' id='block_1_14' title="bbox 564 1435 2126 1512">
    <p class='ocr_par' dir='ltr' id='par_1_14' title="bbox 564 1435 2126 1512">
     <span class='ocr_line' id='line_1_14' title="bbox 564 1435 2126 1512; baseline 0.009 -21"><span class='ocrx_word' id='word_1_93' title='bbox 564 1435 728 1508; x_wconf 69' lang='grc'><strong>413</strong></span> <span class='ocrx_word' id='word_1_94' title='bbox 761 1437 892 1492; x_wconf 87' lang='lat' dir='ltr'><strong>Volo</strong></span> <span class='ocrx_word' id='word_1_95' title='bbox 915 1455 1043 1511; x_wconf 88' lang='lat' dir='ltr'><strong>ergo</strong></span> <span class='ocrx_word' id='word_1_96' title='bbox 1066 1456 1166 1512; x_wconf 78' lang='lat' dir='ltr'><strong>ego</strong></span> <span class='ocrx_word' id='word_1_97' title='bbox 1190 1443 1307 1512; x_wconf 89' lang='lat' dir='ltr'><strong>ipse</strong></span> <span class='ocrx_word' id='word_1_98' title='bbox 1345 1447 1434 1511; x_wconf 90' lang='lat' dir='ltr'><strong>qui</strong></span> <span class='ocrx_word' id='word_1_99' title='bbox 1485 1447 1652 1502; x_wconf 81' lang='lat' dir='ltr'><strong>doceo</strong></span> <span class='ocrx_word' id='word_1_100' title='bbox 1686 1462 1806 1512; x_wconf 89' lang='lat' dir='ltr'><strong>vos,</strong></span> <span class='ocrx_word' id='word_1_101' title='bbox 1850 1450 2126 1505; x_wconf 87' lang='lat' dir='ltr'><strong>vobiscum</strong></span> 
     </span>
    </p>
   </div>
   <div class='ocr_carea' id='block_1_15' title="bbox 567 1530 2150 1601">
    <p class='ocr_par' dir='ltr' id='par_1_15' title="bbox 567 1530 2150 1601">
     <span class='ocr_line' id='line_1_15' title="bbox 567 1530 2150 1601; baseline 0.013 -20"><span class='ocrx_word' id='word_1_102' title='bbox 567 1530 776 1596; x_wconf 87' lang='lat' dir='ltr'><strong>pariter</strong></span> <span class='ocrx_word' id='word_1_103' title='bbox 817 1532 1050 1588; x_wconf 91' lang='lat' dir='ltr'><strong>discere.</strong></span> <span class='ocrx_word' id='word_1_104' title='bbox 1100 1534 1533 1596; x_wconf 72' lang='lat' dir='ltr'><strong>Paulumnobis</strong></span> <span class='ocrx_word' id='word_1_105' title='bbox 1575 1545 1942 1601; x_wconf 85' lang='lat' dir='ltr'><strong>communiter</strong></span> <span class='ocrx_word' id='word_1_106' title='bbox 1993 1546 2150 1600; x_wconf 81' lang='lat' dir='ltr'><strong>adhi-</strong></span> 
     </span>
    </p>
   </div>
   <div class='ocr_carea' id='block_1_16' title="bbox 565 1620 2144 1709">
    <p class='ocr_par' dir='ltr' id='par_1_16' title="bbox 565 1620 2144 1709">
     <span class='ocr_line' id='line_1_16' title="bbox 565 1620 2144 1709; baseline 0.014 -38"><span class='ocrx_word' id='word_1_107' title='bbox 565 1620 787 1675; x_wconf 82' lang='lat' dir='ltr'><strong>beamus</strong></span> <span class='ocrx_word' id='word_1_108' title='bbox 818 1624 1159 1692; x_wconf 83' lang='lat' dir='ltr'><strong>magistrum.</strong></span> <span class='ocrx_word' id='word_1_109' title='bbox 1196 1627 1314 1697; x_wconf 85' lang='lat' dir='ltr'><strong>Ipse</strong></span> <span class='ocrx_word' id='word_1_110' title='bbox 1339 1640 1424 1684; x_wconf 90' lang='lat' dir='ltr'><strong>est</strong></span> <span class='ocrx_word' id='word_1_111' title='bbox 1471 1633 1616 1688; x_wconf 89' lang='lat' dir='ltr'><strong>enim</strong></span> <span class='ocrx_word' id='word_1_112' title='bbox 1670 1646 2000 1708; x_wconf 85' lang='lat' dir='ltr'><strong>symmystes</strong></span> <span class='ocrx_word' id='word_1_113' title='bbox 2033 1636 2144 1709; x_wconf 89' lang='lat'><strong>(99)</strong></span> 
     </span>
    </p>
   </div>
   <div class='ocr_carea' id='block_1_17' title="bbox 563 1710 2145 1794">
    <p class='ocr_par' dir='ltr' id='par_1_17' title="bbox 563 1710 2145 1794">
     <span class='ocr_line' id='line_1_17' title="bbox 563 1710 2145 1794; baseline 0.013 -31"><span class='ocrx_word' id='word_1_114' title='bbox 563 1710 786 1777; x_wconf 80' lang='lat' dir='ltr'><strong>Christi,</strong></span> <span class='ocrx_word' id='word_1_115' title='bbox 814 1715 908 1783; x_wconf 86' lang='lat' dir='ltr'><strong>qui</strong></span> <span class='ocrx_word' id='word_1_116' title='bbox 929 1715 1087 1772; x_wconf 90' lang='lat' dir='ltr'><strong>nobis</strong></span> <span class='ocrx_word' id='word_1_117' title='bbox 1118 1719 1290 1788; x_wconf 90' lang='lat' dir='ltr'><strong>possit</strong></span> <span class='ocrx_word' id='word_1_118' title='bbox 1314 1719 1557 1778; x_wconf 88' lang='lat' dir='ltr'><strong>indicare</strong></span> <span class='ocrx_word' id='word_1_119' title='bbox 1585 1728 1857 1794; x_wconf 90' lang='lat' dir='ltr'><strong>quomodo</strong></span> <span class='ocrx_word' id='word_1_120' title='bbox 1888 1727 2145 1783; x_wconf 89' lang='lat' dir='ltr'><strong>Christus</strong></span> 
     </span>
    </p>
   </div>
   <div class='ocr_carea' id='block_1_18' title="bbox 565 1803 2140 1887">
    <p class='ocr_par' dir='ltr' id='par_1_18' title="bbox 565 1803 2140 1887">
     <span class='ocr_line' id='line_1_18' title="bbox 565 1803 2140 1887; baseline 0.011 -32"><span class='ocrx_word' id='word_1_121' title='bbox 565 1803 759 1858; x_wconf 85' lang='lat' dir='ltr'><strong>vicerit</strong></span> <span class='ocrx_word' id='word_1_122' title='bbox 804 1807 1086 1862; x_wconf 89' lang='lat' dir='ltr'><strong>tnundum.</strong></span> <span class='ocrx_word' id='word_1_123' title='bbox 1137 1811 1275 1865; x_wconf 87' lang='lat' dir='ltr'><strong>Audi</strong></span> <span class='ocrx_word' id='word_1_124' title='bbox 1321 1827 1451 1883; x_wconf 88' lang='lat' dir='ltr'><strong>ergo</strong></span> <span class='ocrx_word' id='word_1_125' title='bbox 1516 1817 1692 1887; x_wconf 91' lang='lat' dir='ltr'><strong>ipsum</strong></span> <span class='ocrx_word' id='word_1_126' title='bbox 1742 1820 2009 1875; x_wconf 88' lang='lat' dir='ltr'><strong>dicentem</strong></span> <span class='ocrx_word' id='word_1_127' title='bbox 2042 1820 2088 1853; x_wconf 75' lang='lat'><strong>“</strong></span> <span class='ocrx_word' id='word_1_128' title='bbox 2127 1838 2140 1873; x_wconf 88' lang='lat'>:</span> 
     </span>
    </p>
   </div>
   <div class='ocr_carea' id='block_1_19' title="bbox 571 1896 2141 1977">
    <p class='ocr_par' dir='ltr' id='par_1_19' title="bbox 571 1896 2141 1977">
     <span class='ocr_line' id='line_1_19' title="bbox 571 1896 2141 1977; baseline 0.015 -30"><span class='ocrx_word' id='word_1_129' title='bbox 571 1915 588 1946; x_wconf 75' lang='grc' dir='ltr'>ι</span> <span class='ocrx_word' id='word_1_130' title='bbox 623 1896 776 1964; x_wconf 83' lang='lat' dir='ltr'><strong>Quod</strong></span> <span class='ocrx_word' id='word_1_131' title='bbox 801 1909 920 1954; x_wconf 86' lang='lat' dir='ltr'><strong>erat</strong></span> <span class='ocrx_word' id='word_1_132' title='bbox 943 1905 1280 1960; x_wconf 89' lang='lat' dir='ltr'><strong>contrarium</strong></span> <span class='ocrx_word' id='word_1_133' title='bbox 1316 1909 1498 1975; x_wconf 92' lang='lat' dir='ltr'><strong>nobis,</strong></span> <span class='ocrx_word' id='word_1_134' title='bbox 1534 1911 1656 1966; x_wconf 90' lang='lat' dir='ltr'><strong>tulit</strong></span> <span class='ocrx_word' id='word_1_135' title='bbox 1694 1912 1823 1966; x_wconf 90' lang='lat' dir='ltr'><strong>illud</strong></span> <span class='ocrx_word' id='word_1_136' title='bbox 1853 1914 1917 1969; x_wconf 92' lang='lat' dir='ltr'><strong>de</strong></span> <span class='ocrx_word' id='word_1_137' title='bbox 1942 1915 2141 1977; x_wconf 88' lang='lat' dir='ltr'><strong>medio,</strong></span> 
     </span>
    </p>
   </div>
   <div class='ocr_carea' id='block_1_20' title="bbox 563 1987 2146 2077">
    <p class='ocr_par' dir='ltr' id='par_1_20' title="bbox 563 1987 2146 2077">
     <span class='ocr_line' id='line_1_20' title="bbox 563 1987 2146 2077; baseline 0.014 -37"><span class='ocrx_word' id='word_1_138' title='bbox 563 1987 785 2060; x_wconf 83' lang='lat' dir='ltr'><strong>alligens</strong></span> <span class='ocrx_word' id='word_1_139' title='bbox 825 1991 957 2048; x_wconf 91' lang='lat' dir='ltr'><strong>illud</strong></span> <span class='ocrx_word' id='word_1_140' title='bbox 980 1997 1128 2051; x_wconf 91' lang='lat' dir='ltr'><strong>cruci</strong></span> <span class='ocrx_word' id='word_1_141' title='bbox 1161 2013 1272 2052; x_wconf 70' lang='lat' dir='ltr'><strong>sua:</strong></span> <span class='ocrx_word' id='word_1_142' title='bbox 1297 2040 1312 2066; x_wconf 98' lang='lat'><strong>,</strong></span> <span class='ocrx_word' id='word_1_143' title='bbox 1339 2011 1394 2055; x_wconf 90' lang='lat' dir='ltr'><strong>et</strong></span> <span class='ocrx_word' id='word_1_144' title='bbox 1449 2017 1654 2059; x_wconf 79' lang='lat' dir='ltr'><strong>exuens</strong></span> <span class='ocrx_word' id='word_1_145' title='bbox 1701 2006 2036 2077; x_wconf 90' lang='lat' dir='ltr'><strong>principatus</strong></span> <span class='ocrx_word' id='word_1_146' title='bbox 2090 2017 2146 2062; x_wconf 86' lang='lat' dir='ltr'><strong>et</strong></span> 
     </span>
    </p>
   </div>
   <div class='ocr_carea' id='block_1_21' title="bbox 563 2088 2140 2165">
    <p class='ocr_par' dir='ltr' id='par_1_21' title="bbox 563 2088 2140 2165">
     <span class='ocr_line' id='line_1_21' title="bbox 563 2088 2140 2165; baseline 0.012 -32"><span class='ocrx_word' id='word_1_147' title='bbox 563 2091 861 2149; x_wconf 82' lang='lat' dir='ltr'><strong>potestates</strong></span> <span class='ocrx_word' id='word_1_148' title='bbox 918 2088 1274 2159; x_wconf 76' lang='lat' dir='ltr'><strong>transduxit,</strong></span> <span class='ocrx_word' id='word_1_149' title='bbox 1315 2092 1488 2149; x_wconf 87' lang='lat' dir='ltr'><strong>libere</strong></span> <span class='ocrx_word' id='word_1_150' title='bbox 1551 2097 1893 2165; x_wconf 87' lang='lat' dir='ltr'><strong>triumphans</strong></span> <span class='ocrx_word' id='word_1_151' title='bbox 1943 2114 2040 2154; x_wconf 87' lang='lat' dir='ltr'><strong>eos</strong></span> <span class='ocrx_word' id='word_1_152' title='bbox 2086 2099 2140 2153; x_wconf 91' lang='lat' dir='ltr'><strong>in</strong></span> 
     </span>
    </p>
   </div>
   <div class='ocr_carea' id='block_1_22' title="bbox 561 2178 2140 2270">
    <p class='ocr_par' dir='ltr' id='par_1_22' title="bbox 561 2178 2140 2270">
     <span class='ocr_line' id='line_1_22' title="bbox 561 2178 2140 2270; baseline 0.015 -40"><span class='ocrx_word' id='word_1_153' title='bbox 561 2178 708 2250; x_wconf 81' lang='lat' dir='ltr'><strong>ligno</strong></span> <span class='ocrx_word' id='word_1_154' title='bbox 732 2181 937 2236; x_wconf 90' lang='lat' dir='ltr'><strong>crucis.</strong></span> <span class='ocrx_word' id='word_1_155' title='bbox 976 2203 995 2236; x_wconf 71' lang='grc' dir='ltr'>ι</span> <span class='ocrx_word' id='word_1_156' title='bbox 1028 2185 1106 2240; x_wconf 82' lang='lat' dir='ltr'><strong>Ex</strong></span> <span class='ocrx_word' id='word_1_157' title='bbox 1155 2189 1240 2243; x_wconf 93' lang='lat' dir='ltr'><strong>his</strong></span> <span class='ocrx_word' id='word_1_158' title='bbox 1270 2204 1403 2261; x_wconf 83' lang='lat' dir='ltr'><strong>ergo</strong></span> <span class='ocrx_word' id='word_1_159' title='bbox 1457 2192 1641 2248; x_wconf 85' lang='lat' dir='ltr'><strong>verbis</strong></span> <span class='ocrx_word' id='word_1_160' title='bbox 1701 2194 1830 2250; x_wconf 90' lang='lat' dir='ltr'><strong>illud</strong></span> <span class='ocrx_word' id='word_1_161' title='bbox 1880 2197 2140 2270; x_wconf 74' lang='lat' dir='ltr'><strong>intelligo,</strong></span> 
     </span>
    </p>
   </div>
   <div class='ocr_carea' id='block_1_23' title="bbox 559 2273 2144 2360">
    <p class='ocr_par' dir='ltr' id='par_1_23' title="bbox 559 2273 2144 2360">
     <span class='ocr_line' id='line_1_23' title="bbox 559 2273 2144 2360; baseline 0.014 -36"><span class='ocrx_word' id='word_1_162' title='bbox 559 2273 703 2340; x_wconf 89' lang='lat' dir='ltr'><strong>quod</strong></span> <span class='ocrx_word' id='word_1_163' title='bbox 732 2273 978 2332; x_wconf 89' lang='lat' dir='ltr'><strong>videntes</strong></span> <span class='ocrx_word' id='word_1_164' title='bbox 1002 2293 1234 2349; x_wconf 83' lang='lat' dir='ltr'><strong>pugnam</strong></span> <span class='ocrx_word' id='word_1_165' title='bbox 1267 2282 1395 2340; x_wconf 81' lang='lat' dir='ltr'><strong>Jesu</strong></span> <span class='ocrx_word' id='word_1_166' title='bbox 1424 2285 1676 2341; x_wconf 65' lang='lat' dir='ltr'><strong>caelestes</strong></span> <span class='ocrx_word' id='word_1_167' title='bbox 1703 2287 1952 2356; x_wconf 83' lang='lat' dir='ltr'><strong>virtutes,</strong></span> <span class='ocrx_word' id='word_1_168' title='bbox 1993 2293 2144 2360; x_wconf 87' lang='lat' dir='ltr'><strong>prin-</strong></span> 
     </span>
    </p>
   </div>
   <div class='ocr_carea' id='block_1_24' title="bbox 559 2367 2144 2450">
    <p class='ocr_par' dir='ltr' id='par_1_24' title="bbox 559 2367 2144 2450">
     <span class='ocr_line' id='line_1_24' title="bbox 559 2367 2144 2450; baseline 0.015 -33"><span class='ocrx_word' id='word_1_169' title='bbox 559 2367 772 2432; x_wconf 84' lang='lat' dir='ltr'><strong>cipatus</strong></span> <span class='ocrx_word' id='word_1_170' title='bbox 799 2376 855 2422; x_wconf 91' lang='lat' dir='ltr'><strong>et</strong></span> <span class='ocrx_word' id='word_1_171' title='bbox 884 2379 1183 2438; x_wconf 85' lang='lat' dir='ltr'><strong>potestates</strong></span> <span class='ocrx_word' id='word_1_172' title='bbox 1221 2378 1530 2432; x_wconf 91' lang='lat' dir='ltr'><strong>contrarias</strong></span> <span class='ocrx_word' id='word_1_173' title='bbox 1553 2389 1748 2436; x_wconf 83' lang='lat' dir='ltr'><strong>exutas</strong></span> <span class='ocrx_word' id='word_1_174' title='bbox 1781 2385 2144 2450; x_wconf 84' lang='lat' dir='ltr'><strong>potestatibus</strong></span> 
     </span>
    </p>
   </div>
   <div class='ocr_carea' id='block_1_25' title="bbox 557 2458 2143 2544">
    <p class='ocr_par' dir='ltr' id='par_1_25' title="bbox 557 2458 2143 2544">
     <span class='ocr_line' id='line_1_25' title="bbox 557 2458 2143 2544; baseline 0.016 -34"><span class='ocrx_word' id='word_1_175' title='bbox 557 2458 698 2524; x_wconf 87' lang='lat' dir='ltr'><strong>suis,</strong></span> <span class='ocrx_word' id='word_1_176' title='bbox 732 2459 1009 2530; x_wconf 84' lang='lat' dir='ltr'><strong>alligatum</strong></span> <span class='ocrx_word' id='word_1_177' title='bbox 1041 2463 1260 2532; x_wconf 77' lang='lat' dir='ltr'><strong>fortem,</strong></span> <span class='ocrx_word' id='word_1_178' title='bbox 1319 2479 1374 2523; x_wconf 90' lang='lat' dir='ltr'><strong>et</strong></span> <span class='ocrx_word' id='word_1_179' title='bbox 1414 2485 1540 2525; x_wconf 89' lang='lat' dir='ltr'><strong>vasa</strong></span> <span class='ocrx_word' id='word_1_180' title='bbox 1578 2473 1696 2542; x_wconf 87' lang='lat' dir='ltr'><strong>ejus</strong></span> <span class='ocrx_word' id='word_1_181' title='bbox 1730 2475 1920 2544; x_wconf 88' lang='lat' dir='ltr'><strong>diripi,</strong></span> <span class='ocrx_word' id='word_1_182' title='bbox 1962 2478 2143 2535; x_wconf 90' lang='lat' dir='ltr'><strong>incre-</strong></span> 
     </span>
    </p>
   </div>
   <div class='ocr_carea' id='block_1_26' title="bbox 557 2556 2145 2641">
    <p class='ocr_par' dir='ltr' id='par_1_26' title="bbox 557 2556 2145 2641">
     <span class='ocr_line' id='line_1_26' title="bbox 557 2556 2145 2641; baseline 0.014 -38"><span class='ocrx_word' id='word_1_183' title='bbox 557 2563 793 2620; x_wconf 87' lang='lat' dir='ltr'><strong>puernnt</strong></span> <span class='ocrx_word' id='word_1_184' title='bbox 827 2556 973 2611; x_wconf 89' lang='lat' dir='ltr'><strong>tubis</strong></span> <span class='ocrx_word' id='word_1_185' title='bbox 1010 2558 1125 2614; x_wconf 90' lang='lat' dir='ltr'><strong>suis</strong></span> <span class='ocrx_word' id='word_1_186' title='bbox 1161 2562 1501 2629; x_wconf 71' lang='lat' dir='ltr'><strong>coelestibus,</strong></span> <span class='ocrx_word' id='word_1_187' title='bbox 1554 2568 1679 2636; x_wconf 88' lang='lat' dir='ltr'><strong>quia</strong></span> <span class='ocrx_word' id='word_1_188' title='bbox 1726 2568 1947 2639; x_wconf 88' lang='lat' dir='ltr'><strong>alligato</strong></span> <span class='ocrx_word' id='word_1_189' title='bbox 1991 2572 2145 2641; x_wconf 88' lang='lat' dir='ltr'><strong>prin-</strong></span> 
     </span>
    </p>
   </div>
   <div class='ocr_carea' id='block_1_27' title="bbox 555 2644 2140 2723">
    <p class='ocr_par' dir='ltr' id='par_1_27' title="bbox 555 2644 2140 2723">
     <span class='ocr_line' id='line_1_27' title="bbox 555 2644 2140 2723; baseline 0.013 -26"><span class='ocrx_word' id='word_1_190' title='bbox 555 2644 677 2712; x_wconf 88' lang='lat' dir='ltr'><strong>cipe</strong></span> <span class='ocrx_word' id='word_1_191' title='bbox 704 2645 863 2713; x_wconf 85' lang='lat' dir='ltr'><strong>hujus</strong></span> <span class='ocrx_word' id='word_1_192' title='bbox 905 2651 1112 2717; x_wconf 90' lang='lat' dir='ltr'><strong>mundi,</strong></span> <span class='ocrx_word' id='word_1_193' title='bbox 1153 2651 1333 2707; x_wconf 90' lang='lat' dir='ltr'><strong>victus</strong></span> <span class='ocrx_word' id='word_1_194' title='bbox 1365 2667 1449 2710; x_wconf 92' lang='lat' dir='ltr'><strong>est</strong></span> <span class='ocrx_word' id='word_1_195' title='bbox 1508 2659 1766 2723; x_wconf 88' lang='lat' dir='ltr'><strong>mundus,</strong></span> <span class='ocrx_word' id='word_1_196' title='bbox 1831 2672 1888 2715; x_wconf 91' lang='lat' dir='ltr'><strong>et</strong></span> <span class='ocrx_word' id='word_1_197' title='bbox 1952 2677 2140 2717; x_wconf 85' lang='lat' dir='ltr'><strong>vocem</strong></span> 
     </span>
    </p>
   </div>
   <div class='ocr_carea' id='block_1_28' title="bbox 552 2734 2144 2816">
    <p class='ocr_par' dir='ltr' id='par_1_28' title="bbox 552 2734 2144 2816">
     <span class='ocr_line' id='line_1_28' title="bbox 552 2734 2144 2816; baseline 0.013 -26"><span class='ocrx_word' id='word_1_198' title='bbox 552 2734 897 2802; x_wconf 85' lang='lat' dir='ltr'><strong>jubilationis</strong></span> <span class='ocrx_word' id='word_1_199' title='bbox 921 2743 998 2812; x_wconf 86' lang='lat' dir='ltr'><strong>(l)</strong></span> <span class='ocrx_word' id='word_1_200' title='bbox 1031 2743 1082 2797; x_wconf 90' lang='lat' dir='ltr'><strong>in</strong></span> <span class='ocrx_word' id='word_1_201' title='bbox 1125 2745 1402 2816; x_wconf 92' lang='lat' dir='ltr'><strong>triumpho</strong></span> <span class='ocrx_word' id='word_1_202' title='bbox 1426 2748 1632 2806; x_wconf 91' lang='lat' dir='ltr'><strong>Christi</strong></span> <span class='ocrx_word' id='word_1_203' title='bbox 1662 2755 1904 2810; x_wconf 79' lang='lat' dir='ltr'><strong>caelestis</strong></span> <span class='ocrx_word' id='word_1_204' title='bbox 1931 2757 2144 2811; x_wconf 85' lang='lat' dir='ltr'><strong>exerci-</strong></span> 
     </span>
    </p>
   </div>
   <div class='ocr_carea' id='block_1_29' title="bbox 557 2834 2140 2919">
    <p class='ocr_par' dir='ltr' id='par_1_29' title="bbox 557 2834 2140 2919">
     <span class='ocr_line' id='line_1_29' title="bbox 557 2834 2140 2919; baseline 0.014 -35"><span class='ocrx_word' id='word_1_205' title='bbox 557 2842 645 2887; x_wconf 92' lang='lat' dir='ltr'><strong>tus</strong></span> <span class='ocrx_word' id='word_1_206' title='bbox 667 2834 835 2888; x_wconf 87' lang='lat' dir='ltr'><strong>dedit.</strong></span> <span class='ocrx_word' id='word_1_207' title='bbox 872 2835 1010 2891; x_wconf 86' lang='lat' dir='ltr'><strong>Vere</strong></span> <span class='ocrx_word' id='word_1_208' title='bbox 1042 2853 1173 2909; x_wconf 85' lang='lat' dir='ltr'><strong>ergo</strong></span> <span class='ocrx_word' id='word_1_209' title='bbox 1210 2840 1404 2898; x_wconf 86' lang='lat' dir='ltr'><strong>beatus</strong></span> <span class='ocrx_word' id='word_1_210' title='bbox 1446 2854 1531 2900; x_wconf 91' lang='lat' dir='ltr'><strong>est</strong></span> <span class='ocrx_word' id='word_1_211' title='bbox 1579 2848 1813 2916; x_wconf 90' lang='lat' dir='ltr'><strong>populus</strong></span> <span class='ocrx_word' id='word_1_212' title='bbox 1876 2851 2140 2919; x_wconf 89' lang='lat' dir='ltr'><strong>gentium,</strong></span> 
     </span>
    </p>
   </div>
   <div class='ocr_carea' id='block_1_30' title="bbox 555 2923 2142 3000">
    <p class='ocr_par' dir='ltr' id='par_1_30' title="bbox 555 2923 2142 3000">
     <span class='ocr_line' id='line_1_30' title="bbox 555 2923 2142 3000; baseline 0.015 -26"><span class='ocrx_word' id='word_1_213' title='bbox 555 2923 648 2991; x_wconf 82' lang='lat' dir='ltr'><strong>qui</strong></span> <span class='ocrx_word' id='word_1_214' title='bbox 679 2926 826 2979; x_wconf 86' lang='lat' dir='ltr'><strong>novit</strong></span> <span class='ocrx_word' id='word_1_215' title='bbox 859 2927 1018 2984; x_wconf 88' lang='lat' dir='ltr'><strong>talem</strong></span> <span class='ocrx_word' id='word_1_216' title='bbox 1055 2930 1192 2985; x_wconf 89' lang='lat' dir='ltr'><strong>hanc</strong></span> <span class='ocrx_word' id='word_1_217' title='bbox 1219 2931 1598 3000; x_wconf 87' lang='lat' dir='ltr'><strong>jubilationem</strong></span> <span class='ocrx_word' id='word_1_218' title='bbox 1647 2939 1888 2996; x_wconf 79' lang='lat' dir='ltr'><strong>ccrlestis</strong></span> <span class='ocrx_word' id='word_1_219' title='bbox 1931 2944 2142 3000; x_wconf 72' lang='lat' dir='ltr'><strong>exerci-</strong></span> 
     </span>
    </p>
   </div>
   <div class='ocr_carea' id='block_1_31' title="bbox 554 3018 1742 3093">
    <p class='ocr_par' dir='ltr' id='par_1_31' title="bbox 554 3018 1742 3093">
     <span class='ocr_line' id='line_1_31' title="bbox 554 3018 1742 3093; baseline 0.018 -28"><span class='ocrx_word' id='word_1_220' title='bbox 554 3021 664 3077; x_wconf 84' lang='lat' dir='ltr'><strong>tus,</strong></span> <span class='ocrx_word' id='word_1_221' title='bbox 693 3024 749 3068; x_wconf 88' lang='lat' dir='ltr'><strong>et</strong></span> <span class='ocrx_word' id='word_1_222' title='bbox 779 3018 870 3083; x_wconf 89' lang='lat' dir='ltr'><strong>qui</strong></span> <span class='ocrx_word' id='word_1_223' title='bbox 899 3021 1156 3089; x_wconf 89' lang='lat' dir='ltr'><strong>mysteria</strong></span> <span class='ocrx_word' id='word_1_224' title='bbox 1181 3025 1428 3093; x_wconf 82' lang='lat' dir='ltr'><strong>agnoscit</strong></span> <span class='ocrx_word' id='word_1_225' title='bbox 1456 3037 1511 3081; x_wconf 93' lang='lat' dir='ltr'><strong>et</strong></span> <span class='ocrx_word' id='word_1_226' title='bbox 1541 3031 1742 3086; x_wconf 88' lang='lat' dir='ltr'><strong>credit.</strong></span> 
     </span>
    </p>
   </div>
   <div class='ocr_carea' id='block_1_32' title="bbox 630 3104 2136 3194">
    <p class='ocr_par' dir='ltr' id='par_1_32' title="bbox 630 3104 2136 3194">
     <span class='ocr_line' id='line_1_32' title="bbox 630 3104 2136 3194; baseline 0.016 -36"><span class='ocrx_word' id='word_1_227' title='bbox 630 3104 687 3161; x_wconf 69' lang='grc'><strong>4.</strong></span> <span class='ocrx_word' id='word_1_228' title='bbox 744 3106 852 3161; x_wconf 88' lang='lat' dir='ltr'><strong>Sed</strong></span> <span class='ocrx_word' id='word_1_229' title='bbox 882 3109 1167 3168; x_wconf 87' lang='lat' dir='ltr'><strong>videamus</strong></span> <span class='ocrx_word' id='word_1_230' title='bbox 1199 3116 1328 3183; x_wconf 91' lang='lat' dir='ltr'><strong>quid</strong></span> <span class='ocrx_word' id='word_1_231' title='bbox 1375 3125 1459 3171; x_wconf 90' lang='lat' dir='ltr'><strong>est</strong></span> <span class='ocrx_word' id='word_1_232' title='bbox 1489 3120 1631 3189; x_wconf 91' lang='lat' dir='ltr'><strong>quod</strong></span> <span class='ocrx_word' id='word_1_233' title='bbox 1686 3121 1739 3176; x_wconf 92' lang='lat' dir='ltr'><strong>in</strong></span> <span class='ocrx_word' id='word_1_234' title='bbox 1777 3125 2136 3194; x_wconf 87' lang='lat' dir='ltr'><strong>sequentibus</strong></span> 
     </span>
    </p>
   </div>
   <div class='ocr_carea' id='block_1_33' title="bbox 561 3193 2138 3274">
    <p class='ocr_par' dir='ltr' id='par_1_33' title="bbox 561 3193 2138 3274">
     <span class='ocr_line' id='line_1_33' title="bbox 561 3193 2138 3274; baseline 0.018 -27"><span class='ocrx_word' id='word_1_235' title='bbox 561 3193 852 3253; x_wconf 88' lang='lat' dir='ltr'><strong>indicatur.</strong></span> <span class='ocrx_word' id='word_1_236' title='bbox 894 3201 1034 3256; x_wconf 91' lang='lat' dir='ltr'><strong>Dicit</strong></span> <span class='ocrx_word' id='word_1_237' title='bbox 1064 3204 1206 3258; x_wconf 90' lang='lat' dir='ltr'><strong>enim</strong></span> <span class='ocrx_word' id='word_1_238' title='bbox 1230 3205 1388 3262; x_wconf 83' lang='lat' dir='ltr'><strong>.Icsus</strong></span> <span class='ocrx_word' id='word_1_239' title='bbox 1411 3208 1456 3240; x_wconf 68' lang='grc'><strong>⁸⁸</strong></span> <span class='ocrx_word' id='word_1_240' title='bbox 1487 3229 1500 3265; x_wconf 90' lang='lat'><strong>:</strong></span> <span class='ocrx_word' id='word_1_241' title='bbox 1551 3229 1570 3262; x_wconf 73' lang='grc' dir='ltr'><strong><em>ι</em></strong></span> <span class='ocrx_word' id='word_1_242' title='bbox 1600 3193 1878 3270; x_wconf 84' lang='lat' dir='ltr'><strong>Custodite</strong></span> <span class='ocrx_word' id='word_1_243' title='bbox 1928 3233 2021 3274; x_wconf 89' lang='lat' dir='ltr'><strong>vos</strong></span> <span class='ocrx_word' id='word_1_244' title='bbox 2071 3219 2138 3274; x_wconf 86' lang='lat' dir='ltr'><strong>al)</strong></span> 
     </span>
    </p>
   </div>
   <div class='ocr_carea' id='block_1_34' title="bbox 561 3289 2137 3370">
    <p class='ocr_par' dir='ltr' id='par_1_34' title="bbox 561 3289 2137 3370">
     <span class='ocr_line' id='line_1_34' title="bbox 561 3289 2137 3370; baseline 0.018 -32"><span class='ocrx_word' id='word_1_245' title='bbox 561 3289 937 3361; x_wconf 85' lang='lat' dir='ltr'><strong>anathemate,</strong></span> <span class='ocrx_word' id='word_1_246' title='bbox 970 3309 1040 3349; x_wconf 89' lang='lat' dir='ltr'><strong>ne</strong></span> <span class='ocrx_word' id='word_1_247' title='bbox 1086 3296 1226 3352; x_wconf 82' lang='lat' dir='ltr'><strong>forte</strong></span> <span class='ocrx_word' id='word_1_248' title='bbox 1251 3301 1652 3370; x_wconf 84' lang='lat' dir='ltr'><strong>concupiscatis</strong></span> <span class='ocrx_word' id='word_1_249' title='bbox 1709 3316 1764 3360; x_wconf 86' lang='lat' dir='ltr'><strong>et</strong></span> <span class='ocrx_word' id='word_1_250' title='bbox 1805 3307 2008 3365; x_wconf 87' lang='lat' dir='ltr'><strong>tollatis</strong></span> <span class='ocrx_word' id='word_1_251' title='bbox 2067 3312 2137 3366; x_wconf 90' lang='lat' dir='ltr'><strong>ab</strong></span> 
     </span>
    </p>
   </div>
   <div class='ocr_carea' id='block_1_35' title="bbox 557 3381 2140 3458">
    <p class='ocr_par' dir='ltr' id='par_1_35' title="bbox 557 3381 2140 3458">
     <span class='ocr_line' id='line_1_35' title="bbox 557 3381 2140 3458; baseline 0.018 -27"><span class='ocrx_word' id='word_1_252' title='bbox 557 3381 926 3452; x_wconf 84' lang='lat' dir='ltr'><strong>anathemate,</strong></span> <span class='ocrx_word' id='word_1_253' title='bbox 958 3396 1014 3441; x_wconf 94' lang='lat' dir='ltr'><strong>et</strong></span> <span class='ocrx_word' id='word_1_254' title='bbox 1044 3386 1258 3444; x_wconf 81' lang='lat' dir='ltr'><strong>faciatis</strong></span> <span class='ocrx_word' id='word_1_255' title='bbox 1299 3402 1478 3447; x_wconf 87' lang='lat' dir='ltr'><strong>castra</strong></span> <span class='ocrx_word' id='word_1_256' title='bbox 1516 3395 1750 3452; x_wconf 83' lang='lat' dir='ltr'><strong>ﬁliorum</strong></span> <span class='ocrx_word' id='word_1_257' title='bbox 1800 3398 1960 3456; x_wconf 83' lang='lat' dir='ltr'><strong>Israel</strong></span> <span class='ocrx_word' id='word_1_258' title='bbox 2004 3418 2140 3458; x_wconf 89' lang='lat' dir='ltr'><strong>ana-</strong></span> 
     </span>
    </p>
   </div>
   <div class='ocr_carea' id='block_1_36' title="bbox 559 3475 2138 3566">
    <p class='ocr_par' dir='ltr' id='par_1_36' title="bbox 559 3475 2138 3566">
     <span class='ocr_line' id='line_1_36' title="bbox 559 3475 2138 3566; baseline 0.017 -40"><span class='ocrx_word' id='word_1_259' title='bbox 559 3475 765 3545; x_wconf 85' lang='lat' dir='ltr'><strong>thema,</strong></span> <span class='ocrx_word' id='word_1_260' title='bbox 788 3487 846 3532; x_wconf 85' lang='lat' dir='ltr'><strong>et</strong></span> <span class='ocrx_word' id='word_1_261' title='bbox 871 3481 1164 3536; x_wconf 89' lang='lat' dir='ltr'><strong>conteratis</strong></span> <span class='ocrx_word' id='word_1_262' title='bbox 1196 3499 1296 3538; x_wconf 89' lang='lat' dir='ltr'><strong>nos</strong></span> <span class='ocrx_word' id='word_1_263' title='bbox 1337 3494 1391 3538; x_wconf 90' lang='lat' dir='ltr'><strong>et</strong></span> <span class='ocrx_word' id='word_1_264' title='bbox 1416 3502 1632 3544; x_wconf 89' lang='lat' dir='ltr'><strong>omnem</strong></span> <span class='ocrx_word' id='word_1_265' title='bbox 1669 3508 1995 3566; x_wconf 85' lang='lat' dir='ltr'><strong>synagOgam</strong></span> <span class='ocrx_word' id='word_1_266' title='bbox 2027 3496 2138 3552; x_wconf 84' lang='lat' dir='ltr'><strong>Do-</strong></span> 
     </span>
    </p>
   </div>
   <div class='ocr_carea' id='block_1_37' title="bbox 560 3568 2141 3645">
    <p class='ocr_par' dir='ltr' id='par_1_37' title="bbox 560 3568 2141 3645">
     <span class='ocr_line' id='line_1_37' title="bbox 560 3568 2141 3645; baseline 0.017 -26"><span class='ocrx_word' id='word_1_267' title='bbox 560 3568 713 3623; x_wconf 89' lang='lat' dir='ltr'><strong>mini.</strong></span> <span class='ocrx_word' id='word_1_268' title='bbox 748 3588 770 3623; x_wconf 77' lang='grc' dir='ltr'><strong><em>ι</em></strong></span> <span class='ocrx_word' id='word_1_269' title='bbox 803 3571 933 3630; x_wconf 82' lang='lat' dir='ltr'><strong>Tale</strong></span> <span class='ocrx_word' id='word_1_270' title='bbox 958 3585 1043 3629; x_wconf 88' lang='lat' dir='ltr'><strong>est</strong></span> <span class='ocrx_word' id='word_1_271' title='bbox 1067 3578 1213 3645; x_wconf 90' lang='lat' dir='ltr'><strong>quod</strong></span> <span class='ocrx_word' id='word_1_272' title='bbox 1243 3577 1518 3634; x_wconf 88' lang='lat' dir='ltr'><strong>indicatur</strong></span> <span class='ocrx_word' id='word_1_273' title='bbox 1552 3581 1602 3637; x_wconf 93' lang='lat' dir='ltr'><strong>in</strong></span> <span class='ocrx_word' id='word_1_274' title='bbox 1645 3583 1732 3640; x_wconf 89' lang='lat' dir='ltr'><strong>his</strong></span> <span class='ocrx_word' id='word_1_275' title='bbox 1773 3588 1994 3644; x_wconf 86' lang='lat' dir='ltr'><strong>verbis:</strong></span> <span class='ocrx_word' id='word_1_276' title='bbox 2044 3591 2141 3645; x_wconf 76' lang='lat' dir='ltr'><strong>Vi-</strong></span> 
     </span>
    </p>
   </div>
   <div class='ocr_carea' id='block_1_38' title="bbox 559 3658 2141 3744">
    <p class='ocr_par' dir='ltr' id='par_1_38' title="bbox 559 3658 2141 3744">
     <span class='ocr_line' id='line_1_38' title="bbox 559 3658 2141 3744; baseline 0.018 -32"><span class='ocrx_word' id='word_1_277' title='bbox 559 3658 685 3717; x_wconf 88' lang='lat' dir='ltr'><strong>dete</strong></span> <span class='ocrx_word' id='word_1_278' title='bbox 720 3677 787 3718; x_wconf 88' lang='lat' dir='ltr'><strong>ne</strong></span> <span class='ocrx_word' id='word_1_279' title='bbox 809 3665 940 3734; x_wconf 86' lang='lat' dir='ltr'><strong>quid</strong></span> <span class='ocrx_word' id='word_1_280' title='bbox 982 3667 1034 3720; x_wconf 91' lang='lat' dir='ltr'><strong>in</strong></span> <span class='ocrx_word' id='word_1_281' title='bbox 1062 3668 1218 3724; x_wconf 88' lang='lat' dir='ltr'><strong>vobis</strong></span> <span class='ocrx_word' id='word_1_282' title='bbox 1245 3670 1501 3727; x_wconf 67' lang='lat' dir='ltr'><strong>saeculare</strong></span> <span class='ocrx_word' id='word_1_283' title='bbox 1525 3672 1794 3744; x_wconf 86' lang='lat' dir='ltr'><strong>habeatis,</strong></span> <span class='ocrx_word' id='word_1_284' title='bbox 1819 3695 1887 3736; x_wconf 83' lang='lat' dir='ltr'><strong>ne</strong></span> <span class='ocrx_word' id='word_1_285' title='bbox 1916 3685 2141 3740; x_wconf 69' lang='lat' dir='ltr'><strong>saecula-</strong></span> 
     </span>
    </p>
   </div>
   <div class='ocr_carea' id='block_1_39' title="bbox 559 3761 2140 3835">
    <p class='ocr_par' dir='ltr' id='par_1_39' title="bbox 559 3761 2140 3835">
     <span class='ocr_line' id='line_1_39' title="bbox 559 3761 2140 3835; baseline 0.018 -29"><span class='ocrx_word' id='word_1_286' title='bbox 559 3768 649 3807; x_wconf 89' lang='lat' dir='ltr'><strong>res</strong></span> <span class='ocrx_word' id='word_1_287' title='bbox 683 3771 884 3824; x_wconf 81' lang='lat' dir='ltr'><strong>mores,</strong></span> <span class='ocrx_word' id='word_1_288' title='bbox 918 3775 986 3816; x_wconf 85' lang='lat' dir='ltr'><strong>ne</strong></span> <span class='ocrx_word' id='word_1_289' title='bbox 1020 3761 1174 3829; x_wconf 89' lang='lat' dir='ltr'><strong>vitia,</strong></span> <span class='ocrx_word' id='word_1_290' title='bbox 1204 3779 1270 3818; x_wconf 91' lang='lat' dir='ltr'><strong>ne</strong></span> <span class='ocrx_word' id='word_1_291' title='bbox 1297 3767 1806 3835; x_wconf 85' lang='lat' dir='ltr'><strong>tergiversationem</strong></span> <span class='ocrx_word' id='word_1_292' title='bbox 1848 3776 1915 3828; x_wconf 92' lang='lat' dir='ltr'><strong>de</strong></span> <span class='ocrx_word' id='word_1_293' title='bbox 1941 3780 2140 3834; x_wconf 65' lang='lat' dir='ltr'><strong>smculo</strong></span> 
     </span>
    </p>
   </div>
   <div class='ocr_carea' id='block_1_40' title="bbox 560 3847 2141 3927">
    <p class='ocr_par' dir='ltr' id='par_1_40' title="bbox 560 3847 2141 3927">
     <span class='ocr_line' id='line_1_40' title="bbox 560 3847 2141 3927; baseline 0.016 -26"><span class='ocrx_word' id='word_1_294' title='bbox 560 3847 844 3921; x_wconf 78' lang='lat' dir='ltr'><strong>vobiscum</strong></span> <span class='ocrx_word' id='word_1_295' title='bbox 880 3855 946 3907; x_wconf 91' lang='lat' dir='ltr'><strong>ad</strong></span> <span class='ocrx_word' id='word_1_296' title='bbox 977 3853 1277 3911; x_wconf 86' lang='lat' dir='ltr'><strong>Ecclesiam</strong></span> <span class='ocrx_word' id='word_1_297' title='bbox 1306 3859 1582 3917; x_wconf 85' lang='lat' dir='ltr'><strong>del‘eratis.</strong></span> <span class='ocrx_word' id='word_1_298' title='bbox 1618 3862 1724 3921; x_wconf 89' lang='lat' dir='ltr'><strong>Sed</strong></span> <span class='ocrx_word' id='word_1_299' title='bbox 1751 3868 2040 3924; x_wconf 85' lang='lat' dir='ltr'><strong>anathema</strong></span> <span class='ocrx_word' id='word_1_300' title='bbox 2069 3872 2141 3927; x_wconf 88' lang='lat' dir='ltr'><strong>sit</strong></span> 
     </span>
    </p>
   </div>
   <div class='ocr_carea' id='block_1_41' title="bbox 568 3941 2138 4019">
    <p class='ocr_par' dir='ltr' id='par_1_41' title="bbox 568 3941 2138 4019">
     <span class='ocr_line' id='line_1_41' title="bbox 568 3941 2138 4019; baseline 0.017 -26"><span class='ocrx_word' id='word_1_301' title='bbox 568 3941 724 3996; x_wconf 90' lang='lat' dir='ltr'><strong>vobis</strong></span> <span class='ocrx_word' id='word_1_302' title='bbox 749 3946 930 3999; x_wconf 89' lang='lat' dir='ltr'><strong>omnis</strong></span> <span class='ocrx_word' id='word_1_303' title='bbox 951 3953 1296 4006; x_wconf 83' lang='lat' dir='ltr'><strong>conversatio</strong></span> <span class='ocrx_word' id='word_1_304' title='bbox 1353 3954 1649 4012; x_wconf 61' lang='lat' dir='ltr'><strong>saecularis.</strong></span> <span class='ocrx_word' id='word_1_305' title='bbox 1706 3955 1883 4014; x_wconf 86' lang='lat' dir='ltr'><strong>Nolite</strong></span> <span class='ocrx_word' id='word_1_306' title='bbox 1939 3959 2138 4019; x_wconf 92' lang='lat' dir='ltr'><strong>divinis</strong></span> 
     </span>
    </p>
   </div>
   <div class='ocr_carea' id='block_1_42' title="bbox 562 4037 2138 4114">
    <p class='ocr_par' dir='ltr' id='par_1_42' title="bbox 562 4037 2138 4114">
     <span class='ocr_line' id='line_1_42' title="bbox 562 4037 2138 4114; baseline 0.015 -26"><span class='ocrx_word' id='word_1_307' title='bbox 562 4037 834 4090; x_wconf 86' lang='lat' dir='ltr'><strong>mundana</strong></span> <span class='ocrx_word' id='word_1_308' title='bbox 861 4038 1113 4105; x_wconf 88' lang='lat' dir='ltr'><strong>miscere,</strong></span> <span class='ocrx_word' id='word_1_309' title='bbox 1166 4043 1334 4099; x_wconf 90' lang='lat' dir='ltr'><strong>nolite</strong></span> <span class='ocrx_word' id='word_1_310' title='bbox 1395 4047 1608 4114; x_wconf 85' lang='lat' dir='ltr'><strong>negotia</strong></span> <span class='ocrx_word' id='word_1_311' title='bbox 1659 4051 1838 4105; x_wconf 66' lang='lat' dir='ltr'><strong>saeculi</strong></span> <span class='ocrx_word' id='word_1_312' title='bbox 1885 4051 2138 4111; x_wconf 73' lang='lat' dir='ltr'><strong>Ecclesiae</strong></span> 
     </span>
    </p>
   </div>
   <div class='ocr_carea' id='block_1_43' title="bbox 560 4127 2140 4214">
    <p class='ocr_par' dir='ltr' id='par_1_43' title="bbox 560 4127 2140 4214">
     <span class='ocr_line' id='line_1_43' title="bbox 560 4127 2140 4214; baseline 0.015 -35"><span class='ocrx_word' id='word_1_313' title='bbox 560 4127 786 4182; x_wconf 86' lang='lat' dir='ltr'><strong>secretis</strong></span> <span class='ocrx_word' id='word_1_314' title='bbox 816 4128 1078 4186; x_wconf 88' lang='lat' dir='ltr'><strong>inserere.</strong></span> <span class='ocrx_word' id='word_1_315' title='bbox 1107 4131 1221 4188; x_wconf 81' lang='lat' dir='ltr'><strong>Hoc</strong></span> <span class='ocrx_word' id='word_1_316' title='bbox 1255 4145 1337 4190; x_wconf 90' lang='lat' dir='ltr'><strong>est</strong></span> <span class='ocrx_word' id='word_1_317' title='bbox 1377 4139 1521 4205; x_wconf 90' lang='lat' dir='ltr'><strong>quod</strong></span> <span class='ocrx_word' id='word_1_318' title='bbox 1543 4147 1599 4193; x_wconf 91' lang='lat' dir='ltr'><strong>et</strong></span> <span class='ocrx_word' id='word_1_319' title='bbox 1641 4139 1880 4198; x_wconf 87' lang='lat' dir='ltr'><strong>Joannes</strong></span> <span class='ocrx_word' id='word_1_320' title='bbox 1927 4144 2140 4214; x_wconf 90' lang='lat' dir='ltr'><strong>Episto-</strong></span> 
     </span>
    </p>
   </div>
   <div class='ocr_carea' id='block_1_44' title="bbox 559 4218 2138 4305">
    <p class='ocr_par' dir='ltr' id='par_1_44' title="bbox 559 4218 2138 4305">
     <span class='ocr_line' id='line_1_44' title="bbox 559 4218 2138 4305; baseline 0.014 -33"><span class='ocrx_word' id='word_1_321' title='bbox 559 4218 623 4272; x_wconf 69' lang='lat' dir='ltr'><strong>la:</strong></span> <span class='ocrx_word' id='word_1_322' title='bbox 655 4234 764 4274; x_wconf 73' lang='lat' dir='ltr'><strong>sua:</strong></span> <span class='ocrx_word' id='word_1_323' title='bbox 801 4233 1054 4289; x_wconf 88' lang='lat' dir='ltr'><strong>personat</strong></span> <span class='ocrx_word' id='word_1_324' title='bbox 1085 4225 1208 4279; x_wconf 89' lang='lat' dir='ltr'><strong>tuba</strong></span> <span class='ocrx_word' id='word_1_325' title='bbox 1247 4227 1438 4284; x_wconf 91' lang='lat' dir='ltr'><strong>dicens</strong></span> <span class='ocrx_word' id='word_1_326' title='bbox 1462 4228 1507 4261; x_wconf 69' lang='grc'><strong>⁸⁷</strong></span> <span class='ocrx_word' id='word_1_327' title='bbox 1553 4249 1566 4285; x_wconf 89' lang='lat'>:</span> <span class='ocrx_word' id='word_1_328' title='bbox 1637 4251 1656 4283; x_wconf 74' lang='grc' dir='ltr'><strong><em>ι</em></strong></span> <span class='ocrx_word' id='word_1_329' title='bbox 1688 4231 1865 4290; x_wconf 89' lang='lat' dir='ltr'><strong>Nolite</strong></span> <span class='ocrx_word' id='word_1_330' title='bbox 1909 4236 2138 4305; x_wconf 84' lang='lat' dir='ltr'><strong>diligere</strong></span> 
     </span>
    </p>
   </div>
   <div class='ocr_carea' id='block_1_45' title="bbox 559 4315 2139 4388">
    <p class='ocr_par' dir='ltr' id='par_1_45' title="bbox 559 4315 2139 4388">
     <span class='ocr_line' id='line_1_45' title="bbox 559 4315 2139 4388; baseline 0.013 -23"><span class='ocrx_word' id='word_1_331' title='bbox 559 4315 844 4378; x_wconf 90' lang='lat' dir='ltr'><strong>mundum,</strong></span> <span class='ocrx_word' id='word_1_332' title='bbox 878 4329 1056 4384; x_wconf 90' lang='lat' dir='ltr'><strong>neque</strong></span> <span class='ocrx_word' id='word_1_333' title='bbox 1082 4332 1144 4372; x_wconf 89' lang='lat' dir='ltr'><strong>ea</strong></span> <span class='ocrx_word' id='word_1_334' title='bbox 1171 4333 1288 4386; x_wconf 77' lang='lat' dir='ltr'><strong>qua-</strong></span> <span class='ocrx_word' id='word_1_335' title='bbox 1318 4321 1367 4373; x_wconf 92' lang='lat' dir='ltr'><strong>in</strong></span> <span class='ocrx_word' id='word_1_336' title='bbox 1401 4323 1604 4378; x_wconf 92' lang='lat' dir='ltr'><strong>mundo</strong></span> <span class='ocrx_word' id='word_1_337' title='bbox 1633 4338 1810 4381; x_wconf 63' lang='lat' dir='ltr'><strong>sunt.»</strong></span> <span class='ocrx_word' id='word_1_338' title='bbox 1842 4328 1906 4382; x_wconf 89' lang='lat' dir='ltr'><strong>Et</strong></span> <span class='ocrx_word' id='word_1_339' title='bbox 1936 4328 2139 4388; x_wconf 87' lang='lat' dir='ltr'><strong>Paulus</strong></span> 
     </span>
    </p>
   </div>
   <div class='ocr_carea' id='block_1_46' title="bbox 555 4406 2140 4487">
    <p class='ocr_par' dir='ltr' id='par_1_46' title="bbox 555 4406 2140 4487">
     <span class='ocr_line' id='line_1_46' title="bbox 555 4406 2140 4487; baseline 0.015 -29"><span class='ocrx_word' id='word_1_340' title='bbox 555 4406 810 4480; x_wconf 82' lang='lat' dir='ltr'><strong>similiter</strong></span> <span class='ocrx_word' id='word_1_341' title='bbox 850 4407 896 4441; x_wconf 72' lang='lat'><strong>“</strong></span> <span class='ocrx_word' id='word_1_342' title='bbox 945 4425 959 4460; x_wconf 88' lang='lat'><strong>:</strong></span> <span class='ocrx_word' id='word_1_343' title='bbox 1020 4428 1038 4461; x_wconf 79' lang='grc' dir='ltr'>ι</span> <span class='ocrx_word' id='word_1_344' title='bbox 1091 4411 1306 4478; x_wconf 83' lang='lat' dir='ltr'><strong>Nolite,</strong></span> <span class='ocrx_word' id='word_1_345' title='bbox 1351 4416 1556 4487; x_wconf 84' lang='lat' dir='ltr'><strong>inquit,</strong></span> <span class='ocrx_word' id='word_1_346' title='bbox 1621 4422 1956 4478; x_wconf 82' lang='lat' dir='ltr'><strong>conformari</strong></span> <span class='ocrx_word' id='word_1_347' title='bbox 2009 4426 2140 4482; x_wconf 89' lang='lat' dir='ltr'><strong>huic</strong></span> 
     </span>
    </p>
   </div>
   <div class='ocr_carea' id='block_1_47' title="bbox 559 4499 2137 4584">
    <p class='ocr_par' dir='ltr' id='par_1_47' title="bbox 559 4499 2137 4584">
     <span class='ocr_line' id='line_1_47' title="bbox 559 4499 2137 4584; baseline 0.016 -36"><span class='ocrx_word' id='word_1_348' title='bbox 559 4499 778 4553; x_wconf 91' lang='lat' dir='ltr'><strong>mundo.</strong></span> <span class='ocrx_word' id='word_1_349' title='bbox 820 4518 838 4552; x_wconf 72' lang='grc' dir='ltr'><strong>ι</strong></span> <span class='ocrx_word' id='word_1_350' title='bbox 868 4499 972 4568; x_wconf 85' lang='lat' dir='ltr'><strong>Qui</strong></span> <span class='ocrx_word' id='word_1_351' title='bbox 1003 4503 1144 4558; x_wconf 91' lang='lat' dir='ltr'><strong>enim</strong></span> <span class='ocrx_word' id='word_1_352' title='bbox 1173 4506 1285 4561; x_wconf 66' lang='lat' dir='ltr'><strong>haec</strong></span> <span class='ocrx_word' id='word_1_353' title='bbox 1315 4507 1540 4574; x_wconf 76' lang='lat' dir='ltr'><strong>faciunt,</strong></span> <span class='ocrx_word' id='word_1_354' title='bbox 1579 4515 1858 4584; x_wconf 88' lang='lat' dir='ltr'><strong>accipiunt</strong></span> <span class='ocrx_word' id='word_1_355' title='bbox 1885 4517 1952 4572; x_wconf 92' lang='lat' dir='ltr'><strong>de</strong></span> <span class='ocrx_word' id='word_1_356' title='bbox 2003 4534 2137 4573; x_wconf 85' lang='lat' dir='ltr'><strong>ana-</strong></span> 
     </span>
    </p>
   </div>
   <div class='ocr_carea' id='block_1_48' title="bbox 561 4589 2135 4668">
    <p class='ocr_par' dir='ltr' id='par_1_48' title="bbox 561 4589 2135 4668">
     <span class='ocr_line' id='line_1_48' title="bbox 561 4589 2135 4668; baseline 0.018 -28"><span class='ocrx_word' id='word_1_357' title='bbox 561 4589 820 4646; x_wconf 90' lang='lat' dir='ltr'><strong>themate.</strong></span> <span class='ocrx_word' id='word_1_358' title='bbox 855 4592 962 4648; x_wconf 87' lang='lat' dir='ltr'><strong>Sed</strong></span> <span class='ocrx_word' id='word_1_359' title='bbox 997 4605 1052 4650; x_wconf 92' lang='lat' dir='ltr'><strong>et</strong></span> <span class='ocrx_word' id='word_1_360' title='bbox 1099 4596 1175 4651; x_wconf 93' lang='lat' dir='ltr'><strong>illi</strong></span> <span class='ocrx_word' id='word_1_361' title='bbox 1217 4601 1332 4667; x_wconf 92' lang='lat' dir='ltr'><strong>qui,</strong></span> <span class='ocrx_word' id='word_1_362' title='bbox 1367 4602 1519 4655; x_wconf 89' lang='lat' dir='ltr'><strong>verbi</strong></span> <span class='ocrx_word' id='word_1_363' title='bbox 1562 4619 1748 4668; x_wconf 90' lang='lat' dir='ltr'><strong>causa,</strong></span> <span class='ocrx_word' id='word_1_364' title='bbox 1805 4624 1926 4664; x_wconf 90' lang='lat' dir='ltr'><strong>cum</strong></span> <span class='ocrx_word' id='word_1_365' title='bbox 1975 4611 2135 4667; x_wconf 90' lang='lat' dir='ltr'><strong>Chri-</strong></span> 
     </span>
    </p>
   </div>
   <div class='ocr_carea' id='block_1_49' title="bbox 563 4682 2137 4768">
    <p class='ocr_par' dir='ltr' id='par_1_49' title="bbox 563 4682 2137 4768">
     <span class='ocr_line' id='line_1_49' title="bbox 563 4682 2137 4768; baseline 0.017 -34"><span class='ocrx_word' id='word_1_366' title='bbox 563 4682 728 4736; x_wconf 89' lang='lat' dir='ltr'><strong>stiani</strong></span> <span class='ocrx_word' id='word_1_367' title='bbox 757 4685 887 4752; x_wconf 82' lang='lat' dir='ltr'><strong>sint,</strong></span> <span class='ocrx_word' id='word_1_368' title='bbox 914 4688 1285 4746; x_wconf 90' lang='lat' dir='ltr'><strong>solemnitates</strong></span> <span class='ocrx_word' id='word_1_369' title='bbox 1317 4695 1558 4763; x_wconf 89' lang='lat' dir='ltr'><strong>gentium</strong></span> <span class='ocrx_word' id='word_1_370' title='bbox 1586 4695 1658 4768; x_wconf 69' lang='grc'>(2)</span> <span class='ocrx_word' id='word_1_371' title='bbox 1690 4700 2137 4768; x_wconf 88' lang='lat' dir='ltr'><strong>celebrant,ana-</strong></span> 
     </span>
    </p>
   </div>
   <div class='ocr_carea' id='block_1_50' title="bbox 633 4826 2168 4915">
    <p class='ocr_par' dir='ltr' id='par_1_50' title="bbox 633 4826 2168 4915">
     <span class='ocr_line' id='line_1_50' title="bbox 633 4826 2168 4915; baseline 0.016 -34"><span class='ocrx_word' id='word_1_372' title='bbox 633 4827 678 4915; x_wconf 55' lang='lat' dir='ltr'><strong>‘I‘</strong></span> <span class='ocrx_word' id='word_1_373' title='bbox 694 4826 812 4883; x_wconf 83' lang='lat' dir='ltr'><strong>Gal.</strong></span> <span class='ocrx_word' id='word_1_374' title='bbox 842 4831 1028 4915; x_wconf 29' lang='lat' dir='ltr'><strong>urb“.</strong></span> <span class='ocrx_word' id='word_1_375' title='bbox 1058 4833 1380 4915; x_wconf 47' lang='lat' dir='ltr'><strong>““nCnloss.</strong></span> <span class='ocrx_word' id='word_1_376' title='bbox 1415 4839 1591 4915; x_wconf 76' lang='lat' dir='ltr'><strong>tt_._M.</strong></span> <span class='ocrx_word' id='word_1_377' title='bbox 1613 4841 1813 4915; x_wconf 62' lang='lat' dir='ltr'><strong>j5._16.</strong></span> <span class='ocrx_word' id='word_1_378' title='bbox 1891 4845 1938 4877; x_wconf 77' lang='lat'><strong>&quot;</strong></span> <span class='ocrx_word' id='word_1_379' title='bbox 1961 4845 2168 4915; x_wconf 78' lang='lat' dir='ltr'><strong>Jos.vr,</strong></span> 
     </span>
    </p>
   </div>
   <div class='ocr_carea' id='block_1_51' title="bbox 564 4897 2152 4985">
    <p class='ocr_par' dir='ltr' id='par_1_51' title="bbox 564 4897 2152 4985">
     <span class='ocr_line' id='line_1_51' title="bbox 564 4897 2152 4985; baseline 0.017 -35"><span class='ocrx_word' id='word_1_380' title='bbox 564 4897 608 4928; x_wconf 71' lang='grc' dir='ltr'><strong><em>νο</em></strong></span> <span class='ocrx_word' id='word_1_381' title='bbox 639 4898 752 4955; x_wconf 86' lang='lat' dir='ltr'><strong>Jos.</strong></span> <span class='ocrx_word' id='word_1_382' title='bbox 782 4916 856 4965; x_wconf 85' lang='grc' dir='ltr'><strong>νι,</strong></span> <span class='ocrx_word' id='word_1_383' title='bbox 886 4902 977 4957; x_wconf 71' lang='lat' dir='ltr'><strong>es.</strong></span> <span class='ocrx_word' id='word_1_384' title='bbox 1055 4904 1099 4936; x_wconf 74' lang='grc' dir='ltr'><strong>ει</strong></span> <span class='ocrx_word' id='word_1_385' title='bbox 1129 4904 1265 4960; x_wconf 85' lang='lat' dir='ltr'><strong>Gen.</strong></span> <span class='ocrx_word' id='word_1_386' title='bbox 1299 4908 1530 4975; x_wconf 78' lang='lat' dir='ltr'><strong>x1x,57.</strong></span> <span class='ocrx_word' id='word_1_387' title='bbox 1583 4897 1654 4943; x_wconf 68' lang='lat' dir='ltr'><strong>&#39;u</strong></span> <span class='ocrx_word' id='word_1_388' title='bbox 1680 4912 1867 4969; x_wconf 84' lang='lat' dir='ltr'><strong>Matth.</strong></span> <span class='ocrx_word' id='word_1_389' title='bbox 1895 4897 2073 4985; x_wconf 69' lang='lat' dir='ltr'><strong>xxvii,</strong></span> <span class='ocrx_word' id='word_1_390' title='bbox 2097 4897 2152 4976; x_wconf 67' lang='lat'><strong>8.</strong></span> 
     </span>
    </p>
   </div>
   <div class='ocr_carea' id='block_1_52' title="bbox 555 5039 2077 5113">
    <p class='ocr_par' dir='ltr' id='par_1_52' title="bbox 555 5039 2077 5113">
     <span class='ocr_line' id='line_1_52' title="bbox 555 5039 2077 5113; baseline 0.012 -22"><span class='ocrx_word' id='word_1_391' title='bbox 555 5071 560 5074; x_wconf 92' lang='lat'><strong>-</strong></span> <span class='ocrx_word' id='word_1_392' title='bbox 635 5039 749 5113; x_wconf 71' lang='lat'><strong>(98)</strong></span> <span class='ocrx_word' id='word_1_393' title='bbox 775 5041 1059 5113; x_wconf 78' lang='lat' dir='ltr'><strong>Sangerm.</strong></span> <span class='ocrx_word' id='word_1_394' title='bbox 1094 5062 1113 5096; x_wconf 76' lang='grc' dir='ltr'>ι</span> <span class='ocrx_word' id='word_1_395' title='bbox 1155 5047 1346 5100; x_wconf 88' lang='lat' dir='ltr'><strong>nostri.</strong></span> <span class='ocrx_word' id='word_1_396' title='bbox 1384 5065 1403 5099; x_wconf 71' lang='grc' dir='ltr'><strong>ι</strong></span> <span class='ocrx_word' id='word_1_397' title='bbox 1440 5047 1595 5108; x_wconf 76' lang='lat' dir='ltr'><strong>Libb.</strong></span> <span class='ocrx_word' id='word_1_398' title='bbox 1627 5053 1756 5106; x_wconf 91' lang='lat' dir='ltr'><strong>editi</strong></span> <span class='ocrx_word' id='word_1_399' title='bbox 1791 5068 1846 5105; x_wconf 72' lang='grc' dir='ltr'><strong>τι</strong></span> <span class='ocrx_word' id='word_1_400' title='bbox 1891 5055 2017 5110; x_wconf 92' lang='lat' dir='ltr'><strong>mei.</strong></span> <span class='ocrx_word' id='word_1_401' title='bbox 2058 5075 2077 5109; x_wconf 73' lang='grc' dir='ltr'><strong>ι</strong></span> 
     </span>
    </p>
   </div>
   <div class='ocr_carea' id='block_1_53' title="bbox 637 5111 2132 5195">
    <p class='ocr_par' dir='ltr' id='par_1_53' title="bbox 637 5111 2132 5195">
     <span class='ocr_line' id='line_1_53' title="bbox 637 5111 2132 5195; baseline 0.009 -28"><span class='ocrx_word' id='word_1_402' title='bbox 637 5111 931 5190; x_wconf 56' lang='grc' dir='ltr'><strong>(99)](Ιθιὶι</strong></span> <span class='ocrx_word' id='word_1_403' title='bbox 962 5131 1084 5195; x_wconf 79' lang='lat' dir='ltr'><strong>cunt</strong></span> <span class='ocrx_word' id='word_1_404' title='bbox 1118 5133 1227 5195; x_wconf 79' lang='lat' dir='ltr'><strong>uno</strong></span> <span class='ocrx_word' id='word_1_405' title='bbox 1257 5117 1573 5195; x_wconf 80' lang='lat' dir='ltr'><strong>Ebroicensi</strong></span> <span class='ocrx_word' id='word_1_406' title='bbox 1596 5138 1614 5195; x_wconf 85' lang='lat'><strong>_:</strong></span> <span class='ocrx_word' id='word_1_407' title='bbox 1675 5142 1692 5174; x_wconf 84' lang='grc'><strong><em>‹</em></strong></span> <span class='ocrx_word' id='word_1_408' title='bbox 1727 5135 2074 5195; x_wconf 83' lang='lat' dir='ltr'><strong>symmystes.</strong></span> <span class='ocrx_word' id='word_1_409' title='bbox 2113 5145 2132 5180; x_wconf 73' lang='grc' dir='ltr'><strong><em>ι</em></strong></span> 
     </span>
    </p>
   </div>
   <div class='ocr_carea' id='block_1_54' title="bbox 565 5184 2139 5252">
    <p class='ocr_par' dir='ltr' id='par_1_54' title="bbox 565 5184 2139 5252">
     <span class='ocr_line' id='line_1_54' title="bbox 565 5184 2139 5252; baseline 0.01 -15"><span class='ocrx_word' id='word_1_410' title='bbox 565 5184 832 5240; x_wconf 68' lang='grc' dir='ltr'><strong>ῦειιιῡιᾱο.</strong></span> <span class='ocrx_word' id='word_1_411' title='bbox 895 5203 914 5236; x_wconf 83' lang='grc'><em>‹</em></span> <span class='ocrx_word' id='word_1_412' title='bbox 973 5187 1350 5242; x_wconf 87' lang='lat' dir='ltr'><strong>subminister.</strong></span> <span class='ocrx_word' id='word_1_413' title='bbox 1399 5208 1418 5242; x_wconf 79' lang='grc'>›</span> <span class='ocrx_word' id='word_1_414' title='bbox 1488 5190 1647 5246; x_wconf 84' lang='lat' dir='ltr'><strong>Libb.</strong></span> <span class='ocrx_word' id='word_1_415' title='bbox 1695 5184 1872 5249; x_wconf 77' lang='lat' dir='ltr'><strong>editi:</strong></span> <span class='ocrx_word' id='word_1_416' title='bbox 1903 5184 1942 5247; x_wconf 71' lang='grc' dir='ltr'>ἰ</span> <span class='ocrx_word' id='word_1_417' title='bbox 1977 5197 2139 5252; x_wconf 83' lang='grc' dir='ltr'><strong>ιι.ίιιὶ-</strong></span> 
     </span>
    </p>
   </div>
   <div class='ocr_carea' id='block_1_55' title="bbox 563 5270 2140 5406">
    <p class='ocr_par' dir='ltr' id='par_1_55' title="bbox 563 5270 2140 5406">
     <span class='ocr_line' id='line_1_55' title="bbox 563 5270 2140 5406; baseline 0.01 -27"><span class='ocrx_word' id='word_1_418' title='bbox 563 5270 1010 5406; x_wconf 55' lang='grc' dir='ltr'><strong>εωῖί)ὶβηιθιίο.</strong></span> <span class='ocrx_word' id='word_1_419' title='bbox 1055 5346 1083 5406; x_wconf 67' lang='grc' dir='ltr'><strong>ι⁸</strong></span> <span class='ocrx_word' id='word_1_420' title='bbox 1118 5343 1184 5406; x_wconf 74' lang='lat' dir='ltr'><strong>ex</strong></span> <span class='ocrx_word' id='word_1_421' title='bbox 1234 5343 1376 5406; x_wconf 70' lang='lat' dir='ltr'><strong>voce</strong></span> <span class='ocrx_word' id='word_1_422' title='bbox 1437 5329 1802 5400; x_wconf 86' lang='lat' dir='ltr'><strong>jubilationis,</strong></span> <span class='ocrx_word' id='word_1_423' title='bbox 1838 5351 1860 5387; x_wconf 75' lang='grc' dir='ltr'><strong><em>ι</em></strong></span> <span class='ocrx_word' id='word_1_424' title='bbox 1910 5345 1967 5392; x_wconf 85' lang='lat' dir='ltr'><strong>et</strong></span> <span class='ocrx_word' id='word_1_425' title='bbox 2015 5348 2140 5406; x_wconf 88' lang='lat' dir='ltr'><strong>post</strong></span> 
     </span>
    </p>
   </div>
   <div class='ocr_carea' id='block_1_56' title="bbox 576 5398 1478 5456">
    <p class='ocr_par' dir='ltr' id='par_1_56' title="bbox 576 5398 1478 5456">
     <span class='ocr_line' id='line_1_56' title="bbox 576 5398 1478 5456; baseline 0.011 -10"><span class='ocrx_word' id='word_1_426' title='bbox 576 5415 597 5450; x_wconf 72' lang='grc' dir='ltr'><strong><em>ο</em></strong></span> <span class='ocrx_word' id='word_1_427' title='bbox 631 5398 905 5451; x_wconf 68' lang='lat' dir='ltr'><strong>extercitus</strong></span> <span class='ocrx_word' id='word_1_428' title='bbox 935 5417 951 5449; x_wconf 76' lang='grc' dir='ltr'><strong><em>ι</em></strong></span> <span class='ocrx_word' id='word_1_429' title='bbox 979 5400 1178 5452; x_wconf 85' lang='lat' dir='ltr'><strong>omittit</strong></span> <span class='ocrx_word' id='word_1_430' title='bbox 1207 5418 1227 5452; x_wconf 69' lang='grc' dir='ltr'><em>α</em></span> <span class='ocrx_word' id='word_1_431' title='bbox 1259 5398 1478 5456; x_wconf 52' lang='lat' dir='ltr'><strong>dedit.)</strong></span> 
     </span>
    </p>
   </div>
   <div class='ocr_carea' id='block_1_57' title="bbox 571 5467 2145 5594">
    <p class='ocr_par' dir='ltr' id='par_1_57' title="bbox 571 5467 2145 5594">
     <span class='ocr_line' id='line_1_57' title="bbox 571 5467 2145 5594; baseline 0.008 -73"><span class='ocrx_word' id='word_1_432' title='bbox 571 5539 605 5594; x_wconf 64' lang='grc' dir='ltr'>η</span> <span class='ocrx_word' id='word_1_433' title='bbox 643 5467 721 5539; x_wconf 79' lang='grc'>(2)</span> <span class='ocrx_word' id='word_1_434' title='bbox 749 5468 1034 5539; x_wconf 81' lang='lat' dir='ltr'><strong>Sangerm.</strong></span> <span class='ocrx_word' id='word_1_435' title='bbox 1068 5490 1086 5522; x_wconf 85' lang='grc'><strong><em>‹</em></strong></span> <span class='ocrx_word' id='word_1_436' title='bbox 1120 5472 1379 5541; x_wconf 85' lang='lat' dir='ltr'><strong>gentium.</strong></span> <span class='ocrx_word' id='word_1_437' title='bbox 1424 5491 1444 5525; x_wconf 73' lang='grc' dir='ltr'><strong><em>ι</em></strong></span> <span class='ocrx_word' id='word_1_438' title='bbox 1492 5473 1650 5532; x_wconf 89' lang='lat' dir='ltr'><strong>Libb.</strong></span> <span class='ocrx_word' id='word_1_439' title='bbox 1683 5475 1812 5531; x_wconf 89' lang='lat' dir='ltr'><strong>editi</strong></span> <span class='ocrx_word' id='word_1_440' title='bbox 1849 5493 1862 5532; x_wconf 90' lang='lat'><strong>:</strong></span> <span class='ocrx_word' id='word_1_441' title='bbox 1909 5496 1924 5530; x_wconf 78' lang='grc' dir='ltr'>ι</span> <span class='ocrx_word' id='word_1_442' title='bbox 1954 5477 2145 5534; x_wconf 86' lang='lat' dir='ltr'><strong>Genti-</strong></span> 
     </span>
     <span class='ocr_line' id='line_1_58' title="bbox 612 5555 781 5592; baseline -0.018 0"><span class='ocrx_word' id='word_1_443' title='bbox 612 5555 723 5592; x_wconf 91' lang='lat' dir='ltr'><strong>um.</strong></span> <span class='ocrx_word' id='word_1_444' title='bbox 757 5557 781 5589; x_wconf 67' lang='grc' dir='ltr'><em>τ</em></span> 
     </span>
    </p>
   </div>
   <div class='ocr_carea' id='block_1_58' title="bbox 559 5555 781 5592">
    <p class='ocr_par' dir='ltr' id='par_1_58' title="bbox 559 5555 781 5592">
     <span class='ocr_line' id='line_1_59' title="bbox 559 5555 781 5592; baseline -0.009 -1"><span class='ocrx_word' id='word_1_445' title='bbox 559 5555 723 5592; x_wconf 72' lang='grc' dir='ltr'><strong>τΙΙυΙη.</strong></span> <span class='ocrx_word' id='word_1_446' title='bbox 757 5557 781 5589; x_wconf 72' lang='grc' dir='ltr'><strong><em>ῒ</em></strong></span> 
     </span>
    </p>
   </div>
   <div class='ocr_carea' id='block_1_59' title="bbox 565 5609 2147 5734">
    <p class='ocr_par' dir='ltr' id='par_1_59' title="bbox 565 5609 2147 5734">
     <span class='ocr_line' id='line_1_60' title="bbox 565 5609 2147 5734; baseline 0.013 -78"><span class='ocrx_word' id='word_1_447' title='bbox 565 5653 567 5656; x_wconf 86' lang='grc'>.</span> <span class='ocrx_word' id='word_1_448' title='bbox 643 5610 718 5734; x_wconf 61' lang='grc' dir='ltr'>(ἷι)</span> <span class='ocrx_word' id='word_1_449' title='bbox 750 5609 898 5676; x_wconf 86' lang='lat' dir='ltr'><strong>Mss.,</strong></span> <span class='ocrx_word' id='word_1_450' title='bbox 950 5629 969 5664; x_wconf 73' lang='grc' dir='ltr'><strong>σ</strong></span> <span class='ocrx_word' id='word_1_451' title='bbox 1006 5614 1315 5674; x_wconf 87' lang='lat' dir='ltr'><strong>anathema.</strong></span> <span class='ocrx_word' id='word_1_452' title='bbox 1351 5637 1368 5671; x_wconf 75' lang='grc' dir='ltr'><strong>ι</strong></span> <span class='ocrx_word' id='word_1_453' title='bbox 1423 5616 1581 5674; x_wconf 88' lang='lat' dir='ltr'><strong>Libb.</strong></span> <span class='ocrx_word' id='word_1_454' title='bbox 1630 5618 1759 5674; x_wconf 87' lang='lat' dir='ltr'><strong>editi</strong></span> <span class='ocrx_word' id='word_1_455' title='bbox 1793 5635 1805 5672; x_wconf 87' lang='lat'><strong>:</strong></span> <span class='ocrx_word' id='word_1_456' title='bbox 1865 5637 1884 5672; x_wconf 74' lang='grc' dir='ltr'><strong><em>ι</em></strong></span> <span class='ocrx_word' id='word_1_457' title='bbox 1915 5621 2147 5677; x_wconf 85' lang='lat' dir='ltr'><strong>anathe-</strong></span> 
     </span>
     <span class='ocr_line' id='line_1_61' title="bbox 579 5696 797 5734; baseline 0.005 -1"><span class='ocrx_word' id='word_1_458' title='bbox 579 5697 660 5734; x_wconf 74' lang='lat' dir='ltr'><strong>&#39;na</strong></span> <span class='ocrx_word' id='word_1_459' title='bbox 687 5696 738 5734; x_wconf 61' lang='grc' dir='ltr'><strong>ὃ.</strong></span> <span class='ocrx_word' id='word_1_460' title='bbox 777 5701 797 5734; x_wconf 74' lang='grc' dir='ltr'><strong><em>ι</em></strong></span> 
     </span>
    </p>
   </div>
   <div class='ocr_carea' id='block_1_60' title="bbox 579 5696 797 5735">
    <p class='ocr_par' dir='ltr' id='par_1_60' title="bbox 579 5696 797 5735">
     <span class='ocr_line' id='line_1_62' title="bbox 579 5696 797 5735; baseline 0.005 -2"><span class='ocrx_word' id='word_1_461' title='bbox 579 5696 738 5735; x_wconf 70' lang='grc' dir='ltr'><strong>ἸΙΞΙω.</strong></span> <span class='ocrx_word' id='word_1_462' title='bbox 777 5701 797 5734; x_wconf 73' lang='grc' dir='ltr'><strong><em>ι</em></strong></span> 
     </span>
    </p>
   </div>
   <div class='ocr_carea' id='block_1_61' title="bbox 2055 207 2378 268">
    <p class='ocr_par' dir='ltr' id='par_1_61' title="bbox 2055 207 2378 268">
     <span class='ocr_line' id='line_1_63' title="bbox 2055 207 2378 268; baseline 0.009 -3"><span class='ocrx_word' id='word_1_463' title='bbox 2055 207 2378 268; x_wconf 80' lang='lat' dir='ltr'><strong>ORIGENIS</strong></span> 
     </span>
    </p>
   </div>
   <div class='ocr_carea' id='block_1_62' title="bbox 2171 329 3765 418">
    <p class='ocr_par' dir='ltr' id='par_1_62' title="bbox 2171 329 3765 418">
     <span class='ocr_line' id='line_1_64' title="bbox 2171 329 3765 418; baseline 0.019 -38"><span class='ocrx_word' id='word_1_464' title='bbox 2171 330 2218 382; x_wconf 85' lang='lat' dir='ltr'><strong>A</strong></span> <span class='ocrx_word' id='word_1_465' title='bbox 2248 329 2432 384; x_wconf 89' lang='lat' dir='ltr'><strong>thema</strong></span> <span class='ocrx_word' id='word_1_466' title='bbox 2468 332 2545 402; x_wconf 80' lang='lat'><strong>(5)</strong></span> <span class='ocrx_word' id='word_1_467' title='bbox 2577 335 2630 388; x_wconf 92' lang='lat' dir='ltr'><strong>in</strong></span> <span class='ocrx_word' id='word_1_468' title='bbox 2665 335 2940 397; x_wconf 82' lang='lat' dir='ltr'><strong>Ecclesias</strong></span> <span class='ocrx_word' id='word_1_469' title='bbox 2971 341 3347 404; x_wconf 87' lang='lat' dir='ltr'><strong>introducunt.</strong></span> <span class='ocrx_word' id='word_1_470' title='bbox 3377 349 3476 418; x_wconf 88' lang='lat' dir='ltr'><strong>Qui</strong></span> <span class='ocrx_word' id='word_1_471' title='bbox 3529 355 3590 412; x_wconf 90' lang='lat' dir='ltr'><strong>de</strong></span> <span class='ocrx_word' id='word_1_472' title='bbox 3627 372 3765 418; x_wconf 87' lang='lat' dir='ltr'><strong>astro.</strong></span> 
     </span>
    </p>
   </div>
   <div class='ocr_carea' id='block_1_63' title="bbox 2255 429 3764 524">
    <p class='ocr_par' dir='ltr' id='par_1_63' title="bbox 2255 429 3764 524">
     <span class='ocr_line' id='line_1_65' title="bbox 2255 429 3764 524; baseline 0.026 -50"><span class='ocrx_word' id='word_1_473' title='bbox 2255 439 2373 477; x_wconf 87' lang='lat' dir='ltr'><strong>rum</strong></span> <span class='ocrx_word' id='word_1_474' title='bbox 2403 429 2656 485; x_wconf 88' lang='lat' dir='ltr'><strong>cursibus</strong></span> <span class='ocrx_word' id='word_1_475' title='bbox 2683 434 2853 486; x_wconf 88' lang='lat' dir='ltr'><strong>vitam</strong></span> <span class='ocrx_word' id='word_1_476' title='bbox 2886 435 3165 492; x_wconf 88' lang='lat' dir='ltr'><strong>hominum</strong></span> <span class='ocrx_word' id='word_1_477' title='bbox 3197 450 3250 495; x_wconf 92' lang='lat' dir='ltr'><strong>et</strong></span> <span class='ocrx_word' id='word_1_478' title='bbox 3289 453 3434 512; x_wconf 83' lang='lat' dir='ltr'><strong>gesta</strong></span> <span class='ocrx_word' id='word_1_479' title='bbox 3478 453 3764 524; x_wconf 82' lang='lat' dir='ltr'><strong>perquirunt.</strong></span> 
     </span>
    </p>
   </div>
   <div class='ocr_carea' id='block_1_64' title="bbox 2251 516 3765 607">
    <p class='ocr_par' dir='ltr' id='par_1_64' title="bbox 2251 516 3765 607">
     <span class='ocr_line' id='line_1_66' title="bbox 2251 516 3765 607; baseline 0.022 -40"><span class='ocrx_word' id='word_1_480' title='bbox 2251 516 2342 585; x_wconf 92' lang='lat' dir='ltr'><strong>qui</strong></span> <span class='ocrx_word' id='word_1_481' title='bbox 2380 519 2594 576; x_wconf 83' lang='lat' dir='ltr'><strong>volatus</strong></span> <span class='ocrx_word' id='word_1_482' title='bbox 2627 525 2804 580; x_wconf 90' lang='lat' dir='ltr'><strong>avium</strong></span> <span class='ocrx_word' id='word_1_483' title='bbox 2832 537 2888 582; x_wconf 86' lang='lat' dir='ltr'><strong>et</strong></span> <span class='ocrx_word' id='word_1_484' title='bbox 2920 539 3115 583; x_wconf 71' lang='lat' dir='ltr'><strong>caatera</strong></span> <span class='ocrx_word' id='word_1_485' title='bbox 3141 529 3442 600; x_wconf 87' lang='lat' dir='ltr'><strong>hujnsmodi</strong></span> <span class='ocrx_word' id='word_1_486' title='bbox 3477 516 3657 607; x_wconf 38' lang='lat' dir='ltr'><strong>quae—in</strong></span> <span class='ocrx_word' id='word_1_487' title='bbox 3687 516 3765 601; x_wconf 46' lang='lat' dir='ltr'><strong>sm;</strong></span> 
     </span>
    </p>
   </div>
   <div class='ocr_carea' id='block_1_65' title="bbox 2251 608 3768 694">
    <p class='ocr_par' dir='ltr' id='par_1_65' title="bbox 2251 608 3768 694">
     <span class='ocr_line' id='line_1_67' title="bbox 2251 608 3768 694; baseline 0.022 -34"><span class='ocrx_word' id='word_1_488' title='bbox 2251 608 2374 663; x_wconf 86' lang='lat' dir='ltr'><strong>culo</strong></span> <span class='ocrx_word' id='word_1_489' title='bbox 2423 614 2576 680; x_wconf 91' lang='lat' dir='ltr'><strong>prius</strong></span> <span class='ocrx_word' id='word_1_490' title='bbox 2623 617 3079 690; x_wconf 83' lang='lat' dir='ltr'><strong>observabantur,</strong></span> <span class='ocrx_word' id='word_1_491' title='bbox 3130 623 3432 693; x_wconf 91' lang='lat' dir='ltr'><strong>inquirunt,</strong></span> <span class='ocrx_word' id='word_1_492' title='bbox 3485 631 3549 683; x_wconf 88' lang='lat' dir='ltr'><strong>de</strong></span> <span class='ocrx_word' id='word_1_493' title='bbox 3592 631 3768 694; x_wconf 84' lang='lat' dir='ltr'><strong>Jericho</strong></span> 
     </span>
    </p>
   </div>
   <div class='ocr_carea' id='block_1_66' title="bbox 2251 704 3766 786">
    <p class='ocr_par' dir='ltr' id='par_1_66' title="bbox 2251 704 3766 786">
     <span class='ocr_line' id='line_1_68' title="bbox 2251 704 3766 786; baseline 0.022 -35"><span class='ocrx_word' id='word_1_494' title='bbox 2251 704 2542 757; x_wconf 86' lang='lat' dir='ltr'><strong>anathema</strong></span> <span class='ocrx_word' id='word_1_495' title='bbox 2574 705 2816 764; x_wconf 88' lang='lat' dir='ltr'><strong>inferunt</strong></span> <span class='ocrx_word' id='word_1_496' title='bbox 2839 712 2891 764; x_wconf 93' lang='lat' dir='ltr'><strong>in</strong></span> <span class='ocrx_word' id='word_1_497' title='bbox 2924 710 3245 779; x_wconf 87' lang='lat' dir='ltr'><strong>Ecclesiam,</strong></span> <span class='ocrx_word' id='word_1_498' title='bbox 3277 727 3332 771; x_wconf 90' lang='lat' dir='ltr'><strong>et</strong></span> <span class='ocrx_word' id='word_1_499' title='bbox 3361 719 3591 786; x_wconf 89' lang='lat' dir='ltr'><strong>polluunt</strong></span> <span class='ocrx_word' id='word_1_500' title='bbox 3623 739 3766 785; x_wconf 87' lang='lat' dir='ltr'><strong>castra</strong></span> 
     </span>
    </p>
   </div>
   <div class='ocr_carea' id='block_1_67' title="bbox 2254 791 3768 876">
    <p class='ocr_par' dir='ltr' id='par_1_67' title="bbox 2254 791 3768 876">
     <span class='ocr_line' id='line_1_69' title="bbox 2254 791 3768 876; baseline 0.021 -32"><span class='ocrx_word' id='word_1_501' title='bbox 2254 791 2490 857; x_wconf 86' lang='lat' dir='ltr'><strong>Domini,</strong></span> <span class='ocrx_word' id='word_1_502' title='bbox 2515 810 2568 852; x_wconf 89' lang='lat' dir='ltr'><strong>et</strong></span> <span class='ocrx_word' id='word_1_503' title='bbox 2593 799 2735 855; x_wconf 85' lang='lat' dir='ltr'><strong>vinci</strong></span> <span class='ocrx_word' id='word_1_504' title='bbox 2768 802 2976 858; x_wconf 79' lang='lat' dir='ltr'><strong>faciunt</strong></span> <span class='ocrx_word' id='word_1_505' title='bbox 3001 807 3252 876; x_wconf 85' lang='lat' dir='ltr'><strong>p0pulum</strong></span> <span class='ocrx_word' id='word_1_506' title='bbox 3297 809 3411 865; x_wconf 87' lang='lat' dir='ltr'><strong>Dei.</strong></span> <span class='ocrx_word' id='word_1_507' title='bbox 3443 811 3542 868; x_wconf 89' lang='lat' dir='ltr'><strong>Sed</strong></span> <span class='ocrx_word' id='word_1_508' title='bbox 3565 826 3612 872; x_wconf 90' lang='lat' dir='ltr'><strong>et</strong></span> <span class='ocrx_word' id='word_1_509' title='bbox 3632 821 3768 876; x_wconf 73' lang='lat' dir='ltr'><strong>multa</strong></span> 
     </span>
    </p>
   </div>
   <div class='ocr_carea' id='block_1_68' title="bbox 2252 883 3768 968">
    <p class='ocr_par' dir='ltr' id='par_1_68' title="bbox 2252 883 3768 968">
     <span class='ocr_line' id='line_1_70' title="bbox 2252 883 3768 968; baseline 0.02 -32"><span class='ocrx_word' id='word_1_510' title='bbox 2252 883 2356 937; x_wconf 90' lang='lat' dir='ltr'><strong>alia</strong></span> <span class='ocrx_word' id='word_1_511' title='bbox 2387 899 2610 954; x_wconf 89' lang='lat' dir='ltr'><strong>peccata</strong></span> <span class='ocrx_word' id='word_1_512' title='bbox 2639 902 2766 947; x_wconf 90' lang='lat' dir='ltr'><strong>sunt</strong></span> <span class='ocrx_word' id='word_1_513' title='bbox 2805 911 2902 963; x_wconf 90' lang='lat' dir='ltr'><strong>per</strong></span> <span class='ocrx_word' id='word_1_514' title='bbox 2930 913 3050 964; x_wconf 68' lang='lat' dir='ltr'><strong>quae</strong></span> <span class='ocrx_word' id='word_1_515' title='bbox 3080 903 3367 957; x_wconf 88' lang='lat' dir='ltr'><strong>anathema</strong></span> <span class='ocrx_word' id='word_1_516' title='bbox 3399 903 3462 960; x_wconf 88' lang='lat' dir='ltr'><strong>de</strong></span> <span class='ocrx_word' id='word_1_517' title='bbox 3490 905 3680 966; x_wconf 83' lang='lat' dir='ltr'><strong>Jericlto</strong></span> <span class='ocrx_word' id='word_1_518' title='bbox 3701 913 3768 968; x_wconf 88' lang='lat' dir='ltr'><strong>in-</strong></span> 
     </span>
    </p>
   </div>
   <div class='ocr_carea' id='block_1_69' title="bbox 2251 977 3770 1070">
    <p class='ocr_par' dir='ltr' id='par_1_69' title="bbox 2251 977 3770 1070">
     <span class='ocr_line' id='line_1_71' title="bbox 2251 977 3770 1070; baseline 0.021 -41"><span class='ocrx_word' id='word_1_519' title='bbox 2251 977 2559 1034; x_wconf 90' lang='lat' dir='ltr'><strong>troducitur</strong></span> <span class='ocrx_word' id='word_1_520' title='bbox 2607 985 2658 1037; x_wconf 93' lang='lat' dir='ltr'><strong>in</strong></span> <span class='ocrx_word' id='word_1_521' title='bbox 2712 985 3013 1045; x_wconf 89' lang='lat' dir='ltr'><strong>Ecclesiam</strong></span> <span class='ocrx_word' id='word_1_522' title='bbox 3053 1009 3068 1058; x_wconf 90' lang='lat'><strong>;</strong></span> <span class='ocrx_word' id='word_1_523' title='bbox 3125 1008 3223 1063; x_wconf 85' lang='lat' dir='ltr'><strong>per</strong></span> <span class='ocrx_word' id='word_1_524' title='bbox 3270 1011 3392 1066; x_wconf 73' lang='lat' dir='ltr'><strong>quae</strong></span> <span class='ocrx_word' id='word_1_525' title='bbox 3446 1001 3664 1070; x_wconf 84' lang='lat' dir='ltr'><strong>populus</strong></span> <span class='ocrx_word' id='word_1_526' title='bbox 3693 1005 3770 1063; x_wconf 88' lang='lat' dir='ltr'><strong>Dei</strong></span> 
     </span>
    </p>
   </div>
   <div class='ocr_carea' id='block_1_70' title="bbox 2247 1071 3770 1156">
    <p class='ocr_par' dir='ltr' id='par_1_70' title="bbox 2247 1071 3770 1156">
     <span class='ocr_line' id='line_1_72' title="bbox 2247 1071 3770 1156; baseline 0.022 -34"><span class='ocrx_word' id='word_1_527' title='bbox 2247 1071 2488 1126; x_wconf 91' lang='lat' dir='ltr'><strong>vincitur</strong></span> <span class='ocrx_word' id='word_1_528' title='bbox 2511 1073 2586 1147; x_wconf 68' lang='grc'>(4)</span> <span class='ocrx_word' id='word_1_529' title='bbox 2621 1086 2674 1132; x_wconf 91' lang='lat' dir='ltr'><strong>et</strong></span> <span class='ocrx_word' id='word_1_530' title='bbox 2699 1082 3070 1147; x_wconf 86' lang='lat' dir='ltr'><strong>prosternitur</strong></span> <span class='ocrx_word' id='word_1_531' title='bbox 3095 1087 3164 1141; x_wconf 90' lang='lat' dir='ltr'><strong>ab</strong></span> <span class='ocrx_word' id='word_1_532' title='bbox 3187 1087 3442 1147; x_wconf 90' lang='lat' dir='ltr'><strong>inimicis.</strong></span> <span class='ocrx_word' id='word_1_533' title='bbox 3469 1095 3567 1147; x_wconf 79' lang='lat' dir='ltr'><strong>Aut</strong></span> <span class='ocrx_word' id='word_1_534' title='bbox 3605 1111 3694 1151; x_wconf 92' lang='lat' dir='ltr'><strong>non</strong></span> <span class='ocrx_word' id='word_1_535' title='bbox 3727 1109 3770 1156; x_wconf 86' lang='lat' dir='ltr'><strong>et</strong></span> 
     </span>
    </p>
   </div>
   <div class='ocr_carea' id='block_1_71' title="bbox 2247 1163 3771 1251">
    <p class='ocr_par' dir='ltr' id='par_1_71' title="bbox 2247 1163 3771 1251">
     <span class='ocr_line' id='line_1_73' title="bbox 2247 1163 3771 1251; baseline 0.021 -35"><span class='ocrx_word' id='word_1_536' title='bbox 2247 1163 2543 1232; x_wconf 84' lang='lat' dir='ltr'><strong>Apostolus</strong></span> <span class='ocrx_word' id='word_1_537' title='bbox 2578 1169 2692 1225; x_wconf 65' lang='lat' dir='ltr'><strong>haec</strong></span> <span class='ocrx_word' id='word_1_538' title='bbox 2719 1173 2911 1229; x_wconf 91' lang='lat' dir='ltr'><strong>eadem</strong></span> <span class='ocrx_word' id='word_1_539' title='bbox 2945 1180 3211 1251; x_wconf 71' lang='lat' dir='ltr'><strong>prmcipit,</strong></span> <span class='ocrx_word' id='word_1_540' title='bbox 3241 1200 3364 1240; x_wconf 85' lang='lat' dir='ltr'><strong>cum</strong></span> <span class='ocrx_word' id='word_1_541' title='bbox 3386 1186 3512 1244; x_wconf 91' lang='lat' dir='ltr'><strong>dicit</strong></span> <span class='ocrx_word' id='word_1_542' title='bbox 3535 1190 3576 1223; x_wconf 79' lang='grc'><strong>⁴⁹</strong></span> <span class='ocrx_word' id='word_1_543' title='bbox 3600 1208 3613 1244; x_wconf 91' lang='lat'><strong>:</strong></span> <span class='ocrx_word' id='word_1_544' title='bbox 3638 1212 3653 1244; x_wconf 71' lang='grc' dir='ltr'><strong>ε</strong></span> <span class='ocrx_word' id='word_1_545' title='bbox 3680 1193 3771 1249; x_wconf 77' lang='grc' dir='ltr'><strong>Μο-</strong></span> 
     </span>
    </p>
   </div>
   <div class='ocr_carea' id='block_1_72' title="bbox 2249 1254 3655 1346">
    <p class='ocr_par' dir='ltr' id='par_1_72' title="bbox 2249 1254 3655 1346">
     <span class='ocr_line' id='line_1_74' title="bbox 2249 1254 3655 1346; baseline 0.016 -39"><span class='ocrx_word' id='word_1_546' title='bbox 2249 1254 2428 1308; x_wconf 90' lang='lat' dir='ltr'><strong>dicum</strong></span> <span class='ocrx_word' id='word_1_547' title='bbox 2457 1257 2785 1317; x_wconf 73' lang='lat' dir='ltr'><strong>fermentum</strong></span> <span class='ocrx_word' id='word_1_548' title='bbox 2818 1273 2989 1321; x_wconf 89' lang='lat' dir='ltr'><strong>totam</strong></span> <span class='ocrx_word' id='word_1_549' title='bbox 3017 1286 3251 1326; x_wconf 86' lang='lat' dir='ltr'><strong>massam</strong></span> <span class='ocrx_word' id='word_1_550' title='bbox 3282 1279 3610 1346; x_wconf 79' lang='lat' dir='ltr'><strong>corrumpit?</strong></span> <span class='ocrx_word' id='word_1_551' title='bbox 3641 1298 3655 1330; x_wconf 77' lang='grc' dir='ltr'>ι</span> 
     </span>
    </p>
   </div>
   <div class='ocr_carea' id='block_1_73' title="bbox 2323 1346 3769 1436">
    <p class='ocr_par' dir='ltr' id='par_1_73' title="bbox 2323 1346 3769 1436">
     <span class='ocr_line' id='line_1_75' title="bbox 2323 1346 3769 1436; baseline 0.018 -36"><span class='ocrx_word' id='word_1_552' title='bbox 2323 1346 2377 1401; x_wconf 87' lang='lat'><strong>5.</strong></span> <span class='ocrx_word' id='word_1_553' title='bbox 2409 1348 2516 1404; x_wconf 91' lang='lat' dir='ltr'><strong>Sed</strong></span> <span class='ocrx_word' id='word_1_554' title='bbox 2545 1352 2827 1412; x_wconf 89' lang='lat' dir='ltr'><strong>videamus</strong></span> <span class='ocrx_word' id='word_1_555' title='bbox 2857 1360 2968 1428; x_wconf 91' lang='lat' dir='ltr'><strong>jam</strong></span> <span class='ocrx_word' id='word_1_556' title='bbox 3007 1378 3153 1416; x_wconf 90' lang='lat' dir='ltr'><strong>nunc</strong></span> <span class='ocrx_word' id='word_1_557' title='bbox 3185 1379 3306 1433; x_wconf 69' lang='lat' dir='ltr'><strong>quae</strong></span> <span class='ocrx_word' id='word_1_558' title='bbox 3330 1379 3632 1436; x_wconf 91' lang='lat' dir='ltr'><strong>sequuntur.</strong></span> <span class='ocrx_word' id='word_1_559' title='bbox 3661 1370 3769 1425; x_wconf 87' lang='lat' dir='ltr'><strong>Sub-</strong></span> 
     </span>
    </p>
   </div>
   <div class='ocr_carea' id='block_1_74' title="bbox 2251 1441 3766 1519">
    <p class='ocr_par' dir='ltr' id='par_1_74' title="bbox 2251 1441 3766 1519">
     <span class='ocr_line' id='line_1_76' title="bbox 2251 1441 3766 1519; baseline 0.017 -26"><span class='ocrx_word' id='word_1_560' title='bbox 2251 1455 2409 1496; x_wconf 93' lang='lat' dir='ltr'><strong>versa</strong></span> <span class='ocrx_word' id='word_1_561' title='bbox 2446 1441 2698 1512; x_wconf 87' lang='lat' dir='ltr'><strong>Jericho,</strong></span> <span class='ocrx_word' id='word_1_562' title='bbox 2727 1447 2878 1505; x_wconf 83' lang='lat' dir='ltr'><strong>Raab</strong></span> <span class='ocrx_word' id='word_1_563' title='bbox 2916 1455 3175 1508; x_wconf 81' lang='lat' dir='ltr'><strong>meretrix</strong></span> <span class='ocrx_word' id='word_1_564' title='bbox 3237 1456 3480 1513; x_wconf 83' lang='lat' dir='ltr'><strong>salvator</strong></span> <span class='ocrx_word' id='word_1_565' title='bbox 3527 1461 3647 1516; x_wconf 88' lang='lat' dir='ltr'><strong>sola.</strong></span> <span class='ocrx_word' id='word_1_566' title='bbox 3695 1461 3766 1519; x_wconf 86' lang='lat' dir='ltr'><strong>Sic</strong></span> 
     </span>
    </p>
   </div>
   <div class='ocr_carea' id='block_1_75' title="bbox 2251 1533 3768 1608">
    <p class='ocr_par' dir='ltr' id='par_1_75' title="bbox 2251 1533 3768 1608">
     <span class='ocr_line' id='line_1_77' title="bbox 2251 1533 3768 1608; baseline 0.016 -25"><span class='ocrx_word' id='word_1_567' title='bbox 2251 1533 2395 1587; x_wconf 83' lang='lat' dir='ltr'><strong>enim</strong></span> <span class='ocrx_word' id='word_1_568' title='bbox 2436 1535 2700 1606; x_wconf 88' lang='lat' dir='ltr'><strong>scriptum</strong></span> <span class='ocrx_word' id='word_1_569' title='bbox 2725 1551 2805 1595; x_wconf 88' lang='lat' dir='ltr'><strong>est</strong></span> <span class='ocrx_word' id='word_1_570' title='bbox 2829 1543 2896 1597; x_wconf 91' lang='lat' dir='ltr'><strong>de</strong></span> <span class='ocrx_word' id='word_1_571' title='bbox 2919 1559 2980 1598; x_wconf 89' lang='lat' dir='ltr'><strong>ea</strong></span> <span class='ocrx_word' id='word_1_572' title='bbox 3005 1545 3051 1576; x_wconf 78' lang='grc'><strong>⁸⁸</strong></span> <span class='ocrx_word' id='word_1_573' title='bbox 3085 1565 3096 1598; x_wconf 93' lang='lat'>:</span> <span class='ocrx_word' id='word_1_574' title='bbox 3128 1565 3146 1598; x_wconf 85' lang='grc'><em>‹</em></span> <span class='ocrx_word' id='word_1_575' title='bbox 3177 1547 3242 1600; x_wconf 87' lang='grc' dir='ltr'><strong>Ει</strong></span> <span class='ocrx_word' id='word_1_576' title='bbox 3279 1549 3426 1604; x_wconf 89' lang='lat' dir='ltr'><strong>Raab</strong></span> <span class='ocrx_word' id='word_1_577' title='bbox 3477 1555 3768 1608; x_wconf 87' lang='lat' dir='ltr'><strong>meretricem</strong></span> 
     </span>
    </p>
   </div>
   <div class='ocr_carea' id='block_1_76' title="bbox 2253 1629 3770 1712">
    <p class='ocr_par' dir='ltr' id='par_1_76' title="bbox 2253 1629 3770 1712">
     <span class='ocr_line' id='line_1_78' title="bbox 2253 1629 3770 1712; baseline 0.016 -35"><span class='ocrx_word' id='word_1_578' title='bbox 2253 1635 2308 1678; x_wconf 92' lang='lat' dir='ltr'><strong>et</strong></span> <span class='ocrx_word' id='word_1_579' title='bbox 2330 1639 2546 1682; x_wconf 90' lang='lat' dir='ltr'><strong>omnem</strong></span> <span class='ocrx_word' id='word_1_580' title='bbox 2571 1629 2790 1686; x_wconf 92' lang='lat' dir='ltr'><strong>domum</strong></span> <span class='ocrx_word' id='word_1_581' title='bbox 2824 1636 2996 1703; x_wconf 90' lang='lat' dir='ltr'><strong>patris</strong></span> <span class='ocrx_word' id='word_1_582' title='bbox 3026 1639 3143 1708; x_wconf 86' lang='lat' dir='ltr'><strong>ejus</strong></span> <span class='ocrx_word' id='word_1_583' title='bbox 3197 1641 3490 1698; x_wconf 85' lang='lat' dir='ltr'><strong>vivil‘tcavit</strong></span> <span class='ocrx_word' id='word_1_584' title='bbox 3531 1643 3687 1712; x_wconf 83' lang='lat' dir='ltr'><strong>Jesus,</strong></span> <span class='ocrx_word' id='word_1_585' title='bbox 3729 1659 3770 1701; x_wconf 82' lang='lat' dir='ltr'><strong>et</strong></span> 
     </span>
    </p>
   </div>
   <div class='ocr_carea' id='block_1_77' title="bbox 2251 1716 3765 1798">
    <p class='ocr_par' dir='ltr' id='par_1_77' title="bbox 2251 1716 3765 1798">
     <span class='ocr_line' id='line_1_79' title="bbox 2251 1716 3765 1798; baseline 0.014 -30"><span class='ocrx_word' id='word_1_586' title='bbox 2251 1718 2459 1788; x_wconf 83' lang='lat' dir='ltr'><strong>adjecta</strong></span> <span class='ocrx_word' id='word_1_587' title='bbox 2483 1724 2656 1777; x_wconf 88' lang='lat' dir='ltr'><strong>estad</strong></span> <span class='ocrx_word' id='word_1_588' title='bbox 2682 1726 2849 1780; x_wconf 88' lang='lat' dir='ltr'><strong>Israel</strong></span> <span class='ocrx_word' id='word_1_589' title='bbox 2896 1744 3070 1798; x_wconf 84' lang='lat' dir='ltr'><strong>usque</strong></span> <span class='ocrx_word' id='word_1_590' title='bbox 3119 1733 3171 1785; x_wconf 91' lang='lat' dir='ltr'><strong>in</strong></span> <span class='ocrx_word' id='word_1_591' title='bbox 3225 1716 3543 1788; x_wconf 77' lang='lat' dir='ltr'><strong>hodiernum</strong></span> <span class='ocrx_word' id='word_1_592' title='bbox 3589 1737 3765 1790; x_wconf 62' lang='lat' dir='ltr'><strong>diem.»</strong></span> 
     </span>
    </p>
   </div>
   <div class='ocr_carea' id='block_1_78' title="bbox 2250 1810 3768 1894">
    <p class='ocr_par' dir='ltr' id='par_1_78' title="bbox 2250 1810 3768 1894">
     <span class='ocr_line' id='line_1_80' title="bbox 2250 1810 3768 1894; baseline 0.011 -29"><span class='ocrx_word' id='word_1_593' title='bbox 2250 1810 2451 1866; x_wconf 88' lang='lat' dir='ltr'><strong>Vellem</strong></span> <span class='ocrx_word' id='word_1_594' title='bbox 2484 1817 2764 1884; x_wconf 90' lang='lat' dir='ltr'><strong>requirere</strong></span> <span class='ocrx_word' id='word_1_595' title='bbox 2787 1833 2816 1871; x_wconf 88' lang='lat' dir='ltr'><strong>a</strong></span> <span class='ocrx_word' id='word_1_596' title='bbox 2843 1817 3062 1885; x_wconf 75' lang='lat' dir='ltr'><strong>Judzeis.</strong></span> <span class='ocrx_word' id='word_1_597' title='bbox 3090 1835 3145 1878; x_wconf 88' lang='lat' dir='ltr'><strong>et</strong></span> <span class='ocrx_word' id='word_1_598' title='bbox 3183 1827 3254 1880; x_wconf 89' lang='lat' dir='ltr'><strong>ab</strong></span> <span class='ocrx_word' id='word_1_599' title='bbox 3291 1825 3358 1881; x_wconf 92' lang='lat' dir='ltr'><strong>iis</strong></span> <span class='ocrx_word' id='word_1_600' title='bbox 3407 1827 3494 1894; x_wconf 87' lang='lat' dir='ltr'><strong>qui</strong></span> <span class='ocrx_word' id='word_1_601' title='bbox 3523 1827 3768 1883; x_wconf 76' lang='lat' dir='ltr'><strong>Christiani</strong></span> 
     </span>
    </p>
   </div>
   <div class='ocr_carea' id='block_1_79' title="bbox 2245 1905 3769 1984">
    <p class='ocr_par' dir='ltr' id='par_1_79' title="bbox 2245 1905 3769 1984">
     <span class='ocr_line' id='line_1_81' title="bbox 2245 1905 3769 1984; baseline 0.012 -28"><span class='ocrx_word' id='word_1_602' title='bbox 2245 1905 2463 1972; x_wconf 86' lang='lat' dir='ltr'><strong>quidem</strong></span> <span class='ocrx_word' id='word_1_603' title='bbox 2491 1905 2765 1975; x_wconf 88' lang='lat' dir='ltr'><strong>dicuntur,</strong></span> <span class='ocrx_word' id='word_1_604' title='bbox 2810 1913 2902 1966; x_wconf 88' lang='lat' dir='ltr'><strong>sed</strong></span> <span class='ocrx_word' id='word_1_605' title='bbox 2955 1914 3008 1967; x_wconf 89' lang='lat' dir='ltr'><strong>in</strong></span> <span class='ocrx_word' id='word_1_606' title='bbox 3044 1913 3346 1984; x_wconf 91' lang='lat' dir='ltr'><strong>Scripturis</strong></span> <span class='ocrx_word' id='word_1_607' title='bbox 3379 1919 3546 1974; x_wconf 91' lang='lat' dir='ltr'><strong>adhuc</strong></span> <span class='ocrx_word' id='word_1_608' title='bbox 3591 1936 3769 1974; x_wconf 87' lang='lat' dir='ltr'><strong>sensum</strong></span> 
     </span>
    </p>
   </div>
   <div class='ocr_carea' id='block_1_80' title="bbox 2244 1996 3768 2076">
    <p class='ocr_par' dir='ltr' id='par_1_80' title="bbox 2244 1996 3768 2076">
     <span class='ocr_line' id='line_1_82' title="bbox 2244 1996 3768 2076; baseline 0.011 -26"><span class='ocrx_word' id='word_1_609' title='bbox 2244 1996 2526 2053; x_wconf 79' lang='lat' dir='ltr'><strong>.Iudaicum</strong></span> <span class='ocrx_word' id='word_1_610' title='bbox 2557 2012 2801 2067; x_wconf 86' lang='lat' dir='ltr'><strong>servant,</strong></span> <span class='ocrx_word' id='word_1_611' title='bbox 2830 2008 3099 2074; x_wconf 89' lang='lat' dir='ltr'><strong>quomodo</strong></span> <span class='ocrx_word' id='word_1_612' title='bbox 3121 2021 3400 2076; x_wconf 78' lang='lat' dir='ltr'><strong>exponant</strong></span> <span class='ocrx_word' id='word_1_613' title='bbox 3444 2011 3582 2067; x_wconf 83' lang='lat' dir='ltr'><strong>Raab</strong></span> <span class='ocrx_word' id='word_1_614' title='bbox 3625 2028 3768 2067; x_wconf 85' lang='lat' dir='ltr'><strong>mere-</strong></span> 
     </span>
    </p>
   </div>
   <div class='ocr_carea' id='block_1_81' title="bbox 2248 2090 3772 2172">
    <p class='ocr_par' dir='ltr' id='par_1_81' title="bbox 2248 2090 3772 2172">
     <span class='ocr_line' id='line_1_83' title="bbox 2248 2090 3772 2172; baseline 0.007 -27"><span class='ocrx_word' id='word_1_615' title='bbox 2248 2091 2438 2146; x_wconf 90' lang='lat' dir='ltr'><strong>tricem</strong></span> <span class='ocrx_word' id='word_1_616' title='bbox 2464 2090 2730 2160; x_wconf 72' lang='lat' dir='ltr'><strong>adiectam</strong></span> <span class='ocrx_word' id='word_1_617' title='bbox 2755 2110 2876 2151; x_wconf 88' lang='lat' dir='ltr'><strong>esse</strong></span> <span class='ocrx_word' id='word_1_618' title='bbox 2899 2099 3080 2152; x_wconf 91' lang='lat' dir='ltr'><strong>domui</strong></span> <span class='ocrx_word' id='word_1_619' title='bbox 3115 2097 3280 2155; x_wconf 89' lang='lat' dir='ltr'><strong>Israel</strong></span> <span class='ocrx_word' id='word_1_620' title='bbox 3318 2117 3486 2172; x_wconf 81' lang='lat' dir='ltr'><strong>usque</strong></span> <span class='ocrx_word' id='word_1_621' title='bbox 3513 2105 3561 2157; x_wconf 93' lang='lat' dir='ltr'><strong>in</strong></span> <span class='ocrx_word' id='word_1_622' title='bbox 3591 2103 3772 2158; x_wconf 87' lang='lat' dir='ltr'><strong>hodier-</strong></span> 
     </span>
    </p>
   </div>
   <div class='ocr_carea' id='block_1_82' title="bbox 2247 2184 3770 2262">
    <p class='ocr_par' dir='ltr' id='par_1_82' title="bbox 2247 2184 3770 2262">
     <span class='ocr_line' id='line_1_84' title="bbox 2247 2184 3770 2262; baseline 0.009 -26"><span class='ocrx_word' id='word_1_623' title='bbox 2247 2199 2372 2237; x_wconf 91' lang='lat' dir='ltr'><strong>num</strong></span> <span class='ocrx_word' id='word_1_624' title='bbox 2419 2185 2583 2240; x_wconf 91' lang='lat' dir='ltr'><strong>diem.</strong></span> <span class='ocrx_word' id='word_1_625' title='bbox 2639 2184 2922 2250; x_wconf 84' lang='lat' dir='ltr'><strong>Quomodo</strong></span> <span class='ocrx_word' id='word_1_626' title='bbox 2967 2189 3119 2244; x_wconf 90' lang='lat' dir='ltr'><strong>Raab</strong></span> <span class='ocrx_word' id='word_1_627' title='bbox 3176 2208 3351 2262; x_wconf 92' lang='lat' dir='ltr'><strong>usque</strong></span> <span class='ocrx_word' id='word_1_628' title='bbox 3396 2194 3447 2248; x_wconf 93' lang='lat' dir='ltr'><strong>in</strong></span> <span class='ocrx_word' id='word_1_629' title='bbox 3498 2193 3770 2249; x_wconf 86' lang='lat' dir='ltr'><strong>hodiernum</strong></span> 
     </span>
    </p>
   </div>
   <div class='ocr_carea' id='block_1_83' title="bbox 2245 2277 3771 2355">
    <p class='ocr_par' dir='ltr' id='par_1_83' title="bbox 2245 2277 3771 2355">
     <span class='ocr_line' id='line_1_85' title="bbox 2245 2277 3771 2355; baseline 0.008 -26"><span class='ocrx_word' id='word_1_630' title='bbox 2245 2278 2389 2331; x_wconf 84' lang='lat' dir='ltr'><strong>diem</strong></span> <span class='ocrx_word' id='word_1_631' title='bbox 2435 2277 2644 2344; x_wconf 87' lang='lat' dir='ltr'><strong>adjecta</strong></span> <span class='ocrx_word' id='word_1_632' title='bbox 2686 2291 2808 2334; x_wconf 89' lang='lat' dir='ltr'><strong>esse</strong></span> <span class='ocrx_word' id='word_1_633' title='bbox 2863 2282 3111 2336; x_wconf 84' lang='lat' dir='ltr'><strong>dicitur?</strong></span> <span class='ocrx_word' id='word_1_634' title='bbox 3159 2283 3278 2339; x_wconf 81' lang='lat' dir='ltr'><strong>Hoc</strong></span> <span class='ocrx_word' id='word_1_635' title='bbox 3333 2285 3476 2339; x_wconf 91' lang='lat' dir='ltr'><strong>enim</strong></span> <span class='ocrx_word' id='word_1_636' title='bbox 3520 2285 3771 2355; x_wconf 76' lang='lat' dir='ltr'><strong>Scriptura:</strong></span> 
     </span>
    </p>
   </div>
   <div class='ocr_carea' id='block_1_84' title="bbox 2245 2374 3766 2448">
    <p class='ocr_par' dir='ltr' id='par_1_84' title="bbox 2245 2374 3766 2448">
     <span class='ocr_line' id='line_1_86' title="bbox 2245 2374 3766 2448; baseline 0.003 -22"><span class='ocrx_word' id='word_1_637' title='bbox 2245 2381 2446 2426; x_wconf 72' lang='lat' dir='ltr'><strong>sancta:</strong></span> <span class='ocrx_word' id='word_1_638' title='bbox 2473 2374 2640 2428; x_wconf 90' lang='lat' dir='ltr'><strong>moris</strong></span> <span class='ocrx_word' id='word_1_639' title='bbox 2663 2383 2742 2428; x_wconf 86' lang='lat' dir='ltr'><strong>est</strong></span> <span class='ocrx_word' id='word_1_640' title='bbox 2766 2375 2953 2429; x_wconf 89' lang='lat' dir='ltr'><strong>dicere</strong></span> <span class='ocrx_word' id='word_1_641' title='bbox 2977 2375 3043 2430; x_wconf 85' lang='lat' dir='ltr'><strong>de</strong></span> <span class='ocrx_word' id='word_1_642' title='bbox 3084 2376 3150 2431; x_wconf 92' lang='lat' dir='ltr'><strong>iis</strong></span> <span class='ocrx_word' id='word_1_643' title='bbox 3183 2391 3308 2446; x_wconf 69' lang='lat' dir='ltr'><strong>quae</strong></span> <span class='ocrx_word' id='word_1_644' title='bbox 3338 2393 3505 2448; x_wconf 88' lang='lat' dir='ltr'><strong>usque</strong></span> <span class='ocrx_word' id='word_1_645' title='bbox 3531 2379 3593 2432; x_wconf 86' lang='lat' dir='ltr'><strong>ad</strong></span> <span class='ocrx_word' id='word_1_646' title='bbox 3631 2378 3766 2433; x_wconf 84' lang='lat' dir='ltr'><strong>linem</strong></span> 
     </span>
    </p>
   </div>
   <div class='ocr_carea' id='block_1_85' title="bbox 2246 2463 3760 2537">
    <p class='ocr_par' dir='ltr' id='par_1_85' title="bbox 2246 2463 3760 2537">
     <span class='ocr_line' id='line_1_87' title="bbox 2246 2463 3760 2537; baseline 0.005 -21"><span class='ocrx_word' id='word_1_647' title='bbox 2246 2463 2328 2519; x_wconf 90' lang='lat' dir='ltr'><strong>vel</strong></span> <span class='ocrx_word' id='word_1_648' title='bbox 2360 2463 2486 2519; x_wconf 67' lang='lat' dir='ltr'><strong>vita:</strong></span> <span class='ocrx_word' id='word_1_649' title='bbox 2530 2465 2615 2519; x_wconf 88' lang='lat' dir='ltr'><strong>vel</strong></span> <span class='ocrx_word' id='word_1_650' title='bbox 2654 2467 2834 2520; x_wconf 72' lang='lat' dir='ltr'><strong>saeculi</strong></span> <span class='ocrx_word' id='word_1_651' title='bbox 2890 2478 3234 2537; x_wconf 88' lang='lat' dir='ltr'><strong>permanent.</strong></span> <span class='ocrx_word' id='word_1_652' title='bbox 3301 2471 3460 2526; x_wconf 76' lang='lat' dir='ltr'><strong>Verbi</strong></span> <span class='ocrx_word' id='word_1_653' title='bbox 3509 2485 3675 2534; x_wconf 86' lang='lat' dir='ltr'><strong>causa,</strong></span> <span class='ocrx_word' id='word_1_654' title='bbox 3713 2481 3760 2524; x_wconf 91' lang='lat' dir='ltr'><strong>ut</strong></span> 
     </span>
    </p>
   </div>
   <div class='ocr_carea' id='block_1_86' title="bbox 2243 2557 3766 2630">
    <p class='ocr_par' dir='ltr' id='par_1_86' title="bbox 2243 2557 3766 2630">
     <span class='ocr_line' id='line_1_88' title="bbox 2243 2557 3766 2630; baseline 0.003 -18"><span class='ocrx_word' id='word_1_655' title='bbox 2243 2558 2321 2612; x_wconf 90' lang='lat' dir='ltr'><strong>ait</strong></span> <span class='ocrx_word' id='word_1_656' title='bbox 2356 2557 2400 2589; x_wconf 73' lang='grc'><strong><em>⁸³</em></strong></span> <span class='ocrx_word' id='word_1_657' title='bbox 2431 2574 2446 2610; x_wconf 92' lang='lat'><strong>:</strong></span> <span class='ocrx_word' id='word_1_658' title='bbox 2482 2576 2501 2609; x_wconf 72' lang='grc' dir='ltr'>ε</span> <span class='ocrx_word' id='word_1_659' title='bbox 2537 2557 2633 2613; x_wconf 83' lang='lat' dir='ltr'><strong>[lic</strong></span> <span class='ocrx_word' id='word_1_660' title='bbox 2657 2570 2815 2628; x_wconf 84' lang='lat' dir='ltr'><strong>pater</strong></span> <span class='ocrx_word' id='word_1_661' title='bbox 2839 2568 2924 2613; x_wconf 89' lang='lat' dir='ltr'><strong>est</strong></span> <span class='ocrx_word' id='word_1_662' title='bbox 2960 2558 3325 2617; x_wconf 79' lang='lat' dir='ltr'><strong>Moabitarum</strong></span> <span class='ocrx_word' id='word_1_663' title='bbox 3377 2577 3541 2630; x_wconf 89' lang='lat' dir='ltr'><strong>usque</strong></span> <span class='ocrx_word' id='word_1_664' title='bbox 3592 2564 3638 2617; x_wconf 92' lang='lat' dir='ltr'><strong>in</strong></span> <span class='ocrx_word' id='word_1_665' title='bbox 3684 2564 3766 2618; x_wconf 87' lang='lat' dir='ltr'><strong>ho-</strong></span> 
     </span>
    </p>
   </div>
   <div class='ocr_carea' id='block_1_87' title="bbox 2244 2651 3770 2724">
    <p class='ocr_par' dir='ltr' id='par_1_87' title="bbox 2244 2651 3770 2724">
     <span class='ocr_line' id='line_1_89' title="bbox 2244 2651 3770 2724; baseline 0.003 -20"><span class='ocrx_word' id='word_1_666' title='bbox 2244 2651 2496 2706; x_wconf 90' lang='lat' dir='ltr'><strong>diernum</strong></span> <span class='ocrx_word' id='word_1_667' title='bbox 2528 2651 2692 2716; x_wconf 88' lang='lat' dir='ltr'><strong>diem,</strong></span> <span class='ocrx_word' id='word_1_668' title='bbox 2739 2671 2759 2704; x_wconf 74' lang='grc' dir='ltr'><strong>ι</strong></span> <span class='ocrx_word' id='word_1_669' title='bbox 2803 2651 2948 2721; x_wconf 92' lang='lat' dir='ltr'><strong>quod</strong></span> <span class='ocrx_word' id='word_1_670' title='bbox 3013 2653 3292 2723; x_wconf 79' lang='lat' dir='ltr'><strong>signiﬁcat</strong></span> <span class='ocrx_word' id='word_1_671' title='bbox 3328 2671 3493 2724; x_wconf 89' lang='lat' dir='ltr'><strong>usque</strong></span> <span class='ocrx_word' id='word_1_672' title='bbox 3542 2657 3592 2710; x_wconf 90' lang='lat' dir='ltr'><strong>in</strong></span> <span class='ocrx_word' id='word_1_673' title='bbox 3640 2655 3770 2710; x_wconf 85' lang='lat' dir='ltr'><strong>ﬁnem</strong></span> 
     </span>
    </p>
   </div>
   <div class='ocr_carea' id='block_1_88' title="bbox 2244 2744 3770 2820">
    <p class='ocr_par' dir='ltr' id='par_1_88' title="bbox 2244 2744 3770 2820">
     <span class='ocr_line' id='line_1_90' title="bbox 2244 2744 3770 2820; baseline 0.001 -21"><span class='ocrx_word' id='word_1_674' title='bbox 2244 2744 2456 2800; x_wconf 68' lang='lat' dir='ltr'><strong>saeculi.</strong></span> <span class='ocrx_word' id='word_1_675' title='bbox 2494 2744 2559 2799; x_wconf 80' lang='lat' dir='ltr'><strong>Et</strong></span> <span class='ocrx_word' id='word_1_676' title='bbox 2585 2745 2784 2799; x_wconf 92' lang='lat' dir='ltr'><strong>iterum</strong></span> <span class='ocrx_word' id='word_1_677' title='bbox 2817 2745 3016 2800; x_wconf 90' lang='lat' dir='ltr'><strong>dicitur</strong></span> <span class='ocrx_word' id='word_1_678' title='bbox 3038 2747 3091 2800; x_wconf 92' lang='lat' dir='ltr'><strong>in</strong></span> <span class='ocrx_word' id='word_1_679' title='bbox 3123 2745 3418 2818; x_wconf 80' lang='lat' dir='ltr'><strong>Evangelia</strong></span> <span class='ocrx_word' id='word_1_680' title='bbox 3441 2751 3508 2814; x_wconf 80' lang='grc'><strong>⁸³,</strong></span> <span class='ocrx_word' id='word_1_681' title='bbox 3531 2750 3643 2820; x_wconf 87' lang='lat' dir='ltr'><strong>quia</strong></span> <span class='ocrx_word' id='word_1_682' title='bbox 3693 2749 3770 2803; x_wconf 57' lang='lat' dir='ltr'><strong>dii-</strong></span> 
     </span>
    </p>
   </div>
   <div class='ocr_carea' id='block_1_89' title="bbox 2245 2837 3771 2912">
    <p class='ocr_par' dir='ltr' id='par_1_89' title="bbox 2245 2837 3771 2912">
     <span class='ocr_line' id='line_1_91' title="bbox 2245 2837 3771 2912; baseline 0.003 -21"><span class='ocrx_word' id='word_1_683' title='bbox 2245 2837 2479 2894; x_wconf 71' lang='lat' dir='ltr'><strong>{amatus</strong></span> <span class='ocrx_word' id='word_1_684' title='bbox 2507 2847 2591 2893; x_wconf 91' lang='lat' dir='ltr'><strong>est</strong></span> <span class='ocrx_word' id='word_1_685' title='bbox 2619 2853 2800 2893; x_wconf 90' lang='lat' dir='ltr'><strong>sermo</strong></span> <span class='ocrx_word' id='word_1_686' title='bbox 2842 2838 2929 2893; x_wconf 93' lang='lat' dir='ltr'><strong>hic</strong></span> <span class='ocrx_word' id='word_1_687' title='bbox 2959 2839 3100 2908; x_wconf 83' lang='lat' dir='ltr'><strong>apud</strong></span> <span class='ocrx_word' id='word_1_688' title='bbox 3137 2838 3360 2897; x_wconf 69' lang='lat' dir='ltr'><strong>Judzeos</strong></span> <span class='ocrx_word' id='word_1_689' title='bbox 3401 2857 3563 2912; x_wconf 87' lang='lat' dir='ltr'><strong>usque</strong></span> <span class='ocrx_word' id='word_1_690' title='bbox 3611 2843 3658 2896; x_wconf 92' lang='lat' dir='ltr'><strong>in</strong></span> <span class='ocrx_word' id='word_1_691' title='bbox 3693 2843 3771 2895; x_wconf 84' lang='lat' dir='ltr'><strong>ho-</strong></span> 
     </span>
    </p>
   </div>
   <div class='ocr_carea' id='block_1_90' title="bbox 2241 2931 3766 3004">
    <p class='ocr_par' dir='ltr' id='par_1_90' title="bbox 2241 2931 3766 3004">
     <span class='ocr_line' id='line_1_92' title="bbox 2241 2931 3766 3004; baseline 0 -18"><span class='ocrx_word' id='word_1_692' title='bbox 2241 2933 2493 2986; x_wconf 90' lang='lat' dir='ltr'><strong>diernum</strong></span> <span class='ocrx_word' id='word_1_693' title='bbox 2551 2931 2715 2998; x_wconf 90' lang='lat' dir='ltr'><strong>diem,</strong></span> <span class='ocrx_word' id='word_1_694' title='bbox 2772 2931 2826 2984; x_wconf 89' lang='lat' dir='ltr'><strong>id</strong></span> <span class='ocrx_word' id='word_1_695' title='bbox 2885 2939 2968 2986; x_wconf 89' lang='lat' dir='ltr'><strong>est</strong></span> <span class='ocrx_word' id='word_1_696' title='bbox 3047 2947 3331 3004; x_wconf 90' lang='lat' dir='ltr'><strong>usquequo</strong></span> <span class='ocrx_word' id='word_1_697' title='bbox 3374 2936 3612 2990; x_wconf 65' lang='lat' dir='ltr'><strong>saeculum</strong></span> <span class='ocrx_word' id='word_1_698' title='bbox 3664 2944 3766 2989; x_wconf 90' lang='lat' dir='ltr'><strong>stat.</strong></span> 
     </span>
    </p>
   </div>
   <div class='ocr_carea' id='block_1_91' title="bbox 2164 3024 3766 3098">
    <p class='ocr_par' dir='ltr' id='par_1_91' title="bbox 2164 3024 3766 3098">
     <span class='ocr_line' id='line_1_93' title="bbox 2164 3024 3766 3098; baseline 0 -18"><span class='ocrx_word' id='word_1_699' title='bbox 2164 3038 2206 3094; x_wconf 73' lang='grc' dir='ltr'>ε</span> <span class='ocrx_word' id='word_1_700' title='bbox 2243 3025 2393 3080; x_wconf 89' lang='lat' dir='ltr'><strong>Raab</strong></span> <span class='ocrx_word' id='word_1_701' title='bbox 2448 3039 2577 3079; x_wconf 87' lang='lat' dir='ltr'><strong>vero</strong></span> <span class='ocrx_word' id='word_1_702' title='bbox 2621 3024 2881 3079; x_wconf 80' lang='lat' dir='ltr'><strong>meretrix</strong></span> <span class='ocrx_word' id='word_1_703' title='bbox 2921 3025 2999 3098; x_wconf 83' lang='lat'><strong>(5)</strong></span> <span class='ocrx_word' id='word_1_704' title='bbox 3025 3028 3298 3095; x_wconf 92' lang='lat' dir='ltr'><strong>quomodo</strong></span> <span class='ocrx_word' id='word_1_705' title='bbox 3357 3027 3556 3095; x_wconf 90' lang='lat' dir='ltr'><strong>adjecta</strong></span> <span class='ocrx_word' id='word_1_706' title='bbox 3600 3029 3766 3082; x_wconf 88' lang='lat' dir='ltr'><strong>dicitur</strong></span> 
     </span>
    </p>
   </div>
   <div class='ocr_carea' id='block_1_92' title="bbox 2244 3117 3766 3189">
    <p class='ocr_par' dir='ltr' id='par_1_92' title="bbox 2244 3117 3766 3189">
     <span class='ocr_line' id='line_1_94' title="bbox 2244 3117 3766 3189; baseline -0.002 -16"><span class='ocrx_word' id='word_1_707' title='bbox 2244 3119 2423 3173; x_wconf 89' lang='lat' dir='ltr'><strong>domui</strong></span> <span class='ocrx_word' id='word_1_708' title='bbox 2458 3117 2624 3174; x_wconf 88' lang='lat' dir='ltr'><strong>Israel</strong></span> <span class='ocrx_word' id='word_1_709' title='bbox 2646 3133 2814 3189; x_wconf 88' lang='lat' dir='ltr'><strong>usque</strong></span> <span class='ocrx_word' id='word_1_710' title='bbox 2848 3117 2900 3172; x_wconf 90' lang='lat' dir='ltr'><strong>in</strong></span> <span class='ocrx_word' id='word_1_711' title='bbox 2935 3118 3254 3174; x_wconf 89' lang='lat' dir='ltr'><strong>hodiernum</strong></span> <span class='ocrx_word' id='word_1_712' title='bbox 3307 3121 3448 3176; x_wconf 89' lang='lat' dir='ltr'><strong>diem</strong></span> <span class='ocrx_word' id='word_1_713' title='bbox 3481 3121 3501 3175; x_wconf 67' lang='grc' dir='ltr'><strong>ξ</strong></span> <span class='ocrx_word' id='word_1_714' title='bbox 3558 3117 3766 3189; x_wconf 84' lang='lat' dir='ltr'><strong>Nunquid</strong></span> 
     </span>
    </p>
   </div>
   <div class='ocr_carea' id='block_1_93' title="bbox 2245 3209 3770 3278">
    <p class='ocr_par' dir='ltr' id='par_1_93' title="bbox 2245 3209 3770 3278">
     <span class='ocr_line' id='line_1_95' title="bbox 2245 3209 3770 3278; baseline -0.001 -14"><span class='ocrx_word' id='word_1_715' title='bbox 2245 3210 2406 3264; x_wconf 85' lang='lat' dir='ltr'><strong>matri</strong></span> <span class='ocrx_word' id='word_1_716' title='bbox 2445 3210 2723 3266; x_wconf 90' lang='lat' dir='ltr'><strong>successio</strong></span> <span class='ocrx_word' id='word_1_717' title='bbox 2759 3209 3096 3278; x_wconf 85' lang='lat' dir='ltr'><strong>posteritatis</strong></span> <span class='ocrx_word' id='word_1_718' title='bbox 3138 3213 3451 3277; x_wconf 90' lang='lat' dir='ltr'><strong>ascribitur,</strong></span> <span class='ocrx_word' id='word_1_719' title='bbox 3477 3223 3532 3268; x_wconf 93' lang='lat' dir='ltr'><strong>ut</strong></span> <span class='ocrx_word' id='word_1_720' title='bbox 3569 3213 3770 3267; x_wconf 81' lang='lat' dir='ltr'><strong>videatur</strong></span> 
     </span>
    </p>
   </div>
   <div class='ocr_carea' id='block_1_94' title="bbox 2246 3299 3772 3370">
    <p class='ocr_par' dir='ltr' id='par_1_94' title="bbox 2246 3299 3772 3370">
     <span class='ocr_line' id='line_1_96' title="bbox 2246 3299 3772 3370; baseline -0.001 -16"><span class='ocrx_word' id='word_1_721' title='bbox 2246 3299 2300 3354; x_wconf 92' lang='lat' dir='ltr'><strong>in</strong></span> <span class='ocrx_word' id='word_1_722' title='bbox 2332 3300 2536 3357; x_wconf 91' lang='lat' dir='ltr'><strong>sobolis</strong></span> <span class='ocrx_word' id='word_1_723' title='bbox 2567 3300 2912 3370; x_wconf 88' lang='lat' dir='ltr'><strong>reparatione</strong></span> <span class='ocrx_word' id='word_1_724' title='bbox 2945 3301 3151 3356; x_wconf 90' lang='lat' dir='ltr'><strong>servari</strong></span> <span class='ocrx_word' id='word_1_725' title='bbox 3181 3302 3315 3358; x_wconf 86' lang='lat' dir='ltr'><strong>?An</strong></span> <span class='ocrx_word' id='word_1_726' title='bbox 3363 3304 3488 3358; x_wconf 91' lang='lat' dir='ltr'><strong>illud</strong></span> <span class='ocrx_word' id='word_1_727' title='bbox 3530 3303 3682 3366; x_wconf 77' lang='lat' dir='ltr'><strong>magis</strong></span> <span class='ocrx_word' id='word_1_728' title='bbox 3707 3301 3772 3354; x_wconf 88' lang='lat' dir='ltr'><strong>in-</strong></span> 
     </span>
    </p>
   </div>
   <div class='ocr_carea' id='block_1_95' title="bbox 2250 3393 3769 3464">
    <p class='ocr_par' dir='ltr' id='par_1_95' title="bbox 2250 3393 3769 3464">
     <span class='ocr_line' id='line_1_97' title="bbox 2250 3393 3769 3464; baseline 0 -18"><span class='ocrx_word' id='word_1_729' title='bbox 2250 3393 2594 3464; x_wconf 85' lang='lat' dir='ltr'><strong>telligendum</strong></span> <span class='ocrx_word' id='word_1_730' title='bbox 2630 3401 2734 3458; x_wconf 92' lang='lat' dir='ltr'><strong>est,</strong></span> <span class='ocrx_word' id='word_1_731' title='bbox 2755 3393 2901 3461; x_wconf 90' lang='lat' dir='ltr'><strong>quod</strong></span> <span class='ocrx_word' id='word_1_732' title='bbox 2931 3408 3061 3448; x_wconf 88' lang='lat' dir='ltr'><strong>vero</strong></span> <span class='ocrx_word' id='word_1_733' title='bbox 3095 3393 3281 3448; x_wconf 88' lang='lat' dir='ltr'><strong>lsraeli</strong></span> <span class='ocrx_word' id='word_1_734' title='bbox 3325 3395 3565 3462; x_wconf 88' lang='lat' dir='ltr'><strong>adjuncta</strong></span> <span class='ocrx_word' id='word_1_735' title='bbox 3592 3409 3647 3447; x_wconf 84' lang='lat' dir='ltr'><strong>ac</strong></span> <span class='ocrx_word' id='word_1_736' title='bbox 3696 3407 3769 3447; x_wconf 87' lang='lat' dir='ltr'><strong>so-</strong></span> 
     </span>
    </p>
   </div>
   <div class='ocr_carea' id='block_1_96' title="bbox 2245 3484 3770 3553">
    <p class='ocr_par' dir='ltr' id='par_1_96' title="bbox 2245 3484 3770 3553">
     <span class='ocr_line' id='line_1_98' title="bbox 2245 3484 3770 3553; baseline -0.003 -13"><span class='ocrx_word' id='word_1_737' title='bbox 2245 3487 2387 3540; x_wconf 90' lang='lat' dir='ltr'><strong>ciata</strong></span> <span class='ocrx_word' id='word_1_738' title='bbox 2416 3495 2498 3539; x_wconf 90' lang='lat' dir='ltr'><strong>est</strong></span> <span class='ocrx_word' id='word_1_739' title='bbox 2524 3499 2694 3553; x_wconf 91' lang='lat' dir='ltr'><strong>usque</strong></span> <span class='ocrx_word' id='word_1_740' title='bbox 2723 3484 2776 3536; x_wconf 91' lang='lat' dir='ltr'><strong>in</strong></span> <span class='ocrx_word' id='word_1_741' title='bbox 2809 3484 3131 3540; x_wconf 90' lang='lat' dir='ltr'><strong>hodiernum</strong></span> <span class='ocrx_word' id='word_1_742' title='bbox 3159 3484 3305 3539; x_wconf 89' lang='lat' dir='ltr'><strong>diem</strong></span> <span class='ocrx_word' id='word_1_743' title='bbox 3336 3485 3360 3540; x_wconf 86' lang='lat'><strong>?</strong></span> <span class='ocrx_word' id='word_1_744' title='bbox 3407 3485 3473 3539; x_wconf 89' lang='lat' dir='ltr'><strong>Et</strong></span> <span class='ocrx_word' id='word_1_745' title='bbox 3501 3485 3541 3539; x_wconf 85' lang='lat' dir='ltr'><strong>si</strong></span> <span class='ocrx_word' id='word_1_746' title='bbox 3576 3484 3645 3537; x_wconf 83' lang='lat' dir='ltr'><strong>vis</strong></span> <span class='ocrx_word' id='word_1_747' title='bbox 3680 3497 3770 3536; x_wconf 89' lang='lat' dir='ltr'><strong>ma-</strong></span> 
     </span>
    </p>
   </div>
   <div class='ocr_carea' id='block_1_97' title="bbox 2246 3576 3765 3650">
    <p class='ocr_par' dir='ltr' id='par_1_97' title="bbox 2246 3576 3765 3650">
     <span class='ocr_line' id='line_1_99' title="bbox 2246 3576 3765 3650; baseline -0.003 -17"><span class='ocrx_word' id='word_1_748' title='bbox 2246 3578 2493 3634; x_wconf 81' lang='lat' dir='ltr'><strong>nifestius</strong></span> <span class='ocrx_word' id='word_1_749' title='bbox 2534 3579 2718 3633; x_wconf 88' lang='lat' dir='ltr'><strong>videre</strong></span> <span class='ocrx_word' id='word_1_750' title='bbox 2749 3579 3021 3649; x_wconf 89' lang='lat' dir='ltr'><strong>quomodo</strong></span> <span class='ocrx_word' id='word_1_751' title='bbox 3056 3579 3244 3634; x_wconf 87' lang='lat' dir='ltr'><strong>Rahab</strong></span> <span class='ocrx_word' id='word_1_752' title='bbox 3267 3581 3570 3650; x_wconf 80' lang='lat' dir='ltr'><strong>adjungitur</strong></span> <span class='ocrx_word' id='word_1_753' title='bbox 3596 3576 3765 3640; x_wconf 86' lang='lat' dir='ltr'><strong>lsraeli,</strong></span> 
     </span>
    </p>
   </div>
   <div class='ocr_carea' id='block_1_98' title="bbox 2247 3669 3768 3744">
    <p class='ocr_par' dir='ltr' id='par_1_98' title="bbox 2247 3669 3768 3744">
     <span class='ocr_line' id='line_1_100' title="bbox 2247 3669 3768 3744; baseline -0.004 -17"><span class='ocrx_word' id='word_1_754' title='bbox 2247 3676 2460 3729; x_wconf 88' lang='lat' dir='ltr'><strong>intuere</strong></span> <span class='ocrx_word' id='word_1_755' title='bbox 2485 3672 2757 3744; x_wconf 88' lang='lat' dir='ltr'><strong>quomodo</strong></span> <span class='ocrx_word' id='word_1_756' title='bbox 2793 3686 2974 3726; x_wconf 90' lang='lat' dir='ltr'><strong>ramus</strong></span> <span class='ocrx_word' id='word_1_757' title='bbox 3005 3671 3225 3726; x_wconf 89' lang='lat' dir='ltr'><strong>oleastri</strong></span> <span class='ocrx_word' id='word_1_758' title='bbox 3252 3673 3510 3728; x_wconf 84' lang='lat' dir='ltr'><strong>inseritur</strong></span> <span class='ocrx_word' id='word_1_759' title='bbox 3561 3673 3607 3725; x_wconf 90' lang='lat' dir='ltr'><strong>in</strong></span> <span class='ocrx_word' id='word_1_760' title='bbox 3652 3669 3768 3723; x_wconf 86' lang='lat' dir='ltr'><strong>radi-</strong></span> 
     </span>
    </p>
   </div>
   <div class='ocr_carea' id='block_1_99' title="bbox 2246 3763 3769 3836">
    <p class='ocr_par' dir='ltr' id='par_1_99' title="bbox 2246 3763 3769 3836">
     <span class='ocr_line' id='line_1_101' title="bbox 2246 3763 3769 3836; baseline -0.007 -12"><span class='ocrx_word' id='word_1_761' title='bbox 2246 3784 2363 3824; x_wconf 86' lang='lat' dir='ltr'><strong>cem</strong></span> <span class='ocrx_word' id='word_1_762' title='bbox 2400 3768 2555 3824; x_wconf 71' lang='lat' dir='ltr'><strong>bona:</strong></span> <span class='ocrx_word' id='word_1_763' title='bbox 2588 3765 2747 3821; x_wconf 65' lang='lat' dir='ltr'><strong>oliva:</strong></span> <span class='ocrx_word' id='word_1_764' title='bbox 2778 3766 2846 3828; x_wconf 81' lang='grc'><strong>⁸³,</strong></span> <span class='ocrx_word' id='word_1_765' title='bbox 2873 3774 2929 3819; x_wconf 90' lang='lat' dir='ltr'><strong>et</strong></span> <span class='ocrx_word' id='word_1_766' title='bbox 2955 3765 3225 3835; x_wconf 82' lang='lat' dir='ltr'><strong>intelliges</strong></span> <span class='ocrx_word' id='word_1_767' title='bbox 3246 3767 3512 3836; x_wconf 88' lang='lat' dir='ltr'><strong>quomodo</strong></span> <span class='ocrx_word' id='word_1_768' title='bbox 3541 3766 3571 3819; x_wconf 93' lang='lat' dir='ltr'><strong>ii</strong></span> <span class='ocrx_word' id='word_1_769' title='bbox 3601 3764 3678 3834; x_wconf 89' lang='lat' dir='ltr'><strong>qui</strong></span> <span class='ocrx_word' id='word_1_770' title='bbox 3702 3763 3769 3815; x_wconf 88' lang='lat' dir='ltr'><strong>in-</strong></span> 
     </span>
    </p>
   </div>
   <div class='ocr_carea' id='block_1_100' title="bbox 2245 3858 3771 3922">
    <p class='ocr_par' dir='ltr' id='par_1_100' title="bbox 2245 3858 3771 3922">
     <span class='ocr_line' id='line_1_102' title="bbox 2245 3858 3771 3922; baseline -0.009 -2"><span class='ocrx_word' id='word_1_771' title='bbox 2245 3863 2380 3920; x_wconf 91' lang='lat' dir='ltr'><strong>serti</strong></span> <span class='ocrx_word' id='word_1_772' title='bbox 2415 3873 2541 3916; x_wconf 90' lang='lat' dir='ltr'><strong>sunt</strong></span> <span class='ocrx_word' id='word_1_773' title='bbox 2578 3861 2702 3916; x_wconf 83' lang='lat' dir='ltr'><strong>ﬁdei</strong></span> <span class='ocrx_word' id='word_1_774' title='bbox 2743 3860 2974 3914; x_wconf 74' lang='lat' dir='ltr'><strong>Abrahae</strong></span> <span class='ocrx_word' id='word_1_775' title='bbox 3001 3869 3056 3913; x_wconf 92' lang='lat' dir='ltr'><strong>et</strong></span> <span class='ocrx_word' id='word_1_776' title='bbox 3112 3858 3267 3913; x_wconf 87' lang='lat' dir='ltr'><strong>Isaac</strong></span> <span class='ocrx_word' id='word_1_777' title='bbox 3317 3868 3374 3913; x_wconf 90' lang='lat' dir='ltr'><strong>et</strong></span> <span class='ocrx_word' id='word_1_778' title='bbox 3423 3858 3581 3914; x_wconf 80' lang='lat' dir='ltr'><strong>Jacob</strong></span> <span class='ocrx_word' id='word_1_779' title='bbox 3608 3897 3621 3922; x_wconf 95' lang='lat'><strong>,</strong></span> <span class='ocrx_word' id='word_1_780' title='bbox 3653 3862 3771 3909; x_wconf 88' lang='lat' dir='ltr'><strong>recte</strong></span> 
     </span>
    </p>
   </div>
   <div class='ocr_carea' id='block_1_101' title="bbox 2245 3948 3770 4029">
    <p class='ocr_par' dir='ltr' id='par_1_101' title="bbox 2245 3948 3770 4029">
     <span class='ocr_line' id='line_1_103' title="bbox 2245 3948 3770 4029; baseline -0.012 -16"><span class='ocrx_word' id='word_1_781' title='bbox 2245 3958 2474 4029; x_wconf 78' lang='lat' dir='ltr'><strong>appositi</strong></span> <span class='ocrx_word' id='word_1_782' title='bbox 2506 3956 2763 4011; x_wconf 90' lang='lat' dir='ltr'><strong>dicuntur</strong></span> <span class='ocrx_word' id='word_1_783' title='bbox 2785 3963 2841 4009; x_wconf 90' lang='lat' dir='ltr'><strong>et</strong></span> <span class='ocrx_word' id='word_1_784' title='bbox 2864 3953 3058 4023; x_wconf 82' lang='lat' dir='ltr'><strong>adjecti</strong></span> <span class='ocrx_word' id='word_1_785' title='bbox 3101 3954 3168 4006; x_wconf 88' lang='lat' dir='ltr'><strong>ad</strong></span> <span class='ocrx_word' id='word_1_786' title='bbox 3208 3951 3376 4008; x_wconf 87' lang='lat' dir='ltr'><strong>Israel</strong></span> <span class='ocrx_word' id='word_1_787' title='bbox 3411 3966 3569 4022; x_wconf 90' lang='lat' dir='ltr'><strong>usque</strong></span> <span class='ocrx_word' id='word_1_788' title='bbox 3599 3951 3644 4003; x_wconf 94' lang='lat' dir='ltr'><strong>in</strong></span> <span class='ocrx_word' id='word_1_789' title='bbox 3695 3948 3770 3999; x_wconf 82' lang='lat' dir='ltr'><strong>hn-</strong></span> 
     </span>
    </p>
   </div>
   <div class='ocr_carea' id='block_1_102' title="bbox 2246 4043 3769 4116">
    <p class='ocr_par' dir='ltr' id='par_1_102' title="bbox 2246 4043 3769 4116">
     <span class='ocr_line' id='line_1_104' title="bbox 2246 4043 3769 4116; baseline -0.009 -11"><span class='ocrx_word' id='word_1_790' title='bbox 2246 4053 2494 4106; x_wconf 91' lang='lat' dir='ltr'><strong>diernum</strong></span> <span class='ocrx_word' id='word_1_791' title='bbox 2535 4048 2677 4103; x_wconf 90' lang='lat' dir='ltr'><strong>diem</strong></span> <span class='ocrx_word' id='word_1_792' title='bbox 2708 4064 2720 4099; x_wconf 90' lang='lat'><strong>:</strong></span> <span class='ocrx_word' id='word_1_793' title='bbox 2752 4046 2878 4116; x_wconf 88' lang='lat' dir='ltr'><strong>quia</strong></span> <span class='ocrx_word' id='word_1_794' title='bbox 2919 4046 2974 4100; x_wconf 89' lang='lat' dir='ltr'><strong>in</strong></span> <span class='ocrx_word' id='word_1_795' title='bbox 3009 4045 3228 4100; x_wconf 90' lang='lat' dir='ltr'><strong>illorum</strong></span> <span class='ocrx_word' id='word_1_796' title='bbox 3291 4046 3520 4102; x_wconf 90' lang='lat' dir='ltr'><strong>radicem</strong></span> <span class='ocrx_word' id='word_1_797' title='bbox 3573 4043 3641 4112; x_wconf 88' lang='grc'>(6)</span> <span class='ocrx_word' id='word_1_798' title='bbox 3690 4054 3769 4093; x_wconf 91' lang='lat' dir='ltr'><strong>nos</strong></span> 
     </span>
    </p>
   </div>
   <div class='ocr_carea' id='block_1_103' title="bbox 2248 4133 3769 4209">
    <p class='ocr_par' dir='ltr' id='par_1_103' title="bbox 2248 4133 3769 4209">
     <span class='ocr_line' id='line_1_105' title="bbox 2248 4133 3769 4209; baseline -0.01 -10"><span class='ocrx_word' id='word_1_799' title='bbox 2248 4144 2383 4199; x_wconf 91' lang='lat' dir='ltr'><strong>rami</strong></span> <span class='ocrx_word' id='word_1_800' title='bbox 2418 4141 2638 4196; x_wconf 88' lang='lat' dir='ltr'><strong>oleastri</strong></span> <span class='ocrx_word' id='word_1_801' title='bbox 2678 4155 2742 4194; x_wconf 82' lang='lat' dir='ltr'><strong>ex</strong></span> <span class='ocrx_word' id='word_1_802' title='bbox 2780 4139 3030 4209; x_wconf 89' lang='lat' dir='ltr'><strong>gentibus</strong></span> <span class='ocrx_word' id='word_1_803' title='bbox 3068 4139 3353 4209; x_wconf 86' lang='lat' dir='ltr'><strong>assumpti,</strong></span> <span class='ocrx_word' id='word_1_804' title='bbox 3386 4139 3473 4208; x_wconf 92' lang='lat' dir='ltr'><strong>qui</strong></span> <span class='ocrx_word' id='word_1_805' title='bbox 3521 4133 3769 4204; x_wconf 86' lang='lat' dir='ltr'><strong>aliquando</strong></span> 
     </span>
    </p>
   </div>
   <div class='ocr_carea' id='block_1_104' title="bbox 2248 4229 3769 4301">
    <p class='ocr_par' dir='ltr' id='par_1_104' title="bbox 2248 4229 3769 4301">
     <span class='ocr_line' id='line_1_106' title="bbox 2248 4229 3769 4301; baseline -0.009 -9"><span class='ocrx_word' id='word_1_806' title='bbox 2248 4235 2754 4296; x_wconf 87' lang='lat' dir='ltr'><strong>meretricabamur,</strong></span> <span class='ocrx_word' id='word_1_807' title='bbox 2780 4233 2986 4298; x_wconf 85' lang='lat' dir='ltr'><strong>lignum</strong></span> <span class='ocrx_word' id='word_1_808' title='bbox 3021 4242 3076 4286; x_wconf 90' lang='lat' dir='ltr'><strong>et</strong></span> <span class='ocrx_word' id='word_1_809' title='bbox 3126 4232 3358 4301; x_wconf 87' lang='lat' dir='ltr'><strong>lapidem</strong></span> <span class='ocrx_word' id='word_1_810' title='bbox 3407 4247 3503 4301; x_wconf 91' lang='lat' dir='ltr'><strong>pro</strong></span> <span class='ocrx_word' id='word_1_811' title='bbox 3550 4229 3646 4284; x_wconf 89' lang='lat' dir='ltr'><strong>Deo</strong></span> <span class='ocrx_word' id='word_1_812' title='bbox 3665 4240 3769 4279; x_wconf 76' lang='lat' dir='ltr'><strong>vero</strong></span> 
     </span>
    </p>
   </div>
   <div class='ocr_carea' id='block_1_105' title="bbox 2249 4324 3766 4403">
    <p class='ocr_par' dir='ltr' id='par_1_105' title="bbox 2249 4324 3766 4403">
     <span class='ocr_line' id='line_1_107' title="bbox 2249 4324 3766 4403; baseline -0.009 -20"><span class='ocrx_word' id='word_1_813' title='bbox 2249 4331 2324 4403; x_wconf 83' lang='lat'><strong>(7)</strong></span> <span class='ocrx_word' id='word_1_814' title='bbox 2355 4330 2621 4392; x_wconf 89' lang='lat' dir='ltr'><strong>colentes,</strong></span> <span class='ocrx_word' id='word_1_815' title='bbox 2653 4327 2886 4397; x_wconf 91' lang='lat' dir='ltr'><strong>appositi</strong></span> <span class='ocrx_word' id='word_1_816' title='bbox 2918 4341 3107 4381; x_wconf 91' lang='lat' dir='ltr'><strong>sumus</strong></span> <span class='ocrx_word' id='word_1_817' title='bbox 3147 4342 3320 4396; x_wconf 91' lang='lat' dir='ltr'><strong>usque</strong></span> <span class='ocrx_word' id='word_1_818' title='bbox 3379 4327 3432 4381; x_wconf 93' lang='lat' dir='ltr'><strong>in</strong></span> <span class='ocrx_word' id='word_1_819' title='bbox 3485 4324 3766 4380; x_wconf 86' lang='lat' dir='ltr'><strong>hodiernum</strong></span> 
     </span>
    </p>
   </div>
   <div class='ocr_carea' id='block_1_106' title="bbox 2170 4405 3769 4488">
    <p class='ocr_par' dir='ltr' id='par_1_106' title="bbox 2170 4405 3769 4488">
     <span class='ocr_line' id='line_1_108' title="bbox 2170 4405 3769 4488; baseline -0.011 -8"><span class='ocrx_word' id='word_1_820' title='bbox 2170 4405 2214 4460; x_wconf 72' lang='grc' dir='ltr'><strong>θ</strong></span> <span class='ocrx_word' id='word_1_821' title='bbox 2245 4426 2384 4480; x_wconf 89' lang='lat' dir='ltr'><strong>diem</strong></span> <span class='ocrx_word' id='word_1_822' title='bbox 2414 4443 2428 4479; x_wconf 91' lang='lat'><strong>:</strong></span> <span class='ocrx_word' id='word_1_823' title='bbox 2455 4432 2510 4478; x_wconf 91' lang='lat' dir='ltr'><strong>et</strong></span> <span class='ocrx_word' id='word_1_824' title='bbox 2540 4421 2671 4476; x_wconf 80' lang='lat' dir='ltr'><strong>facti</strong></span> <span class='ocrx_word' id='word_1_825' title='bbox 2731 4434 2919 4474; x_wconf 89' lang='lat' dir='ltr'><strong>sumus</strong></span> <span class='ocrx_word' id='word_1_826' title='bbox 2965 4430 3185 4488; x_wconf 83' lang='lat' dir='ltr'><strong>Propter</strong></span> <span class='ocrx_word' id='word_1_827' title='bbox 3243 4420 3402 4474; x_wconf 84' lang='lat' dir='ltr'><strong>ﬁdem</strong></span> <span class='ocrx_word' id='word_1_828' title='bbox 3457 4416 3645 4474; x_wconf 88' lang='lat' dir='ltr'><strong>Christi</strong></span> <span class='ocrx_word' id='word_1_829' title='bbox 3690 4425 3769 4465; x_wconf 86' lang='lat' dir='ltr'><strong>nos</strong></span> 
     </span>
    </p>
   </div>
   <div class='ocr_carea' id='block_1_107' title="bbox 2244 4508 3768 4582">
    <p class='ocr_par' dir='ltr' id='par_1_107' title="bbox 2244 4508 3768 4582">
     <span class='ocr_line' id='line_1_109' title="bbox 2244 4508 3768 4582; baseline -0.012 -8"><span class='ocrx_word' id='word_1_830' title='bbox 2244 4534 2486 4580; x_wconf 88' lang='lat' dir='ltr'><strong>sursum,</strong></span> <span class='ocrx_word' id='word_1_831' title='bbox 2514 4515 2601 4570; x_wconf 87' lang='lat' dir='ltr'><strong>ille</strong></span> <span class='ocrx_word' id='word_1_832' title='bbox 2633 4523 2811 4568; x_wconf 89' lang='lat' dir='ltr'><strong>autem</strong></span> <span class='ocrx_word' id='word_1_833' title='bbox 2852 4511 3083 4582; x_wconf 88' lang='lat' dir='ltr'><strong>populus</strong></span> <span class='ocrx_word' id='word_1_834' title='bbox 3149 4513 3242 4581; x_wconf 90' lang='lat' dir='ltr'><strong>qui</strong></span> <span class='ocrx_word' id='word_1_835' title='bbox 3296 4511 3584 4580; x_wconf 82' lang='lat' dir='ltr'><strong>permansit</strong></span> <span class='ocrx_word' id='word_1_836' title='bbox 3621 4508 3768 4561; x_wconf 85' lang='lat' dir='ltr'><strong>incre-</strong></span> 
     </span>
    </p>
   </div>
   <div class='ocr_carea' id='block_1_108' title="bbox 2244 4602 3767 4698">
    <p class='ocr_par' dir='ltr' id='par_1_108' title="bbox 2244 4602 3767 4698">
     <span class='ocr_line' id='line_1_110' title="bbox 2244 4602 3767 4698; baseline -0.009 -31"><span class='ocrx_word' id='word_1_837' title='bbox 2244 4613 2403 4668; x_wconf 85' lang='lat' dir='ltr'><strong>dulus</strong></span> <span class='ocrx_word' id='word_1_838' title='bbox 2434 4611 2535 4683; x_wconf 87' lang='lat'><strong>(8),</strong></span> <span class='ocrx_word' id='word_1_839' title='bbox 2566 4611 2856 4676; x_wconf 90' lang='lat' dir='ltr'><strong>deorsum,</strong></span> <span class='ocrx_word' id='word_1_840' title='bbox 2885 4611 3179 4664; x_wconf 89' lang='lat' dir='ltr'><strong>secundum</strong></span> <span class='ocrx_word' id='word_1_841' title='bbox 3230 4602 3617 4660; x_wconf 90' lang='lat' dir='ltr'><strong>Deuteronomii</strong></span> <span class='ocrx_word' id='word_1_842' title='bbox 3670 4613 3767 4698; x_wconf 53' lang='lat' dir='ltr'><strong>pro:</strong></span> 
     </span>
    </p>
   </div>
   <div class='ocr_carea' id='block_1_109' title="bbox 2246 4697 3767 4778">
    <p class='ocr_par' dir='ltr' id='par_1_109' title="bbox 2246 4697 3767 4778">
     <span class='ocr_line' id='line_1_111' title="bbox 2246 4697 3767 4778; baseline -0.011 -17"><span class='ocrx_word' id='word_1_843' title='bbox 2246 4706 2510 4778; x_wconf 88' lang='lat' dir='ltr'><strong>phetiam.</strong></span> <span class='ocrx_word' id='word_1_844' title='bbox 2543 4703 2600 4757; x_wconf 92' lang='lat' dir='ltr'><strong>Si</strong></span> <span class='ocrx_word' id='word_1_845' title='bbox 2635 4703 2758 4773; x_wconf 91' lang='lat' dir='ltr'><strong>quis</strong></span> <span class='ocrx_word' id='word_1_846' title='bbox 2796 4716 2928 4771; x_wconf 87' lang='lat' dir='ltr'><strong>ergo</strong></span> <span class='ocrx_word' id='word_1_847' title='bbox 2962 4702 3125 4755; x_wconf 89' lang='lat' dir='ltr'><strong>habet</strong></span> <span class='ocrx_word' id='word_1_848' title='bbox 3159 4701 3210 4754; x_wconf 89' lang='lat' dir='ltr'><strong>in</strong></span> <span class='ocrx_word' id='word_1_849' title='bbox 3261 4716 3318 4755; x_wconf 90' lang='lat' dir='ltr'><strong>se</strong></span> <span class='ocrx_word' id='word_1_850' title='bbox 3361 4697 3642 4759; x_wconf 86' lang='lat' dir='ltr'><strong>Christum,</strong></span> <span class='ocrx_word' id='word_1_851' title='bbox 3693 4697 3767 4758; x_wconf 80' lang='lat' dir='ltr'><strong>qui</strong></span> 
     </span>
    </p>
   </div>
   <div class='ocr_carea' id='block_1_110' title="bbox 2191 4827 3767 4909">
    <p class='ocr_par' dir='ltr' id='par_1_110' title="bbox 2191 4827 3767 4909">
     <span class='ocr_line' id='line_1_112' title="bbox 2191 4827 3767 4909; baseline -0.011 -5"><span class='ocrx_word' id='word_1_852' title='bbox 2191 4849 2274 4908; x_wconf 80' lang='lat'><strong>18.</strong></span> <span class='ocrx_word' id='word_1_853' title='bbox 2352 4847 2396 4878; x_wconf 83' lang='lat'><strong>&quot;</strong></span> <span class='ocrx_word' id='word_1_854' title='bbox 2427 4844 2626 4900; x_wconf 82' lang='lat' dir='ltr'><strong>lJoan.</strong></span> <span class='ocrx_word' id='word_1_855' title='bbox 2659 4859 2720 4908; x_wconf 90' lang='lat' dir='ltr'><strong>ll,</strong></span> <span class='ocrx_word' id='word_1_856' title='bbox 2748 4844 2836 4899; x_wconf 78' lang='grc'><strong>15.</strong></span> <span class='ocrx_word' id='word_1_857' title='bbox 2903 4842 2948 4874; x_wconf 67' lang='grc'><strong>⁸⁸</strong></span> <span class='ocrx_word' id='word_1_858' title='bbox 2979 4840 3326 4909; x_wconf 71' lang='grc' dir='ltr'><strong>Βοω.-ιιι,2.</strong></span> <span class='ocrx_word' id='word_1_859' title='bbox 3402 4839 3446 4872; x_wconf 72' lang='grc'><strong>⁸⁸</strong></span> <span class='ocrx_word' id='word_1_860' title='bbox 3469 4839 3485 4892; x_wconf 89' lang='lat' dir='ltr'><strong>l</strong></span> <span class='ocrx_word' id='word_1_861' title='bbox 3508 4838 3623 4892; x_wconf 70' lang='lat' dir='ltr'><strong>Cor.</strong></span> <span class='ocrx_word' id='word_1_862' title='bbox 3651 4847 3698 4898; x_wconf 81' lang='grc' dir='ltr'><strong>ν.</strong></span> <span class='ocrx_word' id='word_1_863' title='bbox 3723 4827 3767 4883; x_wconf 79' lang='grc'><strong>6.</strong></span> 
     </span>
    </p>
   </div>
   <div class='ocr_carea' id='block_1_111' title="bbox 2227 4918 2564 4972">
    <p class='ocr_par' dir='ltr' id='par_1_111' title="bbox 2227 4918 2564 4972">
     <span class='ocr_line' id='line_1_113' title="bbox 2227 4918 2564 4972; baseline -0.009 -1"><span class='ocrx_word' id='word_1_864' title='bbox 2227 4921 2272 4952; x_wconf 81' lang='grc'><strong>⁸³</strong></span> <span class='ocrx_word' id='word_1_865' title='bbox 2304 4918 2461 4972; x_wconf 83' lang='lat' dir='ltr'><strong>ROIn.</strong></span> <span class='ocrx_word' id='word_1_866' title='bbox 2486 4930 2564 4969; x_wconf 72' lang='lat' dir='ltr'><strong>XI.</strong></span> 
     </span>
    </p>
   </div>
   <div class='ocr_carea' id='block_1_112' title="bbox 2317 5045 3764 5128">
    <p class='ocr_par' dir='ltr' id='par_1_112' title="bbox 2317 5045 3764 5128">
     <span class='ocr_line' id='line_1_114' title="bbox 2317 5045 3764 5128; baseline -0.015 -16"><span class='ocrx_word' id='word_1_867' title='bbox 2317 5055 2395 5128; x_wconf 72' lang='grc'>(4)</span> <span class='ocrx_word' id='word_1_868' title='bbox 2425 5055 2490 5110; x_wconf 82' lang='lat' dir='ltr'><strong>In</strong></span> <span class='ocrx_word' id='word_1_869' title='bbox 2515 5053 2808 5128; x_wconf 65' lang='lat' dir='ltr'><strong>Ecclesiam</strong></span> <span class='ocrx_word' id='word_1_870' title='bbox 2833 5096 2848 5128; x_wconf 81' lang='lat'><strong>,</strong></span> <span class='ocrx_word' id='word_1_871' title='bbox 2895 5071 2989 5123; x_wconf 85' lang='lat' dir='ltr'><strong>per</strong></span> <span class='ocrx_word' id='word_1_872' title='bbox 3024 5070 3141 5124; x_wconf 71' lang='lat' dir='ltr'><strong>quae</strong></span> <span class='ocrx_word' id='word_1_873' title='bbox 3164 5052 3383 5128; x_wconf 72' lang='lat' dir='ltr'><strong>populus</strong></span> <span class='ocrx_word' id='word_1_874' title='bbox 3423 5049 3516 5128; x_wconf 73' lang='lat' dir='ltr'><strong>Dei</strong></span> <span class='ocrx_word' id='word_1_875' title='bbox 3557 5045 3764 5128; x_wconf 55' lang='lat' dir='ltr'><strong>vincitur.</strong></span> 
     </span>
    </p>
   </div>
   <div class='ocr_carea' id='block_1_113' title="bbox 2247 5121 3764 5192">
    <p class='ocr_par' dir='ltr' id='par_1_113' title="bbox 2247 5121 3764 5192">
     <span class='ocr_line' id='line_1_115' title="bbox 2247 5121 3764 5192; baseline -0.014 -11"><span class='ocrx_word' id='word_1_876' title='bbox 2247 5121 2386 5183; x_wconf 57' lang='lat' dir='ltr'><strong>liaéc&#39;</strong></span> <span class='ocrx_word' id='word_1_877' title='bbox 2418 5129 2616 5181; x_wconf 91' lang='lat' dir='ltr'><strong>desunt</strong></span> <span class='ocrx_word' id='word_1_878' title='bbox 2657 5127 2707 5180; x_wconf 95' lang='lat' dir='ltr'><strong>in</strong></span> <span class='ocrx_word' id='word_1_879' title='bbox 2755 5121 3075 5180; x_wconf 24' lang='lat' dir='ltr'><strong>libb.’ante&#39;a</strong></span> <span class='ocrx_word' id='word_1_880' title='bbox 3126 5121 3310 5192; x_wconf 89' lang='lat' dir='ltr'><strong>editis,</strong></span> <span class='ocrx_word' id='word_1_881' title='bbox 3359 5123 3451 5176; x_wconf 89' lang='lat' dir='ltr'><strong>sed</strong></span> <span class='ocrx_word' id='word_1_882' title='bbox 3497 5121 3689 5174; x_wconf 79' lang='lat' dir='ltr'><strong>exstant</strong></span> <span class='ocrx_word' id='word_1_883' title='bbox 3722 5125 3764 5162; x_wconf 84' lang='grc' dir='ltr'><strong>ιη</strong></span> 
     </span>
    </p>
   </div>
   <div class='ocr_carea' id='block_1_114' title="bbox 2243 5197 3456 5272">
    <p class='ocr_par' dir='ltr' id='par_1_114' title="bbox 2243 5197 3456 5272">
     <span class='ocr_line' id='line_1_116' title="bbox 2243 5197 3456 5272; baseline 0.002 -20"><span class='ocrx_word' id='word_1_884' title='bbox 2243 5197 2496 5272; x_wconf 63' lang='lat' dir='ltr'><strong>oomibtts</strong></span> <span class='ocrx_word' id='word_1_885' title='bbox 2523 5213 2652 5252; x_wconf 83' lang='lat' dir='ltr'><strong>mss.</strong></span> <span class='ocrx_word' id='word_1_886' title='bbox 2823 5266 2852 5272; x_wconf 95' lang='lat'>_</span> <span class='ocrx_word' id='word_1_887' title='bbox 3009 5265 3021 5272; x_wconf 39' lang='lat'><em>.</em></span> <span class='ocrx_word' id='word_1_888' title='bbox 3163 5265 3174 5272; x_wconf 37' lang='grc' dir='ltr'>ι</span> <span class='ocrx_word' id='word_1_889' title='bbox 3424 5261 3456 5272; x_wconf 55' lang='grc' dir='ltr'>η</span> 
     </span>
    </p>
   </div>
   <div class='ocr_carea' id='block_1_115' title="bbox 2318 5262 3590 5344">
    <p class='ocr_par' dir='ltr' id='par_1_115' title="bbox 2318 5262 3590 5344">
     <span class='ocr_line' id='line_1_117' title="bbox 2318 5262 3590 5344; baseline -0.012 -16"><span class='ocrx_word' id='word_1_890' title='bbox 2318 5270 2394 5344; x_wconf 64' lang='grc' dir='ltr'>(ξ)</span> <span class='ocrx_word' id='word_1_891' title='bbox 2421 5267 2707 5344; x_wconf 88' lang='lat' dir='ltr'><strong>S_angerm.</strong></span> <span class='ocrx_word' id='word_1_892' title='bbox 2733 5278 2787 5322; x_wconf 90' lang='lat' dir='ltr'><strong>et</strong></span> <span class='ocrx_word' id='word_1_893' title='bbox 2813 5265 3206 5344; x_wconf 73' lang='lat' dir='ltr'><strong>Gemeticensis</strong></span> <span class='ocrx_word' id='word_1_894' title='bbox 3225 5282 3298 5344; x_wconf 47' lang='grc' dir='ltr'><strong>λς</strong></span> <span class='ocrx_word' id='word_1_895' title='bbox 3333 5262 3536 5344; x_wconf 70' lang='lat' dir='ltr'><strong>mulier.</strong></span> <span class='ocrx_word' id='word_1_896' title='bbox 3570 5278 3590 5310; x_wconf 73' lang='grc' dir='ltr'><strong><em>ι</em></strong></span> 
     </span>
    </p>
   </div>
   <div class='ocr_carea' id='block_1_116' title="bbox 2319 5325 3765 5408">
    <p class='ocr_par' dir='ltr' id='par_1_116' title="bbox 2319 5325 3765 5408">
     <span class='ocr_line' id='line_1_118' title="bbox 2319 5325 3765 5408; baseline -0.011 -14"><span class='ocrx_word' id='word_1_897' title='bbox 2319 5325 2395 5408; x_wconf 80' lang='grc'>(6)</span> <span class='ocrx_word' id='word_1_898' title='bbox 2429 5325 2711 5408; x_wconf 65' lang='grc' dir='ltr'><strong>δειιξθηη.</strong></span> <span class='ocrx_word' id='word_1_899' title='bbox 2761 5357 2779 5388; x_wconf 73' lang='grc' dir='ltr'>ι</span> <span class='ocrx_word' id='word_1_900' title='bbox 2829 5338 3084 5391; x_wconf 86' lang='lat' dir='ltr'><strong>radicem.</strong></span> <span class='ocrx_word' id='word_1_901' title='bbox 3122 5356 3141 5388; x_wconf 72' lang='grc' dir='ltr'><strong><em>ι</em></strong></span> <span class='ocrx_word' id='word_1_902' title='bbox 3180 5335 3332 5390; x_wconf 88' lang='lat' dir='ltr'><strong>Libb.</strong></span> <span class='ocrx_word' id='word_1_903' title='bbox 3370 5332 3494 5388; x_wconf 88' lang='lat' dir='ltr'><strong>editi</strong></span> <span class='ocrx_word' id='word_1_904' title='bbox 3533 5348 3547 5385; x_wconf 90' lang='lat'><strong>:</strong></span> <span class='ocrx_word' id='word_1_905' title='bbox 3590 5346 3609 5379; x_wconf 74' lang='grc' dir='ltr'>ι</span> <span class='ocrx_word' id='word_1_906' title='bbox 3645 5325 3765 5382; x_wconf 84' lang='lat' dir='ltr'><strong>radl-</strong></span> 
     </span>
    </p>
   </div>
   <div class='ocr_carea' id='block_1_117' title="bbox 2275 5425 3731 5475">
    <p class='ocr_par' dir='ltr' id='par_1_117' title="bbox 2275 5425 3731 5475">
     <span class='ocr_line' id='line_1_119' title="bbox 2275 5425 3731 5475; baseline 0.009 -13"><span class='ocrx_word' id='word_1_907' title='bbox 2275 5425 2354 5464; x_wconf 68' lang='lat'><strong>98.</strong></span> <span class='ocrx_word' id='word_1_908' title='bbox 2399 5429 2418 5460; x_wconf 70' lang='lat' dir='ltr'><strong>D</strong></span> <span class='ocrx_word' id='word_1_909' title='bbox 3721 5463 3731 5475; x_wconf 88' lang='lat'><strong>.</strong></span> 
     </span>
    </p>
   </div>
   <div class='ocr_carea' id='block_1_118' title="bbox 2241 5425 3764 5550">
    <p class='ocr_par' dir='ltr' id='par_1_118' title="bbox 2241 5425 3764 5550">
     <span class='ocr_line' id='line_1_120' title="bbox 2241 5425 3764 5550; baseline -0.013 -13"><span class='ocrx_word' id='word_1_910' title='bbox 2241 5425 2418 5550; x_wconf 51' lang='grc' dir='ltr'><strong>⁸θῖἣῖ</strong></span> <span class='ocrx_word' id='word_1_911' title='bbox 2445 5477 2600 5533; x_wconf 80' lang='lat' dir='ltr'><strong>Vera.</strong></span> <span class='ocrx_word' id='word_1_912' title='bbox 2636 5477 2800 5533; x_wconf 90' lang='lat' dir='ltr'><strong>Deest</strong></span> <span class='ocrx_word' id='word_1_913' title='bbox 2830 5478 2882 5531; x_wconf 94' lang='lat' dir='ltr'><strong>in</strong></span> <span class='ocrx_word' id='word_1_914' title='bbox 2917 5476 3072 5532; x_wconf 86' lang='lat' dir='ltr'><strong>libris</strong></span> <span class='ocrx_word' id='word_1_915' title='bbox 3109 5478 3304 5544; x_wconf 91' lang='lat' dir='ltr'><strong>editis,</strong></span> <span class='ocrx_word' id='word_1_916' title='bbox 3345 5481 3515 5530; x_wconf 81' lang='lat' dir='ltr'><strong>exstat</strong></span> <span class='ocrx_word' id='word_1_917' title='bbox 3553 5483 3668 5524; x_wconf 83' lang='lat' dir='ltr'><strong>vero</strong></span> <span class='ocrx_word' id='word_1_918' title='bbox 3718 5463 3764 5518; x_wconf 81' lang='lat' dir='ltr'><strong>in</strong></span> 
     </span>
    </p>
   </div>
   <div class='ocr_carea' id='block_1_119' title="bbox 2249 5551 3738 5658">
    <p class='ocr_par' dir='ltr' id='par_1_119' title="bbox 2249 5551 3738 5658">
     <span class='ocr_line' id='line_1_121' title="bbox 2249 5551 3675 5620; baseline 0 -16"><span class='ocrx_word' id='word_1_919' title='bbox 2249 5551 2500 5604; x_wconf 88' lang='lat' dir='ltr'><strong>onmibus</strong></span> <span class='ocrx_word' id='word_1_920' title='bbox 2526 5565 2658 5604; x_wconf 82' lang='lat' dir='ltr'><strong>mss.</strong></span> <span class='ocrx_word' id='word_1_921' title='bbox 3665 5606 3675 5620; x_wconf 67' lang='grc'><em>,</em></span> 
     </span>
     <span class='ocr_line' id='line_1_122' title="bbox 2325 5604 3738 5658; baseline 0 0"><span class='ocrx_word' id='word_1_922' title='bbox 2325 5619 2400 5658; x_wconf 58' lang='grc' dir='ltr'><strong>(ΩΧ</strong></span> <span class='ocrx_word' id='word_1_923' title='bbox 2444 5619 2686 5658; x_wconf 61' lang='grc' dir='ltr'><strong>(Σμιιιριὶρ</strong></span> <span class='ocrx_word' id='word_1_924' title='bbox 2745 5628 2794 5658; x_wconf 70' lang='lat' dir='ltr'><strong>nl</strong></span> <span class='ocrx_word' id='word_1_925' title='bbox 2845 5619 3104 5658; x_wconf 55' lang='lat' dir='ltr'><strong>Sarrana-na</strong></span> <span class='ocrx_word' id='word_1_926' title='bbox 3165 5640 3182 5658; x_wconf 78' lang='grc' dir='ltr'>ι</span> <span class='ocrx_word' id='word_1_927' title='bbox 3220 5616 3540 5658; x_wconf 66' lang='lat' dir='ltr'><strong>iuni-mining-</strong></span> <span class='ocrx_word' id='word_1_928' title='bbox 3577 5631 3593 5658; x_wconf 81' lang='grc' dir='ltr'><strong>Ι</strong></span> 
     </span>
    </p>
   </div>
   <div class='ocr_carea' id='block_1_120' title="bbox 2325 5605 3758 5690">
    <p class='ocr_par' dir='ltr' id='par_1_120' title="bbox 2325 5605 3758 5690">
     <span class='ocr_line' id='line_1_123' title="bbox 2325 5605 3758 5690; baseline -0.008 -16"><span class='ocrx_word' id='word_1_929' title='bbox 2325 5619 2400 5690; x_wconf 88' lang='grc'>(8)</span> <span class='ocrx_word' id='word_1_930' title='bbox 2444 5619 2707 5674; x_wconf 81' lang='lat' dir='ltr'><strong>Gemetic.</strong></span> <span class='ocrx_word' id='word_1_931' title='bbox 2745 5628 2800 5674; x_wconf 89' lang='lat' dir='ltr'><strong>et</strong></span> <span class='ocrx_word' id='word_1_932' title='bbox 2845 5619 3128 5686; x_wconf 85' lang='lat' dir='ltr'><strong>Sangerm.</strong></span> <span class='ocrx_word' id='word_1_933' title='bbox 3165 5640 3182 5672; x_wconf 78' lang='grc' dir='ltr'>ι</span> <span class='ocrx_word' id='word_1_934' title='bbox 3219 5616 3542 5678; x_wconf 86' lang='lat' dir='ltr'><strong>incredulus.</strong></span> <span class='ocrx_word' id='word_1_935' title='bbox 3577 5631 3593 5665; x_wconf 74' lang='grc' dir='ltr'><strong>ι</strong></span> <span class='ocrx_word' id='word_1_936' title='bbox 3623 5605 3758 5664; x_wconf 75' lang='lat' dir='ltr'><strong>Libb-</strong></span> 
     </span>
    </p>
   </div>
   <div class='ocr_carea' id='block_1_121' title="bbox 2246 5690 3078 5748">
    <p class='ocr_par' dir='ltr' id='par_1_121' title="bbox 2246 5690 3078 5748">
     <span class='ocr_line' id='line_1_124' title="bbox 2246 5690 3078 5748; baseline -0.002 -1"><span class='ocrx_word' id='word_1_937' title='bbox 2246 5691 2386 5747; x_wconf 70' lang='lat' dir='ltr'><strong>‘editi</strong></span> <span class='ocrx_word' id='word_1_938' title='bbox 2425 5708 2437 5742; x_wconf 87' lang='lat'><strong>:</strong></span> <span class='ocrx_word' id='word_1_939' title='bbox 2477 5707 2496 5742; x_wconf 75' lang='grc' dir='ltr'>ι</span> <span class='ocrx_word' id='word_1_940' title='bbox 2543 5691 2595 5744; x_wconf 86' lang='lat' dir='ltr'><strong>in</strong></span> <span class='ocrx_word' id='word_1_941' title='bbox 2630 5690 3023 5748; x_wconf 83' lang='lat' dir='ltr'><strong>incredulitate.</strong></span> <span class='ocrx_word' id='word_1_942' title='bbox 3057 5710 3078 5745; x_wconf 73' lang='grc' dir='ltr'><strong><em>ι</em></strong></span> 
     </span>
    </p>
   </div>
  </div>
