4050 6148
367 263 477 316 86!

1380 261 1447 318 ΙΝ
1483 259 1746 318 LIBRUM
1778 257 1944 316 JESU
1980 256 2169 314 NAVE
2200 254 2487 313 HOMILIA
2509 253 2622 311 VH.

3523 254 3632 310 862

363 394 458 438 est
480 384 724 439 omnium
756 392 939 457 caput,
967 383 1057 441 hic
1086 384 1317 441 elﬁcitur
1342 387 1394 441 in
1450 395 1634 456 caput.
1672 385 1751 440 llli
1807 385 1952 440 enim
1982 387 2026 460 Α
2056 392 2168 448 net,
2204 380 2482 437 Christum
2513 377 2650 449 (16),
2679 376 2834 445 cujus
2861 376 3105 447 corporis
3140 386 3217 444 tu,
3249 377 3339 446 qui
3370 375 3630 432 Ecclesia

364 486 712 547 negaverunt
735 477 1020 534 Christum
1047 479 1256 545 Jesum,
1290 489 1343 536 et
1368 479 1544 536 eﬂ‘ecti
1571 492 1700 536 sunt
1725 479 1779 536 in
1811 497 1944 538 cau-

361 571 525 636 dam,
553 580 611 626 et
636 571 729 643 qui
755 582 912 626 erant
937 571 1122 640 primi,
1154 572 1280 628 facti
1317 583 1445 629 sunt
1474 575 1774 630 novissimi.

442 662 498 719 6.
545 663 652 720 Sed
682 673 736 722 et
792 664 925 719 illud
959 680 1064 719 non
1121 667 1293 721 otiose
1323 666 1399 738 (9)
1462 667 1946 724 transcurrendum

361 768 478 821 εει.
502 757 646 828 quod
673 775 782 814 uno
811 770 1073 828 peccante
1105 759 1186 814 ira
1223 776 1389 827 super
1435 776 1651 816 onmem
1687 760 1945 830 populum

364 853 546 905 venit.
581 852 692 907 Hoc
717 853 932 922 quando
955 855 1152 909 accidit
1186 853 1300 926 (10)
1324 855 1347 908 ?
1373 856 1587 924 quando
1634 856 1947 910 sacerdotes

356 945 461 1012 qui
505 947 699 1016 populo
720 959 982 1016 prasunt,
1017 963 1146 1020 erga
1188 950 1563 1019 delinquentes
1593 950 1814 1020 benigni
1843 966 1942 1005 vo-

358 1037 490 1093 lunt
518 1041 718 1106 videri,
745 1050 799 1096 et
824 1051 1078 1097 verentes
1105 1044 1450 1113 peccantium
1474 1043 1687 1112 linguas
1715 1058 1782 1098 ne
1806 1043 1946 1098 forte

359 1132 511 1184 male
532 1131 598 1186 de
630 1132 711 1186 eis
741 1133 1053 1203 loquantur,
1106 1134 1462 1191 sacerdotalis
1510 1135 1816 1190 severitatis
1847 1136 1948 1190 im-

357 1239 664 1284 memores.
693 1226 884 1282 nolunt
939 1227 1165 1297 implere
1211 1228 1354 1298 quod
1412 1229 1676 1299 scriptum
1729 1239 1815 1284 est
1855 1229 1940 1285 ’δε

363 1333 385 1366 ι
434 1316 759 1373 Peccantem
785 1335 969 1374 coram
998 1322 1252 1376 omnibus
1285 1337 1486 1392 argue,
1517 1332 1576 1377 ut
1611 1324 1791 1378 cateri
1825 1339 1943 1378 me-

358 1416 480 1462 tum
507 1409 616 1478 (11)
649 1410 902 1475 habeant,
942 1431 961 1464 ι
998 1421 1053 1467 et
1078 1413 1272 1468 iterum
1302 1414 1346 1446 "
1381 1434 1396 1472 :
1428 1434 1446 1467 ι
1475 1413 1702 1471 Auferte
1740 1415 1940 1470 malum

351 1516 431 1556 ex
453 1503 607 1558 vobis
631 1503 787 1572 ipsis.
823 1523 844 1556 ι
887 1505 998 1561 Nec
1028 1506 1142 1562 zelo
1170 1507 1262 1562 Dei
1303 1509 1556 1564 succensi
1591 1508 1704 1581 (12)
1729 1509 1943 1564 imitan-

356 1604 454 1648 tur
487 1595 804 1664 Aposmlum
846 1598 1116 1654 dicentem
1143 1601 1189 1633 "
1233 1619 1248 1656 :
1309 1618 1328 1652 σ
1362 1599 1582 1656 Tradidi
1625 1600 1940 1670 huiusmodi

352 1686 638 1742 hominem
667 1685 887 1744 Satana
918 1691 970 1744 in
1007 1692 1288 1748 interitum
1339 1694 1545 1759 carnis,
1593 1703 1652 1749 ut
1715 1694 1934 1763 spiritus

353 1778 547 1834 salvus
577 1779 690 1834 fiat.
725 1801 746 1835 ι
783 1781 967 1852 Neque
999 1785 1126 1840 illud
1168 1787 1539 1856 evangelicum
1571 1787 1795 1856 implere
1820 1795 1939 1841 stu-

353 1871 515 1937 dent,
545 1872 711 1946 414
738 1884 796 1930 ιιι
819 1877 863 1931 si
898 1877 1487 1950 viderintpeccantem,
1517 1881 1694 1950 primo
1723 1890 1938 1936 secrete

349 1967 704 2030 conveniant,
739 1978 868 2038 post
891 1970 1060 2026 etiam
1102 1973 1315 2029 duobus
1337 1974 1422 2029 vel
1473 1974 1648 2031 tribus
1682 1973 1931 2028 arbitris.

348 2056 509 2123 Quod
531 2060 575 2114 si
601 2064 1014 2132 contempserit,
1057 2075 1114 2122 et
1153 2077 1277 2136 post
1327 2067 1585 2123 Ecclesia
1631 2071 1935 2138 correptio-

349 2164 480 2205 nem
507 2150 617 2223 (15)
651 2170 756 2210 non
794 2155 962 2212 fuerit
989 2159 1336 2223 emendatus,
1371 2163 1439 2216 de
1472 2160 1714 2218 Ecclesia
1749 2162 1935 2231 expul-

347 2256 472 2296 sum
494 2243 642 2299 velut
673 2247 927 2316 gentilem
951 2248 1190 2306 habeant
1222 2268 1286 2308 ac
1311 2254 1681 2322 publicanum.
1709 2256 1776 2310 Et
1805 2258 1930 2310 dum

349 2335 450 2388 uni
475 2348 730 2405 parcunt,
779 2341 1046 2397 universa
1089 2342 1349 2400 Ecclesia
1389 2347 1686 2403 moliuntur
1738 2347 1932 2402 interi-

353 2434 472 2480 tum
504 2429 639 2500 (14).
673 2429 805 2497 Qua
842 2433 944 2488 ista
971 2433 1189 2491 bonitas
1221 2437 1242 2490 1
1271 2453 1393 2507 qua
1426 2439 1529 2494 ista
1555 2440 1928 2494 misericordia

343 2525 454 2580 est,
480 2522 568 2574 uni
599 2537 840 2591 parcere,
880 2537 936 2580 et
967 2543 1157 2583 omnes
1197 2531 1248 2584 in
1279 2532 1576 2586 discrimen
1610 2533 1879 2588 adducere
1905 2533 1929 2587 ll

347 2605 622 2666 Polluitur
655 2618 803 2670 enim
843 2632 911 2673 ex
943 2634 1056 2697 uno
1075 2631 1357 2691 peccatore
1384 2625 1635 2692 populus.
1669 2625 1824 2682 Sicut
1857 2642 1922 2681 ex

346 2715 456 2755 una
483 2718 585 2760 ove
614 2708 860 2765 morbida
889 2726 1019 2783 grex
1049 2713 1334 2771 universus
1364 2718 1622 2784 inficitur,
1648 2719 1728 2775 sic
1757 2719 1923 2774 etiam

343 2805 461 2848 uno
493 2795 576 2849 vel
607 2797 940 2866 fornicante,
982 2803 1066 2857 vel
1097 2806 1240 2858 aliud
1276 2806 1638 2878 quodcunque
1699 2811 1925 2865 sceleris

340 2887 875 2962 committente(15),
906 2892 1059 2962 plebs
1091 2897 1345 2952 universa
1382 2899 1664 2969 polluitur.
1693 2901 1761 2958 Et
1798 2903 1923 2960 ideo

340 2977 702 3036 observemus
731 2997 830 3037 nos
863 2984 1123 3053 invicem,
1147 2997 1202 3042 et
1235 2989 1668 3062 uniuscujusque
1698 3008 1924 3051 conver-

2054 473 2334 546 prasides,
2361 471 2550 528 oculus
2574 486 2654 535 es,
2689 479 2974 540 propterea
3003 470 3188 540 utique
3215 479 3275 524 ut
3293 471 3472 525 omnia
3512 470 3624 524 cir-

2057 567 2410 636 cumspicias,
2454 563 2637 619 omnia
2679 562 3114 625 circumlustres,
3175 563 3342 617 etiam
3396 570 3623 616 ventura

2051 660 2373 730 pravideas.
2398 658 2594 712 Pastor
2620 671 2700 722 es,
2727 655 2877 710 vides
2897 655 3138 711 oviculas
3167 654 3375 710 Domini
3409 654 3627 724 ignaras

2049 752 2274 822 periculi
2305 751 2433 805 ferri
2486 751 2552 805 ad
2595 749 2925 820 praecipitia,
2961 757 3016 802 et
3053 763 3152 818 per
3196 757 3461 818 prarupta
3491 761 3626 818 pen-

2049 847 2178 900 dere
2210 844 2342 917 (17),
2379 859 2484 898 non
2507 843 2753 898 occurris
2783 843 2808 895 ?
2834 858 2940 898 non
2989 842 3252 898 revocas?
3286 856 3390 896 non
3429 841 3623 896 saltem

2048 955 2181 994 voce
2238 937 2462 994 cohibes
2496 936 2609 1009 (18)
2649 946 2705 991 et
2752 937 3116 1006 correptionis
3154 935 3391 991 clamore
3439 935 3620 988 deter-

2049 1049 2138 1089 res
2162 1034 2186 1093 ’ἔ
2214 1032 2309 1088 Sic
2332 1033 2616 1086 immemor
2639 1047 2697 1086 es
2725 1031 2836 1103 (19)
2880 1029 3150 1087 Dominici
3196 1028 3524 1084 sacramenti
3549 1026 3620 1090 ",

2046 1136 2108 1181 ut
2143 1141 2266 1182 cum
2291 1125 2380 1180 ille
2402 1125 2681 1181 derelictis
2721 1127 3017 1193 nonaginta
3053 1138 3242 1178 novem
3271 1123 3324 1176 in
3381 1121 3621 1177 caelesti-

2017 1219 2170 1285 'hus,
2219 1226 2442 1288 propter
2479 1232 2639 1272 unam
2702 1218 2973 1273 oviculam
3024 1231 3145 1286 qua
3201 1225 3501 1282 erraverat,
3553 1216 3622 1267 ad

2049 1322 2250 1366 terram
2281 1310 2392 1382 (20)
2427 1311 2794 1389 descenderit,
2822 1319 2878 1366 et
2902 1310 3178 1365 inventam
3207 1308 3505 1363 vectaverit
3528 1308 3623 1362 liu-

2049 1403 2212 1458 meris
2238 1403 2353 1458 suis
2383 1403 2450 1458 ad
2482 1402 2707 1468 coelum,
2739 1419 2837 1460 nos
2859 1404 2912 1458 in
2944 1401 3091 1458 nullo
3133 1415 3361 1472 prorsus
3411 1399 3465 1454 in
3518 1414 3618 1453 cu-

2046 1496 2234 1552 randis
2255 1495 2483 1552 oviculis
2510 1497 2756 1567 magistri
2786 1496 3019 1565 pastoris
3075 1508 3368 1564 sequamur
3426 1505 3618 1546 exem-

2047 1587 2394 1658 plum?Hac
2427 1603 2533 1644 non
2566 1587 2688 1642 ideo
2740 1587 2992 1652 dicimus,
3045 1597 3105 1642 ut
3151 1600 3250 1656 pro
3303 1584 3406 1640 levi
3460 1583 3618 1653 culpa

2047 1681 2244 1752 aliquis
2270 1681 2621 1736 abscindatur
2647 1680 2768 1751 (21)
2805 1697 2820 1734 :
2851 1680 2946 1736 sed
2975 1682 3019 1735 si
3070 1679 3212 1735 forte
3253 1678 3622 1733 commonitus

1967 1751 2010 1806 Β
2041 1751 2164 1846 quis
2186 1783 2240 1830 et
2267 1783 2553 1845 correptus
2600 1789 2698 1844 pro
2731 1774 2928 1829 delicto
2977 1773 3147 1830 semel
3181 1783 3234 1829 et
3289 1773 3482 1826 iterum
3550 1787 3618 1828 ac

2043 1870 2223 1932 tertio,
2268 1869 2405 1924 nihil
2458 1869 2863 1925 emendationis
2892 1869 3218 1933 ostenderit,
3246 1877 3463 1922 utamur
3508 1883 3617 1922 me-

2038 1964 2146 2019 dici
2172 1963 2480 2034 disciplina.
2519 1962 2576 2018 Si
2607 1963 2730 2018 oleo
2761 1963 3117 2033 perunximus
3144 2003 3162 2030 ,
3207 1963 3252 2017 si
3301 1959 3614 2030 emplastris

2038 2060 2426 2129 mitigavimns,
2455 2059 2498 2114 si
2522 2059 2851 2129 malagmate
2879 2057 3215 2113 mollivimus
3235 2097 3250 2122 ,
3282 2069 3381 2110 nec
3429 2063 3612 2108 tamen

2036 2151 2181 2208 cedit
2213 2151 2624 2207 medicamentis
2652 2150 2884 2206 tumoris
2908 2150 3134 2217 duritia,
3159 2149 3336 2204 solum
3366 2156 3613 2216 superest

2039 2246 2338 2301 remedium
2367 2244 2679 2300 desecandi.
2707 2243 2800 2298 Sic
2843 2243 2989 2299 enim
3045 2242 3308 2299 Dominus
3362 2242 3494 2296 dicit
3519 2241 3566 2274 ⁵⁸
3595 2260 3609 2296 :

2041 2357 2059 2391 ι
2093 2338 2150 2394 Si
2177 2339 2399 2396 dextera
2429 2353 2622 2393 manus
2649 2347 2740 2391 tua
2773 2337 3232 2392 scandalizaverit
3263 2343 3314 2390 te
3337 2375 3351 2402 ,
3389 2334 3612 2390 abscide

2033 2447 2178 2498 eam,
2204 2441 2257 2486 et
2293 2430 2500 2502 projice
2521 2430 2618 2485 abs
2655 2439 2728 2487 te.
2762 2447 2783 2482 ι
2815 2428 3202 2498 Nunquidnam
3258 2442 3450 2482 manus
3485 2443 3612 2483 cor»

2032 2525 2181 2596 poris
2206 2524 2374 2579 nostri
2407 2523 2698 2592 aliquando
2741 2522 3078 2578 scandalizat
3114 2537 3233 2588 nos,
3289 2530 3348 2575 ut
3385 2521 3452 2576 de
3505 2522 3610 2576 hac

2032 2634 2191 2673 manu
2225 2617 2470 2687 corporis
2501 2615 2854 2685 Evangelium
2881 2615 3029 2670 dicat
3079 2633 3094 2668 ς
3149 2633 3168 2666 ‹
3202 2615 3437 2670 Abscide
3482 2614 3608 2670 e'am

2027 2721 2083 2764 et
2118 2709 2320 2778 projice
2348 2708 2448 2763 abs
2488 2708 2576 2762 te?
2608 2725 2627 2760 ›
2658 2707 2765 2762 Sed
2788 2706 2891 2762 hoc
2920 2716 3004 2762 est
3030 2705 3142 2778 (22)
3178 2707 3318 2778 quod
3351 2705 3518 2772 dicit,
3546 2713 3609 2762 ut

2026 2817 2127 2873 ego
2153 2802 2244 2871 qni
2271 2801 2458 2856 videor
2489 2799 2584 2855 tibi
2617 2815 2809 2854 manus
2836 2813 2958 2854 esse
2981 2800 3228 2864 dextera,
3263 2808 3319 2854 et
3359 2799 3595 2871 presby-

2028 2902 2108 2950 ter
2132 2894 2404 2960 nominor,
2429 2902 2485 2948 et
2532 2893 2757 2948 verbum
2809 2891 2904 2946 Dei
2955 2891 3142 2946 videor
3186 2891 3506 2961 praedicare,
3555 2890 3603 2946 si

2025 2986 2227 3058 aliquid
2257 2995 2449 3042 contra
2477 2984 2904 3040 ecclesiasticam
2931 2982 3268 3052 disciplinam
3295 3022 3311 3048 ,
3337 2991 3392 3037 et
3420 2982 3603 3036 Evan~

339 3071 488 3125 satio
509 3083 637 3125 ncta
667 3073 757 3140 sit,
796 3075 1039 3131 maxime
1098 3080 1476 3137 sacerdotibus
1519 3090 1575 3136 et
1629 3083 1914 3142 ministris.
1945 3091 1987 3147 C
2024 3079 2148 3150 gelii
2207 3079 2451 3150 regulam
2517 3092 2763 3144 gessero,
2812 3076 2886 3131 ῖιᾶ
2929 3085 2988 3132 υῑ
3037 3074 3352 3131 scandalum
3415 3073 3511 3130 ιίὶὶί
3548 3085 3605 3130 ει

341 3159 461 3216 Nec
486 3171 680 3230 putent
714 3178 775 3220 se
802 3175 952 3221 recte
985 3167 1189 3232 dicere,
1212 3167 1348 3233 Quid
1377 3171 1482 3227 hoc
1531 3173 1600 3228 ad
1655 3189 1740 3229 me
1792 3191 1914 3245 spe-

338 3261 458 3308 ctat
487 3254 531 3311 si
557 3256 696 3312 alius
725 3259 866 3314 male
890 3260 1050 3330 agit?
1074 3260 1189 3317 Hoc
1213 3264 1501 3320 estdicere
1533 3278 1695 3336 caput
1721 3271 1786 3324 ad
1817 3285 1913 3339 pe—

339 3345 460 3410 des,
477 3345 613 3414 Quid
635 3350 705 3406 ad
737 3366 820 3405 me
853 3354 1084 3422 pertinet
1118 3356 1164 3410 si
1193 3355 1419 3411 dolent?
1456 3357 1513 3412 Si
1544 3359 1686 3416 male
1711 3361 1916 3418 habent

336 3442 506 3508 pedes
535 3444 659 3508 mei,
687 3459 794 3498 non
831 3461 949 3502 mea
1001 3448 1269 3516 interest,
1323 3451 1616 3506 dummodo
1656 3462 1818 3524 caput
1857 3455 1912 3510 in

337 3532 574 3590 sanitate
599 3535 872 3604 perduret.
904 3538 1011 3594 Aut
1047 3541 1093 3596 si
1132 3541 1280 3597 dicat
1305 3543 1496 3598 oculus
1537 3546 1744 3598 manui.
1794 3542 1910 3601 Non

339 3620 560 3692 indigeo
588 3641 753 3697 opera
781 3636 892 3697 tua,
921 3631 1051 3700 quid
1081 3633 1148 3687 ad
1192 3649 1281 3690 me
1312 3635 1546 3704 pertinet
1601 3635 1648 3691 si
1713 3635 1864 3691 doles
1891 3636 1917 3690 'l

338 3714 398 3771 Si
429 3719 708 3775 vulnerata
738 3736 836 3792 es,
912 3725 1157 3795 nunquid
1183 3743 1287 3799 ego
1315 3728 1506 3784 oculus
1547 3729 1914 3786 conturbabor

337 3822 409 3863 ex
444 3811 766 3880 aegritudine
792 3817 1032 3874 manus?
1084 3819 1214 3876 Tale
1238 3836 1368 3891 ergo
1395 3831 1480 3877 est
1500 3823 1643 3892 quod
1679 3831 1846 3894 agunt
1881 3822 1916 3878 ii

335 3901 428 3970 qui
463 3903 724 3961 Ecclesiis
759 3918 1032 3978 prasunt,
1058 3926 1165 3968 non
1208 3914 1510 3985 cogitantes
1565 3914 1692 3984 quia
1742 3930 1908 3970 unum

336 4009 536 4064 corpus
566 4013 754 4056 sumus
803 4017 997 4060 omnes
1033 4007 1124 4076 qui
1170 4008 1466 4074 credimus,
1512 4023 1680 4064 unum
1735 4008 1907 4063 Deum

335 4086 624 4156 habentes,
659 4093 749 4162 qni
784 4111 883 4151 nos
912 4097 964 4151 in
992 4099 1204 4154 unitate
1232 4101 1559 4174 constringit
1615 4109 1673 4156 et
1734 4101 1908 4157 conti-

2021 3172 2281 3228 Ecclesia
2309 3169 2427 3243 (25)
2489 3169 2708 3236 faciam,
2756 3169 2810 3224 in
2862 3183 2973 3224 uno
3033 3183 3300 3224 consensu
3356 3167 3600 3224 Ecclesia

2024 3267 2280 3321 universa
2309 3264 2636 3335 conspirans
2662 3264 2881 3318 excidat
2908 3279 2995 3318 me
3019 3263 3300 3318 dexteram
3325 3277 3478 3317 suam
3505 3303 3521 3327 ,
3545 3274 3603 3319 et

2022 3357 2325 3428 projiciata
2352 3371 2434 3415 se.
2468 3356 2700 3426 Expedit
2740 3356 2884 3411 enim
2938 3355 3034 3410 tibi
3085 3364 3141 3410 et
3190 3355 3451 3410 Ecclesia
3485 3355 3599 3426 (24)

2021 3450 2224 3519 absque
2256 3464 2344 3504 me
2374 3464 2539 3502 manu
2584 3457 2696 3512 tua,
2730 3463 2849 3518 qua
2879 3447 3020 3503 male
3045 3448 3258 3520 agendo
3284 3448 3596 3503 scandalum

2020 3542 2148 3608 feci,
2173 3543 2410 3599 introire
2448 3542 2501 3597 in
2550 3557 2774 3613 regnum
2812 3542 3114 3607 caelorum,
3159 3558 3320 3611 quam
3383 3557 3595 3596 mecum

2021 3637 2100 3691 ire
2131 3638 2184 3690 in
2212 3637 2540 3706 gehennam.
2561 3635 2687 3691 Hac
2728 3635 2934 3690 idcirco
2965 3635 3219 3698 diximus,
3267 3634 3391 3704 quia
3452 3635 3598 3687 vide-

2024 3743 2146 3784 mus
2201 3729 2255 3782 in
2304 3727 2606 3798 Scripturis
2661 3727 2866 3783 sanctis
2925 3726 3142 3794 relerri,
3187 3727 3328 3798 quod
3373 3735 3597 3796 prolitcr

2023 3837 2190 3876 unum
2221 3829 2536 3890 peccantem
2575 3819 2860 3874 anathema
2913 3819 3043 3874 facti
3094 3830 3224 3875 sunt
3267 3819 3362 3874 ﬁlii
3403 3819 3593 3885 Israel,

2021 3913 2095 3968 ita
2121 3922 2180 3967 ut
2214 3913 2562 3967 vincerentur
2589 3911 2658 3966 ab
2685 3911 2955 3967 hostibus.

2083 4004 2139 4059 7.
2177 4004 2287 4059 Sed
2316 4005 2596 4059 videamus
2627 4013 2682 4058 et
2723 4005 2896 4073 ipsum
2945 4015 3230 4074 peccatum
3276 4007 3395 4076 ejus
3430 4005 3593 4075 quale

2015 4099 2088 4154 sit
2119 4114 2132 4150 :
2162 4097 2400 4154 Furatus
2427 4107 2534 4164 est,
2567 4097 2743 4168 inquit
2765 4100 2832 4166 5°,
2859 4098 3096 4169 linguam
3123 4115 3367 4166 auream,
3399 4113 3455 4155 et
3492 4114 3591 4168 po-

407 4245 496 4304 “l
530 4250 671 4308 Tim.
698 4269 749 4319 v,
777 4255 868 4313 20.
943 4259 990 4291 ⁸⁸
1020 4257 1043 4313 Ι
1069 4260 1198 4318 Cor.
1237 4278 1287 4331 ν,
1311 4263 1400 4318 15.
1476 4265 1524 4298 ⁸⁸
1546 4265 1680 4321 ibid.
1712 4265 1766 4320 5.
1844 4265 1888 4297 ⁵⁷
1922 4265 1926 4319 Ι

2044 4279 2171 4320 .xv.
2245 4263 2293 4296 ⁸⁸
2325 4261 2519 4319 Matth.
2552 4277 2608 4328 v,
2636 4263 2728 4318 50.
2810 4263 2856 4298 ⁸⁸
2877 4262 2990 4320 Jos.
3016 4281 3111 4332 vii,
3143 4265 3234 4319 21.

404 4409 483 4493 (ἐξ)
512 4410 623 4493 Sed
649 4422 696 4466 et
728 4415 864 4493 i_1_lud
893 4433 994 4493 noti
1025 4419 1214 4493 otiose,
1245 4430 1355 4478 etc.
1385 4423 1601 4481 Citatur
1627 4427 1716 4482 hic
1757 4427 1910 4482 locus
1943 4433 1985 4488 υ
2079 4426 2193 4493 (16)
2241 4427 2372 4484 Mss.
2413 4445 2437 4480 ‹
2473 4426 2770 4484 Christum.
2825 4444 2848 4481 ›
2899 4425 3058 4484 Libb.
3102 4428 3236 4482 editi
3288 4445 3305 4484 :

335 4481 406 4564 ab
435 4480 571 4564 Jona
596 4483 974 4564 Aurelianensi
1001 4480 1258 4564 episcopo
1289 4493 1388 4550 lib.
1417 4510 1439 4550 ι
1472 4496 1550 4552 De
1577 4480 1909 4553 institutione

329 4551 533 4615 laicali,
560 4569 679 4622 cap.
717 4555 806 4611 18.

401 4642 515 4731 (10)
549 4643 814 4731 Cemetic.
853 4668 874 4702 ε
914 4651 1269 4731 hochuando
1298 4656 1532 4731 accidit?
1565 4661 1903 4731 i_Sangerm.

334 4714 789 4839 actafi903ll10du
812 4722 1050 4787 accidit?
1068 4714 1102 4777 ἰ
1124 4723 1280 4784 Libb.
1305 4728 1435 4782 editi
1473 4747 1488 4784 :
1527 4749 1546 4783 ι
1601 4714 1707 4787 hoc
1731 4714 1910 4801 Tino—do

329 4853 528 4980 I“(nidi
575 4855 732 4927 Mss.,
774 4878 794 4913 ι
838 4874 1072 4923 metum.
1127 4883 1149 4920 ι
1191 4864 1350 4924 Libb.
1399 4869 1531 4926 editi

401 5015 515 5102 (12)
539 5016 749 5102 (Ζοὰθιο
784 5020 1185 5102 Gemeticensis
1219 5047 1236 5084 :
1291 5046 1311 5080 ε
1363 5031 1633 5088 succensi.
1667 5051 1686 5084 ›
1747 5031 1904 5090 Libb.

328 5086 458 5140 editi
493 5086 508 5141 ὲ
549 5104 570 5140 ι
605 5090 928 5148 succincti.)

398 5159 514 5227 (15)
549 5156 751 5246 omnes
789 5179 919 5246 mss.
956 5181 976 5216 ι
1013 5173 1073 5219 et
1130 5175 1253 5238 post
1306 5169 1904 5246 Ecclesiacorreptio-

329 5242 475 5310 nem.
527 5247 548 5282 ι
591 5231 751 5286 Libb.
775 5235 906 5288 editi
940 5253 956 5288 :
991 5252 1012 5286 ι
1045 5246 1101 5291 et
1134 5231 1273 5309 'post
1315 5241 1431 5297 hac
1463 5243 1723 5299 Ecclesia:
1763 5231 1901 5301 ἐον-

330 5309 598 5367 reptione.
623 5319 644 5353 ι

399 5370 515 5438 (14)
545 5372 987 5453 gemeticensis:
1044 5397 1066 5432 ‹
1099 5380 1305 5453 etdum
1346 5398 1452 5438 non
1493 5392 1725 5453 purgant
1775 5386 1900 5440 uni-

332 5454 511 5504 versa,
544 5441 800 5500 Ecclesia
831 5447 1130 5506 moliuntur
1159 5451 1458 5511 interitum.
1494 5441 1519 5508 ἱ

399 5536 512 5604 (15)
543 5537 730 5614 li_lem__:
768 5557 788 5614 ε
824 5543 902 5596 sic
933 5546 1094 5598 etiam
1133 5559 1230 5614 per
1277 5562 1443 5602 unum
1491 5547 1573 5603 vel
1638 5547 1903 5606 fornican-

331 5612 441 5730 ἓξιὲ
497 5609 582 5662 vel
641 5610 785 5664 aliud
839 5609 1200 5686 quodcunque
1261 5617 1488 5675 sceleris
1556 5623 1901 5678 committen-

388 5695 398 5718 ⁸
447 5717 456 5730 .
497 5696 516 5730 ι

1585 4888 1599 4926 :
1659 4889 1680 4923 ε
1743 4873 1905 4929 tirno-

3357 4449 3377 4481 σ
3417 4427 3585 4486 Chri-

2017 4507 2156 4552 SlllS.
2194 4516 2214 4549 ι

2087 4566 2631 4638 (Πλαθπιθιίοθηεῑε
2673 4587 2684 4622 :
2725 4586 2744 4620 ι
2809 4567 2876 4623 ad
2929 4580 3195 4638 prarnpta
3263 4571 3520 4638 pendere.
3553 4593 3574 4627 ι

2015 4636 2168 4693 Unus
2196 4637 2542 4694 Ebroicensis
2571 4655 2585 4690 :
2634 4658 2654 4691 ι
2686 4639 2751 4692 ad
2777 4636 3040 4707 prarupta
3069 4636 3308 4696 tendere.
3349 4661 3368 4694 ι

2085 4707 2200 4779 (18)
2231 4707 2502 4779 Cernetic.
2539 4726 2558 4760 ‹
2599 4710 2874 4779 prohibes.
2912 4727 2932 4761 ι

2086 4776 2198 4847 (19)
2226 4776 2427 4834 Omnes
2454 4776 2655 4834 mssﬁc
2690 4780 2770 4834 sic
2798 4779 3083 4836 immemor
3109 4793 3190 4835 es.
3225 4799 3246 4833 ι
3280 4779 3435 4840 Libb.
3477 4787 3583 4840 edi-

2015 4849 2052 4902 ti
2082 4867 2094 4900 :
2131 4867 2150 4898 ι
2187 4847 2266 4902 sic
2300 4865 2510 4904 memor
2545 4865 2626 4905 es.
2661 4870 2682 4902 ι

2081 4919 2198 4988 (20)
2230 4918 2592 4985 Saugerman.
2614 4939 2633 4972 ‹
2667 4919 2736 4974 ad
2771 4927 2991 4973 terram.
3032 4937 3053 4973 ι
3082 4919 3234 4974 Libb.
3261 4922 3392 4976 editi
3419 4937 3434 4977 :
3457 4942 3479 4977 ι
3511 4927 3578 4980 ad

2008 4996 2208 5044 terras.
2241 5008 2261 5040 ι
2293 4989 2495 5045 Ibidem
2523 4992 2695 5046 codex
2744 4989 3011 5045 Gemetic.
3069 5009 3087 5042 ι
3118 4992 3393 5047 inventam
3423 5011 3578 5052 revo-

2006 5060 2224 5115 caverit
2254 5060 2498 5116 humeris
2525 5061 2656 5116 suis.
2689 5078 2712 5114 ι

2004 5199 2036 5253 d
2078 5127 2193 5203 (21)
2221 5129 2712 5200 Sangermanensis
2735 5146 2856 5186 cum
2876 5149 2986 5190 uno
3002 5133 3350 5191 Ebroicensi:
3375 5153 3396 5188 ι
3437 5136 3578 5192 exci-

2043 5211 2181 5253 atur.
2222 5220 2242 5252 ι

2043 5211 2181 5254 atur.
2222 5220 2242 5252 ι
3611 5248 3620 5264 .

2081 5269 2194 5341 (ΞΞ)
2221 5269 2380 5324 Libb.
2421 5278 2580 5326 antea
2612 5271 2745 5326 editi
2777 5293 2791 5328 ε
2829 5291 2848 5325 ι
2890 5290 2957 5329 an
2989 5275 3056 5328 de
3099 5274 3199 5328 hac
3234 5292 3466 5331 manu...
3499 5276 3579 5333 dic

2006 5339 2126 5412 cit:
2174 5342 2442 5397 Abscinde
2485 5357 2605 5396 eam
2647 5352 2703 5395 et
2738 5345 2938 5412 projice
2965 5345 3064 5399 abs
3101 5347 3200 5400 te?
3247 5345 3360 5404 Hoc
3402 5355 3507 5402 est.
3546 5366 3569 5402 ο

2007 5409 2113 5465 Sed
2142 5427 2332 5468 omnes
2364 5428 2494 5466 mss.
2530 5424 2591 5466 ut
2621 5412 2672 5465 in
2699 5409 2885 5469 nostro
2915 5426 3084 5470 textu.

2079 5482 2193 5550 (25)
2222 5481 2424 5536 Omnes
2457 5499 2590 5538 mss.
2619 5502 2638 5534 ς
2675 5484 2770 5540 tibi
2793 5494 2848 5540 et
2867 5485 3144 5542 Ecclesia.
3171 5505 3192 5539 ι
3251 5486 3412 5549 Libb.
3457 5488 3573 5543 edi-

2009 5551 2049 5605 ti
2080 5569 2094 5604 :
2133 5572 2151 5602 c
2203 5553 2295 5607 tibi
2331 5553 2608 5607 Ecclesia.
2639 5570 2658 5603 ι

2083 5621 2196 5693 (24)
2231 5623 2434 5677 Omnes
2462 5637 2594 5680 mss.
2644 5623 2841 5682 iterum
2876 5645 2890 5684 :
2928 5646 2948 5680 ι
2994 5625 3092 5682 ι11ι1
3144 5636 3200 5683 et
3231 5628 3503 5687 Ecclesia.
3542 5645 3564 5679 ι

2006 5691 2164 5752 Libb.
2203 5693 2334 5751 editi
2362 5704 2419 5748 ut
2455 5709 2640 5764 supra.
