4050 6148
509 261 614 314 ξϐὖ

2007 258 2328 315 OillGENIS

3668 264 3762 320 865

512 377 618 431 suit
659 394 779 434 eam
814 378 864 431 in
899 378 1248 432 tabernaculo
1274 391 1394 432 suo.
1431 377 1544 432 Non
1580 387 1709 446 pnto
1759 377 1810 430 in
1839 377 1931 430 illo
1958 376 2098 431 furto
2128 383 2173 437 Α
2207 386 2294 428 tur
2341 375 2528 428 audire
2577 388 2674 444 pro
2715 386 2782 428 eo
2816 375 2960 445 quod
3011 375 3189 430 minus
3224 375 3552 432 delectabilis
3583 393 3761 435 eorum

522 472 685 533 parvi
727 470 842 524 auri
888 477 1092 522 tantam
1125 469 1232 522 vim
1267 469 1435 523 fuisse
1461 469 1693 537 peccati,
1729 479 1788 522 ut
1839 476 1947 522 tam
2002 485 2098 523 nu-

524 573 800 616 merosam
839 558 1047 612 Domini
1082 557 1382 612 Ecclesiam
1426 557 1744 613 macularet.
1787 555 1893 613 Sed
1921 559 2099 612 videa-

519 668 642 707 mus
671 669 737 707 ne
772 651 910 705 forte
961 651 1238 705 interioris
1275 651 1647 721 intelligentia:
1714 651 1786 706 sit
1847 662 1994 705 tanta
2044 662 2100 706 et

523 755 632 799 tam
668 747 851 814 gravis
882 746 1154 798 acerbitas
1191 744 1291 799 ista
1323 745 1556 813 peccati.
1586 745 1784 800 Multus
1810 745 1972 800 decor
2018 755 2100 799 est

520 838 574 892 iu
600 839 802 904 verbis,
829 848 881 892 et
919 837 1088 892 multa
1114 839 1166 891 in
1207 838 1652 908 phil050pborum
1681 839 1764 894 vel
1817 839 2098 894 rhetorum

518 932 863 986 sermonibus
919 931 1264 1002 pulchritudo
1298 973 1312 998 ,
1371 933 1461 1002 qui
1512 949 1704 988 omnes
1749 933 1816 988 de
1879 933 2099 988 civitate

489 1037 645 1078 .sunt
682 1023 926 1089 Jericho,
962 1027 1012 1080 id
1043 1035 1146 1091 est,
1177 1027 1334 1096 hujus
1358 1028 1544 1082 mundi
1580 1027 1850 1082 homines.
1883 1026 1937 1080 Si
1970 1040 2097 1096 ergo

519 1119 771 1173 invenias
801 1121 942 1188 apud
979 1121 1328 1191 philosophos
1375 1136 1630 1192 perversa
1661 1121 1910 1190 dogmata
1945 1120 2097 1176 Iucu-

520 1210 648 1266 Ieuti
674 1214 942 1267 sermonis
985 1213 1376 1268 assertionibus
1412 1216 1705 1278 decorata,
1734 1217 1834 1268 ista
1865 1223 1946 1266 est
1999 1212 2096 1267 lin.-

519 1320 621 1376 gua
649 1321 835 1359 aurea.
875 1305 978 1360 Sed
1007 1307 1131 1362 vide
1161 1321 1237 1360 ne
1253 1317 1303 1360 te
1332 1307 1565 1376 decipiat
1598 1305 1770 1376 fulgor
1795 1305 1996 1375 operis,
2031 1321 2097 1361 ne

520 1408 574 1453 te
608 1400 784 1468 rapiat
817 1400 1085 1454 sermonis
1139 1399 1289 1454 aurei
1339 1399 1684 1469 pulchritudo
1732 1415 1745 1450 :
1792 1407 2092 1464 memento,

519 1492 644 1561 quia
678 1490 839 1546 Jesus
867 1493 1158 1546 anathema
1182 1492 1342 1559 jussit
1371 1508 1490 1548 esse
1517 1507 1681 1548 omne
1709 1508 1901 1546 aurum
1952 1493 2095 1560 quod

489 1583 815 1638 .inJericho
853 1584 1014 1638 fuerit
1041 1585 1341 1640 inventum.
1381 1584 1436 1640 Si
1482 1595 1693 1655 poetam
1744 1583 1941 1651 legeris
1983 1599 2095 1639 mo-

520 1675 718 1731 dulatis
745 1677 1011 1742 versibus,
1053 1677 1443 1747 etprzefulgido
1472 1679 1717 1732 carmine
1765 1677 1893 1731 deos
1941 1677 2095 1730 deas-

2203 467 2419 521 videtur
2453 481 2576 521 esse
2620 467 2887 522 narratio.
2931 465 3088 521 Scire
3127 467 3326 521 etenim
3365 469 3573 523 debetis
3610 472 3761 541 digna

2203 559 2422 629 quidem
2454 572 2576 612 esse
2614 557 2792 613 sancti
2816 558 3054 628 Spiritus
3082 557 3300 627 eloquio
3329 573 3449 629 qua:
3477 559 3759 630 leguntur:
3797 604 3806 612 ς

2201 652 2296 708 sed
2339 651 2403 704 ad
2445 651 2784 720 explananda
2835 665 2897 704 ea
2949 651 3255 720 indigemus
3315 651 3484 718 gratia
3536 651 3765 722 Spiritus

2203 743 2401 806 sancti,
2437 742 2526 795 illa
2581 757 2742 811 quam
2789 742 2922 796 dicit
2963 743 3254 811 Apostolus
3277 742 3320 786 ⁸-⁸
3347 761 3360 798 :
3389 761 3408 795 ι
3437 743 3540 798 Alii
3593 756 3763 801 autem

2200 850 2297 904 per
2340 835 2600 904 Spiritum
2652 835 2810 888 datur
2860 849 3041 890 sermo
3089 835 3396 904 sapientiae,
3447 835 3540 889 alii
3597 852 3766 893 sermo

2199 927 2456 981 scientia-3‘
2479 925 2778 980 secundum
2827 926 3076 980 eumdem
3121 925 3410 992 Spiritum.
3436 946 3452 979 ι
3486 926 3590 983 Ista
3617 930 3767 998 igitur

2198 1019 2362 1073 etiam
2403 1034 2499 1072 nos
2524 1020 2577 1072 in
2623 1018 2754 1073 locis
2802 1017 3163 1086 praesentibus
3198 1017 3530 1089 indigemus,
3565 1022 3618 1073 itt
3650 1023 3765 1090 qui-

2197 1111 2300 1166 bus
2331 1109 2569 1165 refertur
2611 1110 2755 1180 quod
2805 1095 2964 1165 Iesus
3011 1109 3276 1164 successit
3328 1110 3543 1182 Moysi,
3576 1123 3630 1167 et
3661 1115 3767 1184 ipse

2199 1204 2453 1275 populum
2490 1204 2660 1270 ducit,
2699 1215 2754 1257 et
2794 1201 3148 1256 adumbratur
3177 1202 3227 1256 in
3261 1206 3512 1272 praesenti
3549 1205 3766 1262 lectione

2200 1299 2323 1352 talis
2350 1297 2596 1366 quaedam
2631 1296 2880 1350 historia.
2907 1295 3011 1361 Qui
3056 1295 3374 1349 habitabant
3428 1295 3546 1368 llay
3583 1298 3762 1353 civita-

2197 1400 2331 1455 tem,
2380 1391 2557 1460 primo
2603 1391 2823 1458 quidem
2875 1389 2974 1442 visi
3024 1398 3150 1442 sunt
3207 1388 3427 1443 vincere
3473 1399 3529 1443 et
3559 1403 3765 1447 vertere

2199 1483 2338 1536 filios
2394 1482 2555 1537 Israel
2601 1490 2823 1552 propter
2875 1491 3158 1550 peccatum
3218 1482 3360 1550 quod
3407 1483 3758 1538 admiserant.

2195 1573 2388 1628 Postea
2441 1589 2570 1628 vero
2615 1591 2778 1644 quam
2829 1573 3066 1626 ablatum
3110 1583 3193 1628 est
3245 1573 3444 1628 malum
3494 1575 3563 1630 de
3601 1578 3766 1631 medio

2199 1669 2462 1737 ipsorum,
2495 1666 2719 1738 jubetur
2748 1683 2776 1719 τι
2819 1667 2928 1720 Deo
2962 1665 3066 1718 dux
3114 1666 3296 1735 potiuli
3344 1664 3504 1722 Jesus
3545 1669 3605 1721 in
3641 1671 3766 1723 duas

519 1783 623 1837 que
652 1777 943 1833 texentem,
974 1783 1041 1822 ne
1094 1769 1378 1824 delecteris
1430 1769 1755 1839 eloquentia:
1803 1769 2088 1822 suavitate.

2197 1769 2380 1828 partes
2416 1759 2657 1812 «lividere
2706 1756 2986 1827 populum,
3032 1765 3089 1809 ut
3125 1772 3250 1826 pars
3301 1759 3522 1815 simulet
3568 1760 3764 1831 fugam,

518 1861 727 1930 Lingua
761 1875 925 1914 aurea
951 1872 1032 1914 est
1058 1876 1073 1913 :
1101 1862 1145 1915 si
1175 1877 1295 1916 eam
1343 1863 1630 1918 sustuleris
1650 1873 1705 1918 et
1753 1863 1998 1932 posueris
2035 1863 2088 1916 in

518 1953 874 2009 tabernacqu
908 1963 1044 2009 tuo:
1103 1954 1147 2008 si
1190 1955 1555 2011 introduxeris
1608 1957 1659 2010 in
1705 1973 1801 2013 cor
1848 1970 1996 2012 tmnn
2029 1970 2090 2010 ea

517 2063 642 2115 qua:
669 2049 738 2101 ab
759 2048 865 2101 illis
896 2057 1236 2110 asseruntur,
1287 2048 1492 2116 pollues
1519 2063 1736 2102 omnem
1793 2050 2090 2104 Ecclesiam

515 2139 750 2194 Domini.
789 2139 900 2194 Iloc
934 2140 1061 2194 fecit
1088 2140 1279 2194 infelix
1321 2140 1656 2205 Valentinus,
1701 2151 1753 2196 et
1800 2143 2087 2206 Basilides,

516 2233 622 2289 hoc
647 2235 774 2288 fecit
799 2246 851 2288 et
877 2235 1114 2292 Marcion
1147 2237 1434 2292 haereticus
1459 2235 1592 2305 (‘25).
1629 2236 1814 2291 Furati
1848 2248 1974 2290 sunt
2003 2237 2089 2291 isti

516 2323 728 2395 linguas
772 2341 968 2382 aureas
995 2328 1059 2383 de
1097 2327 1337 2393 Jericho,
1396 2337 1452 2383 et
1498 2329 1942 2399 phil050phorum
1992 2345 2090 2383 no-

515 2419 599 2474 bis
624 2433 729 2472 non
762 2430 938 2474 rectas
967 2420 1019 2472 in
1052 2420 1324 2475 Ecclesias
1362 2422 1712 2476 introducere
1761 2423 1938 2475 conati
1965 2431 2091 2476 sunt

514 2521 717 2575 sectas,
745 2519 799 2566 et
824 2510 1063 2579 polluere
1099 2526 1315 2567 omnem
1360 2512 1658 2567 Ecclesiam
1697 2513 1930 2567 Domini.
1983 2513 2089 2568 Sed

514 2614 614 2657 nos
639 2603 957 2671 prwcedeus
1006 2601 1226 2656 Patrum
1260 2618 1554 2670 sequamur
1601 2604 1942 2674 exemplum,
1979 2606 2090 2659 dis-

513 2697 782 2751 cutiamus
824 2695 1143 2764 diligentius
1184 2712 1251 2750 ne
1302 2697 1424 2764 quis
1472 2698 1848 2752 absconditam
1906 2698 1958 2751 iu
2009 2707 2090 2752 ta-

515 2785 807 2842 bernaculo
873 2803 972 2842 suo
1031 2789 1226 2842 habeat
1273 2787 1658 2844 Jerichontiam
1707 2791 1974 2860 linguam,
2034 2800 2090 2845 et

515 2877 832 2945 abjiciamus
866 2880 1064 2933 malum
1112 2894 1179 2933 ex
1235 2879 1393 2934 nobis
1441 2880 1596 2950 ipsis,
1657 2884 1788 2950 quia
1830 2882 1993 2936 etiam
2041 2884 2085 2936 si

512 2991 613 3030 nos
649 2991 928 3030 cessamus
957 3015 972 3039 ,
1020 2985 1212 3044 arguet
1265 2976 1404 3030 Deus
1431 3016 1445 3041 ,
1487 2978 1562 3030 ita
1615 2986 1674 3029 ut
1735 2977 1848 3046 ipse
1893 2987 2087 3045 sponte

515 3061 843 3115 confiteatur
865 3071 920 3117 et
948 3064 1160 3117 dicat“o
1197 3081 1210 3118 :
1252 3065 1486 3119 Furatus
1529 3080 1647 3118 sum
1701 3064 1936 3135 linguam
1991 3082 2088 3119 an-

517 3166 662 3204 ream
713 3155 1058 3208 etdextralia
1105 3171 1256 3224 pura.
1306 3157 1468 3212 Vides
1524 3155 1828 3224 cuiusmodi
1879 3159 2087 3214 furatus

511 3241 674 3315 415
710 3255 792 3299 est
827 3246 1064 3301 furtum?
1087 3248 1325 3318 linguam
1360 3248 1574 3304 furatur
1607 3259 1661 3306 et
1689 3253 1954 3306 dextralia
1986 3270 2084 3323 pu-

515 3351 595 3388 ra.
626 3335 765 3390 Pura
801 3349 984 3393 autem
1014 3341 1278 3394 dextralia
1314 3350 1443 3395 sunt
1470 3358 1638 3412 opera
1666 3344 1720 3398 in
1765 3346 1964 3413 quibus
2006 3347 2089 3400 di-

515 3427 698 3482 vinum
747 3429 881 3484 nihil
929 3431 1212 3494 miscetur,
1246 3433 1340 3487 sed
1375 3441 1540 3487 totum
1585 3437 1882 3490 secundum
1909 3439 2085 3492 homi-

513 3533 636 3570 nem
687 3520 917 3589 geritur.
957 3523 1198 3590 Denique
1236 3534 1289 3578 et
1323 3526 1598 3580 nostrisiu
1632 3526 2088 3596 disputationibus

515 3611 684 3663 moris
714 3620 798 3665 est
830 3614 1038 3676 dicere,
1077 3615 1202 3681 quia
1228 3615 1504 3670 Christum
1542 3632 1650 3670 non
1677 3633 1871 3687 purum
1907 3619 2085 3673 homi-

515 3719 638 3754 nem
683 3703 933 3772 dicimns,
965 3707 1057 3760 sed
1093 3707 1259 3760 Deum
1302 3718 1358 3762 et
1416 3709 1688 3762 hominem
1738 3710 2084 3769 confitemur.

515 3790 648 3845 Illud
686 3805 864 3850 autem
919 3800 1060 3866 quod
1093 3799 1159 3850 de
1191 3797 1411 3853 Jerieho
1458 3797 1692 3863 furatur,
1731 3816 1923 3869 purmn
1966 3818 2088 3856 esse

512 3885 737 3950 dicitur,
780 3889 830 3941 id
877 3901 960 3944 est
1010 3892 1127 3946 sine
1159 3891 1292 3958 Deo,
1325 3909 1444 3962 qua:
1475 3894 1663 3961 utique
1693 3894 1895 3948 furauti
1921 3897 2089 3950 crsti-

515 3978 578 4030 tit
607 3993 766 4033 causa
812 3984 1040 4049 peccati.
1077 3985 1142 4037 Et
1179 3985 1303 4040 ideo
1341 4001 1438 4039 nos
1489 3986 1626 4038 nihil
1665 4003 1858 4054 purum
1899 3999 1953 4040 et
1980 3990 2084 4042 litt-

521 4085 740 4126 manum
791 4073 857 4126 de
906 4074 1123 4130 Christo
1172 4078 1490 4141 sentiamus,
1535 4077 1630 4133 sed
1671 4078 1834 4132 Deum
1882 4081 2088 4151 pariter

519 4171 680 4231 atque
733 4165 1004 4220 hominem
1054 4167 1342 4231 fateamur,
1385 4171 1514 4238 quia
1572 4183 1629 4226 et
1675 4173 1941 4240 sapientia
1995 4175 2084 4228 Dei

512 4255 794 4325 multiplex
831 4257 1056 4324 dicitur,
1097 4269 1155 4312 ut
1201 4275 1294 4328 per
1337 4262 1452 4318 hare
1499 4276 1812 4316 mercamur
1864 4263 2085 4331 partici-

511 4346 658 4413 pium
690 4364 907 4403 sumere
939 4351 1222 4420 sapientia:
1263 4352 1380 4417 Dei,
1417 4353 1508 4422 qui
1539 4364 1624 4407 est
1649 4353 1899 4408 Christus
1929 4353 2086 4409 Jesus

2193 1864 2319 1918 pars
2369 1861 2549 1904 autem
2583 1849 2846 1903 subsistat
2898 1848 2952 1902 in
3000 1848 3210 1902 insidiis
3249 1851 3447 1920 quibus
3475 1854 3768 1922 decipiatur

2194 1942 2329 2012 llay,
2374 1956 2494 1995 cum
2532 1941 2855 2009 prazceperit
2886 1938 3064 1994 Jesus.
3106 1939 3316 2007 Quibus
3360 1943 3430 1996 ita
3471 1928 3768 2014 dispositis,

2193 2050 2286 2088 rex
2319 2032 2433 2103 Ilay
2471 2033 2658 2087 videns
2680 2031 2861 2086 Jesum
2895 2041 2950 2086 et
2984 2032 3123 2086 filios
3171 2032 3333 2087 Israel
3372 2035 3610 2101 eminus,
3644 2053 3766 2092 con-

2191 2127 2392 2181 citatur
2421 2126 2710 2178 adversum
2759 2140 2854 2179 eos
2891 2123 2944 2178 in
2999 2125 3264 2193 praelium.
3300 2125 3410 2181 Illis
3443 2143 3574 2183 vero
3605 2130 3771 2184 simu-

2191 2217 2432 2272 lantibus
2483 2215 2690 2286 fugam,
2730 2215 2822 2269 iSti
2874 2217 3056 2270 acrius
3109 2217 3474 2284 insectantur,
3531 2232 3586 2274 et
3625 2222 3768 2277 velut

2191 2310 2360 2380 spolia
2399 2309 2612 2363 ducturi
2665 2309 2731 2362 de
2788 2309 3060 2372 hostibus,
3103 2325 3292 2366 omnes
3329 2312 3491 2366 simul
3539 2331 3608 2369 ex
3646 2318 3771 2371 urbe

2193 2403 2515 2472 procedunt,
2551 2401 2621 2454 ita
2664 2409 2738 2462 ut,
2781 2401 2923 2455 sicut
2977 2401 3257 2469 Scriptura
3315 2405 3472 2469 dicit,
3499 2408 3769 2478 relinque-

2191 2501 2311 2548 rent
2348 2507 2572 2547 vacuam
2623 2492 2925 2547 civitatem.
2954 2491 3059 2548 Sed
3091 2503 3441 2564 posteaquam
3477 2497 3528 2551 in
3561 2502 3765 2555 consti-

2194 2598 2363 2642 lutnm
2385 2585 2656 2655 progressi
2682 2593 2806 2638 sunt
2827 2585 3026 2649 locum,
3057 2601 3354 2643 conversus
3379 2587 3536 2644 Jesus
3559 2593 3767 2661 signum

2190 2680 2361 2746 dedit,
2389 2686 2450 2733 ut
2479 2685 2838 2746 exsurgerent
2870 2678 2962 2746 qui
3001 2677 3054 2732 in
3079 2679 3292 2734 insidiis
3324 2689 3501 2746 erant,
3535 2692 3590 2736 et
3612 2683 3767 2738 dorsa

2192 2771 2436 2826 hostium
2471 2770 2745 2824 caaderent
2773 2785 2785 2820 :
2811 2779 2866 2822 et
2895 2771 2968 2822 ita
3004 2768 3081 2822 illi
3113 2770 3415 2836 novissimi,
3444 2782 3499 2826 et
3528 2772 3617 2828 isti
3665 2776 3770 2844 pri-

2190 2865 2263 2917 mi
2300 2865 2506 2918 medios
2538 2865 2722 2918 hostes
2762 2863 3049 2918 conclusos
3089 2861 3408 2916 interimunt
3459 2865 3764 2920 universos.

2189 2955 2257 3009 Et
2302 2957 2404 3010 hoc
2448 2957 2607 3010 modo
2637 2957 2797 3011 victis
2828 2956 2896 3010 iis
2925 2953 3018 3024 qui
3053 2953 3376 3008 habitabant
3415 2954 3556 3026 ilay,
3585 2973 3765 3028 regem

2193 3049 2431 3118 ipsorum
2463 3032 2861 3117 suspeiiderunt
2892 3049 2943 3101 in
2977 3047 3119 3116 ligno
3141 3047 3374 3117 gemino.

2261 3140 2316 3194 2.
2361 3140 2455 3194 llis
2492 3141 2691 3195 auditis
2740 3139 3039 3194 verisimile
3091 3149 3174 3194 est
3224 3141 3500 3195 auditores
3565 3141 3762 3206 dicere,

2178 3239 2295 3305 Quo
2335 3234 2464 3289 mihi
2513 3234 2664 3289 hrec?
2701 3234 2833 3304 quid
2882 3234 3011 3288 mihi
3069 3234 3283 3290 confert
3343 3236 3388 3289 si
3438 3250 3760 3306 cognoscam

2190 3325 2332 3395 quod
2370 3326 2498 3379 victi
2527 3336 2656 3379 sunt
2679 3325 2714 3379 ii
2737 3325 2828 3392 qui
2859 3325 3107 3380 habitant
3134 3327 3265 3397 Ilay,
3296 3327 3450 3396 quasi
3488 3343 3592 3381 non
3626 3327 3764 3382 simi-

2190 3417 2290 3480 lia,
2326 3426 2419 3468 ant
2449 3416 2613 3470 etiam
2643 3416 2944 3485 potentiora
2979 3416 3143 3480 bella,
3191 3416 3274 3471 vel
3305 3427 3456 3487 gesta
3505 3417 3636 3482 sint,
3683 3417 3763 3472 vel

2191 3508 2489 3575 gerantur?
2513 3508 2635 3562 Ilzec
2665 3507 2766 3562 fait
2795 3522 2926 3560 cura
2953 3508 3192 3577 Spiritus
3225 3509 3422 3574 sancti,
3457 3518 3515 3562 ut
3550 3509 3758 3565 relictis

2192 3610 2270 3654 tot
2296 3611 2349 3654 et
2376 3609 2648 3652 tantarum
2683 3597 2941 3652 nobilium
2972 3600 3202 3654 excidiis
3227 3600 3466 3664 urbium,
3498 3601 3760 3669 pradium

2191 3693 2428 3747 civitatis
2452 3690 2563 3761 llay
2588 3692 2852 3761 scriptum
2887 3692 2996 3764 (‘27)
3021 3693 3192 3746 sacris
3215 3692 3577 3746 voluminibus
3609 3709 3763 3745 man-

2190 3784 2857 3840 daretur?Temerarium
2912 3786 3146 3839 fortasse
3199 3786 3269 3839 sit
3324 3787 3465 3854 quod
3514 3785 3761 3850 facimus,

2193 3887 2301 3929 tam
2344 3878 2509 3930 ardua
2543 3887 2598 3932 et
2643 3889 2749 3932 tam
2796 3876 3039 3932 difficilia
3088 3873 3386 3945 Scriptura:
3412 3885 3614 3928 sanctae
3647 3875 3760 3928 loca

2188 3969 2481 4038 explanare
2513 3979 2775 4024 conantes
2802 3985 2816 4022 :
2842 3970 2933 4024 sed
2969 3969 3013 4023 si
3055 3982 3152 4020 nos
3198 3967 3534 4022 orationibus
3564 3969 3761 4021 vestris

2184 4063 2408 4132 juvetis,
2469 4081 2572 4117 non
2621 4065 2794 4118 solum
2853 4065 3064 4132 culpam
3126 4060 3448 4131 effugiemus
3493 4063 3753 4124 audacia),

2194 4172 2377 4211 verum
2439 4165 2495 4212 et
2547 4158 2886 4212 devotionem
2962 4164 3201 4210 nostram
3265 4153 3546 4223 amplexus
3605 4153 3760 4208 Pater

2195 4249 2354 4305 Verbi
2380 4253 2521 4305 Deus
2543 4252 2697 4306 dabit
2715 4252 2938 4304 verbum
2968 4249 3020 4302 in
3045 4248 3395 4316 adapertione
3426 4249 3541 4300 oris
3567 4249 3756 4310 nostri,

2190 4360 2298 4412 quo
2329 4355 2382 4398 et
2413 4359 2507 4397 vos
2541 4343 2904 4406 aedificemini,
2938 4352 2992 4396 et
3026 4357 3124 4396 nos
3156 4356 3258 4394 non
3307 4340 3543 4393 indevoti
3570 4356 3750 4409 parea-

514 4437 779 4494 Dominus
828 4452 1035 4505 noster,
1069 4441 1154 4494 cui
1187 4451 1270 4496 est
1301 4443 1470 4513 gleria
1501 4453 1557 4499 et
1586 4445 1872 4514 imperium
1906 4445 1958 4499 in
1993 4460 2087 4499 εδε-
2115 4453 2163 4510 ι)
2193 4453 2329 4491 mus.
2375 4435 2608 4491 Orantes
2656 4451 2786 4506 ergo
2843 4446 2898 4488 et
2929 4435 3121 4488 intenti
3171 4434 3368 4488 animis
3408 4431 3523 4504 (28)
3557 4435 3754 4490 audite.

507 4534 632 4585 cnla
672 4538 1017 4590 saeculorum.
1055 4537 1252 4588 Amen.

1073 4649 1354 4705 IIOMILIA
1396 4650 1528 4706 VIII.

512 4733 592 4791 De
618 4739 823 4816 iisquw
864 4741 1205 4816 ingeret-sione
1255 4738 1372 4811 Hay
1409 4753 1554 4810 gesta
1596 4755 1738 4816 sunt,
1779 4757 1827 4798 et
1865 4745 1930 4799 de
1974 4762 2089 4816 rege

723 4809 834 4877 ejus
868 4810 1002 4880 (‘26),
1027 4822 1284 4878 exparte,
1309 4809 1357 4865 et
1385 4809 1448 4864 de
1471 4814 1674 4882 gemino
1705 4816 1870 4884 ligno.

583 4899 635 4952 1.
682 4899 1047 4969 Deprecamur
1080 4917 1196 4964 vos,
1233 4916 1266 4955 ο
1299 4902 1578 4956 auditores
1609 4919 1890 4959 sacrorum
1930 4904 2080 4956 volu-

510 4990 738 5054 tniunm,
773 5009 876 5046 non
921 5011 1042 5048 cum
1077 4995 1236 5048 taedio
1275 4993 1360 5046 vel
1390 4993 1614 5050 fastidio
1643 5011 1705 5050 ca
1741 5012 1863 5066 quae
1897 4997 2085 5068 legun-

582 5157 626 5188 ⁶⁰
651 5154 763 5211 Jos.
801 5173 896 5220 vtt,
929 5157 1018 5211 21.
1097 5159 1140 5190 ⁶¹
1171 5158 1192 5212 l
1226 5158 1355 5214 Cor.
1390 5175 1484 5224 xu,
1523 5159 1576 5212 8.

579 5295 692 5356 (9.5)
734 5294 1081 5348 Ebroicensis
1109 5311 1248 5347 unus
1278 5314 1290 5348 :
1323 5315 1338 5345 ‹
1372 5295 1683 5349 hzereticns.
1717 5313 1734 5345 ι
1773 5293 1932 5348 Libb.
1962 5294 2076 5346 edi-

508 5367 588 5418 ti:
629 5383 648 5416 ι
679 5367 943 5420 ΙιειξιὊιίεἰ.
983 5385 1001 5417 ι
1039 5364 1341 5435 Utrumque
1371 5367 1716 5420 desideratur
1741 5365 1794 5419 in
1838 5363 2077 5434 Sanger-

508 5451 748 5488 mancum
761 5478 773 5490 .

583 5505 695 5575 (26)
726 5505 886 5560 Gesta
936 5518 1061 5576 sunt
1097 5520 1144 5560 et
1179 5507 1243 5559 de
1297 5522 1412 5575 rege
1465 5508 1604 5576 ejus,
1639 5517 1746 5562 etc.
1775 5505 1869 5562 Sic
1897 5505 2071 5559 codex

506 5576 1018 5643 Sangermauensis.
1053 5575 1107 5629 In
1136 5575 1500 5632 Genteticcnsi
1531 5579 1698 5642 deest,
1727 5596 1745 5628 ι
1769 5578 1903 5631 etde
1927 5576 2071 5646 ligno

507 5649 742 5706 gemino.
771 5665 790 5696 ι
827 5647 982 5701 Libb.
1035 5648 1167 5700 eititi
1220 5647 1444 5710 habent,
1479 5665 1497 5696 σ
1528 5659 1678 5716 gesta
1735 5656 1884 5710 sunt,
1919 5658 1974 5700 et
2005 5655 2072 5700 de

509 5716 654 5783 ligno
681 5718 915 5786 gemino,
944 5727 995 5772 et
1021 5717 1086 5772 de
1124 5733 1250 5787 rege
1274 5716 1410 5785 ejus,
1437 5719 1517 5773 vel
1547 5720 1816 5788 quomodo
1844 5735 1964 5774 eam
1990 5718 2074 5771 iu-

2191 4529 2375 4582 Primo
2401 4538 2622 4598 propter
2646 4537 2865 4599 peccata
2907 4528 3034 4581 victi
3067 4543 3272 4590 sumus,
3303 4539 3357 4580 et
3395 4528 3426 4580 ii
3479 4529 3571 4597 qui
3610 4528 3758 4582 habi-

2190 4622 2380 4675 tabant
2423 4619 2536 4690 Ilay
2583 4619 3015 4688 quamplurimos
3046 4635 3111 4673 ex
3154 4619 3309 4673 nobis
3341 4620 3753 4676 interfecerunt.

2185 4713 2299 4784 llay
2332 4715 2726 4779 interpretatur
2767 4713 2924 4766 chaos
2962 4714 3095 4784 ('29).
3133 4713 3311 4767 Chaos
3365 4723 3543 4768 autem
3581 4715 3756 4771 locum

2186 4807 2268 4858 vel
2299 4805 2668 4858 habitaculum
2709 4818 2832 4858 esse
2875 4804 3124 4856 novimus
3152 4802 3553 4856 contrariarum
3586 4803 3760 4858 virtu-

2185 4907 2320 4959 tum,
2352 4911 2582 4966 quarum
2617 4910 2710 4948 rex
2751 4905 2808 4950 et
2858 4895 3109 4966 princeps
3136 4892 3385 4946 diabolus
3410 4903 3512 4945 est.
3544 4892 3756 4946 Adver-

2184 5007 2278 5046 sus
2325 4992 2469 5045 hunc
2498 4988 2721 5044 veniens
2757 4987 2938 5054 Jesus,
2976 4989 3192 5043 induas
3215 4995 3400 5055 partes
3427 4985 3617 5040 dividit
3667 5002 3756 5054 po-

2184 5295 2379 5348 ccndio
2411 5294 2620 5349 dederit
2643 5291 2822 5356 Jcsns,
2847 5302 3027 5348 utnon
3058 5293 3335 5346 habitetur
3361 5291 3413 5344 in
3433 5299 3745 5344 mteruum.»

2232 5365 2584 5447 .(27)_Codex
2625 5365 2936 5434 Saugerm.,
2985 5383 3004 5415 ‹
3029 5364 3312 5432 scriptum.
3341 5380 3360 5413 ι
3402 5361 3561 5415 Libb.
3601 5360 3749 5422 editi,

2192 5453 2210 5486 ι
2233 5447 2574 5502 lllSCt‘lpltlln.
2599 5454 2618 5486 ι

2210 5575 2218 5585 Ι
2257 5505 2368 5584 (28)
2405 5501 2572 5586 Idem,
2617 5525 2635 5558 ι
2662 5504 2850 5559 intenti
2883 5505 3100 5560 animis.
3129 5525 3146 5557 ι
3175 5503 3330 5558 Libb.
3361 5502 3515 5564 editi,
3537 5520 3555 5552 ι
3577 5501 3749 5554 inten-

2185 5585 2536 5722 Ηέοὲἓςηῆῗιξί
2567 5648 2951 5716 interpretatur
3011 5645 3188 5702 chaos.
3220 5645 3303 5699 Ab
3336 5653 3397 5710 ην
3447 5638 3746 5702 «cumulus,

2182 5730 2431 5770 acervus.
2461 5733 2480 5766 δ
