4050 6148
272 245 386 300 865

1285 235 1352 290 IN
1391 233 1652 291 LIBRUM
1675 233 1840 292 JESU
1869 234 2056 292 NAVE
2086 233 2368 290 IIOMILIA
2398 233 2534 290 Vlll.

3429 233 3537 294 866

271 360 486 426 pulum,
520 365 576 411 et
608 357 746 410 alios
795 353 1017 425 quidem
1063 356 1118 407 in
1174 353 1363 424 primis
1391 354 1606 416 statuit,
1629 353 1770 407 alios
1802 355 1853 407 in
1886 357 1933 414 Λ
1961 354 2089 423 quia
2115 362 2170 408 et
2199 354 2287 408 hic
2315 353 2607 422 Apostolus
2635 353 2749 423 (54)
2775 351 3044 422 duplicem
3089 353 3265 406 crucis
3297 357 3535 422 prodidit

273 449 700 519 posterioribus,
729 448 822 516 qui
875 461 941 500 ex
977 446 1252 515 insperato
1285 456 1410 513 post
1453 453 1607 516 terga
1644 446 1866 500 veniant

274 544 648 597 inimicorum.
680 539 747 594 Et
778 540 903 594 vide
945 538 989 593 si
1039 554 1144 593 non
1196 539 1371 608 prima
1402 553 1531 607 pars
1559 547 1643 593 est
1681 538 1861 606 populi

273 641 369 695 illa
413 639 480 692 de
510 653 614 706 qua
646 635 774 690 dicit
801 635 845 666 ⁶¹
874 652 888 687 :
919 651 937 685 ι
963 632 1080 686 Non
1119 633 1241 686 veni
1289 633 1389 686 nisi
1419 634 1485 685 ad
1523 647 1653 687 oves
1685 632 1866 701 perdi-

275 739 365 779 tas
399 725 593 778 d0mus
640 721 842 784 Israel;
886 739 905 773 ›
944 730 997 774 et
1022 721 1088 773 de
1128 735 1234 789 qua
1273 721 1408 775 dicit
1439 720 1860 790 Paulus“(50):

280 831 300 866 ι
327 812 523 868 Gratia
584 822 763 866 autem
811 820 867 865 et
926 825 1028 880 pax
1061 811 1209 864 omni
1249 810 1454 865 homini
1482 813 1730 880 operanti
1764 811 1862 866 bo-

273 922 408 960 num
450 903 680 959 :Judceo
728 905 983 970 primum,
1021 911 1146 956 tunc
1201 904 1366 957 etiam
1421 915 1476 958 et
1522 903 1735 969 Grzcco,
1761 925 1779 958 ι
1809 905 1862 959 id

270 1009 359 1055 est
401 999 590 1070 gentili
641 997 954 1066 posteriori.
987 995 1098 1052 lste
1125 1011 1255 1066 ergo
1292 995 1524 1066 p0pulus
1567 1004 1652 1051 cst
1680 997 1771 1065 qui
1808 999 1859 1050 in

267 1093 470 1162 primis
501 1092 780 1154 statuitur,
818 1098 872 1143 et
897 1089 1052 1158 quasi
1095 1087 1312 1158 fugiens
1343 1103 1465 1142 cum
1496 1085 1648 1141 Jesu.
1676 1087 1864 1142 Poste-

268 1183 390 1236 rior
417 1197 547 1236 vero
578 1181 808 1252 populus
823 1187 930 1248 est,
961 1181 1050 1250 qui
1081 1195 1150 1235 ex
1178 1178 1434 1249 gentibus
1465 1189 1856 1250 congregatur;

271 1278 482 1344 quique
500 1291 568 1330 ex
617 1277 896 1343 insperato
945 1273 1230 1329 venientes
1253 1273 1402 1342 (quis
1435 1273 1579 1326 enim
1613 1284 1863 1341 speraret

269 1379 466 1440 gentes
494 1368 718 1439 salvari)
749 1368 932 1423 acrius
967 1379 1091 1437 post
1117 1376 1327 1438 tergum
1371 1367 1716 1422 adversarios
1752 1383 1858 1421 cae-

269 1463 440 1525 dunt;
467 1469 521 1513 et
560 1460 642 1512 sic
672 1469 901 1527 uterque
948 1456 1182 1526 populus
1234 1456 1468 1509 mediam
1503 1465 1734 1510 turmam
1761 1457 1862 1511 dae-

270 1565 501 1604 monum
549 1549 866 1604 conclusam
916 1548 1113 1602 sternit
1144 1555 1198 1602 et
1239 1548 1426 1602 vincit.
1469 1548 1577 1602 Sed
1627 1549 1862 1605 fortasse

267 1643 428 1696 dii-ns
475 1642 632 1706 mihi,
657 1641 938 1710 Quomodo
989 1654 1121 1709 ergo
1171 1641 1329 1710 quasi
1380 1639 1594 1708 fugiens
1635 1642 1858 1710 ponitur

1968 442 2254 496 rationem.
2298 441 2412 497 Duo
2462 442 2606 496 enim
2645 443 2748 496 sibi
2791 443 3062 496 contraria
3091 445 3225 496 dixit
3257 460 3376 499 esse
3409 464 3534 501 cru-

1966 531 2148 595 cifixa,
2178 549 2238 588 se
2267 545 2517 588 sanctum
2572 542 2628 586 et
2682 543 3022 602 peccatorem
3065 534 3344 599 mundum,
3375 538 3442 590 ad
3473 538 3538 592 il-’

1964 622 2068 677 lam
2126 623 2354 678 formam
2406 626 2525 680 sine
2579 625 2740 679 dubio
2792 641 2954 694 quant
3018 628 3267 696 superius
3299 629 3534 687 diximus

1963 717 2163 772 Christi
2193 728 2249 772 et
2295 719 2517 773 diaboli.
2563 719 2670 772 Nos
2698 722 2841 773 enim
2893 721 3105 776 niundo-
3137 723 3528 792 crucifigimnr,

1965 819 2090 862 tunc
2145 826 2265 862 cum
2302 812 2522 866 veniens
2566 813 2824 880 princeps
2874 814 3034 881 hujus
3065 814 3248 867 mundi
3287 816 3337 868 in
3377 818 3534 872 nobis

1963 914 2066 953 nou
2114 899 2320 953 invenit
2359 901 2678 969 quidquam.
2716 903 2780 955 Et
2816 902 2971 956 nobis
2995 902 3228 958 mundus
3255 906 3533 974 crucifigi-

1965 998 2072 1053 tur,
2130 1003 2253 1041 cum
2287 992 2529 1059 ,peccati
2587 993 3081 1060 concupiscentiam
3155 1009 3262 1047 non
3323 998 3533 1066 recepi-

1962 1098 2080 1135 tuus
2103 1080 2231 1152 (δε).

2029 1171 2082 1226 4.
2127 1171 2231 1226 Sed
2267 1171 2311 1225 si
2351 1173 2474 1241 quis
2502 1172 2643 1232 forte
2665 1184 2752 1228 est
2790 1175 3046 1229 attentior
3079 1177 3408 1242 auditorum,
3439 1195 3534 1249 po-

1963 1273 2063 1317 test
2093 1264 2273 1318 dicere
2303 1280 2314 1314 :
2344 1263 2538 1318 Forma
2563 1267 2778 1332 quidem
2818 1279 2995 1319 rerum
3021 1276 3292 1337 gestarant
3323 1268 3535 1324 videtur

1958 1370 2081 1409 esse
2128 1356 2479 1422 conveniens,
2506 1357 2600 1410 sed
2631 1358 2810 1411 adhuc
2836 1357 2966 1412 illud
3020 1375 3104 1414 me
3155 1371 3355 1427 m0vet,
3385 1362 3532 1432 quod

1958 1447 2204 1502 diabolus
2237 1459 2294 1502 et
2330 1449 2608 1505 exercitus
2659 1465 2815 1515 suus,
2860 1461 3120 1518 quantum
3174 1453 3242 1506 ad
3291 1454 3534 1508 historia:

1959 1537 2182 1609 figuram
2234 1541 2563 1604 ostenditur,
2621 1541 2983 1613 interemptus
3016 1553 3099 1598 est
3133 1562 3146 1597 :
3176 1554 3231 1600 et
3260 1548 3534 1614 quomodo

1957 1632 2202 1685 videmus
2250 1631 2425 1686 adhuc
2455 1641 2511 1686 et
2540 1633 2834 1698 diabolum,
2867 1645 2922 1688 et
2962 1638 3268 1691 contrarias
3295 1648 3537 1706 potesta-

269 1733 509 1800 populus
538 1733 731 1802 prior?
764 1733 933 1787 Valde
957 1743 1378 1804 consequenter.
1409 1731 1623 1801 Fugere
1650 1735 1852 1790 etenim

1961 1733 2041 1778 tes
2067 1723 2338 1777 intantum
2368 1724 2550 1778 valere
2589 1725 2875 1780 adversum
2907 1742 3099 1783 servos
3125 1729 3239 1792 Dei,
3271 1740 3327 1785 ut
3361 1734 3531 1787 etiam

268 1826 377 1880 visi
411 1837 537 1880 sunt
564 1827 654 1895 qui
694 1838 996 1896 sequuntur
1014 1826 1223 1894 Jesum,
1258 1845 1284 1881 a
1314 1828 1578 1898 legalibus
1599 1829 1854 1886 oneribus

268 1928 323 1970 et
371 1917 681 1984 praeceptis,
711 1917 779 1971 ab
820 1918 1202 1972 observatione
1250 1917 1496 1981 Sabbati,
1546 1934 1575 1970 a
1608 1919 1853 1972 circum-

269 2008 487 2063 cisione
541 2009 747 2073 carnis,
779 2008 1177 2076 ajugulatione
1225 2010 1549 2064 hostiarum.
1588 2011 1695 2066 Sed
1749 2011 1857 2067 itea

270 2117 396 2154 rum
425 2114 532 2154 non
567 2101 706 2170 fugit
735 2103 826 2169 qui
855 2113 1076 2158 secutus
1115 2112 1198 2158 est
1223 2102 1522 2168 Christum,
1566 2103 1856 2174 perfectio-

271 2205 400 2244 nem
429 2199 484 2243 et
509 2190 900 2259 plenitudinem
931 2191 1087 2260 legis.

337 2281 397 2335 5.
432 2280 560 2335 Post
603 2281 785 2336 omnia
831 2293 1034 2347 autem,
1061 2283 1226 2337 etiam
1283 2298 1378 2338 rex
1434 2284 1552 2358 Bay
1590 2286 1646 2341 in
1704 2287 1854 2358 ligno

281 2373 502 2438 gemino
533 2373 736 2427 dicitur
770 2389 893 2428 esse
929 2390 1248 2444 suspensus.
1287 2375 1399 2432 Hoc
1430 2377 1481 2430 in
1509 2378 1627 2434 loco
1654 2392 1856 2452 myste-

271 2461 416 2514 rium
450 2463 652 2530 tegitur
689 2461 802 2532 (51)
839 2464 1275 2534 quamplurimas
1321 2466 1495 2524 latens
1523 2488 1534 2522 :
1562 2471 1657 2524 sed
1690 2487 1857 2526 oran-

271 2552 427 2608 tibus
451 2553 606 2608 vobis
637 2553 968 2613 tentabimus
1012 2555 1148 2622 haec,
1191 2572 1299 2611 non
1349 2561 1550 2615 nostris
1578 2563 1853 2630 opinioni-

272 2645 398 2709 bus,
447 2646 539 2700 sed
589 2646 786 2701 divina:
819 2645 1122 2715 Scriptura;
1177 2651 1506 2705 testimoniis
1538 2653 1767 2720 aperire.
1799 2653 1854 2708 In

271 2739 648 2805 superioribus
670 2739 907 2794 diximus
939 2755 1122 2809 regem
1153 2741 1268 2812 Hay
1294 2743 1510 2798 diabolo
1544 2761 1706 2815 posse
1727 2762 1858 2801 con-

272 2826 438 2881 ferri:
466 2828 555 2884 hic
591 2833 866 2900 quomodo
897 2833 951 2888 in
1000 2833 1153 2904 ligno
1176 2838 1392 2905 gemino
1417 2853 1710 2908 suspensus
1742 2840 1854 2913 (52)

274 2920 369 2982 sit,
402 2936 581 2991 operae
608 2925 843 2991 pretium
881 2935 966 2980 est
1001 2943 1255 2984 noscere.
1297 2928 1442 2982 Crux
1493 2931 1708 2986 Domini
1753 2948 1854 2986 no-

273 3012 375 3065 atri
410 3010 538 3067 Jesu
566 3013 731 3086 416
751 3017 952 3072 Christi
996 3019 1210 3090 gemina
1257 3018 1377 3074 fuit.
1407 3020 1575 3076 Mirus
1613 3024 1706 3078 tibi
1738 3040 1856 3080 ser-

277 3120 368 3158 mo
394 3104 622 3160 fortasse
653 3119 708 3160 et
737 3123 908 3163 novus
940 3111 1174 3176 videtur,
1194 3112 1338 3179 quod
1369 3112 1492 3166 dico
1519 3129 1655 3168 crux
1687 3117 1858 3184 gemi-

277 3216 344 3252 na
380 3200 479 3252 fuit
509 3219 522 3253 :
554 3201 652 3254 hoc
676 3211 784 3267 est,
810 3205 1024 3272 gemina
1053 3208 1260 3262 ratione
1287 3217 1504 3263 constat
1531 3220 1585 3264 et
1613 3212 1812 3281 duplici
1839 3229 1853 3268 :

275 3291 406 3357 quia
453 3291 745 3346 visibiliter
775 3296 994 3362 quidem
1041 3297 1214 3354 Filius
1249 3298 1345 3354 Dei
1379 3300 1434 3354 in
1470 3317 1638 3358 carne
1676 3307 1856 3361 cruci-

278 3382 423 3436 fixns
456 3391 576 3437 est:
605 3385 956 3440 invisibiliter
1009 3403 1140 3444 vero
1179 3390 1231 3444 in
1285 3407 1347 3446 ea
1403 3408 1567 3448 cruce
1610 3395 1857 3453 diabolus

274 3480 400 3520 cum
454 3470 855 3540 principatibus
897 3475 1013 3530 suis
1045 3486 1102 3530 et
1130 3482 1494 3547 potestatibus
1542 3484 1732 3541 afIixus
1772 3495 1858 3543 est

277 3554 449 3608 cruci.
491 3555 608 3611 Non
652 3559 744 3613 tibi
770 3561 872 3615 hoc
898 3563 1172 3618 videbitur
1212 3582 1422 3635 verum,
1460 3573 1506 3624 si
1533 3573 1629 3628 tibi
1661 3576 1856 3632 horum

277 3649 476 3698 testem
508 3646 818 3713 produxero
867 3651 1170 3718 apostolum
1222 3653 1490 3711 Paulum?
1535 3659 1674 3715 Audi
1729 3678 1859 3732 ergo

275 3733 343 3788 de
370 3736 436 3790 iis
467 3738 601 3806 quid
645 3739 760 3810 ipse
796 3743 1156 3811 pronuntiat:
1189 3763 1206 3797 ι
1233 3745 1383 3812 Quod
1429 3761 1570 3815 erat,
1595 3751 1769 3821 inquit
1791 3754 1855 3820 “.

275 3830 614 3883 contrarium
647 3832 826 3897 nobis,
850 3834 976 3888 tulit
1004 3835 1134 3889 illud
1151 3837 1218 3891 de
1247 3840 1445 3902 medio,
1465 3841 1687 3914 afligens
1709 3848 1858 3901 cruri

280 3933 414 3984 suae,
447 3936 654 3978 exuens
703 3925 1039 3996 principatus
1067 3939 1122 3984 et
1161 3941 1461 4000 potestates
1504 3937 1761 4000 traduxit,
1795 3939 1860 3992 li-

277 4013 406 4065 bere
438 4013 779 4084 triumphans
823 4035 917 4073 eas
951 4020 1004 4074 in
1037 4021 1182 4093 ligno
1205 4026 1418 4092 crucis;
1446 4047 1466 4078 ι
1498 4027 1625 4084 licet
1658 4031 1709 4083 in
1738 4031 1859 4086 aliis

276 4104 681 4173 exemplaribus
737 4110 1004 4166 habeatur
1063 4131 1076 4167 :
1138 4136 1156 4167 ι
1187 4118 1527 4186 triumphans
1572 4121 1625 4174 in
1660 4133 1858 4176 semet-

281 4197 422 4266 ipso,
449 4220 469 4252 ι
511 4203 605 4255 sed
648 4205 790 4272 apud
821 4205 1041 4262 Graecos
1069 4208 1318 4276 habetur,
1360 4229 1380 4262 ι
1410 4213 1460 4266 in
1509 4213 1674 4284 ligno.
1699 4235 1716 4266 ι
1759 4216 1860 4270 Er—

277 4304 346 4358 go
396 4291 595 4359 duplex
655 4295 794 4349 ratio
845 4296 1140 4354 Dominicae
1194 4300 1412 4355 crucis:
1445 4318 1549 4355 una
1601 4303 1692 4357 illa
1753 4321 1856 4375 qua

1959 1815 2238 1882 apostolus
2269 1814 2461 1869 Petrus
2496 1830 2620 1869 cum
2672 1817 2876 1887 ingenti
2929 1820 3141 1874 cautela
3176 1833 3532 1890 praemoueat,

1957 1919 2012 1962 et
2061 1907 2205 1962 dicat
2258 1908 2662 1986 observandum
2707 1925 2838 1970 esse
2856 1911 2922 1977 ⁸⁷,
2971 1912 3098 1981 quia
3135 1931 3153 1965 ι
3185 1916 3533 1972 adversarius

1959 2010 2148 2054 noster
2193 1998 2469 2064 diabolus,
2492 2000 2632 2054 sicut
2665 2000 2748 2056 leo
2799 2003 3018 2073 rugiens
3044 2005 3260 2071 circuit,
3284 2022 3533 2080 quarens

1958 2107 2117 2161 quem
2162 2100 2493 2147 transvoret.
2519 2111 2538 2144 ι
2567 2092 2859 2148 Videamus
2888 2109 3016 2166 ergo
3052 2097 3096 2149 si
3122 2106 3176 2150 et
3219 2097 3271 2151 in
3319 2101 3420 2153 hoc
3449 2098 3534 2154 di-

1957 2200 2120 2255 gnum
2157 2184 2364 2254 aliquid
2399 2185 2576 2237 sancti
2631 2183 2868 2254 Spiritus
2891 2186 3120 2255 eloquiis
3150 2189 3420 2257 possimus
3451 2191 3535 2243 in-

1957 2276 2167 2331 venire.
2199 2274 2481 2329 Adventus
2514 2273 2718 2329 Christi
2782 2292 2922 2330 unus
2961 2278 3176 2346 quidem
3217 2280 3281 2333 in.
3309 2281 3531 2337 humili-

1960 2378 2069 2422 tate
2113 2366 2419 2433 completus
2461 2375 2565 2430 est,
2592 2366 2731 2420 alius
2775 2383 2904 2423 vero
2939 2381 3195 2439 speratur
3221 2372 3468 2443 ingloria
3506 2392 3520 2428 :

1957 2469 2012 2516 et
2059 2460 2145 2514 hic
2179 2460 2391 2529 primus
2442 2459 2706 2513 adventus
2743 2461 2795 2512 in
2825 2475 2988 2516 carne
3025 2465 3254 2533 mystico
3293 2467 3532 2535 quodam

1957 2567 2208 2608 sermone
2237 2551 2290 2605 in
2327 2550 2632 2622 Scripturis
2656 2555 2865 2606 sanctis
2897 2555 3085 2608 umbra
3131 2555 3248 2622 cjus
3292 2559 3534 2628 appella-

1961 2656 2066 2710 tur,
2099 2647 2239 2700 sicut
2265 2656 2320 2701 et
2343 2645 2608 2702 Jeremias
2633 2645 2900 2716 pr0pbeta
2929 2645 3234 2714 denuntiat,
3261 2650 3528 2706 dicens“:

1965 2755 1984 2789 ι
2011 2737 2253 2809 Spiritus
2283 2738 2463 2792 vultus
2493 2740 2662 2792 nostri
2698 2737 2950 2793 Christus
3005 2739 3290 2807 Dominus,
3318 2743 3400 2797 cni
3437 2759 3536 2798 nos

1960 2831 2198 2886 diximus
2228 2849 2241 2885 :
2269 2831 2324 2885 In
2351 2831 2540 2885 umbra
2575 2832 2695 2900 ejus
2723 2832 2957 2885 vivimus
2992 2831 3044 2885 in
3076 2833 3347 2903 gentibus.
3373 2853 3391 2884 ι
3425 2835 3534 2890 Sed

1959 2932 2013 2976 et
2041 2921 2260 2978 Gabriel
2294 2939 2414 2977 cum
2449 2923 2852 2994 evangelizaret
2903 2921 3085 2976 Maria:
3114 2923 3253 2995 (56),
3291 2925 3357 2979 de
3387 2929 3534 2980 nati-

1960 3016 2129 3070 vitate
2159 3014 2276 3084 ejus
2308 3015 2437 3070 dicit
2461 3015 2505 3047 ⁶⁹
2535 3033 2550 3069 :
2587 3034 2606 3066 ι
2644 3015 2834 3069 Virtus
2863 3013 3131 3068 Altissimi
3185 3016 3535 3074 obumbrabit

1964 3106 2082 3161 tibi.
2103 3123 2123 3157 ι
2161 3104 2392 3176 Propter
2413 3109 2556 3176 quod
2586 3106 2962 3176 intelligimus,
2996 3107 3390 3177 quamplurima
3417 3111 3534 3179 pri-

1961 3213 2050 3254 mo
2082 3205 2185 3253 hoc
2222 3201 2456 3254 adventu
2483 3200 2600 3269 ejus
2633 3199 2974 3264 adumbrari,
3005 3217 3237 3270 quorum
3268 3202 3536 3272 adimple-

1963 3292 2038 3344 tio
2062 3298 2226 3359 atque
2265 3289 2529 3359 perfectio
2591 3291 2644 3345 in
2703 3291 2946 3346 secundo
2989 3305 3398 3348 cmisunnnetur
3423 3292 3536 3366 (57)

1961 3382 2226 3438 adventu.
2257 3380 2326 3436 Et
2364 3382 2641 3452 apostolus
2681 3381 2883 3438 Paulus
2912 3384 3046 3438 dicit
3068 3385 3139 3449 7°,
3168 3386 3294 3454 quia
3331 3403 3350 3436 ι
3377 3401 3536 3441 resu-

1960 3473 2176 3528 scitavit
2209 3489 2309 3528 nos
2335 3489 2456 3527 cum
2510 3488 2598 3538 eo,
2651 3474 2923 3544 simulque
2957 3477 3146 3531 sedere
3180 3477 3310 3531 fecit
3337 3479 3389 3532 in
3419 3494 3537 3533 ete-

1961 3563 2210 3618 lestibus.
2257 3579 2276 3614 ›
2325 3562 2392 3616 Ει
2432 3562 2621 3633 utique
2663 3566 2902 3619 nondum
2949 3566 3196 3620 videmus
3228 3569 3534 3634 credentes,
3630 3553 3637 3561 ’

1962 3665 2056 3710 aut
2105 3655 2462 3711 resuscitatos
2493 3656 2772 3728 essejam,
2798 3664 2890 3712 aut
2914 3657 2968 3710 in
2997 3657 3310 3713 cmlestibns
3338 3675 3536 3717 consc-

1962 3747 2146 3803 disse:
2178 3748 2273 3801 sed
2305 3748 2628 3803 adumbrata
2682 3757 2812 3802 sunt
2852 3748 3069 3818 quidem
3106 3751 3219 3804 haec
3263 3768 3409 3807 nunc
3441 3769 3537 3822 per

1961 3841 2144 3903 fidem,
2184 3839 2308 3908 quia
2358 3851 2537 3895 mente
2594 3853 2650 3896 et
2689 3855 2786 3910 spe
2829 3856 2859 3895 a
2911 3841 3146 3896 terrenis
3201 3851 3257 3896 et
3310 3848 3539 3903 mortuis

1963 3931 2222 4002 operibus
2265 3931 2564 3997 elevamur,
2597 3941 2652 3986 et
2683 3933 2928 4001 quotidie
2957 3948 3052 3986 cor
3078 3945 3326 3991 nostrum
3369 3938 3536 4006 erigi-

1962 4039 2083 4077 mus
2115 4024 2183 4078 ad
2209 4023 2452 4079 coelestia
2495 4034 2549 4078 et
2592 4034 2834 4079 mterna:
2867 4025 3182 4095 implebitur
3218 4037 3394 4083 autem
3433 4031 3538 4086 hoc

1961 4116 2014 4170 in
2065 4118 2308 4172 secundo
2351 4117 2468 4185 ejus
2511 4121 2770 4183 adventu,
2805 4130 2864 4173 ut
2897 4135 2960 4175 ea
2999 4135 3121 4188 qua:
3161 4137 3305 4177 nunc
3337 4123 3442 4179 fide
3481 4136 3538 4180 et

1961 4222 2057 4277 spe
2096 4210 2571 4278 praesumpsimus,
2612 4219 2740 4265 tunc
2779 4213 2940 4265 etiam
2969 4228 3153 4267 rerum
3182 4213 3378 4269 effectu
3410 4231 3534 4271 cor-

1961 4301 2228 4370 poraliter
2269 4310 2568 4355 teneamus.
2600 4293 2674 4356 Ita
2703 4317 2830 4373 ergo
2863 4313 2918 4358 et
2968 4305 3037 4359 de
3074 4304 3294 4360 diabolo
3336 4307 3536 4362 intelli-

276 4379 411 4433 dicit
442 4384 722 4450 apostolus
769 4385 1048 4456 Petrus“,
1078 4390 1224 4459 quod
1267 4390 1519 4446 Christus
1561 4394 1856 4450 crucifixus
1888 4403 1932 4457 1)
1961 4392 2191 4460 gendum
2233 4401 2341 4457 est,
2369 4389 2512 4460 quod
2544 4391 2719 4448 victus
2749 4393 2969 4462 quidem
3018 4403 3072 4448 et
3100 4394 3397 4450 cruciﬁxus
3429 4405 3534 4461 est,

278 4472 437 4529 nobis
468 4475 688 4544 reliquit
715 4481 1018 4548 exemplum
1046 4499 1058 4533 :
1083 4489 1138 4534 et
1170 4481 1284 4537 bwc
1305 4485 1562 4548 secunda,
1590 4500 1692 4554 qua
1725 4501 1860 4541 crux

278 4565 370 4619 illa
405 4577 665 4638 trOpaeum
703 4572 769 4625 de
820 4573 1034 4629 diabolo
1069 4575 1182 4645 (55)
1220 4577 1341 4642 fuit,
1387 4579 1438 4630 in
1493 4593 1600 4647 quo
1629 4587 1682 4632 et
1731 4594 1858 4634 cru-

277 4659 590 4721 cilixuskest
613 4671 666 4716 et
694 4665 1075 4734 triumphatus.
1103 4667 1234 4722 Ideo
1263 4669 1495 4738 denique
1539 4680 1595 4724 et
1639 4681 1851 4739 aposto-

279 4749 366 4803 lus
397 4751 594 4807 Paulus
635 4754 919 4810 dicebat“
952 4776 966 4812 :
1003 4777 1023 4810 ι
1059 4758 1187 4812 Mihi
1219 4769 1396 4814 autem
1433 4761 1577 4814 absit
1606 4761 1851 4830 gloriari,

279 4840 385 4894 nisi
430 4841 482 4894 in
515 4857 680 4897 cruce
727 4845 942 4899 Domini
993 4849 1098 4902 mei
1127 4848 1255 4904 Jesu
1295 4849 1523 4916 Christi,
1554 4865 1649 4920 per
1687 4865 1850 4920 quem

277 4931 416 4986 mibi
450 4935 686 4990 mundus
716 4937 1015 4994 crucifixus
1046 4951 1150 5005 est,
1177 4951 1234 4996 et
1268 4956 1370 5013 ego
1397 4943 1618 4999 mundo.
1645 4961 1665 4994 ι
1699 4942 1856 4998 Vides

351 5047 623 5127 gMatth.
660 5068 747 5127 xy,
773 5054 888 5127 Ἡ.
924 5055 969 5127 ἥδ
997 5055 1154 5111 Rom.
1190 5057 1347 5122 ",10.
1423 5058 1468 5091 “
1491 5058 1697 5114 Coloss.
1722 5075 1789 5123 ιι,
1823 5058 2024 5116 14.15.
2101 5058 2193 5112 ⁸⁵1
2229 5061 2368 5115 Petr.
2399 5075 2460 5127 tt,
2483 5061 2573 5116 22.

281 5118 326 5149 (⁸⁸
355 5119 654 5188 Threu.tv,
685 5122 775 5178 ‘20.
854 5125 897 5158 ”
933 5125 1061 5180 Luc.
1101 5143 1140 5190 ι,
1170 5118 1259 5182 55.
1337 5129 1382 5160 ⁷ο
1412 5129 1610 5196 Ephes.
1641 5146 1700 5194 ιι,
1732 5118 1789 5184 6.
1830 5130 1849 5160 ⁷

1961 5130 2070 5187 Sor.
2101 5146 2192 5198 xv,
2219 5131 2310 5186 22.

357 5211 470 5290 (§l_))
499 5211 667 5290 idem,
714 5234 733 5266 c
756 5215 974 5271 Paulus.
1005 5237 1025 5270 ι
1063 5218 1220 5274 Libb.
1253 5221 1407 5285 editi,
1449 5240 1467 5272 ι
1490 5221 1802 5290 Apostolus.
1833 5239 1855 5273 ι

355 5283 469 5354 (51)
499 5283 662 5354 idem,
692 5303 710 5336 ι
735 5290 961 5354 geritur.
987 5308 1008 5340 ι

498 5353 664 5425 idem,
687 5375 704 5407 ι
721 5352 1031 5425 suspensus.
1050 5378 1080 5412 »η
1104 5357 1263 5414 Libb.
1290 5361 1444 5425 editi,
1468 5363 1854 5417 «crucifixus.»

357 5423 469 5498 (55)
494 5423 649 5498 ῌεεη
691 5445 709 5478 ι
735 5426 801 5481 de
822 5423 1058 5483 diabolo.
1087 5449 1106 5482 ι
1155 5428 1311 5484 Libb.
1344 5423 1497 5498 editi,
1531 5449 1549 5482 ι
1582 5433 1804 5486 diaboli.
1835 5453 1852 5484 ι

359 5431 448 5492 (55
494 5431 649 5487 Mss.,
691 5445 709 5478 ι
735 5431 801 5481 de
823 5431 1058 5483 diabolo.
1087 5449 1106 5482 ι
1155 5431 1311 5484 Libb.
1344 5431 1497 5498 editi,
1531 5449 1549 5482 ι
1582 5433 1804 5486 diaboli.
1835 5453 1852 5484 ι

359 5431 473 5570 ﬁt;
503 5492 866 5570 Sangerman.
892 5510 947 5554 et
971 5499 1263 5564 Gcmetic.,
1296 5501 1671 5570 «Apostolus.»
1697 5501 1855 5558 Libb.

285 5563 441 5625 editi,
456 5563 488 5616 VC
512 5563 731 5621 Paulus.
753 5586 773 5620 ι

358 5633 472 5706 (55)
511 5633 674 5712 Dibb.
728 5638 882 5703 editi,
919 5657 956 5712 ut
982 5641 1450 5712 concupiscentiae
1498 5658 1605 5697 non
1653 5643 1858 5712 recepi-

291 5720 430 5761 mus.
455 5725 476 5762 ι
517 5707 703 5763 Codex
744 5723 874 5766 vero
912 5707 1404 5780 Sangerniauensis
1449 5724 1509 5770 ut
1562 5714 1618 5770 iu
1671 5707 1858 5771 ιιοείιο

1964 4485 2060 4540 sed
2089 4484 2152 4540 iis
2175 4483 2266 4553 qui
2300 4500 2424 4538 cum
2458 4483 2678 4538 Christo
2704 4485 2950 4540 crucifixi
2982 4496 3130 4554 sunt,
3157 4488 3412 4545 omnibus
3441 4505 3537 4544 au-

1963 4579 2069 4628 tem
2105 4573 2478 4638 credentibus,
2521 4585 2577 4628 et
2631 4574 2903 4630 universis
2938 4578 3142 4644 pariter
3171 4578 3384 4647 populis
3411 4589 3539 4636 tunc

1963 4663 2072 4717 erit
2104 4664 2422 4730 crucifixus,
2466 4681 2592 4720 cum
2646 4666 3012 4736 complebitur
3050 4669 3179 4724 illud
3223 4672 3368 4740 quod
3407 4673 3540 4728 dicit

1963 4754 2337 4824 Apostolus“,
2377 4758 2508 4824 quia
2544 4775 2562 4808 ι
2586 4757 2728 4813 sicut
2761 4759 2815 4811 in
2852 4759 3023 4813 Adam
3061 4775 3254 4815 omnes
3293 4762 3538 4816 moriun-

1969 4857 2078 4913 tur,
2111 4848 2184 4901 ita
2225 4856 2277 4902 et
2321 4848 2372 4902 in
2412 4849 2633 4905 Christo
2678 4866 2870 4906 omnes
2931 4853 3412 4908 vivificabuntur.»
3445 4855 3542 4909 Est

1963 4957 2095 5012 ergo
2118 4941 2230 5013 (58)
2257 4943 2312 4996 in
2340 4942 2446 4998 hoc
2467 4944 2631 4998 etiam
2663 4944 3088 5000 resurrectionis
3114 4945 3309 5001 futura:
3336 4960 3540 5020 myste-

2652 5063 2698 5095 ⁸³
2719 5061 2923 5129 Gal.vt,
2951 5063 3039 5120 14.
3115 5064 3160 5096 ⁸⁷
3183 5063 3368 5124 lPetr.
3404 5081 3459 5156 ν,
3482 5066 3534 5123 8.

1969 5232 2139 5276 ιθκιιι.

2036 5292 2148 5363 (56)
2201 5293 2372 5350 Codd.
2437 5293 2726 5365 Sangerm.
2786 5295 3183 5352 Gemeticensis
3239 5313 3361 5351 cum
3428 5314 3538 5353 uno

1962 5360 2298 5424 Ebroicensi,
2351 5383 2370 5416 ι
2391 5360 2591 5420 Μιιιιδῖ.
2624 5385 2643 5418 ι
2679 5367 2830 5421 Alter
2865 5367 3234 5433 Ebroicensis,
3265 5387 3287 5419 ‹
3310 5371 3376 5422 ad
3417 5370 3533 5425 Ma-

1963 5435 2122 5487 riam.
2153 5453 2172 5486 ›
2203 5433 2358 5489 Libb.
2393 5436 2546 5501 editi,
2585 5455 2603 5488 ι
2625 5435 2874 5490 Mariam.
2906 5457 2927 5489 ι

2033 5502 2144 5574 (57)
2172 5506 2456 5574 Sa-ngerm.
2482 5519 2534 5562 et
2564 5507 2668 5560 duo
2729 5507 2975 5572 Ebroic.,
3019 5525 3040 5560 ι
3067 5520 3535 5564 εοιιευιιιιιιοιιιι.»

1969 5572 2132 5627 ιιυιι.
2160 5572 2318 5636 editi,
2359 5594 2377 5626 ι
2405 5577 2895 5631 consummahitur.
2923 5595 2942 5628 ι

2038 5645 2153 5712 (58)
2178 5644 2343 5714 Ergo.
2380 5646 2540 5702 Deest
2595 5647 2648 5702 in
2699 5645 2830 5704 libb.
2859 5645 3046 5712 editis,
3085 5650 3180 5705 sed
3221 5649 3452 5706 habetur
3481 5650 3539 5704 in

1967 5712 2252 5782 Saugerm.
