4050 6148
527 198 632 254 867
1993 187 2315 245 ORIGliNlS
3664 190 3757 244 863

530 314 696 367 rium.
720 311 855 366 Nam
883 318 939 366 et
971 320 1099 366 tunc
1122 309 1394 366 dividetur
1417 307 1646 379 populus
1671 307 1725 362 in
1745 307 1878 362 duas
1899 316 2102 376 partes,
2135 315 2179 368 Α
2211 306 2376 374 fugite
2421 304 2677 358 invidiam
2724 312 2782 360 et
2823 304 3071 368 livorem,
3114 301 3284 372 fugite
3323 303 3684 359 detractiones
3712 313 3758 355 ιιι

533 411 693 456 erunt
741 410 798 456 et
829 410 956 455 tunc
983 401 1204 470 quidam
1248 400 1434 471 primi,
1461 408 1519 454 et
1549 399 1640 453 alii
1677 397 1962 469 postremi,
2000 399 2092 466 qui

527 491 788 564 cum(59)
824 492 893 545 ad
929 490 1114 546 Jesum
1153 493 1207 546 in
1259 506 1426 546 unum
1477 491 1934 560 conspiraverint,
1976 489 2092 559 jam

530 594 660 639 tunc
689 584 824 638 ultra
859 583 1082 638 omnino
1111 599 1216 639 non
1255 585 1361 638 erit
1391 582 1661 648 diabolus,
1691 584 1817 653 quia
1845 583 1956 651 jam
1988 599 2094 637 non

525 675 634 730 erit
670 689 836 728 mors.
870 674 964 729 Vis
1011 675 1105 730 tibi
1161 677 1324 731 etiam
1377 677 1494 732 haec
1529 677 1728 731 divinis
1760 675 2094 732 testimoniis

526 765 980 835 comprobemus?
1013 767 1150 820 Audi
1184 767 1500 836 Apostolum
1528 768 1859 822 dicentem"
1886 784 1902 820 :
1933 785 1952 818 ι
1985 766 2097 822 Hoc

524 857 673 912 enim
722 859 877 913 vobis
931 859 1168 914 dicimus
1227 860 1282 912 in
1331 862 1498 916 verbo
1548 860 1787 926 Domini,
1815 860 1941 930 quia
1996 875 2096 915 nos

527 950 618 1018 qui
672 951 928 1016 vivimus,
969 953 1060 1022 qui
1111 952 1299 1022 reliqui
1351 969 1562 1020 sumus,
1621 953 1677 1008 in
1719 955 1952 1010 adventu
1998 955 2100 1009 Do-

531 1043 662 1096 mini
708 1058 812 1097 non
860 1044 1254 1112 praeveniemus
1307 1060 1403 1100 eos
1447 1045 1539 1114 qui
1583 1045 1942 1111 dormierunt,
1970 1046 2096 1113 quia

528 1135 646 1204 ipse
680 1133 942 1189 Dominus
983 1135 1035 1189 in
1064 1134 1218 1202 jussu
1255 1145 1311 1191 et
1339 1137 1394 1191 in
1434 1152 1567 1192 voce
1598 1137 1914 1208 archangeli
1947 1146 2003 1190 et
2043 1137 2097 1190 in

531 1226 658 1281 tuba
686 1226 778 1280 Dei
813 1230 1106 1284 descendet
1133 1229 1201 1284 de
1225 1230 1383 1294 C(PIO,
1413 1239 1466 1285 ct
1497 1229 1694 1284 mortui
1726 1231 1814 1298 qui
1854 1231 1907 1283 in
1939 1228 2098 1284 Chri-

531 1325 618 1369 sto
657 1325 806 1382 suut,
839 1328 1123 1389 resurgent
1150 1320 1332 1389 primi.
1367 1321 1568 1375 Deinde
1597 1335 1696 1375 nos
1716 1320 1810 1390 qui
1844 1320 2096 1383 vivimus,

531 1407 625 1475 qui
658 1408 850 1478 reliqui
894 1427 1102 1474 sumus,
1139 1412 1303 1466 simul
1332 1413 1604 1482 rapiemur
1631 1427 1755 1468 cum
1783 1413 1888 1468 illis
1921 1413 1976 1467 in
2009 1428 2102 1466 nu-

528 1497 688 1553 bibus
708 1499 921 1554 obviam
946 1501 1161 1556 Christo
1185 1501 1238 1555 in
1263 1516 1410 1567 aera,
1436 1511 1492 1557 et
1514 1503 1593 1558 sic
1612 1517 1826 1571 semper
1851 1518 1976 1558 cum
1996 1502 2102 1557 Do-

531 1591 678 1645 mino
692 1592 951 1647 erimus.»
978 1594 1051 1648 De
1071 1593 1288 1649 diabolo
1312 1603 1493 1649 autem
1513 1596 1722 1659 dicens,
1748 1595 1888 1650 ait"
1914 1612 1929 1649 :
1957 1595 2100 1648 «No-

527 1684 782 1740 vissimus
810 1686 1060 1742 inimicus
1085 1688 1394 1742 destruetur
1424 1702 1590 1754 mors,
1615 1707 1635 1740 ι
1662 1688 1788 1758 quia
1822 1704 1949 1745 vere
1976 1699 2104 1743 tunc
2133 1665 2173 1720 Β

530 1778 779 1834 vincetur
801 1794 967 1846 mors,
996 1795 1120 1836 cum
1146 1783 1374 1836 mortale
1400 1781 1503 1836 hoc
1521 1780 1906 1836 absorbebitur
1922 1795 1952 1836 a
1969 1782 2102 1837 vita.

596 1913 655 1970 5.
695 1913 800 1969 Sed
843 1914 1119 1970 videamus
1169 1929 1292 1985 quae
1335 1914 1390 1968 in
1451 1915 1849 1986 posterioribus
1904 1930 2101 1972 conse-

526 2007 945 2076 quunturnEt
999 2007 1263 2069 incendit,
1329 2007 1592 2078 inquit",
1641 2006 1801 2064 Jesus
1845 2007 1984 2081 llay,
2044 2020 2098 2066 et

529 2098 719 2154 effecta
767 2110 849 2154 est
891 2099 1020 2156 urbs
1068 2116 1190 2170 qua:
1221 2117 1326 2155 non
1363 2101 1642 2155 habitetur
1672 2101 1724 2154 in
1757 2111 2043 2157 aeternum.
2069 2123 2088 2156 ι

529 2189 694 2247 Vides
717 2193 840 2260 quia
872 2191 988 2247 haec
1023 2207 1143 2260 qua":
1178 2201 1500 2262 sequuntur,
1537 2192 1710 2262 magis
1759 2191 1824 2245 ad
1859 2194 2101 2263 mysterii

527 2297 690 2353 quam
725 2283 791 2336 ad
842 2282 1088 2336 historia:
1135 2283 1410 2352 pertinent
1450 2283 1760 2337 veritatem.
1792 2281 1911 2336 Non
1955 2284 2098 2337 enim

530 2386 640 2430 tant
675 2373 764 2429 ille
795 2374 948 2438 locus
975 2383 1136 2429 terra:
1184 2374 1555 2430 inhabitabilis
1595 2384 1679 2429 est
1723 2377 1776 2428 in
1817 2384 2101 2436 aeternum,

527 2480 691 2536 quam
735 2467 883 2521 locus
913 2466 1218 2520 daemonum
1262 2466 1640 2521 inhabitabilis
1676 2467 1802 2534 erit,
1831 2477 1958 2522 tunc
1980 2482 2102 2521 cum

521 2560 634 2627 jam
669 2574 828 2614 nemo
861 2560 1128 2629 peccabit,
1159 2576 1336 2630 neque
1369 2563 1617 2630 regnabit
1647 2563 1702 2616 in
1748 2561 1928 2631 aliquo
1975 2577 2101 2631 pec-

528 2661 730 2718 catum,
762 2664 886 2706 cum
918 2651 1165 2706 diabolus
1203 2661 1256 2705 et
1293 2651 1468 2720 angeli
1501 2651 1617 2720 ejus
1661 2652 1774 2722 igni
1817 2652 2104 2706 tradentur

527 2753 752 2808 aeterno,
776 2743 1006 2799 Domino
1037 2752 1224 2798 nostro
1265 2739 1392 2796 Jesu
1442 2741 1664 2799 Christo
1711 2745 1934 2798 sedente
1975 2759 2104 2815 rege

527 2842 584 2888 et
611 2833 812 2902 judice,
846 2843 900 2888 et
935 2836 1150 2889 dicente
1193 2833 1260 2887 iis
1286 2832 1378 2902 qui
1410 2835 1621 2901 priores
1669 2845 1724 2890 et
1769 2835 2103 2904 posteriores

528 2931 780 2983 vicerunt
806 2928 852 2960 "
879 2926 990 2998 (40)
1044 2944 1058 2980 :
1099 2943 1118 2977 ι
1152 2926 1365 2993 Venite,
1426 2927 1696 2982 benedicti
1740 2927 1920 2982 Patris
1967 2929 2102 2994 mei,

536 3021 803 3091 percipite
849 3034 1076 3086 regnum
1118 3017 1265 3086 quod
1306 3017 1455 3071 vobis
1489 3028 1738 3086 paratum
1769 3028 1853 3073 est
1878 3034 1907 3073 a
1938 3018 2098 3074 Pal-re
2127 3018 2170 3075 C

533 3113 805 3179 meotu).
837 3129 854 3162 ι
879 3110 1011 3164 Aliis
1043 3121 1219 3164 autem
1252 3109 1393 3163 dicet
1419 3111 1497 3162 7‘:
1527 3127 1544 3161 ι
1567 3110 1643 3165 Ite
1670 3111 1724 3164 in
1746 3113 1922 3182 ignem
1951 3122 2108 3165 reter-

538 3221 693 3266 num,
722 3217 881 3271 quem
922 3201 1247 3271 praeparavit
1272 3202 1384 3269 (492)
1420 3202 1558 3258 Deus
1595 3202 1806 3257 diabolo
1847 3211 1902 3258 et
1943 3203 2105 3275 417

532 3293 743 3361 angelis
792 3290 930 3358 ejus,
959 3310 978 3344 ι
1015 3295 1188 3345 donec
1221 3293 1367 3346 omni
1421 3293 1613 3346 animae
1639 3294 1836 3362 quibus
1866 3295 1978 3364 ipse
2011 3313 2106 3351 no-

528 3387 608 3439 vit
651 3385 905 3439 remediis
934 3383 1203 3448 consulat,
1239 3394 1294 3439 et
1338 3385 1517 3439 omnis
1552 3384 1716 3440 Israel
1749 3386 1932 3442 salvus
1986 3389 2101 3443 liat.

601 3521 652 3576 6.
699 3519 803 3575 Sed
841 3529 896 3574 et
930 3518 1077 3574 aliud
1125 3518 1256 3574 mihi
1301 3523 1543 3574 occurrit
1594 3521 1647 3575 in
1691 3519 1814 3576 loco
1861 3523 2106 3578 conside.

532 3616 672 3669 ranti
700 3613 886 3671 Jesum
918 3614 1213 3685 fugientem
1241 3630 1268 3666 a
1301 3612 1442 3669 facie
1474 3615 1750 3670 exercitus
1780 3615 1917 3687 llay.
1962 3616 2102 3683 Quid

507 3718 689 3776 putas
721 3719 800 3762 est
843 3710 988 3778 quod
1028 3706 1190 3762 Jesus
1238 3707 1449 3775 fugiens
1489 3708 1855 3778 designabat?
1905 3707 2102 3763 Videa-

531 3814 653 3853 mus
678 3815 744 3854 ne
772 3799 910 3854 forte
932 3800 1006 3855 sit
1029 3799 1234 3868 aliquid
1259 3799 1402 3869 quod
1432 3799 1688 3868 fugiendo
1718 3801 2020 3868 vincamus,
2049 3811 2104 3856 et

531 3897 618 3945 est
648 3890 825 3958 aliqua
859 3889 1104 3959 perfecta
1133 3890 1306 3944 virtus
1338 3889 1388 3942 in
1417 3889 1566 3958 fuga.
1599 3889 1796 3946 Paulus
1834 3906 1934 3946 nos
1974 3907 2104 3960 apo-

531 3982 706 4037 stolus
747 3984 902 4036 docet
955 3983 1141 4038 dicens
1165 3983 1254 4036 ττι
1301 4001 1316 4034 ι
1365 3982 1560 4050 Fugite
1601 3982 2034 4038 fornicationem.
2079 4001 2099 4034 ι

532 4064 699 4124 Vides
753 4083 884 4138 ergo
929 4083 1054 4123 esse
1111 4073 1399 4139 quemdam
1443 4071 1693 4139 spiritum
1725 4072 2104 4127 fornicationis

533 4176 698 4230 quem
740 4159 926 4230 fugere
974 4161 1256 4228 debemus,
1302 4163 1616 4232 quicunque
1656 4173 1807 4218 caste
1838 4173 1894 4218 et
1935 4164 2023 4232 pie
2051 4165 2102 4218 in

533 4253 748 4306 Christo
796 4265 859 4305 ac
908 4251 1106 4320 pudice
1153 4252 1398 4306 volumus
1441 4269 1783 4322 permanere.
1825 4253 1930 4309 lsta
1977 4269 2106 4326 ergo

536 4346 661 4415 fuga
685 4353 768 4398 est
793 4359 913 4413 quin
943 4344 1108 4399 habet
1133 4345 1390 4412 salutem,
1423 4347 1524 4401 ista
1567 4346 1690 4418 fuga
1745 4347 1969 4401 virtutis
1993 4358 2101 4412 est,

535 4435 636 4489 ista
673 4437 793 4505 fuga
825 4433 938 4506 (45)
971 4435 1359 4491 beatitudinem
1391 4438 1624 4495 confert.
1671 4437 1738 4492 Et
1779 4453 1884 4492 non
1926 4439 2101 4494 solum

534 4528 917 4586 fornicationis
945 4531 1169 4601 spiritus
1195 4529 1480 4601 fugiendus
1504 4541 1609 4598 est,
1635 4535 1730 4588 sed
1755 4533 1917 4588 simili
1945 4534 2103 4588 modo

533 4620 677 4675 sicut
708 4622 912 4678 dictum
954 4634 1063 4688 est,
1100 4643 1119 4676 ι
1156 4625 1328 4694 fugite
1380 4625 1819 4692 fornicationem,
1855 4646 1874 4678 ι
1915 4627 2103 4681 audia-

535 4726 658 4769 mus
703 4714 808 4769 dici
849 4717 916 4770 ad
961 4732 1089 4771 nos:
1128 4714 1319 4786 Fugite
1365 4715 1524 4782 iram,
1575 4716 1745 4786 fugite
1785 4717 2098 4783 avaritiam,

604 4855 654 4888 ⁷³
681 4853 702 4908 1
729 4855 924 4912 Thess.
984 4873 1054 4922 tv,
1087 4857 1172 4917 14.
1206 4857 1292 4920 l5,
1345 4855 1431 4910 i6.
1533 4856 1578 4887 ⁷³
1606 4855 1625 4908 1
1654 4855 1779 4909 Cor.
1815 4872 1906 4921 xv,
1939 4855 2030 4911 ‘26.

2121 4856 2170 4888 "
2196 4855 2310 4910 Jos.
2340 4871 2450 4909 vttt.
2479 4853 2570 4908 28.

2201 393 2546 464 maleloquia.
2603 394 2733 461 Quae
2779 403 2960 450 tamen
3002 394 3186 448 nescio
3233 393 3280 448 si
3336 395 3461 463 quis
3510 393 3757 464 effugiat,

2201 487 2384 541 nescio
2414 487 2459 540 si
2489 486 2614 556 quis
2643 485 2859 541 evadat.
2889 485 2999 540 Iste
3025 484 3147 540 talis
3190 493 3311 538 erat
3353 487 3628 540 exercitus
3661 487 3758 558 Ilay

2199 593 2358 646 quem
2387 575 2548 632 Jesus
2581 577 2894 646 fugiendum
2942 575 3177 630 docebat
3209 577 3413 632 milites
3446 592 3594 641 suos,
3627 587 3679 632 et
3703 582 3760 632 de

2201 669 2267 723 iis
2295 668 2526 723 fortasse
2559 669 2782 722 mandat
2827 668 3106 737 discipulis
3158 667 3273 723 suis
3315 669 3506 724 dicens
3529 669 3575 701 ⁷⁸
3599 687 3616 722 :
3654 687 3673 720 ι
3709 669 3760 723 Si

2198 776 2298 816 vos
2365 770 2766 832 persequuntur
2841 761 2893 813 in
2981 760 3082 816 hac
3145 762 3403 826 civitate,
3476 762 3654 834 fugite
3713 763 3759 816 in

2201 857 2408 923 aliam;
2457 858 2599 928 quod
2643 857 2691 910 si
2749 857 2801 910 in
2850 855 2994 922 alia,
3042 855 3208 928 fugite
3251 860 3305 912 in
3350 858 3514 912 aliam
3568 859 3700 928 (44).
3738 879 3756 911 ι

2201 947 2522 1007 Vultenim
2588 965 2687 1004 nos
2747 949 2939 1018 fugere
2997 950 3066 1003 ab
3130 948 3433 1018 hujusmodi
3493 951 3760 1016 hostibus,

2201 1042 2316 1096 vult
2361 1056 2460 1096 nos
2511 1041 2669 1111 longe
2711 1041 2850 1098 eﬂici
2895 1043 2964 1097 ab
3013 1043 3320 1112 lmjusmodi
3377 1042 3572 1098 malis:
3624 1053 3679 1097 et
3723 1045 3761 1098 si

2202 1140 2538 1208 potuerimus
2583 1136 2801 1191 interim
2846 1136 3083 1190 evadere
3123 1136 3316 1190 horum
3367 1135 3634 1188 malorum
3687 1133 3763 1188 fu-

2201 1230 2399 1300 giendo
2425 1229 2693 1298 contagia,
2729 1235 2858 1280 tunc
2887 1227 3136 1281 videntes
3165 1226 3538 1291 devotionem,
3567 1235 3622 1279 et
3649 1240 3764 1293 pro-

2201 1322 2440 1390 positum
2470 1323 2666 1374 mentis
2691 1330 2889 1374 nosmc
2917 1325 3118 1373 sanctae
3138 1331 3364 1387 quaeque
3389 1317 3638 1376 virtutes.
3669 1316 3761 1370 illae

2201 1413 2432 1469 fortasse
2466 1413 2534 1468 de
2571 1413 2768 1483 quibus
2808 1409 2942 1465 dicit
2975 1409 3254 1479 apostolus
3303 1409 3505 1465 Paulus
3530 1411 3643 1481 (45)
3683 1412 3762 1463 ⁷⁹;

2206 1526 2225 1559 ι
2265 1506 2458 1562 Nonne
2485 1521 2674 1562 omnes
2710 1515 2841 1561 sunt
2871 1503 3259 1559 ministeriales
3290 1504 3516 1572 spiritus
3568 1507 3620 1560 in
3675 1507 3769 1560 tui-

2204 1598 2491 1653 nisterium
2554 1597 2701 1650 missi
2748 1607 2969 1667 propter
3012 1609 3106 1650 eos
3145 1595 3236 1662 qui
3283 1594 3655 1649 hzereditatem
3685 1611 3767 1650 ca-

2203 1693 2358 1763 piunt
2384 1689 2622 1746 salutis?
2659 1707 2678 1741 ι
2729 1689 2822 1758 qui
2878 1689 3117 1744 fortasse
3158 1699 3286 1742 sunt
3339 1689 3516 1742 sancti
3557 1688 3767 1757 angeli:

2203 1784 2294 1852 qui
2322 1782 2568 1837 videntes
2593 1796 2692 1836 nos
2722 1781 3138 1836 insectationem
3169 1779 3475 1833 daemonum
3520 1780 3656 1850 pati,
3696 1781 3770 1836 in-

2203 1884 2431 1946 surgunt
2454 1875 2717 1929 adversus
2744 1888 2838 1929 eos
2857 1873 2950 1943 qui
2980 1887 3080 1926 nos
3103 1871 3468 1935 insectantur,
3497 1883 3551 1926 et
3582 1888 3769 1929 omnes

2203 1983 2299 2024 eos
2341 1976 2464 2038 post
2503 1977 2711 2037 tergum
2745 1967 3018 2021 caedentes
3051 1965 3391 2022 interimunt.
3427 1963 3587 2020 Jesus
3623 1966 3768 2020 enim

2203 2069 2289 2116 est
2341 2075 2466 2116 cum
2520 2059 2590 2114 iis
2646 2059 2738 2130 qui
2793 2059 3180 2116 insectationes
3237 2061 3550 2130 patiuntur,
3601 2060 3770 2128 magis

2203 2167 2363 2222 quam
2400 2165 2521 2205 cum
2554 2150 2662 2205 illis
2697 2154 2788 2220 qui
2818 2162 3239 2222 persequuntur.
3277 2153 3343 2207 Et
3379 2153 3579 2208 merito
3607 2153 3767 2220 :quia

2205 2245 2504 2300 delectatur
2533 2257 2652 2298 esse
2687 2241 2849 2298 Jesus
2881 2259 3005 2298 cum
3038 2244 3105 2299 iis
3136 2245 3230 2314 qui
3277 2246 3486 2316 fugiunt
3529 2244 3766 2299 fornica-

2207 2337 2431 2400 tionem,
2483 2336 2576 2405 qui
2619 2334 2837 2405 fugiunt
2879 2335 2994 2408 (46)
3041 2339 3375 2408 superbiam,
3419 2339 3512 2406 qui
3565 2337 3772 2407 fugiunt

2204 2425 2409 2490 dolum,
2453 2433 2508 2480 et
2543 2427 2634 2495 qui
2673 2425 2890 2495 fugiunt
2913 2427 3276 2483 mendacium.
3327 2428 3386 2483 Si
3421 2442 3555 2499 ergo
3587 2429 3660 2482 ita
3691 2429 3772 2482 in-

2207 2518 2514 2590 telligamus
2549 2533 2612 2573 ea
2658 2533 2779 2586 quae
2799 2518 3004 2588 scripta
3039 2529 3189 2585 sunt,
3224 2521 3384 2592 digna
3431 2519 3664 2576 fortasse
3693 2521 3772 2574 vi-

2205 2609 2422 2664 debitur
2443 2607 2606 2663 lectio
2634 2607 2775 2678 Slylo
2815 2607 3056 2678 Spiritus
3084 2610 3286 2663 sancti.
3318 2609 3452 2665 Nam
3483 2611 3615 2681 quid
3643 2612 3768 2665 mihi

2206 2704 2450 2774 prodest,
2495 2702 2541 2757 si
2578 2701 2750 2756 sciam
2793 2702 2934 2770 quod
2985 2701 3040 2755 in
3081 2703 3302 2772 gemino
3341 2702 3489 2773 ligno
3529 2719 3628 2758 rex
3659 2703 3768 2772 Hay

2205 2807 2500 2863 suspensus
2534 2793 2661 2847 est?
2697 2791 2753 2846 Si
2785 2799 2968 2845 autem
2999 2791 3167 2844 sciam
3207 2791 3473 2860 duplicem
3501 2806 3625 2846 esse
3665 2790 3772 2842 vir-

2208 2897 2376 2940 tutem
2399 2884 2607 2947 crucis,
2656 2885 2714 2938 in
2739 2897 2848 2953 qua
2885 2891 2944 2937 et
2985 2880 3232 2936 Christus
3263 2882 3316 2936 in
3349 2897 3516 2937 carne
3546 2896 3762 2950 suspen-

2204 2978 2370 3043 ditur,
2399 2985 2456 3032 et
2479 2976 2729 3032 diabolus
2763 2991 2885 3030 cum
2931 2992 3030 3032 suo
3076 2976 3321 3030 exercitu
3376 2976 3772 3043 triumphatur,

2205 3086 2272 3125 ex
2307 3068 2658 3138 intelligentia
2691 3069 3016 3123 sacramenti
3042 3066 3396 3122 aedilicabitur
3419 3067 3600 3120 anima
3629 3081 3762 3121 mea.

2206 3163 2276 3218 Et
2311 3172 2366 3216 ut
2395 3163 2568 3233 magis
2605 3162 2835 3216 fortasse
2864 3162 3042 3216 adhuc
3063 3160 3335 3215 excelsius
3363 3159 3765 3226 amplitudinem

2206 3253 2451 3326 mysterii
2485 3253 2797 3317 dilatemus,
2850 3251 2906 3306 in
2954 3252 3059 3307 hoc
3101 3252 3248 3320 ligno
3292 3250 3612 3320 intelligitur
3653 3264 3767 3304 esse

2206 3345 2433 3402 scientia
2465 3345 2591 3400 boni
2619 3354 2674 3399 et
2701 3344 2854 3411 mali,
2894 3344 2946 3398 in
2975 3359 3084 3414 quo
3116 3353 3171 3398 et
3207 3344 3379 3398 bonus
3406 3343 3678 3408 Christus,
3716 3349 3770 3396 et

2205 3438 2452 3493 diabolus
2508 3437 2686 3491 malus
2725 3435 3025 3506 pependit:
3075 3437 3170 3491 sed
3219 3435 3393 3490 malus
3446 3436 3662 3504 quidem
3713 3445 3770 3488 ut

2207 3530 2482 3592 interiret,
2535 3530 2711 3585 bonus
2759 3543 2886 3583 vero
2917 3527 3030 3598 (47)
3083 3537 3142 3582 ιιι
3183 3529 3388 3582 viveret
3431 3543 3498 3581 ex
3550 3528 3766 3589 virtute,

2206 3622 2350 3676 sicut
2399 3631 2453 3674 et
2505 3619 2803 3690 Apostolus
2845 3620 3074 3673 dicitde
3115 3619 3333 3674 Christo
3384 3618 3453 3683 ⁸ο,
3497 3618 3623 3686 quia
3674 3635 3692 3668 ι
3719 3623 3770 3668 et

2208 3711 2501 3766 crucifixus
2539 3719 2623 3764 est
2666 3726 2731 3765 ex
2781 3709 3118 3774 infirmitate,
3171 3710 3263 3764 sed
3321 3709 3542 3762 vivitex
3573 3708 3768 3761 virtute

2207 3805 2322 3860 Dei.
2365 3823 2384 3856 ι
2420 3804 2534 3858 lino
2565 3818 2673 3857 non
2705 3803 2877 3857 solum
2921 3815 2979 3857 ut
3005 3803 3174 3867 vivat,
3204 3800 3298 3856 sed
3340 3810 3398 3855 ut
3428 3810 3483 3855 et
3514 3799 3767 3864 viviﬁeet,

2206 3896 2331 3964 quia
2354 3895 2469 3962 ipse
2487 3902 2570 3949 est
2599 3910 2620 3944 ι
2654 3893 2982 3948 novissimus
3005 3893 3172 3946 Adam
3199 3892 3309 3961 (48)
3331 3891 3383 3944 in
3411 3891 3605 3960 spiritu
3638 3889 3770 3943 vivi—

2209 3984 2405 4037 ficante
2433 3983 2500 4036 ⁸¹.
2533 4001 2552 4034 ι
2583 3981 2690 4037 Sed
2718 3983 2833 4037 haec
2862 3983 3068 4050 trapice
3095 3983 3201 4036 dici
3239 3981 3586 4052 intelligenda
3626 3992 3768 4034 sunt.

2205 4075 2449 4129 Christus
2469 4074 2614 4129 enim
2648 4075 2762 4143 ipse
2787 4074 2984 4128 dicitur
3008 4075 3175 4128 arbor
3205 4075 3350 4127 vitae.
3396 4073 3502 4128 Sed
3550 4074 3690 4127 sicut
3717 4073 3766 4126 in

2206 4165 2327 4219 aliis
2358 4165 2474 4235 ipse
2502 4179 2625 4219 esse
2659 4165 2968 4218 ostenditur
2998 4173 3053 4218 et
3084 4163 3366 4226 sacerdos,
3393 4171 3449 4215 et
3483 4161 3689 4224 hostia,
3721 4169 3773 4213 et

2205 4257 2400 4321 altare,
2459 4264 2514 4310 et
2559 4271 2665 4310 non
2712 4270 2784 4310 ex
2834 4255 3004 4310 altera
3072 4253 3426 4324 intelligentia
3485 4253 3774 4322 impeditur

2208 4348 2399 4414 altera,
2445 4347 2536 4402 sed
2591 4347 2796 4416 tropice
2855 4347 2922 4400 de
2966 4345 3086 4416 ipso
3137 4347 3190 4400 in
3235 4345 3350 4400 suis
3395 4344 3533 4399 locis
3581 4359 3778 4399 unum-

2207 4440 2458 4509 quodque
2487 4438 2716 4492 sentitur
2743 4452 2760 4492 :
2808 4438 2882 4491 ita
2911 4437 3075 4490 etiam
3106 4452 3248 4492 nunc
3282 4436 3335 4490 in
3365 4436 3558 4505 ﬁguris
3593 4452 3778 4490 sacra-

2210 4541 2512 4586 mentorum
2573 4546 2678 4583 non
2751 4530 3010 4601 impediet
3078 4529 3144 4584 de
3190 4545 3300 4583 uno
3364 4540 3528 4598 atque
3584 4529 3776 4583 eodem

2213 4634 2423 4692 sumpta
2452 4622 2741 4677 diversitas
2765 4638 3146 4693 personarum.

2273 4714 2330 4768 7.
2371 4715 2476 4771 Sed
2522 4715 2800 4770 videamus
2839 4715 2968 4783 quid
3009 4713 3172 4767 etiam
3215 4712 3268 4767 in
3311 4712 3776 4780 consequentibus

2681 4855 2726 4885 ’⁸
2777 4852 2964 4907 Matth.
3015 4868 3143 4921 xxv,
3192 4827 3283 4907 Si.
3393 4853 3440 4885 ⁷⁸
3486 4850 3646 4915 ibid.,
3680 4849 3772 4908 41.

535 4923 581 4959 ’τ
610 4925 627 4981 Ι
653 4927 777 4982 Cor.
809 4942 882 4991 vr,
915 4928 1002 4981 t8.
1075 4927 1122 4959 ⁷⁸
1141 4929 1328 4982 Matth.
1353 4926 1515 4990 x,23.
1589 4927 1634 4958 τ’
1669 4925 1834 4981 Hebr.
1865 4942 1904 4994 ι,
1941 4928 2027 4981 14.
2102 4947 2103 4950 η

2204 4927 2212 4980 |
2251 4925 2378 4979 Cor.
2420 4940 2538 4988 xm,
2570 4925 2658 4979 45.
2733 4925 2778 4956 ⁸¹
2815 4924 2987 4979 lCor.
3016 4940 3107 4991 xv,
3141 4923 3226 4978 45.

608 5061 720 5134 ('59)
750 5060 920 5134 Alias,
953 5079 972 5134 ᾳ
1001 5061 1328 5134 quicunque.
1356 5079 1375 5111 ι

538 5202 572 5257 b
609 5128 720 5202 (40)
759 5128 1152 5188 Gemeticensis
1205 5128 1256 5186 et
1302 5145 1440 5184 unus
1493 5128 1863 5194 Ebroicensis,
1903 5147 1922 5180 ι
1950 5130 2097 5185 vide-

577 5214 740 5256 tttttttr
791 5222 809 5253 ι

577 5214 740 5256 untur
791 5222 809 5253 ι

596 5273 708 5342 (sl)
736 5271 936 5328 Omnes
989 5285 1144 5336 mss.,
1185 5289 1204 5322 ι
1232 5285 1261 5323 a
1292 5269 1450 5325 Patre
1497 5285 1636 5325 meo.
1667 5289 1685 5322 ι
1721 5267 1880 5324 Libh.
1927 5270 2084 5334 editi,

546 5361 565 5394 ι
587 5345 652 5396 ab
682 5345 889 5408 origine
921 5342 1124 5394 mundi.
1147 5361 1165 5394 ι

613 5412 723 5483 (42)
771 5414 954 5467 Codex
995 5410 1282 5483 Gemetic.,
1328 5411 1444 5466 tite
1495 5410 1550 5464 in
1606 5414 1905 5478 gehennam
1957 5410 2097 5478 ignis

540 5482 710 5551 quem
737 5482 1075 5551 praeparavit.
1104 5501 1124 5534 ι

615 5548 940 5621 (ﬁlim—gn.
996 5551 1155 5604 Deest
1215 5551 1267 5605 in
1324 5551 1456 5605 libb.
1515 5560 1670 5606 antea
1726 5549 1942 5616 editis;
2005 5548 2100 5605 sed

537 5632 723 5692 exstat
749 5624 800 5675 in
835 5623 1022 5676 codice
1055 5621 1534 5692 Sangermanensi.

615 5691 727 5758 (44)
769 5692 922 5759 Quod
950 5693 995 5747 si
1018 5692 1075 5747 in
1109 5689 1237 5761 alia,
1272 5693 1512 5772 fugitein
1538 5692 1722 5747 aliam.
1765 5689 1889 5748 Hinc
1917 5692 2085 5748 etiam

2206 5061 2397 5113 desunt
2425 5057 2478 5110 in
2508 5056 2665 5110 libris
2699 5057 2880 5123 editis,
2919 5054 3015 5110 sed
3063 5054 3313 5126 leguntur
3351 5055 3404 5111 in
3446 5055 3774 5124 Sangerma-

2205 5129 2358 5184 nensi
2392 5137 2445 5181 et
2477 5143 2581 5181 uno
2613 5127 2950 5181 Ebroicetni.

2275 5198 2387 5268 (45)
2429 5195 2652 5250 Paulus.
2687 5197 2848 5252 Deest
2875 5198 2928 5251 in
2965 5197 3096 5252 libb.
3133 5197 3315 5261 editis,
3343 5204 3521 5252 exstat
3551 5209 3682 5248 vero
3715 5195 3768 5248 in

2203 5268 2676 5335 S.mgermanensi.

2273 5341 2386 5407 (46)
2429 5335 2877 5400 Fornicationem,
2941 5338 3029 5404 qui
3082 5337 3314 5406 fugiunt.
3380 5335 3504 5390 Haec
3551 5349 3767 5404 quoque

2203 5411 2400 5461 desunt
2453 5408 2505 5458 in
2545 5407 2696 5479 libris
2733 5407 2917 5471 editis,
2971 5409 3065 5462 sed
3111 5409 3366 5479 leguntur
3418 5409 3470 5459 in
3517 5407 3768 5460 omnibus

2207 5477 2609 5544 tnannsrriptis.

2279 5547 2390 5619 (47)
2435 5546 2560 5601 Mss.
2621 5545 2904 5619 Sangerm.
2947 5558 3000 5601 et
3031 5546 3320 5610 Gemetic.,
3355 5565 3377 5600 ι
3413 5546 3616 5600 malum
3647 5544 3769 5614 qui-

2209 5617 2352 5682 dem,
2385 5627 2443 5670 ut
2475 5618 2747 5678 interiret,
2779 5617 2980 5670 bonum
3011 5633 3160 5679 vero,
3197 5637 3216 5670 ι
3250 5629 3357 5672 etc.

2265 5690 2392 5758 (48)
2431 5685 2829 5744 Gemeticensis
2867 5704 2887 5739 ι
2930 5689 2982 5742 in
3009 5689 3261 5756 Spiritum
3292 5688 3676 5744 vivificantem.
3717 5702 3746 5739 ν
