4050 6148
306 239 422 299 869

1340 236 1407 292 IN
1440 236 1703 292 LIBRUM
1727 233 1892 292 IESU
1921 233 2111 291 NAVE
2135 232 2425 295 IIOMILIA
2456 237 2548 294 IX.

3462 243 3568 299 870

309 359 578 414 scribitur
612 374 629 413 :
663 375 684 411 ι
719 357 786 414 Et
811 368 1224 430 percusserunt,
1271 360 1446 430 inquit
1468 362 1534 424 θ’,
1577 375 1672 416 eos
1713 361 1769 415 in
1801 375 1896 414 ore
1924 363 1969 419 Α
2003 362 2217 428 rando;
2258 363 2375 418 sive
2420 362 2696 418 civitatem
2732 361 2946 418 Domini
2995 362 3420 436 uniuscujusque
3463 383 3566 423 no-

311 453 503 523 gladii,
565 467 846 521 usqueqno
905 469 1014 508 non
1069 457 1473 526 relinqueretur
1529 469 1594 509 ex
1657 457 1737 510 eis
1796 455 1888 523 qui

312 545 497 600 salvus
530 546 706 608 fieret,
735 561 906 616 neque
934 547 1027 616 qui
1058 547 1377 618 effugeret.»
1412 547 1537 602 Ilaec
1559 563 1682 602 cum
1708 548 1892 618 legunt

313 635 510 699 Judmi,
545 636 796 692 crudeles
811 637 1142 703 efliciuntur,
1169 651 1224 694 et
1247 641 1540 695 humanum
1572 641 1889 710 sanguinem

313 729 956 800 sitinnt(49),putantes
1004 733 1132 802 quia
1181 743 1238 788 ct
1285 735 1458 787 sancti
1504 734 1574 786 ita
1607 749 1892 804 percusse-

312 831 446 875 runt
477 837 576 877 eos
612 823 705 890 qui
734 823 1054 878 habitabant
1082 823 1221 896 ilay,
1254 835 1314 880 ut
1345 840 1448 880 non
1490 826 1894 895 relinqueretur

314 915 386 968 ab
421 914 489 968 iis
521 914 612 984 qui
649 915 828 971 salvus
857 915 1034 983 fieret,
1069 932 1246 986 neque
1284 919 1374 986 qui
1425 917 1688 989 effugeret
1719 936 1733 970 :
1784 933 1888 972 non

316 1003 694 1073 intelligentes
743 1007 798 1062 in
842 1007 910 1062 iis
956 1009 1138 1063 verbis
1167 1009 1479 1064 adumbrari
1515 1010 1795 1082 mysteria,
1839 1018 1894 1064 et

317 1095 423 1149 hoc
480 1096 638 1151 nobis
693 1099 865 1167 magis
911 1099 1166 1162 indicari,
1217 1101 1362 1170 quod
1411 1117 1479 1156 ex
1539 1102 1608 1157 iis
1661 1117 1889 1172 quorum

315 1187 490 1242 chaos
527 1199 608 1243 est
638 1189 1024 1257 hahitaculmn,
1055 1202 1109 1247 et
1139 1193 1230 1261 qui
1261 1202 1560 1262 regnarunt
1591 1195 1643 1248 in
1672 1194 1890 1266 abysso,

315 1279 676 1348 daemonibus,
731 1283 934 1337 nullum
981 1285 1197 1354 penitus
1257 1285 1566 1356 relinquere
1607 1288 1889 1356 debemus,

313 1373 416 1426 sed
466 1388 655 1429 omnes
707 1375 1040 1430 interimere.
1104 1376 1471 1434 Interimimus
1527 1388 1708 1434 autem
1777 1381 1890 1435 dae-

316 1480 527 1529 mones,
571 1481 678 1522 non
745 1468 914 1537 ipsam
973 1483 1160 1523 eorum
1210 1470 1568 1525 substantiam
1622 1473 1891 1541 perimen-

317 1566 403 1610 tes
450 1573 466 1611 :
506 1557 602 1612 sed
656 1559 780 1627 quia
821 1574 956 1628 opus
1009 1575 1197 1616 eorum
1241 1575 1304 1615 ac
1348 1562 1583 1616 studium
1633 1563 1734 1619 hoc
1769 1573 1888 1627 est,

319 1659 382 1702 ut
409 1664 638 1718 peccare
660 1651 912 1706 homines
943 1651 1170 1717 faciant,
1196 1662 1249 1708 et
1281 1654 1396 1708 haec
1418 1663 1502 1709 est
1530 1655 1746 1710 illorum
1778 1657 1888 1711 vita

312 1739 360 1794 si
391 1755 488 1795 nos
511 1755 822 1810 peccemus.
852 1742 969 1797 sine
1009 1741 1174 1798 dubio
1207 1744 1464 1801 interitus
1500 1759 1688 1802 eorum
1727 1758 1814 1804 est
1843 1750 1886 1804 si

312 1847 426 1886 non
469 1846 776 1902 peccemus.
817 1833 1157 1890 lnterflciunt
1203 1851 1334 1907 ergo
1385 1838 1721 1896 habitatores
1770 1840 1886 1913 liay

313 1923 493 1978 sancti
517 1925 739 1993 quique,
768 1934 824 1979 et
855 1927 1146 1994 perimunt,
1181 1937 1235 1982 et
1270 1943 1373 1982 non
1411 1929 1692 1984 dimittunt
1718 1946 1786 1986 ex
1811 1932 1891 1987 eis

311 2015 489 2069 ullum
516 2033 529 2070 :
562 2015 597 2070 ii
632 2017 752 2072 sine
772 2017 942 2072 dubio
983 2017 1112 2092 (50)
1143 2021 1231 2089 qui
1268 2037 1390 2076 cum
1422 2024 1569 2078 omni
1608 2024 1890 2096 diligentia

313 2117 541 2163 servant
567 2123 724 2163 suum
752 2124 865 2176 cor,
892 2127 960 2166 ne
994 2113 1059 2166 de
1088 2127 1152 2167 eo
1187 2113 1547 2183 cogitationes
1573 2116 1730 2171 mala:
1761 2134 1890 2188 pro-

313 2199 556 2263 cedant;
589 2199 683 2254 sed
729 2209 782 2254 et
828 2200 918 2270 qui
955 2200 1263 2274 observant
1298 2217 1359 2256 os
1394 2217 1577 2268 suum,
1621 2214 1683 2259 ut
1711 2206 1889 2260 omnis

313 2303 504 2343 sermo
551 2290 727 2346 malus
769 2307 876 2345 non
921 2294 1176 2360 procedat
1201 2310 1268 2348 ex
1307 2311 1404 2350 ore
1427 2311 1639 2351 eorum.
1665 2296 1778 2353 Hoc
1805 2307 1890 2353 est

315 2397 426 2434 non
469 2379 778 2451 relinquere
825 2383 992 2437 ttllum
1047 2385 1137 2455 qui
1189 2385 1434 2457 effugiat,
1482 2403 1604 2442 cum
1653 2406 1748 2446 eos
1783 2405 1889 2445 nec

313 2489 502 2528 sermo
527 2471 718 2545 eﬂ‘ugit
757 2476 949 2529 malus.
986 2478 1142 2546 Agite
1179 2495 1310 2547 ergo
1355 2490 1411 2535 et
1459 2496 1573 2546 vos,
1618 2499 1889 2554 praepare-

313 2581 441 2621 mus
496 2581 594 2621 nos
641 2569 708 2621 ad
744 2566 1054 2637 huiusmodi
1104 2569 1316 2639 praelia,
1359 2575 1729 2640 percutiamus
1775 2574 1888 2648 Hay

311 2662 369 2714 in
415 2675 511 2715 ore
555 2660 742 2730 gladii,
787 2671 843 2716 et
884 2663 1296 2734 exstinguamus
1340 2680 1532 2720 omnes
1577 2666 1889 2725 habitantes

310 2755 512 2817 chaos,
543 2768 735 2808 omnes
783 2753 1091 2809 contrarias
1143 2755 1391 2810 virtutes.
1438 2756 1654 2812 Utinam
1693 2769 1748 2814 et
1787 2777 1889 2832 ego

312 2850 480 2903 modo
509 2849 634 2903 dum
667 2847 860 2917 loquor
902 2847 968 2901 ad
1013 2863 1110 2904 vos
1147 2850 1372 2904 verbum
1411 2850 1530 2916 Dei,
1561 2865 1655 2906 cor
1695 2866 1891 2921 pecca-

314 2939 455 2993 toris
487 2938 700 3008 pulsare
736 2939 970 3009 possim!
1010 2939 1164 3006 Quod
1211 2941 1255 2994 si
1305 2943 1506 3007 fecero,
1552 2953 1759 2996 certum
1806 2953 1890 2998 est

1993 461 2166 508 strum
2191 455 2426 509 animam
2453 454 2846 525 intelligamus,
2898 471 3021 526 qua:
3065 455 3368 511 aedificatur
3394 473 3425 512 a
3456 461 3562 515 Do-

1993 543 2141 599 mino
2170 561 2236 600 ex
2257 546 2522 617 lapidibus
2541 547 2699 612 vivis,
2735 547 2787 602 id
2822 557 2906 603 est
2941 563 3010 603 ex
3052 548 3350 604 virtutibus
3394 551 3564 607 variis

1991 647 2047 691 et
2108 639 2392 693 diversis:
2451 640 2518 693 de
2585 639 2700 708 ipsa
2755 655 2972 711 quoque
3050 641 3272 695 civitate
3343 655 3568 696 sanctus

1992 730 2222 799 quisque
2257 738 2312 785 et
2337 730 2569 800 diligens
2600 731 2750 799 ejicit
2792 743 3111 803 peccatores
3144 751 3159 788 :
3195 734 3248 788 id
3288 743 3368 789 est
3415 736 3569 803 cogi-

1993 822 2232 876 tationes
2282 823 2570 890 pessimas.
2610 833 2664 877 et
2695 824 3025 893 cupiditates
3069 840 3266 892 pravas
3309 826 3569 882 interficit

1993 911 2108 980 (52)
2139 912 2191 965 in
2220 913 2514 967 matutino.
2556 911 2747 967 Justus
2777 913 2921 968 enim
2964 913 3099 968 dicit
3125 914 3210 968 “:
3246 933 3266 966 ‹
3303 914 3362 969 ln
3391 926 3568 969 matu-

1995 1004 2126 1058 tinis
2177 1004 2486 1059 meditabar
2547 1005 2694 1077 (53)
2749 1009 2802 1060 in
2846 1014 2920 1069 te,
2965 1007 3092 1074 quia
3144 1004 3294 1061 fuisti
3351 1008 3568 1078 adjutor

1993 1111 2167 1152 meus.
2199 1115 2218 1147 ι
2257 1095 2411 1163 Quod
2449 1105 2532 1152 est
2576 1098 2718 1155 istud
2761 1098 3117 1165 matutinum,
3162 1099 3267 1154 nisi
3310 1099 3570 1155 Dominus

1993 1197 2179 1242 noster
2205 1187 2365 1245 Jesus
2385 1190 2660 1254 Christus,
2693 1188 2793 1258 qui
2817 1197 2902 1244 est
2930 1190 3021 1244 lux
3047 1205 3197 1254 vera,
3227 1200 3282 1245 et
3309 1192 3568 1246 exoriens

1994 1283 2046 1335 in
2090 1281 2349 1337 cordibus
2398 1282 2634 1345 nostris,
2683 1291 2850 1352 atque
2899 1282 3212 1338 illuminans
3247 1283 3571 1354 ignorantiae

1993 1381 2192 1426 nostrae
2226 1373 2505 1435 tenebras,
2549 1381 2606 1425 et
2638 1373 2945 1441 huiusmodi
2979 1374 3135 1429 nobis
3169 1374 3424 1445 mysteria
3481 1387 3571 1426 re-

1992 1461 2204 1527 velans,
2242 1462 2375 1519 facit
2408 1479 2508 1519 nos
2549 1464 2602 1518 in
2634 1464 2838 1519 lumine
2875 1479 2976 1520 suo
3021 1463 3201 1520 lumen
3244 1465 3476 1519 videre?
3511 1464 3569 1519 Si

1993 1557 2210 1623 quando
2251 1571 2382 1625 ergo
2417 1555 2555 1626 legis
2608 1557 2662 1611 in
2717 1557 3019 1625 Scripturis
3044 1559 3249 1612 sanctis
3288 1557 3561 1626 justorum

1992 1662 2228 1716 pugnas,
2271 1649 2447 1704 caedes
2495 1664 2560 1704 ac
2610 1658 2820 1720 strages
2859 1650 3337 1720 interemptorum,
3363 1661 3415 1706 et
3439 1652 3567 1720 quia

1992 1742 2165 1796 sancti
2195 1741 2358 1796 nullis
2382 1744 2601 1812 penitus
2627 1742 2880 1798 hostibus
2905 1743 3019 1814 (54)
3046 1754 3298 1814 parcunt,
3323 1747 3568 1814 quinimo

1991 1834 2116 1889 etsi
2146 1837 2521 1904 pepercerint,
2572 1836 2816 1905 reputari
2866 1835 2950 1891 eis
2988 1834 3042 1889 in
3093 1844 3398 1904 peccatum,
3427 1839 3570 1892 sicut

1993 1937 2308 1996 reputatum
2353 1937 2437 1984 est
2469 1927 2645 1991 Sauli,
2673 1929 2764 1998 qui
2793 1930 2976 1985 vivum
3014 1940 3391 1986 reservaverat
3419 1930 3571 2003 Agag

1992 2035 2176 2090 regem
2203 2019 2428 2074 Amalec
2451 2019 2520 2084 ⁸⁸,
2553 2019 2656 2074 hoc
2683 2021 2844 2075 modo
2867 2036 2977 2090 quo
3002 2035 3166 2092 supra
3195 2022 3569 2091 exposuimus.

1990 2109 2231 2180 intellige
2271 2108 2414 2166 bella
2447 2108 2744 2178 iustorum,
2770 2111 2897 2182 quia
2923 2112 3038 2166 hazc
3083 2111 3221 2166 bella
3269 2112 3338 2166 ab
3368 2113 3447 2168 eis
3474 2114 3572 2168 ad-

1989 2217 2208 2260 versum
2258 2214 2546 2276 peccatum
2577 2215 2866 2275 geruntur.
2906 2204 3188 2272 Quomodo
3227 2215 3408 2260 autem
3451 2223 3571 2261 ina--

1988 2294 2368 2363 nebuntjusti,
2401 2296 2444 2351 si
2477 2294 2560 2351 vel
2593 2311 2781 2366 parum
2808 2295 3012 2364 aliquid
3039 2295 3250 2364 peccati
3279 2295 3331 2349 in
3363 2307 3567 2352 semet-

1991 2387 2122 2456 ipsis
2165 2387 2616 2443 reservaverint?
2664 2387 2732 2442 Et
2774 2387 2895 2442 ideo
2949 2387 3152 2442 dicitur
3198 2387 3264 2441 de
3311 2386 3407 2452 eis,
3437 2387 3567 2458 quia

1992 2493 2100 2531 non
2149 2477 2492 2548 reliquerunt
2541 2494 2642 2534 nec
2689 2494 2852 2532 unum
2903 2478 2996 2548 qui
3043 2477 3232 2532 salvus
3281 2478 3457 2542 fieret,
3501 2493 3570 2532 ne

1990 2565 2280 2636 effugeret.
2330 2567 2590 2624 Fortasse
2641 2583 2746 2623 non
2791 2566 2924 2621 mihi
2954 2568 3162 2633 credes,
3196 2568 3339 2636 quod
3371 2569 3568 2622 adver-
3614 2577 3621 2581 ‘

1994 2671 2113 2710 sum
2169 2667 2453 2727 peccatum
2523 2658 2681 2714 nobis
2745 2658 3048 2728 injungitur
3099 2673 3334 2729 pugna:
3401 2657 3572 2714 Paulo

1991 2751 2154 2804 crede
2201 2751 2404 2806 dicenti
2437 2753 2485 2784 ⁸⁵
2514 2770 2530 2806 :
2562 2770 2580 2804 ι
2619 2750 2867 2806 Nondum
2919 2766 3089 2821 usque
3135 2753 3202 2806 ad
3252 2753 3568 2822 sanguinem

1993 2841 2272 2895 restitistis
2300 2842 2589 2897 adversum
2619 2853 2929 2914 peccaturo.
2969 2863 2989 2896 ι
3039 2842 3207 2898 Vides
3236 2843 3332 2898 tibi
3374 2845 3570 2899 adver-

1991 2949 2108 2986 sum
2138 2946 2417 3002 peccatum
2449 2949 2686 3008 pugnam
2723 2937 2977 3007 proponi,
3015 2946 3072 2990 et
3116 2951 3289 3005 usque
3325 2935 3394 2990 ad
3441 2951 3570 2990 san-

311 3029 463 3098 quod
515 3029 695 3100 gladio
743 3031 854 3084 oris
907 3030 1009 3083 mei
1063 3030 1366 3098 percutiam
1422 3029 1841 3085 fornicationem
1867 3071 1882 3095 ,
1917 3045 1958 3103 ρ
1995 3025 2174 3094 guinis
2198 3026 2570 3096 profusionem
2596 3029 2736 3084 istud
2772 3029 2866 3084 tibi
2896 3027 3144 3098 praelium
3178 3043 3568 3083 consumman-

309 3122 617 3189 percutiam
661 3121 941 3184 malitiam,
978 3122 1271 3190 reprimam
1308 3121 1572 3188 furorem,
1612 3132 1666 3177 et
1711 3123 1755 3177 si
1783 3139 1888 3192 qua

309 3213 422 3266 alia
459 3221 587 3266 sunt
611 3212 749 3266 maia
785 3214 836 3266 in
874 3228 972 3267 ore
1014 3213 1202 3283 gladii,
1241 3213 1293 3267 id
1327 3226 1410 3270 est
1450 3214 1561 3268 oris
1601 3215 1726 3277 mei,
1775 3215 1889 3270 oris

307 3305 420 3360 mei
449 3319 702 3361 sermone
727 3307 1068 3376 exstinguam
1100 3306 1241 3378 (5i),
1275 3315 1331 3361 et
1362 3321 1464 3361 non
1493 3306 1796 3375 relinquam
1824 3323 1886 3360 ex

307 3399 393 3454 eis
437 3398 528 3469 qui
589 3397 772 3453 salvus
821 3397 935 3465 fiat,
987 3413 1160 3467 neque
1196 3398 1287 3466 qui
1340 3397 1582 3467 effugiat.
1644 3397 1704 3454 Si
1741 3398 1887 3453 enim

306 3505 504 3546 onmes
537 3491 636 3546 bos
663 3491 848 3545 hostes
880 3501 1096 3544 nostros
1123 3491 1570 3554 exstinxerimus,
1609 3499 1735 3546 tunc
1764 3505 1891 3545 vere

308 3585 455 3637 diem
493 3583 687 3638 festum
721 3581 1122 3638 celebrabimus
1152 3582 1283 3647 Deo,
1316 3592 1367 3638 et
1411 3583 1650 3639 devictis
1691 3583 1886 3638 adver-

309 3679 477 3733 sariis
533 3677 650 3732 laeta
693 3677 1039 3732 solemnitate
1093 3677 1470 3748 gaudebimus.
1513 3674 1644 3730 Tale
1685 3675 1888 3746 aliquid

310 3771 445 3825 mihi
495 3770 710 3826 videtur
753 3769 921 3842 418
974 3771 1138 3825 etiam
1184 3783 1214 3822 a
1260 3778 1456 3822 sancto
1504 3765 1776 3836 Pr0pheta
1831 3767 1886 3823 in

309 3863 542 3918 Psalmis
593 3863 893 3934 designari,
940 3863 1029 3916 ubi
1072 3863 1204 3915 dicit
1251 3861 1319 3914 de
1368 3875 1428 3914 se
1473 3859 1553 3924 ⁸³,
1618 3859 1745 3930 quia
1780 3879 1800 3911 c
1835 3860 1886 3914 in

307 3956 596 4011 matutinis
647 3955 1041 4011 interficiebam
1098 3968 1288 4007 omnes
1336 3960 1653 4021 peccatores
1705 3962 1885 4018 terra,

312 4058 372 4102 ut
399 4047 710 4118 disperdam
763 4047 830 4103 de
871 4047 1101 4101 civitate
1132 4045 1347 4099 Domini
1394 4058 1587 4098 omnes
1622 4044 1714 4114 qui
1759 4058 1889 4113 ope-

312 4151 506 4195 rantur
550 4140 916 4210 iniquitatem.
966 4157 985 4191 ι
1057 4135 1185 4190 Sive
1235 4136 1380 4190 enim
1426 4136 1623 4190 civitas
1671 4134 1887 4188 Domini

312 4233 553 4288 Ecclesia
585 4231 678 4287 Dei
712 4232 946 4286 viventis
975 4231 1262 4299 accipitur,
1287 4227 1516 4296 ejiciunt
1541 4229 1793 4282 doctores
1822 4227 1888 4281 de

311 4327 574 4393 Ecclesia,
620 4340 676 4381 et
724 4325 1060 4380 interficiunt
1098 4339 1192 4378 eos
1222 4323 1313 4392 qui
1339 4332 1638 4390 cperantur
1685 4321 1887 4388 iniqui-

310 4432 499 4486 tatem,
534 4421 839 4476 contrarios
866 4420 1142 4474 daemones
1171 4417 1628 4485 adversariasque
1651 4414 1883 4468 virtutes
1916 4408 1960 4463 D

307 4515 400 4583 qui
438 4522 637 4584 cogunt
682 4514 932 4569 homines
957 4513 1022 4565 ad
1063 4522 1372 4582 peccatum,
1407 4506 1695 4571 docendo,-
1729 4505 1884 4560 insti-

309 4605 536 4669 tuendo,
594 4614 650 4658 et
698 4604 970 4659 occultata
1021 4602 1074 4656 in
1117 4601 1316 4656 divinis
1361 4598 1561 4654 litteris
1610 4613 1676 4653 ex
1740 4595 1882 4652 locis

311 4703 508 4756 talibus
549 4701 606 4756 in
647 4699 900 4771 qualibus
951 4713 1095 4752 nunc
1143 4712 1368 4762 sumus,
1419 4695 1683 4768 mysteria
1734 4709 1882 4749 rese-

381 4845 426 4876 ”
455 4843 568 4899 Jos.
597 4856 718 4905 vtn,
741 4840 834 4895 22.
907 4839 953 4871 ⁸³
974 4837 1118 4897 Psai.
1142 4854 1216 4906 cr,
1245 4839 1300 4894 8.
1375 4837 1422 4870 “
1450 4836 1598 4895 Psal.
1623 4851 1780 4902 LXIII,
1810 4836 1864 4901 6,
1890 4836 1944 4893 7.

308 4935 328 4990 I
370 4935 499 5004 lleg.
535 4947 690 5000 xvttt,
726 4932 812 4986 Π.

381 5073 492 5156 (φ)
532 5071 713 5156 Codex
762 5068 1047 5140 Sangerm.
1093 5087 1112 5120 ε
1160 5067 1370 5124 sitiunt.
1416 5086 1435 5121 ι
1488 5065 1646 5122 Libb.
1697 5065 1878 5122 editi:

313 5163 333 5197 ι
368 5154 630 5199 Stttetttes.
664 5161 683 5195 ι

382 5215 494 5285 (50)
535 5214 664 5267 Mss.
705 5231 725 5266 ι
763 5211 800 5268 ii
848 5210 967 5268 sine
1011 5209 1193 5265 dubio.
1245 5227 1265 5261 ι
1319 5207 1482 5262 Libb.
1535 5207 1706 5262 editi:
1767 5225 1787 5259 ι
1834 5206 1881 5262 si

310 5289 426 5341 sine
453 5286 634 5339 tittbio.
672 5303 692 5336 ι

379 5356 492 5426 (5|)
531 5355 712 5409 Codex
766 5354 1058 5424 Sangerm.
1118 5367 1139 5402 ι
1200 5347 1566 5416 exstinguam.
1633 5366 1654 5400 ι
1717 5346 1875 5403 Libb.

309 5429 438 5482 editi
481 5446 501 5476 ι
529 5427 890 5494 reslingnam.
919 5443 938 5476 ι

377 5497 490 5570 (52)
534 5497 662 5570 Mss.
695 5488 1215 5570 o'ittterficit.3Li_bb.
1243 5490 1403 5570 editi,
1431 5507 1458 5570 ἰ
1502 5488 1814 5570 interficiet.
1855 5505 1876 5540 ι

378 5559 492 5640 (55)
534 5566 824 5637 Sangerm.
858 5583 879 5618 ι
911 5562 1236 5619 meditabar.
1267 5579 1287 5612 ι
1320 5559 1484 5616 Libb.
1516 5559 1672 5624 editi,
1707 5576 1730 5611 ι
1768 5573 1883 5614 me-

311 5639 704 5772 “ﬁliaiam,
759 5725 778 5760 ι
831 5704 992 5763 nullis
1059 5703 1273 5773 penitus
1325 5701 1596 5760 hostibus.
1638 5719 1657 5754 ι
1711 5695 1877 5757 Libb.

1993 3119 2167 3172 dum?
2212 3119 2321 3173 Aut
2375 3135 2480 3175 non
2532 3121 2811 3174 evidenter
2855 3121 2970 3176 haec
3019 3121 3226 3175 indicat.
3279 3119 3564 3189 Scriptura

1991 3210 2198 3275 divina,
2241 3221 2297 3266 et
2343 3213 2394 3264 in
2428 3213 2494 3266 iis
2535 3213 2588 3265 in
2625 3213 2826 3282 quibus
2868 3212 3037 3266 moris
3066 3220 3149 3266 est
3177 3212 3226 3266 ei
3264 3211 3448 3266 dicere
3477 3212 3522 3244 ⁸⁷
3547 3229 3566 3268 :

1996 3322 2014 3356 σ
2052 3301 2401 3358 Sanctificate
2419 3301 2652 3369 bellum;
2681 3321 2701 3355 ι
2739 3300 3310 3374 et,¢Pugnabitis(55)
3333 3317 3568 3372 pugnam

1992 3397 2202 3452 Domini
2235 3397 2259 3451 τ
2286 3415 2308 3450 ι
2351 3396 2489 3464 Quid
2515 3395 2661 3450 enim
2686 3395 2835 3450 aliud
2859 3407 2942 3450 est
2964 3395 3308 3450 sanctificare
3336 3395 3561 3460 bellum,

1991 3488 2098 3542 nisi
2133 3488 2475 3559 interemptis
2521 3486 2776 3543 omnibus
2810 3487 3004 3541 animae
3049 3495 3250 3540 nostra:
3291 3487 3562 3553 hostibus,

1988 3580 2083 3651 qui
2110 3589 2239 3635 sunt
2271 3579 2402 3634 vitia
2437 3587 2811 3650 peccatorum,
2839 3587 2897 3632 et
2921 3576 3264 3632 mortificatis
3305 3577 3568 3631 membris

1988 3687 2109 3743 qua:
2141 3683 2265 3728 sunt
2308 3687 2471 3742 super
2507 3681 2708 3728 terram
2743 3683 2906 3740 atque
2937 3671 3190 3726 omnibus
3222 3669 3378 3723 malis
3414 3669 3568 3737 cupi-

1988 3765 2252 3820 ditatibus
2322 3764 2652 3835 amputatis,
2711 3761 2850 3818 efﬁci
2905 3771 3152 3816 sanctum
3217 3774 3448 3830 corpore
3511 3770 3567 3816 et

1989 3858 2207 3926 spiritu,
2229 3867 2286 3913 et
2320 3856 2536 3911 fortiter
2577 3856 2864 3912 facientem
2901 3854 3096 3910 venire
3119 3851 3188 3907 ad
3211 3863 3563 3925 conspectum

1993 3951 2082 4005 Dei
2122 3951 2379 4013 viventis,
2410 3958 2464 4004 et
2488 3964 2585 4018 pro
2614 3949 2794 4018 palma
2837 3945 3082 4002 victoriae
3109 3943 3327 4000 virtutis
3371 3948 3566 3999 merito

1990 4041 2240 4095 coronari
2285 4056 2314 4094 a
2359 4041 2579 4096 Christo
2622 4037 2751 4095 Iesu
2799 4037 3026 4093 Domino
3069 4037 3302 4093 nostro?
3342 4036 3441 4092 Cui
3481 4046 3567 4093 est

1990 4134 2158 4205 gloria
2189 4141 2244 4188 et
2269 4133 2555 4203 imperium
2592 4133 2648 4185 in
2683 4129 2879 4186 saecula
2911 4129 3260 4185 saeculorum.
3296 4130 3492 4184 Amen.

2567 4221 2849 4278 HOMILIA
2889 4220 2978 4276 IX.

1995 4317 2070 4374 De
2101 4318 2262 4373 altari
2298 4316 2438 4388 quod
2463 4316 2744 4388 redi/ienuit
2772 4312 2975 4388 Iesus:
3017 4311 3348 4388 ubi_scripsit
3382 4310 3457 4388 in
3479 4309 3568 4388 la_-

2061 4391 2272 4460 pidibus
2293 4382 2412 4460 ej...
2426 4387 2530 4460 (56
2539 4400 2554 4454 )
2570 4382 3067 4460 υᾳιιιιτοηοιιιὶιιηι.
3085 4383 3150 4460 ι
3165 4384 3426 4460 quomodo
3439 4382 3564 4460 {egit

2062 4450 2197 4515 illud
2221 4450 2510 4514 irta'uribits
2539 4450 2706 4510 totius
2730 4456 2910 4524 populi
2947 4453 3134 4508 alantis
3173 4450 3226 4506 tu
3271 4450 3488 4524 Garizin
3513 4463 3564 4505 et

2062 4529 2224 4585 Gebaf
2252 4547 2268 4584 :
2309 4539 2357 4582 et
2387 4521 2808 4598 quomodo‘(37)'
2827 4534 3176 4579 convenerunt
3211 4539 3352 4592 reges
3370 4521 3527 4574 Amm

2063 4603 2328 4655 rhworum
2369 4596 2620 4651 adversus
2647 4596 2854 4650 Jesum.

2063 4695 2118 4750 1.
2159 4691 2522 4762 Posteaquam
2551 4685 2995 4745 subvertitlesus
3019 4685 3152 4757 llay.
3183 4684 3234 4738 id
3257 4693 3343 4740 est
3370 4685 3557 4752 chaos,

2038 4835 2084 4868 ⁸⁸
2113 4833 2134 4890 l
2165 4832 2300 4902 Reg.
2329 4846 2423 4888 xv.
2513 4829 2560 4863 ⁸⁸
2590 4829 2757 4885 Ilebr.
2793 4843 2890 4891 xu,
2932 4826 2988 4882 4.
3062 4826 3105 4858 ⁸⁷
3134 4823 3270 4880 Joei.
3301 4838 3384 4890 ιιι,
3421 4822 3480 4886 9,
3509 4830 3564 4876 et

1987 5062 2139 5126 editi,
2180 5059 2369 5134 ognnlli
2404 5057 2626 5130 Ρθηίίυε
2657 5054 2916 5134 ¹¹⁰8Ψ¹ἷη⁶
2953 5070 2974 5104 θ
3056 5121 3076 5134 .
3103 5121 3138 5134 ..
3160 5121 3175 5134 .

2058 5118 2170 5206 (53)
2212 5131 2377 5206 Idem,
2406 5118 2444 5180 ἰ
2491 5141 2546 5186 et
2586 5125 2916 5200 pugnabitis.
2984 5142 3004 5176 ι
3056 5121 3218 5177 Libb.
3258 5118 3414 5182 editi,
3449 5136 3469 5170 ι
3504 5127 3564 5173 et

1985 5203 2381 5272 expugnabilis.
2417 5219 2438 5254 ι
2463 5269 2489 5272 _
2945 5263 2955 5272 _
3185 5259 3206 5272 .
3231 5260 3263 5272 η
3289 5260 3300 5272 1

2058 5257 2172 5345 ἱδϐ)
2211 5273 2393 5345 (Ζοάθξ
2457 5269 2792 5345 δθηεθτιηηη
2841 5284 2859 5317 ι
2911 5263 3044 5330 ejus.
3108 5280 3128 5314 ι
3185 5257 3555 5345 [ιέἰιιιιηθιιίιίγ

1988 5363 2008 5396 ‹
2057 5328 2268 5397 altaris.
2299 5361 2316 5392 ι
2361 5341 2526 5395 Paulo
2569 5328 2693 5408 post
2742 5328 2882 5408 idem
2925 5328 3126 5408 lilS_.,_(
3183 5341 3238 5385 et
3283 5328 3558 5408 quomodo

1981 5415 2110 5484 legit
2145 5413 2274 5484 illud
2308 5412 2361 5466 in
2400 5398 2650 5484 auribus.
2689 5425 2709 5459 ›
2745 5406 2916 5484 Li'bb._
2951 5405 3166 5484 editi,_¢
3199 5409 3254 5455 et
3284 5398 3559 5468 quomodo

1991 5474 2184 5539 ré'letzit
2207 5481 2364 5537 Iesus
2399 5482 2873 5535 Deuteronomium
2904 5477 2954 5528 in
2993 5474 3242 5527 auribus.
3275 5489 3294 5523 ι

2049 5502 2104 5538 :Ic
2146 5502 2184 5538 ll
2207 5502 2364 5537 δεδυδ
2399 5502 2873 5535 υΒυιυΓυιιυιιιιυιιι
2904 5502 2954 5528 ιιι
2993 5502 3242 5527 ᾶιιιιιυιιδο
3275 5502 3294 5523 ι

2049 5502 2164 5626 (βξ)
2199 5553 2344 5608 Idem
2395 5565 2523 5618 ms.,
2583 5567 2604 5602 ι
2661 5543 3056 5617 et‘quomodo.
3105 5560 3126 5596 ι
3175 5540 3337 5598 Libb.
3393 5536 3556 5603 editi,

1982 5642 2005 5678 ι
2034 5623 2147 5681 ubi.
2186 5641 2209 5680 ι
