4050 6148
577 185 676 239 871

577 320 633 363 et
658 318 851 360 omnes
903 303 1241 359 habitatores
1277 304 1398 372 ejus
1444 307 1668 372 exemit,
1709 308 1994 377 oportebat
2030 325 2152 365 eum

580 398 802 462 dignum
866 395 1080 463 aliquod
1154 395 1249 450 tali
1311 404 1572 466 tantaque
1641 401 1871 455 victoria
1935 402 2152 457 excelso

575 489 822 546 omnium
864 488 973 541 Deo
999 488 1113 557 (58)
1148 504 1346 543 tnunus
1396 490 1620 546 oﬂ‘erre.
1656 493 1794 560 Quid
1843 509 1972 566 ergo
2005 497 2150 550 istud

575 591 660 636 est
697 581 841 650 quod
880 579 991 648 agit
1025 589 1145 646 post
1170 582 1483 645 victoriam,
1522 583 1841 641 videamus:
1889 606 1907 639 ι
1946 589 2149 646 Αἰαίη-

577 675 739 738 cavit,
770 675 946 742 inquit
974 675 1044 740 ⁸⁸,
1075 673 1238 730 Jesus
1267 677 1442 732 altare
1483 677 1718 734 Domino
1745 681 1853 735 Deo
1886 683 2049 738 Israel
2094 686 2147 739 in

576 773 756 817 monte
797 762 986 826 Gebal,
1033 772 1088 817 et
1139 763 1266 818 fecit
1316 765 1442 818 illud
1469 767 1607 820 sicut
1637 769 1896 837 praecepit
1929 769 2145 841 Moyses

576 853 808 908 famulus
838 855 1050 908 Domini
1083 854 1205 909 liliis
1246 855 1429 910 Israel.
1459 857 1736 925 Scriptum
1763 871 1849 914 est
1875 872 2060 916 autem
2093 863 2144 916 in

573 948 691 1017 lege
741 946 964 1016 Moysis,
996 947 1166 1001 altare
1208 948 1320 1002 ﬁeri
1368 964 1432 1003 ex
1483 949 1752 1020 lapidibus
1793 953 2041 1024 integris,
2089 955 2144 1010 in

570 1039 766 1106 quibus
794 1055 898 1092 nou
933 1047 1018 1092 est
1049 1037 1303 1105 injectum
1348 1038 1576 1092 ferrum.
1616 1059 1636 1092 ι
1679 1040 1746 1095 Et
1786 1051 2142 1113 posteaquam

572 1130 698 1182 fecit
743 1130 914 1183 altare
946 1129 1122 1191 Jesus,
1169 1147 1188 1180 ‹
1220 1130 1477 1199 imposuit
1541 1131 1614 1186 ibi
1669 1133 1985 1190 holocausta
2040 1137 2145 1191 Doo

573 1223 738 1284 mino,
773 1231 826 1276 et
853 1222 1151 1277 immolavit
1175 1225 1508 1279 sacriﬁcium
1553 1225 1814 1279 salutaris
1847 1226 1994 1300 (59),
2032 1248 2052 1281 ι
2088 1241 2144 1286 et

571 1324 689 1382 post
723 1313 1049 1368 sacriﬁcium
1105 1333 1124 1365 ι
1155 1316 1374 1384 scripsit
1404 1318 1456 1371 in
1499 1315 1774 1387 lapidibus
1807 1317 1967 1375 Jesus
2001 1321 2142 1377 Deu-

571 1405 950 1470 terouomium,
1000 1404 1171 1475 legem
1206 1406 1398 1478 Moysi,
1441 1418 1495 1462 et
1526 1410 1752 1478 scripsit
1800 1426 1918 1466 eam
1949 1427 2138 1467 coram

569 1497 693 1553 ﬁliis
719 1497 881 1552 lsrael
914 1519 924 1552 :
952 1507 1005 1552 et
1027 1512 1213 1553 omnes
1234 1502 1478 1557 seniores
1508 1501 1695 1568 lsrael,
1727 1514 1781 1558 et
1804 1506 2042 1574 judices,
2074 1515 2128 1562 et

564 1590 755 1644 scriba:
795 1605 982 1644 eorum
1032 1593 1407 1659 praecedebant
1455 1593 1583 1648 hinc
1629 1603 1687 1649 et
1741 1596 1894 1652 illinc
1951 1613 2136 1653 arcam

567 1683 872 1749 testamenti
919 1681 1154 1737 Domini.
1192 1703 1210 1736 ι
1250 1684 1547 1742 Videamus
1599 1702 1728 1759 ergo
1769 1689 1898 1758 quid
1955 1692 2009 1746 in
2051 1693 2137 1749 his

563 1779 816 1834 omnibus
859 1779 1149 1847 indicetur,
1205 1789 1260 1836 et
1311 1781 1439 1850 quid
1489 1797 1730 1850 przeseus
1771 1783 1938 1840 lectio
1980 1786 2135 1842 nobis

561 1871 940 1926 mdiﬁcationis
967 1874 1234 1942 acquirat.
1269 1871 1471 1927 Omnes
1511 1874 1603 1942 qui
1644 1875 1697 1928 in
1732 1874 1918 1930 Jesum
1971 1878 2135 1932 Chri-

560 1971 703 2016 stum
731 1962 1021 2029 credimus,
1045 1963 1249 2034 lapides
1271 1964 1371 2018 vivi
1403 1979 1524 2019 esse
1549 1965 2132 2030 dicimur,'secuudum

560 2055 700 2122 quod
733 2054 1010 2121 Scriptura
1036 2055 1372 2124 pronuntiat,
1403 2057 1590 2111 dicens
1627 2057 1674 2090 ⁸⁸
1704 2076 1718 2112 :
1757 2077 1775 2110 ι
1809 2059 1918 2114 Vos
1951 2069 2132 2117 autem

565 2145 699 2198 estis
725 2144 928 2214 lapides
954 2146 1086 2210 vivi,
1122 2146 1378 2201 aediﬁcati
1413 2146 1604 2203 domus
1646 2149 1906 2218 spiritalis
1947 2150 2003 2206 in
2047 2166 2132 2207 sa-

557 2237 798 2290 cerdotio
866 2248 1088 2304 sancto,
1157 2247 1216 2292 ut
1269 2239 1512 2296 offeratis
1568 2241 1843 2312 spiritales
1899 2244 2128 2313 hostias,

556 2329 916 2398 acceptabiles
941 2329 1049 2384 Deo
1073 2346 1169 2399 per
1190 2330 1375 2386 Jesum
1407 2333 1712 2388 Christum.
1735 2353 1753 2385 ι
1773 2333 1923 2390 Sicut
1950 2347 2129 2392 autem

555 2422 610 2474 in
648 2421 762 2475 istis
788 2423 1021 2477 terrenis
1043 2423 1314 2491 lapldibus
1345 2425 1627 2480 observari
1668 2429 1939 2505 novimus,
1973 2440 2032 2485 ut
2066 2431 2120 2486 hi

554 2513 771 2584 quidem
803 2513 1011 2585 lapides
1044 2517 1135 2584 qui
1176 2516 1470 2574 validiores
1509 2528 1635 2573 sunt
1667 2529 1722 2574 et
1771 2521 2127 2591 potentiores,

553 2602 713 2672 primi
758 2605 811 2658 iu
868 2605 1225 2660 fundamenta
1256 2608 1553 2678 jaciantur,
1604 2621 1664 2664 ιιι
1708 2611 1843 2680 ipsis
1885 2616 2032 2670 credi
2075 2625 2130 2671 et

554 2698 842 2766 superponi
883 2700 1057 2768 possit
1104 2701 1272 2754 totius
1301 2702 1517 2757 aediﬁcii
1565 2705 1820 2774 pondus:
1861 2707 1953 2762 alii
1997 2725 2128 2766 vero

551 2790 644 2860 qui
694 2802 982 2860 sequentes
1030 2803 1178 2856 sunt,
1224 2793 1277 2846 id
1327 2803 1410 2848 est
1464 2796 1622 2863 paulo
1665 2797 1770 2852 illis
1810 2798 2124 2869 inferiores,

559 2882 790 2948 proximi
827 2883 933 2937 illis
976 2884 1067 2952 qui
1100 2885 1152 2938 in
1190 2884 1542 2940 fundamento
1583 2897 1729 2953 sunt,
1768 2890 2121 2958 ordinentur;

2039 186 2198 244 ORIG
2208 188 2364 246 ΕΝΙὸ

3683 214 3766 268 δη

2182 313 2224 369 Α
2256 327 2357 380 ego
2406 312 2664 378 arbitror,
2716 315 2859 384 quod
2907 315 3216 386 quicunque
3251 333 3326 374 ex
3369 320 3514 376 vobis
3545 325 3767 392 lapidibus

2256 407 2398 461 vivis
2435 407 2544 475 apti
2574 415 2723 472 sunt,
2757 408 2810 462 in
2856 407 2960 464 hoc
2991 410 3244 478 prompti,
3274 419 3332 463 ut
3360 415 3668 472 orationibus
3691 437 3765 475 va.

2255 506 2397 564 cent,
2434 507 2489 553 et
2517 508 2574 552 ut
2601 499 2689 552 die
2711 506 2982 568 noctuque
3011 499 3410 556 obsecrationes
3429 501 3637 561 oﬂ‘t-raut
3663 511 3765 573 Deo,

2252 596 2306 641 et
2335 588 2787 658 supplicationum
2826 591 3078 646 victimas
3130 593 3430 661 immolent,
3461 596 3553 666 ipsi
3585 611 3769 659 suntex

2251 677 2448 744 quibus
2477 675 2635 733 Jesus
2662 680 2898 735 aediﬁcat
2927 681 3118 736 altare.

2319 768 2372 821 2.
2410 767 2514 822 Sed
2544 769 2755 824 intuere
2801 772 2930 840 quid
2958 771 3135 826 laudis
3182 774 3309 842 ipsis
3339 776 3592 846 lapidibus
3613 783 3766 841 altaris

2249 859 2564 913 aserihitur.
2611 877 2631 910 ‹
2664 857 2818 916 Sicut
2864 862 3020 930 dixit,
3062 864 3326 935 inquit",
3363 868 3621 938 legislator
3650 875 3766 945 May.

2248 964 2357 1012 ses,
2409 951 2666 1007 aediﬁcari
2711 953 2882 1008 altare
2926 970 2991 1009 ex
3026 954 3296 1025 lapidibus
3348 960 3566 1030 integris
3606 967 3767 1032 quibus

2245 1039 2449 1096 ferrqu
2482 1058 2586 1097 non
2615 1053 2700 1098 est
2734 1045 3012 1115 injectum.
3039 1066 3058 1098 ι
3102 1047 3203 1114 Qui
3234 1060 3391 1118 putas
3417 1063 3534 1106 sunt
3560 1056 3635 1109 isti
3663 1057 3768 1112 iule-

2244 1133 2324 1202 gri
2351 1132 2594 1202 lapides?
2641 1135 2801 1192 Novit
2851 1139 3270 1210 uniuscujusque
3320 1144 3630 1200 conscientia
3671 1150 3768 1216 quis

2243 1223 2313 1276 sit
2349 1224 2573 1294 integer,
2603 1228 2722 1295 quis
2751 1228 2824 1282 sit
2856 1230 3224 1299 incorruptus,
3261 1231 3581 1302 impollutus,
3611 1235 3767 1295 imula-

2242 1315 2454 1370 culatus
2481 1317 2533 1371 in
2566 1334 2732 1375 carne
2760 1329 2816 1374 et
2858 1321 2909 1374 in
2937 1321 3130 1391 spiritu
3163 1341 3178 1376 :
3211 1324 3334 1391 quis
3369 1325 3439 1378 sit
3471 1327 3553 1381 ille
3576 1331 3650 1382 cui
3680 1329 3766 1384 fer-

2243 1425 2358 1464 rum
2412 1411 2671 1481 injectum
2722 1429 2829 1468 non
2877 1424 2981 1479 est,
3029 1415 3081 1469 id
3136 1424 3218 1470 est
3250 1417 3344 1486 qui
3384 1418 3764 1494 jaculamaligui

2241 1500 2408 1570 ignita
2440 1502 2895 1572 concupiscentiae
2928 1517 3032 1556 non
3066 1503 3290 1572 recepit,
3337 1503 3432 1558 sed
3473 1515 3614 1559 scuto
3637 1523 3688 1561 ea
3714 1509 3765 1562 ti-

2241 1593 2326 1647 dci
2357 1595 2624 1649 exstinxit
2654 1603 2708 1650 et
2737 1595 2934 1664 repulit
2968 1614 2980 1648 :
3016 1597 3099 1650 vel
3145 1597 3274 1665 quis
3303 1607 3386 1652 est
3431 1598 3534 1662 ille,
3567 1598 3649 1668 qui
3676 1598 3764 1653 fer-

2167 1670 2211 1725 Β
2241 1704 2359 1742 rum
2395 1704 2608 1760 pugna},
2661 1688 2861 1744 ferrum
2911 1690 3060 1754 belli,
3097 1691 3303 1744 ferrum
3336 1692 3502 1745 litium
3533 1707 3765 1762 nunquam

2243 1783 2462 1851 recepit,
2493 1781 2587 1840 sed
2647 1797 2862 1851 semper
2910 1784 3165 1853 pacilicns
3195 1781 3319 1845 fuit,
3364 1797 3565 1851 semper
3589 1783 3766 1851 quietus

2236 1867 2487 1937 etimitis,
2537 1889 2603 1928 ex
2637 1872 2847 1928 ChriSti
2900 1873 3200 1927 humilitate
3249 1873 3508 1929 formatus
3538 1873 3657 1943 (63).
3693 1873 3764 1928 lsti

2235 1973 2361 2018 sunt
2398 1980 2528 2032 ergo
2577 1964 2782 2034 lapides
2812 1965 2942 2029 vivi,
3000 1979 3066 2019 ex
3118 1965 3322 2035 quibus
3367 1965 3521 2020 Jesus
3551 1965 3766 2020 Dominus

2235 2063 2421 2110 noster
2452 2057 2625 2111 altare
2655 2057 2961 2111 construxit
3006 2071 3073 2111 ex
3103 2057 3375 2127 lapidibus
3407 2058 3629 2125 integris,
3671 2056 3768 2126 qui-

2235 2147 2334 2200 bus
2367 2145 2575 2200 ferrum
2607 2161 2715 2201 non
2746 2156 2833 2201 est
2882 2147 3161 2215 injectum,
3216 2156 3283 2202 ut
3309 2147 3496 2202 offerat
3526 2163 3670 2216 super
3691 2161 3768 2201 eos

2239 2239 2550 2292 holocausta
2596 2247 2651 2294 et
2695 2239 3023 2294 sacriﬁcium
3076 2240 3295 2298 salutis.
3338 2242 3446 2311 Ego
3483 2254 3599 2308 puto
3645 2229 3765 2309 quod

2233 2327 2374 2383 forte
2404 2328 2490 2382 isti
2531 2328 2663 2383 tales
2694 2329 2900 2398 lapides
2921 2331 3114 2400 integri
3140 2340 3194 2385 et
3221 2331 3638 2393 incontaminati,
3662 2345 3768 2382 san~

2231 2421 2302 2474 cti
2337 2421 2572 2488 apostoli
2605 2435 2724 2476 esse
2758 2423 2988 2490 possint,
3042 2439 3232 2478 omnes
3257 2425 3421 2479 simul
3447 2425 3604 2477 altare
3625 2436 3764 2476 unum

2232 2509 2495 2566 facientes
2522 2521 2752 2581 propter
2796 2513 3210 2568 unanimitatem
3247 2526 3408 2584 atque
3437 2513 3760 2568 concordiam.

2231 2598 2321 2654 Sic
2353 2603 2496 2654 enim
2531 2600 2841 2655 referuntur
2869 2618 3061 2658 omnes
3101 2604 3261 2658 simul
3295 2605 3605 2658 unanimiter
3629 2617 3763 2656 oran-

2231 2699 2331 2758 tes,
2361 2700 2415 2746 et
2441 2694 2749 2762 aperientes
2776 2709 2838 2748 os
2864 2710 3019 2749 suum
3045 2697 3246 2751 dixisse
3268 2697 3315 2728 ⁸³
3347 2715 3359 2750 :
3393 2716 3410 2747 ‹
3436 2697 3530 2759 Tu,
3554 2695 3759 2755 Domine,

2228 2785 2321 2853 qni
2371 2786 2533 2839 corda
2564 2786 2807 2839 omnium
2861 2789 3024 2842 nosti.
3051 2807 3073 2841 ι
3135 2787 3231 2843 Isti
3262 2803 3391 2860 ergo
3437 2789 3520 2857 qui
3551 2792 3762 2856 poterant

2229 2878 2532 2940 unanimes,
2585 2861 2687 2930 una
2722 2893 2853 2933 voce
2906 2891 3067 2948 atque
3106 2897 3212 2938 uno
3263 2885 3454 2951 spiritu
3494 2896 3651 2944 orare,
3679 2878 3759 2947 ipsi

547 2971 643 3040 qui
696 2987 824 3027 vero
883 2973 1002 3042 plus
1055 2974 1350 3030 inferiores
1395 2982 1542 3042 sunt,
1598 2978 1756 3046 paulo
1797 2981 2048 3050 superius
2094 2998 2121 3035 ει
2152 3008 2196 3067 c
2231 2966 2460 3021 fortasse
2676 2969 2920 3036 sunt
2964 2971 3192 3024 debeant
3224 2987 3416 3027 oumes
3446 2971 3593 3026 Sillllll
3617 2983 3753 3023 unum

553 3065 954 3132 fundamentis;
987 3077 1098 3120 tum
1129 3067 1322 3122 deinde
1353 3066 1407 3120 in
1443 3071 1856 3138 comparatione
1885 3073 2124 3143 lapidum

550 3157 642 3224 qui
706 3158 1036 3213 inﬁrmiores
1090 3171 1236 3225 sunt,
1289 3161 1342 3215 iu
1402 3164 1800 3232 superioribus,
1857 3176 1913 3221 et
1958 3182 2127 3237 prope

549 3247 664 3311 ipsa
706 3245 818 3314 jam
863 3248 988 3300 tecti
1039 3246 1256 3317 fastigia
1293 3251 1670 3319 collocentur;
1727 3255 1805 3310 ita
1857 3272 2002 3312 nunc
2043 3259 2128 3312 in-

552 3330 732 3400 tellige
761 3333 925 3386 etiam
957 3335 1024 3388 de
1059 3336 1331 3406 lapidibus
1359 3341 1496 3395 vivis
1521 3357 1640 3396 esse
1674 3343 1891 3412 aliquos
1915 3347 1966 3400 in
2003 3346 2126 3401 fnu-

547 3425 818 3480 tlatnentis
837 3425 996 3494 hujus
1013 3427 1278 3496 spiritalis
1301 3431 1538 3487 aediﬁcii.
1557 3433 1667 3500 Qui
1689 3447 1869 3489 autem
1893 3450 2019 3492 sunt
2036 3441 2121 3494 isti

547 3519 636 3584 qui
691 3519 742 3571 in
798 3517 1166 3575 fundamentis
1194 3521 1532 3577 collocantur
1575 3526 1598 3580 ?
1633 3526 1876 3596 Apostoli
1911 3540 1967 3584 et
1994 3545 2122 3598 pro-

547 3612 742 3678 phetat.
775 3608 867 3664 Sic
904 3611 1048 3665 enim
1081 3611 1213 3665 dicit
1247 3611 1468 3678 Paulus,
1502 3615 1621 3670 haec
1651 3618 1767 3686 ipse
1794 3620 1995 3676 docens
2023 3623 2068 3652 9°
2104 3642 2116 3677 :

549 3720 571 3753 ‹
606 3700 910 3767 ᾹΞιΙὶὒαίιιί,
961 3704 1170 3773 inquit,
1232 3721 1398 3776 supra
1443 3708 1856 3765 fundamentum
1904 3727 2122 3783 aposto-

547 3795 719 3848 lorum
757 3803 810 3847 et
841 3796 1253 3864 prophetarum,
1307 3798 1428 3868 ipso
1466 3816 1682 3856 summo
1723 3804 1968 3872 angulari
2009 3807 2120 3879 (60)

541 3887 708 3960 419
737 3887 916 3956 lapide
961 3889 1176 3943 Christo
1207 3889 1336 3944 Jesu
1372 3891 1601 3949 Domino
1633 3905 1836 3950 nostro.
1859 3917 1878 3950 ι
1925 3897 1995 3953 Ut
2021 3916 2120 3952 au-

535 3992 650 4044 tem
682 3981 1069 4048 promptiorem
1106 3989 1158 4033 te
1194 3996 1484 4050 praepares,
1518 3999 1550 4038 ο
1581 3985 1823 4051 auditor,
1862 3989 1930 4041 ad
1965 3987 2121 4056 hujus

540 4072 757 4126 :ediﬁcii
790 4073 1276 4138 constructionem,
1327 4083 1386 4128 ut
1434 4075 1566 4144 lapis
1597 4075 1791 4146 aliquis
1826 4077 2119 4133 iuveniaris

539 4166 771 4219 vicinior
796 4164 1172 4233 fundamento,
1209 4167 1355 4221 disce
1381 4168 1504 4235 quia
1528 4176 1581 4221 et
1613 4168 1724 4236 ipse
1746 4169 1993 4226 Christus
2021 4173 2120 4225 hn-

535 4257 622 4325 jus
643 4259 787 4328 quod
813 4274 956 4313 nunc
980 4260 1365 4328 descripsimus
1391 4261 1527 4331 (ﬁl),
1555 4261 1766 4316 aediﬁcii
1792 4261 2114 4317 fundamen-

2228 3058 2398 3114 altare
2431 3070 2766 3126 construere,
2814 3075 2975 3130 super
3001 3063 3140 3130 quod
3176 3061 3338 3118 Jesus
3367 3065 3670 3119 sacriﬁcium
3691 3061 3759 3114 of-

2230 3151 2363 3206 ferat
2394 3151 2566 3205 Patri.
2611 3151 2899 3213 Tamen,et
2954 3170 3052 3208 nos
3077 3164 3349 3211 tentemus
3391 3157 3514 3210 dare
3551 3170 3757 3224 operam,

2227 3249 2285 3294 ut
2304 3241 2490 3294 eadem
2514 3241 2758 3295 dicamus
2783 3257 2972 3296 omnes
3001 3244 3331 3299 unanimiter
3356 3245 3464 3317 (64)
3489 3259 3758 3321 unumseu-

2229 3332 2429 3386 tieutes
2469 3351 2482 3386 :
2517 3334 2650 3407 nihil
2677 3350 2772 3403 per
2795 3337 3224 3401 contentionem,
3266 3354 3439 3407 neque
3467 3354 3556 3406 per
3580 3339 3757 3390 inanem

2225 3417 2450 3484 gloriam
2476 3405 2749 3490 gerentes,
2775 3423 2871 3476 sed
2905 3424 2957 3476 in
2989 3439 3094 3477 uno
3122 3441 3310 3493 sensu,
3335 3438 3494 3497 atque
3527 3427 3575 3481 in
3598 3429 3755 3480 eadem

2227 3512 2500 3564 sententia
2530 3525 2933 3582 permanentes,
2971 3517 3017 3571 si
3039 3516 3176 3572 forte
3200 3521 3471 3588 possimus
3503 3523 3649 3574 etiam
3680 3533 3758 3572 uos

2224 3603 2334 3669 apti
2369 3601 2504 3656 cﬁici
2550 3605 2758 3674 lapides
2791 3607 2858 3660 ad
2907 3608 3106 3664 altare.
3149 3609 3266 3664 Non
3297 3614 3440 3666 enim
3473 3612 3653 3666 deserit
3679 3623 3758 3661 nos

2222 3691 2380 3748 Jesus
2410 3695 2669 3751 Dominus
2703 3709 2889 3753 noster
2926 3717 2940 3758 :
2993 3701 3087 3753 sed
3124 3704 3374 3769 quamvis
3412 3720 3507 3758 nos
3533 3711 3758 3756 vacantes

2220 3784 2479 3850 orationi,
2515 3803 2534 3836 ι
2559 3787 2686 3854 quid
2715 3803 2935 3843 oremus
2962 3792 3259 3845 secundum
3293 3794 3437 3863 quod
3467 3801 3659 3861 oportet
3680 3807 3758 3842 nc-

2223 3877 2483 3943 sciamus,
2535 3876 2650 3947 ipse
2681 3889 2854 3933 tamen
2895 3881 3120 3949 spiritus
3150 3883 3460 3953 interpellat
3510 3899 3600 3952 pro
3626 3881 3758 3935 nobis

2223 3968 2514 4037 gemitibus
2544 3970 3085 4028 inenarrabilibus“.
3113 3993 3131 4024 ι
3173 3974 3434 4030 Dominus
3479 3990 3641 4029 autem
3666 3975 3754 4041 spi-

2225 4062 2358 4114 ritus
2384 4069 2485 4114 est.
2530 4058 2588 4113 Si
2639 4074 2772 4130 ergo
2821 4063 3100 4117 orationes
3147 4077 3364 4120 nostras
3398 4066 3611 4134 spiritus
3633 4064 3757 4129 adju-

2223 4160 2333 4215 vet,
2367 4160 2420 4206 et
2445 4149 2638 4206 oll'erat
2663 4166 2756 4205 eas
2782 4149 2929 4205 Patri
2953 4153 3194 4208 omnium
3223 4156 3335 4211 Deo
3367 4157 3636 4227 gemitibus
3657 4152 3757 4222 qui-

2222 4243 2322 4298 bus
2348 4258 2446 4298 nos
2478 4241 2754 4312 explicare
2793 4259 2901 4298 non
2949 4259 3255 4314 possumus,
3291 4260 3499 4304 certum
3543 4257 3618 4302 est
3647 4253 3755 4316 quia

538 4361 651 4404 lum
677 4361 780 4407 est.
821 4349 912 4405 Sic
948 4351 1090 4404 enim
1139 4351 1272 4406 dicit
1318 4354 1599 4422 apostolus
1647 4352 1912 4408 paulusu
1949 4355 2059 4426 (62)
2095 4373 2110 4410 ε
2147 4349 2192 4407 ι)
2221 4344 2276 4388 ct
2326 4333 2512 4390 altaris
2557 4335 3020 4390 constructionem
3067 4337 3298 4393 sollicite
3328 4340 3564 4408 requirat
3604 4353 3630 4390 a
3673 4349 3756 4388 no-

542 4461 560 4492 c
591 4443 1020 4498 Fundamentum
1074 4443 1218 4496 enim
1265 4443 1410 4498 aliud
1459 4460 1619 4500 nemo
1663 4455 1842 4514 potest
1889 4459 2112 4514 ponere,

536 4547 732 4603 praeter
759 4537 811 4589 id
837 4535 977 4603 quod
1003 4536 1236 4604 positum
1254 4545 1353 4600 est,
1369 4537 1510 4605 quod
1526 4547 1608 4590 est
1630 4537 1878 4592 Christus
1897 4536 2106 4593 Jesusa

536 4627 682 4680 Beati
714 4643 845 4697 ergo
873 4629 964 4696 qui
997 4643 1158 4698 supra
1185 4629 1325 4682 istud
1357 4639 1464 4684 tam
1490 4629 1669 4684 nobile
1696 4629 2110 4686 fundamentum

531 4721 756 4774 :ediﬁcia
809 4721 1059 4791 religiosa
1107 4731 1160 4775 et
1205 4732 1394 4776 sancta
1443 4725 1865 4778 construxerint.
1909 4723 2014 4778 Sed
2050 4725 2104 4778 in

534 4811 634 4863 hoc
659 4811 887 4866 aedificio
918 4812 1173 4868 Ecclesia:
1217 4822 1432 4883 oportet
1479 4828 1599 4869 esse
1629 4823 1684 4868 et
1714 4814 1904 4870 altare.
1946 4814 2102 4871 Unde

600 4925 650 4998 ε’
676 4924 788 4978 Jos.
820 4942 934 4998 vin,
959 4927 1074 4998 50.7
1097 4928 1190 4991 3|,
1226 4928 1314 4992 52,
1354 4928 1444 4998 375.
1557 4928 1602 4959 ⁸⁸
1631 4928 1648 4982 l
1677 4926 1793 4984 Pet.
1824 4945 1884 4998 tt,
1925 4931 1982 4985 5.

530 4997 574 5027 ’³
601 4997 718 5050 Act.
748 5013 784 5060 ι,
811 4997 904 5050 24.
982 4998 1028 5028 ⁸⁸
1049 4997 1207 5053 Rom.
1233 5015 1350 5064 VIII,
1371 4997 1459 5053 26.

601 5137 712 5207 (58)
753 5137 882 5191 Deo.
913 5139 1072 5193 Deest
1101 5140 1154 5192 in
1189 5139 1344 5195 libris
1374 5152 1533 5196 antea
1569 5142 1750 5206 editis,
1783 5144 1875 5197 sed
1903 5155 2084 5198 exstat

530 5210 582 5263 in
614 5210 1013 5282 manuscriptis.
1043 5209 1208 5282 l’aulo
1233 5214 1543 5278 poslcodex
1573 5212 2086 5282 Sangermanensis,

532 5299 550 5330 ι
583 5281 724 5347 quod
757 5281 832 5332 ait
859 5291 977 5349 post
1004 5280 1312 5334 victoriam.
1351 5299 1371 5332 ι

597 5349 711 5420 (59)
751 5351 934 5422 Codex
974 5351 1482 5422 Sangerntanensis,
1534 5369 1554 5403 ι
1605 5351 1816 5407 salutis.
1858 5370 1877 5404 ι
1911 5353 2084 5422 Atque

528 5433 603 5473 Ita
638 5423 798 5472 habet
825 5421 1241 5477 Cemeticeusis.

595 5490 705 5560 (60)
741 5489 1005 5552 Gemetic.
1042 5501 1096 5545 et
1121 5491 1224 5562 duo
1259 5491 1498 5556 Ebroic.,
1532 5509 1551 5544 ι
1591 5492 1706 5562 ipso
1742 5508 1954 5550 summo
1995 5508 2088 5547 an-

525 5563 718 5630 gulari.
749 5580 774 5630 ί»
812 5562 864 5613 lu
897 5563 1046 5616 libris
1079 5561 1239 5616 editis
1267 5564 1436 5625 deest,
1473 5580 1490 5612 ‹
1539 5561 1774 5619 summo.
1807 5585 1826 5617 ι

595 5631 703 5701 tu")
731 5629 862 5688 Cod.
895 5631 1084 5703 Saug.,
1118 5650 1136 5685 t
1163 5631 1412 5690 ChriStus
1434 5633 1588 5691 Jcsus
1631 5650 1788 5705 quem
1825 5650 1967 5693 nunc
1996 5634 2089 5690 de-

2079 4930 2126 4962 ”
2182 4929 2380 4998 Ephes.
2424 4945 2483 4990 tt,
2529 4927 2619 4981 9-0.

2218 4426 2325 4480 bis.

2286 4521 2340 4574 5.
2371 4520 2477 4575 Sed
2507 4520 2740 4575 nondum
2772 4522 2960 4592 plenus
2993 4521 3180 4575 altaris
3206 4532 3429 4576 ornatus
3461 4531 3559 4585 est,
3587 4519 3754 4572 etiam-

2215 4612 2261 4666 si
2295 4627 2361 4667 ex
2397 4613 2623 4684 integris
2652 4613 2917 4684 lapidibus
2943 4625 3309 4678 construatur,
3343 4614 3552 4669 etiamsi
3576 4613 3752 4666 ferrum

2210 4705 2292 4759 eis
2341 4712 2395 4758 et
2440 4703 2678 4772 jaculum
2730 4706 2947 4775 maligni
2999 4722 3102 4762 nou
3159 4709 3464 4762 inveniatur
3491 4706 3748 4772 injectum,

2214 4797 2307 4851 sed
2363 4797 2540 4850 adhuc
2593 4797 2749 4851 deest
2789 4798 3008 4866 aliquid,
3061 4805 3115 4851 et
3164 4799 3338 4852 adhuc
3390 4807 3472 4852 est
3516 4795 3648 4866 quod
3678 4790 3750 4847 his

2724 4929 2767 4960 "
2793 4926 2809 4981 Ι
2833 4927 2958 4984 Cor.
2998 4943 3080 4994 ttt,
3111 4931 3198 4984 ll.
3305 4931 3353 4962 ⁸³
3379 4929 3487 4985 Jos.
3523 4943 3629 4993 vnt,
3664 4922 3744 4979 5i.

2197 5140 2578 5211 scripsinpus.»
2876 5209 2884 5211 ᾗ
3070 5209 3079 5211 _
3464 5206 3477 5211 _
3657 5201 3708 5211 Α,

2261 5206 2373 5279 (62)
2408 5208 2633 5262 Paulus.
2685 5211 2846 5265 Deest
2875 5209 2926 5264 in
2962 5208 3115 5264 libris
3145 5209 3323 5274 editis,
3381 5206 3478 5263 sed
3506 5209 3671 5260 exstat
3697 5206 3743 5256 ill

2186 5283 2438 5338 omnibus
2474 5296 2606 5332 mss.
3431 5347 3484 5350 μ,
3573 5344 3582 5350 _
3709 5338 3722 5350 ,

2259 5349 2577 5424 (63)_Codex
2614 5350 3104 5424 Sangermapensis
3135 5365 3259 5404 cum
3291 5364 3399 5424 uno
3430 5344 3740 5424 Ebroicensi.

2192 5443 2208 5471 ι
2236 5417 2299 5476 ex
2333 5421 2532 5475 Christi
2569 5417 2873 5472 humilitate
2911 5419 3193 5475 formatus.
3223 5439 3240 5470 ι
3284 5420 3445 5488 Αιιθιζ
3469 5417 3743 5488 Ebroicclt-

2188 5494 2284 5554 sis,
2324 5509 2340 5540 ι
2363 5500 2416 5543 et
2444 5491 2643 5544 Christi
2681 5491 2984 5544 humilitate
3017 5492 3355 5544 informatus.
3378 5508 3398 5542 ι
3426 5487 3574 5544 Liltb.
3603 5481 3737 5544 editi,

2196 5582 2213 5613 ι
2241 5573 2293 5616 et
2323 5561 2519 5613 Christi
2555 5560 2845 5612 humilitati
2881 5562 3274 5615 conformatus.
3307 5578 3325 5610 ι

2261 5631 2372 5704 (ﬁl)
2403 5632 2582 5686 Codex
2619 5629 2927 5700 Saugcrm.,
2962 5650 2980 5684 ι
3004 5632 3299 5687 unanimes.
3328 5649 3346 5681 ι
