4050 6148
361 275 477 333 8'75

1366 272 1430 330 IN
1472 272 1730 332 LIBRUM
1767 269 1934 330 IESU
1970 271 2156 328 NAVE
2197 273 2480 330 IIOMILIA
2518 273 2608 330 IX.

3499 275 3609 335 87‘

360 395 626 453 omnibus
651 393 876 463 adjiciat
903 393 1083 450 Iesus.
1136 393 1276 462 Quid
1321 393 1454 452 illud
1482 395 1608 451 est?
1649 413 1669 446 ι
1692 395 1944 466 Scripsit,
1978 394 2020 452 Α
2051 396 2522 453 Deuteronomium
2555 395 2778 461 scribat,
2813 406 2871 452 ut
2902 398 3192 456 secundam
3223 396 3394 468 legem
3421 396 3474 454 in
3497 413 3616 455 cor-

365 487 552 558 inquit
569 486 644 551 ⁹⁵,
697 484 856 542 Iesus
903 500 1067 556 super
1111 483 1318 555 lapides
1363 485 1552 540 altaris
1603 485 1938 540 Deuteronoo

357 582 556 644 mium,
611 577 782 648 legem
830 577 1019 644 Mosei,
1053 586 1109 634 et
1137 577 1354 646 scripsit
1384 591 1505 631 eam
1553 577 1606 631 in
1642 587 1940 646 conspectu

358 671 602 727 filiorum
634 669 822 724 Israel.
851 688 870 722 ι
916 668 1208 738 Scripserit
1231 667 1501 736 quomodo
1543 669 1780 735 potuerit
1811 676 1942 722 tunc

359 766 510 821 (ilius
539 763 690 820 Nave
733 777 899 834 super
933 763 1136 832 lapides
1168 761 1356 814 altaris
1392 761 1563 830 legem
1612 759 1938 826 describere,

354 863 420 911 et.
449 863 614 926 prout
641 853 806 908 valuit
838 850 1240 906 adunihraverit
1272 859 1447 920 typos,
1476 863 1572 903 nos
1611 849 1826 903 interim
1856 849 1942 902 vi-

351 949 582 1002 deamus
604 943 875 1013 quomodo
925 955 1106 998 noster
1129 940 1288 998 Iesus
1318 941 1372 994 in
1416 940 1694 1010 lapidibtn
1719 941 1859 996 vivis
1884 949 1940 996 et

355 1039 586 1109 integris
611 1038 832 1106 scripsit
861 1035 1362 1098 Deuteronomium,
1395 1032 1536 1102 quod
1555 1034 1713 1103 quasi
1743 1047 1940 1088 secun-

354 1132 427 1187 da
460 1131 729 1201 legislatio
778 1129 996 1184 dicitur.
1042 1129 1100 1183 Si
1132 1142 1264 1197 ergo
1309 1127 1392 1182 vis
1427 1127 1612 1182 videre
1661 1127 1936 1196 quomodo

352 1222 533 1291 prima
567 1221 683 1291 lege
709 1219 980 1273 infirmata
1007 1218 1302 1273 secundam
1333 1216 1502 1286 legem
1529 1218 1732 1272 scribat
1753 1217 1932 1274 Iesus.

352 1313 482 1367 audi
514 1328 634 1366 eum
687 1312 738 1365 in
770 1311 1075 1382 Evangeliis
1107 1311 1378 1367 dicentem
1401 1311 1449 1344 “
1489 1327 1504 1366 :
1564 1307 1827 1364 (Dictum
1853 1319 1936 1365 est

354 1405 600 1474 antiquis
629 1421 642 1457 ε
680 1403 795 1458 Non
824 1403 1058 1459 occides.
1098 1402 1211 1473 Ego
1242 1412 1421 1458 autem
1451 1403 1572 1457 dico
1598 1402 1778 1466 vobis,
1808 1403 1932 1472 quia

356 1495 541 1551 omnis
569 1495 662 1565 qui
692 1495 949 1550 irascitur
994 1495 1148 1550 fratri
1184 1509 1305 1560 suo,
1342 1493 1616 1549 homicida
1663 1501 1766 1548 est.
1791 1511 1812 1545 ι
1868 1492 1937 1547 Et

352 1589 550 1642 iterum
574 1587 619 1620 ’τ
649 1601 664 1640 :
701 1604 723 1638 ι
751 1586 958 1640 Dictum
984 1594 1066 1642 est
1089 1587 1328 1656 antiquis
1365 1603 1380 1640 :
1410 1584 1528 1640 Non
1551 1584 1931 1641 mmchaberis.

351 1679 468 1748 Ego
496 1687 678 1733 autem
717 1679 838 1732 dico
885 1679 1062 1740 vobis,
1100 1671 1304 1748 Siquis
1337 1678 1610 1749 aspexerit
1645 1677 1930 1734 mulierem

2046 488 2204 544 dibus
2247 491 2584 544 credentium
2632 488 2776 556 figat,
2829 498 2992 558 atque
3040 490 3096 544 in
3127 504 3312 545 eorum
3344 491 3624 546 mentibus

2044 580 2133 649 qui
2180 581 2246 634 ad
2281 580 2470 635 altaris
2499 582 2958 636 constructionem
3011 581 3154 649 digni
3189 581 3488 648 sunteligi,
3536 585 3614 639 le-

2044 687 2163 742 gem
2195 674 2416 741 spiritus
2466 674 2659 743 signet.
2697 672 2892 727 Statim
2927 689 3160 742 namque
3189 683 3244 727 ut
3278 675 3399 742 quis
3435 675 3617 730 credi-

2043 761 2186 816 derit
2227 759 2356 817 Iesn
2386 761 2625 829 Christo,
2677 774 2730 816 et
2760 763 2842 818 lex
2873 764 3146 834 Evangelii
3195 765 3248 820 in
3285 765 3404 834 ejus
3452 767 3615 822 corde

2043 848 2311 919 descripta
2351 857 2456 914 est,
2502 860 2556 905 et
2602 852 2654 904 in
2694 865 2989 921 conspectu
3044 853 3272 908 filiorum
3309 854 3470 910 Israel
3521 859 3616 912 de—

2041 941 2266 1010 scripta.
2307 941 2549 997 Aderant
2580 945 2723 998 enim
2755 954 2883 1000 tunc
2917 960 3037 1000 eum
3090 947 3180 1001 tibi
3211 959 3612 1004 sacramentum

2040 1034 2163 1092 fidei
2196 1036 2532 1097 tradebatur.
2565 1037 2815 1093 caelestes
2844 1039 3100 1102 virtutes,
3131 1041 3428 1096 ministeria
3452 1058 3617 1114 ange-

2041 1128 2244 1193 lorum,
2277 1121 2518 1183 Ecclesia
2559 1129 2982 1197 primitivorum.
3022 1130 3076 1184 Si
3105 1132 3246 1185 enim
3285 1144 3429 1189 recte
3455 1135 3613 1190 intel-

2037 1219 2270 1290 ligamus
2314 1219 2569 1275 lsraelem
2614 1221 2724 1276 dici
2764 1233 2944 1277 mente
2978 1216 3146 1278 Dctnn
3182 1226 3478 1292 videntem,
3530 1245 3614 1283 re-

2039 1309 2281 1364 ctissime
2311 1310 2416 1364 hoc
2443 1309 2513 1364 de
2544 1311 2809 1366 ministris
2838 1312 3042 1383 angelis
3075 1316 3247 1384 magis
3272 1317 3490 1382 dicitur,
3527 1333 3618 1372 se-

2037 1399 2273 1453 cundum
2309 1399 2526 1472 Domini,
2558 1403 2907 1468 sententiam,
2945 1404 3178 1461 dicentis
3207 1407 3273 1462 de
3297 1407 3612 1478 infantibus,

2035 1485 2180 1560 quod
2213 1500 2270 1547 et
2321 1501 2374 1546 tu
2403 1491 2555 1548 fuisti
2607 1493 2790 1549 infans
2823 1495 2875 1550 in
2903 1497 3194 1565 baptismo,
3229 1501 3357 1569 quia
3395 1503 3612 1573 «angeli

2033 1595 2224 1637 eorum
2255 1593 2473 1655 semper
2501 1584 2686 1641 vident
2730 1585 2922 1642 faciem
2960 1582 3137 1645 Patris
3167 1592 3269 1647 mei
3297 1593 3386 1662 qui
3415 1594 3466 1649 in
3501 1609 3613 1650 cte-

2034 1670 2106 1728 lis
2137 1681 2220 1730 est
2244 1665 2285 1729 ⁸.
2312 1691 2332 1726 ι
2376 1674 2572 1730 Coram
2616 1676 2735 1732 istis
2769 1677 2930 1749 igitur
2982 1679 3104 1737 filiis
3151 1680 3337 1750 Israel,
3377 1687 3470 1754 qui
3511 1689 3608 1742 ad-

347 1773 418 1825 ad
470 1770 967 1840 concupiscendam
1014 1783 1160 1831 eam,
1204 1768 1316 1839 jam
1351 1771 1655 1826 mmchalug
1681 1782 1764 1826 εει
1808 1785 1931 1846 eam
1961 1754 2008 1815 B
2034 1777 2190 1824 erant
2223 1766 2314 1822 illo
2344 1767 2397 1822 in
2431 1778 2838 1838 tempore,cum
2865 1772 2960 1827 tibi
2989 1772 3114 1829 fidei
3133 1786 3472 1832 sacramenta
3500 1789 3611 1834 tra-

350 1862 408 1917 in
439 1862 604 1917 corde
649 1876 770 1919 suo.
801 1878 822 1913 ι
867 1861 934 1916 Ει
954 1861 1001 1894 ³⁸
1033 1879 1045 1914 :
1077 1879 1096 1913 ι
1122 1859 1332 1917 Dictum
1375 1871 1462 1917 est
1499 1862 1738 1933 antiquis
1768 1873 1781 1918 ι
1815 1863 1933 1920 Non

349 1952 679 2028 perjurabis.
728 1952 851 2021 Ego‘
873 1962 1054 2006 autem
1106 1952 1228 2007 dico
1273 1952 1431 2008 vobis
1473 1969 1489 2005 :
1533 1951 1713 2007 Nolite
1744 1952 1935 2022 jurare

348 2041 633 2097 omnino.»
673 2040 835 2096 Vides
864 2040 1343 2096 Deuteronomium
1395 2041 1538 2110 quod
1577 2043 1802 2112 scripsit
1837 2041 1931 2098 Ie-

351 2150 448 2190 sus
485 2135 537 2189 in
587 2133 857 2203 lapidibus
883 2133 1022 2187 vivis
1043 2141 1099 2187 et
1122 2132 1367 2202 integris,
1411 2147 1517 2187 non
1548 2133 1600 2187 in
1627 2132 1823 2190 tabulis
1850 2135 1932 2188 la-

344 2228 541 2297 pideis,
591 2227 686 2282 sed
738 2227 791 2282 in
827 2228 1026 2283 tabulis
1057 2229 1240 2282 cordis
1271 2229 1602 2294 carnalibus,
1633 2245 1738 2284 non
1785 2239 1931 2285 atra-

349 2327 555 2381 mento,
591 2318 686 2374 sed
713 2317 920 2390 Spiritu
955 2320 1048 2373 Dei
1079 2321 1184 2375 vivi
1207 2320 1275 2374 ’°.
1298 2321 1354 2375 Si
1383 2332 1562 2377 autem
1589 2324 1670 2378 vis
1698 2324 1930 2379 eviden-

349 2410 455 2465 tius
501 2424 755 2475 noscere,
808 2411 860 2465 in
893 2411 1088 2480 quibus
1143 2411 1404 2468 cordibus
1443 2412 1600 2469 Iesus
1639 2415 1929 2484 scripserit

347 2502 543 2574 legem,
585 2513 641 2558 et
688 2503 741 2558 in
788 2503 983 2572 quibus
1011 2519 1117 2558 non
1146 2504 1450 2573 scripserit,
1478 2506 1642 2558 etiam
1683 2505 1787 2560 hoc
1832 2505 1928 2560 tibi

345 2611 413 2651 ex
445 2596 855 2666 Scripturarum
904 2595 1233 2650 auctoritate
1260 2596 1612 2665 patefaciam,
1639 2606 1696 2651 ut
1728 2612 1929 2653 conso-

343 2689 604 2744 lationem
635 2688 818 2757 capias
847 2697 902 2742 tu
931 2687 1026 2757 qui
1063 2702 1130 2742 ex
1157 2687 1414 2757 gentibus
1439 2697 1660 2743 vocatus
1687 2703 1770 2755 es,
1828 2704 1930 2744 nec

343 2783 593 2840 verearis
619 2797 806 2838 eorum
834 2780 1177 2849 iactantiam,
1219 2779 1314 2850 qui
1341 2780 1515 2850 legem
1537 2778 1704 2835 Musei
1731 2781 1928 2837 tabulis

343 2875 427 2932 vel
453 2874 720 2931 chartulis
745 2875 1003 2944 scriptam
1032 2888 1092 2929 se
1120 2873 1400 2945 accepisse
1437 2873 1757 2944 gloriantur.
1786 2873 1925 2929 Audi

339 2984 473 3040 ergo
501 2969 556 3022 in
585 2983 815 3036 quorum
859 2968 1118 3022 cordibus
1147 2967 1407 3022 Dominus
1451 2965 1606 3022 Iesus
1646 2967 1925 3034 scripserit

2037 1857 2329 1927 debantur,
2384 1858 2701 1915 videntibus
2745 1860 2938 1916 faciem
2995 1863 3111 1930 Dei,
3157 1863 3313 1922 Iesus
3349 1867 3401 1922 in
3448 1853 3610 1930 corde

2036 1958 2132 2007 tu‘o
2161 1951 2636 2007 Deuteronomium
2666 1953 2910 2021 scripsit.
2952 1954 3047 2010 Vis
3073 1957 3168 2012 tibi
3198 1957 3373 2013 adhuc
3391 1959 3609 2024 eviden—

2037 2043 2142 2097 tius
2171 2043 2285 2097 luec
2318 2043 2384 2098 de
2431 2041 2730 2114 Scripturis
2763 2047 2969 2102 sanctis
3008 2049 3323 2116 probemus,
3353 2052 3478 2119 quia
3511 2068 3607 2108 co-

2036 2145 2149 2184 ram
2197 2131 2326 2187 liliis
2379 2133 2546 2189 Israel
2597 2134 2770 2204 legem
2825 2138 3117 2192 secundam
3166 2139 3371 2196 scribat
3410 2141 3608 2199 Iesus?

2031 2222 2321 2291 Apostolus
2352 2223 2420 2278 ad
2451 2224 2708 2282 Hebraeos
2731 2227 3016 2284 manifeSte
3043 2231 3305 2300 designat,
3335 2236 3517 2290 dicens
3545 2238 3603 2294 σε

2039 2333 2056 2364 ι
2079 2311 2196 2366 Non
2227 2314 2369 2368 enim
2397 2317 2709 2372 accessistis
2743 2319 2812 2372 ad
2839 2333 3030 2373 sonum
3066 2320 3225 2388 tubae,
3278 2333 3332 2377 et
3356 2326 3420 2379 ad
3453 2341 3606 2380 mon-

2035 2417 2140 2464 tem
2173 2408 2479 2473 ardentem,
2531 2410 2630 2464 sed
2664 2411 2974 2466 accessistis
3007 2413 3072 2467 ad
3101 2422 3334 2470 montem
3365 2417 3530 2482 Sion,
3551 2431 3606 2475 et

2031 2499 2314 2556 civitatem
2347 2500 2442 2556 Dei
2471 2501 2710 2556 viventis
2739 2501 3040 2558 Jerusalem
3075 2504 3372 2573 caelestem,
3424 2519 3478 2565 et
3505 2510 3605 2565 Ec-

2031 2592 2250 2646 clesiam
2278 2593 2677 2661 primitivorum
2705 2595 3000 2664 ascriptam
3044 2597 3096 2652 in
3125 2598 3300 2666 caelis,
3336 2610 3388 2656 et
3417 2602 3602 2658 multi-

2033 2683 2270 2738 tudinem
2322 2684 2638 2754 angelorum
2676 2685 3096 2743 eollaudantium
3145 2689 3379 2744 Deum.»
3437 2691 3600 2750 Vides

2028 2788 2158 2844 ergo
2183 2775 2314 2846 quia
2348 2790 2531 2831 coram
2564 2775 2629 2830 iis
2656 2777 2928 2843 omnibus,
2970 2780 3062 2849 qui
3091 2793 3161 2835 ex
3193 2795 3256 2836 eo
3286 2784 3427 2850 quod
3459 2799 3599 2838 sein-

2028 2881 2125 2936 per
2157 2869 2324 2923 Deum
2356 2869 2562 2935 vident,
2596 2878 2651 2923 et
2683 2869 2882 2924 merito
2912 2869 3005 2924 filii
3038 2869 3204 2926 Israel
3238 2873 3596 2942 appellantur,

2026 2961 2183 3017 Iesus
2211 2962 2384 3031 legem
2430 2971 2582 3016 suam
2619 2962 2672 3017 in
2722 2961 2978 3017 cordibus
3023 2965 3357 3019 credentium
3389 2968 3596 3028 scribit.

343 3059 541 3131 legem.
595 3057 795 3114 Paulus
843 3058 1017 3113 dicit‘
1047 3073 1060 3111 ι
1099 3077 1118 3109 ι
1145 3058 1277 3112 Cum
1308 3057 1453 3112 enim
1479 3067 1666 3126 gentes
1691 3073 1813 3126 quae
1844 3057 1919 3112 le-
1951 3097 1994 3155 ο
2029 3053 2133 3108 Sed
2168 3067 2224 3110 et
2257 3072 2398 3111 nunc
2426 3071 2522 3125 per
2544 3057 2658 3110 hare
2683 3071 2804 3125 qua:
2839 3056 3132 3124 loquimur,
3161 3057 3316 3114 Iesus
3348 3059 3597 3116 Deutero-

338 3167 462 3223 gem
491 3169 598 3208 non
629 3152 853 3216 habent,
881 3149 1201 3206 naturaliter
1232 3165 1353 3220 quae
1381 3149 1515 3221 legis
1541 3159 1666 3206 sunt
1694 3149 1923 3216 faciunt,

340 3242 652 3310 hujusmodi
685 3255 790 3295 non
835 3240 1101 3295 habentes
1143 3239 1340 3309 legem,
1390 3239 1488 3310 ipsi
1528 3240 1628 3295 sibi
1659 3250 1785 3295 sunt
1813 3241 1922 3295 lex.

338 3335 437 3400 Qui
463 3335 758 3390 ostendunt
783 3347 918 3404 opus
950 3331 1086 3400 legis
1112 3332 1370 3401 scriptum
1399 3333 1451 3386 in
1503 3333 1758 3387 cordibus
1785 3333 1922 3399 suis,

340 3427 708 3484 testimonium
741 3426 997 3481 reddente
1024 3426 1104 3481 eis
1138 3425 1495 3479 conscientia.
1519 3443 1538 3476 ι
1581 3425 1636 3479 Si
1671 3439 1804 3495 ergo
1842 3427 1916 3478 vi-

338 3521 470 3576 deas
497 3529 684 3591 gentes
716 3519 781 3573 ad
814 3515 998 3572 Iesum
1029 3516 1221 3571 venire
1253 3525 1311 3570 et
1353 3515 1576 3570 credere
1604 3515 1676 3581 ei,
1701 3523 1758 3570 et
1783 3527 1920 3584 opus

338 3613 471 3682 legis
505 3611 752 3682 implere,
795 3611 939 3680 quod
973 3608 1048 3663 illi
1087 3608 1180 3677 qui
1231 3608 1402 3678 legem
1434 3617 1781 3677 acceperant,
1815 3606 1920 3662 im-

335 3705 490 3774 plere
515 3718 620 3754 non
668 3707 913 3769 possunt,
969 3713 1073 3751 non
1109 3697 1326 3752 dubites
1357 3697 1422 3751 de
1451 3696 1533 3750 eis
1558 3697 1760 3763 dicere,
1787 3697 1916 3769 quia

337 3791 498 3848 Iesus
549 3791 602 3845 in
656 3791 774 3845 istis
836 3788 1107 3858 lapidibus
1165 3785 1390 3857 integris
1435 3785 1912 3843 Deuteronomium

339 3882 584 3952 scripsit.

403 3978 459 4032 4.
493 3975 671 4032 Movet
718 3990 804 4030 me
837 3988 990 4039 sane,
1036 3974 1179 4044 quod
1207 3973 1414 4030 addidit
1443 3972 1498 4028 in
1531 3975 1912 4045 consequenti-

333 4070 438 4124 bus
483 4068 786 4138 Scriptura.
828 4083 847 4118 ι
875 4066 941 4121 Et
970 4066 1212 4136 scripsit,
1261 4067 1438 4137 inquit
1466 4071 1509 4133 ',
1556 4067 1714 4124 Iesus
1747 4086 1910 4140 super

334 4163 539 4233 lapides
574 4161 1047 4216 Deuteronomium
1091 4173 1278 4215 coram
1318 4159 1442 4216 filiis
1492 4161 1676 4215 Israel.
1705 4181 1724 4213 ι
1763 4163 1909 4234 Quo-

335 4255 496 4309 modo
529 4251 767 4324 potuerit
797 4261 904 4305 tam
945 4266 1197 4322 magnum
1230 4250 1450 4316 librum,
1486 4252 1570 4307 vel
1602 4254 1906 4308 assistentis

333 4349 437 4405 bus,
482 4356 538 4401 et
569 4344 1017 4417 permanentibus
1064 4341 1136 4398 ibi
1191 4343 1321 4398 filiis
1370 4341 1535 4399 Israel
1569 4344 1901 4412 describere,

2027 3149 2261 3203 nomium
2302 3149 2494 3205 scribit
2543 3150 2593 3203 in
2643 3163 2830 3204 eorum
2866 3149 3123 3204 cordibus
3165 3153 3255 3220 qui
3292 3153 3495 3224 integra
3531 3156 3594 3208 Ii-

2022 3240 2111 3304 de,
2139 3250 2195 3295 et
2241 3248 2351 3296 toto
2383 3242 2566 3296 animo
2597 3255 2719 3310 qua
2754 3242 3010 3296 dicuntur
3041 3243 3335 3312 accipiunt,
3389 3246 3478 3316 qui
3512 3245 3598 3301 in-

2026 3337 2180 3399 tegro
2208 3329 2418 3394 auditu,
2451 3340 2613 3399 atque
2648 3330 2860 3400 integro
2890 3331 3073 3393 corde,
3111 3340 3166 3386 et
3202 3347 3308 3388 non
3343 3345 3596 3403 corrupto

2019 3433 2184 3475 sensu
2234 3437 2300 3476 ac
2353 3423 2584 3492 reprobo
2616 3421 2761 3476 circa
2794 3421 2976 3489 fidem,
3011 3425 3236 3480 audiunt
3275 3436 3331 3482 et
3359 3429 3595 3482 retinent

2019 3526 2140 3582 quae
2179 3512 2456 3576 dicuntur,
2487 3513 2614 3582 quia
2652 3527 2876 3570 necesse
2907 3526 2989 3569 est
3025 3516 3500 3574 Deuteronomium
3540 3522 3590 3574 in

2017 3601 2245 3673 integris
2271 3602 2540 3672 lapidibus
2569 3602 2759 3658 scribi.

2087 3694 2139 3750 5.
2169 3693 2297 3751 Post
2322 3695 2437 3752 haec
2483 3697 2614 3752 dicit
2642 3717 2657 3751 :
2698 3714 2716 3748 ι
2742 3695 2807 3750 Ει
2833 3696 3032 3762 omnis,
3065 3697 3308 3768 inquit",
3344 3699 3510 3755 Israel
3539 3712 3591 3756 et

2013 3786 2310 3857 presbyteri
2339 3797 2396 3843 et
2421 3786 2653 3853 iudices,
2681 3796 2736 3842 et
2762 3789 2954 3842 scribae
2982 3790 3356 3857 prmeedebant
3382 3794 3510 3848 binc
3538 3807 3590 3850 et

2013 3877 2161 3932 illinc
2190 3891 2372 3934 arcam
2403 3877 2717 3934 testamenti
2769 3876 3004 3932 Domini.
3031 3897 3051 3932 ι
3093 3879 3237 3935 Area
3280 3889 3584 3938 testamenti

2011 3968 2226 4025 Domini
2260 3976 2362 4034 est,
2407 3970 2462 4024 in
2509 3983 2616 4038 qua
2650 3967 2845 4024 tabulae
2893 3967 3028 4040 legis
3060 3987 3224 4026 manu
3250 3972 3343 4028 Dei
3374 3977 3587 4046 scriptae

2009 4073 2322 4120 servantur.
2362 4061 2428 4119 Et
2453 4065 2599 4120 circa
2637 4063 2776 4119 hanc
2805 4078 2988 4119 aream
3022 4069 3355 4130 testamenti,
3409 4071 3586 4125 omnis

2008 4156 2100 4225 qui
2129 4171 2256 4212 vere
2281 4155 2446 4213 Israel
2472 4165 2574 4223 est,
2608 4155 2827 4223 incedit,
2855 4165 2910 4211 et
2945 4173 3048 4213 non
3078 4168 3161 4214 est
3206 4159 3366 4229 longe
3400 4160 3468 4215 ab
3495 4176 3582 4217 ea.

2007 4247 2206 4305 Levita:
2238 4261 2366 4306 vero
2415 4261 2472 4305 et
2515 4249 2822 4306 sacerdotes
2870 4251 3036 4306 etiam
3088 4252 3142 4306 in
3189 4253 3432 4309 humeris
3463 4256 3577 4308 suis

2005 4358 2122 4398 eam
2149 4351 2384 4411 portant.
2427 4340 2640 4396 Etenim
2671 4341 2982 4413 quicunque
3007 4346 3330 4400 sacerdotali
3367 4348 3580 4419 religio-

333 4441 404 4496 ita
433 4447 621 4496 utnon
667 4439 1012 4493 discederent
1037 4450 1319 4506 usquequo
1363 4437 1633 4507 scriptura
1674 4447 1750 4492 tot
1783 4453 1903 4492 ver-
1937 4440 1982 4496 ι)
2011 4449 2078 4490 ne
2109 4444 2165 4489 et
2193 4434 2480 4489 sanctitate
2505 4434 2710 4499 vivunt,
2740 4450 2848 4490 non
2883 4437 3054 4491 solum
3089 4437 3121 4491 ii
3155 4438 3245 4506 qui
3275 4439 3462 4494 sedere
3493 4441 3577 4497 vi—

331 4547 488 4588 suum
521 4530 772 4585 finiretur
801 4546 816 4584 :
854 4529 937 4582 vel
985 4528 1146 4583 etiam
1174 4527 1460 4597 {quomodo
1516 4530 1792 4598 potuerint
1825 4531 1905 4586 la-

330 4626 485 4697 pides
511 4624 700 4678 altaris
732 4621 874 4678 ferre
894 4621 1058 4693 420
1084 4628 1193 4676 tam
1229 4619 1408 4691 magni
1454 4619 1584 4676 libri
1619 4622 1904 4677 continen-

331 4721 484 4787 tiam,
522 4718 704 4772 dicant
737 4715 868 4770 mihi
897 4715 988 4769 isti
1038 4723 1340 4769 assertores
1365 4713 1559 4769 littera:
1586 4711 1777 4780 Iudaei,
1808 4714 1901 4783 qui

327 4813 577 4882 spiritum
625 4809 759 4880 legis
793 4809 1066 4877 ignorant.
1106 4805 1389 4872 Quomodo
1441 4807 1495 4861 in
1527 4807 1631 4862 hoc
1659 4806 1904 4862 historiae

326 4907 531 4962 veritas
555 4900 997 4960 demonstratur?
1024 4899 1130 4956 Sed
1161 4900 1299 4969 apud
1325 4899 1444 4955 illos
1478 4919 1498 4952 ι
1527 4915 1697 4971 usque
1718 4900 1772 4954 in
1805 4901 1903 4955 Ιιοέ

325 4999 576 5053 dieruum
606 4994 748 5050 diem
780 5010 902 5048 cum
932 4993 1135 5063 legitur
1161 4991 1391 5060 Moyses,
1428 4992 1671 5047 velamen
1701 5002 1786 5048 est
1809 5007 1904 5061 ped

327 5090 492 5145 situm
522 5104 688 5159 super
711 5103 808 5143 cor
831 5101 1018 5142 eorum
1043 5085 1083 5140 ⁸.
1113 5105 1134 5138 ι
1173 5083 1341 5140 Nobis
1378 5099 1506 5140 vero
1538 5085 1809 5140 conversis
1836 5083 1902 5138 ad

326 5181 614 5236 Dominum
644 5179 854 5244 Iesum,
885 5177 1130 5232 aufertur
1159 5176 1428 5243 velamen,
1460 5177 1586 5246 quia
1625 5195 1645 5229 ι
1667 5177 1757 5232 ubi
1789 5176 1904 5247 Spi-s

326 5275 464 5329 ritus
502 5273 738 5337 Domini,
775 5270 847 5326 ibi
899 5270 1125 5325 libertas
1154 5287 1172 5320 ι
1227 5266 1660 5336 intelligentiae‘.
1710 5267 1904 5321 Noster

324 5383 452 5440 ergo
480 5365 638 5424 Iesus
667 5365 929 5420 Dominus
960 5378 1067 5417 non
1102 5361 1306 5431 indiget
1355 5359 1527 5414 multo
1561 5368 1802 5427 tempore
1832 5367 1892 5414 ut

395 5487 440 5518 "
462 5483 577 5540 Ius.
601 5500 724 5547 vm,
755 5483 847 5537 52.
922 5482 967 5514 ⁸⁸
995 5481 1160 5534 Marc.
1190 5494 1243 5544 ν,
1266 5477 1356 5539 21,
1379 5475 1469 5534 22.
1544 5476 1587 5509 "
1617 5475 1745 5531 ibid.
1768 5475 1860 5540 ‘27,
1881 5475 1922 5530 21

397 5572 477 5602 ns-
506 5573 625 5602 vni-
656 5555 745 5602 Ἀεὶ-
847 5553 867 5584 ³
888 5551 931 5602 II
951 5550 1078 5602 Cor-
1106 5567 1189 5602 ιιι.
1220 5549 1406 5602 15-17.
1503 5546 1525 5579 "
1547 5547 1681 5602 Ibid.
1724 5548 1810 5601 17.

2033 5476 2081 5508 ’⁸
2104 5474 2233 5530 ibid.
2259 5474 2348 5538 33,
2374 5473 2466 5530 54.
2517 5472 2562 5506 ’⁸
2587 5472 2625 5526 ll
2649 5472 2776 5527 Cor.
2803 5486 2888 5539 ιιι,
2911 5472 2965 5526 3.

2025 5546 2161 5599 atth.
2204 5559 2350 5602 xvnt.
2398 5544 2486 5602 10.
2584 5542 2798 5597 ‘Ilebr.
2835 5559 2930 5602 xu.

2148 5585 2161 5599 ο
2204 5582 2350 5612 LVIII,
2406 5582 2486 5602 IV.

326 5557 346 5589 ’
367 5556 477 5612 Ios.
506 5573 626 5618 vnt,
656 5546 746 5612 32.
847 5553 867 5584 ³
888 5551 932 5606 II
951 5550 1078 5607 Cor.
1105 5567 1189 5614 ιιι,
1220 5549 1406 5604 15-17.
1503 5546 1525 5579 ⁸
1547 5547 1681 5602 Ibid.
1724 5548 1810 5601 17.

325 5624 412 5684 55.
484 5627 506 5660 ⁸
529 5628 660 5682 ibid.

2012 4529 2208 4584 dentur
2231 4529 2282 4582 in
2313 4542 2574 4584 consessu
2606 4529 2954 4596 sacerdotali,
2985 4532 3080 4584 sed
3109 4531 3142 4584 ii
3173 4533 3342 4602 magis
3371 4536 3462 4603 qui
3490 4549 3578 4591 sa-

2010 4617 2362 4674 eerdotaliter
2395 4628 2585 4690 agunt,
2637 4634 2868 4690 quorum
2915 4636 3044 4690 pars
3069 4632 3151 4677 est
3177 4623 3453 4692 Dominus,
3480 4641 3578 4683 nec

2012 4710 2121 4766 ulla
2151 4712 2230 4766 eis
2262 4713 2438 4780 portio
2466 4711 2696 4767 habetur
2728 4713 2780 4768 in
2819 4713 3000 4779 terris,
3051 4714 3150 4783 ipsi
3181 4726 3308 4771 sunt
3334 4731 3460 4772 vere
3490 4735 3578 4773 sa-

2007 4802 2255 4858 cerdotes
2283 4813 2337 4860 et
2366 4803 2568 4860 Levita:
2604 4804 2836 4871 Domini,
2881 4805 2969 4873 qui
3011 4804 3062 4859 in
3095 4807 3333 4863 humeris
3359 4809 3472 4866 suis
3501 4811 3576 4866 le-

2007 4911 2128 4968 gem
2159 4897 2255 4952 Dei
2289 4905 2533 4967 portant,
2563 4897 2770 4966 agendo
2798 4897 3070 4960 videlicet,
3100 4905 3154 4951 et
3179 4897 3446 4968 implendo
3476 4917 3574 4971 per

2003 5003 2141 5059 opus
2169 5004 2232 5044 ea
2261 5003 2379 5056 quae
2409 4987 2608 5058 scripta
2641 4995 2766 5042 sunt
2795 4986 2848 5042 in
2873 4985 3010 5058 lege.

2074 5078 2126 5135 6.
2164 5098 2181 5131 ι
2208 5080 2312 5134 Sed
2343 5089 2398 5134 et
2424 5077 2744 5149 proselytus.
2781 5076 3010 5146 inquit‘,
3039 5085 3094 5132 et
3117 5078 3363 5149 indigena
3390 5080 3567 5146 simul,

2004 5181 2059 5228 et
2083 5185 2236 5228 erant
2264 5170 2376 5244 (65)
2425 5171 2630 5226 dimidii
2669 5168 2826 5238 juxta
2859 5179 3092 5226 montem
3127 5172 3367 5241 Garizin,
3418 5189 3470 5232 et
3498 5178 3565 5231 di-

2005 5263 2153 5318 midii
2202 5263 2355 5331 juxta
2402 5271 2638 5316 montem
2673 5261 2862 5319 Gebal.
2891 5281 2910 5315 ι
2955 5263 3234 5330 Quomodo
3272 5267 3432 5320 etiam
3465 5267 3568 5324 ista

1997 5353 2427 5425 explicabimus?
2467 5352 2603 5408 Vere
2633 5354 2902 5423 adjutorio
2938 5355 3030 5410 Dei
3059 5370 3198 5425 Opus
3223 5366 3331 5424 est,
3357 5367 3416 5412 ut
3443 5375 3568 5429 pose

3044 5478 3060 5503 ¹
3088 5471 3244 5528 Rom.
3271 5492 3330 5535 ιι.
3359 5477 3446 5540 Η,
3474 5477 3563 5533 15.

2584 5543 2606 5575 °
2633 5542 2798 5597 Ilebr.
2835 5559 2930 5609 xu,
2969 5542 3152 5599 18-25.
3256 5545 3408 5603 ’Ins.
3443 5564 3560 5613 VIII,

393 5723 498 5797 (65)
541 5724 686 5778 Idem
715 5734 835 5793 cum
863 5732 969 5772 uno
998 5715 1332 5780 Ebroicensi,
1372 5730 1390 5766 ι
1428 5723 1606 5769 erant.
1646 5730 1664 5764 ι
1706 5710 1829 5774 Alii,
1880 5727 1899 5762 ι
1943 5717 2123 5765 erunt.
2156 5720 2176 5760 ι

598 5818 866 5876 ΡΔτιιοι..
912 5812 1031 5874 Gtt.
1076 5810 1223 5870 XII.

3171 5798 3251 5858 '28
