4050 6148
481 272 596 338 8‘15

1961 273 2280 335 ORIGENIS

3633 296 3731 351 876

491 399 666 459 simus
689 395 871 453 verbis
899 394 1099 453 nostris
1129 395 1291 452 verba
1325 393 1506 452 div-ina
1555 395 1846 462 disserere,
1880 405 1934 450 et
1966 410 2062 449 ex-
2093 398 2140 455 Α
2171 404 2282 450 tum
2309 403 2389 450 est
2415 395 2557 451 enim
2583 395 2875 452 nobiliores
2916 409 3038 452 esse
3079 397 3219 466 illos,
3268 401 3360 472 qui
3397 402 3521 459 boni
3565 404 3730 477 ipsius

488 492 713 561 planare
737 506 829 560 qm
860 497 988 545 sunt
1015 489 1220 545 dimidii
1248 489 1339 560 qui
1374 489 1693 546 incedebant
1717 489 1872 560 juxta
1901 505 2060 545 mon-

491 591 600 638 tem
629 582 882 646 Garizin,
927 589 982 636 et
1028 581 1118 651 qui
1156 589 1283 636 sunt
1333 581 1539 636 dimidii
1583 583 1674 651 qui
1707 582 1834 638 licet
1879 591 1932 639 et
1962 584 2060 652 ipsi

489 675 786 737 satventur,
836 689 941 729 non
974 683 1152 729 tamen
1183 685 1476 744 potuerunt
1509 673 1662 742 juxta
1691 684 1924 730 montem
1953 675 2062 731 Ga-

490 768 625 821 rizin
653 766 926 830 incedere,
983 767 1078 821 sed
1109 766 1368 821 incedunt
1412 766 1567 836 juxta
1598 773 1836 822 montem
1865 766 2056 821 Gebal.

488 858 642 915 Mons
669 859 892 916 Garizin
921 859 1324 914 benedictiones
1355 858 1534 922 habet,
1559 873 1715 914 mons
1744 865 1922 913 autem
1954 858 2060 914 Ge-

487 956 575 1011 bal
631 955 1060 1019 maledictiones,
1127 968 1247 1023 qua:
1305 954 1680 1023 peccatoribus
1750 955 2054 1008 imminent.

487 1048 813 1104 Statuerunt
841 1047 1060 1113 etenim,
1093 1047 1236 1101 sicut
1285 1046 1550 1114 scriptum
1581 1053 1666 1101 est
1715 1046 1769 1100 in
1799 1043 2058 1103 Deutero~

483 1141 687 1206 nomio,
718 1155 812 1194 sex
849 1139 1023 1194 tribus
1053 1140 1118 1195 ad
1152 1138 1580 1194 benedicendum
1612 1138 1666 1192 in
1696 1148 1882 1194 monte
1907 1139 2057 1196 Gari-

483 1233 592 1296 zin,
623 1245 670 1288 et
701 1235 842 1301 ipsas
877 1232 1050 1288 tribus
1085 1245 1204 1301 quae
1235 1230 1532 1286 nobiliores
1559 1239 1688 1285 sunt
1737 1239 1793 1285 et
1817 1233 2050 1298 eximiae,

481 1323 536 1379 id
580 1335 684 1388 est,
734 1323 977 1388 Simeon,
1026 1322 1179 1387 Levi,
1225 1319 1384 1387 Juda,
1437 1320 1705 1387 lssachar,
1755 1321 1956 1392 Joseph
1999 1335 2052 1378 et

479 1413 760 1484 Benjam‘in
785 1433 800 1482 ;
830 1414 966 1470 alias
992 1429 1120 1469 vero
1139 1428 1234 1469 sex
1263 1412 1611 1484 ignobiliores
1641 1412 1752 1486 (66)
1779 1415 1846 1469 ad
1883 1415 2048 1468 male-

480 1506 765 1562 dicendum
795 1523 808 1558 :
837 1506 889 1560 in
923 1504 1120 1575 quibus
1147 1514 1201 1560 et
1229 1504 1444 1571 Ruben,
1473 1503 1564 1574 qui
1600 1505 1843 1561 ascendit
1875 1505 2052 1562 cubile

477 1601 651 1672 patris
694 1609 750 1654 et
811 1608 988 1655 torum
1029 1597 1318 1654 maculavit
1349 1607 1653 1668 paternum,
1688 1605 1744 1654 et
1782 1598 2048 1666 Zahulon,

477 1691 570 1760 qui
600 1701 684 1747 est
718 1690 939 1746 ultimus
964 1690 1115 1747 ﬁlius
1149 1689 1260 1745 Liaa
1289 1689 1426 1761 (67).

2169 487 2441 542 desiderio
2473 497 2527 543 et
2551 489 2986 545 benedictionum
3015 503 3220 559 amore,
3254 495 3396 563 quod
3425 495 3622 552 bonum
3647 510 3728 557 est

2167 586 2352 647 agunt,
2384 593 2544 646 quam
2593 578 2714 634 illos
2739 580 2829 649 qui
2863 594 2962 648 pro
3005 582 3131 636 mali
3186 595 3329 640 metu
3372 587 3569 644 bonum
3617 593 3724 666 (69)

2167 678 2465 724 sectantur.
2503 670 2659 726 Solus
2690 686 2824 742 ergo
2848 671 3006 728 Jesus
3028 685 3130 738 est,
3158 678 3245 746 qui
3280 688 3458 748 potest
3492 697 3555 736 ex
3586 687 3727 741 omni

2166 763 2360 831 populo
2396 762 2765 831 hujuscemodi
2799 776 3008 822 mentes
3051 769 3367 841 animosque
3398 774 3725 846 discernere,

2165 863 2219 910 et
2246 855 2381 910 alios
2410 859 2624 925 quidem
2656 867 2895 915 statuere
2935 862 2985 916 in
3019 874 3252 919 montem
3300 866 3520 923 Garizin
3549 869 3616 924 ad
3639 872 3728 926 be-

2163 947 2519 1018 nedictiones,
2557 949 2694 1004 alios
2725 966 2852 1007 vero
2899 964 3144 1011 statuere
3191 958 3243 1011 in
3275 970 3512 1015 montem
3563 962 3725 1019 Gebal

2161 1042 2228 1094 ad
2262 1042 2682 1113 maledictiones,
2715 1063 2821 1102 non
2874 1059 2934 1102 ut
2982 1051 3386 1110 maledictiones
3441 1058 3724 1126 accipiant,

2160 1134 2252 1188 sed
2293 1144 2352 1188 ut
2381 1137 2652 1194 intuentes
2680 1142 3024 1212 praescriptas
3065 1144 3497 1212 maledictiones,
3529 1160 3586 1204 et
3613 1164 3724 1218 pte.

2158 1240 2256 1281 nas
2285 1225 2396 1299 (70)
2425 1232 2803 1300 peccatoribus
2841 1235 3180 1302 constitutas,
3206 1237 3484 1296 incurrere
3503 1255 3724 1300 caveant

2157 1334 2270 1377 eas.

2226 1411 2280 1468 8.
2319 1432 2337 1465 ι
2377 1413 2506 1471 Post
2539 1417 2654 1472 haec
2689 1437 2708 1470 i
2748 1418 2982 1475 refertur
3001 1422 3126 1492 quia
3155 1441 3172 1473 α
3214 1423 3520 1495 legitJesus
3549 1432 3724 1488 omnia

2157 1505 2318 1560 verba
2351 1506 2508 1577 legis,
2543 1509 2594 1564 id
2643 1519 2748 1577 est,
2795 1511 3196 1571 benedictiones
3235 1526 3289 1571 et
3323 1518 3725 1578 maledictiones

2155 1599 2448 1655 secundum
2471 1603 2649 1657 omnia
2690 1620 2814 1674 quae
2869 1608 3066 1675 scripta
3127 1619 3252 1664 sunt
3305 1611 3360 1664 in
3391 1611 3532 1668 libro
3573 1615 3722 1686 legis,

2157 1705 2255 1745 nec
2276 1690 2380 1746 fuit
2409 1692 2572 1748 ullum
2603 1700 2825 1752 verbum
2882 1714 2950 1754 ex
2985 1699 3236 1756 omnibus
3276 1717 3396 1772 quae
3446 1709 3724 1764 mandavit

549 1783 602 1838 7.
636 1781 761 1836 Haec
787 1782 1002 1852 quidem
1043 1791 1286 1837 veterum
1317 1782 1556 1836 historiae
1601 1781 1846 1838 referunt
1874 1790 2050 1854 gesta,
2083 1761 2127 1816 Β
2157 1779 2388 1852 Moyses,
2411 1786 2553 1853 quod
2584 1803 2688 1842 non
2715 1789 2905 1861 legerit
2929 1789 3107 1858 Jesus,
3140 1808 3322 1849 coram
3370 1799 3519 1852 oximi
3547 1799 3724 1855 eccle-

477 1876 572 1931 sed
625 1875 894 1944 quomodo
943 1888 1042 1929 nos
1087 1872 1230 1928 hanc
1275 1873 1516 1928 historiae
1562 1873 1932 1929 narrationem
1985 1873 2052 1928 ad

479 1969 766 2039 mysticam
812 1965 1232 2036 intelligentiam
1260 1965 1582 2034 referemus,
1617 1976 1675 2020 ut
1706 1967 2052 2023 ostendamus

477 2065 569 2132 qui
601 2063 710 2118 sint
747 2061 838 2118 isti
874 2060 964 2129 qui
995 2059 1256 2114 incedunt
1277 2058 1433 2129 juxta
1462 2068 1698 2115 montem
1725 2061 1968 2130 Garizin,
1995 2070 2051 2117 et

474 2155 569 2224 qui
614 2153 721 2208 sint
769 2151 860 2206 isti
905 2151 995 2220 qui
1048 2151 1302 2207 incedunt
1346 2152 1501 2222 juxta
1555 2163 1792 2208 montem
1841 2153 2049 2210 Gebal?

476 2245 588 2314 Ego
635 2244 716 2300 sic
762 2243 940 2309 video,
975 2242 1110 2298 duas
1142 2255 1263 2298 esse
1299 2243 1510 2313 speéies
1556 2259 1768 2312 eorum,
1808 2246 1900 2315 qui
1954 2261 2048 2314 per

476 2334 636 2390 ﬁdem
686 2333 944 2389 festinant
979 2341 1035 2387 et
1082 2343 1377 2404 properant
1439 2336 1505 2390 ad
1554 2335 1810 2394 salutem.
1873 2336 2044 2392 Unam

475 2441 664 2484 eorum
699 2425 791 2495 qui
823 2425 1243 2495 promissionum
1267 2425 1574 2482 caelestium
1599 2428 1900 2497 cupiditate
1929 2445 2048 2484 suc-

475 2517 650 2583 censi,
684 2532 900 2574 summo
923 2518 1102 2573 studio
1136 2517 1523 2588 diligentiaque
1546 2519 1812 2585 nituntur,
1847 2534 1915 2575 ne
1939 2535 2043 2576 una

472 2610 666 2667 saltem
711 2611 934 2665 minima
985 2625 1080 2666 eos
1105 2610 1384 2666 beatitudo
1433 2619 1742 2680 praetereat,
1784 2611 2044 2668 habentes

473 2698 805 2757 desiderium
853 2714 958 2755 non
1011 2699 1186 2756 solum
1226 2701 1621 2758 benedictionis
1661 2702 1956 2773 capienda},
1991 2713 2044 2760 et

471 2792 612 2850 efﬁci
645 2793 699 2848 in
726 2801 881 2862 parte
914 2793 1077 2848 sortis
1103 2802 1439 2857 sanctorum,
1471 2794 1566 2850 sed
1595 2795 1758 2849 etiam
1786 2797 2044 2853 assistere

472 2886 528 2942 in
580 2893 870 2954 conspectu
924 2883 1042 2952 Dei,
1096 2895 1151 2939 et
1197 2899 1411 2955 semper
1455 2901 1577 2942 esse
1622 2901 1747 2942 cum
1794 2887 2038 2946 Domino.

471 2979 576 3033 Alii
608 2993 735 3032 vero
763 2985 912 3042 sunt,
944 2977 1034 3047 qui
1080 2985 1136 3033 et
1177 2977 1277 3047 ipsi
1308 2978 1532 3034 tendunt
1563 2981 1628 3035 ad
1663 2980 1910 3049 salutem,
1948 2987 2041 3041 sed

475 3087 582 3127 non
633 3079 742 3126 tam
790 3085 976 3126 amore
1032 3072 1462 3126 benedictionum
1523 3081 1580 3127 et
1625 3073 1909 3131 desideriis
1955 3078 2038 3132 in-
2068 3105 2110 3164 α

471 3163 839 3231 ﬂammantur,
887 3178 1048 3233 quam
1081 3163 1185 3218 hoc
1215 3164 1386 3235 magis
1419 3164 1621 3221 habent
1649 3165 1705 3222 in
1730 3179 2039 3238 prospectu,

471 3265 534 3313 ut
583 3257 767 3312 dicant
791 3253 926 3325 (68),
951 3252 1159 3310 Su‘ﬁlcit
1192 3255 1323 3309 mihi
1354 3270 1461 3311 non
1509 3257 1590 3313 ire
1635 3259 1688 3313 in
1719 3261 2038 3329 gehennam,

472 3345 669 3404 sufficit
699 3346 828 3402 mihi
882 3361 989 3402 non
1023 3345 1162 3399 mitti
1211 3345 1264 3400 in
1295 3346 1472 3416 ignem
1517 3357 1799 3418 aeternum,
1847 3352 2043 3409 suﬁicit

470 3439 606 3494 mihi
667 3452 775 3493 non
847 3434 1041 3505 expelli
1104 3434 1160 3490 in
1215 3436 1466 3494 tenebras
1527 3441 1844 3498 exteriores.
1904 3444 2039 3500 Cum

470 3543 602 3600 ergo
639 3528 692 3584 in
743 3525 968 3595 singulis
1001 3525 1307 3596 quibusque
1353 3527 1592 3586 ﬁdelium
1643 3533 1768 3588 talis
1809 3535 1880 3590 sit
1916 3552 2044 3605 pro-

469 3619 634 3690 positi
689 3617 948 3683 varietas,
1014 3617 1118 3672 hoc
1190 3617 1325 3673 mihi
1379 3618 1650 3689 designari
1713 3623 1926 3680 videtur
1984 3627 2039 3682 in

470 3713 576 3767 hoc
633 3709 774 3773 loco,
837 3707 981 3778 quod
1041 3708 1248 3764 dimidii
1301 3709 1384 3765 illi
1442 3713 1532 3781 qui
1587 3713 1738 3782 juxta
1799 3727 2038 3774 montem

469 3796 688 3857 Garizin
756 3799 1032 3865 incedunt,
1101 3799 1250 3855 illum
1322 3802 1416 3872 qui
1482 3805 1550 3858 ad
1613 3807 2037 3876 benedictiones.

467 3889 629 3966 421
660 3889 863 3946 electus
918 3901 1022 3959 est,
1075 3892 1210 3949 istos
1257 3893 1604 3965 singulariter
1657 3899 1914 3970 indicent,
1945 3904 2040 3973 qui

469 4000 579 4041 non
619 3992 765 4039 metu
807 3996 1000 4052 ptenai,
1047 3987 1139 4040 sed
1180 3989 1613 4046 benedictionum
1649 4002 1703 4046 et
1745 3999 2042 4062 repromis-

467 4075 681 4130 sionum
723 4071 991 4128 desiderio
1021 4075 1336 4150 veniuntad
1367 4078 1616 4136 salutem.
1664 4080 1744 4138 llli
1785 4099 1912 4140 vero
1958 4088 2040 4141 di-

469 4167 646 4230 midii,
676 4166 767 4235 qui
811 4164 964 4232 juxta
1013 4177 1246 4222 montem
1297 4169 1465 4226 Gebal
1517 4173 1770 4230 incedunt
1827 4179 1881 4232 in
1929 4193 2039 4248 quo

468 4258 874 4315 maledictioues
896 4259 1120 4328 prolatae
1152 4271 1298 4327 sunt,
1331 4263 1463 4320 istos
1505 4265 1638 4321 alios
1661 4267 1920 4334 indicent,
1945 4273 2036 4340 qui

467 4351 734 4406 malorum
767 4358 908 4405 metu
934 4359 988 4404 et
1029 4351 1412 4420 suppliciorum
1463 4356 1656 4413 timore
1705 4361 2038 4431 complentes

2152 1873 2229 1926 sia
2259 1875 2485 1930 ﬁliorum
2517 1878 2684 1934 Israel
2717 1881 2760 1938 °.
2794 1901 2814 1934 ι
2841 1881 3040 1938 Facilis
3083 1886 3299 1954 quidem
3331 1896 3415 1942 est
3467 1889 3724 1959 explana.

2155 1965 2229 2019 tio
2279 1967 2538 2031 historiae,
2592 1975 2860 2039 quomodo
2917 1974 3056 2032 ﬁlius
3114 1975 3260 2034 Nave
3301 1979 3492 2050 legerit
3536 1984 3721 2038 omnia

2147 2058 2310 2112 verba
2343 2058 2477 2129 legis
2499 2060 2610 2132 (’ll)
2645 2078 2762 2132 quae
2793 2066 3015 2136 scripsit
3057 2068 3287 2139 Moyses,
3328 2086 3514 2127 coram
3570 2076 3722 2131 omni

2147 2152 2375 2206 ecclesia
2425 2152 2655 2209 ﬁliorum
2704 2157 2868 2213 Israel
2900 2176 2915 2223 ;
2947 2170 3130 2216 noster
3167 2177 3301 2218 vero
3332 2165 3599 2220 Dominus
3632 2166 3720 2223 .Ie-

2147 2258 2262 2308 sus,
2289 2247 2560 2315 quomodo
2591 2248 2692 2304 hoc
2715 2251 2912 2320 populo
2939 2266 3038 2306 suo
3073 2253 3258 2320 faciat,
3292 2261 3583 2314 ostendere
3617 2275 3720 2316 non

2147 2338 2278 2390 mihi
2328 2339 2541 2394 videtur
2601 2343 2856 2397 otiosum.
2910 2344 2978 2398 Et
3029 2359 3129 2417 ego
3177 2346 3396 2417 quidem
3459 2351 3716 2420 arbitror,

2145 2432 2285 2498 quod
2310 2433 2353 2486 si
2391 2434 2604 2502 quando
2632 2435 2787 2490 nobis
2809 2435 3002 2505 legitur
3025 2438 3256 2510 Moyses,
3275 2452 3331 2497 et
3363 2457 3462 2512 per
3488 2447 3718 2516 gratiam

2145 2521 2354 2577 Domini
2389 2525 2628 2581 velamen
2665 2527 2859 2583 litterae
2885 2541 3186 2596 amovetur,
3223 2545 3277 2589 et
3305 2535 3600 2605 incipimus
3640 2541 3721 2596 ina-

2145 2614 2409 2687 telligere,
2431 2619 2559 2689 quia
2579 2618 2666 2674 lex
2689 2620 2946 2690 spiritalis
2971 2633 3076 2688 est,
3102 2633 3154 2678 et
3180 2627 3326 2694 quia,
3349 2629 3505 2684 verbi
3529 2645 3716 2696 causa,

2143 2707 2330 2763 dicens
2353 2709 2439 2764 lex
2472 2711 2538 2777 ιο,
2577 2729 2596 2762 ι
2631 2710 2748 2766 Non
2776 2712 3070 2768 infrena'bis
3103 2731 3164 2770 os
3198 2717 3316 2772 bovi
3351 2719 3655 2789 trituranti,
3693 2743 3712 2775 ι

2144 2811 2249 2850 non
2271 2798 2337 2852 de
2367 2799 2539 2854 bobus
2569 2800 2706 2868 haec,
2735 2802 2830 2856 sed
2866 2802 2932 2857 de
2960 2806 3218 2872 apostolis
3241 2807 3442 2864 dixerit
3468 2827 3483 2866 :
3516 2822 3571 2866 et
3600 2829 3721 2869 ηιμ

2143 2903 2261 2944 sum
2284 2905 2404 2945 cum
2447 2892 2498 2946 in
2549 2892 2667 2962 lege
2689 2893 2888 2949 dicitur
2918 2896 2982 2961 “,
3025 2916 3044 2949 ι
3089 2900 3214 2968 quia
3261 2902 3539 2959 Abraham
3575 2907 3712 2964 duos

2145 2982 2283 3038 ﬁlios
2317 2983 2528 3053 habuit,
2554 3001 2718 3041 unum
2745 2988 2809 3042 de
2835 2989 3054 3057 ancilla,
3089 3002 3144 3048 et
3174 3010 3340 3050 unum
3373 2997 3440 3052 de
3461 2998 3655 3068 libera,
3686 3021 3708 3055 ι

2144 3089 2244 3144 ego
2269 3078 2319 3130 in
2346 3077 2411 3133 iis
2447 3078 2686 3150 intelligo
2709 3094 2830 3135 esse
2860 3081 2964 3136 duo
3001 3091 3342 3152 testamenta,
3375 3098 3431 3144 et
3456 3093 3593 3147 duos
3624 3109 3717 3163 po-

2145 3170 2298 3240 pulus
2358 3187 2370 3224 :
2427 3171 2586 3227 istam
2642 3175 2802 3229 nobis
2855 3175 3027 3246 legem
3085 3194 3205 3249 quae
3261 3184 3340 3237 sic
3395 3185 3715 3258 intelligitur

2145 3261 2328 3333 (quam
2351 3265 2648 3336 spiritalem
2691 3267 2934 3323 nominat
2974 3270 3219 3343 Paulus),
3249 3274 3408 3334 Jesus
3456 3279 3716 3338 Dominus

2143 3354 2290 3426 legit,
2325 3367 2378 3412 et
2410 3358 2524 3427 ipse
2553 3370 2636 3413 est
2663 3361 2754 3429 qui
2791 3360 2907 3417 haec
2961 3363 3014 3418 in
3067 3367 3290 3424 auribus
3325 3370 3494 3427 totius
3530 3375 3713 3444 populi

2143 3449 2357 3512 recitat,
2388 3451 2705 3520 praecipiens
2755 3455 2910 3510 nobis
2933 3471 3002 3511 ne
3039 3473 3332 3530 sequamur
3376 3466 3710 3522 occidentem

2143 3539 2402 3609 litteram,
2435 3547 2527 3599 sed
2559 3554 2842 3602 teneamus
2865 3549 3113 3618 spiritum
3136 3555 3526 3614 viviﬁcantem.
3560 3560 3711 3630 Legit

2140 3649 2270 3706 ergo
2298 3637 2452 3692 nobis
2473 3637 2630 3695 Jesus
2655 3640 2856 3712 legem,
2881 3656 3002 3697 cum
3037 3647 3192 3702 nobis
3217 3647 3345 3719 legis
3388 3651 3591 3706 revelat
3615 3667 3708 3707 ar-

2142 3740 2303 3782 cana.
2333 3727 2448 3785 Non
2476 3732 2620 3786 enim
2681 3749 2778 3789 nos
2809 3736 2901 3804 qui
2935 3736 3002 3790 de
3036 3736 3278 3795 Ecclesia
3313 3743 3582 3800 catholica
3625 3760 3709 3801 su-

2139 3833 2282 3888 mus,
2314 3823 2618 3891 spernimus
2647 3825 2815 3894 legem
2843 3827 3030 3897 Mosei,
3063 3833 3160 3887 sed
3205 3834 3536 3904 suscipimus
3563 3853 3701 3900 eam,

2139 3912 2187 3967 si
2214 3923 2388 3970 tamen
2425 3914 2584 3972 Jesus
2617 3934 2737 3973 eam
2765 3922 2922 3979 nobis
2966 3923 3178 3995 legerit.
3224 3926 3317 3983 Sic
3370 3929 3515 3983 enim
3566 3941 3708 3987 recte

2140 4007 2434 4072 poterimus
2483 4010 2786 4080 intelligere
2837 4014 3031 4085 legem,
3077 4018 3126 4073 si
3183 4032 3303 4074 eam
3361 4023 3521 4078 nobis
3568 4022 3707 4094 legat

2138 4095 2310 4165 Jesus,
2341 4109 2399 4155 ut
2428 4103 2545 4169 ipso
2580 4103 2815 4175 legente,
2847 4123 2945 4163 nos
2984 4124 3206 4167 sensum
3233 4113 3349 4182 ejus
3391 4125 3447 4171 et
3513 4117 3706 4174 intelli-

2141 4193 2376 4262 gentiam
2409 4196 2709 4265 capiamus.
2730 4198 2837 4252 Aut
2868 4215 2971 4255 non
2997 4212 3082 4258 est
3099 4204 3396 4274 putandum
3417 4210 3562 4278 quod
3587 4210 3707 4266 inde

2138 4296 2462 4355 conceperat
2491 4303 2709 4344 sensum
2752 4291 2862 4358 ille,
2894 4295 2984 4364 qui
3025 4297 3240 4354 dicebat
3269 4301 3357 4355 υτ
3405 4319 3424 4353 r
3461 4301 3572 4359 Nos
3613 4318 3708 4358 aue

2139 4386 2249 4432 tem
2283 4393 2506 4434 sensum
2546 4380 2752 4437 Christi
2808 4385 3090 4455 habemus,
3125 4397 3182 4442 ut
3213 4391 3452 4448 sciamus
3503 4410 3626 4464 quae
3673 4411 3705 4451 a

468 4457 588 4511 quae
634 4443 690 4497 in
724 4441 841 4509 lege
870 4442 1072 4511 scripta
1097 4451 1244 4509 sunt,
1286 4449 1608 4515 perveniunt
1664 4453 1728 4507 ad
1779 4453 2033 4511 salutem.

2148 4469 2253 4525 Deo
2283 4470 2482 4526 donata
2520 4483 2647 4527 sunt
2685 4476 2866 4543 nobis,
2895 4493 3014 4548 qua:
3492 4441 3706 4543 »ΊὲῙὶΙῆ

467 4533 692 4606 llicjam
722 4535 813 4593 Dei
841 4536 1008 4592 solius
1035 4547 1121 4592 est
1158 4551 1314 4594 nosse
1339 4554 1404 4594 ex
1448 4545 1698 4600 omnibus
1727 4546 1880 4604 nobis
1908 4549 2033 4609 ﬁliis

465 4626 652 4693 Israel,
682 4629 803 4698 quis
824 4639 906 4685 est
930 4630 1020 4699 qui
1055 4629 1181 4685 boni
1220 4629 1393 4701 ipsius
1431 4635 1701 4696 desiderio
1739 4656 2034 4703 succensus

465 4719 599 4774 facit
658 4721 800 4789 quod
852 4723 1052 4776 bonum
1097 4731 1203 4790 est,
1253 4725 1372 4794 quis
1411 4742 1538 4786 vero
1590 4744 1837 4792 nostrum
1886 4749 2032 4796 metu

467 4812 750 4882 gehennae,
783 4823 838 4869 et
868 4819 1057 4873 aeterni
1083 4821 1226 4890 ignis
1257 4830 1466 4879 terrore
1513 4827 1682 4883 tendit
1711 4832 1778 4885 ad
1807 4833 2032 4903 bonum,

467 4915 521 4962 et
545 4908 817 4963 studet'ac
840 4909 1061 4965 festinat
1089 4914 1312 4982 implere
1343 4932 1464 4986 quae
1490 4919 1689 4988 scripta
1727 4933 1871 4979 sunt.
1901 4928 2031 4984 Cer-

537 5002 558 5034 θ
582 5000 700 5090 tios:
728 5018 847 5069 vm,
875 5003 967 5072 54,
991 5007 1080 5062 55.
1160 5009 1202 5041 ¹⁰
1231 5011 1382 5067 Deut.
1413 5026 1543 5077 xxv,
1573 5013 1626 5080 4,
1661 5017 1758 5070 etl
1793 5017 1916 5082 Cor.
1950 5037 2025 5090 Ix,
2055 5024 2112 5082 9.

461 5087 613 5138 xxrv,
639 5072 729 5128 5i.

537 5165 650 5238 (66)
682 5165 826 5246 Post
858 5185 879 5220 ι
905 5167 1256 5246 ignobiliores
1269 5172 1837 5246 ,iSangermanensis
1867 5185 2016 5241 addit

471 5253 490 5288 c
520 5238 1098 5318 interpungit,_r'quod
1129 5243 1331 5318 in_ali_is
1369 5238 1502 5318 mss.
1529 5265 1634 5318 non
1660 5263 1860 5308 exstat.

537 5306 651 5384 (δῖ)
685 5306 810 5362 Lm:
880 5306 1038 5366 Deest
1069 5312 1123 5365 in
1168 5311 1322 5370 libris
1354 5306 1664 5384 editisfsed
1711 5306 1940 5380 habe—tur
1980 5325 2034 5381 in

464 5377 714 5432 omnibus
741 5393 871 5434 mss.

541 5445 654 5518 (68)
683 5448 992 5532 sangerm.,
1020 5469 1041 5532 ς
1061 5461 1114 5508 et
1132 5452 1412 5511 desideriis
1431 5455 1848 5532 inﬂammantur,
1867 5477 2029 5532 quam

469 5515 575 5594 hoc
594 5515 772 5594 magis
797 5515 995 5577 habent
1020 5525 1071 5576 in
1100 5537 1407 5594 prospectu,
1437 5528 1696 5585 dicentes.
1722 5515 1758 5585 ί
1779 5515 2025 5589 ﬁet-Eni

469 5587 628 5642 codd.
658 5604 813 5654 mss.,
867 5608 889 5643 ι
915 5594 996 5647 vel
1027 5587 1443 5662 promissionum
1493 5599 1777 5658 desideriis
1813 5587 2026 5658 inflatu-ﬁ

469 5667 708 5721 mantur,
758 5675 920 5727 quam
958 5665 1059 5718 hoc
1099 5667 1269 5735 [uagis
1311 5668 1512 5722 habent
1555 5671 1607 5723 in
1659 5687 1969 5742 prospectu.
2001 5694 2021 5726 ι

471 5724 592 5781 Mox
621 5725 1014 5790 Gemeticensis
1039 5749 1160 5790 cum
1194 5749 1301 5792 uno
1326 5735 1640 5797 Ebroicensi
1671 5756 1766 5808 pro
1802 5763 1820 5796 ε
1846 5743 2029 5802 dicen-

2142 4557 2232 4631 q'ui
2268 4563 2522 4618 dicebant
2558 4565 2602 4597 ¹⁸
2628 4583 2643 4620 :
2674 4584 2694 4618 ς
2729 4566 2919 4625 Nonne
2949 4571 3145 4628 ardens
3177 4585 3295 4629 erat
3334 4577 3387 4631 in
3423 4580 3582 4634 nobis
3613 4595 3705 4636 cor

2141 4663 2410 4720 nostrum,
2435 4671 2558 4711 cum
2599 4659 2757 4714 nobis
2786 4664 3024 4730 aperiret
3067 4663 3381 4736 Scripturas
3422 4669 3478 4724 in
3523 4672 3648 4727 via?
3680 4692 3700 4725 ο

2139 4747 2354 4815 quando
2381 4747 2646 4818 incipiens
2686 4766 2716 4804 a
2758 4750 2877 4823 lege
2902 4752 3070 4823 Moysi
3096 4771 3265 4826 usque
3305 4759 3373 4813 ad
3420 4763 3706 4830 prophetas

2139 4837 2267 4909 legit
2287 4838 2366 4893 eis
2389 4840 2590 4906 omnia,
2613 4851 2668 4896 et
2690 4843 2947 4898 revelavit
2967 4860 3089 4914 quae
3110 4846 3176 4902 de
3201 4847 3316 4916 ipso
3337 4853 3538 4923 scripta
3560 4864 3703 4910 sunt.

2140 4927 2274 4984 Mira
2319 4937 2498 4985 tamen
2525 4931 2713 5002 ;ﬁgura
2764 4939 3030 4995 sermonis
3075 4943 3377 4998 ostenditur
3410 4944 3464 4998 in
3493 4946 3560 5000 iis
3590 4959 3708 5016 quae

2213 5023 2255 5054 “
2286 5020 2406 5077 Gal.
2439 5037 2513 5089 tv,
2555 5024 2646 5082 22.
2752 5028 2796 5059 ¹¹
2826 5028 2844 5082 l
2875 5029 3002 5087 Cor.
3051 5048 3112 5097 tt,
3169 5034 3258 5103 12,
3302 5036 3389 5092 15.
3493 5039 3540 5072 ¹³
3571 5039 3703 5098 Luc.

2152 5193 2282 5263 tes)
2313 5187 2564 5263 habent}
2593 5200 2651 5242 ut
2678 5191 2880 5248 dicant.
2907 5214 2928 5248 ι
2987 5196 3042 5251 In
3069 5196 3224 5256 libris
3251 5209 3406 5258 antea
3437 5205 3596 5261 editis
3626 5209 3708 5263 sic

2148 5256 2376 5343 legitur,
2423 5259 2556 5343 «_vel‘
2600 5263 3014 5343 promissionum
3078 5256 3704 5343 ipsarurn,—quarnwh;c

2144 5327 2335 5404 magis_
2361 5327 2624 5404 habentes
2659 5331 2710 5404 in
2751 5346 3035 5404 prospectu
3079 5327 3134 5393 et
3160 5327 3422 5398 dicentes:
3449 5327 3701 5403 »νῠΡεῙιῙᾶ

2140 5397 2379 5486 postLubi
2417 5413 2560 5486 insse.
2601 5397 2822 5486 habent,
2860 5397 3100 5486 (sufﬁcit
3138 5411 3268 5466 mihi
3301 5397 3408 5468 non
3431 5397 3697 5486 expellit;

2142 5465 2196 5518 in
2229 5467 2382 5538 libris
2409 5469 2567 5524 editis
2591 5473 2763 5538 deest,
2795 5465 2816 5525 ά
2841 5475 2989 5529 mihi.
3012 5495 3031 5528 ι

2207 5535 2321 5612 (fit?)
2344 5538 2654 5612 _S_angerm.,
2692 5559 2711 5594 r
2748 5535 2846 5612 pro
2871 5546 3012 5602 malo
3037 5547 3200 5604 etiam
3239 5549 3461 5609 bonum.
3498 5573 3522 5610 ι

2339 5607 2508 5689 idem,
2551 5628 2571 5661 α
2609 5607 3046 5689 praescriptiones
3084 5629 3138 5675 et
3170 5635 3380 5689 pcenas.
3424 5607 3442 5674 ἡ

2198 5676 2772 5764 (Ζῃὲίᾲάξξξιξμξθέιὶιυίι
2819 5676 3001 5744 vocem
3041 5707 3061 5742 ι
3285 5710 3306 5744 ι
3339 5707 3460 5764 qua:
3510 5695 3694 5763 deerat

2125 5743 2181 5801 in
2209 5743 2366 5803 libris
2391 5747 2576 5804 editis.
