4050 6148
392 243 506 300 8⁸1⁸1

1379 245 1448 304 ΙΝ
1485 250 1740 310 LIBRUM
1771 253 1934 311 JESU
1976 253 2158 309 NAVE
2195 251 2478 310 HOMILIA
2514 253 2605 310 IX.

3519 267 3617 324 87E

393 357 604 425 scripta
646 367 792 424 sunt,
842 375 965 416 cum
1006 361 1136 416 dicit
1179 361 1266 418 “:
1303 382 1323 416 ε
1379 364 1494 420 Non
1535 377 1653 422 erat
1693 382 1871 423 sermo
1897 383 1962 424 ex
1993 376 2038 431 Α
2067 369 2288 436 perfecti
2327 379 2472 424 stare
2502 377 2700 423 nerunt
2726 370 2918 424 armati
2954 372 3214 430 adversus
3250 377 3477 432 astutias
3501 380 3617 436 dia-

389 450 648 504 omnibus
675 466 794 520 qua:
826 455 1100 508 mandavit
1134 455 1367 527 Moyses,
1398 473 1558 527 quem
1613 475 1717 514 non
1767 460 1958 528 legerit

385 537 554 598 Iesus
582 542 635 596 in
668 545 888 600 auribus
918 548 1082 602 totius
1109 547 1363 605 Ecclesia:
1407 549 1593 605 Israel.
1640 571 1658 604 ι
1692 552 1755 605 Et
1782 553 1956 621 primo

390 634 591 704 legisse
620 635 672 689 in
694 637 932 705 auribus,
970 640 1253 696 videamus
1291 643 1421 710 quid
1459 642 1658 698 indicet
1688 641 1822 715 (72).
1850 645 1955 699 Ve-

386 738 521 782 reor
551 742 620 781 ne
641 727 778 782 forte
806 729 1015 797 aliquos
1047 733 1356 787 auditorum
1385 748 1564 788 sermo
1592 745 1775 789 noster
1795 734 1959 788 oﬂ‘en-

384 815 530 884 dat;
563 824 658 874 sed
683 830 860 876 tamen
899 823 1182 878 dicendum
1220 835 1304 878 est
1331 826 1474 894 quod
1510 843 1614 881 non
1651 842 1837 883 omnes
1864 822 1954 898 qui

387 910 639 965 audimus
665 912 856 980 legem,
887 915 951 968 de
979 914 1214 970 Ecclesia
1248 932 1436 971 sumus
1475 919 1707 972 filiorum
1739 919 1901 974 Israel
1931 937 1948 976 :

388 1002 486 1055 sed
513 1018 616 1056 non
641 1006 903 1059 continuo
935 1009 977 1060 si
1007 1017 1088 1062 est
1118 1009 1294 1077 aliqua
1321 1011 1624 1065 differentia
1650 1012 1790 1066 inter
1810 1015 1957 1067 audi-‘-

389 1101 537 1149 tores
567 1095 702 1163 mgis
731 1109 784 1150 et
810 1098 1093 1153 ecclesiam
1128 1100 1357 1155 filiorum
1393 1104 1579 1172 Israel,
1611 1105 1830 1160 auditor
1855 1122 1952 1161 ex-

385 1182 624 1238 cluditur
645 1199 673 1238 a
707 1186 904 1241 salute.

461 1275 516 1330 9.
554 1277 828 1332 Attendite
875 1295 1006 1350 ergo
1055 1281 1364 1348 diligentius
1420 1286 1597 1342 verbis
1634 1286 1948 1359 Scriptum,

386 1365 622 1420 dicentis
657 1368 699 1400 "
734 1386 746 1420 :
779 1388 796 1421 ι
835 1369 948 1424 Non
983 1383 1100 1426 erat
1131 1375 1294 1427 ullum
1332 1374 1555 1431 verbum
1598 1393 1662 1433 ex
1706 1381 1954 1436 omnibus

381 1472 507 1524 quae
542 1460 819 1514 mandavit
863 1460 1100 1534 Moyses,
1149 1468 1293 1535 quod
1326 1484 1431 1522 non
1470 1469 1659 1539 legerit
1693 1469 1851 1526 Jesus
1901 1478 1952 1528 in

382 1549 609 1605 auribus
641 1553 803 1607 totius
838 1555 1078 1611 ecclesia:
1129 1557 1362 1615 filiorum
1411 1562 1592 1618 Israel.
1633 1584 1652 1616 ι
1701 1564 1767 1618 Et
1805 1567 1956 1621 addit

378 1643 548 1696 etiam
597 1663 617 1695 ‹
664 1645 982 1703 mulieribus
1009 1658 1061 1703 et
1105 1649 1422 1721 infantibus,
1477 1665 1533 1708 et
1577 1659 1888 1729 proselytis.
1925 1678 1945 1711 ι

2060 458 2163 512 boli
2193 475 2206 512 :
2246 457 2498 513 mulieres
2523 472 2653 513 vero
2679 459 2778 524 illi,
2811 461 2903 528 qui
2935 464 3171 516 nondum
3215 479 3279 519 ex
3319 469 3620 538 semetipsis

2057 561 2174 616 qua:
2206 547 2354 601 utilia
2392 557 2514 603 sunt
2543 559 2757 618 gerunt,
2792 552 2883 604 sed
2930 552 3189 607 imitando
3219 555 3364 611 viros
3403 557 3534 630 (76),
3567 575 3620 619 et

2058 649 2243 692 eorum
2275 639 2518 708 exempla
2557 643 2832 695 sectando.
2874 643 2947 695 Ex
2998 645 3194 711 quibus
3226 655 3280 700 et
3324 661 3483 717 caput
3524 655 3621 706 ha-

2059 728 2189 783 bere
2223 729 2518 784 dicuntur:
2553 749 2572 783 ‹
2604 731 2776 802 Caput
2821 733 2967 788 enim
3019 737 3300 804 mulieris,
3351 742 3437 796 vir
3481 744 3547 801 ⁸³,
3595 764 3615 795 ι

2057 817 2295 874 Infantes
2321 837 2448 877 vero
2477 833 2660 887 erunt,
2700 825 2789 893 qui
2843 827 2946 880 fide
2993 845 3162 898 nuper
3207 843 3454 902 suscepta
3485 836 3616 908 (77),

2059 913 2195 965 lacte
2221 913 2530 982 evangelica
2580 918 2910 971 nutriuntur.
2964 917 3222 990 Proselyti
3257 932 3432 978 autem
3475 937 3622 982 cate-

2057 1003 2303 1058 chumeni
2341 1005 2681 1072 videbuntur,
2717 1008 2796 1061 vel
2829 1007 2864 1061 ii
2887 1010 2976 1078 qui
3003 1010 3112 1078 jam
3148 1014 3340 1068 sociari
3376 1016 3623 1077 fidelibus

2057 1094 2294 1146 student.
2327 1094 2398 1147 De
2429 1095 2622 1163 quibus
2672 1097 2898 1166 singulis
2947 1098 3142 1153 similia
3191 1105 3352 1156 etiam
3386 1105 3619 1168 Joannes

2057 1183 2296 1235 sentiens
2329 1184 2382 1236 in
2421 1185 2654 1252 Epistola
2699 1202 2793 1241 sua
2826 1188 3037 1254 scribit,
3065 1201 3118 1246 et
3145 1195 3368 1264 singulis
3396 1200 3621 1266 quibus-

2057 1287 2160 1342 que
2194 1276 2446 1330 :etatibus
2485 1279 2698 1346 propria
2748 1294 2973 1350 quaeque
3015 1295 3162 1352 gesta
3213 1288 3456 1344 decernit
3485 1293 3619 1364 (78).

2059 1361 2437 1419 Verumtamen
2465 1367 2592 1422 Jesu
2649 1371 2800 1425 vobis
2846 1372 3107 1429 recitante
3153 1377 3344 1446 legem,
3378 1391 3429 1434 et
3469 1361 3616 1440 reve-

2058 1454 2200 1511 lante
2230 1459 2483 1514 cordibus
2517 1461 2711 1516 vestris
2737 1462 3141 1532 intelligentiam
3175 1471 3490 1538 spiritalem,
3522 1491 3618 1532 ne-

2057 1561 2162 1614 que
2191 1549 2466 1621 prosclyti,
2505 1551 2559 1606 id
2593 1564 2676 1606 est
2705 1557 3076 1614 catechumeni
3101 1560 3306 1618 diutius
3333 1567 3617 1633 maneatis,

2056 1640 2148 1692 sed
2201 1641 2450 1697 festinate
2493 1643 2559 1696 ad
2605 1647 3002 1715 percipiendam
3051 1653 3278 1722 gratiam
3315 1655 3431 1720 Dei,
3474 1669 3620 1714 utet

379 1730 543 1786 Νονῑι
566 1734 823 1792 Dominus
857 1747 1038 1793 ηοειοι-
1067 1739 1226 1797 ,ιθευε
1259 1757 1379 1799 esse
1410 1745 1544 1800 alias
1577 1761 1739 1802 aures
1761 1758 1955 1816 ριηωιθν
1987 1736 2029 1790 Β
2060 1747 2155 1787 vos
2211 1735 2263 1787 in
2311 1734 2549 1790 Ecclesia
2594 1737 2824 1794 filiorum
2869 1743 3029 1798 Israel
3064 1750 3490 1804 annumeremini
3520 1768 3534 1804 :
3563 1763 3619 1808 et

381 1823 518 1878 istas
551 1827 817 1897 carnales,
846 1845 982 1900 quas
1014 1832 1080 1885 ad
1119 1834 1450 1888 audientiam
1493 1837 1776 1892 verborum
1824 1855 1951 1894 sum

381 1927 531 1978 rum,
567 1927 622 1972 et
648 1919 715 1972 ad
751 1921 1081 1976 audientiam
1124 1923 1257 1992 legis
1301 1927 1545 1994 requirit.
1600 1927 1752 1984 Unde
1796 1939 1852 1984 et
1896 1931 1952 1985 in

386 2007 704 2077 Evangelia,
747 2023 1094 2083 posteaquam
1135 2017 1199 2070 de
1240 2017 1466 2087 singulis
1509 2035 1630 2088 quae
1670 2023 1955 2090 oportebat

384 2099 630 2162 edocuit,
656 2101 824 2166 addit,
847 2112 903 2157 et
925 2105 1055 2159 dicit
1076 2106 1155 2160 *δε
1182 2122 1202 2158 ι
1223 2105 1321 2173 Qui
1345 2108 1506 2164 habet
1529 2124 1687 2165 aures
1703 2113 1951 2168 audiendi

385 2192 590 2247 audiat.
622 2211 642 2245 ι
684 2193 837 2261 Quod
867 2199 1053 2267 utique
1079 2200 1123 2254 si
1158 2200 1223 2254 de
1257 2202 1478 2257 auribus
1507 2203 1731 2258 dixisset
1757 2219 1951 2259 carna-

383 2280 548 2350 libns,
583 2288 905 2356 superfluum
952 2293 1250 2348 videretur.
1294 2293 1463 2348 Nemo
1507 2297 1650 2352 enim
1697 2311 1800 2351 non
1855 2299 1951 2352 lia-

381 2374 521 2432 hens
544 2395 702 2434 aures
732 2382 798 2435 ad
829 2384 994 2438 verba
1029 2385 1146 2454 ejus
1175 2386 1444 2441 audienda
1467 2397 1816 2442 convenerat.
1845 2387 1951 2444 Sed

385 2470 640 2538 quoniam
681 2473 888 2528 sciebat
937 2476 989 2528 in
1037 2477 1258 2532 adribus
1308 2479 1583 2534 interioris
1618 2480 1872 2547 hominis,
1899 2482 1950 2536 id

391 2571 478 2616 est
510 2563 790 2618 intellectu
817 2567 1017 2634 cordis,
1039 2569 1200 2639 recipi
1242 2571 1438 2624 debere
1467 2585 1585 2639 quae
1618 2571 1758 2626 dicta
1791 2585 1948 2627 sunt:

385 2655 542 2724 (quid
585 2658 727 2710 enim
759 2657 873 2727 (75)
906 2661 1128 2727 prodest
1165 2661 1352 2716 audire
1381 2677 1700 2723 sermonem,
1756 2664 1800 2718 si
1844 2679 1950 2718 non

385 2747 696 2801 retineatur
713 2759 768 2803 et
787 2758 1035 2802 servetur
1051 2749 1102 2802 iu
1123 2749 1341 2818 corde?)
1358 2748 1732 2804 idcircoanres
1756 2751 1822 2804 ab
1853 2766 1950 2803 au-

380 2836 651 2896 (litoribus
673 2841 1021 2913 exposcebat.
1045 2840 1158 2897 Iloc
1190 2857 1318 2913 ergo
1338 2843 1500 2897 etiam
1537 2857 1699 2907 nunc,
1724 2843 1805 2897 vel
1828 2859 1947 2896 cum

385 2931 682 3003 Scriptura:
713 2934 767 2989 in
790 2933 1020 2988 ecclesia
1069 2934 1338 3005 leguntur,
1374 2935 1456 2989 vel
1495 2951 1616 2990 cum
1647 2952 1824 2992 sermo
1851 2951 1952 2991 ex-

385 3024 715 3095 planationis
748 3026 1026 3095 profertur
1054 3028 1120 3082 ad
1143 3028 1415 3097 populum,
1444 3027 1738 3099 Scriptura:
1769 3040 1950 3084 aucto-

385 3117 603 3172 ritatem
634 3129 928 3188 sequentes
957 3119 1206 3182 dicimus,
1228 3117 1423 3176 Videte
1456 3135 1524 3176 ne
1561 3122 1805 3192 legantur
1823 3122 1947 3191 qui-

383 3209 506 3264 dem
535 3210 601 3264 ab
638 3209 764 3266 Jesu
803 3213 966 3265 verba
991 3211 1142 3281 legis,
1175 3213 1270 3266 sed
1297 3213 1708 3282 quamplurimis
1736 3229 1838 3268 non
1872 3214 1951 3267 le-

383 3315 580 3373 gantur
611 3319 627 3370 ;
657 3305 784 3374 quia
803 3304 963 3358 'Jesns
989 3304 1096 3359 illis
1136 3303 1264 3373 legit
1314 3304 1505 3374 legem,
1535 3305 1629 3374 qui
1667 3319 1824 3359 aures
1850 3306 1950 3360 ha-

387 3394 892 3450 buerintaudiendi.
923 3396 1028 3451 Sed
1045 3398 1260 3467 etquod
1293 3398 1541 3468 adjunxit
1561 3399 1628 3452 ad
1654 3397 1949 3452 Ecclesiam

387 3485 599 3540 Domini
627 3488 790 3544 etiam
813 3489 1086 3556 mulieres,
1117 3499 1172 3544 et
1200 3489 1451 3554 infantes,
1477 3503 1531 3545 et
1554 3490 1874 3560 proselytos.
1905 3491 1950 3544 si

388 3578 607 3646 quidem
641 3579 935 3648 separatim
968 3580 1330 3650 intelligamus
1361 3581 1612 3635 mulieres
1638 3587 1692 3635 et
1724 3580 1954 3634 infantes

385 3680 440 3723 et
463 3669 785 3740 proselytos,
818 3681 872 3725 et
915 3687 1007 3726 eos
1033 3673 1180 3725 velut
1208 3671 1477 3740 sequelam
1507 3672 1798 3742 quamdam
1830 3671 1976 3726 esse'

384 3759 685 3814 sentiamus
727 3759 1012 3823 Ecclesiae,
1061 3761 1316 3830 quoniam
1369 3779 1390 3812 ι
1448 3762 1502 3815 ἰιι
1547 3762 1708 3816 domo
1763 3776 1952 3832 magna

382 3861 490 3902 non
526 3859 652 3902 sunt
688 3850 1056 3904 tantummodo
1091 3866 1211 3905 vasa
1248 3866 1408 3905 aurea
1453 3863 1506 3906 et
1553 3861 1829 3921 argentea,
1863 3855 1954 3906 sed

383 3947 442 3992 et
472 3939 646 4008 lignea
679 3951 733 3994 et
765 3941 950 3995 fictilia
983 3942 1050 4006 ",
1080 3959 1100 3994 ι
1131 3942 1364 3997 dicimus
1387 3943 1518 3997 viris
1548 3945 1764 4012 quidem
1797 3940 1954 3996 I'orti-

381 4031 486 4087 bus
522 4031 713 4089 fortem
757 4036 892 4089 tradi
937 4036 1136 4102 cibum,
1188 4036 1292 4090 illis
1346 4036 1613 4104 videlicet,
1651 4039 1718 4092 de
1762 4038 1958 4108 quibus

382 4122 675 4190 Apostolus
703 4125 836 4180 dicit
858 4126 900 4158 ¹⁸
934 4142 950 4181 :
989 4145 1008 4181 σ
1045 4125 1415 4182 Perfeclorum
1437 4135 1616 4181 autem
1643 4137 1726 4183 est
1754 4127 1958 4182 solidus

385 4215 559 4280 cibus,
591 4235 612 4267 ι
644 4231 705 4270 ex
749 4218 944 4286 quibus
994 4218 1110 4286 ipse
1154 4219 1258 4272 sibi
1309 4229 1573 4286 praeparat
1610 4237 1628 4272 ι
1661 4220 1957 4274 Ecclesiam

385 4322 491 4360 non
554 4308 846 4363 habentem
903 4311 1193 4378 maculam,
1224 4319 1318 4364 aut
1368 4326 1574 4380 rugam,
1617 4320 1710 4365 aut
1758 4310 1958 4380 aliquid

2053 1837 2171 1887 vos,
2198 1823 2452 1890 infantes,
2484 1826 2648 1881 nolite
2669 1831 2815 1897 pueri
2840 1831 2974 1887 cﬂici
2998 1835 3268 1902 sensibus,
3298 1837 3390 1892 sed
3417 1839 3616 1895 malitia

2053 1914 2259 1983 parvuli
2292 1925 2486 1983 estote,
2513 1918 2760 1973 sensibus
2797 1935 2977 1977 autem
3007 1934 3182 1979 estote
3216 1926 3460 1994 perfecti,
3482 1931 3620 1984 sicut

2053 2019 2106 2063 et
2155 2009 2444 2078 Apostolus
2487 2011 2553 2064 ad
2603 2011 2856 2067 Hebraros
2893 2015 3021 2069 dicit
3053 2017 3140 2070 υτ
3177 2036 3196 2070 ι
3237 2018 3620 2089 Relinquentes

2053 2101 2435 2171 principiorum
2467 2101 2665 2157 Christi
2713 2118 3015 2160 sermonem
3046 2107 3205 2180 (78‘),
3241 2111 3308 2164 ad
3334 2112 3620 2180 perfectio-

2055 2206 2174 2246 nem
2203 2192 2463 2247 feramur.
2505 2213 2525 2246 ι
2558 2193 2664 2249 Sed
2695 2205 2748 2249 et
2780 2211 2897 2261 vos,
2932 2199 3022 2267 qui
3068 2202 3167 2256 sub
3209 2204 3486 2257 mulierum
3515 2218 3618 2276 ap-

2054 2286 2340 2351 pellatione
2367 2284 2566 2339 infirmi
2614 2295 2669 2341 et
2713 2288 2922 2344 remissi
2950 2298 3004 2344 et
3035 2289 3270 2362 languidi
3299 2295 3448 2358 estis,
3471 2311 3620 2350 com-

2054 2378 2370 2443 monemini,
2410 2386 2468 2431 ut
2515 2379 2771 2434 remissas
2806 2395 3000 2435 manus
3051 2390 3105 2438 et
3157 2383 3417 2439 dissoluta
3447 2401 3619 2453 genua

2051 2473 2289 2542 erigatis,
2343 2471 2396 2526 id
2442 2477 2545 2532 est,
2591 2479 2649 2524 ut
2695 2471 3026 2541 negligentes
3059 2484 3114 2528 et
3155 2474 3366 2531 desides
3410 2479 3621 2538 animos:

2052 2564 2342 2630 suscitetis,
2377 2575 2431 2620 et
2457 2566 2669 2622 virilem
2703 2568 3058 2622 constantiam
3087 2569 3140 2624 in
3171 2571 3449 2640 ekplendis
3479 2589 3619 2644 pras-

2052 2657 2222 2725 ceptis
2250 2656 2508 2726 legalibus
2549 2658 2603 2712 et
2651 2657 2982 2726 evangelicis
3012 2664 3320 2726 assumatis,
3349 2673 3513 2733 atque
3553 2669 3622 2722 ad

2053 2748 2294 2802 virorum
2327 2748 2547 2802 fortium
2581 2747 2964 2817 perfectionem
3010 2751 3262 2806 celeriter
3301 2757 3621 2825 properetis.

2053 2837 2170 2893 Non
2201 2840 2344 2893 enim
2384 2844 2537 2896 novit
2574 2839 2857 2908 Scriptura
2889 2840 3069 2895 divina
3103 2846 3393 2899 secundum
3435 2863 3622 2903 sexum

2052 2933 2450 3000 separationem
2480 2932 2720 2987 virorum
2757 2948 2823 2989 ac
2858 2933 3140 2988 mulierum
3179 2934 3376 2992 facere.
3408 2939 3620 2995 Etenim

2053 3023 2192 3092 apud
2227 3020 2393 3076 Deum
2423 3037 2585 3077 sexus
2614 3024 2755 3077 nulla
2787 3024 3040 3078 discretio
3063 3036 3168 3090 est,
3199 3028 3291 3081 sed
3329 3042 3425 3095 pro
3454 3031 3622 3084 animi

2051 3113 2365 3169 diversitate
2411 3115 2492 3170 vel
2535 3114 2637 3181 vir,
2674 3114 2759 3170 vel
2813 3115 3006 3168 mulier
3028 3117 3357 3183 designatur.
3399 3119 3623 3186 Quanta:

2054 3223 2119 3262 ex
2173 3208 2462 3262 mulierum
2517 3223 2648 3263 sexu
2704 3209 2843 3277 apud
2890 3209 3056 3262 Deum
3111 3209 3164 3264 in
3215 3212 3345 3265 viris
3391 3212 3625 3270 fortibus

2053 3299 2446 3362 numerantur?
2489 3307 2542 3352 et
2573 3300 2762 3369 quanti
2807 3313 2872 3354 ex
2921 3299 3054 3354 viris
3087 3301 3227 3354 inter
3274 3303 3526 3358 remissas
3568 3317 3626 3361 et

2050 3391 2332 3462 languidas
2399 3391 2650 3446 mulieres
2714 3401 3030 3461 reputantur
3086 3393 3239 3464 (79)?
3307 3394 3503 3452 Annon
3527 3396 3623 3453 tibi

2051 3483 2269 3537 videtur
2312 3483 2454 3536 inter
2510 3482 2766 3538 mulieres
2810 3484 3201 3538 existimandus
3253 3484 3342 3539 ille
3392 3489 3475 3542 vir
3529 3489 3622 3560 qui

2052 3572 2183 3626 dicit
2223 3588 2236 3625 :
2282 3570 2396 3626 Non
2442 3586 2656 3640 possum
2721 3573 3014 3627 observare
3067 3587 3187 3640 quae
3234 3575 3430 3645 scripta
3474 3589 3622 3644 sunt,

2053 3663 2290 3718 vendere
2336 3677 2455 3733 quae
2496 3664 2669 3717 habeo
2709 3673 2764 3718 et
2803 3665 2933 3718 dare
2985 3665 3308 3733 pauperibus
3359 3682 3462 3722 non
3494 3684 3622 3739 pos-

2056 3769 2199 3818 sum,
2249 3755 2570 3824 percutienti
2633 3755 2904 3808 maxillam
2944 3755 3183 3824 prtebere
3232 3757 3456 3818 alteram
3518 3776 3622 3816 non

2057 3857 2308 3912 possum,
2375 3843 2784 3899 maledicentem
2839 3846 3160 3903 benedicere
3202 3863 3309 3904 non
3372 3863 3620 3920 possum",

2057 3934 2458 4004 blasphematus
2494 3935 2771 4004 deprecari
2799 3949 2901 3990 non
2933 3951 3170 4006 possum,
3193 3942 3620 4008 persecutionem

2055 4034 2163 4098 pati
2193 4037 2247 4082 et
2290 4029 2554 4083 sustinere
2596 4044 2700 4082 non
2740 4031 2993 4097 possum?
3020 4029 3224 4087 Caetera
3271 4035 3464 4089 similia
3503 4049 3622 4106 qua:

2057 4120 2381 4172 mandantur
2407 4119 2498 4187 qui
2530 4119 2660 4173 dicit
2691 4119 2915 4190 implere
2950 4135 3053 4176 non
3097 4139 3334 4192 possum,
3361 4127 3488 4193 quid
3524 4127 3620 4181 tibi

2058 4209 2271 4263 videtur
2297 4208 2440 4263 aliud
2485 4224 2646 4280 quam
2677 4211 2819 4264 inter
2844 4211 3120 4278 mulieres,
3144 4227 3263 4282 qua:
3308 4214 3444 4269 nihil
3469 4217 3622 4274 virile

2059 4308 2306 4368 possunt,
2335 4313 2456 4353 esse
2491 4301 2899 4357 numerandus?

385 4397 578 4454 borum
610 4401 685 4468 ¹⁹;
717 4419 735 4452 ι
760 4416 853 4456 eos
879 4417 1010 4457 vero
1032 4417 1166 4470 quos
1198 4403 1505 4467 mulierum,
1534 4402 1617 4457 vel
1649 4401 1952 4470 infantium,

2131 4389 2218 4445 I0.
2249 4389 2356 4445 Sed
2397 4389 2673 4444 videamus
2719 4392 2848 4460 quid
2893 4401 3015 4461 post
3058 4393 3173 4448 haec
3205 4394 3464 4465 scriptum
3495 4407 3620 4454 est:

384 4492 469 4545 vel
503 4496 894 4564 proselytorum
920 4494 1082 4566 422
1117 4495 1477 4565 appellatione
1517 4493 1773 4559 secernit,
1797 4493 1956 4547 intel-

386 4582 618 4652 ligamus
648 4587 759 4658 (74)
790 4587 908 4642 illos
930 4602 1074 4652 esse,
1099 4589 1188 4657 qui
1217 4590 1392 4642 adhuc
1419 4587 1557 4641 lacte
1577 4587 1840 4656 indigent,
1864 4597 1958 4640 aut

387 4677 555 4732 etiam
586 4678 732 4732 velut
759 4678 979 4741 infirmi,
1015 4689 1075 4733 ut
1108 4688 1234 4734 sunt
1280 4679 1560 4744 mulieres,
1598 4677 1837 4734 oleribus
1868 4691 1960 4732 ve-

389 4778 614 4823 scuntur
640 4769 709 4822 ’°.
736 4769 792 4824 Si
833 4784 960 4824 vero
990 4769 1146 4825 simul
1181 4769 1293 4840 (75)
1324 4770 1499 4825 omnis
1528 4769 1824 4838 accipiatur
1852 4768 1959 4822 Ec-

393 4861 584 4927 clesia,
615 4861 718 4916 viri
748 4862 965 4932 quidem
993 4863 1364 4932 intelliguntur
1387 4862 1485 4929 illi,
1515 4857 1607 4932 qui
1633 4861 1684 4914 in
1710 4861 1962 4915 omnibus

2068 4502 2085 4535 ι
2124 4485 2189 4538 Ει
2221 4485 2527 4552 audierunt,
2552 4485 2727 4554 inquit
2754 4485 2820 4550 ³³,
2852 4499 3038 4540 omnes
3086 4501 3240 4556 reges
3275 4489 3623 4546 Amorrhaao—

2063 4590 2201 4640 rum,
2228 4583 2282 4631 et
2305 4576 2395 4644 qui
2430 4587 2581 4632 trans
2607 4575 2919 4639 Jordanem,
2945 4585 2999 4629 et
3039 4578 3128 4646 qui
3159 4579 3211 4631 in
3253 4581 3540 4644 montanis,
3570 4589 3627 4636 et

2056 4669 2145 4736 qui
2182 4669 2234 4721 in
2269 4668 2491 4736 campis,
2515 4675 2572 4722 et
2591 4668 2679 4737 qui
2713 4680 2875 4736 super
2897 4680 2994 4720 ora
3023 4669 3187 4722 maris
3212 4669 3408 4740 magni,
3433 4680 3489 4725 et
3523 4673 3621 4742 qui

2057 4769 2214 4816 erant
2244 4760 2297 4814 in
2347 4760 2691 4824 Antilibano,
2734 4768 2790 4813 et
2837 4759 3060 4824 Cetbaai,
3109 4771 3164 4814 et
3210 4760 3530 4829 Amorrhaei,
3569 4774 3624 4820 et

2057 4853 2366 4916 Chananaei,
2397 4861 2454 4908 et
2478 4851 2773 4918 Pherezaai,
2796 4859 2852 4907 et
2876 4845 3040 4917 Evaei,
3067 4859 3122 4908 et
3150 4852 3425 4925 Gergesei,
3454 4866 3510 4912 et
3534 4856 3626 4913 .le-

465 5003 508 5035 “
539 5004 652 5059 .Ios.
680 5022 800 5068 vtu,
834 5005 923 5061 55.
1001 5001 1047 5037 ¹δ
1079 5006 1206 5060 ibid.
1287 5007 1329 5038 “
1348 5005 1530 5059 Matth.-
1557 5021 1672 5068 xm,
1693 5005 1747 5059 9.
1825 5001 1867 5034 ¹¹¹
1895 4999 2091 5068 ιΙΤίηι.
2117 4997 2287 5062 ",20.
2363 4994 2407 5068 ¹Ᾱ⁸
2426 4995 2590 5053 Hebr.
2605 5011 2658 5062 v,
2684 4995 2772 5050 M.
2848 4992 2891 5025 "
2918 4989 3116 5063 Ephes.
3141 4993 3298 5058 v,27.
3377 4994 3424 5026 ³⁸
3451 4994 3469 5048 l
3495 4995 3623 5051 Cor.

394 5085 534 5130 met
566 5047 731 5131 Rom:
757 5047 868 5132 ιἰν.
946 5077 988 5108 ’⁸
1021 5077 1042 5130 I
1070 5076 1196 5131 Cor.
1227 5092 1300 5140 xl,
1324 5077 1378 5130 5.
1452 5047 1679 5130 ²¹ΙΙθὺιοί
1707 5089 1781 5140 vt,
1819 5074 1870 5127 ‘I.
1943 5067 1953 5101 ¹

465 5212 577 5283 (³η)
603 5211 755 5280 Mss.,
790 5232 809 5265 ι
846 5212 1063 5267 indicet.
1101 5231 1120 5264 ι
1148 5211 1542 5283 Libl).editi,_¢
1579 5210 1730 5283 dicit.
1766 5229 1786 5261 ι

465 5277 576 5354 (73)
601 5277 750 5354 illas;
776 5303 795 5335 ι
827 5283 1144 5354 (ιυὶἀίθιιίηι.
1167 5301 1184 5333 ο
1207 5281 1529 5354 Ιιὶωμρᾴἱιὶ,
1558 5282 1731 5354 ςηυὶει
1755 5277 1951 5354 nihil.)

468 5282 555 5354 ('73
601 5283 747 5348 lllss.,
776 5303 795 5335 ι
827 5283 953 5353 quid
979 5285 1144 5337 enim.
1167 5301 1184 5333 ο
1207 5282 1358 5335 Libh.
1380 5282 1529 5346 editi,
1558 5300 1576 5331 ι
1608 5282 1731 5350 quia
1755 5282 1951 5361 nihil.)

468 5282 580 5425 (74;
613 5353 764 5419 Mss.,
792 5372 812 5406 ι
854 5353 1234 5424 intelligamus.
1269 5371 1287 5402 ›
1319 5350 1471 5406 Libb.
1515 5351 1669 5414 editi,
1705 5368 1724 5401 ί
1762 5348 1958 5404 Intelli-

435 5442 590 5477 IIIIIIS.
627 5442 646 5474 ι

398 5439 590 5564 sugg)-
626 5442 782 5548 tibi).
824 5492 1041 5564 editi,_c
1082 5491 1266 5564 simul.
1301 5509 1320 5542 ι
1354 5491 1519 5564 Unus
1553 5493 1721 5564 codex
1772 5488 1960 5544 Ebroi-

401 5561 600 5627 censis,
635 5583 653 5614 ‹
693 5565 746 5617 in
781 5563 904 5617 illis.
947 5581 964 5613 ι
999 5561 1213 5631 Reliqui
1243 5577 1393 5624 mss.,
1425 5580 1444 5612 ι
1479 5561 1690 5631 similis.
1727 5579 1746 5612 ›

471 5634 589 5706 ('16),
614 5634 798 5688 Codex
854 5629 1233 5703 Sangerman.,
1277 5650 1296 5684 ι
1333 5633 1497 5688 viros.
1545 5649 1565 5684 ι
1599 5630 1753 5688 Libb.
1806 5629 1958 5696 editi,

407 5722 427 5758 ι
471 5705 744 5761 meliores.
777 5721 797 5755 ι

2132 5203 2243 5279 (77)
2266 5205 2467 5262 Omnes
2489 5219 2646 5272 mss.,
2679 5222 2698 5256 ‹
2732 5211 2998 5273 suscepta.
3032 5219 3050 5254 ι
3077 5202 3230 5260 Libb.
3266 5203 3419 5270 editi,
3445 5220 3465 5254 ι
3505 5217 3624 5258 sus-

2095 5279 2224 5332 eoti.
2264 5296 2283 5327 ι

2062 5294 2460 5418 οθῖἕιέίϐοόθχ
2489 5346 2842 5418 Sangerman.
2863 5383 2878 5408 ,
2919 5362 2940 5418 t
2971 5343 3227 5398 secernit.
3263 5362 3282 5394 ι
3313 5341 3446 5418 Ibid.
3489 5341 3622 5398 libb.

2064 5413 2397 5482 antea'editi,
2437 5435 2456 5468 ι
2489 5413 2624 5471 ἔθεθ’
2647 5413 2800 5468 nobis
2832 5415 3188 5469 recitante...
3233 5413 3487 5470 cordibus
3528 5425 3624 5470 no-

2065 5490 2212 5552 stris,
2253 5506 2272 5538 ›
2299 5489 2392 5542 sed
2424 5501 2611 5541 omnes
2645 5498 2773 5537 mss.
2805 5494 2863 5536 ut
2896 5486 2950 5538 in
2983 5493 3167 5538 nostro
3199 5492 3350 5540 textu

2136 5558 2472 5628 (78')ACodex
2498 5557 2809 5625 Sangerm.,
2837 5573 2855 5604 ‹
2886 5563 3180 5610 sermones.
3217 5568 3239 5604 ι

2139 5621 2261 5700 (79).
2278 5626 2444 5692 Idem,
2475 5639 2494 5678 t
2526 5621 2872 5696 deputantur.
2907 5638 2928 5675 β
