4050 6148
440 203 550 258 879

1883 193 2200 252 ORIGENIS

3560 201 3659 257 830

443 321 632 386 bustei,
669 330 722 376 et
757 328 1120 376 convenerunt
1180 318 1232 371 iu
1291 334 1486 385 unum,
1529 327 1584 371 ttt
1637 328 2008 388 expugnarent
2036 321 2082 379 Α
2114 317 2380 388 quomodo
2429 317 2555 388 ligni
2598 333 2827 373 cmsores
2852 357 2866 380 ,
2894 315 2978 372 vel
3033 331 3181 387 aqua:
3220 324 3510 387 gestatores
3541 315 3663 370 ﬁant

440 414 626 475 Iesum
671 426 726 470 et
756 413 916 469 Israel
947 411 1126 466 simul.
1164 431 1181 463 ι
1213 409 1449 466 Historia
1505 427 1681 465 rerum
1731 420 2004 482 gestarum

443 508 725 563 manifesta
744 514 845 570 est,
871 518 972 558 nec
998 503 1376 571 explanatione
1398 503 1598 572 indiget
1617 503 1759 572 quod
1787 502 2006 557 eviden-

445 609 527 654 ter
555 599 820 667 expletum
851 603 935 649 est
964 611 978 660 ;
1007 609 1072 648 ex
1107 594 1170 648 iis
1220 604 1394 648 tamen
1429 609 1548 663 quae
1579 603 1728 665 gesta
1762 603 1886 649 sunt
1921 594 2005 647 vi-

442 691 707 754 sibilibus,
752 690 917 744 nostri
969 688 1179 744 Domini
1232 686 1358 741 Iesu
1407 687 1700 742 Salvatoris
1744 685 1881 742 bella
1941 700 2006 739 ac

443 783 745 852 triumphos
799 797 934 851 quas
989 782 1191 851 egerit,
1253 778 1702 846 contemplemur,
1757 777 2004 846 quamvis

439 877 599 929 etiam
659 875 712 928 in
770 874 886 942 ipso
945 873 1058 928 haee
1110 873 1399 926 visiltiliter
1445 885 1727 925 cernamus
1771 869 2001 939 expleta.

439 965 820 1020 Convenerunt
844 963 986 1017 enim
1017 978 1169 1033 reges
1194 971 1371 1025 terra,
1401 970 1642 1027 senatus,
1672 960 2004 1029 populusque

436 1068 492 1112 et
523 1055 797 1125 principes
842 1053 1090 1117 Romani,
1128 1062 1185 1106 ut
1238 1059 1607 1122 expugnarent
1639 1064 1832 1104 nomen
1874 1049 2001 1105 Iesu

436 1159 487 1203 et
521 1147 688 1202 Israel
719 1145 899 1202 simul.
953 1144 1315 1199 Decreverunt
1353 1144 1496 1196 enim
1530 1141 1734 1212 legibus
1773 1143 1909 1205 suis,
1945 1151 2002 1195 ut

436 1254 543 1294 non
567 1239 675 1292 sint
735 1235 1049 1291 Christiani.
1103 1234 1291 1288 Omnis
1353 1233 1566 1299 civitas,
1637 1231 1814 1286 omnis
1865 1233 1999 1286 ordo

435 1329 864 1384 Christianorum
891 1341 1085 1380 nomen
1110 1325 1405 1395 impugnat.
1430 1325 1533 1378 Sed
1565 1325 1705 1378 sicut
1736 1331 1860 1377 tunc
1883 1338 2001 1376 om-

433 1436 534 1476 nes
568 1420 641 1472 illi
678 1432 830 1488 reges
856 1417 1242 1472 convenientes
1291 1408 1698 1470 contra'Jesum
1749 1413 1881 1468 nihil
1915 1411 1997 1466 fa-

434 1526 558 1566 cere
588 1517 901 1580 potuerunt,
930 1508 1001 1562 ita
1036 1505 1146 1577 (80)
1173 1505 1256 1560 vel
1284 1505 1554 1574 principes
1583 1503 1671 1557 vel
1705 1511 1999 1572 potestates

436 1609 553 1664 ista:
579 1606 885 1672 contrariae,
922 1614 982 1658 ut
1026 1617 1129 1656 non
1161 1599 1590 1656 Christianorum
1623 1613 1790 1668 genus
1837 1596 1998 1651 latius

2119 419 2174 463 et
2222 410 2648 464 condemnentur
2691 410 2826 481 (81)
2885 412 2948 464 ad
2986 409 3298 478 obsequium
3349 411 3562 480 pepuli,
3611 419 3663 464 et

2117 500 2304 555 altaris
2333 501 2422 555 Dei
2459 502 2842 565 ministerium,
2873 501 3128 572 quoniam
3156 501 3374 570 quidem
3401 515 3520 555 cum
3550 499 3663 558 dolo

2111 600 2166 645 et
2210 591 2508 647 calliditate
2562 601 2911 648 accesserunt
2954 593 3020 646 ad
3073 591 3211 646 ﬁlios
3250 591 3436 654 Israel,
3477 592 3662 659 pannis

2113 682 2601 753 calceamentisque
2632 684 2904 739 veteribus
2946 684 3150 749 induti,
3185 694 3241 738 et
3264 684 3445 738 cibum
3475 684 3662 739 vetusti

2111 775 2265 844 panis
2291 775 2552 830 ferentes.
2588 777 2677 832 Isti
2696 791 2826 848 ergo
2853 778 3077 831 veniunt
3105 777 3169 831 ad
3199 775 3382 831 Iesum
3414 785 3534 830 cum
3556 791 3663 830 om-

2111 868 2268 922 nibus
2302 870 2661 924 vetustatibus
2687 870 2799 925 suis
2819 911 2833 935 ,
2859 881 2914 924 et
2945 878 3104 924 orant
3136 870 3205 924 ab
3237 883 3304 923 eo
3339 871 3439 923 hoc
3469 878 3663 924 tantum

2111 970 2168 1012 ut
2216 959 2512 1014 salventttr.
2545 960 2600 1014 In
2649 976 2876 1030 quorum
2925 961 3095 1032 ﬁgura
3143 960 3246 1014 tale
3288 959 3420 1014 mihi
3472 959 3662 1029 aliquid

2108 1051 2321 1106 videtur
2342 1054 2574 1107 ostendi.
2617 1051 2754 1108 Sunt
2783 1053 3000 1121 quidam
3031 1055 3083 1108 in
3117 1053 3358 1107 Ecclesia
3391 1054 3664 1106 credentes

2108 1143 2323 1212 quidem
2352 1153 2406 1198 et
2435 1144 2695 1198 habentes
2725 1144 2881 1198 ﬁdem
2917 1145 2968 1197 in
2999 1145 3189 1208 Deum,
3223 1152 3277 1196 ct
3324 1142 3664 1210 acquiesceu-

2111 1243 2189 1289 tes
2215 1234 2331 1305 (85)
2368 1235 2618 1289 omnibus
2666 1234 2865 1290 divinis
2908 1245 3197 1306 praeceptts
3239 1233 3488 1304 :quique
3513 1234 3663 1288 etiam

2106 1339 2234 1393 erga
2259 1339 2446 1381 servos
2469 1325 2560 1381 Dei
2593 1325 2824 1396 religiosi
2847 1337 2992 1392 sunt,
3018 1337 3071 1381 et
3099 1327 3302 1380 servire
3326 1327 3406 1380 eis
3429 1327 3661 1396 cupiunt,

2105 1419 2197 1473 sed
2223 1429 2278 1474 et
2315 1421 2381 1474 ad
2412 1431 2661 1474 ornatum
2690 1420 2973 1485 Ecclesize,
3013 1421 3101 1475 vel
3142 1421 3504 1475 ministerium
3543 1421 3666 1476 satis

2106 1511 2335 1580 prompti
2368 1513 2648 1582 paratique
2677 1522 2827 1578 sunt,
2856 1513 2908 1566 in
2937 1513 3148 1568 actibus
3162 1527 3293 1568 vero
3317 1513 3430 1569 suis
3458 1523 3511 1568 et
3541 1526 3667 1567 con-

2103 1600 2412 1655 versatione
2442 1601 2657 1670 propria
2680 1642 2695 1667 ,
2725 1601 3150 1657 obscenitatihus
3189 1611 3244 1657 et
3274 1603 3421 1657 vitiis
3445 1601 3564 1673 (86)
3589 1609 3667 1656 “tn-

434 1715 497 1754 ac
521 1697 790 1767 profusius
815 1707 1138 1766 propagetur
1159 1694 1290 1768 (81),
1320 1693 1568 1748 obtinere
1589 1705 1693 1746 non
1717 1689 1994 1745 valebunt.
2029 1681 2071 1736 Β
2102 1693 2286 1754 voluti,
2333 1708 2432 1748 nec
2465 1694 2687 1748 omnino
2722 1696 3057 1764 deponentes
3103 1706 3340 1750 veterem
3391 1694 3663 1750 hominem

435 1789 707 1856 Scriptum
757 1803 989 1857 namque
1019 1799 1100 1842 est
1131 1788 1200 1851 ἰ,
1231 1786 1358 1855 quia
1396 1803 1414 1836 ι
1456 1792 1661 1853 quanto
1705 1781 1873 1852 magis
1905 1795 1998 1835 eos

435 1880 810 1942 humiliabant,
863 1887 1011 1932 tanto
1061 1878 1227 1947 magis
1280 1876 1461 1945 plures
1503 1875 1724 1937 ﬁebant,
1759 1882 1813 1928 et
1847 1873 1997 1926 iuva-

433 1973 708 2029 lescehant
746 1972 920 2027 valde.
961 1992 980 2024 ι
1007 1971 1337 2027 Conﬁdimus
1374 1979 1576 2034 autem,
1612 1969 1734 2038 quia
1770 1983 1874 2024 non
1908 1982 1998 2022 so-

433 2078 542 2119 ιιιιιι
575 2079 678 2119 non
709 2079 807 2119 nos
834 2072 1087 2134 poterunt
1117 2063 1367 2118 obtinere
1413 2059 1654 2115 visibiles
1690 2059 1914 2120 inimici,
1945 2066 2000 2112 et

432 2157 726 2213 adversarii
759 2156 952 2219 nostri,
989 2169 1175 2211 verum
1222 2153 1387 2208 etiam
1432 2151 1692 2207 velociter
1733 2149 1859 2205 Jesu
1891 2149 1997 2204 Do—

434 2249 580 2303 mino
623 2257 806 2302 nostro
833 2247 1080 2302 vincente
1109 2253 1416 2300 conteretur
1447 2243 1684 2299 Satanas
1715 2244 1816 2299 sub
1847 2243 1997 2313 pedi-

429 2339 532 2396 bus
557 2355 834 2395 servorum
864 2337 999 2407 ejus.
1031 2337 1123 2392 Illo
1149 2339 1348 2393 etenim
1373 2337 1511 2391 duce
1535 2349 1748 2404 semper
1781 2335 1999 2389 vincent

433 2432 628 2486 milites
659 2429 766 2498 sui,
799 2431 869 2483 ita
923 2439 981 2482 ut
1028 2439 1084 2485 et
1125 2445 1225 2484 nos
1279 2429 1521 2483 dicamus
1569 2428 1707 2483 sicut
1737 2427 1788 2480 in
1827 2427 1997 2480 Esdra

431 2525 690 2592 scriptum
723 2529 806 2577 est
828 2523 895 2582 ’⁵.
924 2522 1046 2590 quia
1084 2539 1103 2572 ι
1138 2537 1166 2574 a
1213 2529 1285 2585 te,
1322 2519 1566 2584 Domine,
1621 2527 1705 2572 est
1748 2517 1994 2581 victoria,

431 2625 490 2672 et
517 2631 614 2686 ego
645 2629 835 2670 servus
867 2626 1010 2679 tuus,
1039 2613 1352 2668 benedictus
1383 2627 1464 2674 es,
1499 2611 1639 2666 Deus
1666 2609 1934 2665 veritatis.
1971 2627 1990 2660 ι

430 2710 599 2776 Quem
628 2723 841 2776 semper
869 2719 922 2762 et
950 2723 1048 2763 nos
1076 2708 1406 2771 invocemus,
1439 2715 1498 2760 ttt
1529 2708 1615 2761 det
1643 2706 1799 2760 nobis
1827 2706 1996 2759 victo-

431 2801 567 2854 riam
604 2800 655 2855 in
686 2799 904 2855 Christo
939 2797 1062 2853 Jcsu
1095 2798 1318 2852 Domino
1354 2808 1561 2860 nostro,
1594 2797 1680 2850 cui
1721 2807 1803 2852 est
1825 2795 1994 2867 gloria

431 2901 487 2946 et
518 2892 799 2962 imperium
830 2891 883 2944 in
914 2887 1103 2943 saecula
1136 2888 1474 2942 saeculorum.
1507 2894 1700 2942 Amen.

1019 2997 1295 3054 IIOMILIA
1335 2997 1402 3051 Χ.

434 3088 512 3151 De
562 3093 683 3147 dolo
727 3091 1164 3155 Gabaonitarum,
1207 3091 1298 3144 ubi
1339 3091 1517 3144 dicunt
1556 3106 1574 3143 :
1617 3108 1636 3142 ι
1689 3088 1992 3142 Audiuimus

499 3172 697 3287 ianum
751 3165 872 3231 jecit
916 3162 1172 3215 Dominus
1233 3160 1497 3215 uobiscum
1550 3176 1640 3230 per
1697 3176 1838 3212 mare
1889 3157 1996 3211 Ru-

539 3249 674 3286 rum.
721 3251 739 3283 ι

504 3341 556 3399 1.
624 3361 644 3394 ι
715 3343 772 3396 ιιι
825 3344 986 3397 domo
1044 3341 1224 3396 Patris
1282 3342 1384 3396 mei
1452 3341 1760 3394 mansiones
1817 3339 1995 3396 multa:

432 3445 577 3497 sunt,
612 3453 632 3487 ι
668 3435 800 3489 dicit
825 3433 1060 3488 Verbum
1091 3433 1182 3486 Dei
1208 3433 1275 3486 ³⁸.
1299 3433 1404 3487 Sed
1429 3442 1483 3486 et
1504 3432 1829 3488 resurrectio
1859 3447 1996 3486 tuor-

431 3535 648 3582 tuorum
679 3543 784 3580 non
811 3525 1026 3581 habebit
1048 3525 1306 3595 aequalem
1332 3527 1722 3594 resurgentium
1743 3525 1991 3594 gloriam,

431 3620 524 3676 sed
557 3637 575 3669 ι
606 3619 710 3673 alia
739 3618 1302 3686 carovolucrum,alia
1314 3632 1572 3689 pecorum
1587 3616 1839 3689 (82),alia
1866 3633 1994 3674 vero

430 3709 690 3780 piscium;
729 3719 786 3763 et
807 3724 1035 3779 corpora
1063 3709 1324 3776 coelestia,
1351 3717 1406 3764 et
1441 3723 1665 3776 corpora
1689 3711 1992 3775 terrestria,

431 3802 526 3857 sed
557 3800 660 3855 alia
690 3802 904 3869 quidem
936 3801 1234 3857 caelestium
1263 3801 1458 3872 gloria,
1506 3801 1608 3856 alia
1653 3817 1783 3857 vero
1826 3811 1996 3857 terre-

430 3893 638 3947 strium.
673 3892 787 3945 Alia
818 3891 984 3961 gloria
1014 3893 1167 3955 solis,
1194 3893 1296 3946 alia
1325 3892 1491 3963 gloria
1515 3893 1674 3959 luna),
1703 3893 1802 3947 alia
1826 3893 1993 3964 gloria

429 3981 729 4037 stellarum.
772 3981 936 4036 Stella
977 3983 1044 4039 ab
1078 3986 1230 4039 stella
1271 3985 1450 4039 diﬁ'ert
1485 3986 1538 4038 in
1573 3984 1775 4053 gloria,
1815 3986 1888 4040 ita
1937 3995 1994 4040 et

429 4074 756 4129 resurrectio
787 4085 1120 4128 mortuorum
1152 4075 1220 4133 "’.
1256 4094 1275 4127 ι
1300 4075 1481 4130 Multae
1518 4091 1647 4146 ergo
1677 4091 1863 4130 eorum
1900 4075 1992 4146 qui

428 4168 495 4221 ad
519 4168 746 4223 salutem
771 4168 992 4222 veniunt
1020 4167 1334 4223 diiIerentize
1362 4169 1737 4240 designantur.
1765 4169 1919 4224 Unde
1941 4180 1996 4224 et

428 4274 573 4314 nunc
593 4258 920 4314 Gabaonitas
946 4259 1096 4323 istos,
1119 4274 1344 4328 quorum
1372 4260 1596 4316 historia
1629 4263 1852 4317 recitata
1879 4261 1990 4333 (85)

425 4348 589 4422 423
618 4361 721 4417 est,
747 4352 981 4406 arbitror
1007 4352 1402 4420 porttunculam
1431 4353 1722 4422 quamdam
1745 4369 1864 4408 esse
1889 4369 1980 4408 eo-

2098 1797 2219 1837 cum
2249 1784 2462 1838 actibus
2489 1785 2625 1850 suis,
2655 1785 2748 1840 sed
2783 1785 3005 1838 involuti
3051 1787 3278 1846 vetustis
3316 1787 3462 1841 vitiis
3493 1795 3548 1842 et
3577 1785 3669 1841 ob-

2098 1876 2454 1931 scenitatibus
2480 1877 2620 1942 suis,
2657 1877 2801 1932 sicut
2834 1889 2889 1933 et
2918 1877 3004 1932 iSti
3035 1877 3228 1948 pannis
3256 1889 3311 1934 et
3334 1879 3665 1934 calceamen-

2100 1968 2168 2022 tis
2182 1969 2454 2023 veteribus
2476 1969 2704 2033 obtecti,
2730 1979 2925 2040 praater
2956 1970 3059 2024 hoc
3089 1969 3230 2038 quod
3261 1969 3315 2023 in
3345 1969 3509 2024 Deum
3545 1983 3664 2024 cre-

2102 2059 2253 2125 dunt,
2278 2068 2334 2114 et
2361 2075 2486 2131 erga
2522 2075 2710 2116 servos
2741 2061 2828 2114 Dei
2857 2060 2940 2116 vel
2969 2059 3221 2116 Ecclesiae
3246 2061 3447 2116 cultum
3475 2061 3663 2116 viden-

2099 2161 2187 2206 tur
2209 2166 2330 2207 esse
2360 2153 2558 2216 devoti,
2586 2153 2716 2207 nihil
2755 2153 3009 2208 adhibent
3033 2153 3430 2207 emendationis
3453 2153 3538 2206 vel
3587 2153 3666 2207 in-

2099 2244 2399 2299 novatiouis
2435 2245 2487 2298 in
2521 2246 2764 2300 moribus
2792 2244 2922 2317 (87).
2958 2246 3079 2300 Istis
3106 2261 3234 2316 ergo
3273 2244 3433 2300 Jesus
3481 2246 3662 2302 Domi-

2098 2351 2197 2390 nus
2233 2346 2416 2397 noster
2447 2336 2676 2392 salutem
2711 2339 2928 2408 quidem
2960 2337 3232 2405 concedit,
3267 2339 3359 2394 sed
3391 2340 3657 2408 quodam-

2097 2429 2255 2483 modo
2281 2429 2424 2484 salus
2451 2430 2565 2499 ipsa
2597 2446 2783 2485 eorum
2819 2441 3002 2486 notata
3051 2447 3156 2486 non
3189 2432 3368 2486 evadit
3401 2431 3657 2486 infamiae.

2098 2519 2300 2575 Similis
2326 2535 2540 2589 quoque
2565 2522 2726 2574 etiam
2767 2520 2818 2574 in
2857 2520 3037 2575 libello
3068 2521 3160 2588 qui
3211 2520 3518 2590 appellatur
3549 2517 3660 2574 Pa-

2095 2618 2255 2671 storis
2285 2615 2422 2689 (88),
2446 2617 2510 2672 de
2538 2617 2623 2671 his
2654 2616 2822 2687 ﬁgura
2856 2616 3204 2672 describitur.
3232 2617 3322 2670 Ait
3346 2617 3514 2678 enim,
3537 2617 3660 2684 quia

2097 2713 2180 2760 est
2215 2705 2378 2759 arbor
2403 2709 2669 2772 quaedam,
2702 2721 2821 2774 quae
2853 2705 3028 2760 ulmus
3055 2705 3377 2775 appellatur,
3409 2721 3530 2774 qua:
3560 2705 3664 2758 fru-

2095 2806 2240 2851 etum
2272 2811 2378 2850 non
2407 2795 2584 2861 alfert,
2609 2805 2787 2865 portat
2813 2804 2991 2850 tamen
3017 2799 3181 2852 vitem
3216 2814 3336 2866 qua;
3361 2797 3522 2852 aﬁ‘crt
3551 2798 3662 2868 plu-

2101 2889 2293 2943 rimum
2326 2888 2580 2954 fructum,
2609 2901 2662 2944 et
2694 2905 2760 2943 ex
2793 2905 2858 2944 eo
2880 2892 3019 2960 quod
3051 2893 3380 2947 adminiculo
3427 2903 3512 2948 est
3538 2894 3661 2960 viti,

2097 2995 2217 3049 qum
2249 2981 2363 3048 ejus
2393 2981 2597 3036 viribus
2622 2982 2818 3045 nitens,
2849 2981 2927 3036 vel
2955 2979 3170 3046 aﬁ'erre,
3198 2984 3278 3037 vel
3308 2999 3528 3038 servare
3559 2999 3656 3053 po-

2098 3081 2199 3127 test
2243 3072 2531 3142 plurintum
2577 3073 2830 3136 fructum,
2867 3075 3030 3126 etiam
3067 3075 3242 3128 ulmus
3268 3113 3283 3139 ,
3317 3091 3440 3146 quae
3487 3077 3658 3130 infru-

2094 3177 2282 3222 ctuosa
2309 3177 2414 3232 est,
2447 3167 2758 3223 necessaria
2790 3169 3002 3224 videtur
3032 3178 3087 3224 et
3133 3170 3282 3223 utilis
3307 3185 3374 3225 es
3408 3171 3512 3225 hoc
3544 3172 3659 3238 ipso

2094 3261 2238 3329 quod
2265 3257 2558 3314 fructiferae
2588 3257 2698 3330 (89)
2733 3259 3007 3313 deserviat
3032 3260 3146 3312 viti.
3178 3259 3308 3314 Tale
3340 3261 3548 3330 aliquid
3574 3262 3656 3318 in-

2098 3351 2278 3419 tellige
2325 3356 2487 3405 etiam
2535 3352 2588 3404 in
2639 3349 2956 3406 Gabaonitis
2997 3351 3087 3420 qtti
3143 3366 3249 3405 non
3293 3352 3657 3421 deposuerunt

2096 3446 2312 3517 quidem
2343 3453 2576 3498 veterem
2609 3443 2878 3498 hominem
2907 3459 3029 3498 cum
3068 3443 3284 3499 actibus
3311 3445 3425 3498 suis
3451 3485 3465 3508 ,
3505 3447 3656 3499 mini-

2097 3547 2271 3594 strant
2301 3547 2477 3592 tamen
2508 3538 2712 3591 sanctis
2741 3547 2792 3590 et
2829 3537 3093 3601 serviunt,
3135 3546 3189 3590 et
3215 3537 3419 3605 aliquid
3454 3539 3656 3592 utilita-

2097 3630 2167 3685 tis
2195 3630 2534 3697 impendunt,
2565 3638 2618 3683 et
2646 3628 2739 3682 tali
2770 3629 3005 3698 quodam
3043 3629 3234 3683 ordine
3264 3629 3328 3683 ab
3358 3627 3483 3684 Iesu
3515 3629 3654 3684 salu-

2099 3731 2208 3776 tem
2273 3736 2394 3776 cutn
2466 3719 2757 3788 juramenti
2838 3721 3251 3791 interpositione
3331 3720 3651 3791 suscipiunt.

2095 3814 2208 3883 Ego
2275 3812 2522 3867 nolebam
2600 3815 2653 3867 in
2731 3810 3161 3866 Gabaonitarum
3241 3813 3430 3868 ordine
3500 3813 3654 3868 salu-

2095 3915 2200 3954 tem
2231 3899 2340 3972 (90)
2373 3899 2652 3968 consequi,
2682 3914 2778 3954 nec
2807 3899 2859 3954 in
2891 3899 3018 3970 ligui
3046 3901 3359 3968 cmsoribus,
3391 3902 3474 3957 vel
3505 3919 3656 3974 aqua

2095 3991 2458 4061 gestatoribus
2517 3992 2834 4056 numerari,
2883 3993 2976 4046 sed
3036 3993 3178 4048 inter
3234 3993 3509 4050 Israelitas
3546 4011 3654 4050 ca-

2094 4098 2224 4152 pere
2267 4083 2636 4137 bzereditatetn
2670 4094 2725 4136 et
2751 4083 3058 4152 portionem
3087 4094 3244 4139 terrae
3273 4086 3653 4154 promissionis

2095 4174 2338 4243 accipere
2362 4172 2494 4244 (91).

2162 4264 2217 4318 2.
2247 4264 2652 4320 Observandum
2687 4278 2818 4320 sane
2849 4275 2968 4330 est,
3017 4268 3162 4337 quod
3203 4269 3380 4323 solent
3414 4267 3652 4325 haeretici

2088 4357 2331 4425 legentes
2357 4356 2501 4409 hunc
2528 4355 2703 4410 locum
2730 4355 3059 4410 calumniam
3091 4357 3269 4413 facere
3293 4397 3308 4421 ,
3355 4358 3389 4412 ii
3428 4359 3520 4429 qui
3553 4359 3652 4414 Te-

429 4457 552 4496 rum
576 4481 594 4510 ,
642 4443 732 4511 qui
767 4443 1010 4497 salvandi
1042 4452 1166 4496 sunt
1190 4485 1204 4509 ,
1238 4444 1312 4498 ita
1360 4452 1538 4499 tamen
1566 4454 1624 4498 ut
1651 4461 1752 4501 non
1785 4447 1987 4514 absque
2019 4434 2062 4488 ι)
2090 4457 2418 4502 stamcntum
2453 4444 2622 4501 Vetus
2654 4462 2758 4502 non
2808 4450 3101 4518 recipiunt,
3149 4459 3202 4504 et
3254 4450 3483 4505 dicunt:
3525 4451 3653 4506 Vide

434 4533 664 4604 alicujus
710 4546 853 4590 notae
908 4535 1180 4592 inustione
1224 4537 1515 4592 salventur.
1553 4539 1712 4593 Vides
1759 4551 1990 4607 namque

2091 4538 2360 4608 quomodo
2390 4537 2522 4591 nihil
2551 4538 2899 4596 humanitatis
2927 4542 3114 4597 habuit
3134 4540 3294 4596 Iesus
3321 4542 3461 4598 ﬁlius
3481 4541 3647 4610 Nave,

497 4630 546 4662 ¹⁶
571 4630 740 4686 Exod.
779 4648 816 4697 ι,
847 4631 933 4685 l2.
1010 4631 1055 4664 "
1078 4629 1144 4686 Ill
1175 4631 1328 4688 Esdr.
1364 4647 1437 4697 tv,
1465 4633 1554 4696 59,
1579 4633 1668 4688 60.
1743 4633 1790 4665 "
1814 4631 1971 4688 Joan.
2001 4647 2115 4699 xrv,
2137 4632 2193 4686 2.
2267 4633 2311 4664 ⁸⁷
2342 4631 2364 4684 l
2389 4632 2514 4686 Cor.
2552 4649 2642 4699 xv,
2671 4635 2858 4690 59-“.

494 4772 605 4844 (80)
636 4773 691 4844 In
721 4776 907 4831 eodem
935 4777 1102 4840 deest,
1138 4794 1156 4828 ι
1190 4777 1286 4831 ita.
1320 4795 1338 4828 ι

496 4843 606 4916 (8|)
639 4843 780 4900 Idem
815 4860 922 4900 ms.
962 4847 1141 4911 habet,
1176 4865 1195 4898 ι
1226 4857 1567 4917 propagetur.
1599 4867 1617 4901 ι
1643 4847 1800 4903 Libb.
1830 4846 1982 4912 editi,

429 4931 453 4968 ι
486 4925 824 4986 prorogetur.
856 4936 874 4967 ι
910 4917 1028 4972 Mos
1071 4917 1124 4970 in
1163 4918 1350 4971 eodem
1385 4919 1570 4976 codice
1621 4919 1985 4986 manuscripto

425 4985 705 5046 omittitur,
739 5003 757 5036 ι
789 4987 1032 5042 obtinere
1066 5002 1168 5041 nou
1195 4987 1464 5043 valebunt.
1504 5006 1523 5039 ι

517 5053 605 5125 82)
634 5057 831 5110 Omnes
858 5073 1010 5120 mss.,
1045 5077 1064 5108 ι
1104 5057 1209 5110 alia
1237 5072 1515 5124 pecorum.
1565 5077 1584 5110 ι

519 5125 606 5191 85)
637 5125 815 5197 Codex
845 5125 1151 5197 Sangerm.,
1176 5145 1198 5179 ‹
1223 5127 1446 5182 recitata
1469 5139 1570 5186 est.
1600 5148 1619 5182 ι
1649 5125 1803 5184 Libb.
1830 5125 1980 5192 editi,

429 5212 450 5246 ι
488 5195 760 5248 recitatttla
790 5206 892 5252 est.
930 5215 948 5248 ι

515 5263 606 5332 84)
629 5265 793 5332 idem,
831 5285 850 5317 ι
889 5267 1016 5321 ﬁant
1038 5277 1093 5323 et
1121 5267 1564 5324 condemnentur.
1598 5287 1616 5321 ι
1650 5268 1803 5322 Libb.
1827 5265 1977 5332 editi,

427 5351 449 5388 ι
491 5335 610 5388 ﬁeri
646 5335 1087 5391 condemnentur.
1127 5355 1146 5390 ι

493 5404 607 5486 (8Ξξ)
631 5405 797 5486 Idem,
828 5425 846 5458 ‹
877 5409 1156 5464 credentes
1187 5408 1292 5463 ﬁde
1320 5409 1374 5463 in
1400 5406 1580 5464 Iesum
1616 5408 1898 5464 Dominum
1926 5416 1982 5463 et

423 5483 847 5531 acauiescentes.
890 5496 909 5530 ι
1250 5490 1254 5493 ’

458 5490 488 5529 c
528 5490 847 5531 utescentes.
890 5496 909 5530 ι
1250 5490 1254 5493 ·

458 5490 602 5626 ⁹286)
629 5543 772 5600 ldctn
818 5562 940 5602 cum
985 5547 1384 5618 Gemeticcnsi,
1425 5567 1445 5603 ι
1495 5549 1716 5608 obsceni
1760 5549 1894 5608 satis
1924 5557 1979 5606 et

419 5626 590 5671 Vttttl.
629 5633 648 5667 ι

2165 4776 2276 4848 (87)
2304 4776 2468 4844 Idem,
2505 4794 2523 4828 ι
2564 4776 2616 4829 in
2651 4776 2910 4832 moribus.
2951 4797 2969 4831 ι
3001 4777 3152 4833 Libb.
3186 4777 3352 4840 editi,
3397 4795 3416 4827 ι
3456 4776 3509 4830 in
3536 4792 3646 4833 rno-

2090 4861 2271 4989 ἷθῗὲὲἴ)
2295 4916 2753 4989 νεὶηιὶιὶεῃᾳιιοᾳιιε
2774 4918 2932 4970 etiam
2960 4921 3013 4970 in
3038 4917 3211 4971 libello
3241 4919 3330 4987 qui
3354 4915 3646 4989 appellatur

2088 4985 2350 5051 Pastoris,
2380 4997 2484 5041 etc.
2515 4985 2920 5041 Vide’Pastoris
2944 4989 3136 5041 librum
3171 4985 3411 5051 tertium,
3456 4987 3646 5040 simili-

2087 5059 2275 5112 tudine
2306 5059 2562 5123 secunda,
2593 5068 2646 5111 ct
2675 5058 2924 5113 Cotelerii
2952 5067 3106 5113 notas
3137 5059 3190 5112 in
3221 5059 3359 5113 hanc
3391 5055 3645 5114 similitu-

2086 5128 2262 5182 dinem
2295 5129 2416 5181 vitis
2443 5137 2497 5181 et
2526 5128 2676 5182 ulmi.

2141 5196 2468 5319 1(89).Codex
2501 5196 2811 5267 Sangerm.,
2844 5215 2864 5249 ι
2897 5195 3210 5254 fructiferae.
3247 5217 3266 5250 ι
3299 5196 3456 5252 Libb.
3489 5194 3640 5263 editi,

2089 5283 2107 5316 (
2173 5268 2436 5322 ruatl’eraz.
2479 5285 2497 5317 ι

2151 5284 2228 5319 ll‘ll
2270 5284 2436 5324 1181⁵33.
2479 5285 2497 5317 ι

2151 5284 2265 5416 (ρει)
2293 5336 2552 5400 Salutem,
2595 5337 2751 5392 deest
2779 5337 2832 5392 in
2859 5335 2988 5391 libb.
3017 5346 3170 5392 antea
3197 5337 3380 5401 editis.
3405 5339 3502 5393 sed
3547 5353 3643 5394 ex-

2082 5414 2271 5545 s‘ldéill)1
2296 5422 2613 5548 (editi
2643 5518 2659 5541 ,
2716 5497 2734 5528 ι
2772 5490 3022 5548 cuperem
3069 5477 3436 5548 hmreditatem
3483 5486 3637 5531 terra:

2079 5547 2517 5628 reprmnissionis
2543 5549 2786 5619 accipere
2809 5587 2824 5614 ,
2845 5545 2880 5600 ἰ
2920 5549 3014 5605 sed
3041 5549 3211 5604 codex
3259 5545 3542 5619 Saugerm.
3577 5557 3633 5600 ut

2079 5633 2134 5671 tn
2165 5625 2346 5672 nostro
2372 5626 2539 5671 textu.
