4050 6148
340 283 454 339 ’881

1337 283 1407 341 ΙΝ
1446 286 1702 343 LIBRUM
1734 287 1896 344 JESU
1938 287 2123 343 NAVE
2162 289 2442 346 HOMILIA
2475 290 2546 345 Χ.

3461 257 3464 260 ’
3484 291 3590 348 sse

345 413 409 457 ut
442 403 750 459 hominibus
779 402 868 472 qui
907 400 975 458 ad
1002 417 1061 458 se
1089 402 1359 473 supplices
1385 417 1648 461 veneram
1691 407 1918 462 salutem
1948 412 1992 468 Α
2023 425 2308 479 precamur
2333 425 2450 472 vos,
2485 410 2699 474 fratres,
2733 406 2882 461 verbi
2917 406 3010 461 Dei
3052 406 3321 478 legatione
3368 407 3589 481 fungen-

342 493 654 548 concedens
678 533 692 558 ,
727 503 910 546 notam
941 492 1020 548 eis
1054 491 1288 548 infamia:
1332 503 1386 549 et
1431 493 1616 565 jugum
1646 496 1924 550 servitutis

341 584 633 656 indigeret.
685 584 811 640 Haec
856 585 901 640 si
943 586 1124 640 anima
1180 587 1370 641 audiat
1433 588 1612 642 minus
1661 589 1922 642 instructa

341 678 648 749 Scripturis
677 678 896 745 divinis,
938 678 1202 733 inﬁrmari
1241 680 1501 736 continuo
1540 691 1593 735 et
1625 681 1918 750 periclitari

341 783 546 843 potest,
584 774 657 827 ita
689 781 746 827 ut
777 773 1009 842 refugiat
1038 774 1363 829 catholicam
1409 773 1590 830 ﬁdem.
1623 775 1738 830 Non
1772 777 1918 832 enim

342 865 652 936 intelligunt
695 865 809 938 (99.)
855 882 1042 921 eorum
1086 867 1483 936 subreptioues.
1550 865 1711 923 Jesus
1772 869 1918 924 enim

343 969 656 1010 mensuram
699 955 824 1011 ﬁdei
877 957 1116 1026 ipsorum
1168 956 1406 1025 intuens,
1443 967 1758 1027 competens
1789 975 1917 1030 erga

341 1059 440 1100 eos
464 1045 728 1114 judicium
762 1047 951 1102 tenuit.
997 1047 1168 1103 Porro
1215 1059 1394 1105 autem
1437 1050 1587 1107 Raab
1636 1053 1918 1118 meretrix,

342 1151 468 1206 qua:
499 1137 600 1192 ﬁde
651 1137 864 1208 integra
892 1138 1124 1193 credidit
1152 1155 1272 1194 cum
1304 1141 1451 1195 omni
1487 1143 1646 1198 domo
1676 1157 1774 1196 sua
1800 1181 1816 1206 ,
1866 1151 1922 1198 et

343 1230 719 1298 exploratores
749 1230 1073 1286 Israeliticos
1107 1232 1417 1298 plenissima
1465 1234 1754 1290 devotione
1797 1250 1918 1290 sus-

344 1320 510 1389 cepit,
554 1333 620 1374 ex
665 1319 874 1390 integro
901 1320 957 1375 in
995 1323 1330 1377 consortium
1359 1323 1540 1395 populi
1578 1326 1920 1381 societatem-

342 1403 451 1480 que
477 1422 724 1481 suscepta
752 1422 854 1478 est,
886 1422 940 1468 et
970 1415 1232 1484 scriptum
1259 1424 1344 1470 est
1387 1415 1453 1470 de
1482 1432 1568 1484 ea,
1597 1417 1720 1486 quia
1755 1433 1919 1488 appo-

342 1504 448 1557 sita
481 1515 564 1558 est
589 1506 655 1559 ad
695 1505 830 1561 filios
853 1505 1013 1562 Israel
1043 1523 1213 1578 usque
1237 1509 1290 1563 in
1324 1509 1648 1564 hodiernum
1683 1511 1822 1565 diem
1850 1511 1914 1565 ’⁸.

343 1591 435 1646 Isti
469 1608 600 1648 vero
627 1594 716 1664 qui
751 1611 857 1650 non
908 1609 1017 1650 tam
1067 1596 1380 1653 Israeliticae
1426 1599 1604 1670 gentis
1645 1600 1918 1654 consortia

343 1686 682 1750 dilexerunt,
713 1703 876 1757 quam
911 1704 1021 1744 sua:
1066 1691 1387 1759 perditionis
1421 1702 1564 1747 metu
1612 1694 1916 1762 perterriti,

2026 506 2128 564 tes,
2163 506 2220 550 ut
2247 499 2370 552 dum
2395 507 2709 568 potestatem
2739 497 2916 550 adhuc
2943 499 3206 552 habemus
3234 500 3587 566 emendandi,

2023 590 2210 644 demus
2242 605 2498 658 operam,
2528 602 2582 644 et
2626 589 2942 645 festinemus
2987 589 3306 660 abjicientes
3337 592 3585 660 antiquas

2022 683 2208 736 sordes
2236 691 2290 736 et
2334 698 2539 752 pannos
2567 692 2778 737 veteres
2813 683 3091 747 vitiorum,
3123 680 3371 752 conjungi
3408 699 3472 738 ac
3500 682 3592 740 So-

2024 771 2157 826 ciari
2202 772 2508 828 Israelitica:
2538 774 2797 829 libertati.
2833 772 2926 829 Vis
2955 783 3134 827 autem
3169 775 3352 828 videre
3381 777 3591 830 Israeli-

2026 872 2200 917 tarum
2229 873 2428 932 quanta
2454 864 2675 920 libertas
2709 865 2822 920 sit?
2848 862 2905 917 In
2949 864 3068 934 lege
3090 865 3132 896 “
3153 867 3155 870 ⁴
3177 867 3485 934 ριωοίρὶιιιι·
3523 883 3590 922 ne

2023 952 2186 1009 liceat
2212 954 2492 1008 Hebraeum
2523 969 2745 1023 puerum
2770 955 2812 1008 si
2841 952 2980 1009 forte
3007 955 3060 1008 in
3087 956 3400 1010 servitutem
3427 958 3592 1011 deve-

2028 1046 2189 1112 nerit,
2213 1045 2442 1114 amplius
2469 1061 2627 1115 quam
2655 1061 2748 1099 sex
2779 1045 2936 1100 annis
2961 1045 3188 1107 servire,
3208 1047 3439 1116 septimo
3460 1062 3591 1102 vero

2028 1149 2168 1190 anno
2193 1135 2388 1190 dimitti
2412 1151 2534 1190 eum
2570 1135 2657 1190 lex
2685 1136 2909 1190 liberum
2931 1137 3105 1206 jubet.
3128 1134 3302 1191 Tanta
3328 1139 3467 1206 apud
3497 1153 3590 1192 eos

2004 1225 2290 1295 libertatis
2319 1237 2404 1281 est
2431 1242 2587 1282 cura.
2616 1226 2746 1294 Quae
2779 1229 2964 1297 utique
3000 1228 3044 1283 si
3083 1227 3146 1281 ad
3179 1229 3472 1298 spiritalem
3504 1230 3589 1283 in-

2025 1319 2371 1388 telligentiam
2406 1335 2753 1384 revocemus,
2795 1321 2958 1374 etiam
3003 1320 3048 1375 si
3085 1320 3341 1375 llebrteus
3367 1337 3502 1390 puer
3531 1336 3588 1376 es

2023 1417 2075 1463 tu
2104 1449 2119 1474 ,
2146 1411 2237 1479 qui
2285 1410 2337 1464 in
2371 1411 2652 1466 servitium
2699 1411 2948 1466 decidisti
2991 1413 3150 1482 (puer
3179 1413 3318 1468 enim
3348 1423 3465 1477 est,
3495 1414 3587 1481 qui

2022 1502 2284 1557 facilitate
2311 1502 2477 1556 animi
2514 1503 2565 1556 in
2616 1505 2895 1559 servitium
2949 1505 3166 1560 decidit.
3208 1505 3376 1572 Quale
3416 1506 3590 1561 servi-

2026 1593 2204 1648 tium?
2237 1593 2515 1664 Scriptura
2547 1596 2780 1650 dicit”:
2819 1615 2838 1648 ς
2872 1597 2973 1664 Qui
3015 1609 3194 1653 autem
3223 1605 3430 1668 peccat,
3473 1614 3591 1652 ser-

2020 1701 2119 1740 vus
2165 1695 2249 1741 est
2282 1687 2512 1756 peccati.
2550 1706 2568 1739 ι
2604 1689 2663 1743 In
2701 1691 2804 1745 hoc
2851 1691 3132 1746 εειιὶιὶυιιι
3166 1705 3268 1745 non
3312 1690 3484 1744 virilis
3533 1697 3590 1744 et

343 1797 466 1836 cum
519 1781 815 1837 calliditate
862 1794 917 1838 et
962 1782 1158 1840 fraude
1198 1795 1547 1842 accesserunt
1591 1787 1656 1840 ad
1705 1787 1913 1855 Jesum,

2021 1755 2295 1848 perfectus
2343 1781 2556 1836 animus
2603 1782 2823 1848 decidit,
2856 1782 2949 1838 sed
3002 1783 3223 1852 puerilis
3256 1792 3307 1838 et
3355 1781 3585 1854 facilis);

342 1872 615 1941 quomodo
645 1883 900 1943 poterant
929 1872 1236 1930 libertatem
1265 1876 1388 1930 vita;
1433 1885 1486 1930 et
1519 1876 1669 1948 regni
1693 1889 1919 1932 consor-

345 1962 476 2014 tium
509 1961 646 2018 dolis
673 1962 960 2018 servilibus
989 1965 1334 2032 promereri?
1381 1965 1618 2032 Denique
1646 1966 1727 2020 vis
1759 1981 1918 2023 nosse

343 2052 655 2123 quiadigna
683 2069 807 2122 erga
837 2069 930 2109 eos
956 2056 1022 2110 ab
1055 2055 1180 2110 Jesu
1211 2057 1408 2110 mentis
1444 2071 1632 2110 eorum
1667 2057 1916 2126 ignobili-

344 2153 454 2198 tate
483 2143 593 2216 (93)
618 2145 858 2200 conditio
881 2147 1190 2215 dispensata
1212 2149 1334 2203 eSt?
1360 2148 1465 2219 ipsi
1497 2148 1684 2205 dicunt
1704 2153 1772 2217 ιθ,
1789 2149 1914 2219 quia

342 2237 649 2292 audivimus
677 2248 870 2307 quanta
899 2237 1024 2294 fecit
1053 2240 1308 2294 Dominus
1333 2243 1483 2297 vobis
1512 2259 1606 2312 per
1635 2259 1784 2298 mare
1800 2243 1914 2300 Ru—

342 2329 500 2382 brum
523 2367 538 2392 ,
572 2337 628 2382 et
658 2328 711 2382 in
744 2329 980 2384 deserto.
1012 2329 1077 2383 Et
1106 2344 1231 2384 cum
1284 2331 1398 2386 hmc
1426 2331 1671 2386 dicerent
1691 2373 1706 2399 ,
1735 2343 1789 2386 et
1815 2351 1914 2388 au-

343 2421 489 2475 disse
516 2436 575 2476 se
594 2463 608 2486 ,
636 2431 689 2476 et
711 2421 853 2476 scire
891 2423 957 2476 de
994 2423 1192 2478 divinis
1220 2425 1559 2480 mirabilibus
1591 2427 1911 2496 faterentur,

341 2512 478 2567 nihil
523 2522 700 2567 tamen
735 2513 836 2568 ﬁde
867 2514 1120 2584 dignum,
1175 2515 1308 2570 nihil
1355 2525 1623 2572 tantarum
1657 2519 1914 2574 virtutum

343 2603 705 2660 admiratione
736 2615 1038 2675 gesserunt.
1072 2605 1138 2660 Et
1183 2607 1304 2662 ideo
1343 2609 1531 2664 videns
1556 2608 1714 2665 Iesus
1744 2627 1914 2682 angu-

338 2704 484 2750 stum
511 2710 698 2751 eorum
725 2699 1086 2768 exiguumque
1115 2699 1164 2752 in
1195 2698 1300 2754 fide
1330 2702 1692 2770 propositum,
1726 2706 1913 2760 mode-

339 2789 604 2844 rationem
647 2804 774 2860 erga
817 2805 912 2845 eos
950 2790 1310 2859 justissimam
1356 2802 1536 2847 servat
1581 2802 1640 2854 ut
1685 2795 1910 2850 salutem

339 2891 682 2936 mererentur
707 2921 722 2947 ,
751 2882 840 2952 qui
880 2897 1071 2953 parum
1108 2884 1235 2939 licet
1279 2884 1404 2940 ﬁdei
1453 2885 1782 2953 detulerant,
1815 2903 1914 2944 nec

340 2983 522 3030 tamen
556 2991 822 3029 summam
863 2978 1014 3048 regni
1049 2978 1132 3032 vel
1163 2977 1430 3033 libertatis
1456 2979 1782 3050 acciperent,
1815 2999 1912 3052 pro

2023 1870 2184 1941 igitur
2206 1872 2370 1927 etiam
2393 1874 2437 1928 si
2457 1873 2713 1929 Hebraeus
2744 1890 2880 1944 puer
2908 1891 2988 1941 es,
3018 1877 3070 1930 id
3097 1887 3201 1942 est,
3225 1876 3397 1932 ﬁdelis
3420 1879 3586 1932 etiam

2018 1972 2072 2018 et
2102 1965 2372 2035 baptisma
2407 1965 2457 2019 in
2488 1965 2730 2021 Ecclesia
2769 1979 3116 2034 consecutus,
3159 1977 3213 2025 et
3256 1981 3378 2039 post
3407 1971 3507 2026 hoc
3535 1973 3587 2024 in

2020 2054 2225 2122 peccati
2277 2057 2558 2111 servitium
2622 2057 2903 2126 decidisti,
2948 2058 3177 2116 sufﬁciat
3241 2061 3336 2116 tibi
3399 2077 3590 2116 sexen-

2019 2145 2092 2201 nii
2123 2149 2232 2219 (95)
2269 2150 2524 2216 servitus,
2561 2149 2612 2204 in
2661 2151 2890 2220 septimo
2918 2168 3060 2207 anno
3090 2155 3316 2208 observa
3363 2170 3432 2208 ne
3466 2169 3587 2207 ser-

2018 2239 2154 2304 vias,
2190 2242 2283 2295 sed
2333 2239 2529 2297 festina
2562 2243 2626 2295 ad
2658 2242 2962 2300 libertatem
3011 2255 3180 2300 tuam.
3231 2245 3600 2314 Septenarius.

2018 2345 2278 2394 numerus
2324 2331 2494 2400 legem
2547 2334 2816 2404 signiﬁcat
2873 2337 3276 2392 mandatorum.
3329 2336 3589 2390 Senarius

2016 2436 2145 2478 vero
2180 2439 2434 2480 numerus
2474 2427 2657 2482 mundi
2696 2426 2861 2496 hujus
2913 2437 3060 2482 tenet
3103 2429 3352 2496 ﬁguram.
3403 2428 3588 2485 Donec

2015 2529 2142 2586 ergo
2167 2532 2286 2587 qua:
2325 2519 2484 2589 hujus
2516 2520 2697 2575 mundi
2729 2531 2856 2575 sunt
2889 2522 3056 2591 sapis,
3083 2530 3139 2576 et
3167 2522 3220 2577 in
3251 2522 3334 2577 his
3363 2535 3586 2577 exerce-

2016 2609 2090 2662 ris
2117 2619 2172 2664 et
2200 2612 2494 2665 secundum
2524 2611 2634 2681 (96)
2681 2629 2902 2668 carnem
2949 2613 3158 2681 cogitas
3185 2652 3201 2679 ,
3246 2628 3477 2669 necesse
3499 2623 3584 2670 est

2017 2705 2068 2750 te
2097 2699 2303 2752 servire
2342 2711 2584 2768 peccato.
2618 2700 2753 2756 Cum
2785 2717 2912 2757 vero
2959 2703 3027 2756 ad
3071 2703 3434 2771 septenarium
3487 2721 3588 2758 uu-

2017 2790 2325 2853 merum,id
2353 2799 2436 2844 est
2463 2793 2527 2845 ad
2569 2791 2701 2861 legis
2736 2795 3042 2862 scientiam,
3072 2794 3302 2862 veneris,
3338 2807 3467 2850 tunc
3498 2810 3585 2850 re-

2016 2876 2169 2944 quire
2205 2877 2508 2933 libertatem
2558 2890 2702 2934 tuam
2732 2924 2746 2948 ,
2780 2891 2834 2938 et
2869 2884 2984 2938 redi
3017 2884 3082 2938 ad
3119 2884 3456 2940 nobilitatem
3489 2900 3585 2955 pa-

2017 2975 2256 3033 ternam,
2291 2986 2359 3023 ne
2393 2971 2441 3024 si
2466 2974 2830 3040 permanseris
2861 2976 2912 3028 in
2947 2975 3102 3030 malis
3137 2977 3243 3030 tuis
3265 3015 3282 3040 ,
3307 2987 3360 3029 et
3398 2991 3584 3046 perse-

337 3081 407 3121 eo
451 3067 595 3135 quod
650 3065 782 3122 ﬁdes
827 3082 1017 3123 eorum
1071 3053 1214 3122 nullo
1258 3084 1484 3140 operum
1532 3072 1910 3128 nobilitarctur

2017 3063 2286 3117 veraveris
2319 3064 2368 3117 in
2404 3066 2658 3132 peccatis,
2689 3068 2863 3122 defixa
2895 3068 2946 3122 in
2971 3083 3102 3124 aure
3134 3079 3282 3136 nota,
3312 3071 3458 3125 Velut
3487 3070 3582 3140 qui

335 3173 586 3225 accessu,
612 3160 863 3229 quoniam
895 3159 1054 3214 fidem
1083 3161 1202 3215 sine
1228 3165 1485 3233 Operibus
1512 3176 1781 3220 mortuam
1814 3166 1911 3221 ha-

336 3251 454 3305 beri
477 3252 795 3319 pronuntiat
823 3252 1098 3321 apos10lus
1120 3250 1352 3310 Jacobus
1384 3255 1452 3310 ³ο.

409 3345 464 3398 5.
501 3344 880 3399 Verumtamen
909 3345 1190 3402 sciendum
1225 3357 1309 3402 est
1332 3357 1591 3416 quantum
1621 3364 1684 3404 ex
1727 3349 1911 3418 hujus-

335 3436 548 3491 cemodi
576 3436 868 3502 ﬁgurarum
900 3437 1411 3495 adumbrationibus
1441 3441 1746 3506 edocemur,
1766 3442 1909 3510 quod

336 3529 382 3585 si
415 3530 507 3599 qui
542 3529 676 3584 tales
713 3538 837 3584 sunt
875 3530 926 3584 in
959 3529 1119 3585 nobis
1147 3571 1164 3596 ,
1213 3546 1444 3601 quorum
1496 3533 1632 3588 fides
1663 3534 1762 3587 hoc
1789 3545 1908 3588 tan-

339 3620 618 3676 tummodo
652 3622 838 3687 habet,
876 3630 931 3676 ut
953 3622 1023 3678 ad
1045 3622 1346 3678 Ecclesiam
1379 3624 1620 3689 veniant,
1653 3635 1708 3680 et
1751 3626 1909 3680 incli-

334 3719 469 3770 nent
500 3721 662 3783 caput
708 3729 906 3778 suum,
954 3715 1324 3770 sacerdotibus
1366 3714 1540 3770 oﬁicia
1589 3718 1908 3784 exhibeant,

336 3820 527 3860 servos
560 3804 652 3858 Dei
693 3804 1004 3872 honorent,
1045 3805 1112 3860 ad
1162 3817 1417 3861 ornatum
1458 3819 1672 3879 quoque
1715 3810 1908 3867 altaris

337 3897 420 3953 vel
465 3898 709 3954 ecclesia:
749 3899 951 3969 aliquid
1001 3899 1329 3965 conferant,
1378 3917 1485 3955 non
1533 3909 1707 3957 tamen
1761 3903 1912 3957 adhi-

335 3993 502 4047 beant
539 3990 650 4063 (94)
684 3993 948 4057 studium,
975 4001 1032 4046 ut
1062 3993 1223 4046 etiam
1258 4009 1434 4048 mores
1465 4008 1593 4050 suos
1632 3995 1908 4060 excolunt,

336 4095 492 4138 actus
522 4086 834 4148 emendent,
867 4085 993 4138 vitia
1030 4085 1322 4154 deponant,
1352 4086 1658 4141 castitatem
1707 4087 1908 4152 colant,

335 4174 674 4229 iracundiam
704 4174 991 4244 mitigent,
1021 4174 1303 4228 avaritiam
1354 4176 1672 4246 reprimant,
1703 4176 1912 4246 rapaci-

337 4278 504 4323 tatem
530 4267 823 4332 refreuent,
855 4266 1177 4335 maleloqufa
1204 4276 1258 4322 et
1281 4267 1617 4336 stultiloquia
1643 4268 1726 4323 vel
1758 4283 1912 4322 scur-

336 4360 596 4434 rilitatem
637 4369 692 4414 et
721 4360 1176 4415 obtrectationum
1209 4374 1416 4414 venena
1458 4375 1524 4415 ex
1550 4375 1643 4416 ore
1672 4375 1770 4415 suo
1802 4375 1907 4414 non

2015 3160 2414 3212 commonentis
2446 3170 2496 3213 te
2535 3161 2626 3216 Dei
2662 3171 2715 3217 et
2740 3162 2805 3216 ad
2837 3163 3142 3218 libertatein
3179 3165 3461 3233 pristinam
3497 3178 3582 3219 re»

2011 3251 2256 3305 vocantis
2291 3253 2451 3306 verba
2485 3268 2589 3306 non
2619 3254 2808 3308 audias
2829 3294 2845 3318 ,
2890 3255 3012 3308 eris‘
3042 3255 3246 3322 peccati
3294 3270 3482 3311 servus
3525 3255 3580 3310 iu

2013 3349 2295 3396 aeternum.
2335 3341 2469 3396 Tum
2495 3343 2691 3398 deinde
2721 3345 2940 3415 requiro
2971 3344 3080 3417 (9'1)
3126 3348 3222 3401 abs
3252 3355 3301 3401 te
3331 3348 3376 3402 si
3415 3347 3582 3402 liben-

2016 3445 2096 3490 ter
2124 3435 2257 3489 velis
2284 3450 2350 3489 ex
2396 3433 2783 3504 patrcfainilias
2841 3447 2895 3491 et
2953 3438 3119 3492 nobili
3169 3439 3330 3500 viro,
3379 3439 3430 3493 in
3480 3440 3584 3494 hoc

2013 3527 2213 3580 mundo
2251 3541 2441 3582 servus
2481 3524 2616 3580 effici
2644 3543 2660 3593 ;
2687 3526 2880 3582 abnuis
2897 3527 3007 3599 (98)
3033 3528 3152 3582 sine
3179 3529 3359 3592 dubio,
3383 3530 3584 3599 quippe

2013 3637 2135 3676 cum
2162 3623 2326 3675 etiam
2351 3635 2416 3676 ex
2445 3621 2753 3676 conditione
2781 3621 2962 3676 servili
2990 3621 3266 3677 videamus
3291 3624 3576 3692 quamplu-

2015 3714 2182 3767 rimos
2214 3712 2280 3778 ad
2329 3712 2631 3765 libertatem
2666 3712 2949 3776 festinare,
2984 3720 3039 3766 et
3071 3711 3124 3764 in
3163 3721 3424 3780 quantum
3454 3726 3582 3779 pose

2012 3819 2140 3858 sunt
2165 3819 2364 3873 cupere
2391 3803 2556 3858 etiam
2587 3803 2779 3858 divites
2810 3801 2952 3868 ﬁeri,
2988 3813 3042 3856 et
3067 3802 3379 3869 ,honoribus
3416 3803 3581 3874 unde-

2013 3909 2225 3962 cunque
2253 3894 2494 3964 quaesitis
2527 3893 2783 3948 vilitatem
2807 3893 3056 3962 genuinae
3084 3892 3439 3963 ignobilitatis
3465 3891 3578 3962 (99)

2013 3987 2286 4066 obtegere.
2319 3986 2377 4040 Si
2406 4001 2535 4056 ergo
2564 3987 2617 4040 in
2650 3985 2752 4040 hac
2791 3986 2902 4039 vita
2945 3999 3102 4039 nemo
3149 3998 3268 4040 esse
3301 3984 3413 4037 vult
3464 4000 3578 4038 ser-

2013 4094 2131 4142 vus,
2153 4079 2248 4134 sed
2276 4087 2537 4147 quantum
2571 4077 2684 4131 fieri
2717 4085 2890 4146 potest
2917 4087 2970 4131 et
2992 4077 3132 4132 liber
3157 4090 3299 4141 esse,
3323 4085 3375 4130 et
3403 4075 3580 4140 dives,

2012 4184 2066 4227 et
2091 4171 2287 4226 nobilis
2318 4169 2494 4239 cupit,
2519 4178 2576 4224 ut
2608 4185 2714 4225 non
2743 4169 2913 4224 solum
2947 4171 3022 4240 (ί)
3057 4171 3157 4224 sibi
3189 4168 3414 4223 sufﬁciat
3436 4208 3456 4234 ,
3484 4169 3578 4221 sed

2014 4276 2070 4318 et
2106 4264 2225 4318 aliis
2268 4264 2530 4333 largiatur
2554 4303 2569 4326 ,
2607 4264 2658 4316 in
2703 4262 2814 4316 illis
2855 4262 3072 4317 aeternis
3103 4261 3297 4325 rebus,
3338 4276 3402 4314 ac
3435 4260 3579 4314 nullo

2019 4359 2124 4420 ﬁne
2156 4357 2428 4411 mutandis
2457 4353 2831 4409 indifferenter
2859 4353 3206 4408 tolerabimus
3235 4353 3575 4414 servitutem,

335 4453 616 4507 adimant:
660 4451 834 4508 sciant
863 4453 965 4508 sibi
1000 4453 1092 4522 qui
1135 4453 1268 4508 tales
1298 4461 1442 4517 sunt,
1488 4454 1584 4522 qui
1617 4452 1909 4509 emendare
1940 4447 1988 4502 D
2013 4463 2066 4506 et
2092 4465 2278 4521 parum
2309 4448 2386 4520 (2)
2421 4449 2574 4503 nobis
2607 4447 2836 4510 videtur.
2867 4447 2910 4500 Si
2942 4446 2992 4499 ill
3023 4445 3148 4516 ligni
3181 4445 3496 4506 οωεοτίιηιεν
3523 4452 3578 4498 ει

335 4557 397 4597 se
432 4544 648 4610 nolunt,
676 4547 768 4600 sed
807 4545 859 4600 in
896 4545 980 4600 bis
1007 4559 1179 4615 usque
1213 4546 1265 4600 in
1303 4555 1635 4600 senectutem
1663 4545 1905 4600 ultimam

336 4650 710 4709 perseverant,
737 4651 944 4709 partem
969 4650 1282 4709 sortemque
1298 4641 1364 4694 ab
1380 4640 1506 4696 Iesu
1536 4641 1762 4696 Domino
1782 4656 1903 4696 cum

334 4729 501 4803 424
533 4730 850 4786 Gabaonitis
878 4746 996 4788 esse
1026 4732 1386 4788 tribuendam.
1433 4732 1539 4789 Sed
1581 4734 1759 4802 potius
1811 4733 1920 4787 tle--

405 4873 451 4905 ’⁸
481 4871 596 4930 Jos.
631 4889 706 4940 vi,
738 4871 830 4928 25.
903 4874 947 4906 "
969 4870 1082 4929 los.
1113 4889 1187 4938 ix,
1217 4873 1308 4928 24.
1388 4873 1430 4906 ³ο
1460 4873 1574 4929 Jac.
1612 4889 1669 4928 ιι.

405 5037 518 5109 (92)
550 5035 692 5109 Idem
730 5051 883 5100 mss.,
919 5055 937 5091 ι
977 5033 1299 5109 intelligent.
1341 5055 1360 5088 ι
1389 5034 1556 5109 Paulo
1584 5044 1703 5104 post
1735 5035 1896 5099 idem,

342 5128 360 5162 ι
382 5105 543 5164 Iesus
566 5107 711 5162 enim
733 5105 1192 5163 mensuramtﬁdei
1225 5106 1460 5173 ipsorum
1495 5107 1728 5167 intuens,
1749 5120 1902 5158 com-

337 5193 548 5248 petens.
591 5197 610 5231 ι
649 5176 800 5232 Libb.
834 5179 985 5242 editi,
1020 5195 1038 5228 ι
1068 5176 1227 5232 Iesus
1250 5177 1393 5230 enim
1419 5178 1714 5231 secundum
1753 5190 1904 5229 inen-

335 5264 516 5305 suram
549 5249 670 5302 fidei
697 5248 935 5313 ipsorum
974 5256 1307 5315 competens.
1350 5264 1371 5297 ι

403 5319 520 5390 (95)
554 5318 705 5374 Unus
723 5317 1095 5390 rEbroicensis,
1131 5334 1153 5367 ι
1182 5331 1280 5390 pro
1310 5315 1504 5390 mentis
1531 5329 1718 5390 eorum
1746 5315 1909 5382 ignoa

336 5385 547 5444 bilitate
569 5431 584 5456 ,
617 5407 638 5443 r
686 5389 822 5442 alter
854 5404 983 5444 vero
1028 5403 1148 5444 cum
1181 5385 1447 5441 Gemetic.
1480 5396 1535 5440 et
1574 5385 1902 5455 Sangcrina-

339 5460 512 5524 nensi,
551 5480 570 5512 ι
609 5458 816 5513 meritis
844 5474 1030 5512 eorum
1065 5456 1435 5527 ignobilitatis.
1473 5474 1493 5507 ι

406 5529 519 5600 (94)
549 5530 728 5586 Codex
763 5524 1132 5599 Sangerm.,'c
1168 5526 1481 5582 adhibeant.
1521 5545 1540 5579 ι
1572 5524 1726 5580 Libb.
1751 5525 1908 5590 editi,

343 5616 362 5652 ι
399 5601 678 5658 adhibent.
715 5618 736 5652 ι

411 5669 526 5738 (95)
575 5668 723 5723 Idem
757 5684 889 5734 ms.,
935 5687 956 5720 ι
996 5667 1262 5722 sexennii.
1296 5689 1314 5720 r
1354 5666 1748 5738 Gemeticensis
1781 5679 1904 5719 cum

342 5737 446 5796 uno
472 5740 814 5806 Ebroicensi,
847 5757 871 5792 ι
898 5754 995 5796 sex
1018 5753 1300 5794 annorum.
1336 5758 1360 5793 ι
1391 5737 1546 5796 Libb.
1580 5737 1732 5804 editi,
1764 5753 1786 5787 ι
1811 5749 1915 5792 εει

1748 4872 1790 4904 ³¹
1825 4871 1996 4927 Exod.
2029 4884 2142 4924 χιιι.

2017 4559 2169 4613 aqua;
2193 4539 2553 4612 gestatoribus
2581 4539 2941 4608 deputemur?
2967 4537 3262 4608 Pr0pterea
3293 4550 3420 4606 ergo
3443 4537 3569 4589 dum

2017 4639 2133 4693 dies
2164 4644 2266 4700 est,
2293 4649 2580 4704 operemur
2606 4631 2746 4702 quod
2777 4633 2975 4686 bonum
2999 4640 3100 4695 est,
3125 4638 3180 4684 et
3207 4628 3576 4685 emendationi

2019 4740 2221 4784 nostrae
2252 4741 2470 4797 Operam
2501 4726 2688 4780 demus
2711 4764 2726 4788 ,
2754 4734 2806 4777 ut
2841 4739 2910 4778 ex
2955 4722 3166 4778 actibus
3202 4730 3260 4777 et
3287 4736 3576 4777 conversa-

2221 4867 2270 4902 “
2293 4865 2449 4922 Joau.
2479 4879 2595 4929 vni,
2627 4863 2716 4917 55.

2012 5045 2194 5171 “£333
2220 5047 2404 5153 ,Codex
2431 5094 2715 5171 S‘angerm.
2738 5135 2753 5160 ,
2807 5112 2826 5146 ι
2865 5103 2917 5150 et
2950 5096 3002 5171 in
3054 5095 3141 5171 his
3170 5096 3443 5150 exerceris
3472 5137 3487 5159 ,
3517 5105 3572 5150 et

2010 5167 2328 5226 secundum.
2379 5184 2399 5219 ι
2448 5167 2708 5221 Geinetic.
2738 5205 2753 5229 ,
2811 5183 2838 5216 ι
2881 5175 2935 5219 et
2983 5168 3035 5221 in
3084 5167 3169 5220 his
3215 5181 3473 5221 exercere
3521 5177 3572 5221 te

2009 5244 2327 5296 secundum.
2374 5258 2393 5292 ι
2436 5235 2590 5292 Libb.
2621 5237 2787 5300 editi,
2829 5255 2848 5288 ι
2888 5238 3050 5292 etiam
3097 5237 3164 5290 iis
3203 5239 3446 5291 exerceri
3485 5251 3574 5292 se-

2009 5315 2261 5367 Clilldllln.
2301 5328 2320 5362 ι

2081 5381 2191 5449 (97)
2218 5380 2348 5436 Mss.
2384 5398 2402 5431 ι
2435 5376 2674 5445 requiro.
2711 5395 2731 5429 ι
2770 5376 2923 5432 Libb.
2952 5376 3104 5449 editi.
3141 5395 3161 5429 ι
3197 5375 3432 5447 require.
3465 5392 3490 5429 ι

2077 5447 2192 5522 (98)
2225 5452 2407 5522 Codex
2437 5450 2746 5522 Saugerrn.,
2777 5466 2796 5498 ι
2832 5464 2936 5501 non
2961 5447 3063 5522 vis.
3097 5466 3117 5498 ι

2078 5515 2190 5593 (99)
2232 5520 2376 5593 Ideni
2404 5561 2420 5588 ,
2474 5515 2789 5593 (vilitatem
2840 5515 3498 5593 ge_uuin:re_ignobilitatis.
3535 5529 3562 5568 ι

2007 5587 2344 5657 ιίιὶϋίθάὶιὶ,
2383 5587 2413 5642 ι
2445 5587 2730 5643 utilitatem
2754 5589 2999 5657 genuine
3026 5589 3339 5642 nobilitatis.
3370 5606 3390 5638 ι

2077 5661 2159 5804 (1)
2182 5663 2324 5716 Idem
2359 5676 2485 5721 ins.,
2515 5677 2534 5710 ι
2572 5662 2711 5710 unde
2738 5674 2842 5712 non
2872 5657 3074 5713 solum.
3102 5676 3133 5713 ιι

2081 5734 2136 5804 (*2
2188 5731 2360 5799 Idem,
2398 5749 2416 5783 ι
2450 5739 2503 5786 et
2533 5743 2772 5797 parvum.
2813 5747 2839 5778 ι

2081 5731 2159 5804 (*2)
2188 5731 2360 5799 Idem,
2398 5749 2416 5783 ι
2450 5739 2503 5786 et
2533 5743 2772 5797 parvum.
2813 5747 2839 5778 ι
