4050 6148
534 251 642 309 835

1967 257 2290 315 ORIGENIS

3641 254 3750 312 88L

536 369 684 423 tione
727 377 905 424 nostra
933 382 1000 423 ac
1020 368 1262 425 moribus
1307 370 1578 426 nobilitari
1603 385 1905 426 mereamur
1933 381 1987 426 et
2015 371 2097 426 di-
2125 374 2171 432 Α
2200 367 2306 422 lum
2364 365 2584 422 Paulum
2638 367 2753 420 haec
2798 365 2986 421 eadem
3033 363 3463 428 conﬁrmantem,
3505 379 3628 419 eum
3670 367 3752 420 di-

536 460 624 528 gni
669 458 778 530 (5)
825 460 1120 516 efﬁciamur
1167 461 1414 530 spiritum
1464 464 1711 532 accipere
1753 463 2091 533 adoptionis,

537 557 596 604 ut
627 548 770 604 inter
799 551 890 604 Dei
929 552 1104 618 potius
1139 552 1276 605 ﬁlios
1303 553 1595 618 habeamur
1616 593 1631 616 ,
1659 569 1758 623 per
1790 555 2004 608 unicum
2037 565 2092 608 et

533 653 718 695 verum
749 641 826 711 (4)
863 641 1058 696 Filiuttt
1089 645 1206 710 ejus
1249 641 1431 712 .lesum
1482 644 1756 700 Christum
1802 644 2088 714 Dominum

522 741 791 796 nostrum,
815 735 898 788 eui
917 744 996 789 est
1019 734 1190 806 gloria
1213 743 1268 789 et
1299 735 1586 806 imperium
1614 739 1667 792 in
1693 737 1889 808 saecula
1920 753 2089 809 saecu-

523 819 718 879 lorum.
745 823 940 880 Anien.

1098 917 1378 975 HOMILIA
1424 919 1511 995 xi.

534 1010 609 1066 De
649 1010 1035 1085 auxiliisilestt
1069 1015 1255 1083 quibus
1299 1015 1437 1082 juvit
1483 1015 1802 1079 Gabaonitns
1841 1028 1929 1078 ,°et
1957 1032 2086 1085 quo-

771 1082 928 1146 modo
955 1082 1116 1136 solem
1145 1085 1265 1151 fecit
1294 1095 1432 1137 stare
1453 1096 1500 1138 et
1527 1088 1705 1139 lunam
1739 1087 1834 1156 (5).

591 1192 640 1245 1.
675 1189 771 1246 His
798 1187 889 1259 qui
938 1189 1273 1244 sociaverint
1318 1207 1375 1244 se
1405 1191 1469 1245 ad
1502 1191 1638 1245 ﬁlios
1666 1191 1868 1260 Israel,
1894 1207 2083 1248 omnes

519 1282 608 1350 qui
639 1283 788 1352 prius
816 1280 976 1336 amici
1025 1290 1220 1346 erant,
1252 1292 1374 1350 post
1400 1283 1665 1338 amicitias
1712 1297 1766 1338 et
1800 1283 2082 1339 familiari-

519 1382 684 1427 tatem
741 1373 973 1428 ﬁliorum
1023 1372 1224 1436 Israel,
1275 1374 1475 1428 inimici
1531 1375 1687 1428 ﬁunt.
1727 1373 2079 1439 Gabaonitas,

518 1465 608 1529 qui
641 1479 670 1518 a
698 1464 824 1521 ﬁliis
850 1467 1010 1522 Israel
1045 1467 1222 1524 hellus
1254 1467 1401 1538 pacis
1433 1478 1775 1536 acceperant,
1803 1467 2080 1523 Jebttscens

518 1570 612 1609 rex
644 1554 974 1624 Jerusalem,
1029 1560 1268 1614 invitatis
1301 1575 1482 1614 secum
1528 1559 1648 1615 aliis
1673 1571 1904 1629 quatuor
1935 1560 2073 1629 regi-

516 1647 636 1713 bus,
655 1650 966 1718 aggreditur
988 1665 1320 1720 expugnare.
1349 1649 1456 1705 Sed
1489 1650 1804 1706 Gahaonitae
1834 1653 2074 1706 videntes

2196 459 2333 514 cit“
2366 458 2442 529 (8)
2468 477 2481 512 :
2518 475 2537 508 ι
2561 454 2762 510 Omnes
2789 456 2880 545 qui
2909 455 2995 526 pie
3022 455 3204 509 volunt
3223 457 3401 508 vivere
3432 455 3483 507 iit
3515 454 3750 518 Christo,

2194 551 2629 621 persecutionem
2663 549 2959 619 patientur.
3004 567 3023 601 ι
3051 547 3155 601 Sed
3181 557 3238 606 et
3270 546 3524 612 Salomon
3555 549 3748 604 similia

2190 629 2319 702 dicit
2352 664 2365 700 :
2401 665 2419 699 ι
2450 646 2573 712 Fili,
2604 645 2778 715 inquit
2810 643 2876 709 ³⁸,
2904 642 3161 700 accedens
3185 641 3250 694 ad
3292 643 3608 696 servitutem
3642 641 3748 698 Do-

2189 740 2343 806 mini,
2375 751 2618 819 praepara
2641 737 2875 791 animam
2906 743 3051 789 tuam
3082 734 3148 787 ad
3179 735 3552 801 tentationem.
3590 753 3610 786 ι
3643 733 3749 803 Ορ-

2187 839 2494 910 pugnantur
2513 843 2640 899 ergo
2659 828 2824 885 etiam
2861 840 3003 880 nunc
3031 824 3342 880 Gabaonita:
3378 824 3750 893 cuiuscunque

2186 921 2330 975 tnodi
2367 921 2472 975 sint
2506 929 2722 988 propter
2754 918 3020 975 amicitias
3045 916 3192 989 Jcsu,
3223 928 3279 970 et
3312 918 3438 988 ligni
3480 917 3604 972 licet
3641 920 3750 972 sint

2185 1027 2438 1078 caesores,
2493 1021 2548 1066 et
2581 1025 2736 1079 aquae
2783 1018 3104 1080 g‘eslatores,
3155 1007 3208 1060 id
3261 1016 3370 1073 est,
3413 1008 3538 1062 licet
3573 1007 3743 1080 ultimi

2185 1105 2364 1160 meriti
2407 1106 2480 1160 sis
2506 1105 2558 1159 in
2599 1105 2859 1168 Ecclesia,
2892 1111 3071 1156 tamen
3109 1101 3212 1155 hoc
3251 1101 3369 1169 ipso
3395 1102 3524 1175 quia
3559 1101 3624 1154 ad
3653 1099 3745 1158 1e:

2182 1210 2298 1250 sum
2333 1197 2591 1266 pertines,
2626 1193 3073 1263 impngnaberisa
3107 1193 3344 1262 quinque
3378 1192 3611 1260 regibus.
3639 1191 3744 1247 Sed

2183 1299 2360 1346 tamen
2390 1304 2491 1344 nec
2525 1288 2833 1344 Gabaonitze
2860 1285 3325 1354 derelinquuntur,
3362 1285 3444 1340 vel
3471 1301 3740 1355 spernun-

2183 1391 2270 1436 tur
2298 1380 2365 1434 ah
2403 1377 2547 1440 Jesu,
2593 1377 2675 1433 vel
2704 1379 2771 1430 ab
2798 1376 3027 1432 ducibus
3075 1393 3137 1429 ac
3169 1376 3499 1446 presbyteris
3531 1375 3742 1429 Israeli-

2181 1482 2376 1538 tarum,
2413 1471 2506 1525 sed
2537 1468 2834 1524 inﬁrmitati
2872 1483 3059 1524 eorum
3105 1467 3366 1521 auxilium
3399 1466 3600 1522 ferunt.
3626 1469 3738 1521 An.

2179 1578 2282 1616 non
2336 1562 2430 1617 tibi
2469 1561 2681 1616 videtur
2708 1561 2810 1614 hoc
2851 1575 3010 1629 agere
3052 1558 3104 1612 itt
3143 1559 3298 1612 nobis
3330 1568 3384 1613 et
3425 1559 3525 1612 hoc
3553 1559 3744 1626 praeci-

2178 1669 2302 1724 pere
2350 1654 2428 1724 (9)
2474 1653 2602 1707 illud
2657 1652 2896 1722 Apostoli
2955 1653 3290 1715 mandatum,
3331 1663 3439 1720 quo
3488 1651 3614 1704 dicit
3651 1651 3740 1706 "z

515 1738 754 1806 quinque
777 1752 934 1809 reges
957 1719 1238 1796 adversum
1271 1756 1330 1794 se
1365 1741 1416 1794 in
1445 1741 1685 1809 praelium
1710 1743 2074 1810 conspirasse,
2107 1719 2150 1775 Β
2179 1719 2203 1790 i
2238 1719 2604 1794 Consolatniui
2628 1719 3020 1808 pusillanimes,
3052 1739 3314 1793 sustinete
3347 1719 3612 1802 inﬁrmos,
3645 1755 3742 1809 pa-

513 1843 854 1899 neqnaqnam
909 1832 1144 1899 prepriis
1192 1831 1399 1885 viribus
1446 1831 1728 1902 cepiisque
1777 1833 2075 1899 conﬁdunt,

515 1921 612 1973 sed
646 1921 866 1976 mittunt
903 1923 966 1975 ad
1018 1922 1200 1976 Jesum
1241 1922 1438 1976 auxilia
1489 1923 1842 1991 postulantes.
1886 1925 1958 1978 At
1990 1925 2078 1980 ille

514 2011 698 2066 divino
725 2014 989 2081 permissu
1018 2013 1172 2088 adest
1200 2011 1540 2086 Gabaonitis,
1564 2015 1770 2070 laturus
1794 2016 2073 2069 auxilium.

513 2099 613 2156 llic
647 2113 826 2168 autem
857 2103 1122 2182 mirabilia
1151 2103 1371 2159 coalitus
1407 2105 1786 2167 ostenduntur.
1821 2105 2077 2169 Dominus

511 2195 744 2264 desuper
767 2211 897 2248 saxa
927 2196 1205 2265 grandinis
1236 2195 1390 2265 pluit,
1414 2209 1470 2253 et
1491 2181 1944 2268 quinqueregnm
1981 2199 2073 2268 qui

510 2285 796 2349 adversum
817 2283 1004 2365 J‘esnm
1027 2289 1361 2371 pugnabant,
1385 2275 1678 2342 exercitum
1704 2297 1894 2343 vastat.
1920 2287 2076 2344 Tune

511 2373 820 2454 vero'Jesus
855 2377 1044 2456 videns
1096 2379 1329 2458 divinam
1373 2394 1558 2446 secum
1610 2379 1891 2436 dexteram
1940 2396 2076 2458 prae-

509 2465 751 2548 liantem,
779 2473 833 2520 et
857 2470 1129 2538 prosperis
1160 2474 1506 2528 successibus
1530 2483 1720 2528 cuncta
1754 2473 2070 2542 procedere,

509 2574 698 2613 novant
731 2563 1016 2628 quamdam
1035 2575 1086 2618 et
1111 2563 1301 2618 miram
1321 2566 1851 2634 orationem-extollit
1879 2568 1944 2621 ad
1959 2580 2072 2627 eo:-

505 2652 642 2735 1itttt,
669 2655 855 2734 dicens
878 2656 923 2688 ³³
953 2671 968 2710 :
1007 2675 1026 2708 ί
1053 2657 1168 2734 Stet
1198 2661 1278 2715 sol
1302 2673 1462 2728 super
1491 2657 1565 2731 (6)
1588 2658 1830 2726 Gabaon,
1856 2667 1911 2714 et
1947 2660 2070 2714 luna

504 2759 667 2813 super
685 2747 879 2802 vallem
903 2748 1073 2814 Elom,
1101 2753 1272 2805 donec
1288 2747 1586 2820 expugnent
1609 2751 1862 2821 populum
1885 2753 2067 2808 istum.

504 2835 573 2890 Et
603 2839 751 2892 stetit
781 2839 944 2904 solet
974 2840 1097 2895 luna
1131 2842 1182 2897 in
1215 2843 1330 2898 loco
1359 2857 1486 2909 suo,
1517 2845 1689 2897 donec
1730 2844 2074 2912 pervinceret

508 2927 768 3010 Dominus
795 2931 1040 2988 inimicos
1055 2949 1260 3012 eorum.
1281 2935 1345 2989 Et
1369 2935 1513 2989 stetit
1537 2937 1614 3008 sol
1638 2936 1691 2989 in
1719 2936 1893 2991 medio
1914 2936 2075 3010 coelo,

2181 1834 2372 1885 tieutes
2397 1839 2570 1900 estote
2603 1830 2668 1883 ad
2701 1831 2925 1894 omnes?
2955 1850 2981 1895 ι,
3019 1830 3082 1884 Ει
3107 1831 3300 1884 iterum
3332 1831 3374 1863 "
3401 1846 3415 1883 :
3454 1849 3473 1883 ε
3510 1829 3615 1886 Vos
3639 1847 3742 1884 an-

2180 1935 2284 1996 tem
2337 1924 2695 1994 potentiores,
2753 1923 3152 1978 imbecillitates
3197 1923 3528 1998 inﬁrmorum
3575 1925 3742 1977 susti-

2179 2026 2322 2073 nete.
2358 2011 2378 2066 ι
2419 2015 2531 2070 lloc
2562 2032 2691 2087 ergo
2720 2016 2879 2070 modo
2905 2013 3063 2070 Iesus
3097 2030 3217 2086 cum
3249 2015 3476 2068 ducibus
3509 2025 3563 2068 et
3589 2017 3741 2080 priu-

2175 2105 2385 2174 eipihus
2413 2106 2551 2170 suis,
2575 2107 2724 2160 adest
2750 2105 2815 2159 iis
2855 2105 2946 2173 qui
2975 2119 3072 2173 pro
3096 2103 3310 2164 nomine
3340 2117 3439 2157 suo
3463 2119 3491 2156 a
3523 2113 3739 2156 contra-

2178 2197 2271 2250 riis
2299 2195 2584 2250 virtutibus
2613 2204 3012 2266 oppugnantur,
3039 2203 3093 2248 et
3123 2209 3227 2248 non
3259 2193 3433 2250 soium
3467 2195 3731 2257 auxilium

2176 2296 2392 2357 priestat
2434 2289 2486 2341 in
2515 2286 2675 2352 bello,
2710 2301 2894 2342 verum
2923 2295 2978 2340 et
3002 2284 3247 2354 producit
3279 2295 3487 2356 tempus
3519 2287 3647 2352 diei,
3678 2296 3742 2352 et

2176 2364 2346 2452 spatia
2373 2379 2513 2433 lucis
2539 2379 2814 2448 protelans
2841 2381 3125 2434 adventum
3157 2378 3376 2434 discutit
3409 2378 3604 2434 noctis.

2243 2477 2296 2529 5.
2349 2456 2602 2528 Volumus
2643 2487 2769 2541 ergo
2817 2474 2951 2545 (10),
3003 2474 3048 2528 si
3101 2487 3406 2542 possumus,
3451 2471 3738 2546 ostendere

2173 2543 2438 2635 quomodo
2469 2564 2726 2642 Dominus
2755 2543 2936 2620 noster
2967 2563 3124 2620 Jesus
3149 2564 3501 2634 protelaverit
3531 2564 3728 2626 lucem,

2173 2669 2226 2714 et
2257 2661 2515 2727 majorem
2548 2657 2742 2735 fecerit
2781 2659 2946 2720 diem,
2991 2657 3073 2712 vel
3102 2673 3198 2728 pro
3226 2656 3400 2712 salute
3429 2657 3740 2730 hominum,

2171 2754 2255 2806 vel
2285 2752 2622 2821 proliuteritn
2659 2751 3057 2805 contrariarum
3088 2752 3362 2802 virtutum.
3395 2749 3467 2802 Ex
3492 2763 3600 2818 quo
3637 2747 3730 2802 ad-

2171 2825 2319 2896 venit
2367 2841 2636 2906 Salvator,
2681 2839 2806 2910 ﬁnis
2831 2850 2946 2896 erat
2969 2837 3080 2908 jam
3109 2839 3316 2894 mundi.
3349 2839 3587 2908 Denique
3614 2839 3732 2908 ipse

2172 2935 2383 2989 dicebat
2403 2933 2480 2986 ³⁸ε
2508 2952 2524 2984 t
2551 2932 2932 2987 Ptenitentiam
2957 2932 3118 3010 agite,
3149 2931 3598 3000 appropinquavit
3617 2929 3736 3016 (11)

504 3033 562 3090 et
611 3040 716 3078 non
751 3033 834 3080 est
866 3039 1187 3094 progressus
1230 3028 1301 3087 ad,
1345 3041 1594 3099 occasum
1625 3029 1678 3083 in
1717 3029 1877 3083 linem
1909 3030 2068 3084 unius
2095 3047 2138 3106 ε
2170 3027 2312 3083 enim
2349 3041 2567 3096 regnum
2601 3024 2880 3079 caelorum.
2913 3043 2931 3076 t
2972 3022 3076 3078 Sed
3112 3023 3332 3098 retinnit
3375 3032 3430 3076 et
3469 3024 3725 3092 repressit

503 3111 631 3165 diei.
659 3111 776 3167 Non
819 3112 919 3166 luit
948 3114 1061 3169 dies
1091 3115 1212 3169 talis
1240 3124 1366 3171 ante
1392 3117 1518 3184 hoc,
1563 3131 1660 3172 nec
1691 3119 1765 3172 ita
1797 3119 2068 3188 exaudivit

504 3201 646 3255 Deus
699 3203 1010 3270 hominem,
1063 3207 1187 3276 quia
1239 3207 1499 3262 Dominus
1545 3211 1815 3287 pugnabat
1847 3211 1926 3281 (7)
1971 3225 2068 3284 pro

503 3293 693 3350 Israel.
731 3294 795 3349 Et
824 3295 1076 3366 ingerunt
1102 3289 1179 3352 illi
1223 3299 1460 3370 quinque
1486 3316 1662 3372 reges,
1690 3312 1743 3358 et
1770 3303 2070 3367 absconde-

504 3393 630 3439 runt
679 3399 739 3440 se
784 3386 836 3440 in
883 3387 1134 3455 Spelunca
1172 3390 1223 3442 iit
1267 3388 1509 3460 Mageda.
1549 3410 1568 3443 ι
1603 3391 1730 3447 Haec
1761 3395 2062 3460 secundum

505 3475 784 3530 historiam
817 3476 1034 3563 quidem
1083 3488 1260 3548 gesta,
1312 3481 1568 3535 miracula
1615 3466 1809 3538 divina:
1852 3485 2066 3540 virtutis

505 3568 771 3622 universis
800 3569 1011 3624 saeculis
1040 3573 1356 3639 praedicant,
1380 3589 1479 3630 nec
1511 3577 1957 3646 interpretatione
1979 3596 2066 3636 ex-

507 3663 771 3718 trinseeus
799 3663 1037 3732 indigent
1063 3663 1115 3717 in
1148 3665 1344 3734 quibus
1375 3677 1649 3737 gestorum
1682 3671 1861 3727 lumen
1906 3688 2065 3729 coru-

503 3763 640 3807 seat.
668 3753 802 3820 Quid
845 3762 1024 3808 tamen
1053 3753 1106 3806 in
1150 3741 1220 3810 iis
1249 3758 1514 3828 spiritalis
1552 3760 1858 3818 intellectus
1883 3766 2060 3819 conti-

501 3855 648 3920 neat,
685 3841 1042 3916 requiramus.

567 3939 623 4017 ‘2.
651 3938 782 4016 Cum
823 3943 999 3996 anima
1032 3943 1262 3998 humana
1297 3944 1471 4004 Verbo
1518 3946 1612 4002 Dei
1664 3962 1723 4017 se
1751 3948 2058 4014 sociaverit,

500 4029 748 4085 dubitare
778 4046 881 4085 non
924 4033 1083 4087 debet
1125 4034 1307 4087 statim
1357 4050 1416 4092 se
1447 4036 1696 4090 inimicos
1727 4019 2056 4104 habituram,

499 4131 555 4188 et
583 4137 677 4178 eos
705 4137 839 4206 quos
868 4135 990 4179 ante
1022 4126 1292 4180 habuerat
1335 4128 1540 4181 amicos
1559 4166 1577 4192 ,
1623 4128 1676 4181 iit
1715 4127 2059 4183 adversarios

495 4227 619 4269 esse
647 4203 928 4272 vertendos
956 4237 968 4271 :
1001 4219 1160 4288 idque
1207 4235 1310 4272 non
1341 4219 1512 4273 solum
1557 4219 1664 4286 pati
1698 4233 1756 4274 se
1782 4219 1849 4272 ab
1887 4221 2059 4274 homi-

499 4306 656 4360 nibus
679 4318 879 4376 speret,
900 4327 1084 4366 verum
1108 4314 1268 4371 etiam
1293 4312 1359 4364 de
1379 4294 1669 4372 contrariis
1696 4311 1982 4384 virtutibus
2004 4321 2058 4366 et

2169 3117 2308 3170 diem
2349 3115 2848 3180 consummationis,
2899 3126 2954 3170 et
2983 3115 3169 3170 adesse
3192 3117 3488 3184 prohibuit.
3526 3117 3727 3173 Videas

2166 3208 2308 3261 enim
2358 3208 2495 3262 Deus
2542 3205 2704 3260 Pater
2750 3206 2974 3260 salutem
3014 3208 3254 3276 gentium
3293 3224 3386 3276 per
3424 3209 3598 3277 ipsum
3633 3224 3719 3263 so-

2165 3298 2274 3354 lum
2317 3299 2427 3370 (12)
2455 3313 2610 3369 posse
2637 3306 2908 3363 constare,
2942 3300 3072 3354 dicit
3113 3300 3176 3353 ad
3205 3315 3326 3355 eum
3367 3303 3412 3334 "
3440 3316 3455 3354 :
3491 3320 3510 3352 ι
3541 3301 3667 3356 Pete
3692 3316 3724 3353 a

2166 3407 2269 3466 me,
2303 3403 2357 3445 et
2382 3391 2521 3445 dabo
2553 3390 2646 3445 tibi
2690 3400 2877 3458 gentes
2905 3391 3270 3446 hiereditatem
3305 3401 3478 3458 tuam,
3524 3403 3578 3447 et
3603 3408 3723 3463 pos-

2165 3483 2459 3539 sessionem
2481 3493 2621 3538 tuam
2649 3482 2909 3537 terminos
2933 3494 3109 3539 terrae.
3148 3503 3167 3534 ι
3199 3484 3375 3539 Donec
3399 3499 3531 3554 ergo
3549 3495 3721 3553 pater-

2164 3591 2230 3630 na
2278 3575 2593 3644 pollicitatio
2622 3575 2972 3646 compleatur,
3005 3586 3060 3631 et
3096 3575 3352 3630 Ecclesia:
3392 3590 3458 3630 eti
3488 3577 3734 3650 diversis.

2162 3651 2476 3725 nationibus
2521 3651 2790 3736 crescant,
2843 3679 3002 3738 atque
3055 3669 3291 3723 introeat
3335 3675 3444 3720 tota
3483 3669 3718 3738 gentium

2161 3763 2455 3834 plenitudo,
2488 3770 2545 3814 tit
2585 3771 2713 3816 tunc
2741 3761 2854 3830 (13)
2893 3763 3102 3814 demunt
3139 3759 3316 3815 omnis
3355 3756 3521 3826 Israel
3545 3741 3736 3814 salve:

2163 3847 2272 3918 tur,
2307 3853 2420 3908 dies
2453 3852 2789 3922 producitur,
2821 3863 2876 3907 et
2909 3852 3152 3906 diﬁertur
3192 3865 3439 3915 occasus,
3470 3866 3570 3905 nec
3623 3867 3719 3904 uu-

2160 3961 2320 4015 quam
2351 3947 2428 4001 sol
2463 3947 2770 4012 occumbit;
2807 3945 2898 4000 sed
2922 3959 3134 4012 semper
3161 3943 3423 4008 exoritur,
3451 3945 3574 3996 dum
3604 3958 3732 4014 cre-|

2159 4039 2396 4093 dentium
2433 4039 2686 4098 cordibus
2732 4036 2810 4092 sol
2854 4035 3075 4103 iustitia:
3128 4034 3307 4088 lumen
3355 4033 3608 4087 veritatis
3637 4033 3718 4085 in-

2158 4128 2352 4197 fundit.
2378 4126 2510 4181 Cum
2540 4142 2664 4182 vero
2689 4127 2884 4195 repleta
2908 4124 3062 4179 fuerit
3081 4138 3326 4178 mensura
3351 4124 3706 4186 credentium,

2157 4229 2212 4273 et
2244 4217 2477 4272 deterior
2497 4216 2608 4286 jam
2645 4231 2706 4271 ac
2739 4214 2955 4270 decolor
2981 4225 3114 4268 tetas
3159 4213 3360 4266 ultimae
3407 4199 3727 4281 generatio-3

2159 4312 2242 4365 nis
2279 4310 2555 4365 advenerit
2589 4306 2724 4379 (14),
2767 4321 2892 4362 cuin
2944 4307 3279 4384 increscente
3313 4304 3600 4373 iniquitate
3635 4316 3713 4356 re-

499 4399 832 4465 spiritalibtts
856 4403 1182 4474 nequitiisid
1203 4401 1302 4455 sibi
1324 4402 1605 4472 iinminere
1625 4418 1719 4468 pro
1733 4385 1881 4457 certo
1899 4403 2052 4457 sciat.
2091 4389 2131 4443 D
2160 4400 2413 4470 frigescet
2439 4400 2684 4454 Charitas
2719 4397 3030 4462 multorum,
3061 4405 3115 4451 et
3153 4397 3406 4467 perpauci
3443 4407 3713 4449 remanse-

497 4488 565 4542 Et
600 4492 672 4543 ita
719 4493 806 4567 tit,
839 4504 891 4548 ut
922 4498 1013 4563 qui
1038 4498 1307 4562 amicitias
1335 4497 1540 4567 expetit
1573 4495 1699 4567 Jesn
1723 4534 1737 4559 ,
1769 4493 2056 4548 multorum

494 4578 658 4650 425
685 4564 784 4638 sibi
812 4585 948 4638 sciat
983 4586 1292 4640 inimicitias
1323 4564 1642 4640 tolerandas.
1665 4587 1801 4639 Audi
1838 4597 2058 4653 aposto-

568 4671 614 4702 ⁸³
642 4671 765 4746 .Ios._
789 4677 1052 4746 x,12-_17.
1129 4678 1173 4710 ³⁸
1205 4676 1245 4729 ll
1274 4676 1412 4732 Titii.
1439 4691 1520 4740 ttt,
1549 4679 1634 4732 12.
1709 4679 1753 4710 "
1777 4679 1939 4734 Eccli.
1966 4694 2024 4746 tt,
2055 4681 2104 4734 1.
2181 4666 2224 4709 ⁸⁸
2251 4676 2267 4730 l
2296 4677 2486 4733 Thess.
2527 4691 2582 4742 v,
2616 4677 2701 4731 14.
2778 4677 2820 4708 ³⁷
2856 4677 3009 4732 Rom.
3058 4693 3150 4744 xv,
3195 4679 3244 4732 1.

495 4737 582 4792 17.
662 4742 705 4777 ⁸³
736 4743 875 4799 Psa‘l.
913 4744 978 4814 ti,
1005 4748 1058 4806 8.

494 4832 662 4956 digiti).
688 4834 886 4956 Dinnes
915 4855 1043 4895 mss.
1067 4883 1082 4906 ,
1113 4862 1131 4896 ι
1164 4852 1220 4899 et
1247 4841 1417 4912 digni.
1467 4859 1485 4893 ι
1525 4838 1681 4914 ιδυυ.
1725 4841 1898 4906 editi,
1939 4849 2052 4912 t_ut

533 4918 662 4972 igni.
703 4924 722 4956 ι

565 4972 657 5053 (4)-
677 4974 741 5028 Ει
774 4992 972 5043 verum,
1009 4982 1162 5037 deest
1191 4984 1242 5038 itt
1277 4982 1410 5038 libb.
1437 4980 1596 5035 editis
1619 5018 1634 5044 ,
1664 4980 1757 5033 sed
1786 4990 1961 5035 exstat
1996 4981 2046 5034 in

489 5046 743 5099 munibus
771 5061 903 5101 mss.

567 5111 643 5182 (⁵)
785 5114 1040 5190 Ίζξόηιοᾷο
1082 5121 1241 5175 solem
1279 5123 1400 5190 fecit
1438 5130 1576 5174 stare
1605 5129 1651 5172 et
1697 5119 1898 5190 lunam,
1937 5117 2048 5174 hiec

495 5182 686 5267 desunt
717 5185 770 5239 in
800 5187 952 5267 libris
976 5182 1132 5264 antea
1156 5182 1363 5267 "editis,
1383 5193 1477 5246 Sed
1502 5190 1761 5267 _leg_untur
1784 5188 1838 5241 in
1871 5190 2066 5244 codice.

495 5257 954 5318 Saugermauensi
983 5271 1038 5313 et
1066 5259 1171 5315 uno
1203 5260 1536 5316 Ebroicensi.

562 5323 640 5462 (ὃς
671 5325 977 5394 Saugerm.,
1010 5347 1041 5400 «η
1067 5346 1247 5403 super.
1283 5351 1302 5384 t
1338 5331 1496 5385 Lihb.
1524 5329 1678 5396 editi,
1709 5346 1730 5381 t
1767 5343 1949 5400 supra.
1991 5348 2011 5382 ι

589 5394 618 5444 7
673 5395 812 5448 Idem
845 5413 970 5460 ms.,
1009 5417 1030 5450 ε
1059 5401 1332 5462 pugnavit.
1366 5420 1384 5452 ι
1472 5402 1480 5412 ‘
1689 5411 1692 5416 ‘

589 5394 640 5469 ἶ)
673 5395 812 5469 Ideni
845 5413 970 5460 ωε..
1009 5394 1041 5450 ε’
1059 5394 1332 5469 pugnavit.
1366 5420 1395 5469 t
1472 5402 1480 5412 “
1662 5394 1692 5416 -’
1833 5394 1877 5469 -_
2023 5399 2027 5402 ι

566 5463 644 5527 (8)
670 5467 808 5517 Audi
845 5463 1512 5534 apostolum—Paulum'hwc
1537 5472 1714 5524 eadem
1745 5467 2056 5538 conﬁrman-

497 5540 618 5612 tem,
652 5550 766 5612 cum
789 5538 934 5589 dicit.
967 5539 1086 5612 lia-c
1102 5543 1480 5612 desiderantur
1507 5541 1561 5606 in
1590 5541 1742 5596 libris
1763 5549 1917 5594 antea
1936 5541 2050 5593 edi-

499 5603 588 5666 tis,
616 5603 707 5657 sed
733 5617 948 5660 exstant
979 5609 1029 5661 itt
1062 5610 1310 5665 omnibus
1341 5627 1472 5665 mss.
1549 5603 1557 5606 ’
1626 5617 1631 5625 ’

568 5673 645 5745 (9)
675 5671 740 5727 In
783 5677 926 5730 nobis
954 5687 1002 5733 et
1042 5679 1138 5734 hoc
1165 5683 1463 5752 pracipere.
1499 5679 1620 5740 Haec
1658 5679 1824 5737 etiam
1856 5679 2050 5754 desunt

2156 4492 2265 4544 rint
2299 4493 2349 4543 in
2383 4490 2579 4560 quibus
2605 4489 2736 4544 ﬁdes
2763 4489 3088 4562 inveniatur,
3123 4500 3249 4545 tunc
3281 4491 3390 4560 jam
3432 4493 3712 4547 abbrevia-

2157 4574 2358 4639 buiitur
2379 4585 2510 4638 dies.
2552 4585 2696 4638 Ideni
2728 4585 2892 4655 igitur
2919 4593 3080 4653 atque
3116 4585 3228 4654 ipse
3255 4585 3517 4641 Dominus
3546 4589 3707 4658 novit,

3323 4677 3368 4709 ⁸⁸
3415 4677 3602 4732 Matth.
3637 4695 3720 4754 tv,‘

2162 4839 2214 4892 in
2256 4836 2408 4890 libris
2443 4847 2605 4893 antea
2625 4837 2807 4899 editis,
2843 4836 2943 4908 sed
2977 4836 3226 4906 leguntur
3256 4837 3308 4890 in
3346 4851 3448 4892 ms.
3477 4835 3706 4908 Sanger-

2159 4909 2425 4968 tt‘taueusi,
2453 4922 2658 4959 necnon
2700 4911 2807 4962 uno
2840 4907 3170 4961 Ebroicensi.

2231 4976 2341 5051 (10)
2378 4977 2536 5044 Ergo,
2581 4977 2713 5051 alias
2763 4979 2930 5044 deest,
2977 4979 3069 5032 sed
3106 4978 3298 5047 legitur
3355 4977 3408 5031 in
3462 4979 3704 5051 omnibus

2156 5063 2285 5101 MSS.

2226 5113 2336 5188 (11)
2364 5112 2514 5188 Mss...
2557 5133 2576 5165 ‹
2606 5117 3068 5186 appmpinquavit.
3113 5135 3131 5168 ι
3170 5116 3325 5173 Libb.
3366 5115 3523 5184 edi-ti,
3563 5135 3585 5169 ι
3618 5132 3716 5188 ψ»,

2154 5185 2558 5257 ρτομῇυίῃηῲίι,
2593 5205 2628 5257 ιτ
2707 5208 2712 5212 -
2882 5185 2916 5216 ’-

2225 5253 2334 5323 (12)
2366 5253 2572 5317 Solum,
2601 5256 2750 5309 deest
2785 5257 2834 5308 in
2867 5257 3018 5311 libris
3063 5267 3227 5310 antea
3269 5254 3448 5324 editis,
3482 5258 3578 5312 sed
3617 5272 3708 5314 ex-

2154 5336 2259 5381 stat
2287 5324 2338 5376 it‘t
2367 5325 2824 5392 Sanget-ntanensi
2856 5340 2910 5379 et
2941 5343 3049 5383 uno
3076 5328 3409 5381 Ebroicensi.
3469 5345 3474 5350 ·

2219 5397 2336 5465 ¹(15)
2364 5393 2664 5468 Nemnis”
2704 5414 2721 5446 ι
2769 5407 2827 5449 ut
2850 5406 3000 5468 _tunc,
3031 5417 3050 5449 ι
3081 5406 3135 5468 et
3170 5396 3325 5465 paulo
3348 5405 3490 5466 Post,
3525 5416 3561 5451 ι-
3581 5411 3710 5468 ριὀη

2159 5463 2373 5538 ducitur
2397 5463 2757 5538 et_ditl‘ertnr.
2793 5484 2810 5517 ι
2850 5465 2998 5520 Libri
3041 5463 3239 5528 editi}:
3280 5463 3707 5538 et'tnnc...'pro—

2157 5535 2397 5592 ducitur,
2427 5531 2692 5587 differtur.
2723 5553 2742 5585 ι
2891 5550 2894 5552 ⁷

2221 5605 2331 5676 (14)
2360 5603 2504 5656 Unus
2524 5605 2686 5676 codex
2709 5605 3071 5676 Ebroicensis,
3106 5625 3124 5656 ι
3153 5615 3208 5659 et
3231 5605 3297 5660 ad
3329 5607 3623 5662 deteriores
3646 5620 3707 5662 ac

2155 5672 2487 5731 decoloratas
2509 5672 2708 5728 ultimat‘
2733 5675 3092 5745 generationis
3113 5677 3355 5748 nationes
3369 5677 3699 5733 advenerit.»
