4050 6148
1320 273 1387 328 ΓΝ
1420 272 1678 332 LIBRUM
1709 275 1872 333 JESU
1912 275 2110 332 NAVE’
2131 276 2416 335 HOMILIA
2447 275 2562 332 χιιι

3479 274 3588 331 866

331 397 390 443 et
429 388 722 446 extendere
757 387 904 445 diem
931 403 1055 447 cum
1096 389 1285 448 salutis
1315 401 1399 448 est
1431 402 1667 466 tempus,
1697 406 1750 450 et
1777 397 1906 452 brc-
1936 400 1980 458 Α
2009 397 2258 454 Assident
2287 395 2490 452 etenim
2515 393 2678 449 etiam
2703 391 2790 449 his
2812 391 2964 462 ipsis,
2989 405 3127 462 quos
3165 389 3424 456 diximus,
3458 406 3582 447 coro

329 481 486 536 viare
538 481 704 551 diem,
764 497 892 538 cum
951 483 1323 541 tribulationis
1368 495 1422 541 et
1463 488 1784 558 perditionis
1824 498 1908 543 cst

332 583 566 645 tempus.
596 572 705 629 Nos
731 583 908 631 tamen
942 575 1068 630 dum
1097 575 1358 633 habemus
1387 579 1548 644 diem,
1571 590 1627 634 et
1656 581 1908 649 produci-

331 676 424 721 tur
454 665 612 721 nobis
643 667 876 736 spatium
915 665 1076 731 lucis,
1114 683 1134 718 ι
1169 668 1310 723 sicut
1339 669 1392 723 in
1419 670 1504 726 die
1535 671 1759 727 honeste
1788 687 1905 726 am-

329 757 584 812 bulemus
611 757 679 824 ⁸ο,
716 776 734 809 ι
770 767 824 812 et
853 773 1017 827 opera
1055 759 1189 815 lucis
1213 774 1518 829 operemur.

401 849 460 904 4.
517 846 624 904 Sed
674 859 730 905 et
781 850 909 904 illud
973 851 1250 908 videamus
1281 853 1412 922 quid
1439 866 1524 912 est
1561 858 1702 927 quod
1753 859 1905 924 dicit,

329 940 570 1011 quinque
589 955 742 1012 reges
761 940 949 1009 fuisse,
976 949 1030 996 et
1051 942 1150 998 hos
1172 943 1225 997 in
1244 943 1532 1013 speluncas
1552 945 1752 1018 fugisse
1769 949 1903 1021 (15).

329 1035 485 1106 Str-pe
501 1035 738 1092 diximus
762 1035 1035 1106 duplicem
1060 1051 1179 1092 esse
1194 1035 1623 1095 Christianorum
1651 1055 1903 1111 pugnam.

326 1124 597 1181 Perfectis
643 1127 860 1197 quidem
901 1135 957 1181 et
1005 1126 1203 1182 talibus
1241 1129 1417 1197 qualis
1445 1141 1563 1185 erat
1599 1129 1798 1186 Paulus
1850 1139 1906 1186 et

325 1218 572 1289 Ephesii,
618 1219 758 1273 sicut
798 1218 912 1288 ipse
941 1217 1135 1274 Paulus
1171 1217 1282 1290 (16)
1313 1219 1445 1275 dicit
1466 1221 1549 1291 “,
1592 1238 1610 1272 ι
1664 1238 1775 1279 non
1819 1233 1902 1280 est

327 1323 510 1381 pugna
540 1311 802 1364 adversus
831 1324 1050 1364 carnem
1079 1319 1133 1366 et
1162 1311 1502 1382 sanguinem,
1525 1313 1620 1367 sed
1649 1314 1907 1369 adversus

323 1401 658 1472 principatus
707 1409 763 1458 et
803 1411 1122 1472 potestates,
1171 1406 1456 1461 adversum
1515 1406 1700 1460 mundi
1748 1408 1906 1478 hujus

325 1503 568 1550 rectores
595 1492 942 1548 tenebrarum
968 1496 1183 1560 harum,
1209 1497 1470 1554 adversus
1492 1500 1755 1570 spiritalia
1783 1502 1898 1576 (l7)

323 1587 580 1655 nequitia:
610 1585 662 1640 in
695 1585 1026 1644 cmlestibus.
1071 1608 1090 1641 ι
1129 1589 1484 1648 lnferioribus
1509 1607 1660 1659 vero,
1697 1606 1752 1651 et
1775 1610 1908 1651 non-

323 1680 453 1734 dum
499 1677 750 1748 perfectis
793 1694 968 1750 pttgna
1027 1682 1206 1738 adhuc
1263 1684 1522 1741 adversus
1584 1701 1800 1742 carnem
1849 1697 1904 1744 et

2007 492 2280 562 poralibus
2307 491 2556 546 sensibus
2585 487 2862 543 hominum
2895 485 3142 556 malignae
3176 485 3426 553 virtutes,
3461 499 3582 553 qua

2005 598 2098 640 eos
2128 583 2196 639 ad
2234 583 2403 639 malas
2440 581 2906 650 concupiscentiae
2942 587 2998 634 et
3025 576 3193 649 426
3229 574 3378 632 foeda
3411 576 3579 630 mini-

2007 675 2173 731 Steria
2211 675 2404 730 animat
2441 672 2728 744 praebenda
2785 670 3101 727 sollicitent.
3133 668 3280 734 Qu‘as
3309 666 3580 736 malignas

2005 768 2232 822 virtutes
2259 767 2303 821 si
2339 766 2470 821 fides
2500 764 2620 837 (19)
2644 763 2848 828 Christi
2871 760 3233 832 superaverit,
3267 770 3324 814 et
3354 759 3411 814 iu
3435 758 3582 831 ligno

2005 855 2183 911 crucis
2212 854 2328 925 ejus
2357 853 2556 910 fuerint
2593 868 2885 924 suspensas.
2932 861 2989 906 ut
3016 861 3071 907 et
3111 852 3178 906 de
3225 851 3356 920 ipsis
3387 850 3579 905 trium-

1991 947 2133 1019 phet
2167 946 2220 1000 in
2251 946 2392 1016 ligno
2431 947 2609 1002 crucis
2647 960 2781 1011 suae,
2811 942 3150 1012 interemptis
3178 942 3265 1007 iis,
3301 957 3580 1013 regnoque

2006 1037 2261 1106 depulsis,
2293 1047 2420 1092 tunc
2443 1035 2674 1091 efﬁcitur
2712 1036 2892 1090 anima
2919 1034 2983 1089 in-
3005 1043 3167 1104 parte
3185 1031 3302 1099 Dei,
3328 1043 3454 1088 tunc
3485 1033 3577 1088 Je-

2007 1125 2240 1182 rusalem
2283 1140 2504 1196 regnum
2532 1126 2624 1180 Dei
2655 1125 2906 1191 edicitur,
2929 1133 2987 1179 et
3009 1123 3268 1194 templum
3298 1125 3349 1178 in
3379 1138 3444 1178 ea
3470 1125 3577 1176 Do-

2007 1218 2509 1274 minoconstruitur
2536 1215 2672 1290 (20).
2695 1217 2886 1272 Annon
2912 1216 3014 1271 hoc
3035 1215 3103 1270 de
3136 1215 3426 1283 semetipso
3454 1227 3580 1269 sen-

2007 1311 2172 1365 tiebat
2219 1310 2308 1365 ille
2334 1310 2428 1379 qui
2471 1309 2688 1364 dicebat
2716 1309 2786 1374 ",
2815 1309 2943 1379 quia
2979 1327 2998 1360 ι
3036 1322 3252 1362 eramus
3286 1304 3578 1376 aliquando

2005 1411 2060 1459 et
2091 1417 2189 1458 nos
2223 1402 2504 1467 inscusati,
2533 1401 2824 1468 increduli,
2860 1411 3131 1465 errantes,
3161 1397 3459 1454 servientes
3485 1397 3582 1452 de-

2003 1493 2220 1550 sideriis
2249 1503 2306 1549 et
2327 1493 2690 1565 voluptatibus
2712 1492 2926 1548 variis?
2955 1510 2974 1544 ι
3007 1491 3124 1548 Non
3153 1491 3296 1547 enim
3323 1489 3466 1545 aliud
3497 1495 3580 1543 est

2006 1586 2109 1641 hoc
2137 1588 2281 1658 quod
2327 1587 2625 1644 Jerusalem
2650 1587 2941 1657 aliquando
2972 1587 3138 1642 fuisse
3163 1585 3264 1642 sub
3293 1599 3419 1656 rege
3440 1583 3580 1640 Ado-

2005 1679 2228 1734 nibezec
2254 1679 2533 1748 scribitur,
2556 1679 2642 1735 vel
2659 1679 2778 1735 alite
2813 1677 3063 1734 civitates
3088 1677 3188 1734 sub
3215 1677 3338 1734 aliis
3369 1677 3434 1732 ⁸³.

321 1774 641 1843 sanguinem
674 1776 901 1848 geritur,
930 1776 995 1831 iis
1019 1775 1110 1845 qui
1141 1777 1318 1832 adhuc
1343 1779 1651 1836 carnalibus
1681 1781 1826 1836 vitiis
1849 1793 1893 1838 el

2075 1769 2128 1824 6.
2189 1767 2297 1826 Sed
2353 1770 2570 1826 interim
2618 1769 2777 1826 Jesus
2833 1769 3105 1826 interfecit
3151 1769 3420 1834 inimicos,
3471 1781 3576 1823 non

321 1863 704 1936 fragilitatibus
733 1868 1148 1938 impugnantur:
1183 1869 1329 1938 quod
1365 1869 1527 1926 etiam
1557 1871 1609 1924 in
1649 1871 1751 1926 hoc
1783 1872 1901 1928 loco

321 1955 551 2012 indicari
597 1967 749 2028 puto.
785 1959 996 2014 Etenim
1027 1959 1344 2015 Gabaonitis
1390 1961 1653 2016 indictum
1701 1978 1822 2019 esse
1870 1978 1900 2018 a

321 2049 560 2120 quinque
593 2050 806 2122 regibus
845 2051 1081 2106 diximus
1128 2051 1352 2114 bellum,
1404 2067 1634 2122 quorum
1671 2054 1898 2126 ﬁguram

319 2143 432 2196 dixi
467 2157 585 2197 esse
611 2143 661 2196 in
699 2143 764 2198 iis
785 2143 876 2214 qui
907 2143 1210 2213 imperfecti
1237 2153 1387 2199 sunt.
1415 2143 1509 2200 Isti
1537 2159 1666 2216 ergo
1695 2163 1724 2201 a
1744 2147 1902 2216 quin-

318 2248 428 2302 que
477 2233 694 2304 regibus
747 2235 1152 2305 impugnantur.
1217 2235 1465 2308 Quinque
1512 2247 1696 2293 autem
1742 2253 1896 2310 reges

317 2328 560 2396 quinque
597 2342 784 2382 sensus
809 2341 1098 2397 corporeus
1118 2327 1378 2393 indicant,
1410 2329 1897 2400 visum,auditum,

317 2428 556 2491 gustum,
607 2426 810 2473 tactum
849 2427 903 2474 et
948 2421 1255 2476 odoratum.
1312 2419 1415 2477 Per
1459 2421 1692 2493 aliquem
1747 2425 1893 2481 enim

2003 1861 2382 1916 crudelitatem
2411 1861 2612 1917 docens
2644 1876 2739 1930 per
2764 1862 2888 1927 hoc,
2925 1863 3068 1917 sicut
3090 1861 3333 1916 hatretici
3359 1867 3571 1930 putant,

2001 1955 2096 2010 sed
2141 1955 2319 2010 ftttura
2377 1956 2427 2010 in
2462 1957 2548 2012 his
2587 1971 2708 2026 quae
2752 1965 3014 2027 geruntur
3047 1964 3384 2011 sacramenta
3431 1954 3577 2010 desi-

2002 2061 2174 2117 gnans
2206 2046 2319 2116 (21-)
2351 2060 2368 2100 :
2400 2055 2463 2102 ut
2486 2061 2608 2102 cum
2660 2048 2993 2104 interemerit
3027 2063 3120 2105 eos
3153 2061 3332 2117 reges,
3367 2046 3458 2116 qui
3490 2059 3578 2100 re-

2001 2154 2164 2211 gnum
2208 2141 2415 2212 peccati
2457 2150 2642 2196 teuent
2681 2143 2732 2196 in
2782 2143 2960 2207 nobis,
3003 2142 3270 2210 possimus
3308 2139 3436 2194 illud
3479 2137 3575 2191 im-

1999 2231 2150 2302 plere
2179 2233 2320 2302 quod
2359 2232 2496 2287 dixit
2528 2233 2820 2302 Apostolus
2849 2233 2941 2286 ⁸⁸·ε
2980 2253 2998 2284 ι
3049 2230 3206 2286 Sicut
3246 2229 3574 2286 exhibuistis

1999 2324 2244 2380 membra
2271 2326 2684 2381 vestra-servire
2707 2325 2975 2394 iniquitati
3011 2324 3077 2380 ad
3109 2323 3465 2395 iniquitatem,
3497 2321 3572 2375 ita

1999 2431 2145 2472 nunc
2172 2419 2523 2474 exhibeamus
2560 2418 2802 2473 membra
2831 2425 3015 2474 nostra
3040 2418 3243 2472 servire
3270 2415 3492 2485 justitize
3516 2415 3580 2468 in.

326 2510 546 2578 horum,
575 2525 1012 2581 unumquemque
1043 2525 1264 2567 necesse
1291 2520 1374 2568 est
1403 2513 1652 2571 decidere
1681 2516 1732 2570 in
1772 2531 1898 2587 pec-
1992 2509 2432 2582 iustificationem
2473 2510 2606 2584 (9.2).
2641 2529 2662 2564 ι
2709 2510 2844 2578 Quid
2877 2525 3006 2578 ergo
3043 2519 3148 2575 est,
3195 2509 3338 2580 quod
3374 2510 3444 2563 ab
3489 2508 3573 2563 eis

315 2613 523 2658 catum.
573 2601 676 2668 Qui
704 2602 943 2672 quinque
995 2617 1186 2658 sensus
1237 2604 1346 2659 illis
1389 2605 1628 2674 quinque
1680 2609 1896 2678 regibus
1997 2601 2100 2657 hoc
2119 2601 2236 2658 loco
2257 2602 2632 2656 velutcrudcle
2656 2602 2948 2672 culpatur?
2981 2601 3111 2668 Hoc,
3136 2601 3397 2672 inquit“,
3423 2599 3574 2670 quod

315 2703 724 2764 comparantur,
776 2696 866 2765 qui
925 2694 1271 2764 Gabaonitas,
1307 2697 1360 2752 id
1396 2708 1476 2754 est
1528 2699 1618 2768 qui
1648 2703 1899 2758 carnales
1997 2695 2258 2766 scriptum
2282 2707 2366 2750 est
2401 2712 2414 2749 :
2454 2713 2473 2746 ι
2501 2695 2692 2750 Ponite
2720 2695 2887 2764 pedes
2920 2705 3127 2750 vestros
3159 2709 3322 2764 super
3365 2693 3578 2749 collum

315 2786 567 2842 homines
590 2796 921 2858 expugnant.
958 2787 1112 2854 Quod
1162 2797 1342 2844 autem
1381 2790 1632 2845 dicuntur
1665 2792 1718 2846 in
1766 2807 1893 2862 spea
1997 2802 2206 2853 eorum.
2256 2797 2311 2844 et
2369 2788 2658 2844 interﬁcite
2703 2803 2821 2847 603.
2859 2807 2878 2841 ι
2920 2787 3059 2856 Quid
3112 2789 3255 2858 quod
3301 2789 3417 2843 itch
3457 2801 3573 2841 ηοη

316 2878 507 2936 luncas
530 2881 854 2950 confugisse,
885 2888 1061 2950 potest
1091 2881 1191 2936 hoc
1223 2880 1458 2937 fortasse
1490 2882 1740 2949 iudicari,
1766 2887 1892 2955 quia
1996 2877 2306 2945 crudelitas,
2335 2879 2429 2934 sed
2477 2879 2784 2935 humanitas
2812 2887 2867 2934 et
2900 2879 3208 2950 benignitas
3251 2876 3579 2935 invenitur!‘

315 2972 570 3041 spelunca
604 2972 755 3028 locus
806 2981 888 3028 est
934 2971 987 3025 in
1035 2971 1360 3042 profundum
1412 2983 1576 3029 terrae
1623 2974 1887 3032 defossus.

2001 2969 2215 3027 Utinam
2263 2979 2320 3027 et
2353 2981 2409 3026 tu
2451 2971 2571 3028 talis
2605 2986 2775 3038 esses,
2822 2971 2914 3042 qui
2959 2987 3194 3043 poneres
3229 2971 3394 3043 pedes
3445 2983 3569 3026 tuos

311 3060 486 3132 Igitur
511 3063 675 3119 etiam
717 3065 801 3118 isti
838 3080 972 3134 quos
1012 3081 1174 3135 supra
1203 3065 1436 3120 diximus
1463 3080 1655 3122 sensus
1684 3083 1803 3122 cum
1833 3083 1891 3124 se
1919 3101 1968 3162 ε
1998 3077 2161 3133 super
2218 3071 2499 3136 serpentes
2547 3072 2614 3120 et-
2651 3066 2982 3134 scorpiones,
3027 3073 3092 3120 et
3131 3079 3293 3135 supra
3345 3078 3573 3119 omnem

312 3156 545 3211 mrreuis
588 3157 800 3212 actibus
846 3157 899 3211 in
933 3172 1159 3226 corpore
1197 3158 1354 3226 positi
1401 3159 1782 3224 demerseriut,
1837 3173 1893 3216 et
1929 3156 1974 3162 ””
1995 3156 2247 3210 virtutem
2278 3156 2504 3221 inimici,
2534 3165 2589 3212 et
2615 3157 2966 3214 conculcares
3007 3158 3296 3213 draconem
3333 3166 3388 3212 et
3421 3157 3566 3211 basi-

313 3249 450 3303 nihil
479 3248 544 3303 ad
566 3264 699 3317 opus
733 3247 846 3313 Dei,
877 3250 970 3304 sed
997 3259 1168 3304 totum
1205 3251 1271 3304 ad
1307 3250 1668 3306 ministerium
1695 3267 1887 3322 corpo-

312 3341 390 3395 ris
423 3340 650 3408 egcriut,
674 3339 726 3393 in
756 3340 1045 3410 speluncas
1068 3341 1375 3411 confugisse
1403 3342 1676 3396 dicuntur.

384 3432 436 3487 5.
470 3431 760 3488 Sciendum
796 3441 971 3488 tamen
1000 3435 1142 3503 quod
1173 3433 1274 3488 ista
1298 3433 1412 3504 ipsa
1442 3449 1627 3505 regna,
1658 3450 1889 3504 quorum

312 3539 456 3578 nunc
485 3538 638 3594 reges
663 3524 952 3578 vincuntur
978 3525 1044 3579 ab
1073 3523 1222 3588 Jesu,
1249 3533 1303 3578 et
1323 3525 1643 3596 confugiunt
1671 3528 1738 3581 ad
1770 3543 1894 3596 spe-

313 3614 523 3679 luncas,
558 3616 896 3685 postmodum
919 3617 971 3669 in
1003 3627 1204 3672 sortem
1231 3619 1456 3672 veniunt
1487 3628 1801 3673 sanctorum
1837 3629 1897 3674 et-

313 3720 441 3776 pars
477 3706 685 3762 Domini
718 3707 1075 3776 appellantur,
1122 3709 1266 3764 sicut
1305 3724 1528 3778 regnum
1565 3708 1886 3776 Jerusalem,

312 3782 397 3852 vel
427 3797 645 3865 Lacbis,
682 3799 762 3853 vel
795 3801 1068 3855 Chebron.
1097 3801 1154 3854 ln
1186 3816 1295 3871 quo
1327 3801 1430 3858 hoc
1461 3801 1701 3858 arbitror
1748 3803 1889 3858 indi-

311 3889 448 3957 cari,
480 3891 622 3960 quod
651 3891 816 3946 etiam
859 3892 949 3946 isti
998 3893 1242 3962 quinque
1285 3907 1500 3960 sensus,
1537 3909 1671 3964 quos
1725 3909 1889 3965 supra

307 3982 678 4052 exposuimus,
713 3983 766 4037 in
793 3997 1023 4052 corpore
1056 3985 1236 4053 positi,
1259 4000 1384 4042 cum
1418 4002 1514 4056 per
1545 3985 1728 4043 Jesum
1767 3986 1889 4044 fue-

310 4077 420 4131 rint
448 4075 666 4146 devicti,
711 4077 787 4133 ita
814 4089 871 4132 ut
903 4078 1196 4134 infidelitas
1238 4081 1305 4136 ab
1331 4081 1411 4137 eis
1438 4091 1492 4136 et
1529 4082 1905 4138 incredulitas-

309 4171 630 4242 depellatur,
666 4183 721 4228 et
764 4188 900 4230 cum.
931 4173 1235 4229 moriuntur
1279 4184 1510 4245 peccato
1553 4176 1605 4230 in
1645 4191 1711 4232 eo
1743 4174 1887 4245 quod

308 4265 562 4321 desinunt
590 4280 620 4319 a
639 4266 940 4323 ministerio
969 4267 1211 4336 peccati;
1244 4268 1365 4324 istis
1393 4269 1522 4338 ipsis
1547 4273 1884 4338 postmodum

308 4357 574 4413 ministris
633 4367 819 4413 utetur
878 4359 1055 4414 anima
1111 4361 1179 4415 ad
1235 4362 1563 4430 operandam
1615 4363 1882 4433 justitiam

1991 3245 2206 3316 liscum,
2237 3248 2291 3304 id
2326 3258 2410 3303 est
2440 3248 2725 3319 .regulum,
2765 3249 2857 3318 qui
2904 3248 3191 3318 aliquando
3237 3249 3478 3318 regnavit
3511 3249 3575 3303 in-

1993 3347 2067 3402 te,
2096 3347 2150 3392 et
2181 3339 2353 3394 tenuit
2383 3338 2436 3392 in
2473 3348 2525 3394 te
2550 3352 2771 3406 regnum
2806 3339 3015 3408 peccati
3043 3354 3059 3392 :
3085 3348 3142 3393 ut
3179 3338 3287 3394 illis
3311 3339 3570 3395 omnibus

1994 3432 2358 3502 interemptis,
2389 3431 2480 3500 qui
2511 3431 2565 3484 in
2602 3439 2654 3485 te
2685 3431 2982 3502 regnabant
3018 3446 3181 3495 opere
3214 3432 3443 3502 peccati.
3477 3447 3568 3488 so-

1993 3525 2074 3578 lus
2133 3524 2185 3577 in
2242 3532 2302 3578 te-
2343 3531 2534 3590 regnet
2579 3521 2826 3576 Christus
2863 3521 3020 3579 Jesus
3051 3523 3312 3578 Dominus
3359 3533 3562 3589 noster,

1992 3613 2074 3666 cui
2094 3611 2356 3682 cstgloria
2385 3611 2739 3681 etimperium
2771 3610 2882 3683 (25)
2916 3613 2968 3667 in
3001 3611 3196 3668 satcula
3220 3612 3575 3670 smculorumt.

1990 3707 2186 3762 Amen.

2557 3819 2839 3876 HOMlLlA
2868 3817 2984 3874 Xll;

1991 3915 2067 3971 De
2097 3932 2156 3971 eo
2197 3917 2334 3986 quod
2379 3917 2694 3986 spiritaliter
2720 3914 2947 3984 intelligi
3001 3914 3222 3986 debeant
3271 3913 3402 3968 bella
3448 3931 3568 3982 qua:

2059 3985 2216 4055 gessit
2238 3987 2414 4051 Jesus,
2449 3997 2496 4040 et
2517 3989 2655 4054 quod
2699 4001 2961 4055 regressus
2990 3985 3214 4055 populus
3240 3996 3356 4054 post
3393 3987 3565 4040 victo-

2060 4054 2198 4111 riam
2227 4073 2329 4110 non
2357 4057 2556 4111 mutim‘t
2587 4058 2641 4110 in
2669 4054 2850 4126 lingua
2879 4071 2979 4109 sua
3003 4054 3138 4126 (9.4).

2061 4171 2114 4226 l.
2143 4169 2201 4225 Si
2248 4184 2310 4225 ea
2336 4185 2454 4240 quae
2479 4185 2577 4238 per
2615 4169 2831 4240 Moysen
2862 4170 2938 4225 de
2960 4169 3330 4234 tabernaculo,
3368 4169 3449 4224 vel
3473 4185 3568 4226 sa-

1989 4263 2210 4320 criﬁciis
2243 4273 2298 4320 et
2331 4263 2476 4318 omni
2519 4263 2609 4318 illo
2633 4262 2778 4317 cultu
2813 4263 3296 4329 adumbrabantur,
3329 4272 3486 4334 typus
3507 4271 3569 4317 et

1990 4355 2178 4410 umbra
2201 4355 2452 4410 dicuntur
2481 4369 2599 4410 esse
2623 4353 2950 4418 caelestium,
2989 4355 3106 4410 sine
3141 4353 3304 4410 dubio
3335 4365 3390 4411 et
3418 4355 3560 4413 bella

309 4443 561 4516 Dei(l8),
588 4452 644 4500 et
669 4446 743 4500 ita
789 4446 849 4502 lit
890 4457 949 4502 ut
980 4447 1300 4512 Jerusalem,
1345 4449 1398 4503 in
1434 4465 1539 4520 qua
1586 4451 1734 4519 prius
1795 4466 1884 4506 rex
1917 4464 1967 4524 ι)
1993 4462 2242 4518 qum-per
2286 4446 2467 4504 Jesum
2499 4457 2781 4516 geruntur,
2811 4455 2867 4501 et
2913 4462 3098 4517 regum
3133 4455 3292 4518 atque
3323 4449 3561 4505 hostium

313 4552 544 4607 nequam
575 4540 834 4608 regnabat
856 4548 913 4594 et
937 4540 1222 4610 pessimus,
1252 4542 1589 4610 postmodum
1622 4543 1672 4595 in
1703 4558 1764 4596 ea
1793 4559 1880 4598 re-

307 4638 437 4698 gnet
491 4628 660 4686 David
711 4643 900 4700 potens
956 4647 1139 4699 manu,
1175 4632 1258 4686 vel
1305 4632 1561 4700 pacificus
1605 4633 1878 4689 Salomon.

1990 4553 2219 4613 strages,
2251 4541 2552 4596 cmlcstium
2593 4556 2772 4596 rerum
2811 4542 2924 4614 (‘25)
2956 4543 3146 4596 umbra
3179 4555 3233 4598 ct
3257 4555 3411 4615 typus
3440 4558 3577 4599 esse~

1990 4635 2211 4689 dicenda
2267 4643 2413 4700 sunt,
2461 4649 2645 4689 eorum
2690 4635 2951 4689 duntaxat
2986 4634 3268 4702 bellorum,
3304 4652 3422 4706 qua:
3452 4635 3560 4691 Do-

381 4767 429 4800 ⁸⁹
462 4769 619 4827 Rom.
657 4786 778 4836 xttt,
813 4771 899 4827 l5.
973 4771 1014 4803 ⁸⁸
1047 4772 1244 4842 Ephcs.
1273 4787 1344 4835 γι,
1378 4771 1466 4832 l2.
1543 4772 1587 4804 ⁸¹
1607 4772 1712 4827 Tit.
1745 4789 1825 4838 ttt,
1852 4774 1893 4828 5.

1997 4775 2026 4806 ’³
2053 4773 2178 4832 Jud.
2207 4789 2245 4828 t.
2319 4772 2366 4807 ⁸⁸
2403 4772 2557 4830 Rom.
2607 4774 2793 4837 “,19.
2870 4777 2915 4807 ⁸⁵
2959 4774 3071 4831 Jos.
3104 4773 3274 4841 κει.

380 4891 494 4973 (l5)
520 4893 701 4948 Codex
731 4894 1011 4966 Saugerm.
1042 4909 1164 4950 cum
1195 4911 1304 4952 uno
1329 4894 1662 4962 Ebroicensi,
1693 4915 1712 4949 ι
1753 4911 1880 4952 cou-

309 4960 684 5102 fuiillsgf'ldem,
723 5051 742 5084 ι
781 5033 1093 5105 Apostolus.
1151 5055 1170 5088 ι
1209 5033 1414 5092 Ibidem
1453 5038 1558 5091 duo
1587 5037 1879 5097 Ebroicen—

313 5117 423 5166 ses,
455 5121 474 5154 ‹
515 5111 737 5160 uon'est
760 5119 957 5176 pugna.
997 5125 1017 5158 ι
1057 5105 1204 5163 Libri
1237 5106 1392 5172 editi,
1438 5123 1458 5158 ι
1496 5123 1601 5162 non
1629 5116 1752 5162 erat
1781 5123 1882 5178 pu-

709 5261 728 5296 ¹
767 5247 1027 5303 ³⁴¹⁹⁸⁹⁸¹¹⁵
1045 5246 1331 5318 spiritalia.
1365 5266 1385 5299 ι
1412 5246 1557 5302 Libri
1580 5247 1729 5314 editi,
1767 5265 1803 5299 ι
1823 5258 1877 5303 et

356 5380 498 5463 με)
542 5383 664 5451 Dei,
690 5384 913 5443 deestin
947 5398 1105 5444 antea
1146 5389 1328 5454 editis,
1355 5389 1448 5445 sed
1475 5397 1654 5444 exstat
1677 5388 1730 5443 in
1756 5404 1874 5444 om-

315 5455 702 5597 ιῗιῖἲδίῗῖῗᾶθι
731 5520 1010 5596 Sangerm.
1055 5543 1177 5582 cum
1228 5542 1334 5583 uno
1388 5527 1721 5597 Ebroicensi,
1771 5548 1804 5583 ι-
1826 5533 1872 5587 si

317 5591 470 5649 ﬂues.
510 5612 529 5646 ι
561 5595 713 5652 Libb.
744 5591 898 5663 editi,
934 5616 952 5649 ι
983 5612 1102 5652 cum
1138 5599 1290 5656 ﬁdes.
1331 5618 1349 5652 ι

387 5663 500 5736 (20)
547 5664 748 5723 Omnes
785 5681 940 5734 mss.,
989 5686 1030 5720 ι.
1053 5669 1406 5729 construitur.
1469 5689 1498 5725 ι.
1534 5667 1688 5728 Libb.
1717 5671 1868 5741 editi,

327 5752 364 5793 ιι
390 5744 746 5794 constt'uetur.
793 5755 828 5790 ι.

2059 4897 2172 4970 (21)
2205 4896 2360 4952 Libb.
2393 4896 2546 4970 editi,
2594 4915 2627 4948 ι
2661 4896 2838 4951 futura
2862 4907 3221 4970 sacramenta
3260 4899 3564 4970 designans.

1982 4968 2142 5092 1(silens
2181 4982 2302 5090 qtuze
2323 4967 2686 5037 gerebantur;
2727 4967 2874 5023 ιερὰ
2903 4982 3094 5024 omnes
3123 4983 3257 5025 mss.
3297 4967 3432 5026 utin
3467 4987 3559 5026 no-

2036 5053 2094 5092 ro
2141 5054 2203 5090 ex
2235 5053 2290 5090 ιι.

2036 5053 2094 5092 I'O
2119 5053 2290 5090 textu.

2054 5107 2164 5179 (ἓὲ)
2190 5107 2368 5163 Codex
2394 5106 2776 5177 Sangerman.,
2802 5125 2820 5160 ι
2855 5107 3326 5178 iustificationem.
3358 5129 3379 5163 ι
3403 5108 3568 5167 Libri.

1979 5179 2134 5240 editi,
2170 5198 2187 5228 ι
2227 5179 2734 5234 sanctificationem.
2769 5199 2788 5232 ι

2051 5247 2165 5314 (25)
2202 5247 2353 5320 Unus
2384 5248 2742 5304 Ebroiceusis
2781 5258 2901 5320 post
2947 5267 2967 5300 ‹
3005 5249 3287 5320 imperium
3320 5270 3341 5304 ι
3379 5248 3550 5319 addit,

1987 5337 2006 5370 ς
2043 5334 2166 5373 cum
2191 5318 2394 5384 Spiritu
2420 5327 2629 5373 sancto.
2675 5338 2694 5371 ι

2054 5388 2164 5459 (Ἠ)
2199 5388 2262 5442 Et
2284 5387 2423 5460 quod
2453 5403 2713 5460 regressus
2751 5387 2974 5460 populus
2996 5399 3108 5460 post
3132 5390 3400 5460 victoriam
3445 5407 3562 5450 non,

1981 5458 2184 5512 mutivit
2200 5461 2260 5530 in,
2280 5459 2458 5527 lingua
2478 5476 2595 5530 sua.
2632 5458 2755 5514 Haec
2771 5459 2968 5516 desunt
2993 5458 3042 5530 in
3068 5459 3220 5530 libris
3249 5471 3404 5516 antea
3429 5462 3567 5518 εαξη..

1983 5531 2072 5602 gs,
2119 5529 2210 5602 sed
2253 5529 2501 5602 leguntur
2543 5528 2598 5584 in
2632 5529 2819 5586 codice
2850 5545 2950 5588 ms.
2985 5528 3270 5602 Sangerin.
3305 5533 3376 5587 ’et
3433 5548 3542 5589 uno

1979 5597 2312 5654 Ebroicensi.
2415 5639 2421 5646 .

2051 5667 2162 5742 (ᾷῦ)
2189 5668 2399 5742 Rerum,
2433 5669 2582 5725 deest
2625 5670 2676 5725 in
2719 5669 2872 5728 libris
2911 5670 3090 5742 editis,
3130 5671 3225 5730 sed
3257 5680 3435 5732 exstat
3480 5673 3560 5738 in.

1976 5737 2164 5797 codice
2195 5754 2294 5799 tus.
2329 5739 2580 5811 Sanggm.
