4050 6148
531 234 642 292 887

1968 233 2125 288 ORIG
2134 231 2220 286 EN
2229 232 2290 287 IS

534 359 717 412 minus
753 363 937 413 noster
962 353 1119 410 Jesus
1155 363 1281 409 cum
1315 367 1412 409 suo
1447 353 1712 419 exercitu,
1742 363 1798 408 et
1825 353 2110 423 magistra-
2138 358 2186 413 Α
2219 365 2316 421 per
2337 349 2613 420 speculum
2645 357 2700 405 et
2731 349 2785 404 in
2820 348 3106 418 aenigmate
3132 347 3312 419 aliqua
3346 363 3413 402 ex
3451 358 3606 417 parte
3641 364 3763 404 eou-

535 449 701 513 tibus,
731 448 783 502 id
809 455 892 500 est
915 444 1251 500 credentium
1288 443 1515 515 pepulis,
1549 453 1713 515 atque
1739 458 1924 499 eorum
1951 444 2105 500 duci-

533 541 633 594 bus
661 547 850 593 contra
879 535 1150 589 diabolum
1181 542 1235 590 et
1261 535 1376 604 ejus
1407 535 1630 604 angelns
1655 536 1950 606 praeliatur.
1989 537 2107 607 Ipse

527 629 674 685 enim
715 634 818 692 est,
851 627 940 694 qui
976 627 1028 679 in
1069 624 1238 680 Paulo
1284 636 1339 680 et
1388 625 1441 680 in
1487 626 1736 696 Ephesiis
1775 636 1978 698 pugnat
2005 630 2102 682 ad-

529 731 723 772 versus
751 714 1084 784 principatus
1107 724 1158 769 et
1189 722 1490 784 potestates
1517 725 1571 770 et
1589 725 1826 771 rectores
1852 717 2102 771 tenebra-

529 823 650 864 rum
698 809 911 874 harum,
959 807 1220 861 adversus
1266 806 1526 876 spiritalia
1574 809 1827 878 nequitia:
1858 809 1910 863 in
1943 809 2104 867 cmic-

528 903 703 957 stibus
719 900 784 954 “.
805 900 871 955 Et
896 899 1038 963 vide,
1061 900 1271 970 ingrate
1296 899 1568 963 hzeretice,
1589 901 1858 968 quomodo
1873 917 1940 956 ex
1961 901 2100 956 inte-

528 1007 624 1063 gro
670 991 940 1048 veteribus
984 1007 1120 1047 nova
1163 991 1516 1050 concordant.
1570 990 1904 1048 Promissum
1939 1006 2024 1050 est
2053 995 2097 1028 δ’

519 1083 798 1138 veteribus
835 1098 1055 1152 regnum
1092 1093 1251 1138 terra:
1281 1091 1506 1150 sanctae,
1547 1092 1707 1138 terrae
1752 1082 1969 1141 liuentis
2015 1085 2097 1142 lac

526 1187 580 1230 et
626 1177 750 1239 mel,
783 1191 901 1247 quae
936 1183 1076 1231 terra
1117 1187 1242 1232 tunc
1266 1193 1295 1232 a
1343 1177 1716 1247 peccatoribus
1748 1187 1803 1232 et
1845 1181 2098 1249 pessimis

531 1269 718 1324 incolis
741 1285 802 1324 ac
837 1272 1055 1340 regibus
1077 1273 1380 1326 tenebatur.
1411 1271 1570 1330 Venit
1594 1271 1648 1325 in
1677 1272 1838 1327 istam
1896 1283 2095 1330 terram

527 1358 682 1415 Jesus
710 1376 831 1416 cum
867 1362 1106 1416 exercitu
1141 1362 1372 1428 Domini,
1405 1371 1459 1418 et
1487 1362 1806 1421 lsraeliticis
1841 1364 2091 1430 ducibus.

527 1460 790 1522 expugnat
817 1467 1024 1517 omnes,
1067 1453 1349 1518 interimit,
1381 1454 1689 1520 obtinet,et
1741 1457 1812 1512 ob
1855 1458 2095 1514 victoriae

525 1543 774 1598 meritum
822 1543 1018 1610 accipit
1053 1558 1240 1598 eorum
1274 1559 1438 1616 regna
1473 1559 1612 1616 quos
1637 1546 1786 1604 vicit.
1826 1547 1948 1602 Tibi
1998 1563 2094 1620 per

523 1633 808 1705 Evangelia
841 1650 946 1690 non
988 1636 1370 1706 promittuntur
1417 1651 1578 1707 regna
1615 1649 1774 1694 terra:
1804 1638 1942 1709 (26),
1993 1641 2091 1695 sed

2213 443 2350 498 tueri
2381 456 2436 497 et
2471 443 2742 512 inspicere
2792 445 3014 512 lignras,
3064 440 3277 508 plenius
3320 441 3477 498 nobis
3513 455 3763 507 geserare.

2208 545 2263 591 et
2303 534 2598 603 perfectius
2627 532 2950 605 dignaretur
2975 535 3190 604 aperire
3219 548 3236 586 :
3263 531 3480 586 videres
3508 535 3767 600 quomodo

2207 630 2366 685 nobis
2401 629 2740 684 claresceret
2783 627 2940 695 cujus
2969 626 3309 695 potissimum
3341 640 3411 680 ex
3443 624 3766 692 spiritalibus

2206 721 2478 788 hostibus,
2515 721 2582 774 iis
2614 718 2708 789 qui
2741 733 2889 772 nunc
2916 717 3230 787 impugnant
3260 716 3424 771 Israel
3455 715 3761 786 spiritalem,

2207 814 2434 882 figuram
2473 811 2651 866 tenuit
2698 810 2804 866 iste
2837 810 3088 880 princeps
3112 809 3178 863 de
3214 807 3459 879 Mageda,
3499 819 3557 862 'et
3595 808 3678 863 ille
3708 811 3766 864 de

2201 903 2421 970 Lachis,
2459 913 2516 959 et.
2548 903 2636 958 ille
2681 903 2751 958 de
2782 901 2964 960 Lebna
3003 921 3015 956 :
3063 913 3158 955 aut
3192 901 3346 971 cujus
3384 902 3528 954 intra
3583 909 3764 955 temetq

2201 997 2376 1067 ipsum
2409 997 2548 1061 vitii,
2587 996 2671 1054 vel
2718 995 2927 1051 erroris
2963 995 3162 1066 quibus
3209 993 3392 1047 anima
3427 993 3763 1062 implicatur,

2194 1088 2430 1149 formam
2464 1095 2652 1143 tenent
2685 1087 2885 1158 singuli
2936 1086 3138 1156 quique
3193 1085 3391 1139 horum
3419 1125 3434 1146 ,
3479 1098 3620 1152 quos
3645 1082 3763 1139 .lesu

2197 1179 2337 1235 duce
2376 1180 2652 1235 interfecit
2685 1178 2924 1249 populus
2956 1178 3189 1242 Domini,
3228 1177 3263 1231 ii
3289 1176 3537 1230 videlicet
3561 1176 3764 1243 quiau-

2195 1273 2356 1326 diunt
2389 1271 2645 1326 mandata
2673 1272 2815 1342 ejus,
2841 1281 2898 1327 et
2925 1279 3191 1341 praecepta
3219 1267 3556 1332 cuStodiunt,
3579 1268 3764 1336 quibus

2196 1363 2310 1434 ipse
2348 1363 2538 1419 tribuit
2577 1362 2892 1420 facultatem
2921 1361 3170 1418 calcandi
3201 1375 3366 1431 super
3393 1369 3680 1430 serpentes
3710 1369 3762 1415 et

2193 1456 2532 1525 scorpiones,
2581 1464 2638 1510 et
2688 1471 2853 1527 super
2906 1469 3123 1510 omnem
3170 1463 3495 1522 potestatem
3537 1453 3759 1509 inimici.

2191 1548 2421 1606 Oremus
2449 1563 2584 1618 ergo
2612 1559 2671 1604 ut
2699 1559 2757 1606 et
2789 1549 2958 1605 nostri
2992 1549 3157 1618 pedes
3187 1547 3322 1602 tales
3348 1547 3481 1612 sint,
3510 1556 3618 1600 tam
3642 1563 3761 1615 spe-

2192 1643 2347 1704 ciosi.
2382 1652 2490 1696 tam
2520 1640 2709 1706 validi,
2762 1641 2853 1710 qui
2902 1641 3109 1710 possint
3141 1639 3354 1694 calcare
3389 1639 3630 1693 cervices
3662 1639 3762 1692 ini-

524 1729 906 1798 promittuntur
948 1743 1109 1798 regna
1144 1728 1424 1784 caelorum.
1473 1728 1580 1785 Sed
1613 1731 1727 1785 haec
1770 1746 1935 1800 regna
1983 1747 2088 1786 non
2121 1727 2163 1783 Β
2195 1734 2480 1796 micorum,
2517 1733 2608 1802 qui
2637 1733 2851 1803 possint
2886 1734 2958 1787 ita
3003 1740 3165 1802 caput
3210 1731 3422 1792 calcare
3453 1731 3762 1799 serpentis,

523 1828 650 1875 sunt
690 1833 882 1890 vacua,
936 1834 1036 1875 nec
1089 1821 1290 1884 inania,
1327 1820 1530 1876 habent
1574 1822 1911 1879 habitatores
1962 1837 2089 1880 suos

518 1922 830 1982 peccatores
863 1925 917 1969 et
955 1929 1183 1983 nequam
1217 1915 1460 1983 spiritus,
1485 1919 1707 1986 angelos
1748 1916 1981 1986 refugas.
2009 1917 2086 1972 lbi

520 2004 763 2060 habitant
789 2006 890 2072 illi,
909 2007 1193 2060 adversum
1224 2021 1362 2075 quos
1391 2015 1442 2060 te
1465 2007 1759 2076 apostolica
1789 2023 2086 2078 personans

518 2097 644 2150 tuba
675 2095 874 2152 Paulus
911 2099 1228 2153 cohortatur
1257 2099 1322 2153 ad
1353 2099 1618 2169 praelium,
1647 2110 1701 2155 et
1727 2101 1867 2156 sicut
1900 2101 1971 2156 ibi
1999 2101 2086 2156 di-

515 2187 670 2242 cebat
700 2186 810 2260 (27)
854 2187 1028 2252 .lesus,
1068 2191 1191 2258 quia
1225 2190 1423 2246 bellum
1465 2193 1569 2247 erit
1610 2191 1766 2247 vobis
1799 2193 2082 2248 adversum

513 2278 856 2334 Amorrhazos
881 2289 937 2335 et
966 2280 1300 2349 Pherezazos,
1338 2291 1392 2338 et
1426 2283 1635 2348 Ενιιξοε,
1671 2295 1727 2339 et
1759 2282 2033 2342 Jebusaeos
2064 2300 2080 2338 ε

511 2369 764 2426 similiter
799 2371 892 2427 tibi
926 2373 1085 2428 etiam
1117 2375 1203 2428 hic
1220 2373 1416 2436 Paulus
1438 2374 1937 2441 denuntiatdicens,
1964 2377 2082 2432 Non

512 2461 614 2516 erit
639 2462 789 2516 vobis
812 2479 986 2533 pugna
1016 2465 1276 2524 adversus
1304 2480 1523 2520 carnem
1566 2476 1621 2520 et
1648 2466 1959 2536 sanguinem
1980 2468 2030 2499 “
2063 2507 2080 2533 ,

512 2554 566 2618 id
597 2563 679 2608 est
710 2571 812 2610 non
845 2559 924 2610 sic
961 2557 1316 2625 pugnabimus
1360 2559 1500 2613 sicut
1533 2569 1907 2630 pugnaverunt
1935 2561 2079 2615 anti-

511 2646 624 2713 qui,
659 2662 755 2701 nec
783 2648 834 2701 in
878 2650 1039 2704 terris
1078 2649 1232 2704 nobis
1265 2650 1524 2706 adversus
1553 2651 1800 2708 homines
1832 2653 2081 2709 habenda

511 2745 636 2791 sunt
684 2739 888 2808 pralia,
921 2740 1013 2793 sed
1044 2741 1302 2796 adversus
1333 2743 1690 2813 principatus,
1731 2755 1787 2799 et
1819 2745 2082 2803 adversus

508 2838 826 2901 potestates,
863 2832 1124 2889 adversus
1157 2834 1340 2888 mttndi
1367 2835 1524 2905 hujus
1557 2847 1802 2892 rectores
1827 2839 2081 2894 tenebra-

510 2936 649 2986 rum.
675 2921 792 2976 Jam
830 2925 1015 2994 utique
1048 2925 1308 2998 intelligis
1336 2927 1387 2980 in
1418 2928 1616 2997 quibus
1663 2928 1794 2985 locis
1831 2930 2082 3000 hujusce-

509 3015 651 3080 modi
691 3015 798 3068 sint
830 3016 922 3070 tibi
961 3018 1222 3072 movenda
1257 3020 1578 3074 certamina.
1627 3021 1736 3075 Aut
1765 3022 1808 3076 si
1841 3023 1935 3078 tibi
1969 3039 2075 3080 non

2195 1836 2250 1880 ut
2307 1825 2623 1880 calcaneum
2679 1834 2920 1880 nostrum
2968 1825 3219 1878 mordere
3277 1838 3383 1877 non
3424 1824 3616 1891 possit.
3666 1821 3762 1888 Qui

2191 1896 2338 1971 enim
2389 1924 2594 1986 pugnat
2639 1914 2741 1970 sub
2771 1914 2898 1970 Jesu
2950 1919 3086 1969 duce
3142 1915 3424 1969 adversum
3456 1916 3763 1970 contrarias

2189 2019 2507 2080 potestates,
2548 2007 2710 2062 debet
2753 2007 2918 2062 etiam
2961 2007 3091 2060 illud
3137 2005 3459 2075 promereri,
3503 2005 3647 2075 quod
3697 2006 3762 2060 de

2190 2101 2464 2170 prioribus
2494 2100 2851 2156 bellatoribus
2883 2099 3146 2153 scribitur
3177 2113 3192 2152 :
3230 2118 3248 2150 ι
3283 2097 3347 2152 Ει
3381 2113 3630 2151 reversus
3652 2106 3761 2165 est,

2187 2194 2362 2260 inquit
2387 2194 2456 2258 ",
2489 2195 2774 2246 universus
2809 2195 3036 2261 populus
3065 2191 3131 2244 ad
3181 2187 3367 2244 Jesum
3423 2191 3714 2245 incolumis
3741 2228 3762 2254 ,

2185 2298 2239 2340 et
2281 2302 2382 2340 non
2422 2283 2640 2339 Inutivit
2682 2283 2968 2352 quisquam
3021 2283 3087 2337 de
3127 2282 3254 2336 liliis
3300 2281 3461 2336 Israel
3497 2284 3548 2335 in
3577 2282 3758 2352 lingua

2191 2396 2310 2434 sua.
2348 2399 2368 2430 ι
2405 2375 2570 2432 Vides
2604 2393 2732 2446 ergo
2762 2377 2889 2445 quia
2937 2375 3027 2444 qui
3065 2375 3166 2428 sub
3191 2373 3320 2430 Jesu
3356 2377 3573 2441 militat,
3611 2378 3759 2431 inco-

2186 2470 2346 2524 lumis
2374 2469 2535 2524 debet
2569 2469 2747 2523 redire
2775 2469 2840 2522 de
2875 2469 3080 2538 prmlio,
3116 2482 3214 2522 nec
3245 2483 3471 2536 usquam
3501 2469 3660 2523 debet
3689 2483 3756 2524 ex

2177 2563 2371 2632 jm-ulis
2398 2563 2621 2633 maligni
2651 2562 2837 2631 ignitis
2861 2559 3056 2615 vulnus
3080 2561 3352 2630 accipere,
3379 2575 3484 2614 non
3517 2560 3568 2613 in
3590 2562 3756 2616 corde

2184 2654 2371 2726 pollui,
2404 2670 2509 2708 non
2537 2656 2590 2707 in
2627 2654 2960 2723 cogitatione
2987 2651 3278 2715 maculari,
3316 2666 3422 2704 non
3459 2666 3561 2721 per
3594 2653 3753 2718 iram,

2187 2765 2290 2802 non
2319 2762 2416 2816 per
2449 2746 2836 2815 cupiditatem,
2871 2761 2976 2799 non
3007 2759 3104 2814 per
3144 2743 3308 2798 aliam
3334 2743 3631 2812 quamlibet
3657 2759 3754 2799 oc-

2183 2841 2454 2894 c:tsionem
2486 2838 2838 2896 datmoniacis
2878 2837 2991 2907 (250)
3041 2836 3360 2890 vulneribus
3393 2836 3574 2890 locum
3601 2837 3748 2891 dare.

2182 2932 2333 2998 Quod
2392 2942 2571 2986 autem
2623 2931 2830 2984 addidit
2862 2929 2998 2998 (51),
3040 2927 3164 2997 quia
3217 2927 3395 2984 nullus
3440 2928 3655 2982 mutivit
3699 2929 3754 2988 in

2182 3021 2362 3092 lingua
2393 3037 2512 3086 sua,
2542 3021 2644 3077 hoc
2674 3021 2804 3075 tnihi
2833 3021 3052 3074 videtur
3078 3021 3313 3087 ostendi,
3341 3021 3467 3090 quia
3495 3021 3564 3076 de
3585 3022 3752 3077 victos

508 3106 702 3163 suﬂicit
732 3107 1055 3174 intellectus,
1085 3111 1187 3165 nisi
1215 3112 1376 3166 etiam
1406 3113 1521 3168 loca
1549 3115 1660 3184 ipsa
1703 3115 1817 3186 (28)
1845 3117 2077 3174 manife-
2103 3096 2149 3158 θ
2185 3115 2263 3168 ria
2301 3129 2460 3169 nemo
2512 3128 2572 3168 se
2597 3113 2829 3183 iactavit
2871 3113 3010 3183 (32).
3053 3127 3216 3168 nemo
3252 3128 3363 3169 suae
3412 3114 3601 3168 νῖτιυιί
3627 3115 3749 3184 quia

507 3207 589 3253 sta
616 3199 709 3253 tibi
751 3215 882 3256 voce
907 3203 1218 3272 signentur,
1243 3206 1372 3260 audi
1406 3208 1456 3261 in
1499 3211 1960 3278 consequentibus
1985 3211 2029 3254 δ’
2057 3229 2073 3266 :

511 3307 532 3346 ε
567 3290 863 3347 Adversum
903 3295 1188 3362 spiritalia,
1220 3297 1395 3366 inquit
1424 3298 1557 3372 (29),
1597 3302 1853 3370 nequitiae
1875 3302 1929 3358 in
1963 3319 2076 3360 cm-

505 3380 750 3438 lestibus.
793 3403 813 3437 ι
858 3385 1068 3441 Audisti
1107 3387 1198 3456 qui
1231 3388 1341 3442 sint
1373 3389 1475 3454 illi,
1505 3391 1594 3459 qui
1629 3391 1723 3446 tibi
1761 3393 1901 3449 bello
1939 3406 1994 3450 et
2024 3396 2072 3450 vi

503 3475 572 3529 de
596 3476 910 3533 caelestibus
933 3479 1236 3546 expellendi
1279 3489 1427 3548 sunt,
1460 3491 1518 3534 ut
1542 3491 1594 3536 tu
1627 3483 1803 3550 possis
1834 3484 1947 3539 loca
1985 3484 2076 3540 illa

501 3571 650 3636 regni
701 3569 958 3626 ctelorum
1003 3572 1332 3628 baereditatis
1359 3582 1505 3630 sorte
1533 3574 1836 3644 suscipere.
1879 3575 1988 3631 Sed
2017 3588 2075 3632 et

504 3661 763 3716 Dominus
793 3664 846 3718 in
882 3664 1177 3736 Evangelio
1209 3680 1386 3722 nonne
1406 3665 1688 3721 evidenter
1720 3667 1834 3722 haec
1869 3668 2074 3724 indicat

501 3767 624 3807 cum
654 3756 782 3810 dicit
807 3756 852 3789 '°
883 3773 897 3811 :
927 3776 948 3810 r
994 3757 1040 3818 A
1079 3759 1268 3814 diebus
1291 3757 1514 3822 Joannis
1548 3774 1772 3830 regnum
1808 3761 2071 3822 caelorum

500 3845 608 3899 vim
639 3848 861 3916 patitur,
881 3860 934 3905 et
959 3849 1067 3904 vim
1101 3851 1360 3906 facientes
1387 3852 1645 3921 diripiunt
1677 3854 1844 3911 illud?
1873 3875 1892 3908 ι

569 3937 623 4006 2.
661 3937 800 4004 Quid
849 3956 978 4012 ergo
1007 3957 1214 4008 cessas,
1265 3956 1298 3998 ο
1329 3943 1601 4012 haeretiee,
1634 3947 1798 4001 etiam
1844 3947 2073 4003 Domino

499 4038 555 4082 et
586 4031 854 4100 Salvatori
885 4045 1073 4088 nostro
1099 4035 1428 4090 calumniam
1473 4035 1676 4104 facere,
1701 4039 1794 4110 qui
1842 4056 2070 4110 regnum

498 4120 784 4186 calorum,
836 4123 976 4190 quod
1008 4126 1349 4181 credentibus
1397 4127 1452 4181 in
1487 4141 1545 4182 se
1581 4130 1934 4198 promiserat,
1974 4147 2073 4201 per

498 4215 606 4267 vim
641 4215 799 4283 diripi
844 4214 1034 4282 jubet?
1067 4218 1132 4272 Et
1176 4218 1364 4286 utique
1409 4220 1453 4274 si
1491 4221 1795 4277 adhibenda
1827 4223 1910 4279 vis
1961 4234 2069 4290 est,

498 4316 705 4359 certum
744 4316 827 4361 est
858 4308 1000 4376 quod
1031 4309 1431 4377 possidentibus
1467 4313 1771 4369 adhibenda
1795 4323 1898 4370 est.
1949 4311 2069 4368 Vim

497 4398 641 4451 enim
691 4400 888 4465 facere,
948 4402 1048 4457 hoc
1079 4412 1162 4457 est
1203 4403 1474 4472 expellere
1525 4405 1910 4474 possidentem,
1940 4422 2069 4476 pos-

495 4490 904 4561 sessionemque
960 4493 1213 4561 diripere.
1286 4494 1458 4549 Dicite
1514 4511 1666 4567 ergo,
1727 4497 1852 4566 quid
1917 4497 2066 4553 aliud

493 4590 576 4632 est
638 4585 780 4650 quod
844 4586 1111 4640 accusatis
1179 4586 1372 4645 fecisse
1433 4587 1614 4643 .lesum
1693 4604 2062 4646 successorem

491 4670 706 4729 Mosei?
738 4676 913 4745 Atque
970 4678 1175 4731 utinam
1242 4679 1389 4750 digni
1443 4695 1686 4737 essemus
1726 4683 1924 4751 quibus
1958 4684 2062 4748 Do,-

493 4768 672 4822 minus
692 4767 850 4822 Jesus
878 4769 1154 4838 sapientiae
1181 4785 1290 4824 sua?
1318 4773 1493 4824 aulam
1533 4773 1860 4840 panderetet
1888 4774 2061 4830 intro-

491 4859 713 4916 duceret
748 4877 844 4915 nos
873 4861 1012 4915 intra
1037 4863 1320 4924 thesauros
1348 4864 1592 4920 scientia:
1627 4881 1762 4929 suae,
1786 4877 1843 4920 et
1875 4881 1939 4921 ea
1990 4869 2058 4923 de

488 4947 653 5022 427
689 4952 884 5022 quibus
930 4968 1073 5009 nunc
1121 4955 1450 5024 pedetentim
1506 4971 1768 5012 conamur
1802 4967 2058 5030 tauquam

560 5043 610 5075 “
646 5044 845 5128 Ephes:
879 5047 1070 5128 vt,_
1146 5050 1190 5082 "
1219 5050 1512 5128 Levit_._x,x.
1585 5051 1630 5095 ".8
1659 5051 1860 5123 Ephes.
1900 5069 1954 5110 vt
2016 5054 2080 5128 19.

2185 5056 2232 5088 ⁴⁹
2278 5054 2411 5111 ibid.

490 5111 620 5168 Cor.
654 5111 740 5181 xv,
773 5116 859 5171 10.
935 5119 983 5151 ⁸³
1015 5120 1148 5178 Luc.
1178 5136 1311 5178 xvu.
1359 5111 1447 5178 10.

563 5208 885 5284 (ξξωοάθι
911 5212 1198 5284 Sangcrtn.
1245 5235 1265 5268 ε
1311 5229 1542 5273 terrena.
1583 5239 1602 5271 ι

563 5280 675 5356 (2])
712 5283 876 5356 idem,
905 5301 936 5356 ξ(
968 5280 1188 5340 ειέἰοιιι
1214 5303 1310 5356 per
1341 5292 1522 5342 tubam
1560 5291 1794 5346 dicebat.
1823 5309 1846 5350 ι

565 5350 678 5421 (28)
703 5352 851 5419 Ipsa,
886 5354 1036 5410 deest
1072 5356 1125 5411 in
1162 5350 1314 5413 libris
1339 5359 1517 5428 editis,
1546 5363 1639 5416 sed
1663 5370 1842 5416 exstat
1871 5360 1925 5414 in
1957 5379 2060 5424 ms.

493 5416 782 5475 Sattzerm.

537 5436 782 5495 δὲἔεεῖτῐη·
1115 5487 1122 5495 .

564 5490 1406 5573 (29)fuquit,__deest'etiamin
1454 5499 1603 5554 libris
1641 5501 1824 5566 editis,
1875 5517 2060 5558 verum

491 5573 669 5640 exstat
704 5568 754 5615 in
783 5568 1196 5640 tns,_S:ttigertti.
1217 5569 1380 5624 Paulo
1403 5579 1525 5640 post
1545 5586 1732 5626 omnes
1759 5589 1888 5626 mss.
1918 5587 2062 5627 recte

494 5631 713 5712 habent,
751 5652 768 5684 ι
809 5635 948 5690 bello
971 5631 1105 5712 et‘vi
1132 5643 1196 5694 de
1231 5631 1562 5699 cmlesttbus.
1601 5662 1621 5694 ο
1667 5640 1726 5698 ιιι
1750 5643 1879 5700 libb.
1905 5645 2068 5708 editis.

491 5701 854 5769 desideratur,
885 5723 905 5757 ε
934 5707 1008 5761 vi.
1045 5727 1064 5760 ι

2177 3204 2457 3273 superavit
2483 3204 2734 3274 ascripsit
2762 3203 2872 3276 (55)
2905 3217 2920 3256 :
2946 3205 3041 3258 sed
3070 3205 3304 3258 scientes
3326 3205 3453 3273 quia
3483 3205 3641 3259 Jesus
3665 3215 3748 3259 est

2179 3294 2270 3364 qui
2307 3295 2594 3350 victoriam
2627 3294 2834 3359 tribuit,
2870 3294 2968 3362 ipsi
3014 3294 3065 3347 in
3102 3293 3286 3364 lingua
3329 3310 3425 3347 sua
3469 3311 3576 3347 non
3633 3309 3746 3347 mtt-

2182 3391 2342 3444 tiunt.
2387 3388 2538 3453 Quod
2579 3387 2715 3442 bene
2758 3386 3073 3455 intelligens
3102 3386 3390 3456 Apostolus
3428 3387 3742 3443 dicebat“:

2181 3499 2200 3531 ι
2232 3479 2348 3536 Non
2376 3489 2555 3534 autem
2585 3493 2710 3548 ego,
2747 3479 2853 3547 sed
2881 3479 3052 3549 gratia
3085 3479 3216 3543 Dei,
3242 3495 3363 3549 qua:
3395 3480 3448 3532 in
3478 3495 3566 3534 me
3595 3493 3692 3534 est.
3719 3501 3741 3535 ι

2175 3572 2312 3634 Puto
2361 3583 2541 3626 autem
2571 3572 2701 3641 quia
2738 3572 2804 3625 ad
2836 3571 2939 3626 hoc
2973 3571 3199 3640 respicit
3244 3580 3301 3626 et
3353 3571 3484 3627 illud
3531 3572 3740 3628 Domini

2175 3665 2488 3719 mandatum
2528 3665 2670 3734 quod
2699 3664 2776 3717 ait
2808 3663 2856 3701 ⁸³
2883 3685 2894 3719 :
2927 3682 2946 3716 ι
2981 3662 3114 3720 Cum
3147 3674 3327 3718 autem
3360 3665 3606 3721 feceritis
3630 3682 3741 3722 om-

2175 3759 2261 3812 nia
2299 3757 2432 3822 ltatc,
2481 3757 2647 3810 dicite
2678 3757 2802 3824 quia
2860 3755 3003 3814 servi
3063 3755 3282 3812 inutiles
3327 3774 3516 3814 sumus
3550 3778 3563 3813 :
3599 3759 3739 3830 quod

2173 3849 2458 3904 debuimus
2492 3848 2694 3913 facere,
2726 3846 2973 3913 fecimus.
3007 3866 3026 3900 ι
3055 3845 3121 3908 Et
3163 3847 3218 3903 in
3259 3849 3360 3903 hoc
3397 3851 3544 3903 enim
3581 3851 3738 3904 simili

2177 3943 2338 3997 modo
2375 3957 2557 3998 rerum
2589 3953 2848 4013 prospere
2877 3949 3153 4010 gestarum
3200 3940 3416 3996 videtur
3453 3941 3741 4011 prohibere

2166 4030 2506 4100 jactantiam.

2242 4124 2295 4178 5.
2329 4123 2438 4180 Sed
2478 4122 2738 4191 Marcion,
2777 4133 2834 4178 et
2867 4121 3207 4188 Valentinus,
3231 4129 3285 4176 et
3321 4121 3609 4188 Basilides,
3633 4138 3735 4178 cre-

2173 4217 2382 4286 terique
2429 4231 2554 4270 cum
2591 4216 2722 4285 ipsis
2761 4215 3022 4280 haeretici,
3056 4216 3184 4269 dum
3231 4215 3346 4268 haec
3372 4215 3562 4270 nolunt
3603 4217 3735 4271 sicut

2169 4318 2362 4364 sancto
2384 4307 2587 4377 Spiritu
2614 4308 2834 4376 dignum
2858 4316 2940 4363 est
2967 4307 3291 4378 intelligere,
3323 4307 3734 4364 declinaverunt

2172 4415 2200 4453 a
2237 4400 2363 4466 fide,
2397 4407 2452 4454 et
2496 4400 2845 4454 inseruerunt
2878 4413 2936 4454 se
2977 4401 3351 4468 impietatibus
3382 4401 3566 4456 multis
3600 4401 3732 4471 (54),

2173 4493 2365 4557 alium,
2390 4491 2560 4548 Deum
2592 4491 2749 4563 legis,
2783 4501 2841 4547 et
2874 4491 3058 4554 mundi
3089 4505 3388 4548 creatorem
3413 4508 3478 4548 ac
3502 4493 3731 4562 judicent

2169 4581 2529 4663 proferqttes,
2559 4584 2704 4638 velut
2736 4599 2832 4654 per
2865 4585 2980 4640 haec
3025 4599 3144 4654 qua:
3173 4586 3376 4654 scripta
3409 4595 3571 4651 sunt,
3616 4601 3735 4640 cru~

2170 4677 2444 4734 delitatem
2486 4679 2774 4748 quamdam
2806 4679 3123 4744 docentem,
3179 4679 3322 4746 quod
3371 4680 3585 4733 calcare
3644 4679 3733 4732 bo-

2171 4772 2338 4832 stium
2387 4772 2627 4828 cervices
2651 4772 2929 4839 iubentur,
2950 4783 3112 4839 atque
3145 4772 3197 4826 in
3230 4771 3376 4842 ligno
3406 4774 3732 4841 suspendere

2170 4878 2326 4932 reges
2366 4871 2524 4928 terra:
2565 4863 2729 4931 illius,
2762 4878 2925 4932 quam
2956 4863 3225 4922 violenter
3253 4865 3530 4918 invadunt.
3555 4865 3732 4933 Atque

2170 4957 2374 5012 utinam
2417 4957 2680 5014 Dominus
2713 4974 2866 5015 meus
2894 4959 3056 5016 Jesus
3089 4959 3260 5015 Filius
3305 4961 3398 5014 Dei
3433 4962 3567 5017 mihi
3591 4961 3729 5016 istud

2521 5055 2569 5100 ’θ
2598 5055 2904 5131 Matth._xr,
2938 5056 3028 5112 12.
3132 5055 3175 5088 ⁵¹
3219 5053 3333 5111 Jos.
3370 5073 3435 5121 ι,
3461 5055 3555 5112 2t.
3627 5053 3728 5112 "l

2245 5221 2566 5321 Ι(ξειόειι
2599 5222 2908 5321 ὃδιιιιδριιιιη
2945 5241 2967 5285 ι
2996 5223 3328 5280 daemonicis.
3354 5243 3374 5277 ι

2255 5293 2340 5361 31)
2371 5293 2536 5358 Idem,
2571 5311 2589 5344 t
2617 5295 2783 5356 addit.
2807 5313 2825 5346 ι

2160 5300 2341 5487 et}???
2372 5365 2572 5420 Omnes
2604 5380 2761 5429 mss.,
2801 5381 2821 5416 c
2855 5363 3108 5434 jactavit.
3145 5383 3163 5418 ι
3202 5364 3359 5420 Libb.
3403 5363 3568 5430 editi,
3601 5365 3725 5437 «ja-

2229 5504 2591 5626 (5-3)|anes
2634 5522 2808 5571 mss.,
2867 5523 2887 5558 ι
2933 5506 3208 5579 ascripsit.
3262 5524 3284 5558 ι
3336 5505 3499 5562 Libb.
3555 5505 3720 5574 editi,

2165 5592 2183 5626 ι
2207 5592 2343 5628 llSt'l‘l
2372 5587 2453 5630 ιιι.
2485 5594 2504 5626 ι

2211 5644 2342 5718 ,(54)
2371 5645 2554 5702 Codex
2585 5647 2901 5719 Sangerm.,
2939 5667 2958 5702 ι
2980 5648 3259 5712 doloribus
3290 5647 3493 5703 multis.
3520 5665 3545 5703 ι
