4050 6148
321 207 441 292 csa
1291 239 1363 297 1N
1400 240 1660 298 LIBRUM
1699 239 1864 298 JESU
1904 240 2092 298 NAVE
2129 239 2412 297 HOMILIA
2445 238 2582 295 xm.
3482 235 3586 292 sae

327 358 644 428 concedat,
678 369 737 417 et
775 360 968 430 jubeat
999 358 1099 418 me
1140 364 1368 433 pedibus
1425 365 1565 421 meis
1594 366 1915 422 conculcare
1942 369 1991 427 Α
2017 365 2263 436 singulas
2301 377 2548 434 quasque
2589 358 2876 422 civitates,
2916 372 3063 412 nunc
3109 357 3162 412 in
3213 355 3444 413 veritate
3489 371 3586 428 per

330 449 596 517 spiritum
645 451 1049 520 fornicationis,
1082 465 1139 510 et
1193 457 1410 514 calcare
1465 473 1632 529 super
1668 463 1913 516 cervices
2013 459 2260 527 singulas
2309 469 2554 525 quasque
2601 453 2810 507 animas
2845 449 3188 505 credentium
3219 451 3490 520 complet:
3522 457 3584 506 ut

331 539 564 606 Spiritus
599 540 897 598 iracundiae
921 553 976 598 et
1003 544 1222 613 furoris,
1265 548 1481 604 calcare
1528 552 1773 606 avaritia:
1805 551 1914 606 dre-
2015 563 2134 618 quae
2161 547 2328 620 428
2359 547 2772 617 possidebantur
2800 560 2830 598 a
2871 545 3028 598 malis
3064 553 3119 598 et
3150 544 3401 612 pessimis
3441 542 3584 612 regi-

329 645 575 696 mnnem,
601 634 818 689 calcare
859 636 1205 706 iactantiam,
1245 652 1535 697 conterere
1563 643 1788 712 pedibus
1816 658 1911 698 su-
2011 641 2112 696 bus
2156 641 2454 696 secundum
2495 641 2791 711 principem
2823 641 2967 695 aeris
2999 638 3186 692 mundi
3234 638 3413 707 hujus,
3467 635 3582 704 spi-

327 724 536 792 perbiaa
561 725 858 794 spiritum:
891 739 948 783 et
982 745 1108 786 cum
1150 733 1264 787 haec
1308 732 1510 799 fecero,
1552 735 1735 803 operis
1773 735 1910 805 gesti
2015 731 2150 786 ritus
2179 732 2270 800 qui
2313 747 2457 786 nunc
2497 741 2758 801 operatur
2803 732 2858 786 in
2916 730 3058 785 ﬁlios
3112 728 3436 792 difﬁdentiae,
3491 743 3580 783 ex-

326 829 625 883 snmmam,
657 834 769 874 non
811 822 969 888 mihi,
1003 825 1099 879 sed
1140 831 1288 882 cruci
1326 827 1443 897 ejus
1471 829 1801 900 appendere,
1831 844 1913 886 se.
2010 823 2179 892 pulsis
2207 823 2272 876 iis
2302 833 2354 876 et
2391 824 2688 893 peremptis
2711 863 2726 887 ,
2761 821 2940 877 facere
2973 838 3065 876 eas
3089 822 3340 891 dignetur
3367 819 3578 875 habita-

324 908 521 976 quenti
549 907 777 965 Paulum
825 912 1096 970 dicentem
1129 915 1199 981 ",
1227 919 1353 988 quia
1383 933 1481 987 per
1514 921 1689 989 ipsum
1728 939 1748 972 ι
1776 921 1908 976 mihi
2010 917 2195 968 culum
2234 912 2329 966 Dei
2357 913 2471 985 (59)
2501 951 2519 979 ,
2571 923 2626 969 et
2672 915 2846 969 sancti
2889 914 3126 982 Spiritus
3169 912 3422 982 templum
3456 928 3470 965 :
3519 920 3581 965 ut

325 1001 568 1056 mundus
604 1003 906 1060 cruciﬁxus
941 1015 1057 1072 est,
1091 1025 1113 1059 ο
1160 1017 1217 1062 et
1247 1023 1310 1064 ea
1349 1024 1472 1080 qua
1503 1011 1615 1078 jam
1659 1013 1909 1082 superius
2009 1002 2254 1057 membra
2294 1017 2414 1070 quae
2443 1004 2752 1059 servierant
2789 1001 2889 1056 sub
2925 1015 3056 1070 rege
3086 1001 3271 1068 iniquo
3309 996 3581 1067 iniquitati

325 1095 754 1150 memoravimus
793 1097 938 1166 quod
979 1100 1058 1152 ait
1077 1099 1162 1153 ἐς
1191 1117 1212 1152 ι
1237 1099 1354 1156 Non
1399 1112 1578 1158 autem
1623 1119 1724 1176 ego
1748 1143 1764 1170 ,
1811 1105 1906 1160 sed
2007 1096 2075 1149 ad
2113 1095 2539 1160 immunditiam,
2563 1109 2707 1148 nunc
2748 1094 2990 1148 serviant
3027 1091 3252 1159 iustitiae
3279 1091 3346 1144 ad
3376 1089 3581 1144 sancti-

322 1189 506 1254 gratia
538 1188 655 1253 Dei,
689 1203 809 1259 qua:
838 1191 891 1244 in
918 1205 1004 1246 me
1036 1201 1140 1248 est.
1176 1211 1197 1246 ι
1228 1194 1384 1262 Quod
1412 1198 1457 1252 si
1486 1198 1558 1251 ita
1585 1197 1768 1255 facere
1795 1213 1909 1254 me.
2008 1187 2338 1242 ficationem.
2382 1187 2473 1242 Sic
2505 1201 2631 1256 ergo
2661 1186 2902 1255 intellige
2943 1184 3090 1254 quod
3121 1180 3398 1237 interfecit
3421 1177 3582 1236 Jesus

323 1291 513 1345 ruere,
547 1279 740 1336 beatus
761 1295 878 1345 ero,
905 1291 960 1336 et
991 1284 1207 1340 dicetur
1229 1287 1395 1341 etiam
1421 1287 1576 1354 mihi,
1609 1289 1752 1358 quod
1775 1289 1908 1344 dicit
2007 1294 2187 1348 regem
2211 1277 2456 1345 Jericho,
2510 1289 2567 1333 et
2619 1294 2802 1348 regem
2837 1276 2960 1341 Hai,
2985 1285 3037 1330 et
3075 1289 3253 1345 regem
3283 1271 3488 1335 Lebna,
3525 1277 3583 1327 et

323 1371 569 1442 antiquis
587 1371 746 1428 Jesus
769 1374 816 1407 ⁸⁸
844 1392 857 1428 :
895 1393 915 1426 ί
955 1375 1202 1432 Viriliter
1229 1380 1395 1449 agite.
1421 1389 1476 1434 et
1497 1380 1902 1448 confortamini,

2006 1386 2188 1440 regem
2219 1370 2440 1436 Lachis,
2490 1379 2546 1426 et
2588 1386 2770 1442 regem
2803 1369 3079 1435 Chebron,
3121 1376 3182 1421 ut
3228 1367 3342 1419 ista:
3391 1378 3582 1420 omnes

325 1479 440 1518 non
474 1465 713 1520 timeatis
736 1506 752 1532 ,
786 1482 888 1522 nec
920 1472 1219 1526 vereamini
1261 1487 1291 1526 a
1332 1471 1474 1528 facie
1505 1488 1692 1529 eorum
1716 1515 1732 1540 ,
1773 1476 1905 1544 quia

2005 1461 2204 1517 anima:
2247 1477 2372 1532 quae
2404 1470 2529 1517 ante
2556 1461 2658 1517 sub
2696 1463 2911 1530 regibus
2953 1460 3204 1531 pessimis
3228 1456 3339 1529 (40)
3371 1455 3579 1528 peccati

323 1556 590 1612 Dominus
615 1558 759 1614 Deus
789 1561 1187 1618 tradiditvohis
1203 1579 1393 1620 omnes
1418 1566 1667 1621 inimicos
1691 1575 1903 1624 vestros

1778 1575 1903 1624 ηι-οε
2004 1551 2176 1624 legem
2209 1554 2492 1620 colebant,
2521 1570 2667 1610 nunc
2697 1555 2798 1610 sub
2831 1553 2924 1608 Dei
2954 1553 3162 1622 legibus
3193 1559 3377 1622 agant.

321 1649 381 1705 in
411 1665 622 1708 manus.
654 1670 674 1705 ι
708 1651 835 1709 Haec
865 1655 908 1709 si
941 1655 1261 1725 Spiritalitcr
1292 1658 1679 1730 intelligamus,
1713 1671 1770 1716 et
1799 1661 1901 1715 hu-
1933 1709 1977 1730 ,,
2074 1648 2129 1702 2ο
2165 1647 2270 1703 Sed
2304 1655 2356 1702 εί
2381 1648 2446 1702 de
2468 1648 2600 1717 ῖβείε
2628 1645 3166 1718 ίιηθτρτθιδιίοηίδηε
3201 1644 3504 1706 ηοῖηίηυπηο
3532 1641 3577 1697 εί

313 1740 624 1813 juscemodi
670 1744 812 1802 bella
839 1745 1158 1816 spiritaliter
1184 1709 1559 1820 procuremits,
1585 1761 1642 1808 et
1667 1754 1902 1823 expella-

2003 1739 2276 1796 curiosius
2321 1755 2387 1795 ac
2431 1739 2744 1810 diligentius
2787 1747 3223 1810 perscrutemur,
3269 1736 3579 1790 invenietur

323 1849 450 1890 mus
471 1835 656 1890 omnia
679 1836 768 1890 illa
790 1839 1054 1908 spiritalia
1084 1842 1341 1910 nequitiae
1379 1843 1445 1897 de
1475 1843 1807 1912 cmlestihus,
1829 1847 1902 1901 ita

2004 1831 2332 1903 significatio
2358 1830 2469 1903 (4-1)
2496 1832 2774 1886 nominum
2806 1848 2949 1888 nunc
2973 1831 3039 1885 ad
3073 1831 3200 1885 mali
3229 1829 3401 1900 regni,
3434 1843 3577 1884 nunc

323 1926 540 1981 demum
563 1930 863 1997 Ροιεῐίιηιιε
889 1932 1054 1986 etiam
1081 1932 1197 1987 loca
1229 1942 1283 1987 et
1311 1949 1475 2004 regna
1503 1936 1744 2014 ipsorum
1781 1953 1901 2008 qua;
2001 1926 2167 1981 etiam
2194 1923 2262 1979 ad
2288 1923 2420 1979 boni
2451 1923 2864 1994 intelligentiam
2891 1939 3048 1993 posse
3070 1921 3330 1977 conferri.
3359 1920 3425 1976 Ut
3445 1931 3578 1990 puta

318 2030 454 2075 sunt
479 2021 741 2077 caelorum
775 2039 941 2095 regna
990 2026 1105 2096 (55)
1136 2027 1204 2081 ab
1230 2025 1357 2083 Jesu
1389 2012 1733 2085 Itatreditatis
1751 2039 1900 2086 sorte
1999 2014 2188 2072 Lebna
2214 2017 2414 2072 candor
2443 2017 2837 2087 interpretatur
2857 2015 2996 2086 (42).
3043 2013 3260 2070 Candor
3290 2022 3466 2067 autem
3497 2012 3577 2066 di-

320 2110 630 2181 suscipere,
674 2123 973 2178 praestante
1025 2117 1258 2173 Domino
1296 2127 1354 2173 et
1400 2118 1683 2174 Salvatnre
1711 2129 1900 2177 nostro
1999 2123 2160 2166 verse
2207 2108 2551 2179 intelligitur.
2597 2108 2694 2163 Εει
2730 2107 2874 2162 enim
2923 2108 3130 2162 Candor
3168 2108 3356 2176 Ιθρτεε,
3389 2113 3474 2159 εει
3521 2111 3578 2159 ei

316 2197 451 2257 Jesu
483 2201 725 2266 Christo,
757 2205 846 2259 cui
895 2215 981 2260 est
1026 2207 1201 2276 gloria
1246 2218 1302 2264 et
1345 2209 1633 2280 imperium
1679 2210 1793 2285 (56)
1840 2212 1898 2268 in
1999 2203 2210 2256 candor
2229 2199 2386 2254 lucis.
2403 2198 2664 2255 Possibile
2685 2212 2816 2267 ergo
2841 2206 2924 2253 est
2949 2199 3113 2252 etiam
3139 2197 3374 2252 nominis
3409 2196 3580 2265 ipsius

320 2293 518 2348 saecula
555 2297 900 2352 saeculorum.
942 2298 1134 2352 Amen.
2000 2293 2482 2363 interpretatione,
2517 2291 2800 2359 utriusque
2849 2299 3023 2345 status
3073 2288 3407 2344 dierrentias
3437 2288 3579 2344 indi-

883 2408 1165 2465 HOMIL'A
1204 2409 1343 2466 XI".
1997 2389 2133 2454 cari,
2177 2394 2234 2439 ut
2277 2386 2574 2440 candorem
2621 2382 2842 2452 quidem
2896 2381 3059 2450 leprae
3099 2380 3349 2436 habuerit
3389 2381 3576 2438 Lebna

319 2495 398 2554 De
427 2496 638 2568 Lachis,
669 2509 720 2556 et
753 2501 952 2566 Lebna,
991 2512 1038 2556 et
1067 2508 1130 2574 de
1159 2502 1396 2574 Chebron
1418 2502 1739 2574 civitatibus,
1765 2519 1896 2574 quas
1998 2478 2099 2533 sub
2134 2477 2352 2574 "55")“
2379 2475 2538 2574 "13!“
2575 2495 2588 2530 ⁵
2627 2489 2736 2544 quo
2785 2473 3063 2528 desuucw
3109 2481 3282 2574 filii“?
3339 2486 3533 2527 everso
3555 2513 3572 2541 θ

729 2562 974 2641 ceperunt
1010 2573 1122 2645 (57)
1153 2574 1256 2641 ﬁlii
1295 2573 1485 2628 Israel.
1725 2562 1737 2570 ’
1777 2562 1789 2574 ’
1997 2583 2120 2624 cum
2155 2569 2222 2622 ad
2258 2566 2618 2622 lsraeliticum
2646 2578 2869 2633 regnum
2900 2563 3146 2632 pervenit
3181 2562 3368 2618 Lebna
3391 2602 3406 2628 ,
3439 2576 3575 2617 can-

391 2661 449 2716 1.
480 2679 502 2715 ι
530 2660 656 2718 Haec
680 2664 886 2730 omnia,
916 2679 1040 2734 quae
1067 2665 1372 2736 figuraliter
1415 2665 1735 2721 accidebant
1766 2666 1893 2734 illis,
1996 2661 2184 2715 dorem
2220 2661 2357 2716 lucis
2389 2659 2686 2728 acceperit,
2721 2658 2849 2727 quia
2873 2659 3076 2712 candor
3107 2655 3161 2710 in
3190 2656 3490 2726 Scripturis
3519 2664 3576 2710 et

325 2754 530 2823 scripta
559 2764 687 2810 sunt
713 2767 891 2811 autem
927 2768 1150 2829 propter
1181 2774 1279 2812 nos
1315 2759 1368 2813 in
1392 2773 1529 2828 quos
1563 2758 1698 2814 flues
1725 2773 1896 2814 saecu-
1997 2753 2284 2810 laudabilis
2315 2763 2372 2808 et
2400 2751 2690 2820 culpabilis
2720 2751 2956 2820 ponitur.
3007 2749 3074 2804 Et
3119 2749 3313 2803 iterum
3375 2749 3574 2804 Lacltis

315 2845 492 2909 lorum
529 2847 642 2918 (58)
673 2849 1008 2904 devenerunt
1030 2850 1098 2904 ⁵⁷.
1140 2869 1158 2903 ι
1191 2850 1326 2905 Cum
1357 2851 1486 2920 legit
1510 2851 1553 2906 is
1578 2852 1668 2920 qui
1700 2851 1752 2905 in
1775 2867 1895 2906 ma-
1997 2849 2385 2918 interpretatur
2421 2849 2524 2900 iter
2566 2844 2701 2918 (45).
2735 2845 2841 2899 lter
2874 2853 3056 2899 autem
3101 2852 3156 2898 et
3201 2841 3471 2896 laudabile
3517 2849 3573 2896 et

317 2940 519 2994 ttifesto
550 2939 766 2996 Judams
804 2951 927 3007 est,
981 2951 1037 2997 et
1093 2943 1182 3013 qui
1240 2943 1582 2999 manifestam
1636 2944 1799 3000 habet
1839 2945 1890 3001 in
1996 2939 2266 3010 culpabile
2295 2941 2350 2994 in
2384 2936 2684 3007 Scripturis
2733 2935 2980 2990 habetur.
3032 2934 3185 3002 Quod
3221 2934 3435 2988 diflicile
3463 2949 3569 2988 non

317 3046 489 3086 carne
520 3032 1020 3100 circumcisionem,
1055 3036 1304 3091 nesciens
1330 3036 1458 3105 quid
1488 3037 1556 3092 sit
1593 3037 1646 3090 in
1680 3037 1893 3093 occulto
1919 3055 1966 3119 α
1997 3042 2078 3090 est
2110 3031 2361 3102 probare,
2397 3031 2538 3086 sicut
2576 3029 2864 3119 diciturin
2916 3027 3148 3084 Psalmis
3187 3028 3232 3060 "
3263 3043 3276 3080 :
3315 3044 3333 3077 ι
3370 3026 3435 3080 Et
3470 3027 3572 3080 iter

318 3137 442 3178 esse
485 3123 727 3179 Judaeum
763 3127 818 3180 in
849 3126 1271 3181 circumcisione
1305 3126 1523 3191 cordis,
1575 3127 1706 3181 nihil
1747 3128 1892 3184 aliud
1927 3111 1966 3119 w
1997 3124 2288 3194 impiorum
2336 3123 2556 3192 peribit.
2589 3140 2608 3173 ι
2644 3121 2714 3176 Ει
2756 3111 2887 3175 alibi
2937 3119 3251 3174 econtrario
3284 3119 3330 3149 ⁶⁰
3360 3135 3375 3172 :
3412 3137 3430 3170 ε
3463 3116 3572 3172 lter

317 3224 476 3287 putat
505 3231 628 3272 esse
653 3217 756 3273 nisi
788 3217 927 3274 bella
953 3218 1249 3288 descripta,
1271 3227 1326 3274 et
1349 3218 1600 3273 interitus
1627 3218 1888 3282 hostium,
1996 3226 2204 3271 rectum
2238 3215 2402 3269 facile
2430 3213 2656 3281 pedibus
2679 3213 2933 3268 vestris.»
2963 3211 3148 3266 Potest
3176 3225 3308 3280 ergo
3339 3209 3570 3278 intelligi

319 3315 374 3361 et
425 3308 701 3363 lsraelitas
748 3310 886 3364 duce
933 3309 1062 3366 Jesu
1112 3312 1412 3377 vincentes,
1465 3322 1522 3366 et
1571 3311 1892 3381 diripientes
1993 3310 2163 3364 etiam
2199 3307 2311 3372 hic,
2344 3306 2488 3378 quod
2517 3306 2618 3360 iter
2653 3306 2940 3374 impiorum
2979 3303 3144 3358 fuerit
3175 3305 3349 3372 primo
3373 3301 3570 3356 civitas

317 3400 563 3470 gentium
598 3414 783 3468 regna.
813 3403 914 3468 Qui
957 3417 1088 3456 vero
1122 3402 1174 3456 in
1220 3402 1437 3457 occulto
1464 3400 1682 3458 ,Ιιιιιωυε
1706 3411 1811 3466 est,
1837 3403 1891 3458 id
1994 3395 2193 3451 Lachis
2225 3410 2240 3449 :
2284 3410 2395 3466 quo
2423 3397 2700 3450 destructo
2721 3403 2885 3462 atque
2907 3393 3190 3458 subverso,
3227 3390 3570 3459 postmodum

318 3498 402 3544 est
432 3490 794 3558 Christianus,
846 3492 936 3560 qui
989 3490 1175 3548 Jesum
1219 3509 1329 3560 [non
1376 3503 1482 3548 tam
1531 3493 1705 3548 filium
1742 3493 1892 3550 Nave
1995 3488 2255 3544 lsraelitis
2291 3487 2645 3557 regnantibus
2692 3484 2758 3538 ad
2807 3487 2907 3540 iter
2937 3489 3195 3552 perducta
3226 3484 3298 3538 sit
3333 3492 3564 3537 rectum.

319 3597 481 3651 quam
514 3582 714 3639 Filium
760 3585 852 3638 Dei
891 3587 1169 3654 sequitur,
1225 3585 1339 3641 haec
1399 3587 1579 3640 omnia
1633 3586 1890 3658 mysteria
1995 3581 2262 3636 Similiter
2297 3589 2476 3634 autem
2514 3587 2571 3633 et
2605 3577 2881 3640 Chebron,
2913 3591 3076 3646 quam
3107 3574 3453 3645 interpretari
3482 3574 3567 3628 di-

319 3675 577 3745 intclligit
621 3691 742 3732 esse
788 3677 940 3747 regni
982 3678 1266 3745 ctelorttm,
1302 3687 1358 3732 et
1393 3679 1524 3733 dicit
1559 3680 1685 3747 quia
1723 3678 1889 3732 etiam
1992 3683 2123 3730 cunt
2147 3672 2568 3741 conjunctionem
2605 3669 2690 3723 vel
2739 3669 3042 3738 conjugium
3080 3666 3213 3738 (44).
3240 3665 3566 3734 Conjunctio

319 3783 465 3824 nunc
523 3769 783 3825 Dominus
821 3785 974 3824 meus
1001 3769 1158 3826 Jesus
1187 3770 1436 3829 Christus
1483 3771 1648 3826 bellat
1697 3773 1893 3828 adver-
1991 3781 2123 3823 vero
2152 3766 2348 3820 animae
2378 3774 2579 3818 nostra:
2653 3762 2758 3815 fuit
2798 3763 2973 3829 primo
3003 3775 3125 3814 cum
3159 3760 3302 3812 malo
3342 3759 3479 3821 viro,
3511 3763 3566 3812 et

313 3876 438 3916 sum
465 3863 701 3918 virtutes
731 3864 1061 3928 contrarias,
1094 3873 1150 3918 et
1179 3864 1327 3932 ejicit
1353 3879 1445 3918 eas
1485 3866 1553 3919 de
1580 3865 1892 3922 civitatibus

1993 3860 2193 3913 marito
2223 3855 2460 3927 pessimo
2490 3853 2708 3909 diabolo
2733 3871 2746 3910 :
2771 3867 2878 3922 quo
2897 3853 3174 3906 destructo
3195 3860 3249 3904 et
3268 3850 3561 3913 exstincto,

316 3968 456 4024 quas
493 3955 881 4023 possidebant,
921 3957 974 4011 id
1012 3965 1096 4010 est
1127 3958 1194 4011 de
1227 3956 1510 4012 animabus
1545 3958 1783 4023 nostris;
1835 3968 1892 4013 et

1991 3948 2218 4002 liberata
2272 3956 2357 4002 est
2407 3945 2586 4002 anima
2621 3944 2734 4016 (45)
2766 3959 2797 3996 a
2836 3943 2951 4013 lege
2998 3943 3197 4012 prioris
3239 3950 3294 3996 et
3341 3940 3559 4012 pessimi

318 4047 579 4103 interficit
611 4063 767 4118 reges
798 4049 891 4117 qui
927 4051 1228 4119 regnabant
1266 4049 1318 4102 in
1349 4049 1638 4104 animabus
1669 4051 1888 4115 nostris,

1991 4042 2118 4105 viri,
2147 4050 2203 4096 et
2231 4039 2522 4110 conjuncta
2554 4048 2638 4093 est
2664 4039 2778 4092 viro
2808 4037 2946 4092 bono
2978 4046 3034 4090 et
3068 4037 3330 4104 legitimo,
3357 4035 3458 4100 illi,
3491 4034 3557 4088 de

319 4154 387 4193 ne
421 4139 564 4194 ultra
593 4151 783 4210 regnet
810 4142 864 4194 in
888 4141 1044 4195 nobis
1074 4150 1360 4209 peccatum
1399 4159 1414 4196 :
1447 4150 1504 4194 ut
1530 4154 1886 4212 posteaquam
1992 4150 2098 4205 quo
2145 4133 2278 4188 dicit
2321 4132 2599 4202 apostolus
2631 4130 2832 4186 Paulus
2855 4130 2898 4161 ⁶¹
2929 4147 2943 4182 :
2981 4149 2998 4182 ι
3037 4128 3212 4183 Statui
3250 4138 3430 4183 autem
3463 4143 3562 4182 vos

316 4229 658 4286 interemerit
697 4247 877 4301 regem
915 4230 1120 4300 peccati
1161 4233 1228 4286 de
1272 4231 1492 4286 civitate
1531 4233 1728 4286 anima:
1785 4249 1889 4286 [ιο-ν
1993 4228 2083 4282 uni
2119 4228 2234 4281 viro
2279 4225 2546 4294 virginem
2579 4232 2788 4277 castam
2840 4221 3100 4276 exhibere
3130 4219 3369 4274 Christo.
3410 4238 3429 4271 ι
3469 4217 3562 4275 Sic

323 4335 474 4388 suae,
510 4325 605 4378 fiat
639 4325 814 4378 anima
845 4335 1032 4378 nostra
1067 4324 1258 4378 civitas
1299 4323 1416 4386 Dei,
1451 4333 1504 4378 et
1527 4332 1711 4393 regnet
1746 4326 1799 4378 in
1824 4341 1887 4380 ea
1993 4335 2122 4390 ergo
2166 4319 2332 4374 etiam
2389 4315 2664 4372 nominum
2702 4316 2942 4384 ipsorum
2980 4312 3332 4382 intelligentia
3367 4313 3432 4366 ad
3463 4328 3560 4383 ge-

316 4416 483 4482 Deus,
506 4426 561 4471 et
586 4417 800 4472 dicatur
826 4419 892 4471 ad
922 4433 1022 4473 nos
1047 4417 1093 4450 ⁵⁸
1118 4457 1133 4483 ,
1168 4418 1295 4487 quia
1344 4435 1363 4469 ‹
1387 4432 1514 4488 ecce
1539 4435 1764 4489 regnum
1795 4421 1888 4476 Dei
1921 4405 1968 4460 1)
1995 4413 2198 4466 miuum
2248 4411 2394 4465 hunc
2423 4408 2848 4478 uniuscujusque
2881 4407 3120 4463 civitatis
3153 4415 3414 4462 consonat
3444 4415 3560 4460 sta-

317 4509 456 4563 iutra
491 4525 588 4565 vos
615 4521 719 4565 est.
754 4529 774 4562 ι
811 4508 906 4565 Est
925 4525 1055 4580 ergo
1086 4525 1222 4579 opus
1243 4525 1468 4566 summae
1498 4511 1888 4568 misericordiae
1995 4515 2127 4560 tum-

314 4600 420 4655 hoc
447 4602 590 4670 quod
633 4603 872 4658 haeretici
915 4603 1255 4658 crudelitatis
1304 4613 1585 4668 accusant,
1608 4605 1753 4673 quod
1783 4605 1886 4660 Do-
2063 4611 2118 4666 5.
2148 4609 2258 4682 Ego
2287 4619 2418 4681 puto
2447 4608 2593 4680 quod
2650 4609 2730 4664 sic
2769 4608 2961 4664 melius
3010 4616 3094 4663 est
3145 4606 3369 4678 intelligi
3423 4605 3559 4660 bella

315 4697 495 4751 minus
540 4695 698 4752 Jesus
745 4697 1126 4751 adumbratam
1175 4697 1328 4767 prius
1373 4711 1403 4750 a
1445 4697 1556 4752 filio
1602 4696 1749 4752 Nave
1787 4714 1885 4769 per
1991 4701 2309 4766 Israelitica,
2343 4711 2396 4755 et
2431 4700 2576 4770 quod
2608 4701 2688 4755 sic
2721 4699 2912 4754 melius
2941 4699 3177 4768 prmliari
3220 4697 3378 4754 Jesus
3403 4709 3562 4768 pute-

385 4811 433 4882 ἔξ
453 4809 570 4865 Gal.
602 4825 674 4873 γι,
704 4810 793 4869 14.
901 4811 1130 4882 "ilCor.
1167 4829 1264 4880 xv,
1301 4813 1386 4866 ll).
1497 4812 1545 4845 “
1579 4811 1689 4869 Jos.
1726 4830 1782 4880 ι,
1815 4814 1906 4871 25.

1986 4815 2031 4847 ⁸⁷
2079 4813 2096 4867 l
2141 4810 2272 4868 Cor.
2326 4827 2402 4878 x,
2445 4817 2532 4871 Η.
2607 4816 2654 4850 ⁸⁸
2676 4813 2807 4868 Luc.
2834 4827 2968 4876 xvu,
3010 4813 3104 4867 2|.
3182 4812 3228 4844 ⁸⁸
3254 4813 3395 4872 Psal.
3429 4829 3470 4882 ι,
3498 4813 3553 4869 6.

316 4879 361 4913 ⁸⁸
393 4881 555 4937 llebr.
578 4896 676 4945 xu,
707 4882 794 4936 i3.
867 4883 910 4914 ⁶¹
942 4881 980 4936 ll
1008 4883 1134 4938 Cor.
1167 4899 1241 4946 ιι,
1267 4883 1324 4936 2.

387 4976 501 5059 (55)
532 4976 664 5060 Quae
697 4987 817 5060 sunt
841 4980 1086 5060 caelorum
1129 4995 1311 5060 regna_.
1353 4978 1478 5034 Haec
1504 4980 1701 5060 desunt
1736 4979 1788 5034 in
1821 4979 1885 5034 li-
2059 4979 2171 5060 (41)
2188 4978 2382 5060 ροάθξι
2409 4978 2715 5049 Sangerm.,
2746 4997 2765 5031 ι
2789 4978 3135 5049 significatio.
3165 4997 3184 5031 ›
3212 4978 3369 5034 Libb.
3400 4982 3552 5048 editi,

316 5047 430 5103 bris
457 5057 628 5118 antea
665 5049 845 5110 editis,
877 5051 968 5102 sed
1001 5047 1251 5118 leguntur
1283 5051 1334 5103 in
1369 5051 1623 5104 omnibus
1649 5065 1782 5104 mss.
1989 5065 2012 5104 ι
2039 5047 2424 5111 significantia.
2449 5068 2468 5101 ι
2525 5047 2543 5049 ἡ
2846 5047 2860 5049 ’
3011 5085 3016 5092 ι

388 5115 685 5220 (36)qUuu_s
707 5107 875 5174 codex
897 5107 1116 5220 'Ebroic.
1143 5127 1264 5190 post
1290 5137 1309 5172 t
1339 5121 1627 5190 imperium
1654 5137 1672 5170 ι
1710 5120 1880 5184 addit,
2056 5107 2167 5191 (ιίέὶ)
2203 5118 2380 5173 Lebna
2427 5121 2626 5172 candor
2670 5121 3061 5218 interpretatur.
3105 5121 3147 5176 Α
3186 5107 3277 5209 p5
3324 5140 3342 5172 ι
3366 5121 3549 5177 album

324 5204 344 5239 ι
368 5186 488 5242 cum
519 5186 722 5256 Spiritu
762 5202 970 5245 sancto.
999 5208 1018 5242 ι
1143 5186 1161 5190 ⁷
1415 5186 1433 5190 ⁷

387 5258 500 5327 (57)
531 5259 712 5342 Codex
747 5258 1030 5331 Sangerm.
1061 5299 1076 5325 ,
1119 5279 1138 5312 ι
1167 5267 1449 5332 ceperunt.
1477 5276 1498 5312 ι
1538 5257 1694 5315 Libb.
1723 5257 1880 5326 editi,

1983 5207 2167 5331 “siti-5;
2203 5241 2391 5312 Lac/tis
2417 5258 2792 5327 interpretatur
2813 5259 2930 5314 iter.
2953 5258 3036 5315 Ab
3060 5242 3152 5342 ’β’
3186 5280 3205 5313 ι
3234 5262 3338 5316 iter
3358 5260 3506 5315 fecit,
3521 5280 3543 5315 ι

320 5345 342 5382 t
369 5339 708 5397 receperunt.
734 5349 753 5382 ι

388 5399 497 5423 ,ξολ
533 5399 671 5423 Ι,Ι-..ν.
703 5415 781 5423 η--
870 5419 884 5423 -
912 5401 1088 5423 -..ΑηΙΕ
1138 5418 1152 5423 -

2058 5350 2168 5423 (44)
2200 5350 2624 5423 Chebron,quam
2649 5350 2989 5423 interpretari
3012 5339 3547 5423 dicunl,conjunctio-

387 5399 499 5469 t38)
533 5399 672 5453 Idem
703 5415 830 5466 ms.,
865 5419 884 5452 ‹
909 5401 1112 5455 saeculi.
1137 5418 1156 5452 ι

391 5469 498 5492 Ιτιιι
528 5471 723 5492 [ιη-η..-
747 5486 852 5492 __-_
946 5491 953 5492 κ
984 5473 1068 5492 l\_!
1121 5489 1131 5492 _
1176 5470 1196 5492 Ι
1219 5470 1304 5492 Ἶι.
1367 5470 1489 5492 -.ιτ-ε
1544 5487 1559 5492 Α
1586 5469 1702 5492 Ω.Ι..Ξ
1754 5489 1766 5492 _

1989 5399 2106 5475 ηεὸὶ
2125 5399 2234 5476 ἴεῐ
2243 5399 2568 5490 simiae;
2595 5399 2703 5474 At)"
2717 5399 2842 5481 adn
2858 5399 2894 5470 ἀ’
2910 5399 3240 5487 emissam;
3249 5399 3271 5487 ξ
3285 5399 3549 5476 "saeuit.

389 5469 499 5546 (fit!)
527 5471 726 5546 (_)_tnues
741 5486 900 5546 mss,
937 5491 956 5522 ι
982 5473 1092 5546 Dei.
1120 5489 1139 5524 δ
1173 5470 1328 5546 Libb.
1362 5470 1514 5546 editi,
1539 5487 1559 5521 α
1586 5469 1725 5546 fidei.
1753 5489 1772 5523 ι
1987 5469 2134 5546 έέίξ,

390 5539 499 5634 (i9)
527 5539 1876 5634 P'L‘iifibmife'liis;LE!‘é‘i.9.'1‘"£i‘lfi$.91?
1991 5539 2162 5634 "itit
2191 5560 2402 5622 Anima.
2442 5559 2593 5634 deest
2626 5558 2676 5612 in
2707 5557 2836 5616 libb-
2876 5558 3078 5628 editis.
3116 5563 3212 5618 sed
3255 5561 3454 5631 legitur
3479 5560 3544 5618 in

314 5607 493 5692 Jesuui
522 5621 576 5690 et
610 5625 794 5682 regem
827 5609 922 5667 Gai
967 5623 1034 5670 .ct
1083 5627 1261 5681 regem
1305 5609 1486 5667 Lebna
1523 5607 1875 5683 sub—regibus
1979 5607 2594 5703 ,ηέξὲδξζέξῆίίξιηξῇξίξ

315 5694 586 5750 pessumis.
608 5699 628 5733 ι
