4050 6148
493 157 594 216 891

1955 157 2282 216 ORIGENIS'

3635 158 3739 218 892

495 289 608 346 tur,
638 287 692 335 et
725 279 1010 336 destruere
1051 281 1238 346 urbes,
1275 295 1338 335 ac
1389 296 1554 354 regna
1606 284 1944 340 subvertere.
1978 281 2070 338 Sic
2100 287 2146 343 Α
2174 290 2348 337 strum
2373 317 2389 346 ,
2429 287 2486 335 et
2519 293 2710 334 muros
2755 277 3008 335 elationis
3045 285 3388 334 exstruxerat
3434 277 3547 349 (52)
3581 298 3596 335 :
3626 281 3739 336 haec

496 373 644 426 enim
687 381 742 428 et
778 371 906 425 illud
936 370 1140 425 dictum
1181 372 1492 443 religiosius
1523 381 1579 428 et
1611 373 1930 429 clementius
1954 373 2069 445 (46)

497 464 805 534 apparebit,
837 465 980 532 quod
1022 462 1224 516 dicitur
1256 464 1331 516 ita
1367 465 1697 520 subvertisse
1741 475 1795 520 et
1824 474 2069 520 vastasse

498 555 744 625 singulas
765 569 1010 624 quasque
1039 557 1221 620 urbes,
1255 565 1313 610 ut
1335 558 1468 611 nihil
1497 558 1550 611 in
1571 560 1650 612 eis
1673 558 2070 626 relinqueretur

497 649 642 717 quod
675 650 932 716 spiraret,
983 663 1161 717 neque
1208 648 1298 718 qui
1335 650 1521 703 salvus
1563 649 1737 711 ﬁeret,
1774 664 1948 718 neque
1978 647 2067 718 qui

495 740 779 811 etl'ngeret.
814 740 1029 797 Utinam
1066 743 1210 796 enim
1250 741 1512 797 Dominus
1543 744 1608 797 de
1639 743 1922 798 animabus
1949 758 2070 798 cre-

495 833 755 888 dentibus
780 833 911 897 sibi,
942 843 997 888 et
1019 849 1155 903 quas
1189 848 1287 888 suo
1309 834 1546 888 vindicat
1571 849 1757 904 regno.
1782 843 1837 889 et
1857 834 1926 889 de
1950 850 2067 890 mea

495 924 669 993 ipsius
699 925 881 979 anima
914 925 986 979 ita
1020 925 1202 994 ejiciat
1235 934 1290 980 et
1323 926 1639 996 exstinguat
1669 927 1850 980 omnia
1883 927 2066 996 priora

493 1015 663 1076 mala,
685 1024 748 1070 ut
773 1014 954 1070 nullus
985 1017 1037 1068 in
1068 1031 1152 1071 me
1174 1017 1400 1070 malitia:
1425 1031 1624 1071 sensus
1649 1017 1786 1072 ultra
1814 1018 2065 1086 respiret,

495 1105 682 1161 nullus
717 1105 832 1172 irae,
862 1107 1040 1160 nullus
1071 1109 1523 1177 concupiscentia:
1555 1109 1786 1178 alicuius
1814 1111 1970 1164 malae
2010 1110 2065 1164 in

493 1211 585 1252 me
627 1197 869 1252 salvetur
897 1197 1158 1264 allectus,
1214 1200 1394 1255 nullus
1446 1202 1686 1272 supersit
1721 1203 1814 1272 qui
1845 1201 2069 1272 effugiat

494 1299 676 1340 sermo
720 1287 892 1343 malus
939 1287 1008 1343 de
1056 1303 1152 1344 ore
1188 1304 1328 1344 meo.
1381 1290 1474 1346 Sic
1523 1292 1668 1346 enim
1717 1301 1906 1361 potero
1937 1292 2066 1347 Jesu

495 1381 633 1433 duce
663 1389 923 1450 purgatus
956 1383 1024 1438 ab
1047 1383 1302 1438 omnibus
1332 1384 1607 1452 prioribus
1640 1384 1818 1452 malis,
1847 1385 1984 1440 ellici
2013 1376 2082 1441 in

493 1470 809 1526 civitatibus
873 1472 1106 1527 ﬁliorum
1168 1474 1376 1542 Israel,
1430 1476 1496 1530 de
1551 1476 1747 1545 quibus
1805 1477 2064 1546 scriptum

492 1570 576 1615 est
596 1563 640 1594 “
669 1577 684 1616 :
722 1580 740 1613 ι
778 1561 1214 1618 ASdilicabuntur
1245 1566 1493 1621 civitates
1523 1565 1675 1622 .ludte
1706 1566 1840 1639 (47),
1881 1578 1934 1624 et
1963 1569 2063 1623 ha-

490 1652 740 1707 bitabunt
769 1655 824 1707 in
851 1655 950 1710 eis.
993 1674 1012 1707 ι
1059 1656 1270 1710 Etenim
1304 1672 1448 1712 nunc
1497 1634 1920 1729 uniuscujusque
1959 1675 2062 1715 no-
2094 1634 2137 1692 Β

496 1754 675 1802 atrum
719 1745 830 1820 (48)
867 1747 1104 1802 animam
1132 1747 1291 1804 Iesus
1335 1751 1566 1806 destruit
1607 1761 1664 1807 et
1711 1752 1944 1808 aediﬁcat
1973 1770 1988 1806 :
2013 1763 2069 1810 et

490 1837 634 1893 sicut
675 1839 989 1896 dicebamus
1022 1850 1148 1897 tunc
1176 1858 1300 1898 cum
1338 1843 1630 1900 Jeremiam
1674 1847 2066 1904 dissereremus

490 1929 616 1997 quia
648 1929 767 2001 (49)
787 1943 1071 2002 acceperat
1108 1938 1274 1991 verba
1309 1937 1363 1990 in
1403 1952 1465 1992 os
1519 1953 1673 1992 suum
1705 1940 1900 2008 quibus
1937 1941 2067 1995 sub~

489 2030 731 2077 verteret
781 2033 836 2078 et
874 2026 1195 2091 aedificaret,
1251 2028 1506 2085 evelleret
1536 2039 1590 2085 et
1637 2029 1949 2100 plantaret;
1987 2033 2060 2087 ita

491 2117 656 2168 etiam
709 2131 850 2171 nunc
881 2117 937 2170 in
968 2118 1052 2172 his
1079 2135 1196 2186 quae
1233 2121 1492 2176 habemus
1524 2123 1575 2176 in
1617 2123 1867 2177 manibus
1905 2124 2062 2178 int‘el-

489 2205 761 2276 ligendum
794 2222 966 2278 puto,
1020 2227 1125 2266 non
1157 2214 1450 2268 secundum
1483 2216 1791 2282 haereticos,
1837 2217 1918 2270 vel
1971 2231 2062 2271 se-

489 2300 724 2352 cundum
754 2297 968 2357 Iudaeos
993 2320 1005 2369 ;
1043 2305 1137 2358 sed
1162 2304 1306 2359 sicut
1338 2307 1407 2360 ibi
1450 2309 1516 2362 ad
1540 2307 1831 2362 Jeremiam
1859 2309 2062 2364 dictum

487 2401 571 2443 est
594 2388 678 2443 υς
717 2409 736 2442 ‹
771 2391 912 2447 Ecce
946 2395 1204 2449 constitui
1249 2409 1298 2451 te
1329 2398 1491 2453 bodie
1541 2413 1703 2467 super
1770 2411 1959 2469 gentes
2007 2408 2063 2456 et

488 2495 680 2552 regna,
711 2485 1014 2552 eradicare,
1050 2497 1104 2541 et
1135 2489 1468 2555 subvertere,
1511 2500 1568 2545 et
1605 2492 1876 2560 perditum
1909 2493 2060 2560 dare,

488 2581 546 2625 et
579 2583 700 2642 post
731 2574 846 2631 haec
873 2578 1165 2646 :rdiﬁcare,
1200 2589 1254 2635 et
1286 2580 1575 2650 plantare;
1609 2601 1628 2634 ι
1666 2583 1740 2637 ita
1793 2592 1847 2638 et
1883 2584 1947 2638 de
1994 2585 2062 2640 iis

493 2679 614 2733 quae
646 2683 742 2735 per
770 2669 954 2724 Iesum
989 2674 1306 2727 scribuntur
1343 2686 1491 2743 gesta
1551 2676 1882 2730 credendum
1931 2687 2016 2733 est
2045 2695 2059 2732 :

491 2758 601 2812 imo
649 2762 829 2828 potius
870 2765 937 2817 de
986 2765 1050 2819 iis
1089 2780 1209 2836 qua:
1258 2781 1353 2836 per
1386 2777 1628 2822 nostrum
1663 2769 1946 2824 Dominum
1975 2769 2064 2825 Je-

490 2865 611 2905 sum
638 2853 801 2907 etiam
823 2869 964 2909 nunc
986 2869 1249 2923 geruntur
1275 2860 1325 2912 in
1352 2858 1522 2913 nobis.
1555 2858 1797 2914 Primum
1826 2877 2062 2932 namque

489 2955 625 3011 Opus
656 2942 814 2998 Verbi
851 2943 944 2997 Dei
977 2955 1056 2998 est
1085 2985 1100 3008 ,
1135 2947 1415 3005 eradicare
1471 2949 1830 3016 przecedentia
1873 2950 2012 3003 mala
2041 2989 2058 3015 ,
2088 2987 2132 3045 Ο

487 3035 674 3104 spinas
702 3050 766 3089 ac
799 3035 1025 3094 tribulos
1068 3037 1338 3098 vitiorum.
1378 3037 1512 3097 Dum
1546 3040 1689 3093 enim
1743 3040 1861 3095 ista:
1904 3042 2060 3097 malae
2093 3035 2132 3114 ’ξ

491 3125 706 3179 radices
738 3136 1056 3194 occupatam
1083 3129 1330 3182 detinent
1361 3137 1558 3184 terram
1590 3170 1604 3194 ,
1638 3146 1742 3185 non
1771 3141 1949 3201 potest
1976 3148 2060 3188 se—

490 3213 637 3267 mina
665 3213 800 3267 bona
830 3225 883 3269 et
914 3225 1103 3271 sancta
1128 3219 1423 3287 suscipere.

561 3302 615 3356 4.
658 3301 1038 3358 Necessarium
1070 3320 1202 3376 ergo
1232 3319 1286 3361 et
1315 3309 1544 3376 primum
1582 3311 1684 3366 hoc
1726 3327 1861 3382 opus
1895 3314 2058 3368 Verbi

490 3392 584 3447 Dei
615 3404 717 3462 est,
752 3395 991 3466 plantam
1027 3398 1140 3471 (50)
1160 3401 1440 3457 eradicare
1471 3404 1712 3471 peccati,
1761 3415 1816 3458 et
1845 3422 2058 3461 omnem

490 3487 730 3556 plantam
778 3504 938 3558 quam
986 3506 1091 3546 non
1136 3492 1396 3560 plantavit
1435 3493 1596 3551 Pater
1623 3497 1879 3564 ctelcstis,
1909 3499 2058 3554 evel-

490 3579 632 3644 lere,
670 3581 888 3649 ignique
918 3596 1263 3638 consumere.
1315 3585 1548 3640 Secundi
1593 3587 1703 3656 jam
1755 3590 1936 3659 operis
1977 3600 2068 3646 est.

490 3670 756 3739 plantare.
795 3671 935 3738 Quid
969 3685 1054 3728 est
1089 3675 1230 3744 quod
1265 3675 1473 3745 plantat
1506 3679 1690 3733 Deus?
1720 3681 1934 3752 Moyses
1981 3683 2062 3736 di-

490 3763 585 3828 cit,
635 3764 761 3833 quia
808 3766 1123 3834 paradisum
1173 3767 1437 3836 plantavit
1469 3769 1630 3825 Deus.
1667 3771 1771 3827 Sed
1816 3782 1868 3826 et
1918 3790 2060 3829 nunc

491 3855 706 3922 plantat
735 3854 879 3909 Deus
907 3855 1020 3928 (51)
1048 3875 1060 3922 ;
1088 3868 1142 3912 et
1175 3859 1414 3928 quotidie
1444 3860 1662 3929 plantat
1689 3863 1741 3916 in
1773 3866 2061 3921 animabus

490 3945 851 4002 credentium.
904 3945 962 4002 In
1015 3949 1198 4003 anima
1234 3950 1380 4004 enim
1413 3952 1479 4006 de
1511 3967 1614 4020 qua
1661 3955 1866 4011 excidit
1897 3957 2058 4024 iram,

490 4038 958 4094 mansuetudinem
995 4039 1236 4109 plantat;
1272 4054 1327 4097 et
1373 4043 1441 4098 de
1475 4059 1581 4112 qua
1625 4048 1830 4102 excidit
1873 4064 2062 4118 super-

490 4130 658 4196 biam,
689 4129 903 4198 plantat
927 4131 1328 4200 humilitatem;
1353 4145 1406 4189 et
1429 4137 1494 4192 de
1516 4153 1618 4208 qua
1644 4140 1887 4194 eradicat
1910 4141 2064 4197 lasci-

489 4221 654 4286 viam,
689 4222 999 4292 pudicitiam
1033 4225 1279 4293 plantat;
1313 4229 1455 4282 etde
1483 4244 1588 4297 qua
1618 4232 1882 4301 exstirpat
1911 4234 2062 4304 igno-

2173 386 2356 429 sermo
2385 369 2480 425 Dei
2517 370 2786 426 subvertit
2841 379 2897 425 et
2949 370 3191 434 subruit,
3223 379 3282 423 ut
3315 371 3513 424 merito
3544 385 3738 426 secun-

2171 466 2300 518 dum
2351 461 2666 532 Apostolum
2700 461 2746 494 “
2777 460 3068 516 etliciamur
3104 479 3124 512 ι
3151 461 3246 516 Dei
3290 461 3530 528 cultura,
3559 471 3613 518 et
3645 463 3739 519 Dei

2172 555 2500 620 aediﬁcatio,
2557 569 2717 626 supra
2782 554 3190 608 fundamentum
3260 554 3626 624 apostolorum
3685 564 3737 610 et

2171 648 2564 717 pr0phetarum
2609 645 2772 715 positi
2821 645 2888 699 ab
2928 644 3046 716 ipso
3079 645 3191 716 (55)
3245 661 3459 700 summo
3495 646 3736 716 angulari

2169 739 2338 811 429
2368 739 2546 808 lapide
2571 738 2792 794 Christo
2822 734 2973 805 Jesu,
3009 752 3074 791 ex
3094 750 3202 806 quo
3232 737 3493 807 iunctura.
3523 737 3738 792 aediﬁcii

2169 839 2387 887 crescat
2418 831 2471 886 in
2513 829 2772 900 templum
2798 829 2894 884 Dei
2937 831 2990 884 in
3015 832 3241 900 spiritu,
3278 849 3296 882 ι
3330 839 3386 883 et
3415 831 3488 884 ita
3525 829 3742 885 demum

2169 922 2306 977 etlici
2348 937 2660 978 mereamur
2689 923 2742 976 in
2773 922 3093 978 haereditate
3115 932 3271 975 terrae
3293 930 3494 976 sancta:
3513 921 3565 974 in
3588 931 3743 991 parte

2167 1013 2489 1080 Israelitica,
2522 1015 2808 1070 exstinctis
2857 1015 3110 1069 omnibus
3157 1025 3211 1068 et
3242 1015 3541 1082 peremptis
3571 1013 3742 1068 hosﬁ-

2169 1106 2272 1160 bus
2300 1106 2500 1160 nostris
2535 1121 2550 1169 ;
2589 1106 2664 1159 ita
2696 1113 2884 1160 utnon
2920 1104 3262 1174 relinquatur
3305 1119 3369 1158 ex
3416 1105 3497 1158 eis
3527 1105 3619 1173 qui
3657 1119 3742 1157 re-

2168 1198 2344 1266 spiret
2375 1198 2428 1251 in
2463 1197 2640 1262 nobis,
2669 1197 2764 1252 sed
2791 1197 2937 1252 solus
2970 1197 3023 1251 in
3058 1197 3214 1251 nobis
3249 1196 3480 1264 respiret
3506 1195 3741 1265 Spiritus

2171 1289 2376 1345 Christi
2401 1304 2499 1360 per
2522 1304 2641 1356 ora,
2675 1297 2732 1344 et
2761 1304 3065 1356 sermones,
3092 1299 3146 1342 et
3175 1289 3589 1359 intelligentiam
3633 1288 3743 1356 spi-

2170 1381 2413 1447 ritalem,
2448 1380 2744 1436 secundum
2783 1379 3086 1436 doctrinam
3119 1375 3244 1434 Jesu
3285 1378 3491 1433 Christi
3527 1375 3742 1432 Domini

2167 1472 2369 1538 nostri,
2403 1472 2489 1526 cui
2521 1481 2602 1527 est
2642 1470 2755 1543 (54)
2782 1471 2956 1526 virtus
2979 1478 3033 1528 et
3057 1479 3297 1541 potestas
3323 1471 3378 1524 in
3416 1469 3622 1525 saacuIa
3641 1483 3741 1523 sai-

2166 1562 2431 1618 culorum.
2455 1562 2647 1617 Amen.

2719 1671 2994 1728 HOMILIA
3035 1672 3176 1728 XIV.

2169 1763 2245 1819 De
2261 1763 2423 1820 Jabin
2442 1780 2560 1835 rege
2581 1764 2736 1826 Asor,
2762 1775 2812 1818 et
2835 1765 3128 1836 dercwteris
3160 1767 3386 1836 regibus,
3408 1766 3500 1836 qui
3522 1780 3742 1835 congre-

2550 1836 2660 1905 gati
2692 1845 2812 1888 sunt
2850 1835 3124 1889 adversum
3162 1834 3354 1890 Israel.

2239 1927 2292 1985 1.
2329 1927 2438 1981 Ilas
2468 1927 2681 1981 easdem
2709 1924 3024 1995 Scripturas
3047 1936 3174 1983 ante
3205 1928 3493 1983 adventum
3519 1929 3748 1998 quidem

2167 2017 2381 2074 Domini
2431 2017 2602 2074 nostri
2651 2014 2775 2072 Jesu
2805 2018 3004 2072 Christi
3036 2033 3158 2072 cum
3190 2018 3395 2089 legeret
3438 2019 3611 2074 Israel
3650 2020 3741 2075 ille

2167 2112 2258 2180 qui
2285 2111 2584 2166 secundum
2611 2124 2830 2165 carnem
2849 2119 2948 2174 est,
2977 2111 3112 2164 nihil
3136 2111 3284 2164 aliud
3307 2112 3359 2166 in
3385 2111 3452 2166 iis
3473 2112 3578 2165 nisi
3597 2112 3740 2167 bella

2164 2213 2219 2258 et
2251 2202 2568 2258 ellusionem
2601 2205 2886 2275 sanguinis
2915 2201 3270 2272 intelligebat,
3305 2218 3373 2258 ex
3413 2218 3523 2272 quo
3572 2206 3740 2259 etiam

2165 2299 2231 2352 ad
2267 2298 2485 2352 nimiam
2515 2296 2851 2351 ferocitatem
2884 2298 3215 2352 acuebantur
3249 2297 3414 2350 animi
3445 2311 3655 2362 eorum,
3681 2305 3740 2352 ct

2164 2404 2380 2457 semper
2413 2388 2571 2444 bellis
2613 2405 2678 2444 ac
2716 2389 3076 2444 seditionibus
3107 2389 3493 2459 pascebantur.
3539 2387 3739 2446 Postea

2162 2494 2295 2533 vero
2329 2494 2491 2548 quam
2519 2481 2807 2548 praesentia
2850 2481 3063 2535 Domini
3105 2481 3207 2534 mei
3241 2479 3369 2536 Jesu
3399 2479 3606 2536 Christi
3634 2483 3737 2536 hu-

2166 2571 2346 2626 manis
2389 2573 2644 2627 cordibus
2687 2573 2952 2642 placidum
3005 2574 3247 2628 scientiae
3298 2572 3481 2630 lumen
3521 2573 3733 2640 infudit,

2163 2665 2361 2735 quippe
2385 2679 2506 2719 cum
2538 2666 2833 2720 secundum
2870 2665 3184 2735 Apostolum
3218 2666 3262 2698 ”
3305 2666 3421 2735 ipse
3443 2667 3518 2721 sit
3569 2684 3587 2717 ι
3633 2683 3736 2734 pax

2165 2767 2372 2824 nostra,
2407 2775 2426 2810 ι
2457 2773 2652 2827 pacem
2694 2772 2794 2814 nos
2844 2758 3002 2812 docet
3047 2772 3112 2812 ex
3145 2758 3258 2829 ipsa
3308 2757 3540 2813 lectione
3570 2759 3736 2813 bello—

2164 2865 2303 2904 rum.
2333 2849 2441 2903 Pax
2471 2851 2614 2905 enim
2648 2851 2890 2906 redditur
2924 2851 3138 2914 animae,
3170 2853 3213 2906 si
3243 2851 3310 2906 ab
3332 2867 3397 2907 ea
3425 2853 3611 2908 hostes
3651 2855 3732 2909 sui

2164 2947 2385 3008 peccata
2437 2955 2500 2995 ac
2549 2939 2678 2994 vitia
2729 2939 3123 3009 propellantur.
3166 2940 3234 2996 Et.
3267 2941 3388 2996 ideo
3437 2948 3732 2998 secundum

2169 3036 2514 3090 traditionem
2564 3035 2778 3091 Domini
2829 3038 3000 3092 nostri
3051 3036 3178 3091 Jesu
3209 3039 3437 3105 Christi,
3485 3056 3609 3095 cum
3641 3057 3742 3098 nos

2163 3125 2394 3197 legimus
2417 3129 2541 3192 ista,
2567 3143 2843 3183 armamur
2865 3130 3078 3199 quidem
3105 3131 3266 3184 etiam
3287 3147 3408 3194 nos,
3431 3142 3485 3186 et
3504 3134 3734 3188 concita-

2162 3236 2286 3277 mnr
2325 3221 2391 3273 ad
2427 3221 2705 3290 praelium,
2732 3221 2824 3276 sed
2855 3222 3120 3275 adversus
3157 3223 3274 3275 illos
3313 3223 3500 3278 hostes
3539 3225 3628 3291 qui
3670 3224 3731 3279 de

2161 3323 2359 3368 nostro
2374 3315 2536 3368 corde
2562 3315 2884 3383 procedunt,
2909 3315 3271 3384 cogitationes
3301 3315 3514 3370 scilicet
3542 3315 3729 3378 malas,

2162 3403 2329 3470 furta,
2355 3404 2494 3460 falsa
2527 3405 2856 3472 testimonia,
2881 3405 3268 3474 blaspheinias,
3308 3413 3734 3476 caeterosqneiis

2163 3495 2372 3550 similes
2421 3495 2767 3550 adversarios
2811 3495 3004 3549 animae
3051 3505 3288 3550 nostras:
3318 3497 3385 3551 de
3423 3509 3532 3564 qua
3574 3512 3732 3551 cona-

2163 3602 2306 3652 mur,
2351 3586 2652 3640 secundum
2687 3589 2830 3654 quod
2858 3587 2974 3641 haec
3001 3587 3273 3655 scriptura
3318 3586 3511 3651 refert,
3537 3589 3582 3642 si
3618 3587 3729 3642 ﬁeri

2160 3692 2358 3754 potest,
2391 3697 2498 3736 non
2542 3681 2851 3750 relinquere
2874 3682 3042 3736 ullum
3074 3683 3165 3752 qui
3191 3682 3369 3738 salvus
3399 3683 3514 3748 ﬁat,
3563 3697 3731 3750 neque

2160 3778 2252 3847 qui
2279 3778 2530 3847 respiret.
2571 3778 2625 3833 Si
2647 3779 2788 3832 enim
2813 3778 2912 3834 hos
2943 3776 3124 3831 hostes
3151 3776 3570 3841 obtinuerimus,
3593 3791 3743 3830 conn.

2161 3881 2412 3940 petenter
2446 3871 2815 3926 obtinebimus
2858 3869 3021 3923 etiam
3067 3881 3258 3922 aereas
3305 3877 3636 3936 potestates,
3676 3875 3728 3920 et

2163 3979 2330 4033 regno
2359 3979 2458 4019 suo
2491 3979 2606 4030 eas,
2645 3965 2786 4033 quod
2816 3964 2956 4017 intra
2985 3975 3083 4015 nos
3109 3974 3272 4029 supra
3296 3961 3546 4014 vitiorum
3576 3959 3726 4012 sedes

2163 4057 2584 4121 collocaverant,
2615 4056 2965 4126 depellemus.
2997 4051 3055 4107 In
3091 4051 3366 4123 prioribus
3405 4049 3728 4105 lectionibus

2167 4166 2262 4205 rex
2293 4150 2592 4206 Jerusalem
2641 4155 3069 4220 congregaverat
3116 4161 3300 4202 secum
3334 4146 3470 4200 alios
3496 4153 3728 4214 quatuor

2167 4255 2321 4310 reges
2352 4241 2638 4296 adversum
2685 4239 2870 4296 Jesum
2901 4246 2955 4294 et
3005 4237 3290 4294 adversum
3339 4234 3478 4289 tilios
3530 4232 3723 4296 Israel,

493 4315 724 4368 rantiam
746 4355 763 4380 ,
797 4317 990 4372 inserit
1024 4319 1331 4373 scientiam.
1380 4319 1494 4376 Non
1539 4323 1632 4377 tibi
1682 4324 1901 4378 videtur
1932 4326 2059 4381 talis
2092 4331 2135 4384 D
2169 4348 2311 4388 nunc
2347 4340 2526 4384 autem
2553 4330 2664 4398 jam
2699 4346 2804 4386 non
2847 4344 2985 4390 unus
3019 4338 3252 4398 quatuor
3281 4334 3595 4394 congregat,
3639 4333 3728 4377 aut

489 4420 611 4460 esse
657 4407 853 4463 debere
890 4409 1154 4480 plantatio
1190 4425 1350 4479 quam
1399 4413 1610 4482 plantat
1665 4415 1827 4481 Deus,
1887 4419 2058 4486 magis

485 4511 651 4564 quam
715 4501 1049 4556 sensibilium
1101 4511 1552 4577 terrenorumque
1598 4506 1921 4577 lignorum?
1964 4509 2060 4566 Est

489 4589 621 4643 item
654 4590 709 4643 in
758 4593 952 4660 primis
1010 4608 1146 4662 opus
1203 4593 1362 4653 Verbi
1416 4597 1513 4652 Dei
1549 4637 1564 4663 ,
1610 4599 1893 4655 destruere
1931 4600 2060 4656 tedi-

492 4679 615 4734 Iicia
649 4681 950 4750 diabolica,
991 4701 1111 4754 qua:
1151 4688 1201 4740 in
1236 4688 1416 4741 anima
1441 4690 1751 4746 construxit
1795 4692 2056 4747 humana.

492 4775 586 4831 Ille
645 4779 848 4834 etenim
892 4789 1074 4837 turres
1125 4783 1394 4852 superbiae
1445 4784 1499 4838 in
1554 4799 1880 4855 unoquoque
1959 4802 2058 4842 no-

565 4914 609 4947 ⁶²
635 4914 800 4972 Amos
825 4933 901 4986 ix,
933 4917 1017 4973 14.

585 5052 675 5128 46)
704 5055 890 5128 Codex
924 5057 1210 5128 Sgngerm.
1251 5078 1272 5111 ε
1324 5061 1524 5116 rectius
1558 5069 1615 5116 et
1646 5061 1986 5118 clementius.
2037 5084 2056 5117 ι

587 5125 676 5195 47)
704 5125 875 5195 Idem,
907 5146 926 5180 ι
955 5125 1173 5183 Judtcte.
1202 5148 1221 5182 ι

565 5197 678 5266 (48)
712 5197 879 5266 Idem,
917 5216 937 5250 ι
961 5209 1223 5254 vestrum.
1251 5219 1269 5253 ι

568 5266 681 5341 (49)
706 5266 852 5341 Idem
899 5284 1023 5341 cum,
1046 5286 1151 5324 uno
1187 5270 1503 5327 Ebroiccnsi
1538 5291 1550 5326 :
1586 5273 2024 5331 «dissereremus
2047 5313 2064 5341 ,

497 5339 686 5415 quiat“)
715 5337 873 5415 _L_ibb.
900 5340 1053 5415 editi,
1086 5358 1105 5391 ι
1135 5341 1552 5410 disserebamus,
1584 5344 1700 5415 qui.
1727 5361 1746 5400 ι

571 5407 683 5479 (ᾔο)
714 5408 881 5479 Idem,
917 5429 935 5462 ι
962 5411 1191 5479 plantas.
1215 5431 1234 5464 ι

572 5477 811 5550 (151)7Serd
843 5489 895 5535 et
925 5477 1060 5535 nunc
1101 5483 1306 5546 plantat
1347 5482 1510 5539 Deus.
1541 5482 1666 5542 Haec
1697 5486 1886 5543 desunt
1916 5485 1970 5541 in
2001 5485 2068 5540 Ii-

501 5549 618 5606 bris
650 5549 834 5613 editis,
875 5552 970 5609 sed
1013 5552 1266 5624 leguntur
1313 5553 1367 5613 in
1427 5554 1714 5628 Sangerm.
1747 5574 1849 5619 ms.
1881 5566 1933 5614 et
1959 5573 2080 5615 uno.

507 5617 856 5684 Ebroicensi.
1573 5627 1578 5632 '

593 5633 856 5678 I'OICCDSI.

2167 4427 2424 4495 quinque,
2457 4427 2549 4481 sed
2581 4425 2700 4478 vide
2725 4437 2865 4478 unus
2892 4429 3148 4491 quantam
3183 4418 3580 4473 multitudinem
3603 4432 3726 4472 con—

2163 4525 2347 4587 gregat
2375 4533 2388 4569 :
2420 4534 2438 4566 ‹
2469 4515 2538 4570 Ut
2558 4523 2734 4567 autem
2751 4505 3245 4577 audivit,.inquit“,
3267 4507 3427 4563 Jabin
3447 4521 3544 4561 rex
3571 4506 3743 4569 Asor,_

2165 4606 2316 4661 misit
2347 4607 2413 4660 ad
2441 4603 2612 4658 .lobab
2642 4617 2821 4671 regem
2872 4601 3331 4672 Amorrhzeorum,
3366 4609 3422 4652 et
3455 4599 3520 4651 ad
3547 4611 3724 4666 regem

2135 4679 2423 4763 'Svmeon,
2447 4705 2502 4756 et
2532 4695 2597 4753 ad
2629 4709 2806 4762 regem
2841 4691 2930 4750 Zif
2953 4690 3086 4763 (55),
3110 4698 3165 4745 et
3189 4691 3253 4745 ad
3282 4706 3436 4760 reges
3458 4689 3548 4759 qui
3575 4693 3726 4742 erant

2165 4791 2308 4845 circa
2363 4788 2616 4844 Sidonem
2673 4803 2942 4856 magnam,
3002 4795 3068 4842 et.
3107 4799 3207 4855 per
3258 4793 3540 4845 montana,
3589 4779 3744 4834 etitL

1120 4919 1388 4975 “larem.
1421 4938 1457 4984 ι,
1485 4921 1573 4976 10.
1647 4921 1742 4975 “~l
1766 4921 1890 4980 Cor.
1924 4939 2004 4991 Ill,
2035 4925 2068 4982 9

2165 4925 2390 4995 .Ephes.
2414 4901 2477 4992 n,
2499 4923 2591 4980 20.
2667 4924 2720 4958 θοι
2750 4925 2949 4994 Ephes.
2987 4941 3046 4992 ιι,
3077 4925 3166 4979 14.
3241 4923 3287 4956 ⁸⁸
3326 4923 3442 4980 Jos.
3473 4939 3550 4989 ιιι,
3579 4921 3744 4988 1-10.,

2244 5063 2356 5137 (52)
2403 5063 2581 5118 Codex
2625 5062 2919 5137 Sangerm.
2948 5101 2965 5128 ,
3031 5081 3051 5115 ι
3093 5069 3454 5117 exstruxerat.
3493 5079 3512 5112 ι
3570 5059 3724 5115 Libb.

2168 5133 2318 5192 editi.
2338 5133 2373 5186 ⁷(
2397 5133 2683 5189 exstruxit.
2715 5152 2733 5185 ι

2172 5276 2185 5288 .
2240 5205 2352 5276 (ῇὸ)
2392 5205 2556 5270 Idem,
2587 5222 2605 5256 ι
2630 5204 2787 5276 positi
2817 5202 2887 5260 ab
2913 5203 3050 5273 ipso.
3075 5220 3098 5255 ι
3129 5201 3286 5259 Libb.
3319 5199 3474 5266 editi,
3506 5219 3526 5253 ι
3558 5203 3728 5272 posito

2171 5292 2306 5332 lDSO.
2332 5295 2350 5328 Ι

2398 5345 2563 5413 Idem,
2601 5362 2620 5398 ι
2656 5344 2740 5399 cui
2769 5353 2874 5400 est.
2905 5363 2925 5398 ι
2955 5343 3110 5400 Libb.
3145 5343 3353 5417 editiLr
3384 5343 3539 5417 cujus
3569 5349 3722 5417 est.)

2167 5412 2368 5470 Ibidem
2401 5425 2522 5485 post
2552 5433 2572 5467 ‹
2611 5423 2848 5484 potestas
2872 5434 2893 5468 ι
2920 5417 3086 5470 codex
3110 5429 3247 5470 unus
3272 5413 3618 5470 Ebroicensis
3637 5412 3726 5467 ad-

2169 5487 2291 5556 dit;
2332 5504 2350 5536 ι
2379 5501 2516 5556 cum
2545 5485 2749 5556 Spiritu
2777 5493 2990 5541 sancto.
3027 5505 3048 5539 ι

2237 5554 2476 5628 (ὕῦιΖίῙ.
2501 5553 2650 5613 Alter
2677 5556 3022 5614 Ebroicensis
3053 5572 3067 5610 :
3101 5574 3119 5610 ι
3137 5553 3300 5621 Anim,
3327 5571 3346 5605 ι
3372 5553 3508 5611 alter
3546 5572 3567 5607 ι
3597 5556 3736 5618 ΑΒΘ--

2168 5625 2333 5705 [alipta
2349 5643 2381 5680 ι.
