4050 6148
269 207 382 264 893

1233 220 1303 279 ΙΝ
1338 223 1600 284 LIBRUM
1629 228 1796 288 JESU
1833 231 2023 288 NAVE'
2057 231 2343 290 HOMILIA
2377 232 2516 291 XIV.

3411 235 3517 295 ΒΜ

268 316 466 416 Araba
485 317 624 392 (56),
656 336 777 416 quae
806 330 892 381 est
914 336 1105 386 contra
1135 331 1504 406 Ceneroth,et
1527 343 1592 398 ad
1612 359 1854 416 campos,
1884 347 1932 408 Α
1958 356 2202 414 caeteros,
2230 357 2284 404 et
2307 350 2374 405 ad
2388 345 2825 416 coniurationem
2843 345 3067 403 sceleris
3089 346 3526 416 invitans,Jabin

272 418 332 464 et
355 411 404 463 in
423 407 774 480 Faneandor,
792 426 846 472 et
867 420 934 474 ad
951 421 1308 494 Chananzeos,
1327 432 1418 499 qui
1443 437 1674 490 erantin
1702 407 1862 492 mari-

273 501 422 555 timis
442 503 506 556 ab
519 505 751 570 oriente,
773 516 827 563 et
851 510 916 564 ad
934 513 1280 574 Amorrbaeos
1294 523 1384 590 qui
1407 528 1632 582 erantin
1654 544 1737 583 ma
1747 530 1786 583 ri
1797 531 1863 584 ti-

271 592 378 646 mis
402 592 539 664 (57),
570 604 623 649 et
638 597 706 650 ad
723 596 988 666 Cethzeos,
1007 613 1063 657 et
1101 607 1169 660 ad
1196 606 1679 682 Pherezaeos,etad
1697 617 1861 674 Jebu-

271 699 436 752 szeos,
465 687 558 754 qui
584 699 744 744 erant
769 694 822 744 in
846 699 1140 764 montanis,
1166 699 1556 776 etEvazos,qui
1577 719 1732 763 erant
1761 711 1861 766 sub

269 777 491 836 deserto
508 781 800 854 Masecma,
815 795 870 842 et
890 790 1144 848 exierunt
1171 795 1271 866 ipsi
1290 807 1345 851 et
1364 814 1518 871 reges
1530 817 1718 858 eorum
1736 821 1858 860 cum

270 870 433 941 ipsis,
461 875 604 930 sicut
634 887 717 932 est
743 894 908 934 arena
949 885 1118 940 maris
1149 885 1203 940 in
1237 870 1604 960 multitudine,
1632 905 1687 950 et
1710 898 1856 967 equi,

270 974 328 1018 et
373 969 649 1039 quadrigae
703 973 885 1028 multae
934 977 1120 1032 nimis.
1151 979 1219 1034 Et
1272 997 1644 1042 convenerunt
1667 1005 1858 1046 omnes

274 1071 437 1127 reges
481 1059 595 1124 isti,
635 1069 690 1115 et
718 1064 972 1120 coierunt
1025 1068 1079 1122 in
1114 1085 1278 1124 unum
1311 1074 1378 1128 ad
1424 1089 1622 1144 aquam
1671 1079 1858 1136 Maron

269 1159 521 1213 pugnare
551 1159 740 1203 contra
765 1149 955 1210 Israel.
985 1154 1134 1210 Dixit
1164 1167 1346 1214 autem
1381 1162 1640 1220 Dominus
1670 1168 1736 1222 ad
1767 1167 1861 1224 Je-

273 1252 401 1290 sum
437 1255 450 1290 :
494 1237 611 1293 Non
663 1246 908 1300 verearis
937 1262 966 1300 a
1005 1247 1145 1303 facie
1175 1250 1412 1320 illorum,
1457 1257 1582 1325 quia
1613 1260 1853 1317 crastina

271 1327 364 1380 die
395 1329 461 1382 ad
494 1329 634 1386 hanc
662 1333 850 1388 horam
881 1352 983 1407 ego
1029 1341 1238 1396 tradam
1288 1359 1384 1400 eos
1432 1348 1710 1405 sauciatos
1733 1359 1860 1407 ante

271 1419 468 1474 faciem
502 1422 691 1478 Israel.
719 1426 900 1496 Equos
923 1445 1112 1486 eorum
1147 1435 1536 1502 subnervabis,
1572 1447 1626 1494 et
1661 1456 1856 1500 currus

268 1525 460 1565 eorum
488 1513 597 1582 igni
625 1530 840 1572 exures.
863 1519 928 1572 Et
957 1523 1103 1575 venit
1130 1522 1309 1592 Jesus,
1337 1537 1391 1581 et
1417 1529 1596 1584 omnis
1628 1531 1857 1599 pepulus

269 1601 592 1658 bellatorum
624 1621 746 1660 cum
781 1623 845 1677 eo
867 1625 1032 1679 super
1061 1612 1208 1683 ipsos
1236 1616 1302 1670 ad
1336 1633 1528 1687 aquam
1555 1620 1765 1686 Maron,
1793 1633 1850 1678 et

1965 442 2297 504 nominatur,
2337 440 2428 509 qui
2464 447 2584 494 erat
2636 454 2730 494 rex
2766 439 2925 495 Asor.
2963 439 3083 508 Ipse
3123 442 3268 495 enim
3319 450 3404 496 est
3435 443 3526 512 qui

1962 529 2163 584 dicitur
2192 532 2357 585 etiam
2387 539 2618 584 crateres
2646 543 2996 584 convocasse.
3035 529 3191 586 Jabin
3228 543 3409 588 autem
3447 533 3535 589 in-

1964 629 2298 688 terpretatur
2312 638 2515 685 sensus,
2535 622 2651 675 sive
2678 621 2952 689 prudentia
2984 621 3118 692 (59).
3148 621 3280 688 Quis
3300 640 3428 696 ergo
3449 632 3536 682 est

1961 710 2068 766 iste
2121 726 2335 779 sensus,
2389 713 2506 767 sive
2556 713 2865 781 prudentia,
2911 713 3014 768 nisi
3069 714 3157 768 ille
3189 731 3350 786 quem
3401 718 3535 773 dicit

1959 802 2130 859 Isaias
2160 805 2421 874 propheta
2453 819 2674 859 sensum
2707 806 3000 875 magnum?
3035 807 3125 860 Ait
3150 809 3294 862 enim
3318 809 3362 842 ⁸⁷
3393 813 3536 870 “Et

1960 897 2214 953 inducam
2247 914 2410 968 super
2455 899 2620 970 53o
2660 914 2882 954 sensum
2929 915 3182 970 magnum
3232 904 3534 975 principem

1960 988 2312 1059 Assyriorum
2361 991 2452 1058 qui
2483 989 2621 1043 dixit
2648 1008 2662 1044 :
2695 988 2810 1044 Mea
2861 991 3066 1045 virtute
3094 991 3316 1056 faciam,
3357 1003 3411 1048 et
3443 1009 3535 1047 sa-

1960 1081 2164 1150 pientia
2197 1096 2391 1135 sensus
2425 1081 2530 1135 mei
2555 1080 2796 1135 auferam
2823 1081 2958 1137 ﬁnes
2979 1084 3244 1152 gentium,
3273 1092 3328 1138 et
3360 1084 3534 1138 virtu-

1960 1182 2066 1227 tem
2098 1187 2284 1228 eorum
2313 1171 2686 1242 depraedabor.
2725 1192 2744 1225 ι
2779 1173 2887 1228 Iste
2924 1187 3056 1242 ergo
3076 1183 3159 1229 est
3185 1177 3278 1245 qui
3310 1177 3382 1229 ibi
3415 1177 3538 1246 qui-

1959 1269 2082 1320 dem
2110 1264 2311 1318 dicitur
2332 1278 2528 1320 sensus
2546 1280 2780 1334 magnus
2807 1282 2904 1322 rex
2926 1268 3299 1338 Assyriorum,
3330 1268 3418 1322 hic
3445 1283 3540 1321 au.

1961 1366 2068 1410 tem
2099 1355 2280 1420 Jabin,
2330 1371 2524 1412 sensus
2571 1356 2654 1412 vel
2691 1359 2997 1425 prudentia.
3042 1359 3266 1414 Etenim
3310 1374 3541 1428 serpens

1960 1446 2126 1502 fuisse
2158 1447 2209 1501 in
2245 1448 2500 1512 paradiso
2543 1448 2808 1504 scribitur
2835 1452 3154 1520 prudentior
3179 1451 3420 1508 omnium
3447 1453 3542 1508 bo-

1959 1542 2188 1593 stiarum
2233 1553 2355 1608 quae
2388 1547 2550 1593 erant
2587 1554 2751 1608 super
2807 1551 3030 1598 terram.
3071 1543 3180 1598 Sed
3233 1553 3289 1599 et
3329 1544 3544 1603 villicus

1961 1626 2267 1698 iniquitatis
2294 1629 2594 1697 prudenter
2630 1628 2826 1685 fecisse
2872 1632 3072 1686 dicitur
3112 1632 3203 1687 illa
3235 1648 3355 1703 quae
3381 1633 3538 1690 fecit.

270 1695 455 1750 subito
509 1696 668 1752 irruit
717 1717 882 1771 super
912 1719 1007 1758 eos
1054 1706 1108 1760 iu
1151 1717 1357 1774 monte,
1392 1721 1445 1763 et
1491 1713 1717 1768 tradidit
1754 1731 1851 1771 eos
1885 1691 1930 1752 Β
1965 1691 2077 1772 llic'
2101 1717 2265 1788 igitur
2292 1691 2472 1784 :Iabin,
2501 1734 2597 1774 rex
2625 1728 2710 1775 est
2741 1723 2902 1776 Asor.
2940 1691 3329 1793 lnterpretafur
3357 1736 3538 1784 autem

270 1787 538 1845 Dominus
567 1791 619 1845 in
649 1808 843 1850 manus
868 1795 1056 1863 Israel,
1081 1808 1135 1853 et
1156 1802 1428 1857 caedentes
1459 1819 1551 1860 eos
1578 1810 1855 1875 persecuti

271 1894 407 1936 sunt
449 1899 621 1953 usque
652 1886 717 1940 ad
765 1886 1024 1945 Sidonetn
1062 1907 1338 1964 magnam,
1364 1905 1418 1950 et
1452 1913 1622 1966 usque
1662 1900 1712 1954 in
1744 1901 1856 1955 Ma-

270 1973 457 2047 sefotb
481 1977 548 2031 ad
600 1993 820 2049 aquam,
853 1989 907 2034 et
946 1999 1117 2052 usque
1147 1985 1212 2040 ad
1252 2001 1472 2058 campos
1499 1989 1696 2045 Masfre
1725 2009 1857 2049 con-

273 2077 358 2120 tra
377 2066 686 2136 Orientem,
705 2080 760 2126 et
783 2075 1191 2132 trucidaverunt
1217 2093 1310 2134 eos
1338 2096 1616 2153 usquequo
1638 2101 1743 2140 non
1765 2103 1857 2140 su-

271 2171 521 2230 peresset
566 2177 634 2226 ev,
682 2165 760 2220 eis
796 2166 888 2247 qui
924 2170 1202 2230 evaderet.
1263 2173 1334 2239 Et
1384 2174 1514 2241 fecit
1563 2178 1644 2232 eis
1699 2178 1856 2246 Jesus

273 2252 418 2321 sicut
443 2255 704 2324 praecepit
733 2257 782 2310 ei
821 2257 1102 2326 Dominus,
1133 2271 1190 2317 et
1222 2277 1389 2334 equos
1416 2281 1602 2321 eorum
1628 2268 1856 2325 subner-

272 2344 448 2412 vavit,
489 2355 545 2402 et
579 2363 773 2403 currus
825 2366 1013 2405 eorum
1047 2355 1258 2409 exussit
1294 2357 1427 2426 igni.
1467 2359 1529 2412 Et
1557 2374 1854 2418 conversus

273 2446 357 2492 est
382 2437 547 2495 Jesus
579 2441 633 2494 in
680 2445 800 2512 ipso
843 2455 1117 2514 tempore,
1161 2459 1217 2502 et
1261 2454 1551 2520 occupavit
1585 2453 1743 2518 Aser,
1801 2463 1856 2512 et

271 2543 456 2600 regem
483 2532 602 2602 ejus
632 2533 910 2590 interfecit
931 2537 1132 2606 gladio.
1169 2559 1188 2592 ι
1220 2537 1386 2597 Vides
1426 2554 1629 2612 quanta
1659 2547 1854 2603 adver-

271 2635 388 2674 sum
413 2621 596 2679 Jesum
625 2635 679 2681 et
702 2627 1059 2683 lsraeliticum
1090 2633 1420 2698 exercitum,
1451 2639 1850 2696 contrariarum

270 2714 537 2769 virtutum
564 2725 620 2770 et
649 2719 1014 2787 pessimorum
1044 2723 1349 2778 daemonum
1381 2728 1631 2780 examina
1667 2729 1854 2784 conci-

273 2809 496 2862 tentur?
519 2808 610 2864 lsti
639 2827 828 2868 omnes
850 2813 1122 2869 daemones
1145 2827 1270 2870 ante
1312 2817 1606 2872 adventum
1640 2819 1850 2876 Domini

272 2911 328 2955 et
361 2900 671 2960 Salvatoris
694 2907 890 2971 nostri,
917 2907 1084 2976 quieti
1136 2919 1192 2961 et
1236 2910 1418 2964 securi
1448 2912 1711 2967 humanas
1735 2913 1854 2967 ani-

271 3009 392 3050 mas
429 2997 794 3065 possidentes,
818 2997 870 3052 in
899 3013 1085 3057 earum
1119 3001 1394 3056 mentibus
1425 3005 1852 3073 corporibusque

272 3088 600 3156 regnabant.
642 3086 750 3143 Sed
784 3099 842 3143 ut
871 3089 925 3144 in
964 3091 1122 3146 terris
1151 3092 1406 3162 apparuit
1458 3094 1634 3172 gratia
1661 3104 1715 3161 et
1751 3097 1852 3150 mi-

274 3177 578 3233 sericordia
611 3178 912 3246 Salvatoris
945 3185 1116 3238 nostri
1152 3185 1269 3252 Dei,
1297 3186 1533 3240 edocens
1559 3202 1657 3244 nos
1685 3197 1744 3242 ut
1767 3189 1856 3257 pie

273 3280 334 3348 et
355 3282 544 3327 sancte
579 3273 633 3326 in
666 3273 770 3330 hoc
811 3277 1010 3331 mundo
1031 3315 1050 3345 ,
1081 3288 1135 3331 et
1165 3280 1434 3349 segregati
1456 3280 1524 3344 ab
1553 3282 1699 3335 omni
1723 3297 1856 3336 con-

277 3364 493 3439 tagione
523 3366 730 3434 peccati
765 3367 1031 3435 vivamus,
1072 3376 1131 3422 ut
1160 3369 1467 3426 libertatem
1505 3387 1656 3438 suam
1694 3382 1857 3444 atque

277 3453 570 3520 imaginem
605 3457 724 3522 Dei,
761 3459 814 3513 in
853 3475 958 3530 qua
991 3478 1057 3518 ex
1090 3462 1246 3518 initio
1278 3472 1462 3518 creata
1514 3474 1618 3531 est,
1674 3467 1854 3520 anima

281 3559 627 3617 unaquaeque
676 3549 927 3618 recipiat,
984 3551 1088 3606 ista
1120 3553 1186 3607 de
1216 3569 1380 3608 causa
1411 3554 1480 3609 ab
1515 3554 1625 3609 illis
1660 3556 1858 3625 iniquis

279 3638 560 3693 veteribus
585 3643 992 3710 possessoribus
1025 3658 1214 3698 earum
1249 3661 1439 3715 pugnae
1463 3647 1785 3702 exoriuntur
1804 3658 1859 3703 et

275 3731 483 3800 prielia.
515 3733 581 3786 Et
605 3735 648 3789 si
683 3736 1060 3806 opprimantur
1099 3738 1259 3808 primi
1295 3777 1311 3803 ,
1351 3739 1520 3793 multo
1550 3740 1734 3810 plures
1763 3756 1862 3796 ex-

280 3835 513 3892 surgunt
539 3829 880 3895 postmodum
911 3837 1075 3898 atque
1104 3830 1156 3882 in
1190 3845 1356 3883 unum
1381 3840 1606 3896 coeunt,
1638 3842 1694 3887 et
1723 3848 1859 3887 con-

281 3916 494 3984 spirant
526 3918 577 3972 in
609 3919 832 3985 malum,
865 3923 955 3990 qui
982 3935 1198 3992 semper
1221 3923 1494 3978 dissident
1536 3940 1564 3976 a
1594 3925 1754 3978 bono.
1793 3925 1860 3980 Et

281 4010 325 4064 sl
360 4012 601 4066 secundo
633 4013 758 4068 victi
790 4013 1013 4085 fuerint,
1053 4017 1245 4072 iterum
1294 4021 1454 4075 tertio
1485 4019 1604 4096 alia:
1633 4022 1877 4075 virtutes.

283 4103 574 4170 nequiores
626 4116 948 4176 exsurgunt.
999 4108 1067 4164 Et
1115 4109 1364 4166 fortassis
1431 4121 1635 4182 quanto
1688 4112 1860 4182 magis

289 4205 519 4263 augetur
545 4197 776 4266 populus
803 4199 918 4266 Dei,
954 4211 1008 4256 et
1035 4203 1203 4256 multo
1243 4204 1364 4274 plus
1396 4207 1595 4260 crescit
1627 4216 1682 4260 et
1715 4209 1858 4260 mul-

287 4287 586 4358 tipdcatur,
624 4300 777 4363 tanto
799 4292 875 4364 illi
903 4293 1084 4369 plures
1109 4296 1176 4351 ad
1197 4297 1615 4376 Oppugnandum
1645 4301 1861 4369 conspi-

288 4389 431 4434 rant.

287 4570 397 4618 tere
418 4567 660 4636 singulos
684 4583 926 4638 quosque
955 4573 1164 4626 adversi
1183 4573 1458 4628 exercitus
1484 4589 1662 4644 reges,
1689 4583 1745 4629 et
1766 4590 1864 4645 pro

285 4654 662 4723 significantiis
689 4660 966 4715 nominum
1019 4663 1446 4735 uniuscujusque
1507 4666 1671 4720 etiam
1726 4681 1863 4737 opus

285 4748 428 4815 quod
456 4749 595 4818 gerit
625 4749 680 4814 in
715 4751 921 4827 malitia
953 4756 1330 4825 contemplari.
1351 4756 1569 4813 Primus
1596 4758 1860 4827 omnium,

287 4838 380 4910 qui
402 4847 460 4894 et
488 4851 683 4897 auctor
702 4843 830 4898 belli
857 4844 1019 4914 hujus
1046 4847 1363 4904 nominatus
1385 4858 1492 4917 est,
1521 4864 1864 4920 congregans

357 4981 401 5012 ⁸⁷
432 4979 558 5037 Isai.
590 4998 643 5052 κ,
686 4982 782 5059 I2,
812 4983 898 5038 1'5.
977 4985 1021 5017 ⁸⁸
1045 4985 1237 5046 Matth.
1275 5003 1369 5042 xu.
1447 4988 1492 5029 ⁸9
1521 4987 1680 5046 Prov.
1705 5006 1756 5057 vi,
1795 4992 1852 5055 4,

361 5126 475 5198 (56)
505 5125 993 5198 (ᾷοάεχδθηεετω.
1033 5145 1051 5178 ι
1085 5129 1305 5192 Arabia.
1345 5145 1363 5179 ι

364 5197 476 5266 (5'1)
517 5196 751 5263 Idem,’¢,
773 5196 1050 5253 maritimi.
1081 5218 1099 5251 ι

362 5268 476 5338 (58)
516 5266 658 5323 Idem
683 5307 700 5334 ,
740 5283 762 5319 ί
811 5277 1100 5325 tentemus.
1137 5289 1156 5322 ι
1193 5270 1330 5333 Libb
1400 5273 1554 5343 editi,
1593 5293 1612 5327 ι
1648 5282 1864 5342 tempus

295 5351 477 5481 €32.56)
505 5407 665 5484 labin
687 5415 863 5484 autem
892 5413 1270 5482 interpretatur
1285 5429 1466 5470 sensus
1497 5414 1605 5468 sive
1628 5413 1862 5484 pruden-

588 5495 610 5566 t
641 5478 964 5566 intelligere.
1003 5505 1016 5566 τ

366 5549 498 5622 (60)’
517 5549 907 5625 Interpretatur
929 5562 1101 5606 autem
1129 5553 1264 5608 Asor
1293 5555 1442 5610 aula.
1474 5555 1555 5610 Ab
1577 5563 1698 5617 'llm
1723 5556 1864 5625 quod

299 5617 422 5676 est":
456 5617 678 5682 atrium,
703 5617 846 5672 aula.
884 5639 903 5670 ι

369 5692 479 5762 (61)
517 5687 687 5742 Jobab
709 5689 919 5760 quidem
948 5692 1321 5766 interpretatur
1339 5695 1651 5768 inimicitiis,
1674 5694 1864 5755 Maron

1963 1809 2099 1862 Asor
2136 1812 2263 1863 aula
2315 1809 2450 1881 (60).
2502 1810 2599 1866 Est
2644 1825 2775 1882 ergo
2816 1815 2994 1868 omnis
3023 1824 3168 1870 terra
3219 1817 3340 1872 aula
3375 1819 3539 1888 hujus

1964 1900 2127 1970 regis,
2150 1902 2242 1971 qui
2277 1902 2440 1956 totius
2461 1911 2622 1957 terrae
2642 1905 2793 1959 velut
2809 1906 2946 1960 aulae
2970 1907 3132 1962 unius
3149 1907 3362 1965 obtinet
3383 1911 3539 1980 prius

1961 1993 2220 2061 cipatum,
2243 1993 2334 2062 qui
2352 2002 2437 2047 est
2454 1992 2726 2050 diabolus.
2749 1993 2836 2051 Vis
2861 2007 3041 2053 autem
3070 2001 3255 2056 videre
3279 2001 3541 2070 quoniam

1962 2084 2086 2138 aula
2121 2086 2290 2152 ipsius
2312 2093 2395 2140 est
2427 2085 2609 2139 terra?
2640 2085 2697 2139 In
2729 2086 3037 2157 Evangeliis
3060 2092 3105 2124 ⁸³
3139 2092 3401 2162 scriptum
3435 2101 3540 2159 est,

1961 2177 2086 2246 quia
2115 2175 2272 2230 fortis
2304 2177 2359 2230 in
2389 2177 2510 2230 aula
2563 2192 2660 2232 sua
2717 2192 2944 2235 securus
2989 2183 3211 2251 dormit,
3255 2200 3542 2254 usquequo

1961 2269 2144 2322 veniat
2169 2266 2364 2322 fortior
2388 2269 2480 2337 qui
2519 2278 2574 2324 et
2597 2269 2774 2338 ipsum
2809 2272 3015 2344 alliget,
3053 2285 3108 2329 et
3133 2291 3251 2346 qua:
3293 2278 3542 2344 possidet

1962 2359 2194 2415 auferat.
2225 2359 2324 2414 Est
2347 2376 2479 2431 ergo
2501 2377 2596 2417 rex
2627 2356 2784 2428 aulas,
2812 2367 3067 2436 princeps
3100 2369 3282 2422 mundi
3320 2369 3484 2440 hujus
3518 2386 3535 2426 :

1961 2460 2061 2514 iste
2095 2460 2261 2514 mittit
2307 2462 2374 2516 ad
2400 2460 2628 2532 ,Jobab:
2665 2463 2780 2534 ipse
2820 2477 2902 2520 est
2949 2468 3096 2521 enim
3143 2464 3233 2534 qui
3271 2462 3443 2517 mittit
3471 2461 3540 2516 ad

1959 2567 2151 2607 omnes
2182 2563 2395 2621 gentes,
2433 2563 2490 2608 et
2522 2554 2724 2610 invitat
2773 2557 2838 2611 ad
2887 2556 3154 2625 praelium.
3195 2554 3357 2609 Mittit
3387 2560 3441 2607 et
3465 2551 3538 2607 ad

1957 2656 2138 2712 regem
2163 2642 2369 2698 Maron.
2394 2644 2574 2701 Jobah
2602 2646 2824 2715 quidem
2873 2649 3268 2716 interpretatur
3305 2641 3542 2697 inimici-

1960 2734 2070 2798 tiae,
2090 2733 2276 2790 Maron
2296 2744 2475 2790 autem
2505 2737 2892 2789 amaritudines
2915 2734 3051 2807 (6|).
3080 2733 3244 2787 Mittit
3271 2746 3400 2800 ergo
3426 2730 3544 2785 dia-

1960 2826 2117 2885 bolus
2145 2827 2212 2880 ad
2245 2825 2406 2880 aliam
2442 2827 2698 2883 virtutem
2736 2827 3022 2882 inimicam
3073 2840 3136 2880 ex
3169 2824 3377 2892 angelis
3418 2823 3540 2878 sine

1959 2919 2120 2972 dubio
2141 2917 2370 2986 refugis,
2393 2932 2513 2986 qua:
2536 2918 2709 2972 virtus
2727 2917 3159 2972 amaritudinum
3182 2930 3274 2969 rex
3297 2922 3412 2970 est:
3431 2927 3541 2983 quo

1962 3018 2184 3064 auctore
2222 3010 2432 3070 scilicet
2450 3017 2504 3064 et
2534 3023 2754 3077 operam
2785 3009 2967 3071 dante,
2995 3022 3187 3061 omnes
3215 3020 3336 3074 quae
3361 3005 3411 3057 in
3439 3006 3541 3059 hoc

1966 3099 2164 3156 mundo
2193 3099 2582 3154 amaritudines
2620 3108 2677 3153 et
2718 3098 3041 3166 asperitates
3085 3097 3298 3150 miseris
3336 3103 3542 3148 morta-

1965 3189 2105 3244 libus
2160 3188 2476 3260 inlliguntur
2531 3189 2668 3261 (6‘2),
2715 3189 2996 3244 eveniunt.
3043 3187 3186 3242 Sunt
3222 3195 3402 3239 autem
3437 3184 3538 3238 ista

1963 3283 2174 3350 diversa
2199 3298 2396 3351 genera
2426 3283 2654 3352 peccati.
2678 3281 2864 3352 Neque
2889 3282 3032 3336 enim
3068 3279 3273 3348 aliquid
3301 3277 3541 3331 amarius

1963 3383 2141 3443 potest
2168 3390 2288 3430 esse
2315 3389 2560 3444 peccato,
2589 3377 2802 3430 etiamsi
2831 3372 3082 3443 quaedam
3110 3370 3288 3424 dulcia
3323 3368 3542 3422 videan-

1967 3482 2054 3524 tur
2089 3471 2144 3525 in
2195 3470 2409 3539 primis,
2461 3469 2606 3523 sicut
2651 3465 2910 3523 Salomon
2945 3465 3140 3520 scribit
3163 3465 3207 3495 ⁶⁹
3243 3479 3256 3514 :
3286 3479 3306 3512 ‹
3339 3460 3446 3516 Sed
3485 3459 3541 3512 in

1967 3562 2298 3629 novissimis,
2319 3562 2516 3630 inquit,
2543 3561 2781 3620 amarius
2803 3557 2930 3614 felle
2957 3556 3205 3612 invenies
3221 3553 3361 3624 quod
3385 3552 3543 3608 dulce

1969 3655 2024 3708 in
2055 3654 2227 3708 initiis
2265 3653 2570 3720 videbatur,
2597 3660 2653 3708 et
2675 3651 2888 3713 acutius
2911 3649 3029 3704 acie
3055 3647 3236 3718 gladii.
3270 3665 3288 3697 ›
3312 3643 3544 3700 Justitiae

1965 3763 2092 3801 vero
2140 3754 2333 3799 natura
2380 3745 2659 3802 contraria
2685 3751 2790 3809 est,
2831 3743 2885 3796 in
2931 3740 3102 3796 initiis
3132 3738 3347 3792 videtur
3383 3752 3534 3790 ama-

1973 3840 2106 3904 rior,
2141 3839 2193 3892 in
2225 3837 2537 3892 novissimis
2585 3851 2720 3892 vero
2770 3834 2929 3890 melle
2985 3831 3196 3888 dulcior
3228 3829 3537 3894 invenitur,

1966 3945 2090 3985 cum
2115 3929 2336 3984 virtutis
2365 3927 2477 4001 (65)
2504 3928 2712 3984 fructus
2748 3925 3013 3981 attulerit.
3042 3923 3189 3978 Misit
3230 3923 3396 3992 igitur
3427 3921 3543 3975 dia-

1964 4022 2121 4079 bolus
2142 4023 2208 4078 ad
2234 4021 2408 4077 Jobab
2437 4021 2717 4077 inimicum
2749 4017 3132 4074 amaritudinis
3150 4030 3352 4086 regem.
3378 4013 3546 4069 Mittit

1967 4122 2154 4168 autem
2187 4113 2352 4167 etiam
2385 4113 2451 4166 ad
2486 4126 2667 4183 regem
2709 4109 2970 4182 Symeon,
3014 4108 3105 4178 qui
3147 4109 3543 4176 interpretatur

1965 4205 2234 4260 exauditio
2267 4202 2401 4277 (64).
2439 4202 2548 4258 Sed
2579 4202 2777 4272 duplex
2829 4201 3044 4256 videtur
3088 4213 3208 4254 esse
3239 4196 3541 4252 exauditio.

1966 4296 2274 4365 Aliquando
2307 4295 2524 4366 quidem
2556 4307 2678 4348 cum
2711 4292 2935 4348 exaudit
2967 4289 3079 4362 (65)
3102 4289 3374 4345 hominem
3401 4287 3542 4342 Deus

1896 4425 1940 4481 Β
1970 4383 2267 4444 secundum
2297 4386 2440 4456 quod
2475 4395 2530 4440 et
2551 4385 2786 4458 Sygmeon
2817 4398 2954 4439 unus
2987 4398 3054 4438 ex
3079 4380 3536 4481 patriarchisnno-

358 4473 415 4529 2.
449 4472 554 4529 Sed
589 4484 856 4552 tentemus
905 4479 1038 4559 (58),
1072 4493 1233 4551 prout
1264 4481 1405 4537 Deus
1435 4476 1663 4550 dederit,
1689 4483 1867 4541 discu-
1896 4472 1919 4534 ἶ

1970 4498 2093 4537 men
2145 4481 2391 4549 accepit,
2432 4481 2689 4549 quoniam
2744 4477 2963 4548 quidem
3023 4474 3344 4531 exaudierat
3396 4471 3540 4526 Deus

1968 4588 2184 4644 precem
2218 4572 2416 4634 matris
2466 4572 2604 4643 ejus.
2659 4571 2871 4626 Dicitur
2912 4570 3078 4624 etiam
3110 4566 3404 4630 exauditio,
3433 4579 3540 4634 qua

1966 4667 2088 4735 quis
2112 4664 2346 4732 texaudit
2372 4673 2698 4734 praeceptum
2731 4663 2956 4717 diaboli.
2995 4660 3143 4715 Solet
3182 4661 3327 4717 enim
3356 4659 3543 4714 dicere

1965 4757 2214 4816 diabolus
2243 4756 2289 4789 ⁷⁸
2319 4772 2334 4810 :
2365 4773 2398 4816 ι,
2417 4755 2473 4811 Si
2503 4756 2791 4826 prouidens
2816 4753 3132 4809 adoraveris
3149 4769 3254 4820 me,
3281 4752 3374 4808 tibi
3403 4749 3542 4806 dabo

1965 4853 2082 4908 haec
2109 4854 2312 4909 omnia.
2351 4873 2373 4909 ι
2410 4853 2513 4910 Sed
2545 4864 2601 4909 tu
2647 4853 2694 4910 si
2722 4839 2905 4909 Iesum
2936 4852 3216 4921 sequeris,
3267 4849 3405 4906 dicis
3437 4847 3533 4906 ei:

1925 4992 1974 5027 "°
1995 4992 2188 5051 Matth.
2220 5010 2295 5064 tv,
2319 4994 2372 5050 9.

1973 5140 2148 5186 autem
2186 5131 2592 5187 amaritudines.
2618 5129 2789 5186 Johab
2815 5131 2882 5186 ab
2909 5138 3012 5191 nm
3039 5149 3058 5183 ‹
3084 5129 3338 5185 inimicus
3363 5128 3463 5184 fuit
3481 5143 3534 5196 ει

1971 5201 2158 5267 Maron
2190 5213 2367 5257 autem
2402 5217 2430 5254 a
2457 5213 2590 5261 Tun
2615 5221 2632 5252 ι
2663 5217 2909 5256 amarum
2951 5217 3094 5257 esse.
3127 5222 3146 5254 ο

2042 5273 2155 5343 (62)
2195 5272 2348 5336 Μεε.,
2383 5289 2404 5324 ε
2441 5272 2776 5342 inlliguntur.
2809 5291 2828 5325 ι
2862 5270 3017 5328 Libb.
3045 5272 3222 5337 editi,
3246 5290 3265 5323 ι
3303 5271 3538 5339 infigun-

1969 5355 2076 5400 tur.
2120 5363 2139 5395 ι

2038 5413 2151 5484 (6'5)
2192 5413 2343 5484 Mss.,
2385 5430 2406 5464 ι
2443 5411 2679 5484 virtutis.
2708 5431 2728 5464 ι
2766 5411 2920 5468 Libh.
2954 5412 3106 5477 editi,
3137 5429 3158 5463 ι
3194 5411 3418 5484 virtus.)

2038 5482 2151 5556 (64)
2192 5483 2531 5556 Symeon,qui
2565 5483 2942 5550 interpretatur
2979 5483 3271 5537 exauditio.
3303 5482 3346 5535 A
3390 5489 3536 5546 nm

1973 5555 2635 5632 «ξρειβτςδιθιειυαίνε-ξ..

2039 5623 2154 5695 (65)
2190 5623 2340 5689 Mss.,
2369 5639 2388 5674 ι
2421 5621 2663 5678 exaudit.
2693 5638 2713 5674 ο
2747 5619 2904 5678 Lihb.
2937 5620 3071 5678 editi
3129 5639 3149 5676 ι
3183 5619 3480 5676 exaudivit.
3505 5635 3526 5670 ι
