4050 6148
510 197 618 256 898

1961 189 2282 275 ORIGENIS

3650 199 3752 255 836

510 318 800 374 Dominum
829 317 994 373 Deum
1025 317 1282 382 adorabo,
1321 325 1375 373 et
1407 318 1505 388 ipsi
1551 315 1650 373 soli
1687 314 1941 372 serviam.
1973 312 2084 365 Au-
2111 312 2159 370 Α
2187 307 2454 362 dicentem
2489 303 2554 358 ad
2589 302 2880 372 discipulos
2903 317 3028 358 suos
3059 303 3107 337 "
3142 324 3156 361 :
3189 324 3208 358 ‹
3239 305 3361 363 Sint
3389 307 3560 366 lumbi
3591 315 3753 370 vestri

512 414 669 469 diunt
703 421 880 466 autem
911 411 1085 477 illum,
1110 411 1201 480 qui
1239 420 1364 465 sunt
1390 425 1456 465 ex
1503 420 1657 480 parte
1692 407 1829 476 ejus,
1861 408 2002 462 sicut
2028 412 2084 462 et

512 518 657 559 nunc
689 502 817 558 fecit
873 502 976 558 iste
1028 502 1295 574 Syrneon,
1353 502 1506 556 illum
1557 503 1785 558 audiens
1837 501 1985 555 venit
2013 499 2081 554 ad

511 610 744 664 pugnam
777 604 967 648 contra
1015 593 1224 648 Jesum.
1258 593 1426 648 Mittit
1455 602 1636 649 autem
1692 601 1747 648 et
1778 593 1845 646 ad
1895 605 2079 658 regem

513 685 613 740 ΖΠ.
636 685 920 739 Zil‘autem
942 685 1326 755 interpretatur
1349 686 1737 756 quomodoﬂuit
1758 683 1778 738 !
1797 683 1906 756 (66)
1939 683 2082 737 velut

509 778 828 832 admirantis
851 793 1102 834 sermone
1128 795 1144 832 :
1175 778 1300 849 quia
1336 786 1391 832 et
1427 792 1615 833 revera
1641 775 1944 830 mirandum
1975 782 2080 840 est,

507 870 782 938 quomodo
799 867 965 922 ﬂunnt
985 869 1163 922 omnia
1185 884 1305 938 qua:
1331 878 1458 924 sunt
1481 869 1642 940 hujus
1674 867 1859 922 mundi
1889 881 2082 921 carna-

506 958 599 1025 lia,
620 969 674 1014 et
700 961 973 1028 quomodo
995 959 1136 1013 ﬂuxa
1156 971 1282 1014 sunt
1313 969 1368 1014 et
1397 961 1621 1024 caduca,
1647 974 1766 1028 quae
1793 959 1930 1028 apud
1955 957 2079 1012 infi-

505 1051 655 1105 deles
681 1052 929 1106 homines
958 1054 1328 1122 permanentia
1356 1053 1686 1120 deputantur
1715 1059 1769 1107 et
1799 1059 2076 1120 perpetua.

498 1143 607 1210 Qui
638 1154 814 1199 autem
847 1159 1028 1198 rerum
1059 1145 1370 1200 considerat
1401 1144 1693 1207 rationem,
1721 1152 1774 1198 et
1814 1143 1938 1197 vitae
1979 1142 2080 1196 hu-

497 1235 589 1304 jus
613 1251 734 1306 quae
755 1246 1015 1306 putantur
1037 1238 1195 1302 bona,
1229 1245 1541 1302 contuetur,
1562 1237 1831 1306 quomodo
1862 1249 2078 1303 semper

507 1336 792 1382 mutentur
845 1337 900 1382 et
932 1335 1240 1391 transeant,
1278 1325 1380 1380 iste
1411 1323 1862 1390 dicit,Quomodo
1917 1324 2074 1380 ﬂuit!

499 1416 678 1472 ‘Vocat
710 1426 892 1472 autem
925 1426 1116 1472 contra
1144 1417 1288 1471 ﬁlios
1328 1414 1491 1472 Israel
1523 1415 1767 1471 diabolus
1793 1415 1957 1471 etiam
1985 1429 2080 1471 eos

503 1509 598 1580 qui
627 1510 770 1564 circa
804 1509 1061 1566 Sidonem
1098 1525 1346 1581 magnam
1384 1518 1531 1565 sunt.
1565 1509 1678 1582 Ego
1705 1510 1923 1580 quidem
1951 1525 2074 1566 cum

504 1602 558 1655 in
585 1603 717 1659 locis
743 1603 960 1659 Sidonis
981 1603 1273 1672 aliquoties
1299 1603 1612 1660 demoratus
1636 1603 1759 1669 sim,
1795 1618 2073 1673 nunquam

502 1697 740 1766 comperi
772 1697 906 1751 duas
934 1710 1054 1752 esse
1077 1696 1331 1760 Sidonas,
1352 1711 1513 1751 unam
1537 1711 1809 1768 magnam,
1835 1703 1888 1750 et
1914 1695 2073 1750 aliam

501 1802 748 1856 parvam,
775 1799 1036 1856 quantum
1067 1787 1135 1842 ad
1169 1797 1441 1842 terrenum
1469 1788 1705 1857 pertinet
1737 1786 1937 1842 locum.
1965 1785 2074 1842 Sed

503 1879 548 1933 si
573 1879 639 1933 ad
664 1879 1168 1950 interpretationem
1197 1881 1433 1936 nominis
1460 1880 1704 1945 redeam,
1732 1880 1878 1949 quod
1907 1880 2075 1949 signi-

507 1970 637 2025 ﬁcat
681 1973 1033 2039 venatricem,
1084 1973 1168 2028 vel
1227 1983 1514 2028 venatores
1561 1969 1695 2044 (67),
1743 1971 1899 2026 video
1929 1969 2074 2040 quod

504 2061 944 2118 adversariarum
972 2064 1261 2130 virtutum,
1291 2065 1345 2119 in
1384 2064 1578 2134 quibus
1612 2063 1793 2118 multa:
1821 2075 1946 2117 sunt
1972 2060 2075 2116 dif-

503 2152 768 2218 ferentiae,
798 2156 1018 2224 quidam
1053 2165 1178 2210 sunt
1231 2165 1521 2212 venatores
1550 2157 1604 2211 in
1635 2156 1839 2226 parvis,
1871 2164 1926 2211 et
1955 2155 2075 2226 qui-

504 2243 628 2298 dam
686 2253 969 2299 venatores
1013 2245 1067 2298 in
1116 2245 1361 2316 magnis;
1404 2246 1456 2299 id
1509 2252 1623 2308 est,
1659 2245 1801 2314 quod
1838 2243 1931 2298 alii
1975 2257 2073 2314 per

502 2348 668 2402 parva
698 2345 924 2406 peccata
985 2337 1220 2401 animas,
1259 2337 1352 2390 alii
1403 2351 1498 2406 per
1539 2350 1732 2406 magna
1773 2335 2071 2405 decipiunt.

506 2423 666 2480 Verbi
697 2399 898 2497 grauia,
948 2442 1070 2483 eum
1107 2429 1159 2482 in
1197 2425 1567 2496 voluptatibus
1597 2429 1782 2482 smculi
1807 2437 1860 2482 et
1889 2428 2074 2482 carnis

506 2518 716 2574 deliciis
749 2519 927 2574 anima
949 2521 1234 2591 decipitur,
1268 2521 1318 2574 in
1346 2535 1512 2588 parvo
1535 2529 1686 2588 capta
1721 2521 1948 2576 dicenda
1969 2529 2072 2578 est.

503 2610 638 2665 Cum
671 2626 799 2668 vero
836 2623 927 2667 aut
980 2613 1390 2668 Providentiam
1425 2620 1605 2683 negat,
1665 2621 1757 2666 aut
1802 2613 2073 2667 daemones

503 2703 657 2770 quasi
696 2704 862 2758 Deum
910 2704 1064 2770 colit,
1095 2706 1208 2760 haec
1241 2704 1292 2758 in
1339 2719 1532 2774 magno
1575 2704 1808 2773 putanda
1840 2714 1923 2759 est
1955 2718 2075 2758 esse

502 2792 749 2863 decepta.
769 2793 834 2847 Et
855 2795 974 2848 ideo
991 2809 1135 2847 nttnc
1154 2793 1319 2846 mittit
1334 2793 1400 2848 ad
1415 2792 1672 2846 Sidonem
1692 2806 1940 2860 magnam
1961 2790 2073 2860 (68)

503 2889 594 2956 qui
635 2890 789 2959 quasi
820 2890 886 2944 ad
913 2890 1252 2944 venationem
1280 2903 1526 2960 magnam
1543 2891 2072 2945 conveniantcontra

2188 397 2482 468 praecincti,
2506 404 2559 450 et
2595 396 2829 450 lucerna:
2857 407 3048 452 vestrae
3075 398 3354 456 ardentes.
3388 421 3410 456 ι
3459 401 3604 458 Sunt
3629 420 3754 477 ergo

2185 505 2370 546 eorum
2416 489 2508 558 qui
2551 489 2606 544 in
2655 488 2896 544 Ecclesia
2939 490 3098 545 {idem
3143 493 3464 549 catholicam
3520 497 3750 565 docent,

2183 594 2239 638 et
2278 582 2493 653 plebem
2532 581 2626 637 Dei
2658 582 2826 638 verbo
2855 584 3101 639 veritatis
3135 585 3479 653 illuminant,
3521 588 3754 647 lucernae

2183 681 2457 736 ardentes.
2492 679 2528 733 li
2567 694 2696 734 vero
2744 680 2836 750 qui
2884 681 3140 735 haeretica
3192 682 3442 752 dogmata
3498 699 3565 738 ex
3591 684 3750 757 531

2183 771 2477 840 Scriptura:
2546 781 2746 825 sanctae
2815 769 3139 824 testimoniis
3208 769 3360 826 falsis
3432 775 3754 828 assertioni-

2181 867 2283 922 bus
2333 865 2562 931 docent,
2612 878 2709 934 pro
2763 877 2830 918 eo
2889 864 3032 932 quod
3071 861 3383 934 Scripturas
3435 865 3644 935 legunt,
3678 867 3755 919 vi—

2182 961 2384 1016 dentur
2423 958 2723 1014 accendere
2765 958 3019 1012 lucernas
3048 974 3064 1012 :
3093 956 3185 1012 sed
3217 958 3341 1027 quia
3374 955 3529 1011 falsis
3576 944 3756 1012 asser-

2181 1051 2419 1108 tionibus
2450 1058 2701 1114 utnntur,
2728 1065 2834 1104 non
2862 1058 2988 1104 sunt
3012 1048 3379 1114 lucernae,sed
3397 1048 3550 1116 quasi
3583 1049 3756 1104 lucer-

2182 1157 2290 1198 nae.
2325 1142 2470 1197 Misit
2495 1143 2657 1198 etiam
2700 1143 2766 1196 ad
2798 1155 3056 1208 campos;
3089 1153 3312 1193 necesse
3343 1139 3488 1193 enim
3531 1149 3668 1202 erat,
3699 1151 3755 1194 nt

2181 1231 2234 1286 in
2261 1233 2578 1287 societatem
2602 1247 2754 1286 suam
2785 1240 3004 1286 vocaret
3025 1231 3191 1283 etiam
3220 1242 3314 1282 eos
3345 1230 3437 1298 qui
3474 1230 3526 1282 in
3551 1232 3752 1300 campis

2182 1335 2331 1391 sunt,
2371 1335 2425 1382 et
2466 1325 2691 1381 humilia
2733 1325 2954 1395 sapiunt
2999 1338 3063 1378 ac
3101 1331 3343 1378 terrena.
3397 1321 3546 1377 Misit
3597 1333 3652 1378 et
3701 1325 3750 1378 in

2179 1415 2527 1486 Faneandor,
2582 1417 2675 1488 qui
2726 1418 3120 1486 interpretatur
3172 1417 3441 1469 conversio
3498 1415 3634 1486 (72).
3690 1414 3754 1470 Et

2180 1510 2470 1566 conversio
2502 1511 2698 1580 duplex
2736 1510 3075 1579 intelligitur.
3123 1507 3220 1564 Est
3249 1510 3392 1563 enim
3441 1511 3752 1577 conversio,

2182 1618 2287 1674 qua
2321 1604 2442 1672 quis
2470 1604 2537 1657 ad
2575 1603 2743 1658 Deum
2775 1604 3140 1669 convertitur,
3174 1602 3256 1656 vel
3294 1618 3323 1655 a
3355 1602 3463 1656 Deo
3502 1609 3588 1656 est
3622 1616 3751 1658 con-

2176 1711 2362 1753 versus
2401 1697 2466 1751 ad
2512 1696 2674 1752 bona.
2733 1694 2830 1750 Est
2860 1706 3039 1750 autem
3080 1704 3135 1751 et
3169 1697 3272 1750 alia
3303 1694 3413 1767 (75)
3443 1695 3756 1763 conversio,

2176 1803 2278 1857 qua
2313 1803 2405 1842 rex
2433 1785 2617 1852 Jabin,
2651 1787 2702 1842 id
2733 1799 2816 1842 est
2856 1788 3120 1856 diabolus,
3167 1789 3232 1843 ad
3275 1803 3335 1843 se
3380 1789 3597 1843 animas
3624 1803 3754 1843 con-

2175 1882 2360 1946 vertit,
2424 1881 2562 1935 sicut
2611 1888 2666 1934 et
2718 1880 2784 1934 de
2835 1879 3106 1950 Symeone
3142 1896 3307 1949 supra
3346 1881 3750 1949 exposuimus:

2175 1974 2351 2044 qualis
2381 1973 2615 2042 putanda
2662 1981 2745 2027 est
2797 1981 2852 2026 et
2885 1973 2971 2026 illa
3013 1973 3330 2035 conversio,
3375 1987 3499 2042 qua:
3553 1971 3756 2028 Galatis

2177 2065 2469 2128 acciderat,
2519 2065 2585 2118 de
2612 2079 2719 2132 qua
2756 2063 2891 2117 dicit
2928 2063 3218 2133 Apostolus
3263 2063 3354 2114 "z
3393 2081 3411 2114 ι
3441 2061 3756 2117 Currebatis

2174 2157 2336 2222 bene,
2388 2157 2510 2225 quis
2545 2171 2642 2211 vos
2691 2155 3048 2225 impedivit,»
3110 2156 3216 2209 hoc
3267 2163 3353 2209 est
3403 2155 3672 2208 convertit
3723 2167 3754 2206 a

2175 2267 2338 2308 cursu
2375 2251 2518 2306 bono
2553 2258 2607 2303 et
2642 2248 2844 2302 itinere
2881 2247 3074 2301 recto?
3107 2246 3274 2300 Mittit
3305 2256 3359 2299 et
3406 2247 3472 2299 ad
3505 2259 3600 2299 eos
3624 2285 3639 2306 ,
3665 2244 3756 2314 qui

2174 2353 2332 2402 erant
2360 2345 2413 2399 in
2449 2342 2740 2398 maritimis
2769 2341 2928 2406 locis,
2969 2343 3036 2395 ad
3067 2342 3277 2396 vicinos
3312 2339 3578 2394 ﬂuctuum
3616 2337 3754 2393 Cha-

2178 2453 2415 2500 nanaeos,
2470 2437 2560 2506 qui
2615 2437 3044 2505 interpretantur
3083 2433 3216 2487 velut
3249 2433 3491 2487 commoti
3529 2431 3671 2503 (74),
3700 2431 3753 2485 id

2175 2540 2258 2587 est
2285 2529 2377 2598 qui
2419 2542 2632 2598 semper
2665 2527 2995 2580 motionibus
3038 2535 3092 2580 ct
3141 2527 3395 2580 lluctibns
3438 2533 3754 2594 permovent

2175 2630 2392 2685 cuncta,
2451 2629 2507 2674 et
2540 2621 2608 2674 ad
2658 2619 2964 2672 maritimos
3011 2617 3379 2671 Amorrhaeos.
3441 2617 3754 2671 Amorrhtei

2176 2715 2610 2784 interpretantur
2646 2717 3032 2765 amarescentea
3074 2708 3188 2781 (75)
3214 2752 3229 2774 ,
3260 2710 3351 2778 qui
3393 2717 3522 2763 sunt
3553 2708 3754 2763 similes

2178 2805 2304 2869 illis,
2338 2805 2405 2858 de
2447 2803 2647 2873 quibus
2685 2801 2934 2871 superius
2971 2799 3346 2854 disseruimus.
3396 2797 3546 2852 Talis
3592 2798 3754 2864 igitur

2177 2908 2266 2954 est
2313 2895 2593 2966 catalogus
2655 2894 2820 2950 totius
2871 2891 3075 2947 militia:
3123 2891 3476 2946 invisibilinm
3521 2891 3754 2946 hostium

503 2982 645 3036 ﬁlios
666 2981 855 3037 lsrael.
886 2981 1054 3036 Mittit
1088 2991 1141 3035 et
1169 2982 1236 3035 ad
1272 2993 1550 3037 montana.
1588 2983 1840 3038 Montana
1875 2983 2077 3037 intelli-
2103 3009 2148 3070 ρ
2180 2991 2272 3061 qui
2329 2997 2726 3058 congregantur
2755 3001 2851 3055 per
2897 2979 3076 3055 regem
3106 2983 3262 3039 Jabin
3286 3023 3301 3048 ,
3353 2993 3410 3037 ut
3445 2989 3754 3052 expugnent

503 3075 680 3145 genda
711 3084 838 3128 sunt
880 3075 1059 3130 onmis
1106 3089 1297 3128 sensus
1331 3075 1425 3144 qui
1458 3075 1668 3131 extollit
1715 3089 1775 3130 se
1825 3084 1879 3129 et
1913 3075 2076 3144 erigit

505 3165 770 3221 adversus
793 3166 1076 3220 scientiam
1127 3165 1244 3222 Dei.
1283 3165 1447 3222 Mittit
1473 3176 1526 3223 et
1559 3168 1612 3222 in
1668 3167 1873 3221 Araba.
1906 3167 2078 3221 Inter-

506 3269 754 3328 pretatur
785 3266 965 3312 autem
989 3258 1169 3312 Araba
1192 3258 1401 3313 insidia:
1427 3259 1559 3331 (69).
1587 3259 1782 3314 Invitat
1805 3275 1936 3329 ergo
1968 3260 2079 3313 vir-

505 3359 650 3406 tutes
675 3349 1060 3415 insidiatrices,
1079 3365 1198 3420 qua!
1222 3352 1490 3405 humanas
1512 3352 1718 3405 animas
1749 3366 1855 3404 non
1885 3353 1960 3416 vi,
1981 3366 2079 3407 nec

504 3442 706 3512 apertis
729 3441 1223 3512 impugnationibus
1255 3439 1393 3515 (70),
1423 3443 1515 3497 sed
1535 3443 1845 3512 improvisis
1869 3444 2080 3500 insidiis

505 3533 821 3602 callidisque
853 3533 1162 3602 decipiant:
1199 3531 1339 3587 forte
1369 3533 1566 3603 quales
1605 3545 1736 3588 sunt
1778 3543 1833 3590 et
1866 3535 1977 3602 illi,
2011 3535 2078 3590 de

503 3631 702 3698 quibus
751 3628 1017 3700 Propheta
1064 3628 1196 3683 dicit
1222 3629 1312 3681 ἰε
1354 3647 1373 3680 t
1411 3627 1710 3684 lnsidiatur
1752 3630 1806 3683 in
1862 3628 2078 3684 occulto

505 3724 650 3778 sicut
699 3720 783 3775 leo
811 3721 863 3775 in
899 3721 1062 3776 cubili
1097 3736 1218 3789 suo,
1252 3721 1540 3776 insidiatur
1564 3731 1622 3775 ut
1654 3724 1830 3792 rapiat
1877 3737 2080 3792 paupe-

505 3830 645 3870 rem.
670 3833 688 3865 ι
707 3813 812 3868 Sed
843 3818 888 3868 si
919 3815 1044 3883 quis
1069 3814 1192 3870 talis
1209 3823 1292 3869 est
1313 3814 1488 3884 qualis
1506 3813 1724 3882 Paulus,
1745 3814 2079 3870 conﬁdenter

507 3906 634 3960 dicit
667 3905 757 3960 7':
799 3924 819 3958 ι
865 3905 981 3960 Non
1037 3908 1178 3961 enim
1235 3907 1545 3976 ignoramus
1601 3908 1828 3962 astutias
1878 3908 2015 3978 ejus.
2049 3928 2069 3962 ι

509 3995 671 4052 Mittit
701 4007 756 4051 et
777 3997 829 4050 in
860 3996 1146 4053 Ceneroth.
1171 3998 1562 4071 Interpretatur
1593 4009 1772 4054 autem
1807 3999 2079 4056 Ceneroth

508 4093 659 4160 quasi
688 4089 1065 4161 lucernaz(71).
1098 4089 1213 4145 Non
1240 4091 1493 4162 lucernae,
1521 4093 1616 4150 sed
1643 4095 1796 4162 quasi
1822 4092 2078 4150 lucernae.

509 4183 671 4237 Aliud
707 4189 790 4237 est
823 4182 968 4236 enim
1001 4181 1240 4250 lucerna,
1276 4185 1419 4240 aliud
1454 4187 1610 4257 quasi
1641 4186 1886 4240 lucerna.
1916 4183 2080 4240 Joan-

508 4293 605 4330 nes
639 4295 658 4328 ι
689 4277 913 4330 lucerna
963 4287 1080 4331 erat
1131 4279 1330 4335 ardens
1359 4279 1424 4346 ⁷³,
1467 4299 1486 4332 ι
1527 4279 1654 4351 quia
1690 4287 1808 4333 erat
1856 4277 2081 4348 angelus

2181 3097 2278 3136 nos
2344 3080 2439 3150 qui
2503 3077 2786 3146 sequimur
2837 3075 3030 3129 ducem
3082 3072 3264 3128 Jesnnt
3313 3082 3369 3128 et
3413 3072 3752 3127 Salvatorem

2179 3183 2448 3228 nostrum.
2503 3169 2609 3225 Sed
2646 3167 2774 3238 quid
2799 3167 2929 3221 dicit
2960 3164 3263 3220 Dominus?
3319 3183 3336 3215 t
3363 3163 3440 3218 Ne
3491 3163 3749 3225 verearis,

2183 3264 2360 3335 inquit
2388 3264 2455 3328 ⁷⁸,
2491 3277 2519 3315 a
2547 3259 2686 3314 facie
2711 3274 2924 3322 eorum,
2955 3257 3078 3326 quia
3109 3256 3346 3310 crastina
3374 3256 3463 3308 die
3491 3256 3596 3309 hac
3623 3255 3749 3308 hora

2181 3355 2387 3410 tradam
2420 3369 2515 3410 eos
2547 3353 2600 3407 in
2633 3365 2826 3406 manus
2860 3359 2998 3406 tuas.
3026 3368 3045 3401 ι
3073 3346 3241 3403 Video
3275 3347 3418 3418 quod
3443 3347 3608 3402 hodie
3644 3361 3744 3400 non

2180 3462 2463 3520 possumus
2493 3446 2619 3501 illos
2660 3459 2849 3501 omnes
2885 3443 3230 3514 opprimere,
3266 3457 3367 3497 nec
3402 3449 3637 3496 cunctos
3675 3442 3750 3493 in-

2183 3540 2449 3605 terﬁcere,
2503 3539 2600 3594 sed
2667 3537 2909 3592 crastino
2961 3535 3319 3605 perimentur,
3386 3534 3439 3588 id
3492 3542 3580 3588 est
3633 3540 3751 3602 post

2180 3630 2701 3688 consummationem
2729 3630 2886 3698 hujus
2915 3629 3120 3684 saeculi.
3165 3627 3317 3684 Tune
3347 3630 3549 3683 etenim
3578 3629 3751 3682 omnis

2178 3727 2354 3781 virtus
2383 3723 2660 3779 contraria
2689 3723 3027 3787 destruetur,
3065 3730 3120 3778 et.
3157 3729 3285 3777 tunc
3318 3721 3534 3791 penitus
3573 3721 3753 3775 vince-

2181 3828 2289 3885 tur,
2337 3831 2461 3871 cum
2505 3814 2706 3869 videris
2739 3815 2805 3868 iis
2848 3814 2937 3884 qui
2983 3829 3014 3868 a
3063 3813 3304 3868 sinistris
3348 3821 3474 3867 sunt
3521 3813 3627 3868 dici
3657 3815 3747 3866 7’:

2186 3910 2306 3964 tlte
2358 3909 2413 3963 in
2454 3909 2632 3978 ignem
2684 3915 2966 3972 aeternum,
3019 3920 3178 3974 quem
3239 3907 3572 3975 praeparavit
3617 3904 3749 3962 Deus

2184 3999 2398 4056 diabolo
2420 4007 2475 4054 et
2501 3997 2706 4068 angelis
2737 3997 2874 4067 ejus.
2905 4015 2923 4050 ι
2961 3995 3115 4052 Tunc
3145 3997 3287 4052 enim
3320 4005 3374 4051 et
3409 4012 3508 4051 nos
3537 3997 3585 4051 si
3612 3997 3750 4051 vice-

2183 4094 2374 4157 rimus,
2406 4101 2460 4147 et
2491 4090 2744 4145 obtinere
2772 4091 3089 4162 poterimus,
3125 4100 3414 4159 sequentes
3441 4089 3628 4144 Jesum
3655 4091 3748 4143 du-

2181 4199 2318 4248 cem,
2373 4183 2743 4253 percipiemus
2790 4199 3010 4253 regnum
3045 4186 3188 4252 quod
3242 4183 3564 4253 praeparavit
3615 4183 3747 4236 Deus

2183 4276 2350 4332 Pater
2378 4277 2584 4333 sanctis
2612 4277 2745 4344 suis,
2777 4287 2832 4331 et
2863 4277 2928 4331 iis
2953 4279 3042 4344 qui
3074 4276 3324 4330 mandata
3355 4274 3471 4343 ejus
3506 4285 3562 4328 et
3587 4273 3743 4344 justi-

508 4368 668 4425 lucis.
704 4369 868 4437 Quasi
909 4369 1127 4424 lucerna
1165 4381 1344 4426 autem
1405 4381 1488 4426 est
1531 4371 1620 4426 ille
1661 4373 1752 4440 qni
1795 4369 2078 4440 transiigu-
2111 4357 2155 4411 Ι)
2188 4366 2290 4420 tias
2333 4366 2718 4436 impleverunt.
2775 4381 2873 4436 per
2935 4367 3109 4436 ipsum
3161 4366 3444 4420 Dominum
3501 4377 3743 4422 nostrum

512 4471 597 4515 rat
633 4477 691 4516 se
743 4463 796 4517 in
833 4463 1082 4534 angelmn
1123 4463 1283 4518 lucis.
1325 4462 1393 4518 Et
1432 4463 1480 4517 si
1528 4464 1611 4518 vis
1654 4464 1829 4518 adhuc
1858 4461 2078 4516 eviden-

512 4555 619 4607 tius
657 4569 881 4610 noscere
915 4554 1248 4610 diﬂ'erentias
1289 4555 1675 4619 lucernarum,
1711 4563 1762 4608 et
1800 4553 1954 4623 quasi
1998 4553 2080 4607 lu-

510 4659 821 4714 cernarum,
856 4664 975 4717 quae
1001 4648 1054 4702 in
1089 4648 1359 4703 Ceneroth
1394 4654 1538 4712 sunt,
1576 4647 1700 4699 audi
1736 4645 2075 4701 SalvatOreut

578 4736 627 4767 τί
659 4736 854 4792 Psaltn.
876 4755 946 4792 ιιι.
1025 4740 1068 4772 ⁷³
1097 4740 1139 4794 Il
1171 4739 1297 4794 Cor.
1332 4753 1391 4805 ιι,
1424 4737 1510 4790 Η.

513 4825 639 4873 xxv,
674 4809 762 4864 41.

583 4901 695 4968 (66)
736 4900 830 4970 Zif
873 4911 1051 4954 autem
1105 4900 1502 4968 interpretatur,
1550 4899 1812 4969 quomodo
1841 4899 2004 4969 ﬂuit!
2039 4901 2084 4954 A

509 4983 598 5045 2,Ὶῖ
621 4974 698 5045 vel
722 4982 811 5038 39';
845 4991 862 5024 ι
903 4971 1097 5045 ﬂuere.
1122 4989 1140 5020 ι

587 5043 698 5114 (67)
743 5045 894 5114 Quod
924 5043 1184 5112 signiﬁcat
1228 5043 1563 5106 venatricem,
1600 5039 1676 5094 uel
1707 5049 2004 5094 venatores.
2036 5041 2080 5094 Α

510 5123 607 5174 'nr
647 5132 666 5164 ι
705 5115 911 5168 venari.
943 5131 962 5164 ι

585 5185 698 5256 (68)
739 5183 1008 5253 Magnam.
1040 5182 1200 5238 Deest
1227 5183 1278 5236 in
1305 5182 1437 5237 libb.
1467 5181 1648 5246 editis,
1685 5179 1777 5234 sed
1807 5179 2002 5250 legitur
2029 5179 2081 5232 in

517 5254 898 5312 Geineticensi.

579 5326 1128 5407 _(69)__Interpretatur
1167 5335 1342 5379 autem
1383 5325 1559 5378 Araba
1596 5321 1825 5377 insidiae.
1857 5319 1940 5375 Ab
1965 5331 2086 5380 3‘13

523 5413 541 5447 ι
579 5398 860 5451 insidiatus
884 5406 985 5451 est.
1024 5415 1042 5448 ι

589 5467 699 5539 (70)
740 5467 918 5523 Codex
947 5466 1259 5536 Sangerm.,
1296 5485 1314 5519 ι
1349 5464 1834 5537 impugnatoribus.
1866 5481 1886 5516 ι
1923 5461 2079 5517 Libb.

518 5537 670 5601 editi,
701 5558 720 5588 ι
749 5539 1224 5608 expugnatoribus.
1249 5555 1268 5590 ι

591 5608 704 5681 (71)
744 5604 1129 5681 Interpretatur
1155 5620 1325 5681 autem
1361 5606 1613 5662 Ceneroth
1641 5604 1793 5676 quasi
1827 5604 2075 5660 lucernis.

519 5677 655 5741 ex:
685 5677 704 5734 ι
739 5679 894 5752 quasi
927 5696 945 5734 ι
979 5686 1034 5734 et
1057 5688 1133 5744 ἰι
1163 5698 1182 5730 ι
1208 5679 1447 5736 lucerna.
1493 5697 1511 5730 ›

2187 4459 2368 4516 Jesum
2395 4459 2696 4524 Christum,
2722 4461 2806 4514 cui
2832 4470 2916 4514 est
2943 4461 3112 4529 gloria
3153 4470 3208 4515 et
3240 4461 3525 4529 imperium
3558 4461 3609 4515 in
3644 4475 3740 4515 sa:-

2187 4552 2309 4607 cula
2331 4552 2672 4608 saeculorum.
2701 4555 2890 4606 Amen.

1585 4737 1632 4769 ⁷³
1652 4735 1810 4792 Joan.
1846 4753 1902 4804 v,
1928 4736 2019 4792 5'5.

2180 4735 2298 4792 Luc.
2333 4751 2435 4802 xu,
2458 4734 2548 4790 55.
2623 4735 2670 4767 ⁷⁵
2700 4733 2818 4793 Gal.
2852 4753 2901 4803 v,
2938 4735 2988 4790 7.
3065 4735 3110 4768 ⁷⁸
3132 4734 3243 4790 Jos.
3270 4751 3345 4796 ιι.
3374 4735 3427 4790 6.
3493 4736 3536 4766 ⁷⁷
3560 4735 3743 4794 Matth.

2259 4897 2372 4966 (72)
2412 4896 2760 4964 Faneandor,
2792 4899 2881 4968 qui
2906 4899 3284 4966 interpretatur
3312 4901 3606 4953 conversio.
3647 4885 3767 4952 Me?

2188 4967 2296 5022 lius
2321 4971 2773 5037 interpretaretur
2805 4967 2822 5020 ι
2847 4971 3133 5024 conversio
3155 4968 3524 5037 generationis
3554 4989 3572 5022 ι
3597 4987 3624 5024 a
3646 4978 3748 5030 ΠΕ

2196 5058 2215 5091 ι
2241 5040 2508 5109 convertit
2535 5057 2554 5089 ι
2586 5050 2640 5094 et
2665 5047 2762 5097 ἾΠ
2796 5057 2814 5089 t
2843 5041 3139 5109 generatio.
3180 5057 3198 5089 ι

2261 5108 2373 5178 (75)
2403 5108 2534 5178 Mss.
2570 5127 2589 5160 ι
2619 5109 2746 5162 alia.
2781 5129 2799 5160 ι
2832 5107 2989 5163 Libb.
3032 5109 3156 5162 editi
3186 5123 3201 5160 ε
3235 5127 3253 5160 ι
3283 5107 3392 5161 illa.
3425 5127 3444 5162 ι

2259 5177 2759 5252 (74)__Chana_naaos,
2820 5181 2910 5252 qui
2961 5181 3375 5252 interpretantur
3426 5179 3564 5252 velut
3609 5195 3745 5252 com-

2188 5252 2334 5302 moti.
2366 5249 2520 5308 Exat
2548 5249 2684 5303 sicut
2712 5249 2896 5314 actm:
2925 5249 3184 5312 «moveri,
3211 5250 3596 5303 commoveri.)
3634 5251 3746 5301 Ca:-

2190 5329 2361 5373 terum
2382 5319 3115 5389 p-rotvelutcommotitquod
3134 5320 3328 5389 legitur
3357 5320 3409 5372 in
3441 5334 3598 5386 mss.,
3626 5319 3745 5372 libri

2185 5391 2314 5443 editi
2347 5389 2544 5445 habent
2575 5408 2594 5440 ι
2623 5391 2767 5445 velut
2797 5391 3108 5446 commotio.
3141 5409 3159 5441 ι
3192 5389 3394 5445 Ibidem
3425 5389 3557 5443 libb.
3580 5389 3743 5444 editi:

2193 5476 2212 5510 ι
2252 5461 2342 5528 qui
2367 5474 2580 5528 semper
2600 5459 2656 5514 in
2685 5462 3012 5516 motionibus
3039 5469 3094 5515 et
3126 5460 3374 5515 ﬂuctibus
3403 5468 3746 5529 permanent,

2188 5539 2241 5582 et
2272 5531 2340 5582 ad
2363 5531 2685 5596 maritimos,
2713 5551 2732 5583 ι
2769 5533 2860 5586 sed
2887 5547 3015 5585 mss.
3053 5541 3112 5585 ut
3143 5532 3195 5586 in
3224 5542 3408 5584 noStro
3435 5538 3608 5584 textu.

2254 5598 2369 5671 (75)
2397 5599 2686 5655 Amorrlttei
2711 5604 3122 5672 interpretantur
3155 5600 3748 5659 muaruceutemA'nn

2192 5687 2214 5722 ι
2245 5683 2486 5726 ainartttn
2520 5685 2661 5726 esse.
2694 5690 2716 5724 ι
