4050 6148
261 213 376 270 897

831 328 1106 385 HOMILIA
1151 331 1267 390 XV.

257 418 337 477 ιιι
367 437 430 474 ea
455 436 574 500 qua!
600 433 988 500 consequuntur
1020 436 1133 492 post
1171 426 1349 500 labia:
1369 445 1388 478 ι
1414 428 1482 484 Et
1499 431 1617 500 fecit
1656 431 1836 500 Iesus,

503 493 692 563 inquit,
725 494 858 547 sicut
885 507 1200 564 pra’ceperat
1231 499 1278 552 ei
1313 493 1591 555 Domitius.
1629 524 1648 556 ι

342 609 394 667 I.
427 608 540 666 Nisi
564 610 697 664 bella
735 611 836 665 ista
866 611 1106 668 carnalia
1134 613 1360 683 ﬁguram
1395 616 1659 672 bellorum
1688 621 1841 690 spiri-

260 702 456 757 talium
514 713 786 772 gererent,
852 720 1167 774 nunquam,
1218 707 1434 776 opinor,
1482 707 1835 768 Iudaicarum

260 794 618 849 historiarum
650 793 768 848 libri
801 795 1082 866 discipulis
1099 797 1322 862 Christi,
1353 800 1442 868 qui
1480 803 1623 855 venit
1648 819 1836 872 pacem

259 888 486 952 docere,
535 886 745 956 legendi
801 888 853 940 in
899 889 1149 946 ecclesiis
1185 892 1412 948 fuissent
1461 894 1530 949 ab
1579 896 1840 964 apostolis

261 981 476 1036 traditi.
525 980 642 1048 Quo
691 980 835 1035 enim
876 982 955 1037 eis
981 981 1246 1038 bellorum
1279 984 1568 1053 proliceret
1607 987 1709 1042 ista
1740 989 1832 1044 deo

258 1073 518 1142 scriptio,
549 1071 743 1142 quibus
771 1073 968 1127 dicitur
997 1072 1066 1128 ab
1089 1072 1217 1130 Iesu
1242 1075 1287 1106 ⁷⁸
1317 1089 1334 1129 :
1372 1093 1390 1126 ε
1420 1075 1616 1132 Pacem
1659 1095 1836 1135 meam

259 1167 339 1218 do
379 1164 564 1231 vobis,
616 1179 801 1233 pacem
835 1180 1008 1219 meam
1046 1165 1292 1238 relinquo
1324 1168 1475 1225 vobis
1500 1169 1523 1223 ?
1552 1190 1570 1222 ι
1617 1172 1682 1226 Et
1718 1172 1839 1242 qui-

257 1256 369 1311 bus
422 1270 519 1326 per
577 1254 892 1324 Apostolum
938 1256 1165 1327 jubetur
1217 1268 1272 1314 et
1330 1261 1638 1318 dicitur":
1680 1264 1838 1320 «Non

258 1349 624 1416 vosmetipsos
680 1347 1013 1402 vindicantes
1039 1391 1055 1415 ,
1085 1367 1106 1401 ι
1153 1358 1210 1404 et
1245 1367 1259 1410 :
1298 1370 1316 1403 ‹
1343 1351 1513 1424 Magis
1586 1354 1837 1424 injuriam

258 1438 522 1509 accipite,
559 1459 578 1492 ›
615 1450 710 1494 et:
743 1458 763 1491 ι
792 1440 958 1510 Magis
1006 1440 1252 1498 fraudem
1299 1446 1590 1514 patimini?
1625 1468 1644 1501 ι
1686 1447 1840 1504 Unde

259 1529 506 1600 denique
549 1531 731 1586 sciens
778 1532 1070 1601 Apostolus
1124 1535 1272 1591 nulla
1329 1539 1483 1595 nobis
1534 1539 1645 1611 jam
1698 1541 1839 1596 ultra

255 1622 402 1677 bella
437 1639 557 1679 esse
579 1624 871 1680 carnaliter
899 1631 1230 1702 peragenda,
1288 1634 1383 1686 sed
1434 1633 1632 1689 animae
1660 1645 1840 1690 certa-

255 1716 411 1768 mina
466 1727 652 1770 contra
709 1718 983 1788 spiritales
1061 1721 1407 1778 adversarios
1477 1725 1830 1792 desudanda,

254 1807 410 1860 velut
459 1808 716 1878 magister
768 1808 972 1865 militiae
1031 1823 1358 1882 prmceptum
1415 1817 1510 1869 dat
1572 1817 1834 1872 militibus

253 1897 463 1953 Christi
494 1901 678 1956 dicens
703 1901 747 1933 ⁸ο
777 1918 791 1954 :
839 1921 858 1955 ‹
885 1903 1092 1959 lnduite
1123 1919 1216 1959 vos
1248 1921 1400 1960 arma
1431 1906 1524 1962 Dei
1552 1947 1570 1974 ,
1612 1918 1672 1962 ut
1702 1925 1830 1979 pos-

255 1989 380 2044 sitis
403 2001 550 2045 stare
586 1993 848 2050 adversus
894 1994 1122 2051 astutias
1162 1993 1275 2069 (76)
1328 1998 1549 2054 diaboli.
1584 2018 1604 2052 ι
1646 2000 1717 2055 Ει
1774 2012 1834 2058 ut

255 2081 455 2136 horum
503 2084 828 2152 spiritalium
887 2087 1157 2142 bellorum
1227 2104 1294 2143 ex
1357 2100 1601 2147 veterum
1668 2095 1836 2164 gestis

255 2172 463 2230 habere
492 2176 760 2244 possimus
789 2179 1061 2250 exempla,
1093 2180 1227 2236 istas
1251 2182 1408 2238 nobis
1436 2200 1620 2241 rerum
1651 2197 1832 2258 gesta-

258 2281 382 2320 rum
417 2268 759 2322 narrationes
790 2268 842 2322 in
878 2270 1110 2326 ecclesia
1141 2272 1310 2327 voluit
1342 2276 1586 2340 recitari,
1621 2287 1678 2332 ut
1710 2293 1830 2342 nos,

259 2357 306 2412 si
337 2358 607 2426 spiritales
633 2374 843 2425 smnus,
869 2363 1155 2418 audientes
1173 2365 1300 2434 quia
1333 2367 1416 2422 lex
1437 2369 1700 2437 spiritalis
1726 2379 1833 2435 est,

262 2453 317 2508 in
390 2453 456 2505 iis
514 2466 634 2520 qua:
695 2452 946 2507 audimus
992 2455 1103 2524 (77)
1159 2459 1498 2529 spiritalibus
1563 2463 1833 2530 spiritalia

258 2555 654 2608 comparemus,
682 2552 734 2596 et
768 2544 1198 2614 contemplemur
1229 2564 1295 2604 ex
1330 2549 1396 2605 iis
1435 2552 1692 2622 gentibus
1716 2569 1836 2622 quae

259 2633 537 2687 carnalem
596 2632 758 2688 Israel
805 2636 1090 2692 visibiliter
1138 2653 1558 2712 oppugnarunt,
1619 2654 1836 2714 quantae

261 2726 370 2780 sint
425 2737 613 2793 gentes
651 2729 1050 2784 contrariarum
1079 2732 1338 2788 virtutum
1365 2746 1431 2785 ex
1463 2732 1831 2805 spiritalibus,

259 2833 378 2886 qua:
407 2818 660 2871 dicuntur
693 2819 963 2887 spiritales
981 2823 1235 2892 nequitiae
1258 2825 1310 2878 in
1343 2827 1677 2893 caelestibus,
1711 2842 1830 2896 qua:

261 2911 521 2964 adversus
555 2910 854 2966 Ecclesiam
885 2914 1123 2982 Domini,
1159 2931 1282 2986 qua:
1323 2932 1408 2974 est
1449 2934 1614 2976 verus
1643 2921 1831 2988 Israel,

261 3001 528 3053 suscitent
559 3001 717 3055 bella.
748 3001 1004 3058 Moabitae
1044 3006 1270 3060 veniunt
1301 3016 1356 3062 et
1389 3008 1740 3078 Ammanitae,
1779 3021 1832 3067 et
1859 3025 1906 3086 ρ

257 3107 453 3147 omnes
493 3092 564 3146 illi
602 3107 774 3162 rcges,
804 3104 856 3149 et
893 3103 1083 3166 gentes
1113 3097 1451 3168 invisibiles,
1495 3117 1634 3172 quas
1672 3119 1831 3174 supe-

261 3187 376 3240 rius
411 3189 864 3258 memoravimus,
905 3192 1192 3247 adversum
1230 3209 1330 3250 nos
1363 3197 1586 3251 veniunt
1622 3213 1830 3268 pugna-

262 3287 398 3333 tura:
426 3280 560 3350 (78),
590 3281 655 3335 ad
689 3283 789 3338 hoc
819 3293 876 3337 ut
905 3299 1132 3354 peccare
1157 3302 1259 3342 nos
1283 3287 1503 3342 faciant.
1530 3289 1665 3355 Quia
1691 3292 1834 3346 sicut

261 3386 460 3442 corpus
497 3385 715 3444 accepto
739 3375 867 3430 ferri
895 3379 1119 3434 vulnere
1158 3381 1414 3441 moritur.
1452 3382 1526 3436 ita
1557 3393 1611 3436 et
1649 3385 1828 3439 anima

261 3475 484 3534 accepto
550 3470 755 3536 peccati
807 3469 1031 3526 vulnere
1086 3473 1338 3527 moritur.
1387 3474 1454 3530 Et
1506 3487 1638 3544 puto
1686 3477 1830 3545 quod

261 3560 453 3615 eadem
482 3559 818 3630 frequentius
841 3564 1023 3620 dicere
1049 3567 1206 3620 nobis
1229 3567 1448 3636 quidem
1475 3571 1687 3640 pigrum
1713 3585 1833 3626 esse

261 3653 487 3719 debeat,
519 3655 668 3710 vobis
697 3665 873 3711 tamen
911 3661 1276 3714 necessarium
1307 3661 1399 3716 sit.
1432 3660 1648 3716 Utinam
1681 3665 1832 3720 enim

261 3746 349 3800 vel
410 3745 750 3816 frequentius
800 3751 944 3805 dicta
994 3752 1108 3807 haec
1157 3754 1354 3810 animis
1400 3757 1600 3812 vestris
1639 3759 1832 3814 crebro

262 3840 534 3897 inculcata
566 3845 813 3911 teneatis,
846 3855 906 3898 ut
943 3860 1046 3900 non
1085 3847 1198 3902 haec
1233 3847 1493 3918 legentes,
1530 3850 1615 3904 vel
1641 3849 1832 3906 Iudai-

262 3948 387 3988 cum
437 3934 490 3988 in
533 3937 614 3992 eis
660 3951 876 3993 sensum
907 3940 1156 4006 teneatis,
1216 3941 1297 3996 vel
1349 3942 1687 3997 hmreticum.
1727 3943 1832 3999 Sed

262 4037 617 4097 posteaquam
669 4032 996 4099 generaliter
1048 4035 1504 4097 commonuimus,
1562 4050 1668 4089 non
1725 4037 1833 4091 erit

264 4120 596 4191 superﬂuum
626 4125 789 4178 etiam
836 4124 1116 4193 speciatim
1153 4127 1221 4181 de
1250 4127 1318 4183 iis
1343 4142 1465 4197 quae
1505 4127 1640 4183 lecta
1680 4138 1830 4197 sunt,

263 4225 439 4281 pauca
471 4211 763 4268 disserere.
797 4214 1122 4285 Repetentcs
1154 4218 1321 4288 igitur
1348 4232 1410 4274 ea
1435 4235 1552 4290 quae
1581 4218 1636 4274 in
1671 4235 1833 4291 supe-

266 4303 506 4358 rioribus
532 4305 729 4360 omissa
763 4308 994 4374 fuerant,
1029 4310 1386 4367 disseramus.

1242 219 1309 276 IN
1347 219 1604 278 LIBRUM
1639 216 1805 274 IESU
1841 218 2027 276 NAVE
2063 221 2348 280 HOMILIA
2389 225 2505 281 XV.

3402 221 3512 279 898

1869 343 1912 403 Α
1947 337 2042 393 Dei
2073 339 2298 410 implens
2316 340 2499 404 Iesus,
2531 337 2659 394 fecit
2687 337 2828 392 sicut
2855 337 3113 406 praecepit
3143 337 3192 394 ei
3224 335 3506 396 Dominus.

1943 431 1998 486 In
2035 447 2141 501 quo
2173 435 2348 502 primo
2378 433 2619 488 omnium
2661 431 2892 486 dicimus
2919 430 2986 482 ad
3016 443 3130 494 eos,
3179 432 3270 500 qui
3320 433 3512 488 volunt

1941 525 2238 579 secundum
2263 525 2500 580 litteram
2535 533 2743 577 tantum
2776 521 2891 576 haec
2913 520 3075 592 432
3100 522 3348 594 intelligi,
3381 526 3511 594 quia

1942 609 1986 664 si
2014 610 2232 679 quidem
2256 609 2655 678 superluissent
2690 609 2857 678 aliqui
2890 626 2958 664 ex
3005 612 3274 677 hostibus,
3312 629 3508 669 conse-

1940 714 2112 770 quens
2137 701 2419 754 videbatur
2443 715 2613 770 equos
2642 702 2991 766 sulmervari,
3039 718 3106 757 ne
3147 705 3225 758 uti
3255 705 3334 759 eis
3383 706 3507 774 quis

1941 801 2128 858 posset
2166 791 2232 844 ad
2295 790 2499 860 fugam.
2540 791 2695 846 Nunc
2737 809 2866 848 vero
2916 809 3039 848 cum
3087 795 3305 850 dicatur
3331 798 3513 853 nullus

1941 883 2166 939 relictus
2210 898 2332 938 esse
2381 885 2473 956 qui
2508 885 2743 954 spiraret
2796 887 2847 939 in
2895 887 3166 952 hostibus,
3197 904 3296 944 cur
3346 891 3511 944 etiam

1941 979 2062 1047 equi
2091 977 2414 1032 subnervari
2455 977 2742 1046 jubentur,
2794 978 2883 1047 qui
2933 980 3118 1048 utique
3149 982 3267 1035 usui
3297 997 3362 1036 ac
3414 982 3516 1036 mi-

1941 1069 2167 1124 nisterio
2199 1077 2450 1138 poterant
2479 1083 2599 1125 esse
2633 1071 2966 1125 victoribus?
3013 1070 3110 1126 Vis
3150 1081 3330 1126 autem
3368 1074 3514 1128 scire

1940 1162 2066 1231 quia
2095 1161 2300 1216 soleant
2348 1161 2602 1217 Israelita:
2643 1162 2804 1230 hujus
2837 1163 2913 1218 rei
2942 1173 2999 1219 et
3028 1163 3282 1218 utilitatis
3305 1165 3510 1224 habere

1942 1267 2150 1318 curam,
2180 1261 2234 1307 et
2271 1252 2502 1308 devictis
2543 1255 2793 1309 hostibus
2818 1257 2884 1309 ad
2915 1271 3043 1311 suos
3073 1272 3202 1310 usus
3231 1271 3514 1312 reservare

1936 1341 2212 1411 jumenta?
2271 1343 2327 1398 In
2370 1344 2623 1400 Numeris
2666 1345 2900 1416 legimus
2939 1349 3202 1417 scriptum
3251 1349 3320 1415 δ’,
3384 1350 3514 1419 quia

1941 1449 2062 1489 cum
2091 1451 2157 1489 ex
2189 1445 2468 1518 prtecepto.
2493 1435 2588 1492 Dei
2623 1440 3289 1510 processissentpugnare
3317 1441 3513 1496 adver-

1941 1545 2059 1584 sum
2104 1528 2458 1596 Madianitas,
2513 1532 2739 1587 devictis
2785 1533 3032 1588 hostibus
3085 1533 3293 1603 aliquot
3345 1535 3512 1590 millia

1945 1623 2220 1678 asinorum
2261 1622 2326 1678 de
2362 1622 2540 1692 praeda
2578 1624 2818 1678 hostimn
2857 1637 3210 1681 reservarunt
3242 1628 3360 1682 suis
3401 1629 3514 1694 usi-

1870 1685 1915 1740 B
1941 1710 2042 1764 bus
2070 1711 2403 1782 profuturos,
2441 1730 2542 1770 nec
2571 1715 2792 1769 omnino
2823 1715 3060 1771 refertur
3086 1718 3160 1773 ibi
3191 1719 3317 1789 quia
3340 1720 3514 1775 inter¢

1937 1802 2164 1858 fecerint
2197 1806 2378 1862 asinos
2422 1807 2666 1864 hostibus
2692 1809 2981 1876 superatis.

2009 1898 2064 1954 ὅ.
2122 1899 2230 1954 Nos
2291 1913 2419 1970 ergo
2476 1898 2814 1969 Scripturam
2872 1911 3117 1958 sanctam
3185 1905 3512 1977 sibimetipsi

1937 1993 2302 2062 conferentes,
2333 2003 2387 2050 et
2412 1995 2750 2064 spiritalibus
2781 1995 3049 2064 spiritalia
3097 2009 3510 2066 comparantes,

1939 2085 2282 2154 requiramus
2309 2087 2440 2155 quid
2468 2095 2551 2140 est
2577 2087 2720 2155 quod
2744 2085 2810 2139 de
2843 2087 3017 2142 asinis
3043 2089 3260 2157 quidem
3288 2105 3395 2144 non
3430 2099 3514 2144 est

1937 2177 2199 2244 scriptum
2228 2177 2352 2247 quia
2399 2176 2711 2231 subnervati
2739 2188 2901 2243 sunt,
2945 2193 3046 2234 nec
3087 2178 3510 2236 Madiauitarum

1938 2269 2106 2338 spolia
2137 2270 2221 2324 vel
2259 2270 2514 2324 animalia
2555 2271 2878 2340 interempta
2937 2271 3206 2338 dicantur,
3246 2274 3340 2327 sed
3383 2289 3513 2343 pro-

1941 2363 2105 2418 fuisse
2138 2363 2450 2419 Israeliticis
2509 2363 2692 2418 usibus
2720 2379 2735 2416 :
2764 2365 2830 2418 de
2855 2364 2976 2419 istis
3019 2373 3202 2418 autem
3243 2365 3334 2434 qui
3389 2381 3498 2422 non

1940 2457 2216 2511 habebant
2251 2457 2450 2520 asinos,
2489 2456 2584 2511 sed
2620 2471 2794 2524 equos
2819 2495 2835 2522 ,
2881 2456 3137 2526 pracepit
3186 2457 3300 2527 ipse
3328 2459 3512 2514 Domi-

1941 2563 2066 2613 nus,
2101 2557 2155 2602 et
2185 2548 2539 2618 dixit,Equos
2569 2564 2759 2604 eorum
2791 2551 3200 2607 subnervabitis
3230 2570 3246 2608 :
3277 2554 3420 2623 quod
3457 2562 3514 2609 et

1938 2637 2099 2694 Iesus
2133 2638 2274 2694 sicut
2301 2655 2332 2692 a
2364 2638 2593 2695 Domino
2623 2643 2932 2708 mandatur,
2955 2643 3216 2713 explevit.
3250 2644 3511 2701 Putamus

1939 2729 2054 2784 haec
2091 2731 2354 2785 accidisse
2390 2729 2652 2798 fortuitu,
2701 2741 2759 2786 ut
2806 2735 2930 2804 equi
2969 2735 3193 2790 hostiles
3230 2736 3514 2791 interimo-

1939 2831 2153 2881 rentur.
2193 2830 2247 2874 et
2283 2821 2421 2875 asini
2461 2834 2833 2889 servarentur,
2890 2834 2948 2879 et
3000 2825 3053 2879 in
3091 2829 3372 2896 praeceptis
3417 2829 3511 2883 Dei

1940 2910 2164 2965 fortuita
2209 2912 2390 2982 aliqua
2440 2915 2774 2971 arbitramur
2835 2918 3115 2974 incidere?
3171 2921 3252 2974 An
3299 2921 3513 2990 dignius

1939 3005 2152 3060 videtur
2188 3014 2244 3060 ut
2275 3016 2528 3076 putemus
2559 3010 2733 3077 magis
2773 3010 2825 3064 in
2853 3011 2920 3064 iis
2951 3011 3292 3081 Scripturam
3317 3017 3511 3085 mysti-

1937 3115 2059 3154 cum
2097 3099 2298 3169 aliquid
2335 3100 2626 3157 indicare?
2663 3103 2906 3172 Denique
2937 3111 2992 3158 et
3033 3105 3127 3158 lilii
3164 3106 3332 3160 Israel
3377 3123 3512 3161 nun-

1938 3208 2101 3262 quam
2145 3193 2301 3264 equis
2349 3195 2430 3248 usi
2472 3209 2594 3250 esse
2637 3195 2972 3259 referuntur,
3025 3205 3081 3250 et
3119 3196 3205 3251 lex
3258 3197 3393 3253 nihil
3446 3200 3515 3254 de

1935 3286 2112 3354 equis,
2145 3287 2238 3340 sed
2268 3285 2335 3340 de
2361 3285 2535 3341 asinis
2583 3287 2824 3352 mandat,
2861 3297 3048 3357 utpote
3079 3289 3146 3343 de
3188 3289 3517 3345 animalibus

1937 3395 2058 3448 quae
2103 3382 2172 3435 ad
2222 3381 2489 3436 humanos
2535 3379 2750 3436 labores
2792 3381 3080 3451 juvandos,
3134 3393 3189 3438 et
3235 3384 3303 3440 ad
3342 3399 3513 3440 onera

1935 3489 2123 3528 eorum
2157 3475 2418 3542 portanda
2443 3473 2696 3528 videntur
2715 3475 3001 3542 exsistere,
3035 3479 3158 3547 equi
3182 3491 3311 3532 vero
3341 3480 3516 3550 magis

1936 3565 2001 3618 ad
2034 3565 2311 3620 hominum
2341 3567 2700 3634 perditionem
2733 3586 2745 3621 :
2785 3566 2887 3622 hoc
2926 3569 3071 3624 enim
3107 3581 3210 3635 est,
3241 3573 3385 3639 quod
3417 3587 3514 3641 per

1937 3673 2032 3714 eos
2081 3659 2136 3712 in
2179 3657 2378 3728 prmliis
2417 3659 2650 3729 geritur.
2699 3659 2913 3714 Lascivi
2949 3670 3127 3716 motus
3181 3663 3405 3728 animal,
3457 3674 3512 3720 et

1937 3752 2182 3820 superbae
2234 3752 2466 3806 cervicis
2521 3754 2808 3822 accipitur.
2861 3752 3000 3806 Sunt
3043 3769 3175 3821 ergo
3208 3755 3346 3808 asini
3401 3755 3514 3810 fre-

1936 3852 2167 3912 quenter
2190 3859 2219 3897 a
2256 3843 2539 3912 Scriptura
2591 3843 2647 3898 in
2689 3855 2813 3914 typo
2855 3845 3096 3914 gentium
3131 3847 3290 3915 positi
3329 3847 3514 3902 :sicut

1936 3945 1992 3989 et
2025 3934 2271 3988 Salvator
2299 3934 2609 3989 ostenditur
2635 3949 2798 4004 supra
2839 3937 3054 3990 asinum
3090 3937 3309 4002 sedens,
3360 3953 3506 3991 nun-

1937 4042 2099 4096 quam
2123 4037 2302 4080 autem
2325 4040 2464 4094 equo
2490 4026 2686 4082 sedens
2712 4025 2965 4083 refertur.
2991 4027 3095 4082 Sed
3116 4037 3174 4083 et
3201 4044 3325 4084 cum
3351 4029 3514 4084 disci-

1933 4120 2093 4191 pulos
2129 4120 2291 4174 mittit
2335 4121 2402 4173 ad
2430 4119 2743 4174 solvendam
2781 4121 3009 4184 asinam,
3066 4131 3124 4177 et
3159 4122 3363 4192 pullum
3400 4123 3510 4178 asi-

1939 4228 2042 4280 nae,
2063 4212 2191 4266 dicit
2217 4213 2296 4266 eis
2321 4212 2405 4265 '3:
2443 4229 2462 4264 ι
2501 4213 2556 4268 Si
2586 4211 2706 4281 quis
2737 4227 2832 4268 vos
2863 4213 3299 4284 interrogaverit,
3346 4215 3510 4269 dicite

1939 4308 2064 4376 quia
2091 4307 2349 4361 Dominus
2384 4307 2466 4360 eis
2500 4321 2637 4374 opus
2671 4305 2852 4360 habet.
2880 4325 2900 4358 ι
2972 4306 3040 4360 Et
3097 4307 3296 4362 sedens
3347 4323 3513 4378 super

337 4396 392 4450 2.
433 4417 451 4448 ς
478 4397 539 4452 Et
570 4399 697 4453 fecit
722 4439 736 4464 ,
771 4401 942 4470 inquit
965 4402 1032 4468 εί,
1065 4403 1145 4458 eis
1172 4402 1364 4470 Iesus,
1393 4405 1536 4460 sicut
1561 4419 1831 4475 praecepe-

1938 4407 2061 4448 eum
2083 4394 2381 4463 ingreditur
2403 4393 2724 4458 Jerusalem,
2757 4405 2813 4450 et
2839 4412 3113 4466 nunquam
3136 4411 3276 4466 equo
3303 4397 3506 4451 sedens

268 4500 354 4544 rat
385 4491 434 4544 ei
481 4490 756 4548 Dominus.
795 4495 976 4565 Equos
1003 4511 1192 4550 eorum
1218 4495 1590 4562 subnervavit,
1627 4506 1682 4551 et
1709 4513 1837 4552 cur-

270 4600 364 4640 rus
389 4601 577 4640 eormn
608 4590 816 4643 exussit
847 4589 979 4659 igni.
1023 4589 1091 4643 Et
1131 4603 1429 4644 conversus
1463 4588 1622 4644 Iesus
1660 4590 1714 4644 in
1747 4590 1838 4644 illo

272 4687 514 4746 tempore
537 4682 825 4750 occupavit
867 4681 1008 4735 Asor
1035 4691 1090 4736 et
1119 4696 1299 4752 regem
1342 4681 1458 4750 ejus
1487 4682 1688 4737 occidit
1723 4681 1838 4753 gla-

271 4771 381 4836 dio,
413 4781 468 4825 et
497 4773 770 4828 interfecit
809 4789 1023 4828 omnem
1056 4775 1147 4846 qui
1187 4775 1431 4843 spirabat
1470 4774 1524 4828 in
1559 4789 1622 4830 ea
1664 4776 1718 4829 in
1743 4789 1839 4831 ore

271 4862 457 4930 gladii,
485 4872 538 4919 et
563 4867 906 4922 exterminati
942 4876 1069 4921 sunt
1104 4880 1316 4933 omnes,
1351 4865 1427 4920 ita
1455 4874 1646 4921 utnon
1677 4867 1839 4922 relin-

272 4973 533 5032 queretur
564 4962 616 5016 iu
648 4976 710 5015 ea
744 4959 834 5030 qui
862 4960 1179 5028 respiraret.
1198 4977 1218 5010 ›
1243 4957 1556 5012 Mandatum
1583 4957 1784 5012 dicitur
1807 4971 1836 5010 a

273 5056 387 5112 Deo
417 5057 602 5110 datum
642 5055 707 5108 ad
736 5051 942 5119 Iesum,
987 5059 1046 5106 ut
1085 5059 1436 5120 posteaquam
1476 5057 1842 5120 expugnasset

275 5147 460 5203 hostes
507 5145 756 5216 superius
819 5152 1171 5207 memoratos,
1231 5141 1362 5195 nulli
1410 5150 1695 5210 parceret,
1743 5139 1839 5194 sed

274 5255 442 5309 equos
484 5252 669 5294 eorum
708 5234 1086 5291 subnervaret.
1135 5231 1290 5287 Unde
1331 5231 1480 5286 velut
1516 5233 1835 5303 mandatum

341 5338 388 5371 "
407 5336 567 5392 Ioan.
608 5349 720 5394 xiv.
766 5332 857 5385 27.
934 5330 1030 5384 "l
1074 5329 1200 5385 Cor.
1251 5343 1326 5393 vt,
1377 5328 1430 5383 7.
1505 5329 1551 5362 ⁸ο
1599 5327 1796 5397 Ephes.
1841 5340 1917 5392 vt,
1966 5325 2054 5379 II.

273 5425 384 5475 xxi,
412 5410 468 5464 5.
544 5405 593 5440 “
631 5403 796 5458 Zacb.
827 5401 1014 5469 ix,IO.

340 5524 454 5600 (ῖς)
484 5525 610 5600 Duo
630 5537 761 5600 mss.
789 5520 1160 5586 Ebroicenses,
1182 5539 1226 5600 ut
1256 5515 1583 5600 insidiasq-

339 5587 454 5666 (77)
497 5594 683 5649 Codex
719 5593 1004 5662 Sangerm.
1050 5607 1068 5642 ι
1091 5589 1365 5646 audimus.
1392 5607 1412 5642 ι
1469 5587 1624 5647 Libb.
1651 5587 1783 5644 editi
1822 5605 1836 5643 :

275 5687 293 5721 ι
313 5666 646 5725 audivimus.
670 5681 690 5714 ι

1935 4485 2216 4556 ingressus
2240 4499 2362 4540 esse
2387 4485 2607 4540 dicitur.
2649 4487 2754 4541 Sed
2790 4495 2845 4542 et
2884 4489 3148 4558 pr0pheta
3182 4491 3249 4543 de
3287 4490 3401 4558 ipso
3437 4489 3512 4541 ita

1934 4578 2400 4648 praenuntiaverat
2446 4577 2589 4646 quod
2633 4578 2830 4633 sedens
2879 4579 3034 4634 asino
3079 4581 3289 4634 veniret
3321 4580 3387 4634 ad
3421 4578 3512 4635 Ie-

1935 4673 2194 4739 rusalem,
2261 4672 2449 4726 dicens
2499 4671 2546 4704 ⁸⁵
2585 4689 2596 4724 :
2633 4671 2819 4726 (Ecce
2876 4687 2971 4728 rex
3021 4681 3142 4728 tuus
3195 4683 3512 4728 mansuetus

1953 4768 2149 4819 sedens
2165 4778 2328 4833 super
2351 4764 2686 4834 subjugalem
2719 4775 2778 4820 et
2803 4764 3006 4834 pullum
3029 4765 3194 4819 asina:
3217 4767 3509 4822 novellum.

1935 4858 2002 4912 Et
2031 4859 2412 4913 exterminabit
2436 4871 2630 4912 currus
2660 4855 2914 4926 Ephrem,
2955 4866 3010 4911 et
3031 4872 3227 4926 equum
3253 4873 3321 4912 ex
3351 4857 3510 4913 Ieru-

1937 4949 2130 5004 salem.
2168 4967 2188 5000 ›
2244 4948 2406 5004 Vides
2443 4963 2572 5019 ergo
2598 4950 2724 5018 quia
2751 4947 2885 5019 (79),
2913 4951 3208 5002 secundum
3237 4951 3514 5020 propheta:

1937 5041 2284 5108 sententiam,
2312 5041 2403 5110 qui
2443 5054 2606 5110 super
2651 5040 2860 5095 asinum
2893 5039 3073 5106 sedet,
3131 5043 3514 5096 ex-terminabit

1936 5147 2130 5189 currus
2160 5133 2420 5203 Ephrem,
2454 5142 2510 5188 et
2555 5147 2752 5201 equum
2795 5133 2860 5186 de
2911 5131 3234 5187 Ierusalem.
3287 5133 3352 5188 Et
3394 5135 3513 5189 ideo

1936 5228 2191 5282 videntur
2227 5227 2357 5280 mihi
2397 5227 2536 5282 asini
2571 5225 2813 5294 quidem,
2871 5233 2930 5279 ut
2980 5226 3235 5292 diximus,
3285 5226 3510 5296 figuram

2128 5324 2173 5356 ⁸³
2201 5321 2316 5379 Ios.
2357 5338 2436 5389 xl,
2484 5321 2640 5376 9-H.
2729 5320 2775 5353 ⁸³
2807 5320 2966 5375 Νυιη.
3009 5335 3160 5375 xxxi.
3235 5320 3281 5352 ⁸³
3313 5320 3508 5374 Matth.

2014 5514 2126 5598 (78)
2167 5511 2333 5581 Idem,
2367 5531 2386 5566 ι
2429 5519 2767 5582 pugnatum.
2806 5529 2825 5562 ι
2871 5510 3029 5566 ιίιὼ.
3066 5509 3216 5576 editi,
3264 5527 3284 5562 ς
3307 5525 3510 5582 pugna.

1945 5596 2132 5728 ιυιῗῆὠ
2159 5653 2282 5711 MSS.
2319 5671 2338 5706 ι
2365 5652 2514 5722 quia,
2543 5669 2563 5704 ι
2598 5651 2756 5706 Libb.
2790 5652 2941 5717 editi,
2985 5671 3004 5705 ί
3035 5651 3327 5723 quomodo.
3355 5669 3378 5706 ι
