4050 6148
556 231 661 294 899

1989 214 2310 290 OfthENlS

3695 223 3794 280 900

555 373 775 415 servare
811 363 999 412 eorum
1029 350 1119 426 qui
1145 357 1209 412 e‘x
1239 358 1484 428 gentibus
1517 356 1770 424 credunt,
1803 371 1967 426 super
1989 371 2126 425 quos
2153 359 2199 414 Α
2226 351 2350 422 quis
2400 352 2584 422 equini
2633 350 2849 420 generis
2893 352 2959 405 de
2992 335 3180 420 spoliis
3210 347 3446 402 hostium
3470 355 3638 413 capta
3672 346 3793 402 sub-

557 451 670 523 (80)
702 450 905 506 sedisse
938 451 1200 505 scribitur
1225 451 1512 517 Dominus;
1535 452 1655 518 equi
1679 465 1804 504 vero
1829 452 1919 520 qui
1945 460 2129 504 exter-

557 544 848 606 tninantur,
885 552 940 596 et
961 558 1175 608 currus,
1205 544 1429 612 ﬁguram
1457 555 1642 598 tenere
1667 543 1881 598 illorum
1901 582 1916 606 ,
1941 544 2033 610 qui
2073 545 2126 595 in

555 633 866 687 cmlestibus
891 634 1072 700 positi,
1102 649 1197 703 per
1229 634 1509 688 lasciviam
1539 643 1594 688 et
1637 635 1944 704 superbiam
1975 634 2126 688 deci-

555 726 767 786 derunt,
800 725 1015 792 quando
1037 724 1118 779 vel
1149 725 1214 778 ad
1254 724 1392 780 ﬁlias
1423 725 1700 781 hominum
1731 727 2128 797 concupiscen-

553 813 671 878 das,
705 815 1026 883 semetipsos
1076 815 1384 872 incentores
1437 816 1548 887 (81)
1594 819 1983 886 praebuerunt,
2042 817 2124 872 vel

553 903 726 956 secuti
777 913 902 957 sunt
955 904 1128 968 illum,
1176 906 1270 974 qui
1319 905 1460 959 dixit
1500 905 1547 938 ⁸⁸
1592 923 1606 960 :
1659 898 1909 962 «Ponam
1966 923 2130 977 super

555 994 726 1049 nubes
771 994 952 1048 sedem
1007 1008 1200 1058 meam,
1261 1004 1316 1048 et
1365 1009 1459 1050 ero
1511 997 1703 1052 similis
1756 997 2062 1052 Altissimo.
2103 1006 2123 1049 ι

556 1086 682 1142 Inde
717 1085 964 1140 fortassis
993 1097 1078 1140 est
1108 1087 1248 1156 quod
1279 1097 1334 1142 et
1364 1087 1632 1158 Propheta
1669 1090 1804 1145 dicit
1832 1089 1878 1123 ⁸⁸
1911 1108 1924 1144 :
1962 1109 1981 1142 ‹
2005 1080 2130 1145 Fal-

565 1193 659 1232 sus
691 1190 865 1247 equus
887 1180 952 1231 ad
985 1178 1232 1232 salutem.
1267 1197 1288 1232 ι
1339 1179 1405 1234 Et
1430 1180 1625 1234 iterum
1654 1181 1787 1235 dicit
1836 1183 1902 1238 de
1931 1183 2009 1238 iis
2035 1183 2127 1252 qui

558 1271 612 1324 in
649 1269 983 1324 daemonibus
1019 1270 1359 1326 conﬁdebant
1391 1271 1438 1303 ⁸⁷
1474 1289 1491 1327 :
1525 1292 1542 1324 ι
1567 1269 1630 1325 Hi
1666 1273 1718 1326 in
1751 1273 2040 1341 curribus,
2066 1284 2123 1330 et

554 1363 591 1417 ii
626 1362 678 1416 in
709 1364 891 1426 equis,
920 1379 1018 1417 nos
1043 1373 1223 1417 autem
1258 1364 1312 1418 in
1349 1364 1570 1418 nomine
1618 1363 1711 1419 Dei
1759 1366 1933 1420 nostri
1975 1365 2128 1421 invo-

555 1453 796 1510 cabimus
843 1454 974 1526 (82).
1009 1473 1028 1507 ι
1072 1454 1257 1526 Neque
1287 1457 1432 1510 enim
1469 1467 1670 1511 currus
1701 1465 1758 1512 et
1797 1472 1966 1526 equos
2016 1458 2128 1514 Deo

554 1543 875 1600 contulisset
905 1553 1168 1614 quantum
1227 1547 1294 1601 ad
1348 1546 1708 1602 invocandum
1751 1556 1960 1618 Spectat
1992 1565 2006 1602 :
2033 1551 2128 1605 sed

553 1633 740 1702 utique
806 1635 906 1688 hoc
961 1634 1225 1700 ostendit,
1281 1637 1408 1705 quia
1461 1637 1606 1691 sicut
1650 1651 1750 1692 nos
1807 1638 2125 1693 invocamus

555 1727 722 1782 Deum
749 1738 956 1793 verum,
992 1729 1064 1782 ita
1096 1727 1170 1782 illi
1223 1729 1480 1783 invocant
1505 1743 1702 1785 currus
1723 1731 1799 1784 et
1830 1745 2021 1800 equos,
2068 1731 2122 1786 id
2157 1701 2199 1760 Β

553 1831 640 1875 est
677 1821 969 1886 daemones,
1027 1836 1164 1892 quos
1201 1819 1526 1876 invocabant
1577 1832 1768 1893 gentes
1822 1823 1958 1889 illae,
2008 1839 2127 1894 qua:

553 1914 815 1968 adversus
860 1913 1026 1969 Israel
1057 1915 1253 1970 bellum
1284 1914 1563 1984 gerebant.
1601 1914 1707 1971 Sed
1743 1925 1800 1971 et
1839 1916 2125 1987 Egyptio-

554 2019 672 2057 rum
705 2019 878 2074 equos
911 2014 1304 2060 commemorat
1358 2005 1640 2074 Scriptura
1669 2046 1684 2073 ,
1727 2017 1780 2063 et
1815 2008 1947 2062 istos
1983 2009 2128 2076 ipsos

554 2110 689 2164 quos
721 2111 863 2151 nunc
910 2097 1152 2152 interimi
1197 2097 1368 2164 jubet.
1421 2096 1571 2153 Unde
1613 2099 1717 2155 hoc
1769 2101 1990 2172 intelligi
2035 2101 2130 2153 da-

555 2197 642 2242 tur
667 2187 800 2260 (8'5),
823 2189 964 2257 quod
989 2190 1041 2243 in
1075 2199 1201 2261 typo
1230 2190 1446 2259 quidem
1477 2191 1758 2246 asinorum
1787 2203 1980 2262 gentes
2007 2209 2132 2262 quae

554 2279 622 2332 ad
669 2279 1044 2334 credulitatem
1096 2281 1338 2344 veniunt,
1395 2281 1590 2338 merito
1641 2294 2036 2339 reservantur:
2069 2285 2123 2340 in

557 2381 681 2442 typo
729 2385 858 2426 vero
907 2387 1189 2443 equorum,
1243 2385 1298 2430 et
1351 2386 1647 2443 curruum,
1707 2378 1978 2435 daemones
2032 2381 2123 2448 qui

554 2463 804 2518 humanae
842 2463 998 2518 saluti
1029 2465 1323 2520 adversarii
1358 2477 1502 2533 sunt,
1558 2477 1613 2523 et
1665 2469 1893 2534 inimici,
1927 2473 2127 2527 merito

554 2555 915 2621 perimuntur.
949 2555 1053 2611 Sed
1085 2566 1140 2611 et
1174 2558 1217 2612 si
1248 2559 1529 2626 passiones
1562 2562 1804 2631 corporis
1826 2600 1844 2627 ,
1903 2563 1956 2617 id
2007 2573 2126 2627 est,

553 2646 860 2714 libidinem,
891 2647 1188 2711 lasciviam,
1223 2649 1308 2704 vel
1338 2651 1649 2720 superbiam
1672 2691 1689 2717 ,
1722 2666 1787 2708 ac
1822 2653 2122 2719 levitatem,

553 2736 754 2806 quibus
804 2736 993 2792 infelix
1048 2739 1226 2793 anima
1283 2739 1428 2794 velut
1475 2744 1733 2812 equitans
1766 2753 2042 2811 vectatur,
2075 2754 2132 2800 et

553 2831 728 2888 fertur
786 2834 854 2888 ad
897 2834 1214 2904 praecipitia,
1271 2849 1442 2902 equos
1488 2852 1631 2894 nunc
1666 2839 1770 2892 dici
1817 2846 1872 2893 et
1928 2855 2123 2895 currus

555 2924 952 2995 intelligamus,
993 2934 1049 2980 et
1097 2925 1242 2994 ipsos
1268 2939 1389 2979 esse
1443 2927 1533 2994 qui
1584 2943 1652 2984 ex
1702 2941 1978 3001 praecepto
2033 2931 2128 2986 Dei

2231 454 2438 498 nervet.
2455 443 2692 510 Quorum
2712 453 2891 499 autem
2910 442 3034 511 equi
3057 438 3481 495 subnervantur?
3505 439 3607 493 Est
3629 440 3790 494 etiam

2228 534 2330 589 hoc
2351 550 2527 603 operte
2551 536 2782 604 pretium
2811 545 3074 603 quaerere.
3107 527 3308 601 Equos,
3337 529 3517 598 inquit
3537 530 3610 596 ’°,
3640 527 3793 585 Jabin

2221 627 2387 699 £33
2401 627 2828 681 subnervandos.
2845 625 3004 680 Jabin
3023 631 3202 678 autem
3223 621 3500 691 prudentia
3530 621 3796 688 interpre-

2230 726 2378 771 tatur
2423 716 2508 770 vel
2536 733 2744 774 senaus.
2791 714 2924 782 Qum
2973 723 3057 770 est
3084 716 3186 769 ista
3216 711 3524 783 prudentia,
3562 711 3649 763 vel
3682 710 3798 780 quis

2229 823 2450 876 sensus,
2488 807 2643 876 cujus
2685 806 3105 862 subnervandus
3141 815 3224 859 est
3260 803 3498 859 currus?
3536 801 3689 857 Illius
3719 804 3795 856 ni-

2229 903 2458 969 mirum,
2496 903 2562 958 de
2589 915 2693 970 qua
2723 899 2854 954 dicit
2885 898 3172 968 Apostolus
3202 897 3269 962 ⁹¹,
3300 897 3428 966 quia
3463 911 3484 948 ι
3509 897 3797 966 prudentia

2228 995 2412 1050 carnis
2459 994 2681 1049 inimica
2713 1001 2797 1047 est
2844 991 2994 1046 Deo:
3032 1010 3052 1043 ι
3103 1000 3158 1046 et
3197 991 3283 1045 ille
3327 1003 3525 1046 sensus
3554 1029 3571 1054 ,
3605 990 3800 1060 dequo

2229 1089 2360 1143 dicit
2403 1089 2468 1155 θ’,
2525 1106 2544 1140 ι
2575 1088 2743 1143 inflati
2781 1101 2939 1144 sensu
2993 1087 3176 1141 carnis
3218 1099 3348 1139 suae.
3381 1103 3401 1136 ι
3459 1082 3629 1139 Jabin
3674 1099 3799 1140 vero

2230 1193 2325 1234 rex
2353 1181 2511 1234 Asor.
2553 1180 2695 1233 Asur
2725 1189 2906 1234 autem
2957 1179 3082 1232 aula
3113 1180 3530 1246 interpretatur.
3573 1173 3700 1229 Haec
3719 1186 3798 1229 est

2227 1271 2368 1325 Asor
2400 1285 2521 1340 quae
2546 1270 2788 1325 omnium
2821 1269 3018 1325 horum
3070 1282 3358 1338 regnorum
3385 1267 3644 1322 oblinere
3674 1267 3799 1321 dici-

2229 1372 2318 1418 tur
2364 1364 2775 1432 principatum:
2825 1363 2916 1433 qui
2963 1362 3286 1433 intelligitur
3331 1361 3595 1430 princeps
3649 1359 3800 1429 hujus

2229 1455 2415 1508 mundi
2454 1470 2688 1524 regnans
2717 1456 2768 1509 in
2801 1455 2922 1509 aula
2954 1495 2970 1518 ,
3019 1455 3072 1510 id
3100 1464 3183 1510 est
3205 1496 3220 1520 ,
3249 1469 3410 1524 super
3441 1465 3684 1520 terram,
3726 1457 3803 1510 vel

2229 1547 2372 1616 quod
2419 1547 2593 1617 majus
2621 1557 2706 1604 est
2734 1588 2748 1612 ,
2792 1549 2845 1603 in
2881 1549 3028 1604 vitiis
3062 1549 3268 1603 carnis.
3316 1546 3424 1603 Sed
3471 1557 3532 1602 et
3567 1548 3800 1602 omnium

2233 1638 2444 1694 illorum
2490 1655 2698 1710 regum,
2745 1655 2981 1709 quorum
3024 1641 3132 1694 vim
3172 1640 3470 1694 secundum
3527 1640 3802 1694 nominum

2228 1743 2449 1784 suorum
2475 1731 2975 1801 interpretationem
2998 1731 3109 1799 jam
3137 1740 3261 1786 ante
3281 1730 3665 1798 exposuimus,
3689 1731 3804 1798 equi

2227 1824 2300 1878 ab
2321 1821 2450 1879 Jesu
2481 1825 2736 1879 dicuntur
2767 1824 3022 1879 interﬁci.
3059 1822 3296 1889 Quorum
3326 1827 3423 1878 nes
3455 1822 3498 1875 si
3529 1831 3688 1875 recte
3713 1821 3805 1874 sub

2226 1916 2353 1973 .Iesu
2399 1917 2538 1972 duce
2594 1915 2929 1982 militamus,
2987 1916 3248 1970 debemus
3288 1914 3339 1968 in
3395 1913 3806 1981 nobismetipsis

2228 2010 2550 2064 abscindere
2581 2009 2739 2074 vitia,
2772 2018 2828 2064 et
2853 2020 3076 2078 accepto
3108 2007 3338 2076 spiritali
3372 2007 3557 2076 gladio
3585 2007 3808 2062 subner-

2229 2114 2356 2153 Vare
2380 2114 2597 2154 omnem
2641 2101 2803 2153 istum
2839 2101 3139 2169 equitatum
3185 2100 3480 2168 pessimum
3521 2097 3807 2153 vitiorum.

2231 2188 2340 2244 Sed
2365 2199 2424 2245 et
2459 2207 2656 2246 currus
2676 2192 2940 2248 debentia
2966 2193 3257 2247 incendere
3275 2233 3290 2256 ,
3321 2193 3373 2246 id
3401 2200 3507 2256 est,
3531 2205 3757 2246 omnem
3778 2204 3808 2244 a

2231 2281 2388 2336 nobis
2412 2285 2740 2353 arrogantiae
2775 2294 2832 2338 et
2865 2283 3119 2340 elationis
3151 2287 3400 2354 Spiritum
3437 2300 3722 2349 resecare,
3754 2296 3808 2338 ut

2231 2375 2370 2428 ultra
2413 2390 2523 2430 non
2558 2376 2609 2429 in
2640 2378 2796 2445 equis
2833 2392 3008 2445 neque
3039 2377 3092 2430 in
3125 2378 3292 2431 armis
3317 2417 3332 2442 ,
3372 2377 3464 2432 sed
3503 2379 3558 2431 in
3591 2377 3807 2432 nomine

2231 2453 2442 2522 Domini
2488 2467 2580 2523 Dei
2613 2470 2782 2522 nostri
2830 2470 3163 2524 invocemus.
3197 2469 3479 2534 Quomodo
3521 2480 3715 2524 autem
3757 2470 3804 2521 in

2231 2561 2639 2630 nobismetipsis
2681 2560 3071 2629 complebimus
3115 2573 3168 2616 et
3215 2563 3318 2615 hoc
3359 2563 3504 2630 quod
3544 2563 3706 2630 dicit,
3755 2573 3810 2617 ut

2232 2667 2336 2705 non
2389 2651 2704 2706 remittatur
2752 2651 2896 2706 ullus
2929 2651 3020 2721 qui
3072 2652 3350 2720 respiret?
3388 2651 3697 2709 Videndum
3732 2668 3810 2710 est

2230 2742 2352 2810 quis
2381 2742 2453 2796 sit
2482 2743 2573 2810 qui
2619 2757 2720 2798 nec
2764 2743 3040 2814 respirare
3085 2745 3303 2812 quidem
3352 2759 3449 2814 per
3476 2755 3806 2815 praeceptum

2236 2833 2454 2888 Domini
2480 2833 2724 2904 jubetur.
2768 2835 2934 2891 Verbi
2965 2849 3124 2890 causa
3157 2875 3172 2894 .
3211 2837 3256 2890 si
3300 2836 3378 2890 ira
3413 2839 3732 2894 ascenderit
3760 2841 3806 2893 in

2231 2940 2326 2980 cor
2355 2942 2532 2981 meum
2559 2967 2574 2991 ,
2608 2935 2784 2996 potest
2815 2927 2932 2982 fieri
2979 2937 3038 2980 ut
3064 2942 3229 2997 opera
3264 2929 3482 2996 quidem
3517 2930 3808 2987 iracundia:

551 3017 870 3071 subnervari
899 3017 1176 3087 jubentur,
1225 3032 1330 3071 non
1373 3018 1478 3072 erit
1531 3021 1728 3077 rationi
1769 3035 1966 3080 nostra:
1999 3039 2130 3079 con-
2157 3045 2199 3104 α
2236 3034 2340 3074 non
2373 3019 2654 3087 impleam,
2685 3019 2769 3075 vel
2807 3031 2950 3075 metu
2981 3021 3296 3087 deterritus,
3326 3022 3411 3077 vel
3438 3024 3612 3079 etiam
3644 3025 3802 3080 futuri

553 3110 722 3167 traria
786 3110 1160 3182 intelligentia.
1229 3113 1608 3170 Subnervatur
1692 3129 1867 3187 equus
1932 3119 2129 3188 quippe

552 3204 769 3272 quando
825 3205 1043 3275 jejuniis
1090 3217 1148 3262 et
1197 3207 1421 3278 vigiliis,
1473 3219 1529 3264 et
1583 3209 1732 3265 omni
1787 3212 2130 3267 abstinentiae

555 3294 847 3352 afﬂictione
896 3313 1096 3367 corpus
1146 3299 1486 3356 humiliatur.
1538 3303 1608 3358 Et
1637 3317 1832 3358 currus
1863 3304 1970 3374 igni
1998 3315 2131 3358 exu-

556 3397 766 3454 runtur,
822 3404 943 3444 cum
999 3390 1052 3442 in
1113 3391 1268 3446 nobis
1323 3394 1631 3462 completur
1685 3409 1866 3451 sermo
1915 3395 2130 3454 Domini

552 3480 785 3536 dicentis
802 3477 917 3530 ":t
940 3481 1120 3551 Ignem
1145 3483 1269 3536 veni
1313 3485 1528 3539 mittere
1554 3486 1605 3540 in
1635 3494 1858 3553 terram,
1888 3497 1942 3542 et
1965 3503 2128 3558 quam

554 3573 677 3627 volo
711 3582 770 3627 ut
803 3573 1148 3628 accendatur.
1188 3591 1207 3626 ι
1272 3572 1390 3639 Quo
1426 3575 1548 3644 igne
1587 3575 1702 3643 jam
1729 3593 1786 3633 se
1830 3578 1903 3632 illi
1937 3582 2130 3636 ardere

553 3663 787 3720 confessi
813 3673 954 3730 sunt,
991 3665 1082 3736 qui
1114 3665 1364 3721 dicebant
1387 3667 1430 3699 ⁸³
1453 3685 1467 3720 :
1493 3685 1512 3718 ς
1543 3667 1732 3724 Nonne
1763 3686 1860 3724 cor
1885 3683 2126 3728 nostrum

552 3765 674 3811 erat
693 3757 890 3812 ardens
921 3757 1060 3810 intra
1091 3771 1214 3825 nos,
1260 3773 1382 3812 cum
1425 3759 1740 3828 adaperiret
1774 3763 1930 3817 nobis
1967 3765 2122 3820 Scri-

553 3850 780 3920 pturas?
813 3874 831 3902 ο
863 3850 991 3904 Ideo
1013 3866 1143 3919 ergo
1173 3862 1227 3907 et
1263 3852 1429 3908 falsus
1452 3868 1624 3923 equus
1662 3853 1865 3909 dicitur
1891 3856 1956 3908 ad
1979 3855 2126 3910 salu-

559 3949 687 4003 tem,
733 3941 777 3996 si
825 3953 1002 3998 motus
1051 3947 1296 4014 corporis
1355 3947 1524 4000 nostri
1576 3945 1707 4001 I‘erri
1751 3950 2126 4017 permittamus

555 4031 821 4097 infrenes,
854 4049 954 4088 nec
991 4036 1334 4093 abstinentia?
1364 4035 1495 4108 jugo
1536 4039 1740 4094 lasciva
1781 4042 1966 4096 carnis
2011 4039 2126 4112 (84)

554 4135 612 4178 et
642 4126 871 4194 superba
906 4127 1044 4182 colla
1077 4131 1393 4189 subdamus.
1448 4133 1557 4188 Sed
1600 4143 1655 4188 et
1715 4147 1860 4188 nunc
1907 4132 1952 4187 si
2001 4135 2127 4203 quis

2227 3113 2418 3182 judicii
2448 3113 2642 3167 timore
2671 3111 2942 3168 cohibitus
2971 3134 2982 3169 :
3021 3115 3118 3169 sed
3169 3130 3296 3183 non,
3335 3117 3529 3186 inquit,
3564 3117 3674 3173 hoc
3697 3118 3805 3173 suf-

2233 3207 2368 3272 ﬁcit,
2393 3206 2657 3276 agendum
2690 3205 2782 3259 tibi
2811 3205 2991 3274 potius
3017 3217 3120 3270 est,
3145 3216 3408 3275 quatenus
3443 3224 3510 3264 ne
3535 3214 3654 3278 ipsa
3683 3212 3803 3279 qui-

2235 3298 2354 3352 dem
2385 3297 2678 3350 commotio
2704 3295 2996 3351 iracundiae
3025 3297 3202 3353 locum
3238 3298 3436 3353 habeat
3469 3299 3615 3354 intra
3648 3312 3717 3355 te.
3748 3299 3799 3354 Si

2235 3390 2378 3444 enim
2403 3388 2708 3444 effervescit
2739 3387 2956 3443 animus
2976 3397 3029 3442 et
3057 3389 3433 3454 conturbatur,
3452 3392 3670 3446 etiamsi
3703 3409 3798 3446 non

2232 3481 2540 3552 impleverit
2571 3495 2708 3548 opus
2733 3519 2747 3542 ,
2777 3479 2892 3548 ipsa
2935 3489 3116 3534 tamen
3165 3481 3502 3550 perturbatio
3548 3484 3800 3538 indecens

2231 3584 2316 3629 est
2359 3573 2408 3628 ei
2458 3573 2548 3642 qui
2595 3573 2696 3627 sub
2720 3572 2849 3627 Jesu
2889 3573 3087 3627 militat
3133 3573 3289 3628 duce.
3343 3573 3608 3630 Similiter
3650 3587 3706 3632 et
3739 3581 3802 3631 de

2230 3666 2683 3736 concupiscentia:
2734 3665 2866 3720 vitio
2898 3703 2914 3729 ,
2963 3675 3019 3720 et
3064 3665 3133 3720 de
3169 3666 3436 3731 tristitiae,
3485 3671 3802 3735 ueterisque

2231 3759 2483 3814 omnibus
2505 3757 2848 3813 sentiendum
2873 3766 2974 3811 est.
3005 3756 3078 3812 De
3093 3758 3292 3826 quibus
3313 3758 3525 3811 cunctis
3552 3758 3626 3813 ita
3643 3774 3801 3829 agen-

2232 3851 2356 3906 dum
2384 3860 2469 3905 est
2515 3847 2781 3918 discipulo
2813 3845 2967 3910 Jesu,
3000 3859 3058 3902 ut
3088 3848 3220 3903 nihil
3257 3849 3478 3903 omnino
3507 3850 3704 3904 horum
3748 3849 3798 3902 in

2231 3944 2349 4015 ejus
2382 3946 2552 4000 corde
2599 3945 2832 4012 respiret
2859 3961 2874 3998 :
2909 3960 2978 3998 ne
3002 3943 3142 3997 forte
3167 3944 3211 3996 si
3246 3942 3396 4011 parvi
3428 3942 3660 4012 alicujus
3689 3942 3797 3995 vitii

2230 4047 2323 4090 aut
2353 4037 2692 4092 consuetudo
2719 4044 2813 4090 aut
2849 4035 3104 4106 cogitatio
3138 4034 3474 4104 relinquatur
3500 4033 3556 4087 in
3595 4037 3758 4089 corde
3781 4071 3798 4098 ,

2230 4144 2488 4200 processu
2513 4129 2773 4198 temporis
2797 4128 3162 4191 convalescat,
3189 4138 3242 4182 et
3263 4127 3516 4197 paulatim
3550 4129 3699 4183 vires
3723 4126 3799 4180 la-

555 4216 694 4272 forte
744 4233 808 4273 ex
857 4219 938 4273 his
997 4235 1117 4290 qua:
1160 4223 1393 4279 dicimus
1440 4224 1534 4278 Dei
1585 4225 1764 4280 verbis
1813 4223 2126 4279 stimulatur
2159 4242 2201 4298 ι)
2232 4223 2442 4277 titando
2475 4221 2807 4291 conquirat,
2856 4229 3021 4289 atque
3051 4221 3119 4274 ad
3153 4219 3399 4274 ultimum
3439 4230 3660 4274 revocet
3707 4234 3798 4274 nos

555 4320 718 4380 atque
740 4314 1139 4381 compungitur,
1167 4316 1289 4370 etis
1319 4317 1412 4385 qui
1443 4317 1700 4371 hesterno
1731 4317 1817 4370 die
1839 4332 2041 4384 pronus
2069 4328 2125 4371 et

557 4403 795 4459 fervidus
851 4414 1106 4474 tanquam
1165 4422 1338 4476 equus
1390 4409 1442 4462 in
1496 4409 1772 4465 libidinem
1828 4409 2124 4472 ferebatur,

558 4492 716 4548 hodie
744 4493 788 4547 si
816 4494 900 4548 his
930 4494 1130 4551 auditis
1157 4498 1406 4566 pwnitet,
1435 4499 1799 4565 convertitur,
1833 4515 1898 4554 ac
1929 4514 2124 4555 secun-

555 4584 681 4638 dum
717 4589 1030 4656 pmphetam
1069 4604 1099 4642 a
1143 4589 1337 4645 timore
1373 4591 1468 4645 Dei
1497 4593 1747 4648 conﬁxus
1777 4592 2020 4648 refrenat
2046 4609 2124 4658 se,

557 4684 612 4728 et
635 4687 853 4731 revocat
881 4694 909 4731 a
944 4690 1187 4748 peccato,
1216 4691 1272 4736 et
1298 4683 1547 4751 pudicam
1583 4685 1776 4740 dehinc
1804 4694 2121 4754 castamque

554 4770 729 4840 diligit
767 4772 968 4837 vitam,
1016 4775 1332 4829 videbimur
1374 4775 1539 4830 etiam
1598 4791 1695 4831 nos
1745 4777 1923 4847 gladio
1972 4777 2122 4832 verbi

558 4861 650 4915 Dei
683 4857 990 4934 "evaginato
1044 4866 1405 4921 subnervasse
1440 4881 1609 4935 equos
1643 4883 1657 4922 :
1687 4878 1742 4922 et
1795 4870 1966 4940 magis
2028 4884 2123 4940 per

559 4953 659 5007 hoc
675 4953 834 5023 digne
852 4956 1106 5024 impletur
1129 4965 1458 5027 praeceptum
1483 4957 1774 5027 Dei,quam
1799 4959 1844 5013 si
1868 4959 2123 5013 animalia

624 5065 671 5098 ⁸⁸
696 5065 812 5120 lsai.
855 5081 965 5130 xlv,
995 5065 1083 5120 14.

553 5135 600 5168 ⁸⁸
632 5135 788 5192 Rom.
820 5153 933 5201 vm,
962 5139 1016 5191 7.
1090 5136 1136 5171 θ’
1159 5138 1363 5195 Coloss.
1401 5155 1461 5205 ι-ι,
1490 5139 1574 5192 18.
1651 5135 1696 5167 ’³
1726 5135 1914 5191 Matth.
1945 5153 2040 5204 xu,
2080 5139 2170 5193 45.

553 5319 589 5376 b
627 5251 738 5320 (80)
787 5239 924 5308 Mss.
969 5270 988 5304 ι
1034 5267 1193 5323 super
1249 5268 1406 5322 quos.
1451 5271 1471 5306 ι
1524 5251 1686 5316 Editi,
1732 5268 1752 5303 ι
1803 5263 1967 5321 super
2011 5250 2132 5320 qui-

593 5337 676 5375 us.
707 5341 730 5376 ο

593 5337 676 5375 US.
707 5341 730 5376 ο

557 5470 577 5514 ι
627 5395 739 5461 (8t)
775 5392 901 5448 Mss.
945 5411 962 5446 ι
995 5393 1326 5450 incentores.
1359 5412 1379 5447 ι
1413 5393 1568 5450 Libb.
1611 5393 1764 5448 editi.
1819 5409 1839 5443 ι
1885 5391 2123 5448 incesta-

581 5477 723 5514 ores.
760 5482 779 5514 ι

581 5477 723 5516 OI'CS.
760 5482 779 5515 ι

626 5555 738 5623 (82)
773 5553 897 5609 Mss.
934 5575 953 5608 ε
984 5556 1373 5613 invocabimus.
1399 5575 1418 5608 ›
1455 5555 1611 5612 Libb.
1651 5555 1784 5610 editi
1833 5573 1852 5606 ι
1903 5555 2119 5624 magni-

557 5624 861 5680 ﬁcabimur.
892 5645 910 5678 ο
974 5627 1093 5680 Mox
1151 5629 1322 5682 codex
1373 5629 1661 5696 Sangerm.
1713 5645 1732 5677 ι
1762 5640 1936 5696 neque
1970 5626 2116 5680 enim

556 5707 753 5752 currus
785 5705 838 5752 et
864 5710 1030 5768 equos
1059 5697 1167 5754 Deo
1201 5699 1514 5767 contuleris,
1552 5699 1648 5755 sed
1685 5698 1898 5767 utique,
1928 5713 1952 5751 ι
2002 5703 2111 5752 etc.

1164 5067 1210 5098 ⁸⁸
1233 5067 1377 5124 Psal.
1411 5078 1585 5132 xxxtt,
1607 5065 1693 5120 I7.
1766 5065 1812 5098 ⁸⁷
1845 5065 1987 5122 Psal.
2017 5083 2110 5130 xx,
2128 5068 2181 5121 7.

2229 4317 2296 4370 ad
2324 4316 2584 4370 vomitum
2615 4323 2885 4376 nostrum,
2927 4322 2982 4369 et
3011 4315 3142 4367 ﬁant
3175 4331 3193 4363 ι
3228 4312 3460 4367 hominis
3494 4312 3640 4366 illius
3666 4331 3684 4363 ι
3715 4311 3796 4366 cui

2229 4409 2335 4464 hoc
2383 4408 2681 4472 acciderit,
2741 4423 2764 4458 ι
2793 4406 3086 4462 novissima
3137 4404 3321 4474 pejora
3362 4405 3642 4474 prioribus
3678 4405 3743 4456 ⁸³.
3773 4422 3794 4455 ι

2229 4497 2344 4552 Hoc
2377 4506 2496 4551 erat
2525 4496 2668 4566 quod
2706 4503 2762 4550 et
2805 4493 3077 4564 Propheta
3110 4493 3449 4563 prospiciens
3488 4493 3542 4546 in
3578 4491 3800 4546 Psalmis

2229 4597 2525 4660 praemonet
2556 4588 2743 4644 dicens
2780 4587 2864 4641 ’δε
2923 4606 2942 4640 ι
2978 4586 3177 4640 Beatus
3221 4585 3310 4654 qui
3355 4593 3501 4639 tenet
3529 4592 3586 4638 et
3631 4583 3800 4638 allidit

2230 4679 2485 4751 parvulos
2519 4688 2642 4733 tuos
2669 4679 2736 4733 ad
2766 4687 3012 4748 petram;
3051 4695 3069 4727 ι
3106 4671 3401 4745 Babylonis
3433 4671 3647 4727 scilicet
3674 4685 3798 4740 par-

2230 4768 2404 4836 vulos,
2442 4770 2534 4840 qui
2568 4769 2701 4824 nulli
2735 4770 2827 4824 alii
2865 4769 3262 4838 intelliguntur,
3303 4766 3407 4823 nisi
3444 4766 3798 4835 cogitationes

2233 4865 2386 4928 mala:
2417 4878 2539 4933 qua:
2567 4877 2664 4917 cor
2705 4871 2951 4918 nostrum
2979 4859 3318 4916 confundunt
3353 4869 3408 4915 et
3449 4860 3793 4915 conturbant.

2231 4959 2346 5014 Hoc
2382 4959 2529 5012 enim
2563 4959 2949 5027 interpretatur
2991 4956 3226 5029 Babylon
3258 4957 3392 5029 (85).
3421 4956 3551 5024 Quae
3586 4953 3797 5024 cogita-

2276 5067 2321 5098 ⁸⁸
2353 5067 2483 5122 Luc.
2510 5081 2611 5133 xu,
2634 5068 2724 5123 49.
2821 5069 2866 5100 "
2891 5068 3179 5134 Luc.thv,
3214 5066 3304 5122 32.
3404 5066 3450 5099 ⁹⁶
3483 5064 3595 5121 Jos.
3624 5079 3703 5129 xt,
3737 5061 3793 5116 6.

2245 5138 2294 5171 ’⁸
2319 5137 2464 5194 Psal.
2491 5153 2714 5206 cxxxvr,
2742 5139 2795 5194 9.

2252 5325 2262 5336 .
2312 5253 2424 5336 (85)
2453 5250 2583 5310 Mss.
2635 5266 2654 5305 t
2681 5253 2906 5325 intelligi
2933 5255 3113 5310 datur.
3151 5272 3170 5306 ι
3201 5251 3360 5308 Libb.
3398 5250 3549 5318 editi,
3586 5268 3606 5303 ι
3631 5247 3788 5305 intel-

2471 5341 2645 5465 IZibb.
2678 5394 2828 5459 editi,
2877 5413 2896 5446 ι
2942 5396 3058 5451 ﬁeri
3106 5395 3480 5465 permittamus
3501 5391 3788 5465 ginfrenes,

2231 5461 2330 5534 nec
2361 5461 2699 5519 abstinentiae
2720 5465 2846 5534 jugo
2879 5461 3152 5520 lasciviam
3185 5467 3391 5520 carnis.
3427 5481 3446 5513 ι
3494 5461 3600 5519 Sed
3621 5462 3790 5517 codex

2233 5533 2716 5601 Sangermanensis
2747 5533 2804 5590 ut
2830 5537 2881 5590 in
2909 5548 3097 5592 nostro
3127 5545 3318 5592 testu»

2303 5600 2418 5674 (85)
2457 5603 2572 5658 Hoc
2622 5606 2763 5659 enim
2809 5600 3779 5674 intdpretaturBabylonJCoufusiOo

2223 5694 2460 5766 Babylon
2489 5697 2877 5767 interpretatur
2903 5713 2933 5752 a
2964 5681 3068 5759 5‘1:
3091 5718 3110 5751 ς
3141 5699 3398 5754 confudit.
3431 5715 3451 5750 ι
