4050 6148
263 326 396 387 UO!
1246 318 1315 381 ΙΝ
1356 319 1618 383 LIBRUM
1655 319 1818 384 JESU
1859 323 2047 385 NAVE
2077 321 2368 382 HOMlLIA
2406 323 2524 382 XV.

285 447 474 504 tiones
501 444 630 501 dum
666 443 847 500 adhuc
892 443 1130 514 parvulae
1169 455 1317 512 sunt,
1351 455 1406 502 et
1454 447 1609 502 initia
1647 447 1870 511 habent,
1901 451 1949 510 Α
1976 445 2165 501 Potest
2196 452 2376 499 autem
2425 445 2590 498 etiam
2631 443 2699 499 de
2737 443 2858 514 ipso
2901 445 3135 505 Domino
3166 459 3221 506 et
3274 449 3562 513 Salvatore

284 538 545 594 tenendae
573 545 720 600 sunt,
744 548 799 589 et
825 536 1106 591 allidendae
1133 535 1198 590 ad
1224 547 1454 606 petram,
1481 539 1574 608 qui
1604 548 1690 593 est
1713 538 1876 594 Chri-
1977 543 2168 591 nostro
2195 535 2300 590 dici
2319 576 2333 601 ,
2365 535 2492 604 quia
2524 550 2646 605 qua:
2673 539 2936 608 praecepit
2974 540 3189 612 Moyses
3224 545 3277 598 in
3309 546 3447 616 lege,
3476 547 3559 603 fe-

275 639 418 684 stus
439 669 454 694 ,
495 636 551 682 et
579 631 700 696 ipso
721 626 942 695 iubente
971 625 1280 699 iugulandae
1303 671 1319 696 ,
1353 637 1415 683 ut
1451 629 1587 683 nihil
1635 630 1688 683 in
1720 629 1876 685 nobis
1975 627 2053 682 cit
2085 624 2264 690 Jesus,
2297 635 2354 680 et
2384 641 2490 680 non
2521 635 2605 681 est
2647 634 3026 698 transgressus
3054 635 3384 704 quidquam:
3421 653 3561 707 quo-

3441 329 3551 395 902

277 721 536 777 resideat
564 725 708 790 quod
756 722 1010 788 respiret.
1044 718 1199 774 Sicut
1237 736 1370 793 ergo
1400 723 1473 777 ibi
1509 722 1723 777 beatum
1763 731 1870 787 est,

279 809 581 882 Babylonis
617 812 870 881 parvulos
915 821 1120 878 tenere,
1149 822 1202 868 et
1245 815 1467 871 allidere
1511 817 1577 872 ad
1623 826 1856 887 petram,

279 911 351 957 et
379 902 727 974 cogitationes
753 904 920 957 malas
948 905 1125 958 statim
1159 904 1210 957 in
1241 905 1406 961 initiis
1436 923 1629 962 necare
1666 927 1677 961 :
1707 909 1776 963 ita
1801 917 1856 964 et

280 993 388 1048 hic
417 995 633 1049 beatum
667 995 1070 1065 intelligendum
1119 1005 1202 1049 est
1240 1005 1296 1050 et
1338 999 1654 1065 perfectum.
1691 1000 1733 1054 si
1767 1001 1853 1054 ni-

282 1085 375 1139 hil
412 1086 745 1156 relinquatur
781 1086 834 1139 in
880 1086 1036 1140 nobis
1073 1087 1216 1156 quod
1257 1089 1424 1156 possit
1465 1092 1732 1160 gentiliter
1762 1107 1852 1147 re-

282 1178 518 1247 Spirare.

362 1263 416 1318 4.
455 1281 476 1315 ι
502 1262 564 1319 Et
598 1279 818 1330 omnes,
857 1267 1034 1338 inquit
1077 1267 1146 1336 ",
1181 1281 1338 1340 reges
1367 1281 1552 1324 eorum
1593 1269 1870 1326 interfecit

273 1352 448 1412 Jesus
483 1357 536 1411 in
585 1372 685 1414 ore
728 1358 914 1430 gladii.
945 1379 964 1413 ι
1023 1359 1081 1415 1η
1136 1361 1392 1416 omnibus
1423 1359 1579 1417 nobis
1615 1362 1867 1430 regnavit

277 1458 566 1517 peccatum
589 1489 606 1514 ,
630 1460 683 1506 et
711 1451 763 1504 in
778 1453 1029 1507 omnibus
1061 1453 1214 1508 nobis
1244 1454 1370 1507 vitia
1398 1467 1779 1523 regnaverunt,
1812 1466 1867 1512 et

278 1540 458 1596 fuitin
475 1543 631 1598 nobis
648 1545 901 1599 omnibus
929 1560 1152 1616 regnum
1187 1549 1441 1615 generale
1473 1550 1701 1617 peccati,
1725 1550 1866 1604 sicut

277 1642 344 1688 et
379 1635 673 1704 Apostolus
707 1635 841 1690 dicit
868 1637 949 1691 9°:
1004 1657 1022 1688 ι
1049 1636 1249 1692 Omnes
1281 1639 1422 1693 enim
1456 1651 1863 1707 peccaverunt,

275 1735 346 1780 et
375 1737 529 1797 egent
575 1727 743 1797 gloria
792 1729 909 1783 Dei.
945 1748 966 1782 ι
1010 1728 1395 1800 Unusquisque
1440 1739 1620 1786 tamen
1676 1734 1866 1788 habuit

1973 718 2121 771 niam
2151 718 2368 787 quidem
2401 717 2536 772 dicit
2561 720 2857 788 Apostolus
2885 722 2927 785 ’,
2958 723 3081 792 quia
3114 742 3137 775 δι
3163 741 3286 781 cum
3314 731 3554 786 venisset

1970 806 2250 876 plenitudo
2281 808 2542 876 temporis
2572 808 2684 880 (88)
2721 811 2866 866 misit
2892 813 3033 868 Deus
3062 815 3256 870 Filium
3286 835 3443 875 suum
3471 822 3555 878 fa-

1973 905 2118 952 ctum
2148 912 2216 952 ex
2246 897 2495 964 muliere,
2530 899 2734 955 factum
2769 904 2870 959 sub
2901 902 3038 975 lege.
3071 926 3092 958 ι
3131 906 3187 962 Si
3217 924 3346 980 ergo
3377 914 3556 972 factus

1972 1002 2056 1047 est
2100 993 2200 1048 sub
2245 992 2365 1062 lege
2385 1037 2399 1061 ,
2430 1009 2552 1048 cum
2590 995 2691 1050 sub
2723 996 2839 1067 lege
2870 1010 3014 1055 esset
3051 1001 3188 1072 (89),
3222 1007 3402 1061 omnia
3434 1023 3557 1077 quin

1967 1083 2056 1139 lex
2089 1085 2380 1141 mandabat
2416 1086 2679 1157 implevit,
2717 1098 2776 1143 ut
2805 1105 2904 1146 nos
2939 1094 3231 1149 redimeret
3260 1113 3289 1151 a
3324 1099 3552 1155 maledi-

1968 1185 2059 1231 cto
2087 1177 2242 1245 legis.
2273 1177 2380 1233 Sed
2414 1188 2470 1234 et
2506 1179 2620 1249 ipse
2647 1181 2713 1235 de
2740 1195 2800 1236 se
2831 1182 2963 1238 dicit
2991 1184 3034 1250 ³,
3065 1186 3198 1256 quia
3245 1206 3264 1239 ι
3295 1204 3404 1244 non
3430 1190 3555 1249 veni

1967 1265 2143 1338 legem
2167 1269 2400 1337 solvere,
2431 1271 2528 1327 sed
2557 1273 2878 1342 adimplere.
2913 1290 2934 1324 ι

2042 1360 2098 1416 5.
2135 1381 2155 1414 ‹
2184 1363 2251 1419 Et
2285 1365 2529 1436 accepit,
2578 1367 2818 1436 inquit‘,
2852 1365 3012 1423 Iesus
3046 1384 3236 1428 omnes
3281 1373 3337 1428 in
3374 1373 3548 1443 bello,

1967 1455 2092 1524 quia
2143 1471 2239 1524 per
2283 1457 2572 1513 Dominum
2620 1460 2828 1514 factum
2880 1470 2967 1516 est
3023 1467 3083 1514 ut.
3139 1460 3548 1521 confortaretur

1965 1545 2132 1618 434
2160 1562 2257 1602 cor
2289 1563 2500 1614 eorum,
2532 1559 2589 1605 et
2615 1564 2972 1608 occurrerent
2996 1556 3048 1609 in
3080 1557 3326 1625 praelium
3359 1569 3550 1615 contra

1966 1637 2158 1694 Israel.
2188 1659 2208 1691 ι
2251 1639 2366 1695 Νοη
2418 1643 2558 1698 dixit
2591 1644 2720 1712 quia
2772 1646 2986 1716 aliquos
3036 1651 3248 1718 accepit
3290 1649 3450 1707 Jesus
3492 1654 3550 1710 in

1969 1730 2108 1784 bello
2132 1771 2148 1798 ,
2181 1744 2236 1786 et
2261 1733 2473 1802 aliquos
2506 1750 2612 1790 non
2650 1737 2902 1806 accepit,
2942 1741 3037 1794 sed
3071 1756 3262 1798 omnes
3294 1745 3550 1815 accepit,

279 1822 343 1876 in
377 1836 436 1876 se
468 1821 700 1890 aliquem
723 1822 1017 1893 specialem
1051 1837 1254 1891 regem,
1289 1825 1378 1894 qui
1409 1825 1460 1877 in
1491 1839 1556 1878 eo
1585 1827 1862 1894 regnabat,
1899 1804 1942 1862 Β
1973 1822 2022 1876 id
2045 1833 2147 1884 est,
2177 1825 2323 1894 cepit
2348 1840 2560 1891 omnes,
2591 1804 2822 1897 peremit
2853 1804 3064 1887 omnes.
3095 1833 3306 1888 Etenim
3341 1804 3552 1906 species

277 1924 341 1968 et
371 1914 749 1969 dominabatur
777 1915 850 1971 ei.
888 1912 1047 1970 Verbi
1081 1929 1277 1981 causa,
1305 1915 1359 1968 in
1389 1916 1497 1969 alio
1529 1931 1754 1986 regnum
1788 1929 1870 1973 te-

277 2007 452 2059 nebat
482 2006 736 2071 avaritia,
768 2005 825 2060 in
852 2004 960 2061 alio
993 2009 1268 2077 superbia,
1300 2008 1352 2062 in
1386 2005 1496 2062 alio
1524 2009 1867 2064 mendacium

279 2101 588 2172 regnabat,
620 2103 674 2156 in
706 2101 813 2156 alio
858 2099 1028 2154 libido
1061 2101 1449 2156 dominabatur
1475 2141 1491 2167 ,
1523 2111 1579 2156 et
1613 2103 1752 2157 alius
1782 2119 1868 2159 re-

277 2208 404 2262 gem
438 2193 748 2263 patiebatur
775 2194 1040 2250 furorem.
1081 2192 1232 2260 Quod
1270 2204 1449 2249 autem
1488 2194 1604 2249 haec
1629 2195 1703 2249 ita
1736 2196 1863 2260 sint,

278 2299 338 2344 et
362 2288 414 2341 in
441 2303 768 2358 unoquoque
792 2299 1034 2346 nostrum
1067 2301 1258 2362 regnet
1283 2301 1588 2360 peccatum,
1617 2290 1864 2359 apostolo

279 2379 452 2436 Paulo
475 2381 638 2436 crede
674 2381 891 2437 dicenti.
922 2383 1014 2437 Ait
1045 2385 1187 2438 enim
1210 2386 1288 2438 9’:
1325 2403 1343 2436 ι
1369 2384 1484 2438 Non
1511 2398 1641 2454 ergo
1678 2392 1865 2453 regnet

275 2482 563 2543 peccatum
590 2474 643 2527 in
670 2483 856 2529 vestro
885 2477 1098 2530 mortali
1129 2492 1360 2546 corpore
1396 2477 1462 2530 ad
1503 2476 1860 2530 obediendum

272 2569 350 2624 ei.
385 2586 405 2620 ι
450 2567 580 2622 Erat
607 2581 737 2638 ergo
775 2583 997 2638 regnum
1047 2573 1252 2640 peccati
1297 2572 1349 2624 in
1394 2585 1717 2638 unoquoque
1763 2583 1862 2623 no—

271 2671 446 2715 Strum
464 2671 753 2730 antequam
785 2662 1157 2721 crederemus.
1182 2664 1375 2718 Postea
1408 2677 1537 2716 vero
1568 2677 1730 2731 quam
1766 2677 1860 2717 ve-

273 2752 358 2806 nit
385 2749 570 2819 Jesus,
597 2761 654 2808 et
691 2754 892 2809 occidit
925 2769 1118 2809 omnes
1161 2767 1344 2824 reges,
1375 2753 1466 2820 qui
1504 2753 1557 2805 in
1589 2750 1748 2806 nobis
1777 2758 1858 2805 te-

273 2846 482 2900 nebant
519 2862 686 2917 regna
725 2848 976 2915 peccati,
1027 2847 1288 2916 praecepit
1332 2844 1492 2899 nobis
1549 2844 1857 2898 interlicere

273 2957 466 2998 omnes
496 2943 634 2998 istos
667 2959 823 3015 reges
845 2984 859 3009 ,
897 2953 951 2998 et
978 2942 1182 2997 nullum
1214 2957 1281 2997 ex
1330 2943 1412 2996 eis
1440 2941 1764 3011 relinquere.
1796 2939 1856 2996 Si

275 3036 399 3104 quis
427 3036 578 3090 enim
629 3035 868 3105 aliquem
900 3036 1092 3090 borum
1129 3037 1180 3090 in
1229 3036 1523 3106 semetipso
1558 3037 1858 3091 servaverit

274 3130 458 3183 vivum
490 3171 504 3194 ,
541 3131 594 3184 in
625 3131 868 3185 exercitu
903 3129 1030 3185 Jesu
1076 3145 1197 3186 esse
1223 3145 1329 3184 non
1365 3129 1586 3200 poterit.
1632 3131 1689 3183 Si
1726 3145 1854 3201 ergo
1879 3166 1922 3224 α

272 3233 468 3294 regnet
503 3224 680 3279 adhuc
708 3223 822 3296 (86)
873 3225 925 3279 in
959 3233 1010 3279 te
1062 3223 1291 3279 avaritia
1315 3261 1330 3287 ,
1385 3223 1428 3278 si
1458 3223 1719 3292 iactantia
1747 3263 1763 3289 ,
1803 3226 1851 3278 si

273 3318 556 3385 superbia,
589 3318 633 3372 si
665 3317 854 3383 libido,
889 3332 994 3372 non
1029 3317 1140 3372 eris
1172 3315 1506 3370 lsraeliticus
1537 3316 1715 3379 miles,
1749 3330 1850 3372 nec

273 3405 468 3476 imples
495 3416 826 3477 prteceptum
876 3409 1021 3479 quod
1057 3408 1206 3464 dedit
1245 3407 1506 3462 Dominus
1543 3407 1610 3462 ad
1643 3406 1848 3462 Jesum.

277 3517 298 3552 ε
322 3501 478 3554 Sicut
501 3501 821 3568 constituit,
855 3501 1036 3571 inquit
1063 3500 1130 3565 ’⁸,
1159 3501 1212 3556 ei
1253 3499 1467 3570 Moyses
1496 3514 1634 3570 puer
1665 3499 1852 3553 Domi-

275 3592 353 3646 ni.
389 3610 409 3642 ι
458 3590 558 3647 Hic
603 3607 738 3662 puer
777 3592 988 3647 Domini
1038 3592 1252 3662 Moyses
1279 3633 1296 3658 ,
1331 3606 1513 3647 sermo
1564 3590 1680 3660 ipse
1717 3590 1854 3660 legis

277 3685 604 3752 appellatur,
645 3686 788 3741 sicut
828 3695 884 3741 et
908 3686 958 3740 in
985 3685 1282 3756 Evangelio
1313 3685 1445 3740 dicit
1470 3684 1555 3738 9’:
1594 3701 1612 3732 σ
1642 3682 1854 3738 Habent

276 3775 496 3846 Moysen
549 3788 603 3832 et
651 3779 988 3848 prophetas,
1043 3779 1266 3834 audiant
1319 3776 1459 3831 illos.
1495 3794 1515 3827 ι
1552 3773 1665 3829 Lex
1718 3789 1851 3843 ergo

275 3871 537 3939 praecepit
574 3872 729 3926 nobis
753 3870 1060 3926 interﬁcere
1089 3884 1278 3925 omnes
1308 3884 1466 3940 reges
1498 3867 1728 3937 peccati,
1761 3868 1852 3936 qui

277 3976 378 4017 nos
415 3972 719 4033 provocant
768 3963 834 4018 ad
878 3972 1182 4033 peccatum.
1224 3981 1242 4015 ‹
1278 3961 1370 4018 Sic
1407 3961 1537 4016 fecit
1568 3961 1725 4015 Jesus
1749 4001 1764 4028 ,
1798 3969 1854 4015 et

279 4070 386 4110 non
435 4064 521 4110 est
572 4065 945 4125 transgressus
991 4056 1287 4126 quidquam
1331 4055 1399 4109 ab
1450 4054 1701 4110 omnibus
1735 4069 1854 4123 quae

277 4148 561 4203 constituit
583 4149 632 4203 ei
669 4147 937 4220 Moyses‘.
974 4167 993 4200 ι
1032 4148 1276 4204 Diximus
1293 4149 1512 4217 quidem
1554 4147 1850 4203 secundum

274 4240 514 4310 priorem
567 4240 924 4311 eXpositionis
958 4238 1071 4310 (87)
1107 4242 1386 4306 ordinem,
1435 4241 1561 4310 quia
1591 4253 1852 4309 quacun-

275 4344 384 4400 que
409 4330 491 4384 lex
521 4331 635 4395 Dei,
663 4331 756 4400 qui
784 4345 928 4385 nunc
953 4329 1167 4401 Moyses
1192 4329 1514 4398 appellatur,
1543 4326 1849 4391 constituit,

276 4423 465 4493 implet
493 4423 652 4478 Jesus
683 4425 736 4476 in
787 4423 981 4478 nobis:
1019 4432 1074 4476 et
1109 4422 1225 4491 ipse
1255 4432 1338 4476 est
1371 4423 1459 4491 qui
1496 4420 1765 4475 interimit
1795 4420 1849 4473 in

1969 1914 2179 1982 peccati
2216 1918 2466 1986 purgavit
2500 1917 2761 1975 Dominus
2792 1921 2970 1989 Jesus,
3009 1940 3305 1996 omnesque
3339 1931 3552 1984 destru-

1969 2005 2069 2061 xit.
2101 2007 2295 2063 Cuncti
2324 2026 2558 2081 namque
2601 2029 2623 2064 ι
2657 2029 2876 2072 eramus
2902 2016 3164 2074 insensati
3189 2060 3205 2084 ,
3236 2021 3500 2078 increduli
3527 2063 3546 2090 ,

1967 2111 2234 2169 errantes,
2271 2105 2574 2160 servientes
2614 2106 2901 2164 desideriis
2933 2112 3119 2178 variis,
3153 2113 3207 2168 in
3243 2115 3450 2170 malitia
3489 2124 3548 2173 et

1968 2197 2167 2252 invidia
2202 2209 2460 2269 agentes,
2492 2200 2720 2257 odibiles
2745 2241 2761 2267 ,
2793 2204 3040 2260 odientes
3082 2206 3314 2262 invicem
3346 2209 3392 2275 ⁸,
3424 2229 3446 2263 ι
3489 2212 3548 2266 ει

1964 2305 2128 2345 omne
2155 2293 2521 2363 quodcunque
2550 2293 2679 2348 illud
2710 2304 2792 2350 est
2824 2298 3032 2366 peccati
3063 2313 3254 2369 genus,
3284 2303 3428 2370 quod
3457 2303 3544 2356 in-

1964 2383 2181 2437 venitur
2210 2383 2263 2436 in
2290 2384 2604 2439 hominibus
2637 2395 2928 2457 antequam
2957 2391 3206 2445 credant.
3239 2391 3384 2446 Bene
3409 2406 3544 2464 ergo

1962 2471 2118 2538 dicit,
2149 2473 2275 2543 quia
2308 2487 2498 2529 omnes
2520 2475 2722 2530 occidit
2745 2475 2903 2532 Jcsus
2930 2479 3021 2547 qui
3051 2479 3307 2535 exierunt
3331 2483 3398 2536 ad
3428 2483 3544 2537 bel-

1961 2563 2092 2618 lum.
2131 2561 2285 2618 Nulla
2318 2567 2464 2620 enim
2497 2567 2705 2637 species
2739 2570 2948 2639 peccati
2982 2577 3128 2626 tanta
3159 2581 3263 2637 est,
3293 2589 3396 2643 qua
3431 2591 3537 2631 non

1959 2658 2031 2711 sit
2056 2659 2306 2726 superior
2332 2656 2512 2724 Jesus,
2544 2660 2636 2729 qui
2668 2672 2753 2716 est
2783 2659 3017 2718 Verbum
3046 2671 3103 2718 et
3125 2665 3388 2735 sapientia
3419 2667 3540 2725 Del.

1959 2749 2152 2805 Omnia
2181 2752 2326 2806 enim
2349 2761 2571 2822 superat
2595 2762 2650 2808 et
2675 2753 2867 2809 vincit.
2899 2755 3092 2811 Annon
3121 2757 3195 2812 ita
3239 2760 3540 2828 credimus,

1959 2842 2085 2910 quia
2110 2857 2273 2897 omne
2303 2857 2478 2914 genus
2507 2845 2712 2913 peccati
2742 2861 2864 2899 cum
2891 2849 2957 2902 ad
2985 2848 3220 2904 salutare
3257 2851 3534 2908 lavacrum

1956 2934 2204 2988 venimus
2241 2937 2540 2991 aufertur?
2573 2935 2685 2991 l'loc
2717 2938 2862 2991 enim
2907 2949 2962 2993 et
3011 2941 3288 3010 apostolus
3339 2944 3540 3003 Paulus

1957 3028 2246 3098 designat:
2285 3030 2377 3100 qui
2413 3045 2536 3084 cum
2564 3031 2815 3085 universa
2848 3043 3194 3101 peccatorum
3228 3051 3424 3105 genera
3458 3039 3542 3094 di-

1958 3133 2317 3187 nmnerasset,
2361 3122 2512 3178 addit
2556 3131 2678 3193 post
2702 3125 2905 3187 omnia,
2935 3135 2988 3178 et
3026 3126 3157 3180 dicit
3187 3127 3244 3182 σε
3279 3146 3296 3178 ι
3328 3129 3392 3182 Et
3423 3131 3541 3186 haec

1957 3215 2172 3283 quidem
2202 3213 2404 3280 fuistis,
2435 3213 2530 3269 sed
2559 3213 2729 3268 abluti
2781 3213 2916 3267 estis
2938 3253 2954 3278 ,
3028 3212 3127 3269 sed
3207 3215 3537 3270 sanctiﬁcati

1962 3305 2118 3369 estis,
2147 3306 2242 3360 sed
2265 3305 2550 3374 iustiﬁcati
2586 3307 2721 3361 estis
2769 3305 2884 3377 (90)
2934 3306 2988 3360 in
3049 3307 3272 3362 nomine
3321 3309 3541 3366 Domini

1959 3395 2128 3451 nostri
2151 3393 2274 3450 Jesu
2309 3395 2535 3450 Christi.
2571 3413 2588 3446 ι
2618 3394 2732 3450 Hoc
2763 3409 2896 3466 ergo
2923 3397 3080 3452 modo
3106 3412 3297 3454 omnes
3325 3401 3540 3469 cepisse

1956 3487 2010 3542 in
2053 3487 2236 3556 pmlio
2269 3487 2473 3543 dicitur
2497 3525 2512 3552 ,
2557 3496 2612 3542 et
2641 3502 2834 3542 omnes
2865 3487 3194 3555 peremisse,
3229 3507 3248 3540 ι
3281 3490 3409 3560 quia
3441 3501 3539 3560 per

1955 3580 2236 3635 Dominum
2267 3579 2469 3634 laetum
2499 3588 2583 3634 est
2629 3589 2685 3632 ut
2725 3579 3084 3634 invalesceret
3108 3594 3205 3635 cor
3233 3595 3442 3648 eorum,
3477 3593 3537 3640 et

1955 3679 2306 3729 occurrerent
2334 3670 2388 3724 in
2422 3669 2666 3740 praelium
2721 3679 2909 3724 contra
2948 3671 3150 3738 Israel,
3185 3682 3242 3726 ut
3274 3675 3537 3730 extermi-

1954 3775 2236 3821 narentur.
2275 3784 2294 3818 ι
2331 3764 2469 3818 Dum
2498 3765 2647 3819 enim
2697 3779 2804 3818 non
2836 3764 3060 3820 veniunt
3089 3765 3327 3823 inimicae
3364 3767 3537 3827 virtu-

1957 3868 2037 3913 tes
2062 3898 2077 3923 ,
2121 3873 2244 3928 quae
2275 3867 2496 3928 peccata
2546 3865 2844 3927 Operantur
2888 3857 2942 3911 in
2987 3859 3178 3925 nobis,
3213 3875 3311 3914 nec
3339 3875 3536 3930 provo-

1956 3961 2080 4007 cant
2111 3966 2209 4006 nos
2234 3952 2304 4004 ad
2341 3951 2695 4021 peccandum,
2729 3965 2830 4005 nec
2860 3950 3139 4007 lacessunt
3173 3952 3238 4006 ad
3266 3953 3536 4009 dimican-

1955 4047 2080 4100 dum
2102 4086 2118 4109 ,
2154 4043 2385 4098 interﬁci
2416 4058 2521 4098 non
2556 4051 2822 4114 possunt,
2854 4059 2952 4099 nec
2996 4045 3372 4100 exterminari.
3406 4045 3532 4102 Ideo

1955 4150 2084 4207 ergo
2115 4134 2258 4190 Deus
2288 4135 2487 4190 dicitur
2520 4135 2834 4204 permittere
2855 4175 2869 4200 ,
2904 4135 3014 4189 imo
3044 4145 3098 4190 et
3142 4137 3369 4190 incitare
3398 4152 3528 4206 pro-

1954 4227 2242 4296 pemodum
2276 4227 2618 4282 adversaries
2655 4227 2888 4281 virtutes
2914 4227 3066 4282 exire
3099 4228 3382 4282 adversum
3425 4243 3530 4285 nos

1953 4322 2009 4376 in
2046 4319 2292 4389 prelium
2323 4359 2339 4385 ,
2375 4328 2436 4373 ut
2464 4328 2518 4374 et
2551 4334 2649 4373 nos
2677 4319 2960 4374 victoriam
2998 4320 3300 4390 capiamus,
3334 4329 3388 4374 et
3425 4320 3532 4376 illa;

1956 4413 2236 4470 interitum
2268 4423 2692 4480 consequantur.
2728 4409 2884 4466 Unde
2911 4411 3044 4464 mihi
3070 4410 3284 4466 videtur
3299 4425 3418 4465 esse
3445 4411 3532 4465 in-

276 4518 433 4572 nobis
458 4517 612 4581 vitia,
640 4525 696 4572 et
743 4517 1080 4585 nequissima
1133 4517 1339 4584 peccati
1373 4529 1534 4585 regna
1567 4511 1856 4568 subvertit.
1889 4509 1932 4563 D
1965 4508 2146 4562 iinitus
2161 4506 2381 4578 quidam
2405 4519 2666 4560 numerus
2682 4505 3084 4559 contrariarum
3111 4505 3366 4560 virtutum
3391 4505 3528 4577 (91),

345 4661 391 4694 ’³
417 4658 532 4716 Jos.
566 4675 643 4722 xl,
687 4659 776 4713 l2.
876 4659 923 4690 9°
955 4657 1107 4713 Rom.
1151 4673 1231 4723 ιιι,
1273 4657 1364 4712 25.

1471 4657 1515 4688 ⁹⁷
1542 4655 1698 4710 Rom.
1727 4669 1808 4720 vr,
1836 4651 1926 4706 l2.

2033 4647 2079 4679 ⁵⁸
2106 4645 2221 4700 Jos.
2253 4661 2332 4707 ιιι,
2372 4644 2456 4698 l2.
2565 4644 2609 4676 ⁸³
2637 4642 2766 4698 Luc.
2795 4658 2906 4710 xvr,
2949 4641 3043 4698 29.
3146 4643 3163 4674 ¹
3187 4641 3299 4698 Jos.
3333 4659 3410 4710 ιιι,
3437 4640 3524 4702 15.

276 4733 297 4764 ’
322 4713 549 4796 ῦωιῖιὶ,
580 4713 643 4785 4.
711 4729 732 4760 ³
760 4730 950 4784 Matth.
983 4745 1035 4796 ν,
1072 4729 1160 4781 17.
1217 4713 1256 4758 ’⁵
1284 4722 1396 4784 Jos.
1440 4744 1515 4794 at,
1546 4731 1633 4789 18,
1668 4720 1756 4780 1⁸1.
1795 4713 1853 4755 ’⁸

1959 4727 1993 4775 ι.
2026 4733 2109 4785 ιιι,
2137 4717 2194 4770 ὅ.
2269 4716 2289 4748 ⁸
2321 4715 2494 4771 lCor.
2534 4729 2607 4783 vr,
2642 4713 2728 4767 11.

345 4868 457 4943 (86)
508 4869 720 4924 Adhuc.
753 4868 916 4925 Deest
956 4867 1012 4923 in
1059 4866 1190 4924 libb.
1226 4865 1410 4936 editis,
1438 4864 1534 4922 sed
1579 4871 1760 4920 exstat
1788 4861 1844 4918 in

277 4957 329 4996 m
375 4959 408 4995 ν.

318 4958 727 5116 ,ξηηῠιθιηιιθ
768 5032 1172 5116 Ebroicensisa
1204 5049 1223 5084 ι
1254 5031 1497 5101 priorem
1540 5027 1844 5116 expositio-

281 5101 382 5161 nis'.
411 5101 448 5156 ι’
470 5101 993 5174 Sangermanensis,
1042 5120 1062 5154 α
1093 5103 1331 5170 priorem
1368 5101 1788 5170 expositionum.
1820 5113 1840 5148 ι

280 5174 431 5230 Libb.
462 5175 631 5240 editi,
669 5193 687 5226 ι
713 5175 910 5242 prioris
938 5174 1317 5244 expositionis.
1352 5189 1371 5222 ι

369 5268 434 5323 88
495 5267 676 5323 Codex
704 5267 1018 5338 Sangerm.,
1058 5285 1077 5318 σ
1110 5273 1432 5331 temporum.
1467 5281 1486 5314 ι

347 5268 462 5412 ὶδθζ
488 5338 646 5395 Libb.
672 5338 838 5412 editi,
877 5354 896 5388 ι
929 5353 1052 5392 cum
1082 5335 1184 5390 sub
1209 5335 1326 5404 lege
1351 5347 1459 5388 non
1485 5365 1486 5371 η

371 5328 462 5404 89)
488 5338 646 5395 Libb.
672 5328 848 5404 editi:
877 5354 896 5388 ι
929 5328 1052 5392 cum
1082 5335 1184 5390 sub
1209 5328 1326 5404 lege
1351 5347 1459 5388 non
1485 5337 1652 5388 esset.
1684 5350 1702 5383 ι
1735 5328 1844 5385 Sed

279 5409 406 5465 mss.
441 5409 462 5461 ἃ
490 5423 615 5464 cum
651 5409 751 5464 sub
784 5409 900 5480 lege
929 5416 1098 5463 esset.
1131 5424 1152 5458 ι

348 5501 459 5588 (90)
511 5501 571 5559 ln
621 5517 726 5559 ms.
775 5501 1064 5573 Sangerm.
1129 5498 1284 5554 deest
1341 5513 1361 5548 ι
1410 5495 1505 5552 sed
1560 5491 1845 5565 iustificati

277 5582 639 5718 ΟΒῗεῗίίυηάε
667 5643 796 5718 mihi
829 5643 1033 5718 videtur
1070 5657 1179 5695 esse
1205 5635 1699 5718 inﬁnitus__quidam
1747 5649 1845 5688 nu-

282 5705 452 5768 merus
491 5715 886 5768 contrariarum
934 5713 1226 5776 virtutum,
1263 5705 1392 5764 'etc.
1452 5705 1602 5762 Hunc
1665 5705 1843 5776 locum

283 5799 347 5840 ex
397 5795 552 5842 parte
595 5785 836 5844 imitatur
881 5783 1248 5838 Hierouvmus
1299 5782 1366 5836 ad
1398 5778 1601 5836 llabac.
1636 5791 1721 5844 ιιι,
1752 5775 1841 5832 14.

1949 4855 2095 4925 idem
2123 4854 2386 4925 Origenes
2415 4855 2482 4909 ad
2515 4853 2740 4910 Joannis
2765 4869 2847 4925 in,
2879 4852 2950 4909 49
2977 4871 2992 4908 :
3031 4870 3052 4904 ‹
3083 4851 3347 4925 Convenit
3365 4851 3520 4921 iuxta

1955 4923 2286 4994 Scriptura's,
2313 4937 2598 4995 peccantes
2625 4927 2786 4995 multa
2811 4924 2990 4995 facere
3014 4935 3206 4992 praeter
3229 4923 3516 4989 rationem;

1956 5010 2062 5049 non
2082 4993 2162 5052 οι)
2190 4993 2359 5060 aliud,
2391 4996 2492 5050 nisi
2522 4997 2645 5064 quia
2676 4994 2807 5050 facti
2843 4993 3042 5048 fuerint
3071 5008 3297 5064 capaces
3325 5008 3519 5064 opera-

1956 5066 2121 5135 tionis
2138 5067 2258 5120 tnali
2284 5067 2525 5135 spiritus,
2542 5063 2633 5119 vel
2648 5066 2937 5118 voluntatis
2961 5063 3218 5135 immundi
3235 5063 3513 5117 daemonis.

1956 5134 2072 5206 Non
2102 5133 2418 5206 dubitarunt
2447 5137 2614 5206 igitur
2638 5135 2722 5189 vel
2751 5149 2812 5206 ea
2837 5149 2960 5203 qua:
2983 5133 3366 5206 existimantur
3395 5147 3518 5188 esse

1953 5202 2094 5260 levia
2127 5215 2349 5275 peccata
2383 5202 2662 5259 daemoniis
2691 5202 2931 5275 tribuere
2957 5243 2972 5269 ,
3023 5203 3097 5258 illi
3115 5203 3219 5275 qui
3267 5202 3521 5275 dixerunt

1952 5274 2292 5347 repentinam
2323 5276 2483 5341 iram,
2511 5275 2872 5347 similiterque
2897 5274 3290 5347 detractionem
3313 5274 3520 5347 daemo-

1949 5341 2100 5401 nium
2144 5361 2282 5402 esse.
2332 5365 2352 5400 ι
2413 5348 2616 5414 Aperte
2666 5341 2887 5414 respicit
2931 5345 2999 5398 ad
3049 5342 3265 5397 Hermae
3312 5341 3518 5414 Ιίδειι,

1947 5419 2203 5472 mandato
2224 5419 2280 5480 2,
2309 5417 2398 5471 ubi
2431 5413 3000 5471 c’detractio’idicitur
3033 5415 3382 5467 «inconstans
3411 5413 3520 5468 dae-

1947 5488 2206 5541 monium.
2238 5505 2257 5539 ›
2288 5487 2417 5541 Item
2446 5487 2538 5541 lib.
2566 5495 2650 5546 ιιι,
2677 5485 2842 5540 simil.
2867 5485 2921 5548 9,
2949 5499 3068 5551 cap.
3099 5483 3190 5548 22,
3213 5499 3233 5534 ι
3267 5495 3520 5552 magnum

1953 5556 2280 5612 daemonium
2313 5569 2417 5620 est,
2446 5557 2670 5611 audacia
2706 5565 2761 5609 et
2789 5554 3112 5608 contidentia
3157 5552 3368 5618 inanis;
3404 5571 3425 5605 ι
3463 5562 3522 5609 et

1953 5643 2073 5696 cap.
2100 5629 2190 5694 25,
2221 5629 2458 5681 hortatio
2489 5628 2547 5680 lit
2575 5637 2633 5680 ut
2665 5644 2685 5677 ι
2721 5627 2788 5680 ab
2814 5626 2909 5696 iraa
2933 5624 3199 5696 dzemonio
3227 5642 3246 5676 ι
3283 5637 3381 5696 nos
3413 5638 3520 5692 pu-

1953 5692 2247 5752 riticemus.
2291 5697 2398 5751 Sed
2437 5706 2492 5752 et
2530 5697 2783 5764 scriptori
2819 5692 3277 5764 Recognitionum,
3308 5692 3401 5748 lib.
3453 5709 3518 5758 ιι,

1952 5781 2071 5838 cap.
2101 5767 2194 5836 25,
2235 5767 2540 5840 ignorantia
2568 5777 2651 5823 est
2680 5767 2894 5836 datm-on
2917 5764 3210 5839 pessimus.
