4050 6148
535 289 653 350 905

1986 278 2312 341 ORIGENIS

3702 287 3805 344 904

545 420 644 477 pro
672 419 740 459 eo
773 404 915 475 quod
945 418 1041 473 per
1072 403 1314 476 singulos
1342 417 1481 474 pene
1514 404 1766 460 homines
1797 411 1927 458 sunt
1952 401 2117 470 spiri-
2146 404 2192 460 A
2223 399 2529 455 exteriores
2585 399 2871 464 tenebras,
2913 399 2997 454 vel
3059 411 3167 467 quo
3216 397 3464 469 quisquis
3515 397 3602 454 ille
3661 399 3812 458 locus

547 506 634 551 tus
660 497 849 565 aliqui,
879 496 1091 550 diversa
1125 496 1177 548 in
1205 495 1270 549 iis
1303 504 1652 560 peccatorum
1680 510 1876 564 genera
1905 495 2126 552 molien-

548 599 646 645 tes.
681 588 840 643 Verbi
874 604 1062 653 causa,
1093 597 1180 642 est
1211 589 1411 657 aliquis
1452 588 1835 645 fornicationis
1869 589 2119 657 spiritus,

543 692 627 738 est
659 685 752 738 ira:
793 683 1018 753 spiritus
1053 681 1232 737 alius:
1281 691 1365 736 est
1402 682 1645 735 avaritia:
1676 681 1902 750 spiritus
1925 720 1940 745 ,
1986 681 2127 737 alius

541 789 674 831 vero
705 774 994 844 superbiae.
1030 776 1095 829 Et
1124 774 1170 830 si
1207 774 1423 830 eveniat
1462 772 1574 846 (92)
1606 789 1728 828 esse
1759 773 1993 843 aliquem
2030 776 2126 829 ho-

545 868 769 931 minem,
801 867 892 936 qui
929 869 1014 922 hts
1047 868 1304 922 omnibus
1337 866 1515 934 malis,
1557 875 1651 920 aut
1685 867 1849 921 etiam
1879 866 2125 936 pluribus

547 961 802 1028 agitetur,
834 972 1027 1014 omnes
1061 960 1198 1025 hos,
1223 960 1307 1015 vel
1332 959 1496 1016 etiam
1529 958 1712 1028 plures
1741 959 1793 1013 in
1830 974 1891 1014 se
1925 960 2126 1015 habere

543 1049 792 1106 inimicos
819 1052 1107 1120 putandus.
1131 1062 1214 1107 est
1242 1052 1494 1122 spiritus.
1526 1051 1680 1108 Unde
1713 1060 1770 1105 et
1805 1066 1902 1120 per
1933 1051 2125 1122 singu-

543 1143 625 1199 los
655 1149 838 1214 plures
866 1160 984 1200 esse
1016 1144 1450 1220 credendisunt,
1478 1144 1605 1214 quia
1637 1159 1742 1198 non
1772 1143 1983 1219 singula
2012 1145 2124 1198 sin-

543 1237 651 1306 guli
684 1236 930 1292 homines
968 1236 1170 1291 habent
1205 1236 1357 1301 vitia,
1398 1237 1478 1292 vel
1509 1247 1731 1307 peccata
1755 1237 2120 1301 committunt,

543 1329 637 1383 sed
667 1328 818 1397 plura
848 1329 915 1382 ab
942 1343 1267 1398 unoquoque
1291 1330 1541 1384 videntur
1567 1330 1801 1385 admitti.
1833 1330 1900 1384 Et
1924 1331 2119 1385 iterum

543 1438 654 1478 non
691 1433 775 1479 est
804 1425 1098 1493 putandum
1129 1424 1274 1494 quod
1310 1438 1450 1478 unus
1479 1423 1866 1480 fornicationis
1896 1423 2121 1494 spiritus

540 1517 763 1573 seducat
788 1531 909 1571 eum
939 1517 1052 1585 qui,
1081 1517 1233 1571 verbi
1271 1516 1464 1586 gratia,
1505 1516 1559 1570 in
1591 1517 1889 1572 Britanniis
1937 1517 2120 1573 forni-

539 1619 718 1674 catur,
749 1619 801 1664 et
832 1608 979 1662 illum
1011 1607 1102 1676 qui
1135 1608 1186 1661 in
1219 1606 1369 1662 India
1399 1647 1415 1672 ,
1444 1608 1530 1664 vel
1562 1609 1616 1664 in
1661 1609 1784 1664 aliis
1815 1609 1928 1680 (95)
1960 1610 2117 1678 locis,

540 1715 717 1766 neque
748 1716 911 1755 unum
945 1714 1068 1755 esse
1103 1702 1200 1755 ira:
1236 1700 1532 1768 spiritum,
1563 1701 1656 1770 qui
1687 1701 1921 1756 diversis
1956 1703 2007 1755 in
2044 1701 2120 1756 lo-

2240 493 2324 548 eis
2365 493 2559 562 dignus
2605 503 2721 558 est,
2765 491 3107 547 abducantur
3157 505 3188 544 a
3230 490 3378 561 justo
3424 490 3607 560 judice
3653 489 3810 544 Chri-

2233 597 2342 650 sto,
2387 584 2576 656 agonis
2611 585 2770 654 hujus
2806 583 2933 638 vitae
2961 583 3274 639 mortalium
3305 583 3555 651 praeside.
3585 583 3656 637 Et
3688 583 3808 638 inde

2231 689 2315 732 est
2339 679 2484 746 quod
2511 679 2748 749 plurimo
2786 679 3090 734 daemonum
3139 691 3373 732 numero
3393 675 3504 744 jam
3547 676 3716 742 victo,
3743 679 3808 730 ad

2233 770 2610 826 credulitatem
2639 779 2826 841 gentes
2870 773 3059 826 venire
3095 770 3447 826 relaxantur:
3499 770 3590 838 qui
3627 768 3810 835 utique

2233 862 2540 918 nullatenus
2572 865 2882 920 sinerentur
2907 863 3019 935 (96)
3039 905 3055 931 ,
3083 864 3128 918 si
3163 863 3386 932 integrae
3416 876 3636 926 eorum,
3673 860 3810 916 sicut

2235 955 2390 1021 prius
2423 953 2668 1020 fuerant,
2701 955 3068 1010 subsisterent
3093 953 3356 1024 legiones.
3385 951 3540 1019 Quod
3567 953 3617 1006 si
3651 950 3807 1005 alicui

2231 1044 2443 1102 difficile
2464 1049 2679 1102 videtur
2704 1061 2825 1102 esse
2847 1046 2990 1116 quod
3012 1046 3242 1101 dicimus
3264 1061 3360 1115 per
3381 1046 3628 1117 singulos
3649 1059 3811 1114 quos-

2229 1156 2334 1211 que
2379 1141 2722 1210 peccantium
2764 1139 2931 1194 multa
2969 1153 3166 1194 vacare
3207 1139 3318 1210 (97)
3357 1139 3634 1194 daemonia
3664 1181 3682 1207 ,
3717 1148 3809 1196 aut

2231 1234 2534 1289 fabulosum
2565 1235 2669 1290 hoc
2717 1243 2904 1305 putat,
2970 1234 3158 1288 redeat
3202 1233 3272 1286 ad
3303 1231 3586 1304 Evangelii
3619 1245 3808 1290 aucto-

2229 1329 2445 1382 ritatem
2476 1366 2492 1392 ,
2532 1337 2588 1381 et
2645 1327 2884 1382 inveniet
2935 1326 3087 1380 illum
3139 1324 3231 1394 qui
3289 1325 3342 1380 in
3395 1324 3666 1396 sepulcris
3717 1325 3808 1380 ba-

2229 1421 2440 1477 bitabat
2502 1419 2614 1491 (98)
2681 1421 2982 1475 darmonem
3053 1418 3268 1487 patiens
3313 1461 3328 1487 ,
3392 1435 3516 1475 cum
3570 1419 3806 1473 interro-

2227 1523 2449 1583 garetur
2481 1511 2644 1585 535
2686 1527 2716 1566 a
2751 1511 3059 1577 Salvatore,
3103 1512 3250 1582 quod
3303 1512 3400 1567 tibi
3453 1525 3659 1567 nomen
3690 1523 3803 1577 est,

2229 1604 2574 1673 respondisse
2621 1604 2780 1673 legio.
2843 1622 2861 1656 ‹
2905 1603 3074 1658 Multa
3123 1605 3306 1668 enim,
3371 1604 3550 1673 inquit
3595 1603 3644 1669 ⁸,
3697 1603 3803 1659 ἀίε-

2227 1696 2408 1750 monia
2435 1711 2643 1752 sumus.
2685 1716 2705 1749 ›
2737 1696 2877 1764 Quid
2923 1710 3054 1767 ergo
3112 1697 3311 1751 mirum
3362 1695 3604 1760 videtur,
3636 1697 3684 1750 si
3717 1713 3806 1766 per

538 1795 618 1847 cis
663 1793 910 1847 diversos
939 1793 1191 1847 homines
1225 1792 1394 1864 agitet
1421 1811 1436 1848 :
1483 1795 1578 1848 sed
1610 1803 1741 1864 puto
1771 1795 1942 1864 magis
1971 1796 2122 1864 prin-
2149 1773 2194 1831 Β
2223 1789 2432 1858 singula
2462 1805 2659 1859 genera
2687 1800 3035 1860 peccatorum
3083 1789 3282 1859 singuli
3323 1789 3604 1844 dannones
3633 1791 3803 1844 ascri-

540 1884 713 1952 cipem
770 1883 987 1952 quidem
1032 1883 1410 1940 fornicationis
1463 1885 1715 1954 spiritum
1751 1901 1916 1940 unum
1952 1901 2075 1942 esse
2100 1927 2117 1953 ,

538 1978 862 2032 innmneros
894 1993 1025 2033 vero
1069 1993 1192 2034 esse
1221 1980 1314 2048 qui
1349 1981 1404 2034 in
1433 1975 1536 2034 hoc
1562 1979 1612 2034 ei
1640 1978 1820 2034 cilicio
1849 1991 2080 2049 pareant
2101 2021 2115 2044 ,

537 2081 592 2124 et
636 2086 732 2140 per
761 2071 1008 2142 singulos
1054 2085 1304 2142 quosque
1352 2071 1602 2127 homines
1647 2073 1848 2128 diversi
1893 2074 2118 2144 spiritus

537 2161 637 2214 sub
665 2176 729 2215 eo
753 2161 995 2230 principe
1027 2161 1343 2228 militantes,
1373 2163 1441 2216 ad
1470 2161 1844 2230 hujuscemodi
1869 2178 1965 2218 eos
1993 2179 2117 2233 pec-

537 2259 655 2304 cata
713 2250 1028 2306 sollicitent.
1079 2250 1349 2306 Similiter
1403 2260 1460 2305 et
1505 2251 1804 2307 iracundiae
1862 2253 2115 2321 spiritum

536 2341 837 2412 principem
894 2357 1062 2396 unum
1103 2357 1230 2397 esse
1285 2343 1572 2409 arbitror,
1620 2343 1936 2400 innumeros
1987 2359 2118 2400 vero

533 2446 656 2488 esse
685 2434 784 2487 sub
811 2433 926 2502 ipso
957 2444 1206 2503 agentes,
1235 2437 1327 2505 qui
1356 2450 1452 2505 per
1476 2436 1719 2506 singulos
1743 2451 1991 2508 quosque
2017 2438 2116 2493 ho-

536 2525 708 2580 mines
746 2525 974 2594 hujusce
1014 2526 1132 2580 vitii
1177 2537 1400 2597 peccata
1441 2528 1800 2582 succendant.
1849 2528 2117 2584 Similiter

533 2624 593 2672 et
621 2616 865 2671 avaritiae
899 2632 1065 2671 unum
1102 2631 1223 2672 esse
1264 2618 1588 2687 principem,
1631 2618 1712 2674 sic
1739 2629 1795 2674 et
1825 2620 2114 2688 superbiae,

534 2718 590 2764 et
617 2717 935 2764 caaternrum
963 2709 1252 2764 malorum.
1282 2711 1347 2765 Et
1380 2711 1502 2766 ideo
1531 2726 1638 2766 non
1672 2728 1812 2768 unus
1845 2715 2118 2783 principa-

537 2808 625 2856 tus
651 2801 850 2857 dicitur
875 2803 927 2856 in
956 2803 1249 2857 contrariis
1279 2803 1575 2859 virtutibus
1613 2805 1684 2859 ab
1704 2806 1991 2874 Apostolo,
2018 2807 2115 2862 sed

534 2893 751 2964 plures,
794 2892 1084 2948 adversum
1125 2908 1262 2962 quos
1294 2907 1531 2962 pugnam
1566 2895 1668 2952 sibi
1705 2909 1829 2952 esse
1873 2905 1926 2950 et
1961 2897 2116 2952 nobis

539 2985 794 3040 omnibus
841 2985 1051 3040 scribit.
1089 2985 1222 3041 Esse
1266 2995 1447 3041 tamen
1483 3001 1608 3042 reor
1642 2987 1837 3042 borum
1865 2989 2114 3043 omnium

534 3075 648 3145 (94)
681 3076 980 3146 principem
1007 3115 1023 3141 ,
1055 3077 1207 3132 velut
1252 3078 1668 3134 eminentiorem
1717 3080 2008 3147 quemdam
2057 3081 2110 3134 in

535 3169 777 3238 nequitia
807 3209 822 3235 ,
861 3179 916 3223 et
950 3171 1003 3223 in
1034 3169 1239 3225 scelere
1281 3172 1594 3236 celsiorem,
1628 3171 1721 3242 qui
1750 3181 1920 3226 totum
1955 3188 2114 3228 mun-

536 3265 686 3331 dum,
719 3280 880 3334 quem
907 3265 995 3320 isti
1052 3267 1117 3321 ad
1156 3279 1379 3338 peccata
1405 3267 1604 3338 singuli
1629 3267 1832 3338 quique
1863 3283 1956 3337 per
1992 3283 2114 3338 pec-

533 3366 778 3412 catorum
821 3359 1036 3428 species
1065 3377 1163 3430 pro
1196 3369 1350 3430 parte
1393 3360 1738 3426 sollicitant,
1785 3362 1936 3416 solus
1967 3363 2114 3417 velut

530 3449 777 3506 omnium
814 3451 1119 3520 principum
1165 3453 1273 3507 dux
1298 3493 1315 3518 ,
1341 3463 1399 3508 et
1431 3453 1598 3508 totius
1623 3452 1874 3508 nefandae
1907 3453 2114 3509 militia:

532 3543 813 3612 magister,
852 3545 1122 3614 exagitet;
1154 3544 1313 3614 cujus
1339 3547 1568 3617 ﬁguram
1595 3560 1720 3601 cum
1747 3544 1907 3602 Jabin
1933 3547 2113 3603 discu-

532 3641 813 3702 teremus,
846 3651 942 3706 pro
978 3652 1145 3706 parvo
1188 3637 1562 3708 intelligentiae
1603 3647 1808 3693 nostrae
1848 3649 2011 3708 captu
2057 3639 2111 3694 in

533 3729 906 3796 superioribus
931 3727 1308 3796 patefecimus.

605 3815 659 3872 6.
717 3818 852 3871 Ρυιο
908 3835 1042 3875 sane
1096 3821 1223 3889 quia
1290 3821 1467 3877 sancti
1535 3821 1738 3890 quique
1806 3835 2113 3893 repugnan-

537 3917 618 3964 tes
688 3911 948 3966 adversus
1012 3913 1147 3968 istos
1208 3915 1520 3971 incentores
1590 3923 1938 3983 peccatorum
1999 3915 2112 3984 spi-

533 4005 692 4068 ritus,
739 4010 796 4058 et
839 4004 1118 4060 vincentes
1154 4021 1285 4074 cos,
1330 4017 1493 4076 atque
1527 4023 1718 4063 eorum
1748 4023 2109 4078 unumquem-

531 4109 638 4165 que
666 4105 1004 4165 superantes,
1039 4099 1364 4155 imminuant
1413 4102 1714 4156 exercitum
1762 4100 2067 4156 daemonum
2091 4143 2108 4170 ,

532 4199 588 4244 et
616 4188 762 4244 velut
783 4191 1208 4259 quamplurimos
1231 4194 1343 4264 (95)
1367 4210 1556 4250 eorum
1601 4194 1942 4252 interimant.
1973 4194 2108 4251 Ver-

531 4280 588 4337 bi
644 4296 835 4347 causa,
866 4293 926 4337 ut
952 4283 998 4338 is
1047 4284 1135 4352 qui
1173 4294 1322 4340 caste
1369 4288 1670 4356 pudiceque
1724 4287 1957 4344 vivendo
2001 4289 2112 4343 for-

531 4376 821 4430 nicationis
874 4376 1126 4446 spiritum
1195 4380 1569 4446 superaverit,
1643 4394 1754 4436 non
1821 4383 1962 4437 ultra
2028 4381 2110 4438 fas

2223 1883 2441 1944 bantur,
2475 1897 2596 1936 cum
2627 1883 2886 1952 scriptum
2915 1882 2987 1936 sit
3036 1882 3089 1935 iu
3121 1895 3231 1936 uno
3285 1881 3504 1936 homine
3527 1881 3802 1951 integram

2224 1973 2392 2026 fuisse
2415 1974 2722 2028 daemonum
2759 1973 3064 2044 legionem?
3113 1971 3330 2027 Memini
3386 1984 3570 2028 autem
3604 1974 3802 2028 similia

2222 2081 2308 2121 me
2348 2065 2552 2121 dixisse
2593 2065 2756 2118 etiam
2788 2065 2844 2118 in
2879 2064 2946 2120 iis
2976 2064 3151 2131 locis,_
3178 2065 3234 2118 in
3263 2065 3458 2133 quibus
3481 2067 3798 2135 exponeba-

2219 2173 2341 2212 mus
2371 2155 2701 2212 versiculum
2733 2155 2923 2225 psalmi
2954 2157 3006 2210 in
3037 2171 3145 2226 quo
3177 2157 3441 2225 scripturn
3472 2166 3556 2212 est
3585 2159 3607 2190 ⁹
3642 2173 3658 2210 :
3693 2178 3711 2210 ς
3752 2161 3802 2212 ln

2220 2249 2498 2304 matutinis
2531 2249 2922 2305 interfieiebam
2951 2263 3144 2303 omnes
3168 2258 3490 2317 peccatores
3520 2258 3710 2313 terrae,
3746 2260 3802 2303 nt

2219 2341 2528 2410 disperdam
2563 2342 2629 2398 de
2661 2341 2885 2396 civitate
2915 2341 3124 2395 Domini
3153 2356 3345 2396 omnes
3375 2343 3468 2411 qui
3503 2353 3804 2412 aperantur

2219 2433 2583 2511 iniquitatem.
2622 2450 2640 2486 ι
2681 2433 2758 2488 Ita
2789 2434 3026 2500 denique
3062 2433 3226 2486 etiam
3260 2433 3311 2486 in
3339 2447 3499 2485 manu
3527 2433 3802 2501 justorutn

2217 2530 2379 2598 gladii
2452 2529 2719 2597 ancipites
2795 2541 2916 2582 esse
2974 2527 3260 2590 dicuntur,
3329 2524 3449 2580 sine
3497 2525 3664 2579 dubio
3708 2525 3799 2594 qui

2216 2622 2526 2678 contrarias
2562 2622 2792 2676 virtutes
2821 2621 3111 2690 perimant.
3142 2618 3280 2674 Puto
3314 2627 3496 2673 autem
3524 2618 3669 2687 quod
3706 2634 3800 2672 ve-

2216 2714 2528 2770 hementior
2558 2714 2625 2768 ad
2667 2714 2782 2768 haec
2831 2713 3110 2784 probanda
3145 2727 3264 2781 qua:
3293 2710 3535 2766 diximus
3573 2710 3802 2781 apostoli

2215 2805 2368 2861 Pauli
2399 2807 2488 2862 illa
2544 2807 2778 2878 proferri
2841 2809 3016 2878 possit
3065 2811 3331 2875 assertio,
3379 2824 3506 2865 cum
3544 2809 3680 2864 dicit
3708 2805 3798 2860 ’σε

2218 2918 2238 2951 c
2279 2898 2420 2954 Deus
2446 2912 2624 2954 autem
2649 2901 2798 2969 pacis
2829 2909 3077 2955 conterat
3105 2900 3369 2956 Satanam
3417 2902 3522 2956 sub
3567 2901 3802 2971 pedibus

2216 2991 2420 3045 vestris
2448 2991 2734 3047 velociter.
2775 3010 2796 3044 ι
2836 2990 2894 3046 Si
2926 2993 3071 3046 enim
3109 3009 3249 3047 unus
3276 3002 3359 3048 est
3385 2993 3645 3058 Satanas,
3664 3009 3799 3064 quo-

2218 3085 2380 3138 modo
2407 3094 2585 3154 potest
2615 3087 2732 3155 ipse
2761 3086 3029 3140 contritus
3057 3099 3178 3141 esse
3213 3087 3313 3142 sub
3346 3087 3575 3156 pedibus
3608 3102 3797 3141 servo-

2225 3194 2340 3231 rum
2373 3176 2490 3242 Dei,
2519 3188 2576 3232 et
2605 3177 2800 3232 iterum
2825 3178 3084 3248 operari?
3131 3177 3188 3232 Si
3219 3179 3364 3233 enim
3393 3181 3668 3236 contritus
3693 3189 3797 3242 est,

2219 3278 2275 3323 et
2303 3284 2331 3322 a
2361 3267 2471 3322 Deo
2523 3269 2815 3333 contritus,
2863 3249 3304 3340 operarbutique
3353 3269 3467 3340 (99)
3501 3271 3650 3324 ultra
3691 3286 3798 3325 non

2221 3371 2417 3430 potest.
2447 3360 2524 3416 Ne
2551 3361 2690 3415 forte
2713 3375 2841 3430 ergo
2872 3364 3005 3416 tanti
3029 3377 3150 3418 esse
3177 3363 3398 3433 putandi
3423 3364 3536 3417 sint
3556 3363 3796 3429 Satanae,

2220 3456 2408 3524 quanti
2444 3465 2570 3508 sunt
2623 3454 2719 3519 illi,
2748 3455 2840 3524 qui
2889 3465 3188 3524 operantur
3214 3469 3376 3524 opera
3413 3455 3654 3511 Satanae.
3689 3455 3798 3512 Hoc

2219 3547 2365 3602 enim
2405 3547 2535 3602 mihi
2565 3547 2779 3604 videtur
2804 3547 3041 3603 indicari
3072 3558 3128 3603 et
3162 3548 3213 3602 in
3248 3549 3551 3618 Sapientia,
3600 3550 3690 3604 ubi
3720 3551 3800 3604 di-

2220 3637 2365 3690 citur
2420 3637 2488 3701 “,
2536 3636 2661 3707 quia
2690 3655 2709 3688 ‹
2744 3637 2944 3705 impius
2996 3637 3326 3694 maledicens
3369 3638 3657 3703 Satanam,
3687 3640 3798 3709 ipse

2221 3729 2496 3787 maledicit
2515 3731 2752 3784 animam
2775 3745 2952 3785 suam.
2986 3750 3004 3784 ι
3042 3731 3152 3787 Sed
3178 3743 3233 3785 et
3264 3733 3316 3786 in
3347 3730 3534 3801 aliquo
3557 3733 3795 3801 quodam

2219 3822 2423 3892 libello,
2453 3823 2544 3894 qui
2597 3823 2902 3894 appellatur
2953 3823 3345 3879 Testamentum
3398 3826 3677 3879 duodecim
3701 3843 3794 3894 pa-

2219 3919 2598 3984 triarcharum,
2624 3918 2874 3988 quamvis
2902 3931 3010 3972 non
3039 3917 3303 3973 habeatur
3330 3919 3385 3973 in
3449 3933 3683 3986 canone,
3719 3926 3802 3998 ta-I

2218 4009 2322 4064 lem
2363 4018 2544 4064 tamen
2573 4011 2870 4079 quemdam
2906 4024 3125 4065 sensum
3158 4011 3497 4076 invenimus',
3527 4012 3674 4080 quod
3704 4025 3794 4080 per

2217 4101 2468 4170 singulos
2495 4112 2784 4170 peccantes
2801 4102 2998 4171 singuli
3029 4101 3249 4158 Satanae
3275 4103 3504 4174 intelligi
3539 4105 3794 4158 debeant.

2219 4192 2537 4248 Evidentius
2565 4202 2746 4248 autem
2773 4204 2830 4248 et
2859 4193 2976 4262 ipsa
3013 4193 3250 4249 nominis
3296 4193 3416 4263 ejus
3465 4195 3791 4263 interpreta-

2220 4286 2312 4350 tio,
2342 4285 2483 4341 sicut
2509 4286 2734 4341 studiosi
2763 4287 3116 4342 Hebraeorum
3151 4289 3391 4352 tradunt,
3421 4286 3528 4342 hoc
3557 4288 3699 4341 idem
3719 4287 3792 4342 si-

2218 4376 2479 4446 gniﬁcare
2503 4377 2741 4432 videtur.
2774 4376 3003 4434 Satanas
3031 4393 3264 4448 namque
3287 4379 3626 4433 adversarius
3651 4380 3792 4435 dici-

531 4466 608 4522 sit
673 4467 822 4522 illum
869 4468 1142 4536 spiritum,
1180 4468 1272 4537 qui
1323 4469 1392 4523 ab
1434 4469 1526 4525 illo
1563 4481 1752 4528 sancto
1806 4473 1983 4530 victus
2010 4488 2118 4547 est,
2151 4492 2196 4547 ι)
2225 4477 2332 4522 tur.
2359 4469 2562 4524 Omnes
2611 4483 2741 4540 ergo
2796 4470 2885 4539 qui
2924 4470 3288 4525 adversantur
3344 4470 3440 4524 Dei
3502 4470 3790 4533 voluntati.

531 4561 850 4632 impugnare
919 4562 1117 4616 iterum
1184 4563 1350 4616 alium
1427 4563 1748 4631 hominem;
1818 4567 1913 4622 sed
1980 4569 2116 4628 sicut

2222 4558 2440 4613 Satanae
2467 4568 2698 4629 possunt
2720 4559 2845 4615 dici.
2872 4558 2996 4615 Haec
3022 4574 3154 4630 ergo
3183 4560 3420 4614 diximus
3444 4575 3542 4630 pro
3563 4575 3628 4615 eo
3649 4560 3788 4629 quod

531 4651 610 4708 illi
660 4653 905 4723 spiritus,
949 4653 1040 4722 qui
1079 4653 1346 4723 rogabant
1404 4651 1586 4709 Jesum
1637 4669 1706 4712 ne
1754 4657 1809 4712 in
1861 4659 2120 4731 abyssum

533 4747 888 4800 mitterentur
942 4747 1000 4812 ",
1051 4745 1197 4815 quod
1251 4761 1395 4801 nunc
1443 4747 1657 4802 interim
1714 4749 1972 4808 Dominus
2022 4769 2121 4824 pro

534 4842 796 4912 praesenti
844 4842 1255 4912 dispensatione
1303 4843 1616 4909 concessit;
1669 4846 1744 4899 ita
1776 4861 2119 4919 consequens

530 4932 793 4997 videtur,
853 4931 994 4999 quod
1044 4931 1243 5000 singuli
1320 4934 1524 5002 quique
1586 4949 1820 4996 nequam
1892 4940 2119 5009 spiritus

532 5036 656 5077 cum
695 5025 990 5078 vincuntur
1036 5039 1066 5079 a
1116 5025 1342 5091 sanctis,
1389 5025 1474 5082 vel
1537 5027 1592 5081 in
1641 5027 1891 5098 abyssum
1945 5031 2025 5083 vel
2063 5031 2120 5084 in

2219 4655 2481 4724 scriptum
2513 4663 2598 4710 est
2626 4653 2692 4719 ι’,
2723 4670 2745 4706 ‹
2780 4654 2904 4723 quia
2951 4651 3282 4710 confortavit
3322 4653 3582 4707 Dominus
3625 4653 3784 4707 corda

2218 4763 2408 4804 eorum
2457 4757 2518 4802 ut
2569 4747 2782 4802 exirent
2838 4747 2904 4801 ad
2941 4746 3185 4816 praelium
3244 4755 3430 4800 contra
3478 4743 3666 4811 Israel,
3729 4753 3784 4796 ut

2218 4841 2737 4895 exterminarentur.
2777 4859 2796 4891 ι
2832 4840 3032 4895 Beatus
3063 4853 3196 4909 ergo
3221 4849 3305 4894 est
3340 4838 3431 4906 qui
3475 4837 3782 4891 indesinen-

2219 4941 2300 4984 ter
2330 4927 2626 4996 spiritalem
2652 4929 2974 4983 maehaeram
3017 4937 3229 4995 tenens,
3263 4943 3370 4981 non
3400 4925 3577 4981 aufert
3606 4939 3724 4979 eam
3751 4937 3778 4974 a

2219 5021 2520 5078 cervicibus
2549 5022 2739 5076 horum
2774 5022 3038 5089 hostium,
3068 5023 3135 5078 de
3170 5021 3367 5090 quibus
3399 5019 3645 5090 superius
3673 5033 3781 5070 meo

601 5195 623 5233 '
653 5199 844 5257 Matth.
870 5218 988 5259 vui.
1062 5205 1084 5237 ³
1117 5203 1246 5259 Luc.
1285 5220 1402 5269 vni,
1429 5202 1518 5258 30.
1591 5203 1612 5235 ⁰
1641 5202 1782 5257 Psal.
1814 5218 1888 5269 ci,
1929 5203 1982 5258 8.
2063 5206 2107 5238 ¹⁶
2131 5207 2292 5263 Rom.
2329 5203 2557 5271 “1,20.
2634 5205 2675 5236 ²¹
2709 5204 2856 5260 Eccl.
2889 5221 3006 5271 xxi,
3033 5205 3123 5259 50.
3199 5205 3243 5235 "
3274 5202 3392 5260 Jos.
3429 5219 3508 5269 ιι,
3539 5202 3630 5258 20.

607 5314 718 5400 (92)
752 5316 879 5400 Mss.
933 5336 952 5371 ι
982 5325 1037 5374 et
1081 5320 1126 5373 si
1169 5321 1408 5377 eveniat.
1441 5339 1459 5372 ι
1514 5317 1673 5374 Libb.
1720 5317 1874 5383 editi,
1915 5337 1932 5369 ι
1968 5330 2022 5374 et
2057 5321 2100 5374 si

532 5399 799 5443 inveniat.
829 5405 848 5442 ι

567 5457 717 5539 “(95)
771 5460 902 5516 Mss.
945 5459 1076 5516 «vel
1127 5459 1182 5514 in
1223 5460 1366 5516 aliis.
1407 5479 1425 5515 ι
1475 5460 1596 5517 Lib.
1647 5456 1814 5522 editi,
1874 5475 1892 5508 (
1941 5467 1997 5513 et
2047 5459 2099 5513 in

532 5528 904 5671 “itﬁuium.
930 5601 1103 5666 editi,
1154 5620 1172 5654 ‹
1209 5614 1440 5671 pugnam
1483 5615 1603 5657 ⁸⁵⁸⁸
1643 5599 1803 5657 “bis
1841 5597 2098 5655 ⁰¹¹¹⁰⁵¹³¹¹³

533 5671 746 5724 scribit.
781 5670 982 5727 Tamen
1017 5687 1139 5727 reor
1176 5670 1443 5727 omnium.
1478 5692 1496 5724 ι

601 5741 716 5812 (95)
765 5742 884 5798 Duo
919 5758 1049 5800 mss.
1083 5743 1473 5809 Ebroieenses,
1513 5761 1531 5796 ι
1562 5743 1710 5800 velut
1737 5757 1908 5815 equos
1937 5741 2100 5816 pluri-

2214 5337 2354 5376 mos.
2386 5339 2405 5373 ι

2287 5390 2402 5462 (96)
2451 5389 2652 5446 Omnes
2706 5390 3059 5462 manuscripti
3089 5431 3107 5457 ,
3161 5410 3180 5444 ι
3221 5392 3555 5447 sinerentur.
3594 5409 3614 5444 ι
3661 5389 3774 5444 Lib.

2210 5463 2366 5522 editi,
2397 5482 2414 5509 ι
2458 5465 2771 5516 liltirentur.
2810 5481 2829 5514 ι

2279 5531 2393 5602 (97)
2422 5531 2545 5602 _Duo
2570 5532 2954 5596 Ebroicenses,
2997 5549 3016 5583 ‹
3048 5533 3254 5602 vagari.
3286 5553 3307 5587 ι

2273 5600 2386 5672 (98)
2418 5600 2604 5672 iidem,
2643 5620 2662 5654 t
2693 5603 2992 5657 habitabat.
3017 5623 3034 5655 ι
3077 5600 3232 5659 Libb.
3266 5604 3427 5670 editi,
3465 5603 3727 5658 thabitat.
3754 5617 3773 5649 ι

2270 5669 2390 5798 (θεὲ
2414 5669 2604 5741 Utique
2658 5674 2809 5755 deest
2857 5675 2910 5729 in
2959 5673 3090 5732 libb.
3136 5676 3320 5742 editis,
3365 5669 3459 5731 sed
3501 5683 3676 5730 exstat
3728 5673 3776 5724 in

2201 5756 2307 5798 ms.
2386 5757 2828 5798 anaermanensi.

2291 5776 2307 5798 .
2342 5745 2828 5814 Sangermanensi.
