4050 6148
277 181 394 242 905

1282 179 1350 237 IN
1389 179 1648 236 LIBRUM
1688 180 1852 240 JESU
1893 181 2084 238 NAVE
2122 178 2405 239 HOMILIA
2446 183 2585 239 XVI.

3305 168 3352 179 κη

3430 189 3536 242 91³0

280 300 646 364 moravimus,
701 297 850 354 sicut
894 306 948 351 et
992 295 1258 353 .Icretnias
1304 301 1565 368 propheta
1610 300 1741 354 dicit
1775 300 1820 330 ¹³
1854 315 1867 351 :
1901 302 1949 361 Α
1976 315 2043 354 eo
2067 303 2421 370 appellantur,
2451 302 2592 372 quod
2622 300 2919 370 longaevam
2953 301 3203 358 duxerint
3231 303 3414 373 vitam,
3445 309 3538 361 sed

285 413 314 447 ι
348 391 663 448 Maledictus
690 390 852 444 homo
881 387 973 456 qui
1000 388 1128 441 facit
1154 403 1314 458 opera
1350 390 1556 442 Domini
1592 388 1864 458 negligen-

282 497 394 548 ter,
419 495 471 540 et
495 483 675 537 aufert
701 483 1022 536 machaeram
1050 496 1204 534 suam
1238 498 1266 534 a
1304 481 1568 551 sanguine
1612 480 1862 535 inimico-

282 593 435 634 rum.
469 595 488 628 ι
517 574 632 630 Hoc
655 574 700 628 si
729 572 1026 627 secundum
1061 571 1298 626 litteram
1336 571 1722 642 intelligamus,
1771 583 1865 623 ue-

279 685 443 728 cesse
503 668 611 724 erit
658 681 758 723 nos
816 665 1187 720 indesinenter
1249 663 1566 732 sanguinem
1615 661 1861 716 fundere.

281 764 443 833 Quod
473 761 645 817 Judaei
701 768 960 828 putantes
986 758 1078 828 qui
1132 772 1196 810 ex
1253 756 1462 826 integro
1499 769 1628 810 caro
1656 762 1781 808 sunt
1811 761 1866 808 et

281 856 537 926 sanguis,
597 851 848 908 crudeles
879 858 935 904 et
980 848 1346 916 implacabiles
1411 847 1567 909 ﬁunt,
1622 845 1862 900 dicentes

283 946 728 1004 maledictiouetu
764 943 998 1013 positam
1027 955 1148 994 esse
1178 941 1261 1004 iis,
1292 940 1382 1010 qui
1414 955 1444 993 a
1494 942 1758 1009 sanguine
1783 939 1867 994 ef-

284 1039 564 1097 fundendo
591 1037 949 1100 cessaverint,
976 1046 1033 1088 et
1064 1034 1185 1087 ideo
1234 1035 1396 1102 pedes
1444 1047 1630 1088 eorum
1657 1033 1868 1088 veloces

285 1143 420 1189 sunt
441 1133 508 1187 ad
538 1130 920 1186 edundendum
949 1130 1288 1196 sanguinem.
1317 1125 1425 1181 Sed
1469 1127 1573 1182 illis
1610 1127 1864 1196 hujusce-

288 1225 442 1280 modi
471 1222 848 1294 intelligentia,
894 1222 1020 1291 quia
1073 1235 1203 1275 caro
1239 1229 1296 1273 et
1336 1220 1561 1296 sanguis
1615 1229 1762 1285 sunt,
1788 1218 1868 1270 vi-

288 1322 534 1383 deatur;
595 1317 730 1372 mihi
786 1324 967 1369 autem
1021 1321 1244 1382 praestet
1297 1314 1557 1368 Dominus
1594 1326 1864 1381 nunquam

286 1410 566 1480 negligere
593 1422 759 1478 Opera
785 1405 1017 1464 Domini,
1046 1417 1145 1456 nec
1170 1402 1387 1458 auferre
1416 1403 1715 1472 spiritalem
1753 1401 1870 1472 gla-

289 1503 441 1559 dium
465 1500 612 1555 verbi
651 1499 740 1554 Dei
773 1514 804 1553 a
840 1501 1108 1567 sanguine
1154 1497 1552 1552 contrariarum
1583 1495 1868 1558 virtutum,

286 1604 352 1648 et
381 1592 706 1647 mortificat-e
728 1605 820 1645 eas
849 1590 903 1643 in
951 1604 1280 1658 unoquoque
1310 1588 1637 1642 auditorum.
1698 1585 1871 1640 Inter-

1974 408 2074 462 pro
2099 396 2414 448 maturitate
2455 410 2646 449 sensus
2671 404 2724 448 et
2769 394 3036 463 gravitate
3078 395 3202 451 vita:
3231 403 3540 455 veneranda

1975 484 2078 539 hac
2102 485 2463 556 appellatione
2513 485 2857 548 decorentur,
2909 486 3142 542 maxime
3163 503 3284 542 cum
3324 490 3542 546 additur

1975 575 2039 629 ad
2079 577 2447 648 presbyterum
2492 591 2676 632 sermo
2723 579 2824 633 iste
2861 579 2951 648 qui
3002 582 3266 649 sequitur,
3300 599 3320 632 ι
3355 582 3545 652 plenus

1975 667 2208 724 dierum.
2245 688 2266 720 ι
2298 668 2355 724 Si
2384 669 2526 724 enim
2567 670 2665 724 avi
2696 669 3004 739 prolixitate
3041 672 3407 743 appellandus,
3449 679 3542 747 qui

1974 760 2281 831 presbyter,
2311 759 2392 815 vel
2433 761 2614 816 senior
2659 762 2954 822 videretur.
2987 777 3146 832 quem
3179 768 3352 836 magis
3377 783 3542 837 opor-

1979 852 2125 906 tebat
2171 853 2332 906 alium
2388 854 2489 907 hoc
2542 855 2760 908 nomine
2813 855 3047 918 censeri,
3105 870 3264 924 quam
3306 859 3543 927 primum

1975 947 2169 1012 Adam,
2197 950 2279 1002 vel
2309 958 2456 1004 certe
2494 949 2870 1014 Mathusalem,
2919 959 3012 1003 aut
3051 949 3184 1015 Noe,
3233 955 3324 1020 qui
3355 955 3545 1026 utique

1975 1039 2131 1110 longe
2154 1041 2400 1110 pluribus
2427 1041 2502 1111 (5)
2533 1055 2696 1110 quam
2731 1041 2910 1096 caeteri
2940 1042 3098 1097 annis
3131 1044 3182 1096 in
3213 1046 3316 1098 hoc
3344 1049 3546 1104 mundo

1975 1131 2177 1186 vixisse
2207 1132 2588 1186 declarantur?
2635 1131 2741 1188 Sed
2774 1148 2919 1187 nunc
2968 1134 3250 1190 videamus
3304 1140 3447 1205 quod
3477 1155 3544 1193 ex

1976 1224 2084 1279 illis
2111 1225 2326 1292 quidem
2354 1223 2518 1296 436
2552 1225 2728 1280 nullus
2781 1225 3017 1280 refertur
3048 1241 3076 1280 a
3108 1225 3391 1296 Scriptura
3421 1245 3548 1299 prc-

1977 1317 2164 1386 shyter
2189 1324 2283 1369 aut
2320 1318 2504 1371 senior
2551 1317 2870 1386 appellatus,
2903 1319 2996 1372 sed
3029 1318 3074 1373 is
3116 1319 3208 1387 qui
3236 1319 3392 1390 longe
3423 1323 3549 1377 bre-

1977 1409 2144 1464 vioris
2187 1410 2447 1478 temporis
2494 1409 2658 1463 vitam
2689 1409 2863 1469 duxit.
2897 1409 3101 1479 primus
3130 1409 3184 1463 in
3249 1411 3548 1480 Scripturis

1976 1500 2181 1555 sanctis
2225 1499 2496 1553 Abraham
2543 1501 2848 1569 presbyter,
2897 1500 2978 1554 vel
3013 1501 3195 1555 senior
3221 1503 3545 1570 appellatur.

1980 1591 2188 1645 Dictum
2219 1599 2303 1645 est
2345 1591 2508 1645 etiam
2539 1592 2607 1646 ad
2636 1589 2852 1662 Moysen
2904 1607 2934 1645 a
2973 1590 3203 1646 Domino
3233 1592 3310 1648 “z
3345 1613 3364 1646 ‹
3399 1595 3551 1665 Elige

291 1686 554 1742 ﬁciuntur
583 1693 764 1737 autem
794 1683 848 1737 in
878 1681 1034 1738 vobis
1063 1682 1135 1736 ita
1165 1681 1405 1744 demum,
1454 1679 1500 1733 si
1555 1678 1641 1733 ltis
1670 1678 1872 1732 auditis
1905 1663 1947 1723 Β
1979 1683 2076 1736 tibi
2113 1684 2181 1737 ab
2204 1683 2347 1736 omni
2377 1682 2574 1752 populo
2595 1684 2968 1754 presbyteros,
3000 1699 3135 1754 quos
3163 1691 3217 1738 tu
3253 1689 3392 1742 nosti
3418 1663 3550 1758 quia

286 1792 482 1834 earum
507 1791 673 1844 opera
708 1790 814 1829 non
847 1774 1041 1842 agatis.

366 1869 416 1922 7.
448 1868 654 1924 Dicitur
689 1879 870 1921 autem
903 1867 956 1920 in
984 1866 1444 1936 consequentibus
1479 1865 1544 1930 η’,
1570 1863 1696 1933 quia
1730 1882 1749 1914 ι
1783 1877 1872 1918 ce-

287 1961 374 2032 pit
404 1959 562 2016 Jesus
587 1975 806 2016 omnem
838 1968 1058 2022 terram,
1092 1960 1235 2012 sicut
1278 1958 1556 2012 mandavit
1606 1955 1872 2011 Dominus

293 2053 488 2123 Moysi.
529 2071 550 2104 ι
582 2053 676 2107 Ille
701 2051 861 2107 Jesus
897 2051 1037 2106 filius
1067 2049 1237 2115 Nave,
1287 2065 1392 2104 non
1428 2050 1584 2103 video
1613 2049 1755 2118 quod
1783 2063 1874 2103 ce-

293 2145 437 2215 perit
462 2159 678 2199 omnem
738 2154 962 2200 terram.
1009 2145 1279 2212 Quantum
1312 2143 1455 2197 enim
1513 2151 1672 2196 terrae
1703 2141 1867 2208 cepit,

291 2237 387 2306 qui
414 2236 656 2292 Iudaeam
696 2237 869 2290 tenuit
897 2236 1109 2292 solam?
1152 2233 1347 2288 Noster
1375 2245 1550 2286 autent
1616 2233 1874 2285 Dominus

295 2329 453 2386 Iesus
486 2331 600 2398 ipse
624 2344 752 2384 vere
773 2332 919 2400 cepit
943 2344 1157 2383 omnem
1189 2337 1413 2386 terram,
1459 2327 1510 2378 in
1545 2341 1608 2379 eo
1636 2324 1779 2393 quod
1808 2338 1874 2377 ex

291 2422 438 2477 omni
467 2431 635 2485 terra,
667 2430 832 2490 atque
884 2436 950 2475 ex
972 2420 1225 2474 omnibus
1258 2417 1588 2480 nationibus,
1645 2417 1710 2469 ad
1751 2429 1873 2469 eum

291 2513 573 2569 concurrit
598 2513 935 2569 credentium
968 2514 1045 2583 (1)
1081 2509 1392 2568 multitudo.
1426 2509 1656 2562 Additur
1705 2507 1872 2561 etiam

294 2616 417 2676 post
456 2605 574 2660 haec
614 2613 961 2674 posteaquam
988 2618 1206 2659 omnem
1262 2613 1462 2658 terram
1497 2601 1642 2669 cepit
1671 2598 1872 2658 Jesus:

299 2715 320 2749 ‹
352 2696 418 2754 Et
445 2699 732 2767 requievit,
759 2697 1028 2768 inquit”,
1068 2707 1213 2751 terra
1265 2711 1294 2750 a
1343 2695 1517 2750 bellis.
1556 2713 1574 2746 ›
1606 2693 1717 2750 Hoc
1739 2710 1875 2765 quo-

297 2790 459 2846 modo
482 2805 608 2845 vere
632 2790 904 2845 videbitur
939 2791 1046 2846 dici
1077 2790 1144 2844 de
1170 2787 1281 2842 lilio
1316 2785 1478 2852 Nave,
1523 2789 1648 2856 quia
1693 2802 1876 2845 cessa-

297 2885 376 2940 vit
433 2896 576 2940 tet‘ra
622 2900 653 2940 a
696 2885 875 2951 bellis,
921 2902 1039 2953 qua:
1087 2899 1364 2953 nunquam
1393 2881 1505 2938 fere
1543 2884 1876 2952 temporibus

297 2975 414 3047 eius
442 2977 675 3032 cessavit
720 2993 751 3031 a
798 2977 997 3032 bellis?
1028 2978 1134 3032 Sed
1185 2978 1286 3031 hoc
1313 2975 1619 3045 completur
1664 2977 1714 3030 in
1760 2976 1876 3031 solo

300 3068 535 3124 Domino
561 3083 680 3123 meo
725 3067 849 3124 Jesn
879 3068 1118 3125 Christo.
1177 3066 1234 3122 Si
1286 3068 1431 3122 enim
1481 3068 1796 3122 consideres
1826 3079 1878 3123 te

297 3163 389 3231 qui
418 3162 612 3218 venisti
661 3162 728 3216 ad
779 3160 984 3223 Jesutn,
1017 3161 1166 3214 etab
1206 3174 1270 3212 eo
1317 3173 1414 3228 per
1463 3158 1720 3227 baptismi
1750 3173 1877 3228 gra-

303 3259 459 3321 tiam,
490 3257 866 3311 remissionem
921 3263 1248 3310 consecutus
1287 3268 1347 3308 es
1395 3263 1776 3322 peccatorum,
1821 3259 1878 3307 et

293 3350 406 3420 jam
456 3349 510 3403 in
558 3360 610 3402 te
646 3363 748 3401 non
781 3357 988 3417 pugnat
1031 3361 1158 3401 caro
1195 3346 1459 3399 adversus
1502 3345 1774 3414 spiritum,
1823 3353 1881 3400 et

298 3442 527 3510 spiritus
557 3441 819 3494 adversus
869 3452 1111 3496 carnem,
1141 3435 1380 3491 cessavit
1422 3434 1499 3504 l2)
1547 3443 1688 3489 terra
1731 3445 1820 3488 tua
1846 3450 1878 3490 a

298 3534 455 3590 bellis
493 3550 518 3602 :V
543 3533 584 3588 si
615 3541 793 3585 tamen
842 3538 1073 3583 mortem
1124 3526 1251 3583 Jesu
1303 3526 1505 3582 Cltristi
1551 3526 1605 3580 in
1648 3541 1881 3594 corpore

301 3625 809 3686 tuo.eircumferas,
860 3624 932 3677 ita
968 3621 1392 3689 tttcessantibus
1434 3623 1486 3674 in
1523 3630 1576 3675 te
1625 3620 1880 3674 omnibus

300 3719 504 3790 praeliis
531 3717 784 3772 etIiciaris
812 3715 1093 3786 pacificus,
1133 3722 1187 3767 et
1215 3713 1360 3768 [ilius
1392 3713 1484 3766 Dei
1510 3712 1744 3767 voceris.
1772 3711 1878 3764 Sed

302 3815 407 3868 hoc
433 3812 528 3866 ﬁet
554 3820 906 3881 posteaquam
938 3807 1075 3863 bella
1106 3807 1458 3875 transegeris,
1512 3815 1567 3859 et
1617 3806 1880 3858 adversa-

302 3907 414 3960 rios
438 3905 656 3959 viceris.
684 3903 838 3956 Tunc
864 3899 961 3954 tibi
985 3899 1205 3954 dabitur
1228 3899 1460 3966 requies,
1487 3906 1545 3950 ut
1569 3897 1880 3964 requiescas

303 3997 405 4053 sub
434 3999 546 4052 vite
573 4008 685 4062 tua,
709 3995 800 4064 qui
830 4003 916 4048 est
935 3990 1188 4046 Christus
1207 3989 1386 4055 .Iesus,
1411 4000 1468 4043 et
1505 3991 1604 4043 sub
1631 3988 1736 4041 ficu
1765 3999 1879 4052 tua,

306 4090 396 4157 qui
439 4099 523 4143 est
562 4087 797 4157 Spiritus
837 4096 1078 4150 sanctus,
1107 4094 1167 4137 ut
1203 4084 1274 4136 ita
1318 4081 1520 4149 gratias
1545 4079 1749 4134 referas
1771 4081 1882 4134 Deo

305 4181 452 4236 Patri
477 4180 836 4248 omnipotenti
876 4179 930 4233 in
976 4179 1092 4247 ipso
1116 4175 1332 4230 Christo
1373 4171 1500 4226 .Iesu
1528 4172 1754 4226 Domino
1783 4186 1881 4224 no-

306 4285 442 4337 stro,
496 4273 584 4327 cui
612 4281 692 4327 est
718 4271 887 4340 gloria
923 4281 978 4326 et
1002 4267 1286 4338 imperium
1327 4263 1407 4334 (5)
1443 4263 1499 4317 in
1548 4263 1744 4317 stecula
1779 4278 1881 4318 ste-

306 4367 568 4421 culorutu.
596 4365 791 4420 Amen.

861 4451 1143 4508 IIOMILIA
1180 4450 1320 4504 XVI.

310 4551 383 4606 De
404 4568 464 4606 eo
487 4555 625 4622 quod
649 4548 904 4616 scriptum
927 4555 1024 4609 est,
1041 4566 1058 4622 ς
1077 4544 1305 4622 Etde‘sus
1330 4548 1439 4620 erat
1465 4536 1748 4605 presbyter,
1782 4533 1878 4622 hoc

374 4633 447 4676 est
473 4607 648 4675 s'enior
673 4630 717 4672 et
749 4607 1018 4685 provectus
1042 4619 1092 4666 in
1121 4616 1304 4667 diebus
1351 4611 1581 4685 suismet
1617 4607 1878 4685 quomodo

376 4674 654 4746 lum-editas
704 4674 794 4757 per
839 4686 1051 4756 Moysen
1078 4690 1202 4737 data
1244 4693 1315 4735 cs:
1348 4683 1548 4733 duabus
1590 4674 1744 4730 semis
1778 4674 1879 4728 tri-

378 4763 541 4817 bubus
569 4761 667 4832 (τί).

378 4857 429 4910 1.
465 4856 640 4908 Etiam
670 4861 795 4906 ante
828 4867 924 4905 nos
957 4851 1174 4918 quidam
1221 4850 1575 4900 observantes
1618 4847 1879 4895 notarunt

313 4946 365 5002 in
395 4946 714 5017 Scripturis,
748 4943 874 5013 quia
924 4938 1252 5010 presbyteri,
1297 4937 1383 4990 vel
1408 4934 1650 4990 seniores
1680 4948 1784 4986 non
1815 4944 1879 4983 ex

383 5109 425 5143 “
474 5107 586 5165 Jer.
623 5121 811 5168 λινιιι,
852 5103 934 5158 10.
1013 5099 1197 5154 ³⁸108.
1244 5114 1321 5160 xt,
1351 5097 1441 5151 25.
1523 5093 1565 5124 ¹⁵
1617 5092 1748 5148 ibid.

385 5270 686 5344 (1)0mnes
743 5282 900 5332 mss.,
956 5282 975 5315 ι
1037 5259 1395 5319 credentium.
1454 5275 1472 5308 ι
1516 5252 1674 5308 Libb.
1727 5249 1878 5314 editi,

319 5363 342 5397 ι
375 5345 637 5416 gentium.
671 5360 688 5392 ι
1165 5405 1197 5416 ,Δ
1311 5399 1330 5416 π
1357 5400 1389 5416 η
1414 5396 1443 5416 ιλ
1524 5391 1648 5416 ΔΑΜ

385 5391 690 5481 iii-Dinnes
734 5427 889 5477 mss.,
921 5428 940 5462 ‹
971 5405 1227 5464 cessavit.
1259 5421 1277 5454 ›
1309 5396 1471 5454 Libb.
1520 5391 1673 5458 editi,
1710 5409 1730 5442 ι
1765 5405 1886 5446 ees-

320 5497 475 5626 εϐῗὲι).
499 5506 628 5611 ἐοει
663 5572 683 5605 ‹
721 5553 1006 5620 imperium
1038 5569 1056 5602 ι
1087 5561 1227 5603 unus
1249 5542 1420 5600 codex
1446 5534 1666 5593 Ebroic.
1695 5531 1879 5589 addit:

326 5643 346 5680 ι
385 5642 500 5679 (ιυιιι
539 5627 741 5696 Spiritu
771 5634 980 5696 sancto.
1023 5640 1041 5670 ι

388 5673 898 5769 (ifsi'anbhiodb'
929 5673 1209 5745 Itozreditas
1241 5701 1332 5750 per
1368 5680 1586 5749 Moysen
1639 5673 1768 5727 data
1805 5679 1883 5726 eu

685 5791 956 5849 Pt'raor.
992 5786 1111 5845 Gtt.
1163 5779 1299 5842 XII.

1827 5089 1869 5120 ⁸⁸
1907 5086 2064 5141 Num.
2098 5097 2174 5138 xi.
2211 5079 2297 5135 16.

1981 1775 2278 1844 presbyteri
2305 1787 2452 1832 sunt.
2496 1792 2515 1825 ι
2552 1773 2661 1830 Sed
2685 1775 2912 1829 observa
2947 1778 3110 1830 etiam
3139 1785 3220 1842 tu,
3251 1791 3284 1831 ο
3311 1782 3549 1848 auditor,

1981 1865 2035 1920 in
2058 1867 2204 1921 omni
2235 1866 2542 1936 Scriptura,
2575 1867 2750 1922 sicubi
2775 1867 3023 1923 invenire
3047 1883 3199 1939 petes
3230 1872 3550 1940 appellatin-

1980 1975 2104 2016 nem
2142 1961 2282 2017 hanc
2311 1961 2496 2015 senior
2525 1968 2582 2013 et
2613 1958 2800 2028 plenus
2838 1961 3068 2027 dierum,
3131 1963 3358 2031 positam
3389 1981 3552 2035 super

1980 2051 2160 2121 aliquo
2186 2059 2494 2120 peccatore.
2528 2047 2682 2103 Nunc
2714 2064 2845 2119 ergo
2868 2052 3043 2105 sancti
3074 2051 3312 2122 Spiritus
3345 2070 3444 2109 vox
3469 2064 3550 2109 est

1979 2143 2387 2214 pronuntiantis
2435 2141 2624 2196 Jesum
2667 2143 3070 2212 presbyterum,
3130 2145 3215 2198 vel
3254 2146 3548 2209 seniorem.

1980 2245 2034 2291 et
2071 2244 2386 2303 provectum
2420 2235 2472 2288 in
2507 2234 2718 2289 diebus.
2754 2233 2829 2289 Ita
2863 2236 3007 2290 enim
3037 2235 3171 2290 dicit
3203 2236 3244 2268 ¹⁷
3289 2255 3303 2291 :
3341 2257 3360 2289 ‹
3392 2237 3550 2294 Jesus

1980 2328 2125 2382 enim
2163 2337 2303 2394 erat,
2353 2327 2550 2395 inquit,
2601 2325 2903 2398 presbyter,
2956 2327 3039 2382 vel
3067 2332 3250 2385 senior
3272 2339 3328 2385 et
3355 2345 3548 2399 prove-

1981 2427 2098 2475 ctus
2125 2420 2354 2473 dierum.
2389 2418 2589 2486 rQuod
2642 2419 2828 2488 utique
2850 2419 2915 2473 de
2967 2430 3258 2488 peccatore
3302 2422 3404 2477 dici
3441 2437 3548 2478 non

1981 2520 2216 2581 poterat,
2248 2511 2376 2581 quia
2426 2520 2682 2581 peccator
2726 2527 2829 2566 non
2862 2520 2948 2566 est
2976 2524 3267 2582 provectus
3313 2513 3550 2573 dierum.

1982 2603 2098 2659 Non
2130 2605 2273 2659 enim
2300 2618 2359 2658 se
2386 2603 2636 2660 extendit
2660 2603 2726 2659 ad
2751 2617 2812 2659 ea
2842 2619 2963 2673 qua:
2995 2613 3121 2659 ante
3146 2613 3272 2659 sunt
3296 2605 3393 2677 (6),
3415 2605 3554 2661 obli-

1981 2698 2200 2753 viscens
2232 2713 2294 2752 ea
2332 2713 2453 2767 quae
2497 2707 2801 2753 retrorsum
2852 2708 3002 2768 sunt,
3043 2700 3134 2754 sed
3161 2714 3376 2766 semper
3404 2713 3553 2757 retro

1984 2787 2340 2854 convertitur,
2371 2798 2426 2842 et
2455 2787 2521 2842 ad
2548 2788 2806 2842 vomitum
2831 2804 2987 2842 suum
3022 2789 3178 2854 redit,
3214 2800 3267 2845 et
3297 2791 3417 2846 ideo
3445 2807 3550 2845 non

1983 2888 2140 2949 aptus
2163 2888 2246 2934 est
2275 2894 2441 2950 regno
2473 2879 2759 2935 caelorum.
2793 2880 2890 2947 Qui
2927 2893 3106 2937 autem
3134 2899 3346 2953 semper
3378 2884 3454 2956 (7)
3483 2886 3551 2938 ad

1981 2972 2164 3041 priora
2199 2973 2535 3038 extenditur,
2564 2982 2616 3027 et
2650 2974 2716 3025 ad
2767 2973 3154 3041 perfectionem
3207 2976 3399 3042 fertur,
3449 2977 3554 3032 iste

1983 3074 2272 3135 provectus
2324 3074 2408 3118 est
2441 3065 2496 3118 in
2528 3066 2718 3120 diebus
2766 3066 2899 3120 suis.
2954 3067 3019 3120 Et
3060 3084 3202 3124 nunc
3245 3083 3375 3139 ergo
3420 3070 3553 3125 dicit

1983 3157 2244 3211 Dominus
2276 3157 2340 3211 ad
2373 3155 2556 3212 Jesum
2589 3158 2634 3189 ³⁸
2669 3179 2681 3212 :
2717 3175 2736 3208 σ
2772 3158 2849 3211 Ttt
2879 3169 3168 3228 provectus
3197 3176 3254 3216 es
3279 3163 3333 3216 itt
3362 3162 3555 3218 diebus

1981 3248 2108 3303 tuis.
2144 3265 2164 3298 ι
2197 3245 2394 3301 Nescio
2417 3260 2516 3316 ego
2547 3248 2592 3301 si
2626 3248 2678 3300 in
2718 3249 2820 3302 hoc
2860 3247 2979 3302 loco
3018 3248 3146 3303 illud
3199 3258 3374 3319 potest
3401 3251 3554 3306 vide-

1981 3339 2051 3404 ri,
2075 3340 2200 3408 quia
2229 3339 2332 3394 hoc
2377 3339 2597 3394 dicebat
2647 3339 2907 3394 Dominus
2963 3341 3028 3394 ad
3079 3340 3287 3406 Jesum,
3321 3344 3461 3413 quod
3486 3344 3556 3399 de

1983 3441 2140 3487 aetate
2163 3432 2280 3502 ejus
2308 3431 2466 3486 senili
2511 3447 2701 3487 omnes
2731 3433 3012 3498 videbant,
3063 3442 3119 3488 et
3172 3447 3361 3490 omnes
3389 3451 3557 3490 nove-

1985 3534 2130 3580 rant.
2159 3525 2228 3581 Et
2253 3540 2373 3593 quae
2395 3534 2523 3579 sunt
2552 3534 2659 3578 tam
2697 3540 2891 3595 magna
2927 3540 3179 3594 responsa
3217 3530 3317 3582 ista
3347 3530 3553 3594 divina,

1982 3633 2102 3686 quae
2125 3617 2434 3672 hominibus
2470 3617 2810 3680 deferuntur,
2859 3628 2916 3670 ttt
2959 3619 3142 3675 dicant
3173 3623 3286 3676 seni
3328 3623 3555 3691 homini,

1982 3712 2108 3780 quia
2143 3726 2306 3764 senex
2335 3725 2416 3770 es.
2452 3711 2595 3778 quod
2629 3725 2817 3764 omnes
2844 3710 3117 3777 videbant,
3149 3723 3205 3767 et
3241 3729 3436 3771 omnes
3460 3733 3560 3772 tte-

1983 3804 2210 3858 verant?
2240 3805 2346 3858 Sed
2384 3803 2514 3856 tnihi
2563 3801 2775 3856 videtur
2819 3818 3076 3869 magnum
3137 3804 3355 3873 aliquod
3393 3810 3556 3862 testi-

1985 3897 2225 3950 monium
2254 3912 2284 3948 a
2313 3895 2539 3949 Domino
2571 3909 2666 3963 per
2689 3893 2802 3948 haec
2855 3896 2972 3948 dari
3006 3895 3116 3950 lilio
3147 3896 3316 3961 Nave,
3350 3914 3471 3952 cum
3504 3900 3554 3954 ei

1984 3987 2202 4054 dicitur,
2240 3987 2366 4056 quia
2427 3994 2720 4054 provectus
2770 3986 2978 4040 dierum
3033 4003 3111 4043 es.
3170 3988 3234 4042 Et
3291 4000 3553 4058 quantum

1984 4079 2202 4150 quidem
2237 4077 2482 4148 proloqui
2509 4076 2685 4140 nobis,
2713 4077 2798 4131 vel
2830 4079 3042 4147 aperire
3082 4082 3146 4134 de
3183 4081 3386 4137 divinis
3435 4100 3556 4156 my-

1985 4171 2171 4227 steriis
2198 4169 2284 4226 fas
2308 4178 2411 4235 est,
2444 4184 2545 4236 ego
2571 4168 2808 4222 arbitror
2833 4169 2975 4238 quod
3017 4169 3157 4223 sicut
3201 4173 3278 4226 sol
3317 4173 3416 4227 iste
3443 4175 3557 4229 dies

1985 4268 2114 4322 facit
2147 4267 2348 4321 mundo
2399 4265 2547 4327 huic,
2578 4263 2650 4316 ita
2679 4271 2730 4315 et
2765 4262 2843 4316 sol
2866 4261 3092 4332 justitia:
3141 4265 3302 4320 faciat
3345 4266 3558 4337 aliquos

1910 4372 1960 4432 ι)
1987 4359 2100 4414 dies
2136 4356 2432 4427 spiritales,
2454 4357 2541 4424 qtti
2575 4355 2785 4425 fulgore
2813 4355 3056 4408 veritatis
3108 4364 3162 4407 et
3191 4356 3439 4424 lampade
3469 4373 3559 4410 sa-

1985 4453 2208 4522 pientiae
2236 4452 2596 4506 illustrentur.
2633 4450 2689 4503 Si
2720 4448 2842 4517 quis
2884 4462 3016 4518 ergo
3061 4448 3114 4502 in
3151 4451 3434 4518 praeceptis
3459 4451 3556 4504 Dei

1988 4548 2153 4599 vitam
2190 4547 2329 4600 hanc
2356 4554 2697 4613 praesentem,
2735 4556 2875 4608 quae,
2923 4542 3064 4596 sicut
3112 4541 3281 4596 Jacob
3315 4541 3560 4607 dicebat,

1985 4653 2280 4712 paucorum
2311 4635 2655 4691 etmalorum
2714 4636 2922 4688 dierum
2963 4641 3066 4696 est,
3107 4635 3450 4705 transegerit,
3501 4645 3560 4690 et

1987 4729 2394 4788 immaculatum
2439 4744 2498 4783 se
2534 4731 2597 4782 ab
2628 4727 2733 4782 hoc
2779 4727 2979 4782 mundo
3012 4728 3365 4795 custodierit,
3397 4735 3558 4797 atque

1989 4838 2180 4882 omnes
2203 4820 2542 4875 adversarios
2564 4829 2617 4875 et
2645 4821 2830 4875 hostes
2861 4834 2988 4875 suos
3015 4821 3292 4889 subegerit
3337 4822 3559 4891 spirita-

1988 4921 2093 4980 les,
2121 4917 2186 4970 ab
2221 4914 2337 4969 istis
2389 4914 2577 4983 paucis
2607 4920 2664 4967 et
2715 4912 2873 4967 malis
2905 4911 3097 4968 diebus
3137 4912 3454 4983 provehitur
3505 4923 3561 4966 et

2379 5079 2418 5109 ³⁷
2463 5076 2578 5135 Jos.
2611 5093 2730 5143 xttt,
2757 5077 2810 5131 1.
2885 5076 2930 5108 ¹⁸
2960 5075 3097 5132 ibid.

1983 5245 2186 5296 duabus
2209 5239 2365 5294 semis
2400 5237 2658 5291 tribubus.
2709 5235 2835 5291 Haec
2883 5234 3268 5290 desiderantur
3319 5233 3560 5286 inlibris

1986 5327 2142 5370 antea
2181 5312 2363 5376 editis,
2418 5310 2509 5363 sed
2542 5309 2794 5378 leguntur
2827 5307 2880 5378 in
2921 5322 3023 5378 ms.
3075 5305 3556 5378 Sangermanensl.

2057 5374 2706 5455 (5)Ms._Sange_rm.',_t
2765 5376 3153 5455 utiq_ue__longe
3210 5374 3475 5446 pluribus.
3533 5390 3552 5426 ι

1986 5447 2144 5510 Libb.
2175 5451 2324 5513 editi,
2357 5468 2375 5501 ‹
2409 5447 2621 5517 utrique
2651 5449 2805 5517 longe
2839 5447 3106 5517 pluribus.
3149 5464 3169 5497 ι

2058 5523 2135 5592 (6)
2164 5523 2263 5576 Ms.
2292 5521 2598 5592 Sangerttt.,
2635 5537 2653 5592 ξ
2686 5520 2893 5592 tuante
2921 5524 3066 5592 sunt:
3108 5535 3128 5567 ι

2061 5578 2136 5662 {7}
2167 5578 2436 5660 Semper."
2454 5578 2613 5662 Deest
2643 5590 2693 5642 in
2743 5586 2898 5641 libris
2933 5584 3116 5662 editis,
3153 5586 3249 5643 sed
3276 5586 3478 5655 legitur
3501 5578 3560 5638 in

1991 5655 2092 5720 ms.
2119 5655 2601 5730 'Sanget’mattcnsi.

3178 5743 3256 5810 29
