  <div class='ocr_page' id='page_1' title='image "/cluster/home/n/w/nwhite01/storage/ocr_20150623/12/mdp.39015028786690/463.png"; bbox 0 0 4050 6148; ppageno 0'>
   <div class='ocr_carea' id='block_1_1' title="bbox 510 171 617 232">
    <p class='ocr_par' dir='ltr' id='par_1_1' title="bbox 510 171 617 232">
     <span class='ocr_line' id='line_1_1' title="bbox 510 171 617 232; baseline -0.065 0"><span class='ocrx_word' id='word_1_1' title='bbox 510 171 617 232; x_wconf 79' lang='grc'><strong>907</strong></span> 
     </span>
    </p>
   </div>
   <div class='ocr_carea' id='block_1_2' title="bbox 1981 167 3720 228">
    <p class='ocr_par' dir='ltr' id='par_1_2' title="bbox 1981 167 3720 228">
     <span class='ocr_line' id='line_1_2' title="bbox 1981 167 3720 228; baseline 0 -2"><span class='ocrx_word' id='word_1_2' title='bbox 1981 169 2298 228; x_wconf 69' lang='grc' dir='ltr'>οιιιιιΕΝιε</span> <span class='ocrx_word' id='word_1_3' title='bbox 2389 185 2392 188; x_wconf 87' lang='grc'><strong>·</strong></span> <span class='ocrx_word' id='word_1_4' title='bbox 3627 167 3720 226; x_wconf 77' lang='lat'><strong>903</strong></span> 
     </span>
    </p>
   </div>
   <div class='ocr_carea' id='block_1_3' title="bbox 518 285 3721 358">
    <p class='ocr_par' dir='ltr' id='par_1_3' title="bbox 518 285 3721 358">
     <span class='ocr_line' id='line_1_3' title="bbox 518 285 3721 358; baseline -0.001 -17"><span class='ocrx_word' id='word_1_5' title='bbox 518 295 863 356; x_wconf 74' lang='lat' dir='ltr'><strong>promovetur</strong></span> <span class='ocrx_word' id='word_1_6' title='bbox 893 287 960 341; x_wconf 91' lang='lat' dir='ltr'><strong>ad</strong></span> <span class='ocrx_word' id='word_1_7' title='bbox 998 285 1115 340; x_wconf 89' lang='lat' dir='ltr'><strong>illos</strong></span> <span class='ocrx_word' id='word_1_8' title='bbox 1147 285 1262 340; x_wconf 91' lang='lat' dir='ltr'><strong>dies</strong></span> <span class='ocrx_word' id='word_1_9' title='bbox 1286 296 1517 343; x_wconf 63' lang='lat' dir='ltr'><strong>aeternos</strong></span> <span class='ocrx_word' id='word_1_10' title='bbox 1563 297 1617 343; x_wconf 91' lang='lat' dir='ltr'><strong>et</strong></span> <span class='ocrx_word' id='word_1_11' title='bbox 1650 289 1836 354; x_wconf 89' lang='lat' dir='ltr'><strong>bonos,</strong></span> <span class='ocrx_word' id='word_1_12' title='bbox 1889 291 2076 344; x_wconf 63' lang='grc' dir='ltr'>(ειετηὶ</span> <span class='ocrx_word' id='word_1_13' title='bbox 2110 297 2153 350; x_wconf 83' lang='grc' dir='ltr'><strong>Α</strong></span> <span class='ocrx_word' id='word_1_14' title='bbox 2181 291 2247 344; x_wconf 89' lang='lat' dir='ltr'><strong>ad</strong></span> <span class='ocrx_word' id='word_1_15' title='bbox 2278 292 2411 345; x_wconf 85' lang='lat' dir='ltr'><strong>fines</strong></span> <span class='ocrx_word' id='word_1_16' title='bbox 2436 289 2584 345; x_wconf 84' lang='lat' dir='ltr'><strong>orbis</strong></span> <span class='ocrx_word' id='word_1_17' title='bbox 2616 299 2878 344; x_wconf 88' lang='lat' dir='ltr'><strong>terrarum</strong></span> <span class='ocrx_word' id='word_1_18' title='bbox 2916 289 2969 343; x_wconf 91' lang='lat' dir='ltr'><strong>in</strong></span> <span class='ocrx_word' id='word_1_19' title='bbox 2999 295 3286 358; x_wconf 89' lang='lat' dir='ltr'><strong>conspectu</strong></span> <span class='ocrx_word' id='word_1_20' title='bbox 3313 286 3431 356; x_wconf 87' lang='lat' dir='ltr'><strong>ejus</strong></span> <span class='ocrx_word' id='word_1_21' title='bbox 3455 287 3721 354; x_wconf 56' lang='lat' dir='ltr'><strong>provident</strong></span> 
     </span>
    </p>
   </div>
   <div class='ocr_carea' id='block_1_4' title="bbox 515 377 2078 451">
    <p class='ocr_par' dir='ltr' id='par_1_4' title="bbox 515 377 2078 451">
     <span class='ocr_line' id='line_1_4' title="bbox 515 377 2078 451; baseline 0.001 -16"><span class='ocrx_word' id='word_1_22' title='bbox 515 380 648 436; x_wconf 83' lang='lat' dir='ltr'><strong>solis</strong></span> <span class='ocrx_word' id='word_1_23' title='bbox 683 381 801 435; x_wconf 90' lang='lat' dir='ltr'><strong>luce</strong></span> <span class='ocrx_word' id='word_1_24' title='bbox 853 381 1114 448; x_wconf 90' lang='lat' dir='ltr'><strong>signatos.</strong></span> <span class='ocrx_word' id='word_1_25' title='bbox 1162 377 1277 432; x_wconf 88' lang='lat' dir='ltr'><strong>Tali</strong></span> <span class='ocrx_word' id='word_1_26' title='bbox 1303 394 1432 451; x_wconf 92' lang='lat' dir='ltr'><strong>ergo</strong></span> <span class='ocrx_word' id='word_1_27' title='bbox 1480 384 1710 449; x_wconf 89' lang='lat' dir='ltr'><strong>quodam</strong></span> <span class='ocrx_word' id='word_1_28' title='bbox 1761 385 1950 439; x_wconf 87' lang='lat' dir='ltr'><strong>ordine</strong></span> <span class='ocrx_word' id='word_1_29' title='bbox 1998 385 2078 438; x_wconf 91' lang='lat' dir='ltr'><strong>in-</strong></span> 
     </span>
    </p>
   </div>
   <div class='ocr_carea' id='block_1_5' title="bbox 518 470 2075 547">
    <p class='ocr_par' dir='ltr' id='par_1_5' title="bbox 518 470 2075 547">
     <span class='ocr_line' id='line_1_5' title="bbox 518 470 2075 547; baseline 0.006 -23"><span class='ocrx_word' id='word_1_30' title='bbox 518 473 837 541; x_wconf 83' lang='lat' dir='ltr'><strong>telligendus</strong></span> <span class='ocrx_word' id='word_1_31' title='bbox 868 480 952 526; x_wconf 89' lang='lat' dir='ltr'><strong>est</strong></span> <span class='ocrx_word' id='word_1_32' title='bbox 973 481 1027 527; x_wconf 92' lang='lat' dir='ltr'><strong>et</strong></span> <span class='ocrx_word' id='word_1_33' title='bbox 1052 470 1208 527; x_wconf 88' lang='lat' dir='ltr'><strong>Jesus</strong></span> <span class='ocrx_word' id='word_1_34' title='bbox 1250 487 1314 527; x_wconf 83' lang='lat' dir='ltr'><strong>ex</strong></span> <span class='ocrx_word' id='word_1_35' title='bbox 1362 475 1558 529; x_wconf 84' lang='lat' dir='ltr'><strong>divinis</strong></span> <span class='ocrx_word' id='word_1_36' title='bbox 1587 477 1860 546; x_wconf 87' lang='lat' dir='ltr'><strong>responsis</strong></span> <span class='ocrx_word' id='word_1_37' title='bbox 1881 492 2075 547; x_wconf 86' lang='lat' dir='ltr'><strong>prove-</strong></span> 
     </span>
    </p>
   </div>
   <div class='ocr_carea' id='block_1_6' title="bbox 517 564 1266 633">
    <p class='ocr_par' dir='ltr' id='par_1_6' title="bbox 517 564 1266 633">
     <span class='ocr_line' id='line_1_6' title="bbox 517 564 1266 633; baseline 0.005 -18"><span class='ocrx_word' id='word_1_38' title='bbox 517 573 637 617; x_wconf 91' lang='lat' dir='ltr'><strong>ctus</strong></span> <span class='ocrx_word' id='word_1_39' title='bbox 662 564 870 618; x_wconf 90' lang='lat' dir='ltr'><strong>dierum</strong></span> <span class='ocrx_word' id='word_1_40' title='bbox 899 565 1266 633; x_wconf 91' lang='lat' dir='ltr'><strong>pronuntiari.</strong></span> 
     </span>
    </p>
   </div>
   <div class='ocr_carea' id='block_1_7' title="bbox 584 654 2076 728">
    <p class='ocr_par' dir='ltr' id='par_1_7' title="bbox 584 654 2076 728">
     <span class='ocr_line' id='line_1_7' title="bbox 584 654 2076 728; baseline 0.005 -20"><span class='ocrx_word' id='word_1_41' title='bbox 584 655 638 708; x_wconf 76' lang='lat'><strong>2.</strong></span> <span class='ocrx_word' id='word_1_42' title='bbox 669 654 871 711; x_wconf 81' lang='lat' dir='ltr'><strong>Verum</strong></span> <span class='ocrx_word' id='word_1_43' title='bbox 907 658 1163 726; x_wconf 89' lang='lat' dir='ltr'><strong>quoniam</strong></span> <span class='ocrx_word' id='word_1_44' title='bbox 1219 657 1552 713; x_wconf 92' lang='lat' dir='ltr'><strong>instituimus</strong></span> <span class='ocrx_word' id='word_1_45' title='bbox 1599 674 1719 728; x_wconf 71' lang='lat' dir='ltr'><strong>quae</strong></span> <span class='ocrx_word' id='word_1_46' title='bbox 1745 661 1810 715; x_wconf 92' lang='lat' dir='ltr'><strong>de</strong></span> <span class='ocrx_word' id='word_1_47' title='bbox 1833 659 1958 715; x_wconf 87' lang='lat' dir='ltr'><strong>Jesu</strong></span> <span class='ocrx_word' id='word_1_48' title='bbox 1990 661 2076 715; x_wconf 89' lang='lat' dir='ltr'><strong>di—</strong></span> 
     </span>
    </p>
   </div>
   <div class='ocr_carea' id='block_1_8' title="bbox 513 748 2075 806">
    <p class='ocr_par' dir='ltr' id='par_1_8' title="bbox 513 748 2075 806">
     <span class='ocr_line' id='line_1_8' title="bbox 513 748 2075 806; baseline 0.003 -5"><span class='ocrx_word' id='word_1_49' title='bbox 513 755 708 802; x_wconf 89' lang='lat' dir='ltr'><strong>cuntur</strong></span> <span class='ocrx_word' id='word_1_50' title='bbox 728 748 890 802; x_wconf 89' lang='lat' dir='ltr'><strong>etiam</strong></span> <span class='ocrx_word' id='word_1_51' title='bbox 915 759 970 803; x_wconf 89' lang='lat' dir='ltr'><strong>et</strong></span> <span class='ocrx_word' id='word_1_52' title='bbox 993 749 1059 803; x_wconf 90' lang='lat' dir='ltr'><strong>ad</strong></span> <span class='ocrx_word' id='word_1_53' title='bbox 1085 749 1369 802; x_wconf 90' lang='lat' dir='ltr'><strong>Dominum</strong></span> <span class='ocrx_word' id='word_1_54' title='bbox 1393 759 1449 803; x_wconf 90' lang='lat' dir='ltr'><strong>et</strong></span> <span class='ocrx_word' id='word_1_55' title='bbox 1474 748 1806 805; x_wconf 89' lang='lat' dir='ltr'><strong>Salvatorem</strong></span> <span class='ocrx_word' id='word_1_56' title='bbox 1831 761 2075 806; x_wconf 90' lang='lat' dir='ltr'><strong>nostrum</strong></span> 
     </span>
    </p>
   </div>
   <div class='ocr_carea' id='block_1_9' title="bbox 514 835 2077 908">
    <p class='ocr_par' dir='ltr' id='par_1_9' title="bbox 514 835 2077 908">
     <span class='ocr_line' id='line_1_9' title="bbox 514 835 2077 908; baseline 0.003 -17"><span class='ocrx_word' id='word_1_57' title='bbox 514 835 740 902; x_wconf 85' lang='lat' dir='ltr'><strong>referre,</strong></span> <span class='ocrx_word' id='word_1_58' title='bbox 765 837 889 906; x_wconf 90' lang='lat' dir='ltr'><strong>quis</strong></span> <span class='ocrx_word' id='word_1_59' title='bbox 916 837 991 892; x_wconf 90' lang='lat' dir='ltr'><strong>ita</strong></span> <span class='ocrx_word' id='word_1_60' title='bbox 1024 838 1312 908; x_wconf 75' lang='lat' dir='ltr'><strong>presbyter</strong></span> <span class='ocrx_word' id='word_1_61' title='bbox 1341 847 1396 892; x_wconf 92' lang='lat' dir='ltr'><strong>et</strong></span> <span class='ocrx_word' id='word_1_62' title='bbox 1432 839 1618 894; x_wconf 88' lang='lat' dir='ltr'><strong>senior</strong></span> <span class='ocrx_word' id='word_1_63' title='bbox 1649 850 1936 908; x_wconf 90' lang='lat' dir='ltr'><strong>provectus</strong></span> <span class='ocrx_word' id='word_1_64' title='bbox 1962 842 2077 896; x_wconf 83' lang='lat' dir='ltr'><strong>die-</strong></span> 
     </span>
    </p>
   </div>
   <div class='ocr_carea' id='block_1_10' title="bbox 513 929 2078 1002">
    <p class='ocr_par' dir='ltr' id='par_1_10' title="bbox 513 929 2078 1002">
     <span class='ocr_line' id='line_1_10' title="bbox 513 929 2078 1002; baseline 0 -15"><span class='ocrx_word' id='word_1_65' title='bbox 513 946 637 987; x_wconf 85' lang='lat' dir='ltr'><strong>rum</strong></span> <span class='ocrx_word' id='word_1_66' title='bbox 676 929 1019 999; x_wconf 91' lang='lat' dir='ltr'><strong>intelligitur,</strong></span> <span class='ocrx_word' id='word_1_67' title='bbox 1047 930 1325 1000; x_wconf 87' lang='lat' dir='ltr'><strong>sicutipse</strong></span> <span class='ocrx_word' id='word_1_68' title='bbox 1349 932 1440 1000; x_wconf 85' lang='lat' dir='ltr'><strong>qui</strong></span> <span class='ocrx_word' id='word_1_69' title='bbox 1465 942 1548 986; x_wconf 92' lang='lat' dir='ltr'><strong>est</strong></span> <span class='ocrx_word' id='word_1_70' title='bbox 1592 933 1934 1002; x_wconf 90' lang='lat' dir='ltr'><strong>principium,</strong></span> <span class='ocrx_word' id='word_1_71' title='bbox 1970 933 2078 1002; x_wconf 84' lang='lat' dir='ltr'><strong>pri-</strong></span> 
     </span>
    </p>
   </div>
   <div class='ocr_carea' id='block_1_11' title="bbox 514 1021 2075 1093">
    <p class='ocr_par' dir='ltr' id='par_1_11' title="bbox 514 1021 2075 1093">
     <span class='ocr_line' id='line_1_11' title="bbox 514 1021 2075 1093; baseline 0.003 -16"><span class='ocrx_word' id='word_1_72' title='bbox 514 1021 818 1092; x_wconf 88' lang='lat' dir='ltr'><strong>mogenitus</strong></span> <span class='ocrx_word' id='word_1_73' title='bbox 847 1021 1026 1076; x_wconf 93' lang='lat' dir='ltr'><strong>omnis</strong></span> <span class='ocrx_word' id='word_1_74' title='bbox 1047 1023 1347 1076; x_wconf 76' lang='lat' dir='ltr'><strong>creaturae?</strong></span> <span class='ocrx_word' id='word_1_75' title='bbox 1373 1022 1496 1078; x_wconf 87' lang='lat' dir='ltr'><strong>Ideo</strong></span> <span class='ocrx_word' id='word_1_76' title='bbox 1519 1023 1762 1080; x_wconf 82' lang='lat' dir='ltr'><strong>fortassis</strong></span> <span class='ocrx_word' id='word_1_77' title='bbox 1791 1025 1906 1093; x_wconf 91' lang='lat' dir='ltr'><strong>ipse</strong></span> <span class='ocrx_word' id='word_1_78' title='bbox 1929 1026 2075 1082; x_wconf 89' lang='lat' dir='ltr'><strong>solus</strong></span> 
     </span>
    </p>
   </div>
   <div class='ocr_carea' id='block_1_12' title="bbox 512 1113 2078 1184">
    <p class='ocr_par' dir='ltr' id='par_1_12' title="bbox 512 1113 2078 1184">
     <span class='ocr_line' id='line_1_12' title="bbox 512 1113 2078 1184; baseline 0.004 -18"><span class='ocrx_word' id='word_1_79' title='bbox 512 1127 641 1169; x_wconf 90' lang='lat' dir='ltr'><strong>vere</strong></span> <span class='ocrx_word' id='word_1_80' title='bbox 664 1121 718 1167; x_wconf 92' lang='lat' dir='ltr'><strong>et</strong></span> <span class='ocrx_word' id='word_1_81' title='bbox 756 1113 963 1183; x_wconf 81' lang='lat' dir='ltr'><strong>integre</strong></span> <span class='ocrx_word' id='word_1_82' title='bbox 989 1113 1272 1183; x_wconf 85' lang='lat' dir='ltr'><strong>presbyter</strong></span> <span class='ocrx_word' id='word_1_83' title='bbox 1313 1113 1532 1177; x_wconf 89' lang='lat' dir='ltr'><strong>dicitur,</strong></span> <span class='ocrx_word' id='word_1_84' title='bbox 1565 1123 1691 1169; x_wconf 85' lang='lat' dir='ltr'><strong>ante</strong></span> <span class='ocrx_word' id='word_1_85' title='bbox 1717 1129 1880 1184; x_wconf 86' lang='lat' dir='ltr'><strong>quem</strong></span> <span class='ocrx_word' id='word_1_86' title='bbox 1915 1132 2078 1173; x_wconf 90' lang='lat' dir='ltr'><strong>nemo</strong></span> 
     </span>
    </p>
   </div>
   <div class='ocr_carea' id='block_1_13' title="bbox 511 1204 2076 1278">
    <p class='ocr_par' dir='ltr' id='par_1_13' title="bbox 511 1204 2076 1278">
     <span class='ocr_line' id='line_1_13' title="bbox 511 1204 2076 1278; baseline 0.003 -19"><span class='ocrx_word' id='word_1_87' title='bbox 511 1215 616 1261; x_wconf 92' lang='lat' dir='ltr'><strong>est.</strong></span> <span class='ocrx_word' id='word_1_88' title='bbox 662 1205 827 1275; x_wconf 77' lang='lat' dir='ltr'><strong>igitur</strong></span> <span class='ocrx_word' id='word_1_89' title='bbox 853 1205 1066 1259; x_wconf 84' lang='lat' dir='ltr'><strong>tametsi</strong></span> <span class='ocrx_word' id='word_1_90' title='bbox 1097 1214 1224 1260; x_wconf 92' lang='lat' dir='ltr'><strong>sunt</strong></span> <span class='ocrx_word' id='word_1_91' title='bbox 1268 1204 1359 1273; x_wconf 93' lang='lat' dir='ltr'><strong>qui</strong></span> <span class='ocrx_word' id='word_1_92' title='bbox 1410 1205 1661 1260; x_wconf 91' lang='lat' dir='ltr'><strong>dicantur</strong></span> <span class='ocrx_word' id='word_1_93' title='bbox 1701 1208 1752 1261; x_wconf 93' lang='lat' dir='ltr'><strong>in</strong></span> <span class='ocrx_word' id='word_1_94' title='bbox 1781 1209 2076 1278; x_wconf 87' lang='lat' dir='ltr'><strong>Seripturis</strong></span> 
     </span>
    </p>
   </div>
   <div class='ocr_carea' id='block_1_14' title="bbox 514 1297 2075 1368">
    <p class='ocr_par' dir='ltr' id='par_1_14' title="bbox 514 1297 2075 1368">
     <span class='ocr_line' id='line_1_14' title="bbox 514 1297 2075 1368; baseline 0.004 -17"><span class='ocrx_word' id='word_1_95' title='bbox 514 1297 814 1367; x_wconf 86' lang='lat' dir='ltr'><strong>presbyteri</strong></span> <span class='ocrx_word' id='word_1_96' title='bbox 846 1297 930 1351; x_wconf 86' lang='lat' dir='ltr'><strong>vel</strong></span> <span class='ocrx_word' id='word_1_97' title='bbox 962 1297 1226 1361; x_wconf 88' lang='lat' dir='ltr'><strong>seniores,</strong></span> <span class='ocrx_word' id='word_1_98' title='bbox 1275 1299 1358 1352; x_wconf 88' lang='lat' dir='ltr'><strong>vel</strong></span> <span class='ocrx_word' id='word_1_99' title='bbox 1391 1299 1696 1368; x_wconf 84' lang='lat' dir='ltr'><strong>pontifices,</strong></span> <span class='ocrx_word' id='word_1_100' title='bbox 1753 1311 1933 1354; x_wconf 90' lang='lat' dir='ltr'><strong>tamen</strong></span> <span class='ocrx_word' id='word_1_101' title='bbox 1967 1301 2075 1357; x_wconf 86' lang='lat' dir='ltr'><strong>Do—</strong></span> 
     </span>
    </p>
   </div>
   <div class='ocr_carea' id='block_1_15' title="bbox 512 1389 2076 1464">
    <p class='ocr_par' dir='ltr' id='par_1_15' title="bbox 512 1389 2076 1464">
     <span class='ocr_line' id='line_1_15' title="bbox 512 1389 2076 1464; baseline 0.003 -20"><span class='ocrx_word' id='word_1_102' title='bbox 512 1392 689 1446; x_wconf 90' lang='lat' dir='ltr'><strong>minus</strong></span> <span class='ocrx_word' id='word_1_103' title='bbox 715 1389 875 1447; x_wconf 86' lang='lat' dir='ltr'><strong>Jesus</strong></span> <span class='ocrx_word' id='word_1_104' title='bbox 898 1391 1039 1446; x_wconf 92' lang='lat' dir='ltr'><strong>sicut</strong></span> <span class='ocrx_word' id='word_1_105' title='bbox 1071 1391 1123 1444; x_wconf 93' lang='lat' dir='ltr'><strong>in</strong></span> <span class='ocrx_word' id='word_1_106' title='bbox 1169 1391 1514 1460; x_wconf 73' lang='lat' dir='ltr'><strong>pontificibus</strong></span> <span class='ocrx_word' id='word_1_107' title='bbox 1561 1392 1876 1461; x_wconf 86' lang='lat' dir='ltr'><strong>pontificum</strong></span> <span class='ocrx_word' id='word_1_108' title='bbox 1925 1395 2076 1464; x_wconf 92' lang='lat' dir='ltr'><strong>prin-</strong></span> 
     </span>
    </p>
   </div>
   <div class='ocr_carea' id='block_1_16' title="bbox 512 1481 2072 1554">
    <p class='ocr_par' dir='ltr' id='par_1_16' title="bbox 512 1481 2072 1554">
     <span class='ocr_line' id='line_1_16' title="bbox 512 1481 2072 1554; baseline 0.001 -18"><span class='ocrx_word' id='word_1_109' title='bbox 512 1495 638 1550; x_wconf 89' lang='lat' dir='ltr'><strong>ceps</strong></span> <span class='ocrx_word' id='word_1_110' title='bbox 666 1489 770 1544; x_wconf 90' lang='lat' dir='ltr'><strong>est,</strong></span> <span class='ocrx_word' id='word_1_111' title='bbox 803 1490 856 1536; x_wconf 89' lang='lat' dir='ltr'><strong>et</strong></span> <span class='ocrx_word' id='word_1_112' title='bbox 901 1481 1040 1536; x_wconf 88' lang='lat' dir='ltr'><strong>sicut</strong></span> <span class='ocrx_word' id='word_1_113' title='bbox 1076 1481 1127 1534; x_wconf 96' lang='lat' dir='ltr'><strong>in</strong></span> <span class='ocrx_word' id='word_1_114' title='bbox 1157 1483 1467 1551; x_wconf 87' lang='lat' dir='ltr'><strong>pastoribus</strong></span> <span class='ocrx_word' id='word_1_115' title='bbox 1498 1485 1750 1552; x_wconf 87' lang='lat' dir='ltr'><strong>princeps</strong></span> <span class='ocrx_word' id='word_1_116' title='bbox 1799 1493 2072 1554; x_wconf 92' lang='lat' dir='ltr'><strong>pastorum</strong></span> 
     </span>
    </p>
   </div>
   <div class='ocr_carea' id='block_1_17' title="bbox 509 1572 2074 1645">
    <p class='ocr_par' dir='ltr' id='par_1_17' title="bbox 509 1572 2074 1645">
     <span class='ocr_line' id='line_1_17' title="bbox 509 1572 2074 1645; baseline 0.001 -17"><span class='ocrx_word' id='word_1_117' title='bbox 509 1584 614 1641; x_wconf 89' lang='lat' dir='ltr'><strong>est,</strong></span> <span class='ocrx_word' id='word_1_118' title='bbox 669 1573 742 1628; x_wconf 90' lang='lat' dir='ltr'><strong>ita</strong></span> <span class='ocrx_word' id='word_1_119' title='bbox 773 1574 910 1628; x_wconf 90' lang='lat' dir='ltr'><strong>etin</strong></span> <span class='ocrx_word' id='word_1_120' title='bbox 960 1572 1292 1645; x_wconf 83' lang='lat' dir='ltr'><strong>presbyteris</strong></span> <span class='ocrx_word' id='word_1_121' title='bbox 1321 1577 1405 1630; x_wconf 89' lang='lat' dir='ltr'><strong>vel</strong></span> <span class='ocrx_word' id='word_1_122' title='bbox 1463 1576 1768 1630; x_wconf 86' lang='lat' dir='ltr'><strong>senioribus</strong></span> <span class='ocrx_word' id='word_1_123' title='bbox 1828 1577 2074 1645; x_wconf 87' lang='lat' dir='ltr'><strong>princeps</strong></span> 
     </span>
    </p>
   </div>
   <div class='ocr_carea' id='block_1_18' title="bbox 507 1666 2073 1738">
    <p class='ocr_par' dir='ltr' id='par_1_18' title="bbox 507 1666 2073 1738">
     <span class='ocr_line' id='line_1_18' title="bbox 507 1666 2073 1738; baseline 0.001 -18"><span class='ocrx_word' id='word_1_124' title='bbox 507 1666 945 1738; x_wconf 85' lang='lat' dir='ltr'><strong>presbyterorum</strong></span> <span class='ocrx_word' id='word_1_125' title='bbox 994 1668 1263 1736; x_wconf 88' lang='lat' dir='ltr'><strong>putandus</strong></span> <span class='ocrx_word' id='word_1_126' title='bbox 1289 1678 1394 1733; x_wconf 92' lang='lat' dir='ltr'><strong>est,</strong></span> <span class='ocrx_word' id='word_1_127' title='bbox 1439 1676 1494 1722; x_wconf 93' lang='lat' dir='ltr'><strong>ct</strong></span> <span class='ocrx_word' id='word_1_128' title='bbox 1544 1668 1594 1722; x_wconf 93' lang='lat' dir='ltr'><strong>in</strong></span> <span class='ocrx_word' id='word_1_129' title='bbox 1621 1668 1892 1738; x_wconf 87' lang='lat' dir='ltr'><strong>episcopis</strong></span> <span class='ocrx_word' id='word_1_130' title='bbox 1925 1669 2073 1738; x_wconf 90' lang='lat' dir='ltr'><strong>prin-</strong></span> 
     </span>
    </p>
   </div>
   <div class='ocr_carea' id='block_1_19' title="bbox 509 1757 2072 1829">
    <p class='ocr_par' dir='ltr' id='par_1_19' title="bbox 509 1757 2072 1829">
     <span class='ocr_line' id='line_1_19' title="bbox 509 1757 2072 1829; baseline 0 -16"><span class='ocrx_word' id='word_1_131' title='bbox 509 1771 636 1829; x_wconf 89' lang='lat' dir='ltr'><strong>ceps</strong></span> <span class='ocrx_word' id='word_1_132' title='bbox 657 1757 1053 1827; x_wconf 90' lang='lat' dir='ltr'><strong>episcoporum,</strong></span> <span class='ocrx_word' id='word_1_133' title='bbox 1081 1767 1137 1812; x_wconf 93' lang='lat' dir='ltr'><strong>et</strong></span> <span class='ocrx_word' id='word_1_134' title='bbox 1159 1773 1320 1812; x_wconf 92' lang='lat' dir='ltr'><strong>omne</strong></span> <span class='ocrx_word' id='word_1_135' title='bbox 1349 1759 1716 1829; x_wconf 87' lang='lat' dir='ltr'><strong>quodcunque</strong></span> <span class='ocrx_word' id='word_1_136' title='bbox 1759 1760 2072 1815; x_wconf 88' lang='lat' dir='ltr'><strong>bonorabile</strong></span> 
     </span>
    </p>
   </div>
   <div class='ocr_carea' id='block_1_20' title="bbox 507 1849 2069 1920">
    <p class='ocr_par' dir='ltr' id='par_1_20' title="bbox 507 1849 2069 1920">
     <span class='ocr_line' id='line_1_20' title="bbox 507 1849 2069 1920; baseline -0.001 -15"><span class='ocrx_word' id='word_1_137' title='bbox 507 1864 704 1905; x_wconf 90' lang='lat' dir='ltr'><strong>nomen</strong></span> <span class='ocrx_word' id='word_1_138' title='bbox 730 1857 833 1912; x_wconf 89' lang='lat' dir='ltr'><strong>est,</strong></span> <span class='ocrx_word' id='word_1_139' title='bbox 868 1849 1104 1917; x_wconf 91' lang='lat' dir='ltr'><strong>primum</strong></span> <span class='ocrx_word' id='word_1_140' title='bbox 1139 1849 1191 1904; x_wconf 93' lang='lat' dir='ltr'><strong>in</strong></span> <span class='ocrx_word' id='word_1_141' title='bbox 1231 1850 1352 1916; x_wconf 91' lang='lat' dir='ltr'><strong>hoc,</strong></span> <span class='ocrx_word' id='word_1_142' title='bbox 1389 1858 1442 1904; x_wconf 87' lang='lat' dir='ltr'><strong>et</strong></span> <span class='ocrx_word' id='word_1_143' title='bbox 1474 1851 1769 1920; x_wconf 90' lang='lat' dir='ltr'><strong>principem</strong></span> <span class='ocrx_word' id='word_1_144' title='bbox 1797 1865 1920 1906; x_wconf 91' lang='lat' dir='ltr'><strong>esse</strong></span> <span class='ocrx_word' id='word_1_145' title='bbox 1948 1865 2069 1905; x_wconf 85' lang='lat' dir='ltr'><strong>cre-</strong></span> 
     </span>
    </p>
   </div>
   <div class='ocr_carea' id='block_1_21' title="bbox 509 1941 2067 2013">
    <p class='ocr_par' dir='ltr' id='par_1_21' title="bbox 509 1941 2067 2013">
     <span class='ocr_line' id='line_1_21' title="bbox 509 1941 2067 2013; baseline 0.001 -15"><span class='ocrx_word' id='word_1_146' title='bbox 509 1941 740 1998; x_wconf 89' lang='lat' dir='ltr'><strong>dendum</strong></span> <span class='ocrx_word' id='word_1_147' title='bbox 757 1950 842 1996; x_wconf 91' lang='lat' dir='ltr'><strong>est</strong></span> <span class='ocrx_word' id='word_1_148' title='bbox 857 1941 1218 2006; x_wconf 88' lang='lat' dir='ltr'><strong>Salvatorem,</strong></span> <span class='ocrx_word' id='word_1_149' title='bbox 1244 1944 1368 2012; x_wconf 85' lang='lat' dir='ltr'><strong>quia</strong></span> <span class='ocrx_word' id='word_1_150' title='bbox 1391 1943 1505 2012; x_wconf 90' lang='lat' dir='ltr'><strong>ipse</strong></span> <span class='ocrx_word' id='word_1_151' title='bbox 1525 1951 1608 1997; x_wconf 91' lang='lat' dir='ltr'><strong>est</strong></span> <span class='ocrx_word' id='word_1_152' title='bbox 1625 1943 1863 1997; x_wconf 92' lang='lat' dir='ltr'><strong>omnium</strong></span> <span class='ocrx_word' id='word_1_153' title='bbox 1884 1955 2067 2013; x_wconf 88' lang='lat' dir='ltr'><strong>caput.</strong></span> 
     </span>
    </p>
   </div>
   <div class='ocr_carea' id='block_1_22' title="bbox 577 2032 2072 2102">
    <p class='ocr_par' dir='ltr' id='par_1_22' title="bbox 577 2032 2072 2102">
     <span class='ocr_line' id='line_1_22' title="bbox 577 2032 2072 2102; baseline 0 -13"><span class='ocrx_word' id='word_1_154' title='bbox 577 2034 632 2090; x_wconf 76' lang='lat'><strong>3.</strong></span> <span class='ocrx_word' id='word_1_155' title='bbox 669 2034 832 2089; x_wconf 84' lang='lat' dir='ltr'><strong>Addit</strong></span> <span class='ocrx_word' id='word_1_156' title='bbox 861 2043 1038 2089; x_wconf 89' lang='lat' dir='ltr'><strong>autem</strong></span> <span class='ocrx_word' id='word_1_157' title='bbox 1069 2034 1246 2090; x_wconf 88' lang='lat' dir='ltr'><strong>adhuc</strong></span> <span class='ocrx_word' id='word_1_158' title='bbox 1275 2049 1590 2102; x_wconf 90' lang='lat' dir='ltr'><strong>responsum</strong></span> <span class='ocrx_word' id='word_1_159' title='bbox 1623 2032 1868 2088; x_wconf 88' lang='lat' dir='ltr'><strong>divinum</strong></span> <span class='ocrx_word' id='word_1_160' title='bbox 1911 2045 1965 2088; x_wconf 92' lang='lat' dir='ltr'><strong>et</strong></span> <span class='ocrx_word' id='word_1_161' title='bbox 1991 2035 2072 2089; x_wconf 85' lang='lat' dir='ltr'><strong>di-</strong></span> 
     </span>
    </p>
   </div>
   <div class='ocr_carea' id='block_1_23' title="bbox 507 2123 2069 2194">
    <p class='ocr_par' dir='ltr' id='par_1_23' title="bbox 507 2123 2069 2194">
     <span class='ocr_line' id='line_1_23' title="bbox 507 2123 2069 2194; baseline 0.001 -15"><span class='ocrx_word' id='word_1_162' title='bbox 507 2126 583 2179; x_wconf 91' lang='lat' dir='ltr'><strong>cit</strong></span> <span class='ocrx_word' id='word_1_163' title='bbox 611 2125 693 2177; x_wconf 80' lang='lat'><strong>”:</strong></span> <span class='ocrx_word' id='word_1_164' title='bbox 732 2144 750 2176; x_wconf 77' lang='grc' dir='ltr'><strong>ι</strong></span> <span class='ocrx_word' id='word_1_165' title='bbox 782 2123 860 2179; x_wconf 89' lang='grc' dir='ltr'>Τιι</span> <span class='ocrx_word' id='word_1_166' title='bbox 892 2134 1178 2194; x_wconf 91' lang='lat' dir='ltr'><strong>provectus</strong></span> <span class='ocrx_word' id='word_1_167' title='bbox 1206 2140 1264 2179; x_wconf 91' lang='lat' dir='ltr'><strong>es</strong></span> <span class='ocrx_word' id='word_1_168' title='bbox 1295 2125 1346 2177; x_wconf 95' lang='lat' dir='ltr'><strong>in</strong></span> <span class='ocrx_word' id='word_1_169' title='bbox 1378 2125 1590 2189; x_wconf 89' lang='lat' dir='ltr'><strong>diebus,</strong></span> <span class='ocrx_word' id='word_1_170' title='bbox 1624 2136 1677 2179; x_wconf 91' lang='lat' dir='ltr'><strong>et</strong></span> <span class='ocrx_word' id='word_1_171' title='bbox 1711 2134 1853 2179; x_wconf 91' lang='lat' dir='ltr'><strong>terra</strong></span> <span class='ocrx_word' id='word_1_172' title='bbox 1886 2125 2069 2180; x_wconf 89' lang='lat' dir='ltr'><strong>relicta</strong></span> 
     </span>
    </p>
   </div>
   <div class='ocr_carea' id='block_1_24' title="bbox 505 2216 2071 2285">
    <p class='ocr_par' dir='ltr' id='par_1_24' title="bbox 505 2216 2071 2285">
     <span class='ocr_line' id='line_1_24' title="bbox 505 2216 2071 2285; baseline 0.002 -14"><span class='ocrx_word' id='word_1_173' title='bbox 505 2226 588 2271; x_wconf 89' lang='lat' dir='ltr'><strong>est</strong></span> <span class='ocrx_word' id='word_1_174' title='bbox 623 2217 790 2271; x_wconf 90' lang='lat' dir='ltr'><strong>multa</strong></span> <span class='ocrx_word' id='word_1_175' title='bbox 826 2217 997 2272; x_wconf 87' lang='lat' dir='ltr'><strong>valde.</strong></span> <span class='ocrx_word' id='word_1_176' title='bbox 1035 2237 1053 2268; x_wconf 77' lang='grc' dir='ltr'><strong>ι</strong></span> <span class='ocrx_word' id='word_1_177' title='bbox 1093 2216 1146 2270; x_wconf 84' lang='grc' dir='ltr'><strong>1η</strong></span> <span class='ocrx_word' id='word_1_178' title='bbox 1173 2218 1549 2285; x_wconf 85' lang='lat' dir='ltr'><strong>superioribus</strong></span> <span class='ocrx_word' id='word_1_179' title='bbox 1574 2218 1878 2284; x_wconf 85' lang='lat' dir='ltr'><strong>dicebatur,</strong></span> <span class='ocrx_word' id='word_1_180' title='bbox 1931 2219 2071 2274; x_wconf 87' lang='lat' dir='ltr'><strong>sicut</strong></span> 
     </span>
    </p>
   </div>
   <div class='ocr_carea' id='block_1_25' title="bbox 505 2306 2067 2376">
    <p class='ocr_par' dir='ltr' id='par_1_25' title="bbox 505 2306 2067 2376">
     <span class='ocr_line' id='line_1_25' title="bbox 505 2306 2067 2376; baseline -0.001 -16"><span class='ocrx_word' id='word_1_181' title='bbox 505 2307 934 2372; x_wconf 87' lang='lat' dir='ltr'><strong>observavimus,</strong></span> <span class='ocrx_word' id='word_1_182' title='bbox 968 2307 1095 2376; x_wconf 89' lang='lat' dir='ltr'><strong>quia</strong></span> <span class='ocrx_word' id='word_1_183' title='bbox 1125 2307 1359 2362; x_wconf 85' lang='lat' dir='ltr'><strong>cessavit</strong></span> <span class='ocrx_word' id='word_1_184' title='bbox 1399 2316 1542 2361; x_wconf 90' lang='lat' dir='ltr'><strong>terra</strong></span> <span class='ocrx_word' id='word_1_185' title='bbox 1572 2322 1602 2360; x_wconf 91' lang='lat' dir='ltr'><strong>a</strong></span> <span class='ocrx_word' id='word_1_186' title='bbox 1634 2306 1810 2370; x_wconf 90' lang='lat' dir='ltr'><strong>bellis,</strong></span> <span class='ocrx_word' id='word_1_187' title='bbox 1845 2315 1901 2362; x_wconf 91' lang='lat' dir='ltr'><strong>et</strong></span> <span class='ocrx_word' id='word_1_188' title='bbox 1943 2307 2067 2374; x_wconf 88' lang='lat' dir='ltr'><strong>quia</strong></span> 
     </span>
    </p>
   </div>
   <div class='ocr_carea' id='block_1_26' title="bbox 506 2399 2067 2469">
    <p class='ocr_par' dir='ltr' id='par_1_26' title="bbox 506 2399 2067 2469">
     <span class='ocr_line' id='line_1_26' title="bbox 506 2399 2067 2469; baseline -0.001 -14"><span class='ocrx_word' id='word_1_189' title='bbox 506 2399 662 2456; x_wconf 85' lang='lat' dir='ltr'><strong>Jesus</strong></span> <span class='ocrx_word' id='word_1_190' title='bbox 684 2399 830 2469; x_wconf 89' lang='lat' dir='ltr'><strong>cepit</strong></span> <span class='ocrx_word' id='word_1_191' title='bbox 861 2414 1072 2453; x_wconf 91' lang='lat' dir='ltr'><strong>omnem</strong></span> <span class='ocrx_word' id='word_1_192' title='bbox 1106 2408 1304 2452; x_wconf 90' lang='lat' dir='ltr'><strong>terram</strong></span> <span class='ocrx_word' id='word_1_193' title='bbox 1343 2414 1358 2450; x_wconf 88' lang='lat'><strong>:</strong></span> <span class='ocrx_word' id='word_1_194' title='bbox 1391 2407 1448 2452; x_wconf 91' lang='lat' dir='ltr'><strong>et</strong></span> <span class='ocrx_word' id='word_1_195' title='bbox 1489 2399 1577 2452; x_wconf 88' lang='lat' dir='ltr'><strong>hic</strong></span> <span class='ocrx_word' id='word_1_196' title='bbox 1615 2402 1775 2454; x_wconf 90' lang='lat' dir='ltr'><strong>modo</strong></span> <span class='ocrx_word' id='word_1_197' title='bbox 1805 2400 2067 2469; x_wconf 87' lang='lat' dir='ltr'><strong>scriptum</strong></span> 
     </span>
    </p>
   </div>
   <div class='ocr_carea' id='block_1_27' title="bbox 505 2487 2069 2561">
    <p class='ocr_par' dir='ltr' id='par_1_27' title="bbox 505 2487 2069 2561">
     <span class='ocr_line' id='line_1_27' title="bbox 505 2487 2069 2561; baseline 0.001 -18"><span class='ocrx_word' id='word_1_198' title='bbox 505 2499 584 2543; x_wconf 86' lang='lat' dir='ltr'><strong>est</strong></span> <span class='ocrx_word' id='word_1_199' title='bbox 615 2487 715 2561; x_wconf 88' lang='lat'><strong>(8),</strong></span> <span class='ocrx_word' id='word_1_200' title='bbox 745 2489 872 2558; x_wconf 90' lang='lat' dir='ltr'><strong>quia</strong></span> <span class='ocrx_word' id='word_1_201' title='bbox 908 2497 1049 2542; x_wconf 90' lang='lat' dir='ltr'><strong>terra</strong></span> <span class='ocrx_word' id='word_1_202' title='bbox 1077 2487 1260 2542; x_wconf 92' lang='lat' dir='ltr'><strong>relicta</strong></span> <span class='ocrx_word' id='word_1_203' title='bbox 1291 2497 1375 2542; x_wconf 89' lang='lat' dir='ltr'><strong>est</strong></span> <span class='ocrx_word' id='word_1_204' title='bbox 1427 2489 1590 2541; x_wconf 90' lang='lat' dir='ltr'><strong>multa</strong></span> <span class='ocrx_word' id='word_1_205' title='bbox 1619 2489 1792 2544; x_wconf 89' lang='lat' dir='ltr'><strong>valde.</strong></span> <span class='ocrx_word' id='word_1_206' title='bbox 1832 2488 2069 2544; x_wconf 89' lang='lat' dir='ltr'><strong>Putasne</strong></span> 
     </span>
    </p>
   </div>
   <div class='ocr_carea' id='block_1_28' title="bbox 503 2579 2068 2648">
    <p class='ocr_par' dir='ltr' id='par_1_28' title="bbox 503 2579 2068 2648">
     <span class='ocr_line' id='line_1_28' title="bbox 503 2579 2068 2648; baseline 0.001 -12"><span class='ocrx_word' id='word_1_207' title='bbox 503 2581 781 2636; x_wconf 90' lang='lat' dir='ltr'><strong>contraria</strong></span> <span class='ocrx_word' id='word_1_208' title='bbox 801 2580 901 2636; x_wconf 91' lang='lat' dir='ltr'><strong>sibi</strong></span> <span class='ocrx_word' id='word_1_209' title='bbox 929 2579 1206 2648; x_wconf 90' lang='lat' dir='ltr'><strong>Scriptura</strong></span> <span class='ocrx_word' id='word_1_210' title='bbox 1241 2581 1553 2635; x_wconf 85' lang='lat' dir='ltr'><strong>contineat?</strong></span> <span class='ocrx_word' id='word_1_211' title='bbox 1609 2580 1718 2636; x_wconf 88' lang='lat' dir='ltr'><strong>Hoc</strong></span> <span class='ocrx_word' id='word_1_212' title='bbox 1745 2597 1845 2636; x_wconf 90' lang='lat' dir='ltr'><strong>nec</strong></span> <span class='ocrx_word' id='word_1_213' title='bbox 1881 2583 2068 2638; x_wconf 88' lang='lat' dir='ltr'><strong>leviter</strong></span> 
     </span>
    </p>
   </div>
   <div class='ocr_carea' id='block_1_29' title="bbox 503 2673 2066 2742">
    <p class='ocr_par' dir='ltr' id='par_1_29' title="bbox 503 2673 2066 2742">
     <span class='ocr_line' id='line_1_29' title="bbox 503 2673 2066 2742; baseline 0.001 -14"><span class='ocrx_word' id='word_1_214' title='bbox 503 2674 884 2742; x_wconf 84' lang='lat' dir='ltr'><strong>suspicandum</strong></span> <span class='ocrx_word' id='word_1_215' title='bbox 919 2683 1021 2727; x_wconf 92' lang='lat' dir='ltr'><strong>est.</strong></span> <span class='ocrx_word' id='word_1_216' title='bbox 1058 2673 1164 2728; x_wconf 92' lang='lat' dir='ltr'><strong>Sed</strong></span> <span class='ocrx_word' id='word_1_217' title='bbox 1214 2674 1497 2728; x_wconf 86' lang='lat' dir='ltr'><strong>redeamus</strong></span> <span class='ocrx_word' id='word_1_218' title='bbox 1543 2676 1608 2728; x_wconf 90' lang='lat' dir='ltr'><strong>ad</strong></span> <span class='ocrx_word' id='word_1_219' title='bbox 1655 2675 2066 2742; x_wconf 80' lang='lat' dir='ltr'><strong>intelligentiam</strong></span> 
     </span>
    </p>
   </div>
   <div class='ocr_carea' id='block_1_30' title="bbox 506 2765 2062 2834">
    <p class='ocr_par' dir='ltr' id='par_1_30' title="bbox 506 2765 2062 2834">
     <span class='ocr_line' id='line_1_30' title="bbox 506 2765 2062 2834; baseline 0.003 -16"><span class='ocrx_word' id='word_1_220' title='bbox 506 2765 820 2834; x_wconf 75' lang='lat' dir='ltr'><strong>apiritalem,</strong></span> <span class='ocrx_word' id='word_1_221' title='bbox 854 2774 908 2819; x_wconf 92' lang='lat' dir='ltr'><strong>et</strong></span> <span class='ocrx_word' id='word_1_222' title='bbox 939 2766 990 2818; x_wconf 92' lang='lat' dir='ltr'><strong>in</strong></span> <span class='ocrx_word' id='word_1_223' title='bbox 1024 2779 1088 2818; x_wconf 89' lang='lat' dir='ltr'><strong>ea</strong></span> <span class='ocrx_word' id='word_1_224' title='bbox 1117 2765 1248 2818; x_wconf 84' lang='lat' dir='ltr'><strong>nihil</strong></span> <span class='ocrx_word' id='word_1_225' title='bbox 1281 2765 1522 2821; x_wconf 88' lang='lat' dir='ltr'><strong>invenies</strong></span> <span class='ocrx_word' id='word_1_226' title='bbox 1549 2782 1672 2822; x_wconf 91' lang='lat' dir='ltr'><strong>esse</strong></span> <span class='ocrx_word' id='word_1_227' title='bbox 1707 2769 2062 2822; x_wconf 90' lang='lat' dir='ltr'><strong>contrarium.</strong></span> 
     </span>
    </p>
   </div>
   <div class='ocr_carea' id='block_1_31' title="bbox 503 2853 2063 2928">
    <p class='ocr_par' dir='ltr' id='par_1_31' title="bbox 503 2853 2063 2928">
     <span class='ocr_line' id='line_1_31' title="bbox 503 2853 2063 2928; baseline 0.002 -19"><span class='ocrx_word' id='word_1_228' title='bbox 503 2853 716 2910; x_wconf 86' lang='lat' dir='ltr'><strong>Intuere</strong></span> <span class='ocrx_word' id='word_1_229' title='bbox 740 2854 949 2910; x_wconf 89' lang='lat' dir='ltr'><strong>Domini</strong></span> <span class='ocrx_word' id='word_1_230' title='bbox 977 2865 1031 2909; x_wconf 92' lang='lat' dir='ltr'><strong>et</strong></span> <span class='ocrx_word' id='word_1_231' title='bbox 1081 2854 1381 2910; x_wconf 89' lang='lat' dir='ltr'><strong>Salvatoris</strong></span> <span class='ocrx_word' id='word_1_232' title='bbox 1415 2859 1586 2911; x_wconf 94' lang='lat' dir='ltr'><strong>nostri</strong></span> <span class='ocrx_word' id='word_1_233' title='bbox 1640 2859 1816 2927; x_wconf 90' lang='lat' dir='ltr'><strong>primo</strong></span> <span class='ocrx_word' id='word_1_234' title='bbox 1845 2860 2063 2928; x_wconf 90' lang='lat' dir='ltr'><strong>quidem</strong></span> 
     </span>
    </p>
   </div>
   <div class='ocr_carea' id='block_1_32' title="bbox 503 2947 2062 3006">
    <p class='ocr_par' dir='ltr' id='par_1_32' title="bbox 503 2947 2062 3006">
     <span class='ocr_line' id='line_1_32' title="bbox 503 2947 2062 3006; baseline 0.002 -4"><span class='ocrx_word' id='word_1_235' title='bbox 503 2948 736 3003; x_wconf 85' lang='lat' dir='ltr'><strong>adventu</strong></span> <span class='ocrx_word' id='word_1_236' title='bbox 765 2962 885 3002; x_wconf 91' lang='lat' dir='ltr'><strong>cum</strong></span> <span class='ocrx_word' id='word_1_237' title='bbox 923 2947 1066 3001; x_wconf 88' lang='lat' dir='ltr'><strong>venit</strong></span> <span class='ocrx_word' id='word_1_238' title='bbox 1111 2948 1382 3003; x_wconf 85' lang='lat' dir='ltr'><strong>seminare</strong></span> <span class='ocrx_word' id='word_1_239' title='bbox 1414 2949 1636 3004; x_wconf 88' lang='lat' dir='ltr'><strong>verbum</strong></span> <span class='ocrx_word' id='word_1_240' title='bbox 1687 2966 1841 3004; x_wconf 87' lang='lat' dir='ltr'><strong>suum</strong></span> <span class='ocrx_word' id='word_1_241' title='bbox 1870 2953 1921 3005; x_wconf 91' lang='lat' dir='ltr'><strong>in</strong></span> <span class='ocrx_word' id='word_1_242' title='bbox 1972 2967 2062 3006; x_wconf 93' lang='lat' dir='ltr'><strong>or-</strong></span> 
     </span>
    </p>
   </div>
   <div class='ocr_carea' id='block_1_33' title="bbox 503 3039 2069 3108">
    <p class='ocr_par' dir='ltr' id='par_1_33' title="bbox 503 3039 2069 3108">
     <span class='ocr_line' id='line_1_33' title="bbox 503 3039 2069 3108; baseline 0.001 -11"><span class='ocrx_word' id='word_1_243' title='bbox 503 3043 626 3097; x_wconf 90' lang='lat' dir='ltr'><strong>bem</strong></span> <span class='ocrx_word' id='word_1_244' title='bbox 656 3050 831 3106; x_wconf 81' lang='lat' dir='ltr'><strong>teme,</strong></span> <span class='ocrx_word' id='word_1_245' title='bbox 877 3039 1143 3108; x_wconf 82' lang='lat' dir='ltr'><strong>quomodo</strong></span> <span class='ocrx_word' id='word_1_246' title='bbox 1174 3041 1313 3108; x_wconf 92' lang='lat' dir='ltr'><strong>cepit</strong></span> <span class='ocrx_word' id='word_1_247' title='bbox 1352 3055 1567 3096; x_wconf 91' lang='lat' dir='ltr'><strong>omnem</strong></span> <span class='ocrx_word' id='word_1_248' title='bbox 1617 3051 1813 3096; x_wconf 90' lang='lat' dir='ltr'><strong>terram</strong></span> <span class='ocrx_word' id='word_1_249' title='bbox 1839 3042 1954 3098; x_wconf 91' lang='lat' dir='ltr'><strong>solo</strong></span> <span class='ocrx_word' id='word_1_250' title='bbox 1983 3059 2069 3098; x_wconf 91' lang='lat' dir='ltr'><strong>se—</strong></span> 
     </span>
    </p>
   </div>
   <div class='ocr_carea' id='block_1_34' title="bbox 502 3132 2069 3204">
    <p class='ocr_par' dir='ltr' id='par_1_34' title="bbox 502 3132 2069 3204">
     <span class='ocr_line' id='line_1_34' title="bbox 502 3132 2069 3204; baseline 0.003 -17"><span class='ocrx_word' id='word_1_251' title='bbox 502 3132 852 3201; x_wconf 80' lang='lat' dir='ltr'><strong>minisjactu,</strong></span> <span class='ocrx_word' id='word_1_252' title='bbox 885 3141 939 3186; x_wconf 93' lang='lat' dir='ltr'><strong>et</strong></span> <span class='ocrx_word' id='word_1_253' title='bbox 963 3133 1231 3198; x_wconf 90' lang='lat' dir='ltr'><strong>quomodo</strong></span> <span class='ocrx_word' id='word_1_254' title='bbox 1259 3134 1599 3187; x_wconf 82' lang='lat' dir='ltr'><strong>adversarius</strong></span> <span class='ocrx_word' id='word_1_255' title='bbox 1659 3146 1961 3204; x_wconf 87' lang='lat' dir='ltr'><strong>potestates</strong></span> <span class='ocrx_word' id='word_1_256' title='bbox 2001 3153 2069 3191; x_wconf 80' lang='lat' dir='ltr'><strong>ex</strong></span> 
     </span>
    </p>
   </div>
   <div class='ocr_carea' id='block_1_35' title="bbox 501 3223 2072 3294">
    <p class='ocr_par' dir='ltr' id='par_1_35' title="bbox 501 3223 2072 3294">
     <span class='ocr_line' id='line_1_35' title="bbox 501 3223 2072 3294; baseline 0.004 -16"><span class='ocrx_word' id='word_1_257' title='bbox 501 3237 566 3278; x_wconf 89' lang='lat' dir='ltr'><strong>ea</strong></span> <span class='ocrx_word' id='word_1_258' title='bbox 593 3233 646 3278; x_wconf 88' lang='lat' dir='ltr'><strong>et</strong></span> <span class='ocrx_word' id='word_1_259' title='bbox 670 3223 890 3293; x_wconf 79' lang='lat' dir='ltr'><strong>angelos</strong></span> <span class='ocrx_word' id='word_1_260' title='bbox 913 3224 1148 3292; x_wconf 84' lang='lat' dir='ltr'><strong>refugas,</strong></span> <span class='ocrx_word' id='word_1_261' title='bbox 1173 3224 1262 3292; x_wconf 85' lang='lat' dir='ltr'><strong>qui</strong></span> <span class='ocrx_word' id='word_1_262' title='bbox 1299 3226 1578 3294; x_wconf 84' lang='lat' dir='ltr'><strong>gentilium</strong></span> <span class='ocrx_word' id='word_1_263' title='bbox 1620 3238 1829 3282; x_wconf 88' lang='lat' dir='ltr'><strong>mentes</strong></span> <span class='ocrx_word' id='word_1_264' title='bbox 1851 3230 2072 3284; x_wconf 92' lang='lat' dir='ltr'><strong>obsede-</strong></span> 
     </span>
    </p>
   </div>
   <div class='ocr_carea' id='block_1_36' title="bbox 502 3315 2072 3390">
    <p class='ocr_par' dir='ltr' id='par_1_36' title="bbox 502 3315 2072 3390">
     <span class='ocr_line' id='line_1_36' title="bbox 502 3315 2072 3390; baseline 0.004 -22"><span class='ocrx_word' id='word_1_265' title='bbox 502 3325 648 3379; x_wconf 83' lang='lat' dir='ltr'><strong>rant,</strong></span> <span class='ocrx_word' id='word_1_266' title='bbox 676 3315 955 3386; x_wconf 79' lang='lat' dir='ltr'><strong>ell‘ugavit,</strong></span> <span class='ocrx_word' id='word_1_267' title='bbox 983 3325 1039 3370; x_wconf 91' lang='lat' dir='ltr'><strong>et</strong></span> <span class='ocrx_word' id='word_1_268' title='bbox 1086 3315 1305 3368; x_wconf 85' lang='lat' dir='ltr'><strong>interim</strong></span> <span class='ocrx_word' id='word_1_269' title='bbox 1335 3318 1626 3372; x_wconf 87' lang='lat' dir='ltr'><strong>seminavit</strong></span> <span class='ocrx_word' id='word_1_270' title='bbox 1665 3320 1883 3374; x_wconf 83' lang='lat' dir='ltr'><strong>verbum</strong></span> <span class='ocrx_word' id='word_1_271' title='bbox 1910 3331 2072 3390; x_wconf 89' lang='lat' dir='ltr'><strong>atque</strong></span> 
     </span>
    </p>
   </div>
   <div class='ocr_carea' id='block_1_37' title="bbox 503 3404 2070 3478">
    <p class='ocr_par' dir='ltr' id='par_1_37' title="bbox 503 3404 2070 3478">
     <span class='ocr_line' id='line_1_37' title="bbox 503 3404 2070 3478; baseline 0.005 -19"><span class='ocrx_word' id='word_1_272' title='bbox 503 3404 776 3460; x_wconf 88' lang='lat' dir='ltr'><strong>Ecclesias</strong></span> <span class='ocrx_word' id='word_1_273' title='bbox 823 3405 1157 3474; x_wconf 85' lang='lat' dir='ltr'><strong>propagavit.</strong></span> <span class='ocrx_word' id='word_1_274' title='bbox 1193 3404 1315 3460; x_wconf 83' lang='lat' dir='ltr'><strong>Haec</strong></span> <span class='ocrx_word' id='word_1_275' title='bbox 1366 3418 1450 3462; x_wconf 92' lang='lat' dir='ltr'><strong>est</strong></span> <span class='ocrx_word' id='word_1_276' title='bbox 1495 3410 1670 3478; x_wconf 91' lang='lat' dir='ltr'><strong>prima</strong></span> <span class='ocrx_word' id='word_1_277' title='bbox 1724 3411 1842 3478; x_wconf 89' lang='lat' dir='ltr'><strong>ejus</strong></span> <span class='ocrx_word' id='word_1_278' title='bbox 1905 3414 2070 3467; x_wconf 90' lang='lat' dir='ltr'><strong>totius</strong></span> 
     </span>
    </p>
   </div>
   <div class='ocr_carea' id='block_1_38' title="bbox 501 3497 2068 3573">
    <p class='ocr_par' dir='ltr' id='par_1_38' title="bbox 501 3497 2068 3573">
     <span class='ocr_line' id='line_1_38' title="bbox 501 3497 2068 3573; baseline 0.005 -22"><span class='ocrx_word' id='word_1_279' title='bbox 501 3505 657 3552; x_wconf 75' lang='lat' dir='ltr'><strong>terra:</strong></span> <span class='ocrx_word' id='word_1_280' title='bbox 688 3497 973 3567; x_wconf 87' lang='lat' dir='ltr'><strong>possessio.</strong></span> <span class='ocrx_word' id='word_1_281' title='bbox 999 3497 1237 3566; x_wconf 88' lang='lat' dir='ltr'><strong>Sequere</strong></span> <span class='ocrx_word' id='word_1_282' title='bbox 1262 3507 1442 3552; x_wconf 90' lang='lat' dir='ltr'><strong>autem</strong></span> <span class='ocrx_word' id='word_1_283' title='bbox 1470 3515 1574 3565; x_wconf 91' lang='lat' dir='ltr'><strong>me,</strong></span> <span class='ocrx_word' id='word_1_284' title='bbox 1603 3518 1635 3556; x_wconf 92' lang='grc' dir='ltr'><strong>ο</strong></span> <span class='ocrx_word' id='word_1_285' title='bbox 1676 3503 1915 3566; x_wconf 87' lang='lat' dir='ltr'><strong>auditor,</strong></span> <span class='ocrx_word' id='word_1_286' title='bbox 1971 3519 2068 3573; x_wconf 93' lang='lat' dir='ltr'><strong>per</strong></span> 
     </span>
    </p>
   </div>
   <div class='ocr_carea' id='block_1_39' title="bbox 500 3589 2070 3665">
    <p class='ocr_par' dir='ltr' id='par_1_39' title="bbox 500 3589 2070 3665">
     <span class='ocr_line' id='line_1_39' title="bbox 500 3589 2070 3665; baseline 0.004 -21"><span class='ocrx_word' id='word_1_287' title='bbox 500 3591 722 3645; x_wconf 86' lang='lat' dir='ltr'><strong>subtiles</strong></span> <span class='ocrx_word' id='word_1_288' title='bbox 763 3589 934 3646; x_wconf 86' lang='lat' dir='ltr'><strong>lineas</strong></span> <span class='ocrx_word' id='word_1_289' title='bbox 980 3589 1150 3653; x_wconf 89' lang='lat' dir='ltr'><strong>verbi,</strong></span> <span class='ocrx_word' id='word_1_290' title='bbox 1184 3599 1242 3643; x_wconf 91' lang='lat' dir='ltr'><strong>et</strong></span> <span class='ocrx_word' id='word_1_291' title='bbox 1295 3593 1574 3648; x_wconf 88' lang='lat' dir='ltr'><strong>ostendam</strong></span> <span class='ocrx_word' id='word_1_292' title='bbox 1643 3595 1740 3649; x_wconf 89' lang='lat' dir='ltr'><strong>tibi</strong></span> <span class='ocrx_word' id='word_1_293' title='bbox 1800 3598 2070 3665; x_wconf 90' lang='lat' dir='ltr'><strong>quomodo</strong></span> 
     </span>
    </p>
   </div>
   <div class='ocr_carea' id='block_1_40' title="bbox 499 3684 2069 3757">
    <p class='ocr_par' dir='ltr' id='par_1_40' title="bbox 499 3684 2069 3757">
     <span class='ocr_line' id='line_1_40' title="bbox 499 3684 2069 3757; baseline 0.004 -21"><span class='ocrx_word' id='word_1_294' title='bbox 499 3684 663 3736; x_wconf 90' lang='lat' dir='ltr'><strong>etiam</strong></span> <span class='ocrx_word' id='word_1_295' title='bbox 693 3685 928 3740; x_wconf 89' lang='lat' dir='ltr'><strong>secundo</strong></span> <span class='ocrx_word' id='word_1_296' title='bbox 958 3687 1139 3755; x_wconf 83' lang='lat' dir='ltr'><strong>capiat</strong></span> <span class='ocrx_word' id='word_1_297' title='bbox 1167 3696 1366 3740; x_wconf 90' lang='lat' dir='ltr'><strong>terram</strong></span> <span class='ocrx_word' id='word_1_298' title='bbox 1404 3688 1562 3750; x_wconf 92' lang='lat' dir='ltr'><strong>hanc,</strong></span> <span class='ocrx_word' id='word_1_299' title='bbox 1598 3703 1718 3757; x_wconf 75' lang='lat' dir='ltr'><strong>qua:</strong></span> <span class='ocrx_word' id='word_1_300' title='bbox 1749 3705 1892 3744; x_wconf 89' lang='lat' dir='ltr'><strong>nunc</strong></span> <span class='ocrx_word' id='word_1_301' title='bbox 1929 3689 2069 3744; x_wconf 87' lang='lat' dir='ltr'><strong>dici-</strong></span> 
     </span>
    </p>
   </div>
   <div class='ocr_carea' id='block_1_41' title="bbox 501 3773 2070 3837">
    <p class='ocr_par' dir='ltr' id='par_1_41' title="bbox 501 3773 2070 3837">
     <span class='ocr_line' id='line_1_41' title="bbox 501 3773 2070 3837; baseline 0.008 -13"><span class='ocrx_word' id='word_1_302' title='bbox 501 3781 591 3826; x_wconf 92' lang='lat' dir='ltr'><strong>tur</strong></span> <span class='ocrx_word' id='word_1_303' title='bbox 637 3774 703 3826; x_wconf 91' lang='lat' dir='ltr'><strong>ad</strong></span> <span class='ocrx_word' id='word_1_304' title='bbox 759 3773 942 3829; x_wconf 84' lang='lat' dir='ltr'><strong>Jesum</strong></span> <span class='ocrx_word' id='word_1_305' title='bbox 983 3776 1147 3830; x_wconf 90' lang='lat' dir='ltr'><strong>multa</strong></span> <span class='ocrx_word' id='word_1_306' title='bbox 1183 3792 1306 3832; x_wconf 91' lang='lat' dir='ltr'><strong>esse</strong></span> <span class='ocrx_word' id='word_1_307' title='bbox 1365 3778 1642 3833; x_wconf 90' lang='lat' dir='ltr'><strong>derelicta.</strong></span> <span class='ocrx_word' id='word_1_308' title='bbox 1703 3781 1842 3835; x_wconf 86' lang='lat' dir='ltr'><strong>Audi</strong></span> <span class='ocrx_word' id='word_1_309' title='bbox 1894 3783 1960 3835; x_wconf 90' lang='lat' dir='ltr'><strong>de</strong></span> <span class='ocrx_word' id='word_1_310' title='bbox 2004 3797 2070 3837; x_wconf 92' lang='lat' dir='ltr'><strong>eo</strong></span> 
     </span>
    </p>
   </div>
   <div class='ocr_carea' id='block_1_42' title="bbox 500 3864 2066 3940">
    <p class='ocr_par' dir='ltr' id='par_1_42' title="bbox 500 3864 2066 3940">
     <span class='ocr_line' id='line_1_42' title="bbox 500 3864 2066 3940; baseline 0.008 -23"><span class='ocrx_word' id='word_1_311' title='bbox 500 3864 726 3919; x_wconf 88' lang='lat' dir='ltr'><strong>Paulum</strong></span> <span class='ocrx_word' id='word_1_312' title='bbox 755 3868 1020 3922; x_wconf 88' lang='lat' dir='ltr'><strong>dicentem</strong></span> <span class='ocrx_word' id='word_1_313' title='bbox 1049 3871 1094 3901; x_wconf 83' lang='grc'><strong>²⁰</strong></span> <span class='ocrx_word' id='word_1_314' title='bbox 1127 3889 1140 3924; x_wconf 88' lang='lat'><strong>:</strong></span> <span class='ocrx_word' id='word_1_315' title='bbox 1181 3890 1196 3922; x_wconf 82' lang='grc' dir='ltr'><strong>ι</strong></span> <span class='ocrx_word' id='word_1_316' title='bbox 1233 3871 1458 3940; x_wconf 89' lang='lat' dir='ltr'><strong>Oportet</strong></span> <span class='ocrx_word' id='word_1_317' title='bbox 1484 3873 1626 3926; x_wconf 91' lang='lat' dir='ltr'><strong>enim</strong></span> <span class='ocrx_word' id='word_1_318' title='bbox 1659 3887 1778 3928; x_wconf 93' lang='lat' dir='ltr'><strong>eum</strong></span> <span class='ocrx_word' id='word_1_319' title='bbox 1818 3890 2066 3940; x_wconf 81' lang='lat' dir='ltr'><strong>regnare,</strong></span> 
     </span>
    </p>
   </div>
   <div class='ocr_carea' id='block_1_43' title="bbox 503 3957 2066 4034">
    <p class='ocr_par' dir='ltr' id='par_1_43' title="bbox 503 3957 2066 4034">
     <span class='ocr_line' id='line_1_43' title="bbox 503 3957 2066 4034; baseline 0.007 -25"><span class='ocrx_word' id='word_1_320' title='bbox 503 3957 674 4012; x_wconf 91' lang='lat' dir='ltr'><strong>donec</strong></span> <span class='ocrx_word' id='word_1_321' title='bbox 699 3967 866 4027; x_wconf 92' lang='lat' dir='ltr'><strong>ponat</strong></span> <span class='ocrx_word' id='word_1_322' title='bbox 896 3975 1085 4015; x_wconf 91' lang='lat' dir='ltr'><strong>omnes</strong></span> <span class='ocrx_word' id='word_1_323' title='bbox 1110 3962 1359 4016; x_wconf 91' lang='lat' dir='ltr'><strong>inimicos</strong></span> <span class='ocrx_word' id='word_1_324' title='bbox 1383 3977 1512 4017; x_wconf 93' lang='lat' dir='ltr'><strong>suos</strong></span> <span class='ocrx_word' id='word_1_325' title='bbox 1547 3961 1842 4018; x_wconf 86' lang='lat' dir='ltr'><strong>scabellum</strong></span> <span class='ocrx_word' id='word_1_326' title='bbox 1874 3967 2066 4034; x_wconf 91' lang='lat' dir='ltr'><strong>pedum</strong></span> 
     </span>
    </p>
   </div>
   <div class='ocr_carea' id='block_1_44' title="bbox 501 4050 2069 4123">
    <p class='ocr_par' dir='ltr' id='par_1_44' title="bbox 501 4050 2069 4123">
     <span class='ocr_line' id='line_1_44' title="bbox 501 4050 2069 4123; baseline 0.007 -21"><span class='ocrx_word' id='word_1_327' title='bbox 501 4063 742 4104; x_wconf 90' lang='lat' dir='ltr'><strong>suorum.</strong></span> <span class='ocrx_word' id='word_1_328' title='bbox 787 4068 806 4101; x_wconf 73' lang='grc' dir='ltr'><strong>ι</strong></span> <span class='ocrx_word' id='word_1_329' title='bbox 840 4050 964 4106; x_wconf 76' lang='lat' dir='ltr'><strong>lltcc</strong></span> <span class='ocrx_word' id='word_1_330' title='bbox 991 4067 1122 4122; x_wconf 87' lang='lat' dir='ltr'><strong>ergo</strong></span> <span class='ocrx_word' id='word_1_331' title='bbox 1151 4063 1236 4108; x_wconf 90' lang='lat' dir='ltr'><strong>est</strong></span> <span class='ocrx_word' id='word_1_332' title='bbox 1263 4065 1425 4120; x_wconf 93' lang='lat' dir='ltr'><strong>terra,</strong></span> <span class='ocrx_word' id='word_1_333' title='bbox 1453 4071 1572 4123; x_wconf 81' lang='lat' dir='ltr'><strong>quae</strong></span> <span class='ocrx_word' id='word_1_334' title='bbox 1620 4071 1765 4111; x_wconf 92' lang='lat' dir='ltr'><strong>nunc</strong></span> <span class='ocrx_word' id='word_1_335' title='bbox 1791 4058 1956 4112; x_wconf 90' lang='lat' dir='ltr'><strong>multa</strong></span> <span class='ocrx_word' id='word_1_336' title='bbox 1990 4059 2069 4113; x_wconf 92' lang='lat' dir='ltr'><strong>di-</strong></span> 
     </span>
    </p>
   </div>
   <div class='ocr_carea' id='block_1_45' title="bbox 501 4139 2068 4207">
    <p class='ocr_par' dir='ltr' id='par_1_45' title="bbox 501 4139 2068 4207">
     <span class='ocr_line' id='line_1_45' title="bbox 501 4139 2068 4207; baseline 0.006 -12"><span class='ocrx_word' id='word_1_337' title='bbox 501 4139 647 4195; x_wconf 84' lang='lat' dir='ltr'><strong>citur</strong></span> <span class='ocrx_word' id='word_1_338' title='bbox 673 4156 795 4197; x_wconf 90' lang='lat' dir='ltr'><strong>esse</strong></span> <span class='ocrx_word' id='word_1_339' title='bbox 825 4142 1101 4207; x_wconf 89' lang='lat' dir='ltr'><strong>derelicta,</strong></span> <span class='ocrx_word' id='word_1_340' title='bbox 1141 4146 1312 4200; x_wconf 91' lang='lat' dir='ltr'><strong>donec</strong></span> <span class='ocrx_word' id='word_1_341' title='bbox 1369 4162 1557 4204; x_wconf 85' lang='lat' dir='ltr'><strong>omnes</strong></span> <span class='ocrx_word' id='word_1_342' title='bbox 1584 4148 1806 4204; x_wconf 89' lang='lat' dir='ltr'><strong>omnino</strong></span> <span class='ocrx_word' id='word_1_343' title='bbox 1831 4152 2068 4206; x_wconf 89' lang='lat' dir='ltr'><strong>subdan-</strong></span> 
     </span>
    </p>
   </div>
   <div class='ocr_carea' id='block_1_46' title="bbox 501 4231 2068 4307">
    <p class='ocr_par' dir='ltr' id='par_1_46' title="bbox 501 4231 2068 4307">
     <span class='ocr_line' id='line_1_46' title="bbox 501 4231 2068 4307; baseline 0.005 -23"><span class='ocrx_word' id='word_1_344' title='bbox 501 4242 590 4285; x_wconf 94' lang='lat' dir='ltr'><strong>tur</strong></span> <span class='ocrx_word' id='word_1_345' title='bbox 621 4232 721 4287; x_wconf 88' lang='lat' dir='ltr'><strong>sub</strong></span> <span class='ocrx_word' id='word_1_346' title='bbox 747 4232 976 4302; x_wconf 90' lang='lat' dir='ltr'><strong>pedibus</strong></span> <span class='ocrx_word' id='word_1_347' title='bbox 1001 4231 1143 4300; x_wconf 84' lang='lat' dir='ltr'><strong>ejus,</strong></span> <span class='ocrx_word' id='word_1_348' title='bbox 1179 4244 1230 4288; x_wconf 89' lang='lat' dir='ltr'><strong>et</strong></span> <span class='ocrx_word' id='word_1_349' title='bbox 1283 4251 1379 4302; x_wconf 87' lang='lat' dir='ltr'><strong>per</strong></span> <span class='ocrx_word' id='word_1_350' title='bbox 1407 4238 1517 4292; x_wconf 81' lang='lat' dir='ltr'><strong>haec</strong></span> <span class='ocrx_word' id='word_1_351' title='bbox 1550 4237 1864 4292; x_wconf 76' lang='lat' dir='ltr'><strong>haereditate</strong></span> <span class='ocrx_word' id='word_1_352' title='bbox 1889 4238 2068 4307; x_wconf 90' lang='lat' dir='ltr'><strong>capiat</strong></span> 
     </span>
    </p>
   </div>
   <div class='ocr_carea' id='block_1_47' title="bbox 2178 379 3716 453">
    <p class='ocr_par' dir='ltr' id='par_1_47' title="bbox 2178 379 3716 453">
     <span class='ocr_line' id='line_1_47' title="bbox 2178 379 3716 453; baseline -0.004 -17"><span class='ocrx_word' id='word_1_353' title='bbox 2178 383 2494 453; x_wconf 66' lang='lat' dir='ltr'><strong>Etltiopes;</strong></span> <span class='ocrx_word' id='word_1_354' title='bbox 2553 401 2569 430; x_wconf 75' lang='grc' dir='ltr'><strong>ι</strong></span> <span class='ocrx_word' id='word_1_355' title='bbox 2623 393 2678 438; x_wconf 88' lang='grc' dir='ltr'><strong>ει</strong></span> <span class='ocrx_word' id='word_1_356' title='bbox 2701 385 2747 415; x_wconf 71' lang='grc'><strong>’⁸</strong></span> <span class='ocrx_word' id='word_1_357' title='bbox 2794 401 2808 436; x_wconf 87' lang='lat'><strong>:</strong></span> <span class='ocrx_word' id='word_1_358' title='bbox 2863 401 2882 433; x_wconf 85' lang='grc'><strong><em>‹</em></strong></span> <span class='ocrx_word' id='word_1_359' title='bbox 2928 384 3002 437; x_wconf 88' lang='lat' dir='ltr'><strong>De</strong></span> <span class='ocrx_word' id='word_1_360' title='bbox 3054 391 3204 437; x_wconf 87' lang='lat' dir='ltr'><strong>trans</strong></span> <span class='ocrx_word' id='word_1_361' title='bbox 3258 383 3401 451; x_wconf 86' lang='lat' dir='ltr'><strong>ripas</strong></span> <span class='ocrx_word' id='word_1_362' title='bbox 3455 379 3716 433; x_wconf 83' lang='lat' dir='ltr'><strong>ﬂuminum</strong></span> 
     </span>
    </p>
   </div>
   <div class='ocr_carea' id='block_1_48' title="bbox 2177 468 3717 542">
    <p class='ocr_par' dir='ltr' id='par_1_48' title="bbox 2177 468 3717 542">
     <span class='ocr_line' id='line_1_48' title="bbox 2177 468 3717 542; baseline -0.005 -14"><span class='ocrx_word' id='word_1_363' title='bbox 2177 474 2469 542; x_wconf 65' lang='lat' dir='ltr'><strong>Ethiopian</strong></span> <span class='ocrx_word' id='word_1_364' title='bbox 2499 473 2730 529; x_wconf 88' lang='lat' dir='ltr'><strong>offerent</strong></span> <span class='ocrx_word' id='word_1_365' title='bbox 2775 471 3062 528; x_wconf 80' lang='lat' dir='ltr'><strong>sacrificia.</strong></span> <span class='ocrx_word' id='word_1_366' title='bbox 3096 488 3115 521; x_wconf 71' lang='grc' dir='ltr'><strong>ι</strong></span> <span class='ocrx_word' id='word_1_367' title='bbox 3156 470 3303 525; x_wconf 89' lang='lat' dir='ltr'><strong>Unde</strong></span> <span class='ocrx_word' id='word_1_368' title='bbox 3353 476 3563 523; x_wconf 79' lang='lat' dir='ltr'><strong>constat</strong></span> <span class='ocrx_word' id='word_1_369' title='bbox 3590 468 3717 535; x_wconf 89' lang='lat' dir='ltr'><strong>quod</strong></span> 
     </span>
    </p>
   </div>
   <div class='ocr_carea' id='block_1_49' title="bbox 2178 556 3719 624">
    <p class='ocr_par' dir='ltr' id='par_1_49' title="bbox 2178 556 3719 624">
     <span class='ocr_line' id='line_1_49' title="bbox 2178 556 3719 624; baseline -0.006 -8"><span class='ocrx_word' id='word_1_370' title='bbox 2178 565 2230 617; x_wconf 91' lang='lat' dir='ltr'><strong>in</strong></span> <span class='ocrx_word' id='word_1_371' title='bbox 2264 564 2498 617; x_wconf 89' lang='lat' dir='ltr'><strong>secundo</strong></span> <span class='ocrx_word' id='word_1_372' title='bbox 2533 564 2764 618; x_wconf 89' lang='lat' dir='ltr'><strong>adventu</strong></span> <span class='ocrx_word' id='word_1_373' title='bbox 2812 562 2950 615; x_wconf 90' lang='lat' dir='ltr'><strong>hanc</strong></span> <span class='ocrx_word' id='word_1_374' title='bbox 3001 568 3204 612; x_wconf 92' lang='lat' dir='ltr'><strong>terram</strong></span> <span class='ocrx_word' id='word_1_375' title='bbox 3242 556 3462 612; x_wconf 87' lang='lat' dir='ltr'><strong>multam</strong></span> <span class='ocrx_word' id='word_1_376' title='bbox 3493 571 3605 624; x_wconf 55' lang='lat' dir='ltr'><strong>quae</strong></span> <span class='ocrx_word' id='word_1_377' title='bbox 3636 570 3719 607; x_wconf 88' lang='lat' dir='ltr'><strong>su-</strong></span> 
     </span>
    </p>
   </div>
   <div class='ocr_carea' id='block_1_50' title="bbox 2178 647 3720 725">
    <p class='ocr_par' dir='ltr' id='par_1_50' title="bbox 2178 647 3720 725">
     <span class='ocr_line' id='line_1_50' title="bbox 2178 647 3720 725; baseline -0.006 -16"><span class='ocrx_word' id='word_1_378' title='bbox 2178 666 2377 725; x_wconf 81' lang='lat' dir='ltr'><strong>perest,</strong></span> <span class='ocrx_word' id='word_1_379' title='bbox 2407 654 2671 709; x_wconf 82' lang='lat' dir='ltr'><strong>obtinebit</strong></span> <span class='ocrx_word' id='word_1_380' title='bbox 2713 652 2869 707; x_wconf 84' lang='lat' dir='ltr'><strong>Jesus</strong></span> <span class='ocrx_word' id='word_1_381' title='bbox 2903 671 2915 705; x_wconf 92' lang='lat'><strong>:</strong></span> <span class='ocrx_word' id='word_1_382' title='bbox 2946 651 3038 706; x_wconf 79' lang='lat' dir='ltr'><strong>sed</strong></span> <span class='ocrx_word' id='word_1_383' title='bbox 3065 649 3207 704; x_wconf 90' lang='lat' dir='ltr'><strong>beati</strong></span> <span class='ocrx_word' id='word_1_384' title='bbox 3235 659 3364 703; x_wconf 89' lang='lat' dir='ltr'><strong>sunt</strong></span> <span class='ocrx_word' id='word_1_385' title='bbox 3397 647 3494 710; x_wconf 93' lang='lat' dir='ltr'><strong>illi,</strong></span> <span class='ocrx_word' id='word_1_386' title='bbox 3562 647 3646 716; x_wconf 85' lang='lat' dir='ltr'><strong>qui</strong></span> <span class='ocrx_word' id='word_1_387' title='bbox 3673 647 3720 700; x_wconf 91' lang='lat' dir='ltr'><strong>in</strong></span> 
     </span>
    </p>
   </div>
   <div class='ocr_carea' id='block_1_51' title="bbox 2178 737 3722 816">
    <p class='ocr_par' dir='ltr' id='par_1_51' title="bbox 2178 737 3722 816">
     <span class='ocr_line' id='line_1_51' title="bbox 2178 737 3722 816; baseline -0.006 -16"><span class='ocrx_word' id='word_1_388' title='bbox 2178 749 2354 816; x_wconf 91' lang='lat' dir='ltr'><strong>primo</strong></span> <span class='ocrx_word' id='word_1_389' title='bbox 2403 748 2516 813; x_wconf 86' lang='lat' dir='ltr'><strong>ejus</strong></span> <span class='ocrx_word' id='word_1_390' title='bbox 2571 747 2799 799; x_wconf 87' lang='lat' dir='ltr'><strong>adventu</strong></span> <span class='ocrx_word' id='word_1_391' title='bbox 2833 741 3039 798; x_wconf 90' lang='lat' dir='ltr'><strong>obtenti</strong></span> <span class='ocrx_word' id='word_1_392' title='bbox 3091 750 3235 795; x_wconf 92' lang='lat' dir='ltr'><strong>sunt.</strong></span> <span class='ocrx_word' id='word_1_393' title='bbox 3293 739 3384 794; x_wconf 90' lang='lat' dir='ltr'><strong>lsti</strong></span> <span class='ocrx_word' id='word_1_394' title='bbox 3440 737 3582 792; x_wconf 92' lang='lat' dir='ltr'><strong>enim</strong></span> <span class='ocrx_word' id='word_1_395' title='bbox 3609 752 3722 791; x_wconf 85' lang='lat' dir='ltr'><strong>vere</strong></span> 
     </span>
    </p>
   </div>
   <div class='ocr_carea' id='block_1_52' title="bbox 2177 830 3723 909">
    <p class='ocr_par' dir='ltr' id='par_1_52' title="bbox 2177 830 3723 909">
     <span class='ocr_line' id='line_1_52' title="bbox 2177 830 3723 909; baseline -0.006 -16"><span class='ocrx_word' id='word_1_396' title='bbox 2177 840 2314 909; x_wconf 82' lang='lat' dir='ltr'><strong>grati</strong></span> <span class='ocrx_word' id='word_1_397' title='bbox 2343 849 2520 904; x_wconf 89' lang='lat' dir='ltr'><strong>erunt,</strong></span> <span class='ocrx_word' id='word_1_398' title='bbox 2549 840 2662 907; x_wconf 91' lang='lat' dir='ltr'><strong>qui,</strong></span> <span class='ocrx_word' id='word_1_399' title='bbox 2702 838 2882 891; x_wconf 90' lang='lat' dir='ltr'><strong>multis</strong></span> <span class='ocrx_word' id='word_1_400' title='bbox 2901 834 3222 890; x_wconf 89' lang='lat' dir='ltr'><strong>adversariis</strong></span> <span class='ocrx_word' id='word_1_401' title='bbox 3249 830 3643 892; x_wconf 86' lang='lat' dir='ltr'><strong>resistentibus,</strong></span> <span class='ocrx_word' id='word_1_402' title='bbox 3674 839 3723 884; x_wconf 86' lang='lat' dir='ltr'><strong>et</strong></span> 
     </span>
    </p>
   </div>
   <div class='ocr_carea' id='block_1_53' title="bbox 2179 924 3721 1000">
    <p class='ocr_par' dir='ltr' id='par_1_53' title="bbox 2179 924 3721 1000">
     <span class='ocr_line' id='line_1_53' title="bbox 2179 924 3721 1000; baseline -0.007 -14"><span class='ocrx_word' id='word_1_403' title='bbox 2179 932 2359 986; x_wconf 88' lang='lat' dir='ltr'><strong>multis</strong></span> <span class='ocrx_word' id='word_1_404' title='bbox 2387 933 2628 988; x_wconf 89' lang='lat' dir='ltr'><strong>hostibus</strong></span> <span class='ocrx_word' id='word_1_405' title='bbox 2657 929 3116 1000; x_wconf 81' lang='lat' dir='ltr'><strong>impugnantibus,</strong></span> <span class='ocrx_word' id='word_1_406' title='bbox 3171 927 3308 981; x_wconf 88' lang='lat' dir='ltr'><strong>bello</strong></span> <span class='ocrx_word' id='word_1_407' title='bbox 3338 936 3394 978; x_wconf 90' lang='lat' dir='ltr'><strong>et</strong></span> <span class='ocrx_word' id='word_1_408' title='bbox 3433 925 3600 976; x_wconf 88' lang='lat' dir='ltr'><strong>armis</strong></span> <span class='ocrx_word' id='word_1_409' title='bbox 3625 924 3721 976; x_wconf 69' lang='lat' dir='ltr'><strong>bte-</strong></span> 
     </span>
    </p>
   </div>
   <div class='ocr_carea' id='block_1_54' title="bbox 2180 1015 3720 1091">
    <p class='ocr_par' dir='ltr' id='par_1_54' title="bbox 2180 1015 3720 1091">
     <span class='ocr_line' id='line_1_54' title="bbox 2180 1015 3720 1091; baseline -0.006 -15"><span class='ocrx_word' id='word_1_410' title='bbox 2180 1025 2461 1079; x_wconf 81' lang='lat' dir='ltr'><strong>reditatem</strong></span> <span class='ocrx_word' id='word_1_411' title='bbox 2518 1033 2676 1078; x_wconf 71' lang='lat' dir='ltr'><strong>tet-rte</strong></span> <span class='ocrx_word' id='word_1_412' title='bbox 2733 1020 3172 1091; x_wconf 88' lang='lat' dir='ltr'><strong>repromissionis</strong></span> <span class='ocrx_word' id='word_1_413' title='bbox 3233 1018 3528 1085; x_wconf 87' lang='lat' dir='ltr'><strong>accipiunt.</strong></span> <span class='ocrx_word' id='word_1_414' title='bbox 3600 1015 3720 1068; x_wconf 90' lang='lat' dir='ltr'><strong>Cum</strong></span> 
     </span>
    </p>
   </div>
   <div class='ocr_carea' id='block_1_55' title="bbox 2177 1108 3723 1182">
    <p class='ocr_par' dir='ltr' id='par_1_55' title="bbox 2177 1108 3723 1182">
     <span class='ocr_line' id='line_1_55' title="bbox 2177 1108 3723 1182; baseline -0.003 -17"><span class='ocrx_word' id='word_1_415' title='bbox 2177 1129 2304 1169; x_wconf 89' lang='lat' dir='ltr'><strong>vero</strong></span> <span class='ocrx_word' id='word_1_416' title='bbox 2355 1130 2420 1169; x_wconf 85' lang='lat' dir='ltr'><strong>ex</strong></span> <span class='ocrx_word' id='word_1_417' title='bbox 2483 1113 2810 1170; x_wconf 86' lang='lat' dir='ltr'><strong>necessitate</strong></span> <span class='ocrx_word' id='word_1_418' title='bbox 2862 1114 2987 1182; x_wconf 93' lang='lat' dir='ltr'><strong>quis</strong></span> <span class='ocrx_word' id='word_1_419' title='bbox 3042 1110 3205 1165; x_wconf 87' lang='lat' dir='ltr'><strong>fuerit</strong></span> <span class='ocrx_word' id='word_1_420' title='bbox 3256 1108 3555 1176; x_wconf 90' lang='lat' dir='ltr'><strong>subjectus,</strong></span> <span class='ocrx_word' id='word_1_421' title='bbox 3609 1116 3723 1160; x_wconf 90' lang='lat' dir='ltr'><strong>tunc</strong></span> 
     </span>
    </p>
   </div>
   <div class='ocr_carea' id='block_1_56' title="bbox 2174 1200 3723 1275">
    <p class='ocr_par' dir='ltr' id='par_1_56' title="bbox 2174 1200 3723 1275">
     <span class='ocr_line' id='line_1_56' title="bbox 2174 1200 3723 1275; baseline -0.004 -16"><span class='ocrx_word' id='word_1_422' title='bbox 2174 1206 2390 1275; x_wconf 90' lang='lat' dir='ltr'><strong>quando</strong></span> <span class='ocrx_word' id='word_1_423' title='bbox 2441 1207 2602 1262; x_wconf 91' lang='lat' dir='ltr'><strong>etiam</strong></span> <span class='ocrx_word' id='word_1_424' title='bbox 2666 1206 3015 1260; x_wconf 86' lang='lat' dir='ltr'><strong>novissimum</strong></span> <span class='ocrx_word' id='word_1_425' title='bbox 3078 1205 3363 1258; x_wconf 80' lang='lat' dir='ltr'><strong>inimicum</strong></span> <span class='ocrx_word' id='word_1_426' title='bbox 3395 1200 3599 1256; x_wconf 90' lang='lat' dir='ltr'><strong>destrui</strong></span> <span class='ocrx_word' id='word_1_427' title='bbox 3638 1217 3723 1254; x_wconf 82' lang='lat' dir='ltr'><strong>ne-</strong></span> 
     </span>
    </p>
   </div>
   <div class='ocr_carea' id='block_1_57' title="bbox 2175 1292 3723 1364">
    <p class='ocr_par' dir='ltr' id='par_1_57' title="bbox 2175 1292 3723 1364">
     <span class='ocr_line' id='line_1_57' title="bbox 2175 1292 3723 1364; baseline -0.005 -10"><span class='ocrx_word' id='word_1_428' title='bbox 2175 1313 2327 1354; x_wconf 91' lang='lat' dir='ltr'><strong>cesse</strong></span> <span class='ocrx_word' id='word_1_429' title='bbox 2352 1307 2456 1364; x_wconf 92' lang='lat' dir='ltr'><strong>est,</strong></span> <span class='ocrx_word' id='word_1_430' title='bbox 2492 1298 2701 1353; x_wconf 90' lang='lat' dir='ltr'><strong>scilicet</strong></span> <span class='ocrx_word' id='word_1_431' title='bbox 2749 1307 2998 1362; x_wconf 90' lang='lat' dir='ltr'><strong>mortem,</strong></span> <span class='ocrx_word' id='word_1_432' title='bbox 3034 1312 3138 1350; x_wconf 91' lang='lat' dir='ltr'><strong>non</strong></span> <span class='ocrx_word' id='word_1_433' title='bbox 3169 1296 3272 1350; x_wconf 91' lang='lat' dir='ltr'><strong>erit</strong></span> <span class='ocrx_word' id='word_1_434' title='bbox 3297 1295 3411 1362; x_wconf 85' lang='lat' dir='ltr'><strong>jam</strong></span> <span class='ocrx_word' id='word_1_435' title='bbox 3469 1292 3634 1363; x_wconf 89' lang='lat' dir='ltr'><strong>gratia</strong></span> <span class='ocrx_word' id='word_1_436' title='bbox 3665 1292 3723 1346; x_wconf 90' lang='lat' dir='ltr'><strong>iis</strong></span> 
     </span>
    </p>
   </div>
   <div class='ocr_carea' id='block_1_58' title="bbox 2175 1390 2678 1460">
    <p class='ocr_par' dir='ltr' id='par_1_58' title="bbox 2175 1390 2678 1460">
     <span class='ocr_line' id='line_1_58' title="bbox 2175 1390 2678 1460; baseline 0.006 -17"><span class='ocrx_word' id='word_1_437' title='bbox 2175 1392 2264 1460; x_wconf 92' lang='lat' dir='ltr'><strong>qui</strong></span> <span class='ocrx_word' id='word_1_438' title='bbox 2295 1390 2678 1460; x_wconf 89' lang='lat' dir='ltr'><strong>subjiciuntur.</strong></span> 
     </span>
    </p>
   </div>
   <div class='ocr_carea' id='block_1_59' title="bbox 2242 1477 3723 1547">
    <p class='ocr_par' dir='ltr' id='par_1_59' title="bbox 2242 1477 3723 1547">
     <span class='ocr_line' id='line_1_59' title="bbox 2242 1477 3723 1547; baseline -0.007 -11"><span class='ocrx_word' id='word_1_439' title='bbox 2242 1483 2298 1538; x_wconf 71' lang='grc'>4.</span> <span class='ocrx_word' id='word_1_440' title='bbox 2325 1482 2455 1537; x_wconf 84' lang='lat' dir='ltr'><strong>Post</strong></span> <span class='ocrx_word' id='word_1_441' title='bbox 2486 1483 2600 1536; x_wconf 84' lang='lat' dir='ltr'><strong>haec</strong></span> <span class='ocrx_word' id='word_1_442' title='bbox 2637 1495 2760 1536; x_wconf 93' lang='lat' dir='ltr'><strong>cum</strong></span> <span class='ocrx_word' id='word_1_443' title='bbox 2788 1488 3157 1534; x_wconf 89' lang='lat' dir='ltr'><strong>enumerasset</strong></span> <span class='ocrx_word' id='word_1_444' title='bbox 3217 1477 3483 1547; x_wconf 88' lang='lat' dir='ltr'><strong>plurimas</strong></span> <span class='ocrx_word' id='word_1_445' title='bbox 3533 1485 3723 1546; x_wconf 85' lang='lat' dir='ltr'><strong>gentes,</strong></span> 
     </span>
    </p>
   </div>
   <div class='ocr_carea' id='block_1_60' title="bbox 2173 1567 3727 1645">
    <p class='ocr_par' dir='ltr' id='par_1_60' title="bbox 2173 1567 3727 1645">
     <span class='ocr_line' id='line_1_60' title="bbox 2173 1567 3727 1645; baseline -0.004 -19"><span class='ocrx_word' id='word_1_446' title='bbox 2173 1573 2333 1645; x_wconf 66' lang='grc'><strong>437</strong></span> <span class='ocrx_word' id='word_1_447' title='bbox 2363 1573 2430 1629; x_wconf 90' lang='lat' dir='ltr'><strong>de</strong></span> <span class='ocrx_word' id='word_1_448' title='bbox 2476 1573 2712 1628; x_wconf 92' lang='lat' dir='ltr'><strong>Sidoniis</strong></span> <span class='ocrx_word' id='word_1_449' title='bbox 2743 1572 2873 1628; x_wconf 91' lang='lat' dir='ltr'><strong>solis</strong></span> <span class='ocrx_word' id='word_1_450' title='bbox 2917 1571 3154 1627; x_wconf 80' lang='lat' dir='ltr'><strong>dixit&quot;:</strong></span> <span class='ocrx_word' id='word_1_451' title='bbox 3194 1589 3214 1623; x_wconf 72' lang='grc' dir='ltr'><strong>ι</strong></span> <span class='ocrx_word' id='word_1_452' title='bbox 3240 1570 3308 1624; x_wconf 85' lang='grc' dir='ltr'>Ει</span> <span class='ocrx_word' id='word_1_453' title='bbox 3356 1582 3546 1623; x_wconf 83' lang='grc' dir='ltr'>οιηιιεε</span> <span class='ocrx_word' id='word_1_454' title='bbox 3587 1567 3727 1622; x_wconf 85' lang='lat' dir='ltr'><strong>Sido-</strong></span> 
     </span>
    </p>
   </div>
   <div class='ocr_carea' id='block_1_61' title="bbox 2105 1647 3725 1736">
    <p class='ocr_par' dir='ltr' id='par_1_61' title="bbox 2105 1647 3725 1736">
     <span class='ocr_line' id='line_1_61' title="bbox 2105 1647 3725 1736; baseline -0.004 -18"><span class='ocrx_word' id='word_1_455' title='bbox 2105 1647 2147 1701; x_wconf 81' lang='grc' dir='ltr'><strong>Β</strong></span> <span class='ocrx_word' id='word_1_456' title='bbox 2177 1666 2295 1720; x_wconf 93' lang='lat' dir='ltr'><strong>nios</strong></span> <span class='ocrx_word' id='word_1_457' title='bbox 2324 1679 2422 1736; x_wconf 86' lang='lat' dir='ltr'><strong>ego</strong></span> <span class='ocrx_word' id='word_1_458' title='bbox 2453 1666 2827 1719; x_wconf 83' lang='lat' dir='ltr'><strong>exterminabo</strong></span> <span class='ocrx_word' id='word_1_459' title='bbox 2861 1679 2890 1718; x_wconf 90' lang='lat' dir='ltr'><strong>a</strong></span> <span class='ocrx_word' id='word_1_460' title='bbox 2931 1663 3070 1719; x_wconf 87' lang='lat' dir='ltr'><strong>facie</strong></span> <span class='ocrx_word' id='word_1_461' title='bbox 3101 1663 3332 1717; x_wconf 86' lang='lat' dir='ltr'><strong>filiorum</strong></span> <span class='ocrx_word' id='word_1_462' title='bbox 3365 1660 3553 1716; x_wconf 87' lang='lat' dir='ltr'><strong>Israel.</strong></span> <span class='ocrx_word' id='word_1_463' title='bbox 3579 1679 3598 1712; x_wconf 72' lang='grc' dir='ltr'><strong>ι</strong></span> <span class='ocrx_word' id='word_1_464' title='bbox 3635 1660 3725 1712; x_wconf 79' lang='grc' dir='ltr'><strong>Νο-</strong></span> 
     </span>
    </p>
   </div>
   <div class='ocr_carea' id='block_1_62' title="bbox 2176 1751 3723 1821">
    <p class='ocr_par' dir='ltr' id='par_1_62' title="bbox 2176 1751 3723 1821">
     <span class='ocr_line' id='line_1_62' title="bbox 2176 1751 3723 1821; baseline -0.005 -9"><span class='ocrx_word' id='word_1_465' title='bbox 2176 1759 2360 1812; x_wconf 90' lang='lat' dir='ltr'><strong>minati</strong></span> <span class='ocrx_word' id='word_1_466' title='bbox 2415 1765 2541 1812; x_wconf 88' lang='lat' dir='ltr'><strong>sunt</strong></span> <span class='ocrx_word' id='word_1_467' title='bbox 2589 1756 2920 1821; x_wconf 67' lang='lat' dir='ltr'><strong>Chananzei,</strong></span> <span class='ocrx_word' id='word_1_468' title='bbox 2969 1755 3228 1810; x_wconf 90' lang='lat' dir='ltr'><strong>nominati</strong></span> <span class='ocrx_word' id='word_1_469' title='bbox 3284 1763 3418 1808; x_wconf 91' lang='lat' dir='ltr'><strong>sunt</strong></span> <span class='ocrx_word' id='word_1_470' title='bbox 3465 1762 3519 1808; x_wconf 92' lang='lat' dir='ltr'><strong>et</strong></span> <span class='ocrx_word' id='word_1_471' title='bbox 3566 1753 3600 1806; x_wconf 91' lang='lat' dir='ltr'><strong>ii</strong></span> <span class='ocrx_word' id='word_1_472' title='bbox 3645 1751 3723 1820; x_wconf 88' lang='lat' dir='ltr'><strong>qui</strong></span> 
     </span>
    </p>
   </div>
   <div class='ocr_carea' id='block_1_63' title="bbox 2177 1845 3728 1920">
    <p class='ocr_par' dir='ltr' id='par_1_63' title="bbox 2177 1845 3728 1920">
     <span class='ocr_line' id='line_1_63' title="bbox 2177 1845 3728 1920; baseline -0.005 -16"><span class='ocrx_word' id='word_1_473' title='bbox 2177 1860 2365 1904; x_wconf 89' lang='lat' dir='ltr'><strong>contra</strong></span> <span class='ocrx_word' id='word_1_474' title='bbox 2405 1849 2599 1904; x_wconf 79' lang='lat' dir='ltr'><strong>faciem</strong></span> <span class='ocrx_word' id='word_1_475' title='bbox 2633 1847 2855 1920; x_wconf 65' lang='lat' dir='ltr'><strong>Egypti</strong></span> <span class='ocrx_word' id='word_1_476' title='bbox 2899 1856 3056 1914; x_wconf 89' lang='lat' dir='ltr'><strong>sunt,</strong></span> <span class='ocrx_word' id='word_1_477' title='bbox 3092 1857 3147 1902; x_wconf 91' lang='lat' dir='ltr'><strong>et</strong></span> <span class='ocrx_word' id='word_1_478' title='bbox 3194 1847 3230 1901; x_wconf 93' lang='lat' dir='ltr'><strong>ii</strong></span> <span class='ocrx_word' id='word_1_479' title='bbox 3271 1848 3366 1916; x_wconf 90' lang='lat' dir='ltr'><strong>qui</strong></span> <span class='ocrx_word' id='word_1_480' title='bbox 3409 1853 3535 1899; x_wconf 92' lang='lat' dir='ltr'><strong>sunt</strong></span> <span class='ocrx_word' id='word_1_481' title='bbox 3573 1860 3634 1899; x_wconf 91' lang='lat' dir='ltr'><strong>ex</strong></span> <span class='ocrx_word' id='word_1_482' title='bbox 3675 1845 3728 1896; x_wconf 87' lang='lat' dir='ltr'><strong>fi-</strong></span> 
     </span>
    </p>
   </div>
   <div class='ocr_carea' id='block_1_64' title="bbox 2178 1938 3726 2007">
    <p class='ocr_par' dir='ltr' id='par_1_64' title="bbox 2178 1938 3726 2007">
     <span class='ocr_line' id='line_1_64' title="bbox 2178 1938 3726 2007; baseline -0.005 -12"><span class='ocrx_word' id='word_1_483' title='bbox 2178 1943 2334 1997; x_wconf 88' lang='lat' dir='ltr'><strong>nibus</strong></span> <span class='ocrx_word' id='word_1_484' title='bbox 2362 1941 2644 2005; x_wconf 84' lang='lat' dir='ltr'><strong>Accaron,</strong></span> <span class='ocrx_word' id='word_1_485' title='bbox 2691 1950 2747 1994; x_wconf 92' lang='lat' dir='ltr'><strong>et</strong></span> <span class='ocrx_word' id='word_1_486' title='bbox 2778 1939 3014 1994; x_wconf 92' lang='lat' dir='ltr'><strong>sinistris</strong></span> <span class='ocrx_word' id='word_1_487' title='bbox 3059 1940 3302 2007; x_wconf 90' lang='lat' dir='ltr'><strong>partibus</strong></span> <span class='ocrx_word' id='word_1_488' title='bbox 3346 1938 3644 2000; x_wconf 85' lang='lat' dir='ltr'><strong>ﬂuminum,</strong></span> <span class='ocrx_word' id='word_1_489' title='bbox 3677 1945 3726 1989; x_wconf 89' lang='lat' dir='ltr'><strong>et</strong></span> 
     </span>
    </p>
   </div>
   <div class='ocr_carea' id='block_1_65' title="bbox 2177 2026 3726 2102">
    <p class='ocr_par' dir='ltr' id='par_1_65' title="bbox 2177 2026 3726 2102">
     <span class='ocr_line' id='line_1_65' title="bbox 2177 2026 3726 2102; baseline -0.006 -15"><span class='ocrx_word' id='word_1_490' title='bbox 2177 2035 2295 2088; x_wconf 86' lang='lat' dir='ltr'><strong>aliae</strong></span> <span class='ocrx_word' id='word_1_491' title='bbox 2322 2032 2736 2102; x_wconf 77' lang='lat' dir='ltr'><strong>quamplurima:</strong></span> <span class='ocrx_word' id='word_1_492' title='bbox 2763 2038 2973 2101; x_wconf 84' lang='lat' dir='ltr'><strong>gentes,</strong></span> <span class='ocrx_word' id='word_1_493' title='bbox 2998 2039 3047 2084; x_wconf 91' lang='lat' dir='ltr'><strong>et</strong></span> <span class='ocrx_word' id='word_1_494' title='bbox 3087 2029 3154 2083; x_wconf 93' lang='lat' dir='ltr'><strong>de</strong></span> <span class='ocrx_word' id='word_1_495' title='bbox 3181 2029 3312 2083; x_wconf 90' lang='lat' dir='ltr'><strong>solis</strong></span> <span class='ocrx_word' id='word_1_496' title='bbox 3343 2028 3581 2082; x_wconf 89' lang='lat' dir='ltr'><strong>Sidoniis</strong></span> <span class='ocrx_word' id='word_1_497' title='bbox 3607 2026 3726 2080; x_wconf 86' lang='lat' dir='ltr'><strong>dicit</strong></span> 
     </span>
    </p>
   </div>
   <div class='ocr_carea' id='block_1_66' title="bbox 2179 2120 3726 2194">
    <p class='ocr_par' dir='ltr' id='par_1_66' title="bbox 2179 2120 3726 2194">
     <span class='ocr_line' id='line_1_66' title="bbox 2179 2120 3726 2194; baseline -0.006 -14"><span class='ocrx_word' id='word_1_498' title='bbox 2179 2126 2440 2180; x_wconf 91' lang='lat' dir='ltr'><strong>Dominus</strong></span> <span class='ocrx_word' id='word_1_499' title='bbox 2470 2124 2615 2194; x_wconf 92' lang='lat' dir='ltr'><strong>quod</strong></span> <span class='ocrx_word' id='word_1_500' title='bbox 2647 2138 2741 2178; x_wconf 92' lang='lat' dir='ltr'><strong>eos</strong></span> <span class='ocrx_word' id='word_1_501' title='bbox 2775 2137 3067 2176; x_wconf 88' lang='lat' dir='ltr'><strong>eversurus</strong></span> <span class='ocrx_word' id='word_1_502' title='bbox 3101 2122 3194 2176; x_wconf 89' lang='lat' dir='ltr'><strong>sit.</strong></span> <span class='ocrx_word' id='word_1_503' title='bbox 3238 2120 3453 2176; x_wconf 89' lang='lat' dir='ltr'><strong>Sidonii</strong></span> <span class='ocrx_word' id='word_1_504' title='bbox 3489 2121 3726 2173; x_wconf 88' lang='lat' dir='ltr'><strong>dicuntur</strong></span> 
     </span>
    </p>
   </div>
   <div class='ocr_carea' id='block_1_67' title="bbox 2177 2212 3724 2284">
    <p class='ocr_par' dir='ltr' id='par_1_67' title="bbox 2177 2212 3724 2284">
     <span class='ocr_line' id='line_1_67' title="bbox 2177 2212 3724 2284; baseline -0.001 -14"><span class='ocrx_word' id='word_1_505' title='bbox 2177 2229 2377 2282; x_wconf 90' lang='lat' dir='ltr'><strong>autem,</strong></span> <span class='ocrx_word' id='word_1_506' title='bbox 2402 2219 2542 2272; x_wconf 88' lang='lat' dir='ltr'><strong>sicut</strong></span> <span class='ocrx_word' id='word_1_507' title='bbox 2575 2229 2699 2270; x_wconf 87' lang='lat' dir='ltr'><strong>ante</strong></span> <span class='ocrx_word' id='word_1_508' title='bbox 2725 2216 2837 2284; x_wconf 89' lang='lat' dir='ltr'><strong>jam</strong></span> <span class='ocrx_word' id='word_1_509' title='bbox 2868 2217 3124 2280; x_wconf 77' lang='lat' dir='ltr'><strong>diximus,</strong></span> <span class='ocrx_word' id='word_1_510' title='bbox 3152 2227 3451 2268; x_wconf 77' lang='lat' dir='ltr'><strong>venatores.</strong></span> <span class='ocrx_word' id='word_1_511' title='bbox 3479 2212 3578 2281; x_wconf 87' lang='lat' dir='ltr'><strong>Qui</strong></span> <span class='ocrx_word' id='word_1_512' title='bbox 3605 2228 3724 2281; x_wconf 86' lang='lat' dir='ltr'><strong>ergo</strong></span> 
     </span>
    </p>
   </div>
   <div class='ocr_carea' id='block_1_68' title="bbox 2178 2305 3725 2378">
    <p class='ocr_par' dir='ltr' id='par_1_68' title="bbox 2178 2305 3725 2378">
     <span class='ocr_line' id='line_1_68' title="bbox 2178 2305 3725 2378; baseline -0.003 -17"><span class='ocrx_word' id='word_1_513' title='bbox 2178 2308 2550 2378; x_wconf 88' lang='lat' dir='ltr'><strong>intelliguntur</strong></span> <span class='ocrx_word' id='word_1_514' title='bbox 2583 2307 2667 2362; x_wconf 91' lang='lat' dir='ltr'><strong>isti</strong></span> <span class='ocrx_word' id='word_1_515' title='bbox 2709 2305 2832 2361; x_wconf 92' lang='lat' dir='ltr'><strong>mali</strong></span> <span class='ocrx_word' id='word_1_516' title='bbox 2870 2314 3158 2360; x_wconf 88' lang='lat' dir='ltr'><strong>venatores</strong></span> <span class='ocrx_word' id='word_1_517' title='bbox 3185 2319 3320 2374; x_wconf 93' lang='lat' dir='ltr'><strong>quos</strong></span> <span class='ocrx_word' id='word_1_518' title='bbox 3357 2305 3612 2358; x_wconf 91' lang='lat' dir='ltr'><strong>Dominus</strong></span> <span class='ocrx_word' id='word_1_519' title='bbox 3639 2319 3725 2358; x_wconf 86' lang='lat' dir='ltr'><strong>ex-</strong></span> 
     </span>
    </p>
   </div>
   <div class='ocr_carea' id='block_1_69' title="bbox 2177 2395 3725 2465">
    <p class='ocr_par' dir='ltr' id='par_1_69' title="bbox 2177 2395 3725 2465">
     <span class='ocr_line' id='line_1_69' title="bbox 2177 2395 3725 2465; baseline -0.003 -11"><span class='ocrx_word' id='word_1_520' title='bbox 2177 2403 2465 2465; x_wconf 88' lang='lat' dir='ltr'><strong>terminat,</strong></span> <span class='ocrx_word' id='word_1_521' title='bbox 2509 2400 2609 2455; x_wconf 92' lang='lat' dir='ltr'><strong>nisi</strong></span> <span class='ocrx_word' id='word_1_522' title='bbox 2658 2399 2762 2455; x_wconf 78' lang='lat' dir='ltr'><strong>illa:</strong></span> <span class='ocrx_word' id='word_1_523' title='bbox 2803 2399 3036 2453; x_wconf 90' lang='lat' dir='ltr'><strong>virtutes</strong></span> <span class='ocrx_word' id='word_1_524' title='bbox 3085 2397 3382 2452; x_wconf 71' lang='lat' dir='ltr'><strong>contraria:</strong></span> <span class='ocrx_word' id='word_1_525' title='bbox 3433 2397 3497 2451; x_wconf 88' lang='lat' dir='ltr'><strong>de</strong></span> <span class='ocrx_word' id='word_1_526' title='bbox 3545 2395 3725 2460; x_wconf 90' lang='lat' dir='ltr'><strong>quibus</strong></span> 
     </span>
    </p>
   </div>
   <div class='ocr_carea' id='block_1_70' title="bbox 2174 2491 3724 2564">
    <p class='ocr_par' dir='ltr' id='par_1_70' title="bbox 2174 2491 3724 2564">
     <span class='ocr_line' id='line_1_70' title="bbox 2174 2491 3724 2564; baseline -0.004 -16"><span class='ocrx_word' id='word_1_527' title='bbox 2174 2494 2306 2548; x_wconf 92' lang='lat' dir='ltr'><strong>dicit</strong></span> <span class='ocrx_word' id='word_1_528' title='bbox 2355 2493 2623 2562; x_wconf 89' lang='lat' dir='ltr'><strong>Propheta</strong></span> <span class='ocrx_word' id='word_1_529' title='bbox 2662 2495 2730 2558; x_wconf 78' lang='lat'><strong>&#39;°,</strong></span> <span class='ocrx_word' id='word_1_530' title='bbox 2765 2493 2891 2564; x_wconf 90' lang='lat' dir='ltr'><strong>quia</strong></span> <span class='ocrx_word' id='word_1_531' title='bbox 2935 2511 2954 2544; x_wconf 84' lang='grc'><strong><em>‹</em></strong></span> <span class='ocrx_word' id='word_1_532' title='bbox 2987 2491 3209 2560; x_wconf 91' lang='lat' dir='ltr'><strong>laqueos</strong></span> <span class='ocrx_word' id='word_1_533' title='bbox 3259 2500 3595 2558; x_wconf 88' lang='lat' dir='ltr'><strong>paraverunt</strong></span> <span class='ocrx_word' id='word_1_534' title='bbox 3637 2502 3724 2556; x_wconf 90' lang='lat' dir='ltr'><strong>pe-</strong></span> 
     </span>
    </p>
   </div>
   <div class='ocr_carea' id='block_1_71' title="bbox 2175 2581 3725 2656">
    <p class='ocr_par' dir='ltr' id='par_1_71' title="bbox 2175 2581 3725 2656">
     <span class='ocr_line' id='line_1_71' title="bbox 2175 2581 3725 2656; baseline -0.005 -16"><span class='ocrx_word' id='word_1_535' title='bbox 2175 2586 2333 2640; x_wconf 91' lang='lat' dir='ltr'><strong>dibus</strong></span> <span class='ocrx_word' id='word_1_536' title='bbox 2379 2587 2574 2640; x_wconf 65' lang='lat' dir='ltr'><strong>meis?»</strong></span> <span class='ocrx_word' id='word_1_537' title='bbox 2591 2585 2785 2656; x_wconf 87' lang='lat' dir='ltr'><strong>quibus</strong></span> <span class='ocrx_word' id='word_1_538' title='bbox 2817 2584 3028 2640; x_wconf 89' lang='lat' dir='ltr'><strong>scilicet</strong></span> <span class='ocrx_word' id='word_1_539' title='bbox 3068 2593 3332 2637; x_wconf 89' lang='lat' dir='ltr'><strong>venentur</strong></span> <span class='ocrx_word' id='word_1_540' title='bbox 3368 2593 3427 2636; x_wconf 89' lang='lat' dir='ltr'><strong>et</strong></span> <span class='ocrx_word' id='word_1_541' title='bbox 3471 2581 3725 2650; x_wconf 83' lang='lat' dir='ltr'><strong>decipiant</strong></span> 
     </span>
    </p>
   </div>
   <div class='ocr_carea' id='block_1_72' title="bbox 2177 2671 3724 2747">
    <p class='ocr_par' dir='ltr' id='par_1_72' title="bbox 2177 2671 3724 2747">
     <span class='ocr_line' id='line_1_72' title="bbox 2177 2671 3724 2747; baseline -0.003 -18"><span class='ocrx_word' id='word_1_542' title='bbox 2177 2677 2388 2732; x_wconf 89' lang='lat' dir='ltr'><strong>animas</strong></span> <span class='ocrx_word' id='word_1_543' title='bbox 2414 2678 2480 2732; x_wconf 90' lang='lat' dir='ltr'><strong>ad</strong></span> <span class='ocrx_word' id='word_1_544' title='bbox 2511 2687 2815 2747; x_wconf 89' lang='lat' dir='ltr'><strong>peccatum.</strong></span> <span class='ocrx_word' id='word_1_545' title='bbox 2855 2678 2991 2732; x_wconf 86' lang='lat' dir='ltr'><strong>Istos</strong></span> <span class='ocrx_word' id='word_1_546' title='bbox 3021 2691 3148 2746; x_wconf 86' lang='lat' dir='ltr'><strong>ergo</strong></span> <span class='ocrx_word' id='word_1_547' title='bbox 3177 2675 3446 2730; x_wconf 89' lang='lat' dir='ltr'><strong>Dominus</strong></span> <span class='ocrx_word' id='word_1_548' title='bbox 3485 2671 3724 2728; x_wconf 88' lang='lat' dir='ltr'><strong>extermi-</strong></span> 
     </span>
    </p>
   </div>
   <div class='ocr_carea' id='block_1_73' title="bbox 2175 2767 3720 2838">
    <p class='ocr_par' dir='ltr' id='par_1_73' title="bbox 2175 2767 3720 2838">
     <span class='ocr_line' id='line_1_73' title="bbox 2175 2767 3720 2838; baseline -0.005 -16"><span class='ocrx_word' id='word_1_549' title='bbox 2175 2780 2303 2834; x_wconf 90' lang='lat' dir='ltr'><strong>nat;</strong></span> <span class='ocrx_word' id='word_1_550' title='bbox 2342 2769 2488 2838; x_wconf 87' lang='lat' dir='ltr'><strong>quia,</strong></span> <span class='ocrx_word' id='word_1_551' title='bbox 2538 2771 2580 2824; x_wconf 88' lang='lat' dir='ltr'><strong>si</strong></span> <span class='ocrx_word' id='word_1_552' title='bbox 2619 2769 2705 2823; x_wconf 91' lang='lat' dir='ltr'><strong>isti</strong></span> <span class='ocrx_word' id='word_1_553' title='bbox 2741 2768 2871 2822; x_wconf 90' lang='lat' dir='ltr'><strong>tales</strong></span> <span class='ocrx_word' id='word_1_554' title='bbox 2912 2767 3216 2822; x_wconf 91' lang='lat' dir='ltr'><strong>interierint</strong></span> <span class='ocrx_word' id='word_1_555' title='bbox 3264 2775 3574 2828; x_wconf 89' lang='lat' dir='ltr'><strong>venatores,</strong></span> <span class='ocrx_word' id='word_1_556' title='bbox 3612 2777 3720 2817; x_wconf 89' lang='lat' dir='ltr'><strong>eum</strong></span> 
     </span>
    </p>
   </div>
   <div class='ocr_carea' id='block_1_74' title="bbox 2169 2853 3725 2931">
    <p class='ocr_par' dir='ltr' id='par_1_74' title="bbox 2169 2853 3725 2931">
     <span class='ocr_line' id='line_1_74' title="bbox 2169 2853 3725 2931; baseline -0.004 -17"><span class='ocrx_word' id='word_1_557' title='bbox 2169 2861 2280 2930; x_wconf 88' lang='lat' dir='ltr'><strong>jam</strong></span> <span class='ocrx_word' id='word_1_558' title='bbox 2315 2876 2472 2916; x_wconf 91' lang='lat' dir='ltr'><strong>nemo</strong></span> <span class='ocrx_word' id='word_1_559' title='bbox 2511 2860 2673 2916; x_wconf 92' lang='lat' dir='ltr'><strong>fuerit</strong></span> <span class='ocrx_word' id='word_1_560' title='bbox 2702 2864 2793 2931; x_wconf 91' lang='lat' dir='ltr'><strong>qui</strong></span> <span class='ocrx_word' id='word_1_561' title='bbox 2829 2861 3049 2930; x_wconf 89' lang='lat' dir='ltr'><strong>laqueos</strong></span> <span class='ocrx_word' id='word_1_562' title='bbox 3086 2860 3340 2914; x_wconf 90' lang='lat' dir='ltr'><strong>tendatet</strong></span> <span class='ocrx_word' id='word_1_563' title='bbox 3379 2857 3536 2918; x_wconf 84' lang='lat' dir='ltr'><strong>retia,</strong></span> <span class='ocrx_word' id='word_1_564' title='bbox 3565 2865 3617 2908; x_wconf 92' lang='lat' dir='ltr'><strong>ut</strong></span> <span class='ocrx_word' id='word_1_565' title='bbox 3641 2853 3725 2908; x_wconf 90' lang='lat' dir='ltr'><strong>de-</strong></span> 
     </span>
    </p>
   </div>
   <div class='ocr_carea' id='block_1_75' title="bbox 2173 2949 3720 3020">
    <p class='ocr_par' dir='ltr' id='par_1_75' title="bbox 2173 2949 3720 3020">
     <span class='ocr_line' id='line_1_75' title="bbox 2173 2949 3720 3020; baseline -0.003 -18"><span class='ocrx_word' id='word_1_566' title='bbox 2173 2949 2337 3019; x_wconf 85' lang='lat' dir='ltr'><strong>cipiat</strong></span> <span class='ocrx_word' id='word_1_567' title='bbox 2383 2951 2592 3006; x_wconf 84' lang='lat' dir='ltr'><strong>anintas</strong></span> <span class='ocrx_word' id='word_1_568' title='bbox 2640 2951 2692 3005; x_wconf 96' lang='lat' dir='ltr'><strong>in</strong></span> <span class='ocrx_word' id='word_1_569' title='bbox 2744 2961 2982 3020; x_wconf 88' lang='lat' dir='ltr'><strong>peccato,</strong></span> <span class='ocrx_word' id='word_1_570' title='bbox 3032 2959 3158 3004; x_wconf 92' lang='lat' dir='ltr'><strong>tunc</strong></span> <span class='ocrx_word' id='word_1_571' title='bbox 3199 2949 3514 3018; x_wconf 87' lang='lat' dir='ltr'><strong>requiescet</strong></span> <span class='ocrx_word' id='word_1_572' title='bbox 3570 2960 3720 3000; x_wconf 87' lang='lat' dir='ltr'><strong>unus-</strong></span> 
     </span>
    </p>
   </div>
   <div class='ocr_carea' id='block_1_76' title="bbox 2172 3041 3308 3114">
    <p class='ocr_par' dir='ltr' id='par_1_76' title="bbox 2172 3041 3308 3114">
     <span class='ocr_line' id='line_1_76' title="bbox 2172 3041 3308 3114; baseline -0.003 -18"><span class='ocrx_word' id='word_1_573' title='bbox 2172 3043 2400 3114; x_wconf 90' lang='lat' dir='ltr'><strong>quisque</strong></span> <span class='ocrx_word' id='word_1_574' title='bbox 2424 3045 2525 3099; x_wconf 90' lang='lat' dir='ltr'><strong>sub</strong></span> <span class='ocrx_word' id='word_1_575' title='bbox 2555 3043 2664 3097; x_wconf 89' lang='lat' dir='ltr'><strong>vite</strong></span> <span class='ocrx_word' id='word_1_576' title='bbox 2692 3058 2810 3108; x_wconf 90' lang='lat' dir='ltr'><strong>sua,</strong></span> <span class='ocrx_word' id='word_1_577' title='bbox 2839 3052 2892 3096; x_wconf 86' lang='lat' dir='ltr'><strong>et</strong></span> <span class='ocrx_word' id='word_1_578' title='bbox 2925 3045 3022 3095; x_wconf 87' lang='lat' dir='ltr'><strong>sub</strong></span> <span class='ocrx_word' id='word_1_579' title='bbox 3055 3041 3157 3095; x_wconf 87' lang='lat' dir='ltr'><strong>ficu</strong></span> <span class='ocrx_word' id='word_1_580' title='bbox 3191 3057 3308 3096; x_wconf 90' lang='lat' dir='ltr'><strong>sua.</strong></span> 
     </span>
    </p>
   </div>
   <div class='ocr_carea' id='block_1_77' title="bbox 2243 3131 3720 3202">
    <p class='ocr_par' dir='ltr' id='par_1_77' title="bbox 2243 3131 3720 3202">
     <span class='ocr_line' id='line_1_77' title="bbox 2243 3131 3720 3202; baseline -0.005 -11"><span class='ocrx_word' id='word_1_581' title='bbox 2243 3138 2296 3191; x_wconf 87' lang='lat'><strong>5.</strong></span> <span class='ocrx_word' id='word_1_582' title='bbox 2342 3138 2448 3192; x_wconf 91' lang='lat' dir='ltr'><strong>Sed</strong></span> <span class='ocrx_word' id='word_1_583' title='bbox 2494 3145 2550 3193; x_wconf 89' lang='lat' dir='ltr'><strong>et</strong></span> <span class='ocrx_word' id='word_1_584' title='bbox 2597 3137 2725 3190; x_wconf 93' lang='lat' dir='ltr'><strong>illud</strong></span> <span class='ocrx_word' id='word_1_585' title='bbox 2787 3137 2943 3190; x_wconf 84' lang='lat' dir='ltr'><strong>nobis</strong></span> <span class='ocrx_word' id='word_1_586' title='bbox 2994 3136 3155 3189; x_wconf 92' lang='lat' dir='ltr'><strong>bodie</strong></span> <span class='ocrx_word' id='word_1_587' title='bbox 3204 3135 3405 3187; x_wconf 83' lang='lat' dir='ltr'><strong>lectum</strong></span> <span class='ocrx_word' id='word_1_588' title='bbox 3446 3142 3564 3196; x_wconf 81' lang='lat' dir='ltr'><strong>est,</strong></span> <span class='ocrx_word' id='word_1_589' title='bbox 3608 3131 3720 3202; x_wconf 79' lang='lat' dir='ltr'><strong>quia</strong></span> 
     </span>
    </p>
   </div>
   <div class='ocr_carea' id='block_1_78' title="bbox 2171 3225 3723 3298">
    <p class='ocr_par' dir='ltr' id='par_1_78' title="bbox 2171 3225 3723 3298">
     <span class='ocr_line' id='line_1_78' title="bbox 2171 3225 3723 3298; baseline -0.003 -16"><span class='ocrx_word' id='word_1_590' title='bbox 2171 3227 2383 3298; x_wconf 82' lang='lat' dir='ltr'><strong>Moyses</strong></span> <span class='ocrx_word' id='word_1_591' title='bbox 2415 3228 2624 3282; x_wconf 86' lang='lat' dir='ltr'><strong>dederit</strong></span> <span class='ocrx_word' id='word_1_592' title='bbox 2659 3227 3024 3281; x_wconf 66' lang='lat' dir='ltr'><strong>hmreditatetn</strong></span> <span class='ocrx_word' id='word_1_593' title='bbox 3060 3226 3388 3294; x_wconf 87' lang='lat' dir='ltr'><strong>quibusdam</strong></span> <span class='ocrx_word' id='word_1_594' title='bbox 3423 3245 3436 3280; x_wconf 92' lang='lat'>:</span> <span class='ocrx_word' id='word_1_595' title='bbox 3469 3236 3586 3294; x_wconf 89' lang='lat' dir='ltr'><strong>post</strong></span> <span class='ocrx_word' id='word_1_596' title='bbox 3622 3225 3723 3279; x_wconf 72' lang='lat' dir='ltr'><strong>lucc</strong></span> 
     </span>
    </p>
   </div>
   <div class='ocr_carea' id='block_1_79' title="bbox 2169 3317 3718 3388">
    <p class='ocr_par' dir='ltr' id='par_1_79' title="bbox 2169 3317 3718 3388">
     <span class='ocr_line' id='line_1_79' title="bbox 2169 3317 3718 3388; baseline -0.004 -14"><span class='ocrx_word' id='word_1_597' title='bbox 2169 3336 2300 3376; x_wconf 88' lang='lat' dir='ltr'><strong>vero</strong></span> <span class='ocrx_word' id='word_1_598' title='bbox 2346 3319 2562 3388; x_wconf 87' lang='lat' dir='ltr'><strong>legitur,</strong></span> <span class='ocrx_word' id='word_1_599' title='bbox 2608 3320 2733 3388; x_wconf 89' lang='lat' dir='ltr'><strong>quia</strong></span> <span class='ocrx_word' id='word_1_600' title='bbox 2774 3329 2829 3372; x_wconf 90' lang='lat' dir='ltr'><strong>et</strong></span> <span class='ocrx_word' id='word_1_601' title='bbox 2874 3318 3030 3374; x_wconf 87' lang='lat' dir='ltr'><strong>Jesus</strong></span> <span class='ocrx_word' id='word_1_602' title='bbox 3073 3317 3369 3372; x_wconf 90' lang='lat' dir='ltr'><strong>secundum</strong></span> <span class='ocrx_word' id='word_1_603' title='bbox 3412 3327 3718 3386; x_wconf 69' lang='lat' dir='ltr'><strong>praeceptum</strong></span> 
     </span>
    </p>
   </div>
   <div class='ocr_carea' id='block_1_80' title="bbox 2175 3411 3722 3482">
    <p class='ocr_par' dir='ltr' id='par_1_80' title="bbox 2175 3411 3722 3482">
     <span class='ocr_line' id='line_1_80' title="bbox 2175 3411 3722 3482; baseline -0.001 -16"><span class='ocrx_word' id='word_1_604' title='bbox 2175 3413 2388 3467; x_wconf 91' lang='lat' dir='ltr'><strong>Domini</strong></span> <span class='ocrx_word' id='word_1_605' title='bbox 2414 3411 2692 3466; x_wconf 85' lang='lat' dir='ltr'><strong>distribuit</strong></span> <span class='ocrx_word' id='word_1_606' title='bbox 2723 3411 3116 3465; x_wconf 77' lang='lat' dir='ltr'><strong>lucreditatern.</strong></span> <span class='ocrx_word' id='word_1_607' title='bbox 3140 3411 3352 3465; x_wconf 85' lang='lat' dir='ltr'><strong>Primus</strong></span> <span class='ocrx_word' id='word_1_608' title='bbox 3373 3427 3508 3482; x_wconf 87' lang='lat' dir='ltr'><strong>ergo</strong></span> <span class='ocrx_word' id='word_1_609' title='bbox 3531 3411 3722 3480; x_wconf 77' lang='lat' dir='ltr'><strong>Moyses</strong></span> 
     </span>
    </p>
   </div>
   <div class='ocr_carea' id='block_1_81' title="bbox 2171 3501 3717 3565">
    <p class='ocr_par' dir='ltr' id='par_1_81' title="bbox 2171 3501 3717 3565">
     <span class='ocr_line' id='line_1_81' title="bbox 2171 3501 3717 3565; baseline -0.004 -6"><span class='ocrx_word' id='word_1_610' title='bbox 2171 3503 2534 3559; x_wconf 76' lang='lat' dir='ltr'><strong>lnereditatem</strong></span> <span class='ocrx_word' id='word_1_611' title='bbox 2594 3503 2907 3565; x_wconf 90' lang='lat' dir='ltr'><strong>distribuit,</strong></span> <span class='ocrx_word' id='word_1_612' title='bbox 2965 3503 3234 3557; x_wconf 91' lang='lat' dir='ltr'><strong>secundus</strong></span> <span class='ocrx_word' id='word_1_613' title='bbox 3301 3513 3489 3558; x_wconf 90' lang='lat' dir='ltr'><strong>autem</strong></span> <span class='ocrx_word' id='word_1_614' title='bbox 3557 3501 3717 3557; x_wconf 84' lang='lat' dir='ltr'><strong>Jesus.</strong></span> 
     </span>
    </p>
   </div>
   <div class='ocr_carea' id='block_1_82' title="bbox 2171 3593 3718 3666">
    <p class='ocr_par' dir='ltr' id='par_1_82' title="bbox 2171 3593 3718 3666">
     <span class='ocr_line' id='line_1_82' title="bbox 2171 3593 3718 3666; baseline -0.001 -16"><span class='ocrx_word' id='word_1_615' title='bbox 2171 3596 2322 3650; x_wconf 75' lang='lat' dir='ltr'><strong>Nune</strong></span> <span class='ocrx_word' id='word_1_616' title='bbox 2357 3595 2572 3666; x_wconf 85' lang='lat' dir='ltr'><strong>Moysen</strong></span> <span class='ocrx_word' id='word_1_617' title='bbox 2608 3595 2778 3664; x_wconf 83' lang='lat' dir='ltr'><strong>legem</strong></span> <span class='ocrx_word' id='word_1_618' title='bbox 2827 3593 3081 3662; x_wconf 79' lang='lat' dir='ltr'><strong>intellige.</strong></span> <span class='ocrx_word' id='word_1_619' title='bbox 3128 3593 3191 3648; x_wconf 81' lang='lat' dir='ltr'><strong>lli</strong></span> <span class='ocrx_word' id='word_1_620' title='bbox 3233 3610 3362 3665; x_wconf 86' lang='lat' dir='ltr'><strong>ergo</strong></span> <span class='ocrx_word' id='word_1_621' title='bbox 3412 3597 3502 3665; x_wconf 92' lang='lat' dir='ltr'><strong>qui</strong></span> <span class='ocrx_word' id='word_1_622' title='bbox 3542 3610 3718 3650; x_wconf 88' lang='lat' dir='ltr'><strong>secun-</strong></span> 
     </span>
    </p>
   </div>
   <div class='ocr_carea' id='block_1_83' title="bbox 2171 3685 3720 3756">
    <p class='ocr_par' dir='ltr' id='par_1_83' title="bbox 2171 3685 3720 3756">
     <span class='ocr_line' id='line_1_83' title="bbox 2171 3685 3720 3756; baseline -0.002 -14"><span class='ocrx_word' id='word_1_623' title='bbox 2171 3689 2298 3742; x_wconf 91' lang='lat' dir='ltr'><strong>dum</strong></span> <span class='ocrx_word' id='word_1_624' title='bbox 2346 3687 2514 3756; x_wconf 89' lang='lat' dir='ltr'><strong>legem</strong></span> <span class='ocrx_word' id='word_1_625' title='bbox 2564 3687 2836 3751; x_wconf 83' lang='lat' dir='ltr'><strong>vixerunt,</strong></span> <span class='ocrx_word' id='word_1_626' title='bbox 2872 3685 3028 3755; x_wconf 91' lang='lat' dir='ltr'><strong>primi</strong></span> <span class='ocrx_word' id='word_1_627' title='bbox 3081 3698 3407 3755; x_wconf 90' lang='lat' dir='ltr'><strong>acceperunt</strong></span> <span class='ocrx_word' id='word_1_628' title='bbox 3456 3689 3720 3743; x_wconf 68' lang='lat' dir='ltr'><strong>bzrredita-</strong></span> 
     </span>
    </p>
   </div>
   <div class='ocr_carea' id='block_1_84' title="bbox 2175 3779 3720 3848">
    <p class='ocr_par' dir='ltr' id='par_1_84' title="bbox 2175 3779 3720 3848">
     <span class='ocr_line' id='line_1_84' title="bbox 2175 3779 3720 3848; baseline 0 -14"><span class='ocrx_word' id='word_1_629' title='bbox 2175 3791 2303 3844; x_wconf 89' lang='lat' dir='ltr'><strong>tem,</strong></span> <span class='ocrx_word' id='word_1_630' title='bbox 2330 3781 2424 3834; x_wconf 87' lang='lat' dir='ltr'><strong>sed</strong></span> <span class='ocrx_word' id='word_1_631' title='bbox 2457 3791 2607 3834; x_wconf 84' lang='lat' dir='ltr'><strong>extra</strong></span> <span class='ocrx_word' id='word_1_632' title='bbox 2646 3790 2848 3835; x_wconf 84' lang='lat' dir='ltr'><strong>terram</strong></span> <span class='ocrx_word' id='word_1_633' title='bbox 2887 3779 3340 3848; x_wconf 85' lang='lat' dir='ltr'><strong>repromissionis.</strong></span> <span class='ocrx_word' id='word_1_634' title='bbox 3367 3781 3507 3834; x_wconf 92' lang='lat' dir='ltr'><strong>Tum</strong></span> <span class='ocrx_word' id='word_1_635' title='bbox 3543 3781 3720 3836; x_wconf 90' lang='lat' dir='ltr'><strong>deinde</strong></span> 
     </span>
    </p>
   </div>
   <div class='ocr_carea' id='block_1_85' title="bbox 2171 3870 3719 3941">
    <p class='ocr_par' dir='ltr' id='par_1_85' title="bbox 2171 3870 3719 3941">
     <span class='ocr_line' id='line_1_85' title="bbox 2171 3870 3719 3941; baseline 0.001 -15"><span class='ocrx_word' id='word_1_636' title='bbox 2171 3888 2292 3927; x_wconf 92' lang='lat' dir='ltr'><strong>eum</strong></span> <span class='ocrx_word' id='word_1_637' title='bbox 2321 3874 2660 3941; x_wconf 85' lang='lat' dir='ltr'><strong>accepissent</strong></span> <span class='ocrx_word' id='word_1_638' title='bbox 2689 3882 2890 3925; x_wconf 89' lang='lat' dir='ltr'><strong>terram</strong></span> <span class='ocrx_word' id='word_1_639' title='bbox 2922 3870 3277 3936; x_wconf 76' lang='lat' dir='ltr'><strong>ltzereditatis,</strong></span> <span class='ocrx_word' id='word_1_640' title='bbox 3313 3887 3420 3925; x_wconf 91' lang='lat' dir='ltr'><strong>non</strong></span> <span class='ocrx_word' id='word_1_641' title='bbox 3455 3888 3571 3927; x_wconf 89' lang='lat' dir='ltr'><strong>eam</strong></span> <span class='ocrx_word' id='word_1_642' title='bbox 3607 3888 3719 3941; x_wconf 83' lang='lat' dir='ltr'><strong>pos-</strong></span> 
     </span>
    </p>
   </div>
   <div class='ocr_carea' id='block_1_86' title="bbox 2170 3963 3718 4036">
    <p class='ocr_par' dir='ltr' id='par_1_86' title="bbox 2170 3963 3718 4036">
     <span class='ocr_line' id='line_1_86' title="bbox 2170 3963 3718 4036; baseline -0.001 -17"><span class='ocrx_word' id='word_1_643' title='bbox 2170 3965 2352 4019; x_wconf 88' lang='lat' dir='ltr'><strong>sident</strong></span> <span class='ocrx_word' id='word_1_644' title='bbox 2419 3979 2592 4033; x_wconf 88' lang='lat' dir='ltr'><strong>neque</strong></span> <span class='ocrx_word' id='word_1_645' title='bbox 2644 3964 2891 4018; x_wconf 89' lang='lat' dir='ltr'><strong>dividunt</strong></span> <span class='ocrx_word' id='word_1_646' title='bbox 2953 3963 3094 4016; x_wconf 91' lang='lat' dir='ltr'><strong>inter</strong></span> <span class='ocrx_word' id='word_1_647' title='bbox 3137 3979 3228 4030; x_wconf 92' lang='lat' dir='ltr'><strong>se,</strong></span> <span class='ocrx_word' id='word_1_648' title='bbox 3278 3966 3369 4018; x_wconf 92' lang='lat' dir='ltr'><strong>sed</strong></span> <span class='ocrx_word' id='word_1_649' title='bbox 3415 3975 3718 4036; x_wconf 83' lang='lat' dir='ltr'><strong>exspectant</strong></span> 
     </span>
    </p>
   </div>
   <div class='ocr_carea' id='block_1_87' title="bbox 2170 4054 3714 4124">
    <p class='ocr_par' dir='ltr' id='par_1_87' title="bbox 2170 4054 3714 4124">
     <span class='ocr_line' id='line_1_87' title="bbox 2170 4054 3714 4124; baseline 0.001 -15"><span class='ocrx_word' id='word_1_650' title='bbox 2170 4071 2451 4124; x_wconf 92' lang='lat' dir='ltr'><strong>usquequo</strong></span> <span class='ocrx_word' id='word_1_651' title='bbox 2507 4056 2585 4109; x_wconf 90' lang='lat' dir='ltr'><strong>eis</strong></span> <span class='ocrx_word' id='word_1_652' title='bbox 2637 4069 2730 4123; x_wconf 88' lang='lat' dir='ltr'><strong>per</strong></span> <span class='ocrx_word' id='word_1_653' title='bbox 2791 4054 2974 4109; x_wconf 84' lang='lat' dir='ltr'><strong>Jesum</strong></span> <span class='ocrx_word' id='word_1_654' title='bbox 3033 4055 3387 4110; x_wconf 90' lang='lat' dir='ltr'><strong>distribuatur</strong></span> <span class='ocrx_word' id='word_1_655' title='bbox 3455 4059 3508 4112; x_wconf 92' lang='lat' dir='ltr'><strong>in</strong></span> <span class='ocrx_word' id='word_1_656' title='bbox 3561 4067 3714 4113; x_wconf 87' lang='lat' dir='ltr'><strong>sorte.</strong></span> 
     </span>
    </p>
   </div>
   <div class='ocr_carea' id='block_1_88' title="bbox 2169 4145 3715 4217">
    <p class='ocr_par' dir='ltr' id='par_1_88' title="bbox 2169 4145 3715 4217">
     <span class='ocr_line' id='line_1_88' title="bbox 2169 4145 3715 4217; baseline 0.002 -18"><span class='ocrx_word' id='word_1_657' title='bbox 2169 4145 2357 4200; x_wconf 85' lang='lat' dir='ltr'><strong>Nonne</strong></span> <span class='ocrx_word' id='word_1_658' title='bbox 2393 4146 2673 4200; x_wconf 89' lang='lat' dir='ltr'><strong>evidenter</strong></span> <span class='ocrx_word' id='word_1_659' title='bbox 2717 4146 2820 4200; x_wconf 85' lang='lat' dir='ltr'><strong>hoc</strong></span> <span class='ocrx_word' id='word_1_660' title='bbox 2859 4155 2943 4201; x_wconf 91' lang='lat' dir='ltr'><strong>est</strong></span> <span class='ocrx_word' id='word_1_661' title='bbox 2989 4147 3130 4215; x_wconf 94' lang='lat' dir='ltr'><strong>quod</strong></span> <span class='ocrx_word' id='word_1_662' title='bbox 3169 4147 3462 4217; x_wconf 86' lang='lat' dir='ltr'><strong>Apostolus</strong></span> <span class='ocrx_word' id='word_1_663' title='bbox 3493 4149 3619 4204; x_wconf 87' lang='lat' dir='ltr'><strong>dicit</strong></span> <span class='ocrx_word' id='word_1_664' title='bbox 3655 4148 3715 4202; x_wconf 90' lang='lat' dir='ltr'><strong>ad</strong></span> 
     </span>
    </p>
   </div>
   <div class='ocr_carea' id='block_1_89' title="bbox 2170 4237 3716 4312">
    <p class='ocr_par' dir='ltr' id='par_1_89' title="bbox 2170 4237 3716 4312">
     <span class='ocr_line' id='line_1_89' title="bbox 2170 4237 3716 4312; baseline 0.002 -20"><span class='ocrx_word' id='word_1_665' title='bbox 2170 4237 2454 4304; x_wconf 60' lang='lat' dir='ltr'><strong>Hebraeos,</strong></span> <span class='ocrx_word' id='word_1_666' title='bbox 2506 4239 2751 4293; x_wconf 89' lang='lat' dir='ltr'><strong>scribens</strong></span> <span class='ocrx_word' id='word_1_667' title='bbox 2802 4239 2869 4294; x_wconf 92' lang='lat' dir='ltr'><strong>de</strong></span> <span class='ocrx_word' id='word_1_668' title='bbox 2916 4241 3192 4309; x_wconf 87' lang='lat' dir='ltr'><strong>prioribus</strong></span> <span class='ocrx_word' id='word_1_669' title='bbox 3259 4243 3542 4310; x_wconf 91' lang='lat' dir='ltr'><strong>patribus,</strong></span> <span class='ocrx_word' id='word_1_670' title='bbox 3589 4255 3716 4312; x_wconf 86' lang='lat' dir='ltr'><strong>quos</strong></span> 
     </span>
    </p>
   </div>
   <div class='ocr_carea' id='block_1_90' title="bbox 500 4325 3713 4399">
    <p class='ocr_par' dir='ltr' id='par_1_90' title="bbox 500 4325 3713 4399">
     <span class='ocr_line' id='line_1_90' title="bbox 500 4325 3713 4399; baseline 0.003 -23"><span class='ocrx_word' id='word_1_671' title='bbox 500 4325 805 4380; x_wconf 90' lang='lat' dir='ltr'><strong>universos.</strong></span> <span class='ocrx_word' id='word_1_672' title='bbox 839 4342 858 4375; x_wconf 77' lang='grc' dir='ltr'><strong>ι</strong></span> <span class='ocrx_word' id='word_1_673' title='bbox 903 4325 968 4396; x_wconf 76' lang='lat' dir='ltr'><strong>Et</strong></span> <span class='ocrx_word' id='word_1_674' title='bbox 1006 4325 1120 4379; x_wconf 70' lang='lat' dir='ltr'><strong>haec</strong></span> <span class='ocrx_word' id='word_1_675' title='bbox 1167 4337 1273 4388; x_wconf 86' lang='lat' dir='ltr'><strong>est.</strong></span> <span class='ocrx_word' id='word_1_676' title='bbox 1324 4330 1495 4398; x_wconf 88' lang='lat' dir='ltr'><strong>inquit</strong></span> <span class='ocrx_word' id='word_1_677' title='bbox 1527 4330 1594 4398; x_wconf 85' lang='grc'><strong>¹¹,</strong></span> <span class='ocrx_word' id='word_1_678' title='bbox 1631 4339 1794 4397; x_wconf 89' lang='lat' dir='ltr'><strong>terra,</strong></span> <span class='ocrx_word' id='word_1_679' title='bbox 1827 4345 1946 4399; x_wconf 67' lang='lat' dir='ltr'><strong>quae</strong></span> <span class='ocrx_word' id='word_1_680' title='bbox 1971 4333 2063 4388; x_wconf 80' lang='lat' dir='ltr'><strong>de-</strong></span> <span class='ocrx_word' id='word_1_681' title='bbox 2092 4340 2140 4397; x_wconf 79' lang='grc' dir='ltr'>ι)</span> <span class='ocrx_word' id='word_1_682' title='bbox 2167 4331 2302 4385; x_wconf 81' lang='lat' dir='ltr'><strong>dixit</strong></span> <span class='ocrx_word' id='word_1_683' title='bbox 2346 4332 2449 4385; x_wconf 82' lang='lat' dir='ltr'><strong>fide</strong></span> <span class='ocrx_word' id='word_1_684' title='bbox 2486 4330 2755 4398; x_wconf 83' lang='lat' dir='ltr'><strong>placuisse</strong></span> <span class='ocrx_word' id='word_1_685' title='bbox 2802 4329 2950 4384; x_wconf 87' lang='lat' dir='ltr'><strong>Deo?</strong></span> <span class='ocrx_word' id='word_1_686' title='bbox 3000 4331 3064 4384; x_wconf 89' lang='lat' dir='ltr'><strong>Et</strong></span> <span class='ocrx_word' id='word_1_687' title='bbox 3106 4331 3252 4386; x_wconf 87' lang='lat' dir='ltr'><strong>addit</strong></span> <span class='ocrx_word' id='word_1_688' title='bbox 3305 4334 3491 4389; x_wconf 89' lang='lat' dir='ltr'><strong>dicens</strong></span> <span class='ocrx_word' id='word_1_689' title='bbox 3517 4335 3560 4367; x_wconf 75' lang='grc'><strong>³⁷</strong></span> <span class='ocrx_word' id='word_1_690' title='bbox 3590 4351 3604 4388; x_wconf 87' lang='lat'>:</span> <span class='ocrx_word' id='word_1_691' title='bbox 3634 4352 3652 4385; x_wconf 76' lang='grc' dir='ltr'><strong>ι</strong></span> <span class='ocrx_word' id='word_1_692' title='bbox 3677 4332 3713 4387; x_wconf 94' lang='lat' dir='ltr'><strong>li</strong></span> 
     </span>
    </p>
   </div>
   <div class='ocr_carea' id='block_1_91' title="bbox 500 4416 2063 4492">
    <p class='ocr_par' dir='ltr' id='par_1_91' title="bbox 500 4416 2063 4492">
     <span class='ocr_line' id='line_1_91' title="bbox 500 4416 2063 4492; baseline 0.005 -23"><span class='ocrx_word' id='word_1_693' title='bbox 500 4416 688 4471; x_wconf 87' lang='lat' dir='ltr'><strong>relicta</strong></span> <span class='ocrx_word' id='word_1_694' title='bbox 714 4425 816 4482; x_wconf 90' lang='lat' dir='ltr'><strong>est,</strong></span> <span class='ocrx_word' id='word_1_695' title='bbox 841 4432 1031 4472; x_wconf 91' lang='lat' dir='ltr'><strong>omnes</strong></span> <span class='ocrx_word' id='word_1_696' title='bbox 1059 4418 1192 4473; x_wconf 86' lang='lat' dir='ltr'><strong>fines</strong></span> <span class='ocrx_word' id='word_1_697' title='bbox 1225 4419 1579 4486; x_wconf 82' lang='lat' dir='ltr'><strong>Philisthiim,</strong></span> <span class='ocrx_word' id='word_1_698' title='bbox 1621 4441 1638 4473; x_wconf 77' lang='grc' dir='ltr'><strong>ι</strong></span> <span class='ocrx_word' id='word_1_699' title='bbox 1668 4433 1722 4476; x_wconf 83' lang='grc' dir='ltr'><strong>ει</strong></span> <span class='ocrx_word' id='word_1_700' title='bbox 1748 4423 1853 4476; x_wconf 90' lang='lat' dir='ltr'><strong>alia</strong></span> <span class='ocrx_word' id='word_1_701' title='bbox 1881 4439 2063 4492; x_wconf 89' lang='lat' dir='ltr'><strong>quam-</strong></span> 
     </span>
    </p>
   </div>
   <div class='ocr_carea' id='block_1_92' title="bbox 499 4508 2063 4586">
    <p class='ocr_par' dir='ltr' id='par_1_92' title="bbox 499 4508 2063 4586">
     <span class='ocr_line' id='line_1_92' title="bbox 499 4508 2063 4586; baseline 0.007 -25"><span class='ocrx_word' id='word_1_702' title='bbox 499 4508 727 4576; x_wconf 87' lang='lat' dir='ltr'><strong>plurima</strong></span> <span class='ocrx_word' id='word_1_703' title='bbox 777 4524 896 4580; x_wconf 72' lang='lat' dir='ltr'><strong>quze</strong></span> <span class='ocrx_word' id='word_1_704' title='bbox 948 4521 1266 4582; x_wconf 87' lang='lat' dir='ltr'><strong>sequuntur.</strong></span> <span class='ocrx_word' id='word_1_705' title='bbox 1319 4511 1481 4566; x_wconf 83' lang='lat' dir='ltr'><strong>Multa</strong></span> <span class='ocrx_word' id='word_1_706' title='bbox 1540 4515 1714 4571; x_wconf 90' lang='lat' dir='ltr'><strong>adhuc</strong></span> <span class='ocrx_word' id='word_1_707' title='bbox 1772 4526 2063 4586; x_wconf 85' lang='lat' dir='ltr'><strong>supersunt</strong></span> 
     </span>
    </p>
   </div>
   <div class='ocr_carea' id='block_1_93' title="bbox 501 4601 2062 4674">
    <p class='ocr_par' dir='ltr' id='par_1_93' title="bbox 501 4601 2062 4674">
     <span class='ocr_line' id='line_1_93' title="bbox 501 4601 2062 4674; baseline 0.005 -19"><span class='ocrx_word' id='word_1_708' title='bbox 501 4609 760 4670; x_wconf 88' lang='lat' dir='ltr'><strong>quantum</strong></span> <span class='ocrx_word' id='word_1_709' title='bbox 789 4601 855 4656; x_wconf 88' lang='lat' dir='ltr'><strong>ad</strong></span> <span class='ocrx_word' id='word_1_710' title='bbox 883 4611 1064 4657; x_wconf 90' lang='lat' dir='ltr'><strong>nostra</strong></span> <span class='ocrx_word' id='word_1_711' title='bbox 1100 4611 1340 4672; x_wconf 88' lang='lat' dir='ltr'><strong>tempora</strong></span> <span class='ocrx_word' id='word_1_712' title='bbox 1394 4615 1621 4672; x_wconf 90' lang='lat' dir='ltr'><strong>spectat,</strong></span> <span class='ocrx_word' id='word_1_713' title='bbox 1651 4623 1770 4674; x_wconf 84' lang='lat' dir='ltr'><strong>quae</strong></span> <span class='ocrx_word' id='word_1_714' title='bbox 1819 4609 2062 4664; x_wconf 88' lang='lat' dir='ltr'><strong>videmus</strong></span> 
     </span>
    </p>
   </div>
   <div class='ocr_carea' id='block_1_94' title="bbox 502 4692 2064 4766">
    <p class='ocr_par' dir='ltr' id='par_1_94' title="bbox 502 4692 2064 4766">
     <span class='ocr_line' id='line_1_94' title="bbox 502 4692 2064 4766; baseline 0.008 -23"><span class='ocrx_word' id='word_1_715' title='bbox 502 4692 739 4748; x_wconf 86' lang='lat' dir='ltr'><strong>nondum</strong></span> <span class='ocrx_word' id='word_1_716' title='bbox 774 4695 1000 4763; x_wconf 89' lang='lat' dir='ltr'><strong>pedibus</strong></span> <span class='ocrx_word' id='word_1_717' title='bbox 1025 4693 1149 4749; x_wconf 88' lang='lat' dir='ltr'><strong>Jesu</strong></span> <span class='ocrx_word' id='word_1_718' title='bbox 1195 4709 1314 4749; x_wconf 91' lang='lat' dir='ltr'><strong>esse</strong></span> <span class='ocrx_word' id='word_1_719' title='bbox 1341 4695 1602 4766; x_wconf 84' lang='lat' dir='ltr'><strong>subjecta,</strong></span> <span class='ocrx_word' id='word_1_720' title='bbox 1630 4713 1786 4766; x_wconf 89' lang='lat' dir='ltr'><strong>quem</strong></span> <span class='ocrx_word' id='word_1_721' title='bbox 1841 4716 2064 4756; x_wconf 88' lang='lat' dir='ltr'><strong>necesse</strong></span> 
     </span>
    </p>
   </div>
   <div class='ocr_carea' id='block_1_95' title="bbox 499 4777 2067 4858">
    <p class='ocr_par' dir='ltr' id='par_1_95' title="bbox 499 4777 2067 4858">
     <span class='ocr_line' id='line_1_95' title="bbox 499 4777 2067 4858; baseline 0.008 -24"><span class='ocrx_word' id='word_1_722' title='bbox 499 4790 582 4836; x_wconf 90' lang='lat' dir='ltr'><strong>est</strong></span> <span class='ocrx_word' id='word_1_723' title='bbox 603 4781 680 4852; x_wconf 88' lang='lat'><strong>(9)</strong></span> <span class='ocrx_word' id='word_1_724' title='bbox 708 4783 893 4854; x_wconf 89' lang='lat' dir='ltr'><strong>utique</strong></span> <span class='ocrx_word' id='word_1_725' title='bbox 916 4786 1096 4840; x_wconf 91' lang='lat' dir='ltr'><strong>omnia</strong></span> <span class='ocrx_word' id='word_1_726' title='bbox 1124 4787 1387 4842; x_wconf 88' lang='lat' dir='ltr'><strong>obtinere.</strong></span> <span class='ocrx_word' id='word_1_727' title='bbox 1418 4787 1602 4858; x_wconf 80' lang='lat' dir='ltr'><strong>Neque</strong></span> <span class='ocrx_word' id='word_1_728' title='bbox 1628 4777 1770 4843; x_wconf 85' lang='lat' dir='ltr'><strong>enim</strong></span> <span class='ocrx_word' id='word_1_729' title='bbox 1804 4791 1926 4845; x_wconf 82' lang='lat' dir='ltr'><strong>finis</strong></span> <span class='ocrx_word' id='word_1_730' title='bbox 1947 4807 2067 4847; x_wconf 91' lang='lat' dir='ltr'><strong>esse</strong></span> 
     </span>
    </p>
   </div>
   <div class='ocr_carea' id='block_1_96' title="bbox 499 4875 2062 4953">
    <p class='ocr_par' dir='ltr' id='par_1_96' title="bbox 499 4875 2062 4953">
     <span class='ocr_line' id='line_1_96' title="bbox 499 4875 2062 4953; baseline 0.008 -26"><span class='ocrx_word' id='word_1_731' title='bbox 499 4875 698 4942; x_wconf 92' lang='lat' dir='ltr'><strong>poterit</strong></span> <span class='ocrx_word' id='word_1_732' title='bbox 719 4890 922 4942; x_wconf 90' lang='lat' dir='ltr'><strong>rerum,</strong></span> <span class='ocrx_word' id='word_1_733' title='bbox 960 4878 1064 4933; x_wconf 91' lang='lat' dir='ltr'><strong>nisi</strong></span> <span class='ocrx_word' id='word_1_734' title='bbox 1092 4878 1294 4933; x_wconf 81' lang='lat' dir='ltr'><strong>fuerint</strong></span> <span class='ocrx_word' id='word_1_735' title='bbox 1321 4880 1369 4933; x_wconf 94' lang='lat' dir='ltr'><strong>ei</strong></span> <span class='ocrx_word' id='word_1_736' title='bbox 1397 4881 1548 4949; x_wconf 91' lang='lat' dir='ltr'><strong>prius</strong></span> <span class='ocrx_word' id='word_1_737' title='bbox 1575 4890 1769 4935; x_wconf 89' lang='lat' dir='ltr'><strong>cuncta</strong></span> <span class='ocrx_word' id='word_1_738' title='bbox 1800 4884 2062 4953; x_wconf 89' lang='lat' dir='ltr'><strong>subjecta.</strong></span> 
     </span>
    </p>
   </div>
   <div class='ocr_carea' id='block_1_97' title="bbox 502 4967 2066 5045">
    <p class='ocr_par' dir='ltr' id='par_1_97' title="bbox 502 4967 2066 5045">
     <span class='ocr_line' id='line_1_97' title="bbox 502 4967 2066 5045; baseline 0.007 -23"><span class='ocrx_word' id='word_1_739' title='bbox 502 4967 593 5022; x_wconf 87' lang='lat' dir='ltr'><strong>Sic</strong></span> <span class='ocrx_word' id='word_1_740' title='bbox 620 4967 764 5023; x_wconf 90' lang='lat' dir='ltr'><strong>enim</strong></span> <span class='ocrx_word' id='word_1_741' title='bbox 795 4978 850 5023; x_wconf 93' lang='lat' dir='ltr'><strong>et</strong></span> <span class='ocrx_word' id='word_1_742' title='bbox 875 4968 1145 5041; x_wconf 90' lang='lat' dir='ltr'><strong>Propheta</strong></span> <span class='ocrx_word' id='word_1_743' title='bbox 1195 4972 1322 5026; x_wconf 92' lang='lat' dir='ltr'><strong>dicit</strong></span> <span class='ocrx_word' id='word_1_744' title='bbox 1355 4973 1419 5035; x_wconf 82' lang='lat'><strong>“,</strong></span> <span class='ocrx_word' id='word_1_745' title='bbox 1447 4973 1571 5042; x_wconf 88' lang='lat' dir='ltr'><strong>quia</strong></span> <span class='ocrx_word' id='word_1_746' title='bbox 1607 4991 1626 5025; x_wconf 85' lang='grc'><em>‹</em></span> <span class='ocrx_word' id='word_1_747' title='bbox 1659 4988 1847 5028; x_wconf 83' lang='lat' dir='ltr'><strong>omnes</strong></span> <span class='ocrx_word' id='word_1_748' title='bbox 1876 4987 2066 5045; x_wconf 81' lang='lat' dir='ltr'><strong>gentes</strong></span> 
     </span>
    </p>
   </div>
   <div class='ocr_carea' id='block_1_98' title="bbox 499 5060 2064 5138">
    <p class='ocr_par' dir='ltr' id='par_1_98' title="bbox 499 5060 2064 5138">
     <span class='ocr_line' id='line_1_98' title="bbox 499 5060 2064 5138; baseline 0.008 -25"><span class='ocrx_word' id='word_1_749' title='bbox 499 5060 738 5115; x_wconf 90' lang='lat' dir='ltr'><strong>servient</strong></span> <span class='ocrx_word' id='word_1_750' title='bbox 772 5061 854 5128; x_wconf 87' lang='lat' dir='ltr'><strong>ei;</strong></span> <span class='ocrx_word' id='word_1_751' title='bbox 901 5080 922 5114; x_wconf 71' lang='grc' dir='ltr'><strong>ι</strong></span> <span class='ocrx_word' id='word_1_752' title='bbox 957 5072 1011 5116; x_wconf 82' lang='grc' dir='ltr'><strong>ει</strong></span> <span class='ocrx_word' id='word_1_753' title='bbox 1045 5062 1133 5116; x_wconf 79' lang='lat' dir='ltr'>“z</span> <span class='ocrx_word' id='word_1_754' title='bbox 1175 5083 1195 5116; x_wconf 73' lang='grc' dir='ltr'><strong>ι</strong></span> <span class='ocrx_word' id='word_1_755' title='bbox 1229 5065 1271 5118; x_wconf 79' lang='grc' dir='ltr'>Α</span> <span class='ocrx_word' id='word_1_756' title='bbox 1327 5064 1527 5122; x_wconf 81' lang='lat' dir='ltr'><strong>ﬁnibus</strong></span> <span class='ocrx_word' id='word_1_757' title='bbox 1573 5065 1852 5121; x_wconf 83' lang='lat' dir='ltr'><strong>ﬂuminum</strong></span> <span class='ocrx_word' id='word_1_758' title='bbox 1891 5084 2064 5138; x_wconf 89' lang='lat' dir='ltr'><strong>usque</strong></span> 
     </span>
    </p>
   </div>
   <div class='ocr_carea' id='block_1_99' title="bbox 2168 4423 3716 4493">
    <p class='ocr_par' dir='ltr' id='par_1_99' title="bbox 2168 4423 3716 4493">
     <span class='ocr_line' id='line_1_99' title="bbox 2168 4423 3716 4493; baseline 0 -16"><span class='ocrx_word' id='word_1_759' title='bbox 2168 4435 2345 4477; x_wconf 90' lang='lat' dir='ltr'><strong>autem</strong></span> <span class='ocrx_word' id='word_1_760' title='bbox 2372 4437 2557 4476; x_wconf 90' lang='lat' dir='ltr'><strong>omnes</strong></span> <span class='ocrx_word' id='word_1_761' title='bbox 2592 4423 2959 4476; x_wconf 89' lang='lat' dir='ltr'><strong>testimonium</strong></span> <span class='ocrx_word' id='word_1_762' title='bbox 2993 4423 3253 4478; x_wconf 84' lang='lat' dir='ltr'><strong>habentes</strong></span> <span class='ocrx_word' id='word_1_763' title='bbox 3281 4440 3376 4493; x_wconf 92' lang='lat' dir='ltr'><strong>per</strong></span> <span class='ocrx_word' id='word_1_764' title='bbox 3403 4427 3561 4480; x_wconf 83' lang='lat' dir='ltr'><strong>fidem</strong></span> <span class='ocrx_word' id='word_1_765' title='bbox 3592 4441 3716 4480; x_wconf 87' lang='lat' dir='ltr'><strong>nou-</strong></span> 
     </span>
    </p>
   </div>
   <div class='ocr_carea' id='block_1_100' title="bbox 2168 4513 3713 4586">
    <p class='ocr_par' dir='ltr' id='par_1_100' title="bbox 2168 4513 3713 4586">
     <span class='ocr_line' id='line_1_100' title="bbox 2168 4513 3713 4586; baseline 0 -16"><span class='ocrx_word' id='word_1_766' title='bbox 2168 4517 2290 4570; x_wconf 89' lang='lat' dir='ltr'><strong>dum</strong></span> <span class='ocrx_word' id='word_1_767' title='bbox 2322 4513 2600 4569; x_wconf 90' lang='lat' dir='ltr'><strong>consecuti</strong></span> <span class='ocrx_word' id='word_1_768' title='bbox 2631 4523 2755 4567; x_wconf 90' lang='lat' dir='ltr'><strong>sunt</strong></span> <span class='ocrx_word' id='word_1_769' title='bbox 2796 4515 3266 4582; x_wconf 83' lang='lat' dir='ltr'><strong>repromissiones,</strong></span> <span class='ocrx_word' id='word_1_770' title='bbox 3300 4516 3408 4570; x_wconf 87' lang='lat' dir='ltr'><strong>Deo</strong></span> <span class='ocrx_word' id='word_1_771' title='bbox 3441 4532 3538 4586; x_wconf 93' lang='lat' dir='ltr'><strong>pro</strong></span> <span class='ocrx_word' id='word_1_772' title='bbox 3569 4515 3713 4570; x_wconf 89' lang='lat' dir='ltr'><strong>nobis</strong></span> 
     </span>
    </p>
   </div>
   <div class='ocr_carea' id='block_1_101' title="bbox 2168 4605 3714 4676">
    <p class='ocr_par' dir='ltr' id='par_1_101' title="bbox 2168 4605 3714 4676">
     <span class='ocr_line' id='line_1_101' title="bbox 2168 4605 3714 4676; baseline -0.001 -14"><span class='ocrx_word' id='word_1_773' title='bbox 2168 4609 2359 4662; x_wconf 87' lang='lat' dir='ltr'><strong>melius</strong></span> <span class='ocrx_word' id='word_1_774' title='bbox 2407 4605 2520 4676; x_wconf 82' lang='lat' dir='ltr'><strong>(l0)</strong></span> <span class='ocrx_word' id='word_1_775' title='bbox 2569 4605 2776 4674; x_wconf 89' lang='lat' dir='ltr'><strong>aliquid</strong></span> <span class='ocrx_word' id='word_1_776' title='bbox 2815 4606 3146 4674; x_wconf 88' lang='lat' dir='ltr'><strong>providente,</strong></span> <span class='ocrx_word' id='word_1_777' title='bbox 3186 4607 3261 4661; x_wconf 92' lang='lat' dir='ltr'><strong>uti</strong></span> <span class='ocrx_word' id='word_1_778' title='bbox 3314 4624 3381 4662; x_wconf 92' lang='lat' dir='ltr'><strong>ne</strong></span> <span class='ocrx_word' id='word_1_779' title='bbox 3422 4608 3538 4662; x_wconf 92' lang='lat' dir='ltr'><strong>sine</strong></span> <span class='ocrx_word' id='word_1_780' title='bbox 3574 4607 3714 4660; x_wconf 88' lang='lat' dir='ltr'><strong>nobis</strong></span> 
     </span>
    </p>
   </div>
   <div class='ocr_carea' id='block_1_102' title="bbox 2166 4696 3712 4772">
    <p class='ocr_par' dir='ltr' id='par_1_102' title="bbox 2166 4696 3712 4772">
     <span class='ocr_line' id='line_1_102' title="bbox 2166 4696 3712 4772; baseline -0.005 -16"><span class='ocrx_word' id='word_1_781' title='bbox 2166 4701 2386 4772; x_wconf 81' lang='lat' dir='ltr'><strong>perfecti</strong></span> <span class='ocrx_word' id='word_1_782' title='bbox 2421 4698 2782 4754; x_wconf 79' lang='lat' dir='ltr'><strong>efﬁcerentur.</strong></span> <span class='ocrx_word' id='word_1_783' title='bbox 2807 4715 2824 4748; x_wconf 73' lang='grc' dir='ltr'><strong>ι</strong></span> <span class='ocrx_word' id='word_1_784' title='bbox 2862 4696 3071 4750; x_wconf 85' lang='lat' dir='ltr'><strong>Habent</strong></span> <span class='ocrx_word' id='word_1_785' title='bbox 3100 4698 3262 4767; x_wconf 78' lang='lat' dir='ltr'><strong>igitur</strong></span> <span class='ocrx_word' id='word_1_786' title='bbox 3299 4697 3407 4768; x_wconf 91' lang='lat' dir='ltr'><strong>jam</strong></span> <span class='ocrx_word' id='word_1_787' title='bbox 3439 4697 3712 4767; x_wconf 86' lang='lat' dir='ltr'><strong>repromis-</strong></span> 
     </span>
    </p>
   </div>
   <div class='ocr_carea' id='block_1_103' title="bbox 2167 4785 3710 4860">
    <p class='ocr_par' dir='ltr' id='par_1_103' title="bbox 2167 4785 3710 4860">
     <span class='ocr_line' id='line_1_103' title="bbox 2167 4785 3710 4860; baseline -0.007 -12"><span class='ocrx_word' id='word_1_788' title='bbox 2167 4793 2369 4848; x_wconf 91' lang='lat' dir='ltr'><strong>sionem</strong></span> <span class='ocrx_word' id='word_1_789' title='bbox 2401 4807 2586 4856; x_wconf 90' lang='lat' dir='ltr'><strong>suam,</strong></span> <span class='ocrx_word' id='word_1_790' title='bbox 2620 4801 2675 4846; x_wconf 93' lang='lat' dir='ltr'><strong>et</strong></span> <span class='ocrx_word' id='word_1_791' title='bbox 2711 4789 3092 4860; x_wconf 87' lang='lat' dir='ltr'><strong>requieverunt</strong></span> <span class='ocrx_word' id='word_1_792' title='bbox 3133 4788 3272 4858; x_wconf 83' lang='lat' dir='ltr'><strong>(ll),</strong></span> <span class='ocrx_word' id='word_1_793' title='bbox 3311 4800 3365 4842; x_wconf 94' lang='lat' dir='ltr'><strong>et</strong></span> <span class='ocrx_word' id='word_1_794' title='bbox 3409 4787 3548 4858; x_wconf 83' lang='lat' dir='ltr'><strong>digni</strong></span> <span class='ocrx_word' id='word_1_795' title='bbox 3577 4785 3710 4856; x_wconf 86' lang='lat' dir='ltr'><strong>judi-</strong></span> 
     </span>
    </p>
   </div>
   <div class='ocr_carea' id='block_1_104' title="bbox 2167 4880 3708 4953">
    <p class='ocr_par' dir='ltr' id='par_1_104' title="bbox 2167 4880 3708 4953">
     <span class='ocr_line' id='line_1_104' title="bbox 2167 4880 3708 4953; baseline -0.006 -17"><span class='ocrx_word' id='word_1_796' title='bbox 2167 4883 2273 4937; x_wconf 89' lang='lat' dir='ltr'><strong>cati</strong></span> <span class='ocrx_word' id='word_1_797' title='bbox 2305 4893 2432 4937; x_wconf 90' lang='lat' dir='ltr'><strong>sttnt</strong></span> <span class='ocrx_word' id='word_1_798' title='bbox 2471 4897 2565 4951; x_wconf 88' lang='lat' dir='ltr'><strong>per</strong></span> <span class='ocrx_word' id='word_1_799' title='bbox 2595 4881 2811 4953; x_wconf 82' lang='lat' dir='ltr'><strong>Moysen</strong></span> <span class='ocrx_word' id='word_1_800' title='bbox 2843 4896 3040 4952; x_wconf 88' lang='lat' dir='ltr'><strong>capere</strong></span> <span class='ocrx_word' id='word_1_801' title='bbox 3070 4880 3434 4934; x_wconf 74' lang='lat' dir='ltr'><strong>lwereditatcm</strong></span> <span class='ocrx_word' id='word_1_802' title='bbox 3462 4897 3476 4933; x_wconf 89' lang='lat'><strong>:</strong></span> <span class='ocrx_word' id='word_1_803' title='bbox 3511 4892 3708 4932; x_wconf 87' lang='lat' dir='ltr'><strong>verum-</strong></span> 
     </span>
    </p>
   </div>
   <div class='ocr_carea' id='block_1_105' title="bbox 2168 4970 3709 5041">
    <p class='ocr_par' dir='ltr' id='par_1_105' title="bbox 2168 4970 3709 5041">
     <span class='ocr_line' id='line_1_105' title="bbox 2168 4970 3709 5041; baseline -0.006 -13"><span class='ocrx_word' id='word_1_804' title='bbox 2168 4985 2345 5028; x_wconf 90' lang='lat' dir='ltr'><strong>tamen</strong></span> <span class='ocrx_word' id='word_1_805' title='bbox 2373 4974 2549 5028; x_wconf 89' lang='lat' dir='ltr'><strong>adlmc</strong></span> <span class='ocrx_word' id='word_1_806' title='bbox 2580 4982 2635 5026; x_wconf 91' lang='lat' dir='ltr'><strong>et</strong></span> <span class='ocrx_word' id='word_1_807' title='bbox 2668 4973 2767 5041; x_wconf 84' lang='lat' dir='ltr'><strong>ipsi</strong></span> <span class='ocrx_word' id='word_1_808' title='bbox 2799 4980 3066 5041; x_wconf 87' lang='lat' dir='ltr'><strong>pugnant,</strong></span> <span class='ocrx_word' id='word_1_809' title='bbox 3091 4980 3144 5024; x_wconf 91' lang='lat' dir='ltr'><strong>et</strong></span> <span class='ocrx_word' id='word_1_810' title='bbox 3173 4971 3227 5024; x_wconf 91' lang='lat' dir='ltr'><strong>in</strong></span> <span class='ocrx_word' id='word_1_811' title='bbox 3265 4970 3557 5025; x_wconf 90' lang='lat' dir='ltr'><strong>certamine</strong></span> <span class='ocrx_word' id='word_1_812' title='bbox 3595 4975 3709 5021; x_wconf 91' lang='lat' dir='ltr'><strong>sunt</strong></span> 
     </span>
    </p>
   </div>
   <div class='ocr_carea' id='block_1_106' title="bbox 2159 5058 3707 5138">
    <p class='ocr_par' dir='ltr' id='par_1_106' title="bbox 2159 5058 3707 5138">
     <span class='ocr_line' id='line_1_106' title="bbox 2159 5058 3707 5138; baseline -0.006 -18"><span class='ocrx_word' id='word_1_813' title='bbox 2159 5083 2265 5138; x_wconf 89' lang='lat' dir='ltr'><strong>pro</strong></span> <span class='ocrx_word' id='word_1_814' title='bbox 2292 5066 2358 5121; x_wconf 90' lang='lat' dir='ltr'><strong>iis</strong></span> <span class='ocrx_word' id='word_1_815' title='bbox 2384 5065 2475 5134; x_wconf 92' lang='lat' dir='ltr'><strong>qui</strong></span> <span class='ocrx_word' id='word_1_816' title='bbox 2509 5064 2610 5119; x_wconf 87' lang='lat' dir='ltr'><strong>sub</strong></span> <span class='ocrx_word' id='word_1_817' title='bbox 2636 5061 2765 5118; x_wconf 80' lang='lat' dir='ltr'><strong>Jesu</strong></span> <span class='ocrx_word' id='word_1_818' title='bbox 2802 5062 3056 5116; x_wconf 88' lang='lat' dir='ltr'><strong>militant.</strong></span> <span class='ocrx_word' id='word_1_819' title='bbox 3091 5059 3197 5117; x_wconf 87' lang='lat' dir='ltr'><strong>Sed</strong></span> <span class='ocrx_word' id='word_1_820' title='bbox 3235 5061 3461 5133; x_wconf 90' lang='lat' dir='ltr'><strong>requiris</strong></span> <span class='ocrx_word' id='word_1_821' title='bbox 3488 5060 3575 5130; x_wconf 90' lang='lat' dir='ltr'><strong>qui</strong></span> <span class='ocrx_word' id='word_1_822' title='bbox 3606 5058 3707 5114; x_wconf 91' lang='lat' dir='ltr'><strong>sint</strong></span> 
     </span>
    </p>
   </div>
   <div class='ocr_carea' id='block_1_107' title="bbox 571 5193 2069 5273">
    <p class='ocr_par' dir='ltr' id='par_1_107' title="bbox 571 5200 2039 5273">
     <span class='ocr_line' id='line_1_107' title="bbox 571 5200 2039 5273; baseline 0.007 -20"><span class='ocrx_word' id='word_1_823' title='bbox 571 5202 614 5273; x_wconf 68' lang='grc' dir='ltr'><strong>¹ξ</strong></span> <span class='ocrx_word' id='word_1_824' title='bbox 657 5200 768 5257; x_wconf 82' lang='lat' dir='ltr'><strong>Jos.</strong></span> <span class='ocrx_word' id='word_1_825' title='bbox 800 5217 922 5266; x_wconf 87' lang='lat' dir='ltr'><strong>xm,</strong></span> <span class='ocrx_word' id='word_1_826' title='bbox 951 5204 1003 5259; x_wconf 82' lang='grc' dir='ltr'>Ι.</span> <span class='ocrx_word' id='word_1_827' title='bbox 1077 5205 1124 5236; x_wconf 78' lang='grc'>³⁸</span> <span class='ocrx_word' id='word_1_828' title='bbox 1151 5205 1168 5259; x_wconf 97' lang='lat' dir='ltr'><strong>l</strong></span> <span class='ocrx_word' id='word_1_829' title='bbox 1196 5204 1321 5260; x_wconf 90' lang='lat' dir='ltr'><strong>Cor.</strong></span> <span class='ocrx_word' id='word_1_830' title='bbox 1349 5223 1438 5272; x_wconf 81' lang='lat' dir='ltr'><strong>xv,</strong></span> <span class='ocrx_word' id='word_1_831' title='bbox 1460 5207 1552 5261; x_wconf 76' lang='grc'><strong>25.</strong></span> <span class='ocrx_word' id='word_1_832' title='bbox 1630 5209 1671 5240; x_wconf 74' lang='grc'><strong>’⁸</strong></span> <span class='ocrx_word' id='word_1_833' title='bbox 1702 5206 1812 5261; x_wconf 86' lang='lat' dir='ltr'><strong>Jos.</strong></span> <span class='ocrx_word' id='word_1_834' title='bbox 1842 5224 1959 5271; x_wconf 88' lang='lat' dir='ltr'><strong>xm,</strong></span> <span class='ocrx_word' id='word_1_835' title='bbox 1983 5210 2039 5264; x_wconf 74' lang='lat'><strong>‘2.</strong></span> 
     </span>
    </p>
   </div>
   <div class='ocr_carea' id='block_1_108' title="bbox 2171 5193 3703 5273">
    <p class='ocr_par' dir='ltr' id='par_1_108' title="bbox 2188 5193 3703 5273">
     <span class='ocr_line' id='line_1_108' title="bbox 2188 5193 3703 5273; baseline -0.012 -7"><span class='ocrx_word' id='word_1_836' title='bbox 2188 5210 2327 5266; x_wconf 90' lang='lat' dir='ltr'><strong>Psal.</strong></span> <span class='ocrx_word' id='word_1_837' title='bbox 2357 5223 2526 5272; x_wconf 83' lang='lat' dir='ltr'><strong>Lxxtt,</strong></span> <span class='ocrx_word' id='word_1_838' title='bbox 2557 5206 2643 5259; x_wconf 88' lang='lat' dir='ltr'><strong>ll.</strong></span> <span class='ocrx_word' id='word_1_839' title='bbox 2717 5205 2762 5236; x_wconf 77' lang='lat'>”</span> <span class='ocrx_word' id='word_1_840' title='bbox 2785 5203 2937 5269; x_wconf 88' lang='lat' dir='ltr'><strong>ibid.,</strong></span> <span class='ocrx_word' id='word_1_841' title='bbox 2967 5203 3022 5270; x_wconf 91' lang='lat'><strong>8,</strong></span> <span class='ocrx_word' id='word_1_842' title='bbox 3053 5202 3106 5257; x_wconf 91' lang='lat'><strong>9.</strong></span> <span class='ocrx_word' id='word_1_843' title='bbox 3181 5202 3228 5234; x_wconf 69' lang='lat'><strong><em>“</em></strong></span> <span class='ocrx_word' id='word_1_844' title='bbox 3253 5201 3483 5273; x_wconf 90' lang='lat' dir='ltr'><strong>Sophon.</strong></span> <span class='ocrx_word' id='word_1_845' title='bbox 3523 5214 3600 5263; x_wconf 89' lang='grc' dir='ltr'>ιιι,</span> <span class='ocrx_word' id='word_1_846' title='bbox 3625 5193 3703 5253; x_wconf 82' lang='grc'><strong>10.</strong></span> 
     </span>
    </p>
   </div>
   <div class='ocr_carea' id='block_1_109' title="bbox 501 5270 1516 5344">
    <p class='ocr_par' dir='ltr' id='par_1_109' title="bbox 501 5270 1516 5344">
     <span class='ocr_line' id='line_1_109' title="bbox 501 5270 1516 5344; baseline 0.007 -18"><span class='ocrx_word' id='word_1_847' title='bbox 501 5271 548 5304; x_wconf 81' lang='grc'><strong>³⁸</strong></span> <span class='ocrx_word' id='word_1_848' title='bbox 584 5270 696 5326; x_wconf 77' lang='lat' dir='ltr'><strong>Jos.</strong></span> <span class='ocrx_word' id='word_1_849' title='bbox 741 5287 868 5339; x_wconf 87' lang='lat' dir='ltr'><strong>xttt,</strong></span> <span class='ocrx_word' id='word_1_850' title='bbox 897 5273 948 5327; x_wconf 89' lang='lat'><strong>6.</strong></span> <span class='ocrx_word' id='word_1_851' title='bbox 1025 5275 1071 5307; x_wconf 78' lang='lat'><strong>&#39;°</strong></span> <span class='ocrx_word' id='word_1_852' title='bbox 1107 5275 1250 5331; x_wconf 88' lang='lat' dir='ltr'><strong>Psal.</strong></span> <span class='ocrx_word' id='word_1_853' title='bbox 1276 5270 1432 5344; x_wconf 64' lang='lat' dir='ltr'><strong>Lvn,</strong></span> <span class='ocrx_word' id='word_1_854' title='bbox 1460 5278 1516 5334; x_wconf 85' lang='lat'><strong>6.</strong></span> 
     </span>
    </p>
   </div>
   <div class='ocr_carea' id='block_1_110' title="bbox 499 5416 2060 5541">
    <p class='ocr_par' dir='ltr' id='par_1_110' title="bbox 499 5416 2060 5541">
     <span class='ocr_line' id='line_1_110' title="bbox 499 5416 2060 5541; baseline 0.002 -68"><span class='ocrx_word' id='word_1_855' title='bbox 499 5416 828 5541; x_wconf 58' lang='lat' dir='ltr'><strong>est(8)’Mss.,</strong></span> <span class='ocrx_word' id='word_1_856' title='bbox 870 5437 889 5470; x_wconf 84' lang='grc'><strong>‹</strong></span> <span class='ocrx_word' id='word_1_857' title='bbox 923 5419 1180 5489; x_wconf 90' lang='lat' dir='ltr'><strong>scriptum</strong></span> <span class='ocrx_word' id='word_1_858' title='bbox 1206 5429 1308 5477; x_wconf 90' lang='lat' dir='ltr'><strong>est.</strong></span> <span class='ocrx_word' id='word_1_859' title='bbox 1347 5438 1366 5473; x_wconf 75' lang='grc' dir='ltr'><strong>ι</strong></span> <span class='ocrx_word' id='word_1_860' title='bbox 1399 5418 1552 5477; x_wconf 89' lang='lat' dir='ltr'><strong>Libb.</strong></span> <span class='ocrx_word' id='word_1_861' title='bbox 1600 5421 1751 5489; x_wconf 89' lang='lat' dir='ltr'><strong>editi,</strong></span> <span class='ocrx_word' id='word_1_862' title='bbox 1791 5439 1812 5474; x_wconf 69' lang='grc' dir='ltr'><strong>ι</strong></span> <span class='ocrx_word' id='word_1_863' title='bbox 1856 5423 2060 5478; x_wconf 91' lang='lat' dir='ltr'><strong>dictum</strong></span> 
     </span>
    </p>
   </div>
   <div class='ocr_carea' id='block_1_111' title="bbox 569 5556 2058 5630">
    <p class='ocr_par' dir='ltr' id='par_1_111' title="bbox 569 5556 2058 5630">
     <span class='ocr_line' id='line_1_111' title="bbox 569 5556 2058 5630; baseline 0.005 -17"><span class='ocrx_word' id='word_1_864' title='bbox 569 5556 646 5630; x_wconf 81' lang='lat'><strong>(9)</strong></span> <span class='ocrx_word' id='word_1_865' title='bbox 694 5559 842 5626; x_wconf 81' lang='lat' dir='ltr'><strong>Mss.,</strong></span> <span class='ocrx_word' id='word_1_866' title='bbox 896 5579 915 5612; x_wconf 86' lang='grc'><strong><em>‹</em></strong></span> <span class='ocrx_word' id='word_1_867' title='bbox 980 5577 1136 5630; x_wconf 92' lang='lat' dir='ltr'><strong>quem</strong></span> <span class='ocrx_word' id='word_1_868' title='bbox 1183 5577 1401 5620; x_wconf 85' lang='lat' dir='ltr'><strong>necesse</strong></span> <span class='ocrx_word' id='word_1_869' title='bbox 1459 5573 1565 5620; x_wconf 85' lang='lat' dir='ltr'><strong>est.</strong></span> <span class='ocrx_word' id='word_1_870' title='bbox 1625 5588 1644 5620; x_wconf 75' lang='grc' dir='ltr'><strong>ρ</strong></span> <span class='ocrx_word' id='word_1_871' title='bbox 1687 5564 1843 5622; x_wconf 88' lang='lat' dir='ltr'><strong>Libb.</strong></span> <span class='ocrx_word' id='word_1_872' title='bbox 1907 5565 2058 5629; x_wconf 87' lang='lat' dir='ltr'><strong>editi,</strong></span> 
     </span>
    </p>
   </div>
   <div class='ocr_carea' id='block_1_112' title="bbox 508 5641 1119 5698">
    <p class='ocr_par' dir='ltr' id='par_1_112' title="bbox 508 5641 1119 5698">
     <span class='ocr_line' id='line_1_112' title="bbox 508 5641 1119 5698; baseline 0.005 -16"><span class='ocrx_word' id='word_1_873' title='bbox 508 5646 526 5682; x_wconf 68' lang='grc' dir='ltr'><strong>ί</strong></span> <span class='ocrx_word' id='word_1_874' title='bbox 571 5645 688 5698; x_wconf 65' lang='lat' dir='ltr'><strong>qua:</strong></span> <span class='ocrx_word' id='word_1_875' title='bbox 720 5647 935 5688; x_wconf 84' lang='lat' dir='ltr'><strong>necesse</strong></span> <span class='ocrx_word' id='word_1_876' title='bbox 963 5641 1063 5688; x_wconf 87' lang='grc' dir='ltr'>εει.</span> <span class='ocrx_word' id='word_1_877' title='bbox 1100 5653 1119 5685; x_wconf 65' lang='grc'><strong>1⁵</strong></span> 
     </span>
    </p>
   </div>
   <div class='ocr_carea' id='block_1_113' title="bbox 1603 5276 2192 5347">
    <p class='ocr_par' dir='ltr' id='par_1_113' title="bbox 1603 5276 2192 5347">
     <span class='ocr_line' id='line_1_113' title="bbox 1603 5276 2192 5347; baseline 0.008 -17"><span class='ocrx_word' id='word_1_878' title='bbox 1603 5279 1646 5308; x_wconf 70' lang='grc' dir='ltr'><strong>’τ</strong></span> <span class='ocrx_word' id='word_1_879' title='bbox 1688 5276 1850 5336; x_wconf 84' lang='lat' dir='ltr'><strong>Hebr.</strong></span> <span class='ocrx_word' id='word_1_880' title='bbox 1883 5295 1967 5347; x_wconf 74' lang='grc' dir='ltr'>ιι,</span> <span class='ocrx_word' id='word_1_881' title='bbox 1992 5281 2080 5345; x_wconf 79' lang='lat'><strong>59,</strong></span> <span class='ocrx_word' id='word_1_882' title='bbox 2104 5281 2192 5335; x_wconf 70' lang='grc' dir='ltr'>ιο.</span> 
     </span>
    </p>
   </div>
   <div class='ocr_carea' id='block_1_114' title="bbox 2241 5408 3704 5492">
    <p class='ocr_par' dir='ltr' id='par_1_114' title="bbox 2241 5408 3704 5492">
     <span class='ocr_line' id='line_1_114' title="bbox 2241 5408 3704 5492; baseline -0.008 -15"><span class='ocrx_word' id='word_1_883' title='bbox 2241 5421 2354 5492; x_wconf 88' lang='lat' dir='ltr'><strong>(l0)</strong></span> <span class='ocrx_word' id='word_1_884' title='bbox 2396 5420 2606 5476; x_wconf 80' lang='lat' dir='ltr'><strong>Melius.</strong></span> <span class='ocrx_word' id='word_1_885' title='bbox 2638 5420 2799 5492; x_wconf 89' lang='lat' dir='ltr'><strong>Deest</strong></span> <span class='ocrx_word' id='word_1_886' title='bbox 2845 5419 2898 5473; x_wconf 91' lang='lat' dir='ltr'><strong>in</strong></span> <span class='ocrx_word' id='word_1_887' title='bbox 2934 5417 3064 5473; x_wconf 92' lang='lat' dir='ltr'><strong>libb.</strong></span> <span class='ocrx_word' id='word_1_888' title='bbox 3093 5418 3272 5484; x_wconf 89' lang='lat' dir='ltr'><strong>editis,</strong></span> <span class='ocrx_word' id='word_1_889' title='bbox 3317 5415 3408 5472; x_wconf 90' lang='lat' dir='ltr'><strong>sed</strong></span> <span class='ocrx_word' id='word_1_890' title='bbox 3441 5412 3628 5484; x_wconf 85' lang='lat' dir='ltr'><strong>legitur</strong></span> <span class='ocrx_word' id='word_1_891' title='bbox 3654 5408 3704 5465; x_wconf 81' lang='lat' dir='ltr'><strong>in</strong></span> 
     </span>
    </p>
   </div>
   <div class='ocr_carea' id='block_1_115' title="bbox 2169 5491 2782 5548">
    <p class='ocr_par' dir='ltr' id='par_1_115' title="bbox 2169 5491 2782 5548">
     <span class='ocr_line' id='line_1_115' title="bbox 2169 5491 2782 5548; baseline -0.003 -2"><span class='ocrx_word' id='word_1_892' title='bbox 2169 5509 2276 5547; x_wconf 83' lang='lat' dir='ltr'><strong>uno</strong></span> <span class='ocrx_word' id='word_1_893' title='bbox 2315 5491 2415 5548; x_wconf 86' lang='lat' dir='ltr'><strong>ms.</strong></span> <span class='ocrx_word' id='word_1_894' title='bbox 2445 5491 2782 5546; x_wconf 85' lang='lat' dir='ltr'><strong>Ebroicensi.</strong></span> 
     </span>
    </p>
   </div>
   <div class='ocr_carea' id='block_1_116' title="bbox 2239 5553 3702 5645">
    <p class='ocr_par' dir='ltr' id='par_1_116' title="bbox 2239 5553 3702 5645">
     <span class='ocr_line' id='line_1_116' title="bbox 2239 5553 3702 5645; baseline -0.01 -29"><span class='ocrx_word' id='word_1_895' title='bbox 2239 5563 2348 5645; x_wconf 65' lang='lat' dir='ltr'><strong>(ll)</strong></span> <span class='ocrx_word' id='word_1_896' title='bbox 2376 5561 2547 5645; x_wconf 34' lang='lat' dir='ltr'><strong>‘Mssu</strong></span> <span class='ocrx_word' id='word_1_897' title='bbox 2603 5580 2620 5613; x_wconf 77' lang='grc' dir='ltr'><strong>ι</strong></span> <span class='ocrx_word' id='word_1_898' title='bbox 2659 5561 3059 5630; x_wconf 90' lang='lat' dir='ltr'><strong>requieverunt.</strong></span> <span class='ocrx_word' id='word_1_899' title='bbox 3086 5576 3104 5609; x_wconf 74' lang='grc' dir='ltr'><strong>ι</strong></span> <span class='ocrx_word' id='word_1_900' title='bbox 3153 5555 3308 5612; x_wconf 89' lang='lat' dir='ltr'><strong>Libb.</strong></span> <span class='ocrx_word' id='word_1_901' title='bbox 3351 5553 3476 5612; x_wconf 89' lang='lat' dir='ltr'><strong>editi</strong></span> <span class='ocrx_word' id='word_1_902' title='bbox 3517 5569 3532 5608; x_wconf 89' lang='lat'><strong>:</strong></span> <span class='ocrx_word' id='word_1_903' title='bbox 3573 5568 3594 5605; x_wconf 77' lang='lat' dir='ltr'><strong>r</strong></span> <span class='ocrx_word' id='word_1_904' title='bbox 3621 5563 3702 5603; x_wconf 85' lang='lat' dir='ltr'><strong>re-</strong></span> 
     </span>
    </p>
   </div>
   <div class='ocr_carea' id='block_1_117' title="bbox 2173 5641 2458 5702">
    <p class='ocr_par' dir='ltr' id='par_1_117' title="bbox 2173 5641 2458 5702">
     <span class='ocr_line' id='line_1_117' title="bbox 2173 5641 2458 5702; baseline -0.021 -14"><span class='ocrx_word' id='word_1_905' title='bbox 2173 5641 2411 5702; x_wconf 85' lang='lat' dir='ltr'><strong>quirunt.</strong></span> <span class='ocrx_word' id='word_1_906' title='bbox 2441 5651 2458 5682; x_wconf 72' lang='grc' dir='ltr'><strong>ι</strong></span> 
     </span>
    </p>
   </div>
  </div>
