4050 6148
284 198 390 256 909

1247 196 1312 251 IN
1351 195 1608 252 LIBRUM
1643 195 1810 256 JESU
1843 195 2030 252 NAVE
2067 196 2351 253 HOMILIA
2387 195 2552 252 XVII.

3413 195 3519 252 9l0

289 315 380 370 isti
421 314 514 383 qui
548 320 805 386 pugnant,
851 321 901 367 et
948 328 1066 382 qua:
1107 321 1188 369 est
1220 315 1308 370 illa
1343 332 1520 385 pugna
1565 332 1726 386 quam
1780 317 1853 372 illi
1883 320 1929 376 A
1957 318 2188 372 veritate
2243 319 2470 372 adorent
2493 315 2559 368 3'.
2589 312 2704 376 .Sie
2756 327 2893 383 ergo
2945 323 3208 384 praesente
3263 291 3514 383 veritate,

287 415 505 480 gerunt.
545 406 658 476 Ego
690 406 768 460 sic
809 404 1046 458 arbitror
1077 409 1218 475 quod
1247 423 1434 463 omnes
1477 409 1550 463 illi
1593 411 1683 479 qui
1731 411 1853 464 dor-

288 504 530 556 mierunt
583 509 707 554 ante
756 515 855 554 nos
900 510 1117 568 patres,
1169 510 1414 569 pugnent
1466 500 1745 554 nobiscum
1799 510 1855 554 et

289 592 546 662 adiuvent
596 605 694 644 nos
727 591 1064 644 orationibus
1102 590 1238 642 suis.
1281 589 1355 642 lta
1406 604 1640 657 namque
1689 590 1853 644 etiam

291 685 579 752 quemdam
611 684 676 737 de
713 682 1020 737 senioribus
1063 681 1335 749 magistris
1364 682 1546 733 audivi
1585 681 1852 734 dicentem

291 778 345 833 iu
375 792 440 830 eo
483 778 623 841 loco,
658 774 711 828 in
741 789 848 842 quo
882 775 1138 840 scriptum
1173 783 1254 825 est
1285 770 1338 822 in
1377 769 1628 824 Numeris
1652 770 1697 801 ’⁸
1725 771 1851 838 quia

294 887 316 919 ι
341 867 580 936 ablinget
616 879 890 935 synagoga
927 863 1014 916 illa
1044 882 1061 914 ι
1100 863 1238 915 hanc
1277 876 1630 930 synagogam,
1667 880 1685 912 ι
1715 864 1856 916 sicut

289 959 517 1028 ablingit
544 957 740 1010 vitulus
767 956 986 1009 herbam
1015 953 1239 1006 viridem
1268 952 1319 1004 in
1350 967 1594 1020 campo.»
1631 952 1854 1007 Dicebat

291 1064 466 1118 ergo:
495 1047 672 1112 Quare
721 1045 1026 1114 huiusmodi
1083 1043 1376 1097 siu'iilitudo
1411 1055 1686 1112 assumpta
1735 1057 1850 1110 est,

293 1141 400 1196 nisi
437 1141 563 1210 quia
609 1140 709 1193 hoc
756 1148 838 1192 est
881 1140 1021 1207 quod
1076 1138 1480 1208 intelligendum
1526 1137 1697 1191 estin
1755 1140 1854 1190 hoc

293 1231 436 1295 loco,
460 1231 602 1301 quod
633 1245 902 1300 synagoga
937 1229 1170 1294 Domini,
1201 1245 1321 1296 quae
1357 1244 1457 1283 nos
1486 1228 1765 1297 praecessit
1798 1227 1853 1281 in

294 1325 524 1388 sanctis,
563 1338 657 1377 ore
684 1331 738 1378 et
770 1322 947 1392 lingua
983 1322 1254 1376 consumit
1290 1322 1653 1375 adversariam
1691 1335 1856 1392 syna-

293 1430 512 1484 gogam,
551 1415 604 1468 id
637 1423 740 1476 est,
770 1413 1105 1466 orationibus
1141 1423 1194 1466 et
1225 1413 1475 1482 precibus
1513 1414 1854 1468 adversarios

297 1516 514 1560 nostros
545 1505 808 1560 absumit?
854 1503 969 1559 Non
1004 1519 1132 1573 ergo
1178 1505 1342 1559 armis
1385 1505 1730 1574 pugnandum
1774 1512 1856 1560 est

296 1598 456 1652 nobis
515 1597 799 1651 adversum
858 1597 1042 1651 hostes
1106 1607 1320 1651 nostros
1385 1597 1710 1660 invisibiles,
1760 1598 1854 1652 sed

1960 414 2120 476 typus
2144 415 2199 461 et
2227 407 2414 460 umbra
2445 406 2677 461 cessavit
2705 421 2720 459 :
2753 415 2809 459 et
2843 421 2966 460 cum
2998 406 3216 460 adesset
3241 409 3517 476 templum,

1957 497 2098 565 quod
2151 511 2247 566 per
2299 497 2560 565 Spiritum
2596 495 2688 550 Dei
2729 505 2785 550 et
2837 497 3092 550 virtutem
3144 498 3408 552 Altissimi
3461 503 3518 552 in

1957 595 2110 641 utero
2137 588 2359 655 virginis
2389 587 2712 642 fabricatum
2741 595 2846 652 est,
2877 587 3113 642 dirututn
3147 597 3231 644 est
3263 591 3517 659 templum

1957 693 2021 732 ex
2059 679 2326 747 lapidibus
2376 679 2721 735 fabricatum.
2765 681 2967 735 Aderat
3013 683 3254 752 pontifex
3303 683 3515 737 futuro-

1960 785 2076 823 rum
2125 769 2411 824 bouorum.
2461 768 2823 824 Cessaverunt
2872 771 2982 840 (16)
3017 774 3298 841 pontiﬁces
3333 783 3515 828 tauro-

1958 876 2076 914 rum
2117 870 2172 915 et
2207 860 2502 914 hircorum.
2536 862 2700 915 Venit
2723 862 2906 933 Agnus
2943 863 3058 930 Dei,
3083 865 3174 932 qui
3211 865 3347 918 tollit
3391 879 3519 934 pec-

1956 964 2133 1008 catum
2171 954 2351 1008 mundi
2381 954 2425 984 ³³
2451 993 2466 1017 ,
2514 955 2722 1009 destitit
2763 971 2934 1025 agnus
2980 971 3043 1009 ex
3093 960 3386 1026 pecudibus
3431 973 3519 1013 as-

1957 1057 2203 1114 sumptus
2233 1057 2288 1098 ct
2322 1047 2688 1114 nequidquam
2723 1056 2798 1101 tot
2834 1048 3043 1102 sa’culis
3068 1048 3344 1118 iugulatus
3375 1049 3513 1120 (17).

1957 1134 2122 1201 Igitur
2152 1137 2196 1188 si
2245 1137 2360 1190 hmc
2400 1136 2579 1189 omnia
2625 1151 2743 1205 qua:
2774 1137 2824 1190 iu
2857 1138 3043 1190 umbra
3084 1139 3352 1207 prioribus
3388 1142 3514 1194 data

1955 1228 2187 1291 fuerant,
2226 1240 2493 1299 praesente
2529 1239 2584 1284 et
2625 1232 2910 1287 assistente
2948 1232 3170 1286 veritate
3216 1241 3522 1298 cessarunt,

1957 1337 2292 1390 consequens
2339 1321 2457 1375 sine
2503 1323 2666 1377 dubio
2719 1333 2836 1378 erat
2885 1332 2974 1388 ut,
3018 1323 3333 1378 inmeditate
3371 1323 3524 1392 regni

1956 1413 2214 1467 cmlorum
2284 1416 2548 1483 patefacta
2577 1458 2590 1482 ,
2645 1417 2930 1471 hacreditas
2994 1425 3204 1470 terrena
3263 1423 3519 1471 cessaret.

1954 1503 2110 1556 Ratio
2135 1513 2312 1557 autem
2355 1521 2460 1573 qua
2501 1511 2614 1560 haec
2648 1517 2840 1560 cuncta
2880 1507 3208 1570 desinerent,
3241 1507 3329 1561 illa
3360 1506 3528 1578 438

1953 1606 2056 1658 est,
2089 1604 2147 1648 ut
2175 1610 2335 1648 omne
2385 1611 2446 1649 os
2492 1597 2824 1663 obstruatur,
2856 1606 2911 1652 et
2939 1597 3188 1651 subditus
3229 1596 3320 1650 ﬁat
3349 1597 3526 1653 omnis

292 1690 655 1753 orationibus,
682 1697 738 1742 et
769 1688 917 1742 verbi
951 1688 1039 1740 Dei
1083 1688 1541 1752 meditationibus,
1570 1699 1624 1742 et
1663 1691 1853 1756 operi-
1887 1659 1928 1714 Β
1960 1683 2190 1737 mundus
2227 1683 2354 1747 Deo,
2408 1698 2477 1737 ne
2525 1683 2615 1750 qui
2662 1682 2799 1737 forte
2847 1699 2914 1738 ex
2969 1684 3249 1738 incredulo
3297 1685 3515 1754 populo,

295 1779 420 1840 bus,
453 1793 518 1832 ac
565 1778 811 1832 sensibus
859 1779 1042 1832 rectis.
1095 1776 1186 1832 Sic
1231 1779 1375 1832 enim
1423 1780 1776 1834 armabantur
1801 1787 1857 1833 et

294 1879 505 1938 patres,
545 1869 649 1923 ﬁde
695 1878 750 1922 et
808 1869 1063 1937 operibus
1113 1869 1411 1923 vincentes.
1439 1870 1572 1924 Vide
1619 1870 1854 1940 denique

301 1959 431 2027 quia
463 1959 544 2013 sic
598 1959 854 2028 scriptum
891 1968 975 2011 est
1023 1958 1089 2012 de
1121 1961 1238 2012 eis:
1286 1977 1306 2010 ‹
1335 1957 1727 2024 Crediderunt,
1775 1963 1854 2012 iu-

293 2054 414 2121 quit
437 2052 504 2116 ²⁹,
547 2050 678 2114 Deo,
710 2061 764 2105 et
799 2050 963 2121 Moysi
1011 2049 1209 2103 famulo
1249 2049 1384 2118 ejus.
1410 2068 1428 2100 ι
1471 2052 1533 2104 Et
1571 2061 1695 2104 tunc
1729 2066 1857 2104 can-

294 2145 430 2198 tavit
472 2143 682 2214 Moyses
710 2147 974 2197 canticum
1011 2143 1114 2196 hoc
1141 2151 1196 2194 et
1243 2143 1378 2196 dixit
1399 2142 1443 2173 ³⁰
1472 2159 1485 2195 :
1522 2162 1540 2193 ί
1564 2142 1856 2196 Cantemus

294 2234 544 2296 Domino,
575 2235 807 2304 gloriose
838 2233 982 2287 enim
1017 2233 1404 2288 houoriﬁcatus
1429 2242 1532 2287 est.
1555 2251 1573 2284 ι
1613 2232 1689 2286 Ita
1726 2248 1856 2303 ergo

294 2338 350 2383 et
382 2344 482 2384 nos
514 2328 673 2383 ﬁdem
705 2327 918 2396 plenam
949 2335 1003 2379 et
1047 2341 1209 2393 opera
1242 2326 1356 2397 (12)
1388 2325 1650 2394 perfecta,
1701 2326 1856 2379 inde-

297 2423 538 2477 sinentes
573 2423 869 2484 orationes,
903 2421 1306 2474 meditationem
1340 2419 1486 2472 verbi
1546 2419 1736 2483 divini,
1773 2419 1856 2471 in-

296 2515 646 2585 telligentiam
689 2513 984 2582 Spiritalem
1025 2514 1288 2579 colentes,
1315 2520 1366 2565 et
1401 2513 1452 2565 in
1487 2513 1570 2566 liis
1603 2512 1857 2566 omnibus

296 2606 447 2659 velut
498 2607 666 2659 armis
715 2605 807 2660 Dei
857 2603 1086 2669 muniti,
1135 2613 1338 2660 stemus
1396 2605 1652 2660 adversus
1704 2612 1855 2658 astu-

298 2699 398 2752 tias
433 2696 544 2769 (15)
595 2696 810 2761 diaboli,
846 2697 1157 2750 invocantes
1194 2698 1356 2750 Deum
1406 2697 1704 2762 adiutorem
1756 2712 1856 2750 no-

297 2797 467 2844 strum
501 2790 556 2842 in
580 2789 792 2844 Christo
817 2788 941 2844 Jesu
974 2789 1201 2843 Domino
1233 2799 1438 2854 nostro,
1463 2791 1548 2843 cui
1577 2799 1661 2843 est
1685 2789 1854 2860 gloria

297 2891 350 2936 et
378 2882 664 2951 imperium
695 2883 746 2935 in
777 2883 971 2936 saacula
1008 2881 1350 2936 saeculorum.
1380 2883 1572 2938 Amen.

841 2974 1118 3030 IIOSIILIA
1161 2973 1320 3030 XVII.

297 3063 376 3118 De
405 3080 465 3120 eo
508 3065 647 3135 quod
678 3064 873 3121 Levita:
917 3084 1018 3120 non
1058 3077 1361 3210 mitigat-unt
1395 3068 1450 3122 in
1487 3068 1851 3124 [nereditatem

892 3147 1085 3189 terram
1255 3177 1268 3191 .

892 3147 1085 3189 terram
1137 3147 1268 3191 (Ml.

369 3229 424 3283 1.
465 3227 617 3283 Sicut
647 3227 853 3282 umbra:
894 3238 948 3282 et
990 3231 1282 3298 exemplari
1332 3229 1643 3286 deserviunt
1688 3232 1858 3288 ctele-

298 3320 462 3374 stium
500 3321 555 3384 ii,
586 3320 675 3390 qui
708 3321 878 3391 legem
911 3323 1232 3392 suscipiunt,
1265 3339 1386 3390 qua:
1415 3333 1498 3378 est
1539 3324 1686 3379 illius
1719 3340 1858 3380 verte

299 3409 432 3479 legis
478 3412 690 3473 umbra,
726 3412 796 3465 ita
843 3413 1121 3482 exemplar
1160 3423 1210 3468 et
1247 3415 1493 3469 umbram
1553 3425 1854 3485 sequuntur

299 3504 579 3558 divisionis
612 3505 850 3559 cmlestis
882 3506 938 3569 ii,
969 3507 1056 3568 qui
1093 3506 1144 3558 in
1194 3505 1378 3560 Iudaea
1418 3509 1736 3563 haereditate
1771 3511 1854 3563 di-

299 3592 490 3647 vidunt
525 3601 742 3646 terram.
783 3593 908 3648 Erat
956 3609 1084 3663 ergo
1127 3596 1176 3648 in
1226 3597 1377 3651 caelis
1412 3597 1635 3661 veritas,
1668 3599 1856 3653 umbra

296 3698 427 3739 vero
457 3693 512 3738 et
540 3684 818 3754 exemplar
851 3684 965 3756 (15)
992 3687 1231 3740 veritatis
1277 3691 1330 3741 in
1372 3689 1555 3742 terris.
1589 3689 1655 3742 Et
1689 3689 1858 3745 donec

296 3776 489 3830 umbra
525 3776 638 3830 haec
665 3777 949 3830 constabat
974 3777 1026 3830 in
1065 3779 1244 3844 terris,
1275 3790 1392 3833 erat
1419 3777 1717 3835 Jerusalem
1746 3790 1856 3836 ter.

297 3868 511 3931 reatris,
539 3879 652 3921 erat
688 3868 962 3938 templum,
1003 3878 1123 3923 erat
1149 3870 1342 3934 altare,
1374 3883 1493 3924 erat
1528 3881 1582 3924 et
1627 3873 1857 3928 visibilis

297 3959 496 4021 Cultus,
541 3967 698 4011 erant
742 3959 1023 4028 pontiﬁces
1069 3968 1123 4012 et
1167 3963 1498 4025 sacerdotes,
1535 3964 1858 4017 constabant

296 4047 464 4101 etiam
496 4048 744 4102 civitates
787 4058 842 4102 et
871 4049 972 4102 vici
1007 4049 1226 4116 .ludteze,
1269 4063 1324 4104 et
1365 4053 1544 4105 omnia
1580 4055 1691 4108 haec
1741 4070 1859 4123 qua:

301 4152 442 4190 nunc
489 4136 542 4190 in
577 4137 680 4191 hoc
719 4136 860 4191 libro
906 4138 1171 4207 descripta
1206 4142 1519 4193 recitantur.
1552 4142 1682 4196 Cum
1728 4159 1858 4198 vero

299 4227 352 4281 in
388 4227 620 4281 adventu
673 4227 970 4282 Salvatoris
1018 4229 1185 4281 nostri
1229 4229 1321 4283 Dci
1353 4246 1383 4282 e
1428 4232 1580 4286 cmlis
1630 4233 1858 4287 descen-

1953 1779 2266 1830 occasiones
2295 1789 2405 1829 sua:
2439 1773 2779 1830 inﬁdelitatis
2809 1776 3143 1845 acciperent,
3169 1785 3226 1830 et
3252 1776 3521 1832 habentes

1954 1867 2176 1921 umbras
2203 1864 2507 1934 antiquitus
2538 1866 2639 1920 sibi
2679 1867 2924 1931 traditas,
2954 1866 3039 1919 vel
3073 1867 3290 1937 templi,
3319 1867 3404 1922 vel
3440 1866 3521 1920 al-

1952 1957 2103 2019 taris,
2151 1956 2231 2009 vel
2281 1956 2630 2024 pontiﬁcum,
2677 1957 2763 2012 vel
2801 1956 3146 2011 sacerdotum
3181 1957 3317 2028 (i8),
3368 1958 3520 2012 vide-

1955 2058 2142 2102 rentur
2183 2048 2284 2102 sibi
2328 2057 2686 2116 permanente
2722 2049 2924 2116 antiqui
2960 2049 3138 2104 cultus
3181 2059 3326 2104 statu
3376 2064 3518 2120 prae-

1953 2139 2178 2192 varicari
2223 2139 2498 2208 religionis
2527 2141 2771 2195 ordinem
2805 2143 2848 2195 si
2887 2143 3182 2195 transirent
3213 2143 3278 2195 ad
3332 2141 3516 2198 ﬁdem.

1955 2227 2247 2298 Pmpterea
2278 2245 2411 2300 ergo
2457 2229 2664 2284 auferri
2716 2231 2829 2286 haec
2873 2233 3054 2286 omnia
3090 2247 3210 2300 quae
3260 2234 3313 2287 in
3357 2236 3520 2290 terris

1957 2318 2153 2371 dudum
2195 2317 2407 2373 fuerant
2443 2320 2787 2386 adumbrata,
2817 2322 2996 2375 divina
3035 2324 3371 2390 providentia
3404 2326 3514 2380 dis-

1956 2407 2238 2474 pensavit,
2285 2419 2342 2461 ut
2376 2408 2516 2461 viam
2565 2411 2963 2477 quodammodo
3018 2412 3285 2480 accipiant
3334 2416 3517 2483 requi-

1956 2499 2135 2551 rendae
2159 2498 2405 2552 veritatis
2445 2499 2781 2553 cessantibus
2828 2502 2987 2571 typis.
3038 2502 3093 2554 Si
3130 2517 3264 2571 ergo
3297 2504 3518 2559 veniens

1957 2589 2023 2642 ad
2053 2585 2354 2643 Jerusalem
2391 2590 2663 2643 civitatem
2693 2597 2984 2658 terrenam,
3028 2606 3061 2645 ο
3105 2591 3317 2657 .ludtee,
3364 2594 3518 2648 inve-

1958 2680 2072 2734 nies
2096 2695 2214 2734 eam
2252 2682 2565 2734 subversam
2613 2692 2669 2734 et
2719 2681 2772 2734 in
2816 2683 3030 2736 cineres
3073 2698 3137 2736 ac
3179 2682 3388 2739 favillas
3427 2699 3523 2740 re-

1959 2772 2190 2836 dactam,
2215 2771 2322 2826 noli
2353 2770 2497 2833 ﬁere,
2533 2772 2671 2826 sicut
2703 2787 2845 2826 nunc
2869 2772 3046 2827 facitis
3071 2782 3325 2842 tanquam
3359 2775 3516 2843 pueri

1960 2861 2230 2925 sensibus,
2263 2859 2371 2914 noli
2419 2860 2721 2925 lamentari,
2757 2861 2852 2915 sed
2896 2876 2992 2929 pro
3039 2871 3252 2915 terrena
3302 2864 3520 2932 require

1959 2951 2258 3006 cmlestem.
2295 2952 2520 3005 Sursum
2556 2953 2781 3020 respice,
2808 2961 2860 3006 et
2898 2953 2972 3007 ibi
3017 2952 3260 3008 invenies
3296 2952 3520 3009 Jerusa-

1962 3043 2065 3096 lem
2093 3043 2388 3108 caelestem,
2422 3059 2541 3112 quae
2571 3053 2653 3097 est
2681 3044 2921 3098 omnium
2959 3053 3131 3097 mater
3153 3043 3217 3098 “.
3255 3043 3311 3097 Si
3343 3045 3517 3100 altare

1961 3138 2165 3193 videris
2197 3138 2535 3198 destitutum,
2563 3136 2684 3191 nolo
2718 3137 3080 3192 contristeris.
3107 3136 3163 3192 Si
3203 3139 3516 3207 pontiﬁcem

1959 3243 2064 3282 non
2109 3227 2368 3292 invenias,
2416 3227 2538 3280 nolo
2572 3227 2845 3294 desperes.
2891 3228 2985 3282 Est
3020 3227 3074 3280 in
3124 3229 3279 3284 cmlis
3325 3230 3519 3298 altare,

1960 3328 2015 3372 et
2049 3319 2254 3372 assistit
2287 3317 2336 3372 ei
2388 3317 2629 3387 pontifex
2668 3317 2974 3372 futurorum
3013 3320 3277 3374 bonorum
3321 3335 3520 3374 secun-

1960 3410 2085 3464 dum
2127 3410 2370 3464 ordinem
2416 3409 2818 3469 Melchisedech
2871 3411 3076 3465 electus
3111 3426 3140 3464 a
3181 3411 3380 3467 Deo”.
3425 3410 3519 3468 Sic

1959 3515 2088 3568 ergo
2115 3499 2268 3554 vobis
2313 3499 2514 3568 pietate
2539 3510 2592 3554 et
2624 3501 2995 3555 misericordia
3028 3501 3120 3556 Dei
3152 3503 3313 3556 etiam
3346 3504 3521 3558 haere-

1961 3594 2101 3646 ditas
2134 3601 2345 3645 terrena
2388 3591 2597 3646 sublata
2627 3602 2734 3658 est,
2764 3602 2823 3646 ut
2853 3592 3224 3649 hzereditatem
3257 3595 3511 3664 quaeratis

1962 3685 2013 3736 in
2045 3682 2217 3737 caelis.

2027 3775 2081 3828 2.
2129 3776 2505 3829 Verumtamen
2565 3774 2842 3829 videamus
2915 3775 3040 3844 quid
3096 3784 3179 3830 est
3229 3777 3373 3846 quod
3424 3792 3522 3847 per

1961 3869 2205 3921 umbram
2253 3867 2600 3929 describitur,
2647 3868 2775 3934 quia
2820 3867 2872 3919 in
2909 3869 3101 3922 umbra
3147 3869 3282 3939 legis
3320 3870 3522 3928 veritas

1961 3958 2299 4013 deformatur
2328 3955 2459 4027 (19).
2508 3956 2762 4010 Refertur
2805 3971 2934 4026 ergo
2968 3958 3139 4026 prima
3184 3969 3239 4014 et
3283 3963 3522 4016 secunda

1959 4051 2294 4106 haereditatis
2331 4049 2472 4104 facta
2507 4051 2726 4106 divisio.
2761 4051 2940 4105 Prima
2979 4052 3200 4121 quidem
3238 4068 3333 4122 per
3371 4053 3522 4123 Moy-

1960 4160 2086 4210 sen;
2121 4145 2355 4198 secunda
2408 4158 2558 4207 vero,
2598 4159 2716 4211 qua:
2749 4144 3019 4211 potentior
3070 4154 3176 4210 est,
3210 4161 3304 4214 per
3334 4146 3518 4202 Iesum

1962 4236 2100 4290 facta
2133 4236 2474 4290 describitur.
2505 4237 2570 4289 Et
2601 4235 2812 4306 Moyses
2840 4245 2991 4291 trans
3021 4236 3312 4293 Iordanem
3347 4241 3517 4294 tribui

303 4320 436 4374 dens
469 4336 488 4370 ι
520 4320 721 4373 veritas
745 4321 809 4373 de
860 4332 1001 4374 terra
1031 4330 1148 4373 orta
1177 4331 1278 4384 est,
1307 4332 1360 4375 et
1384 4321 1593 4388 iustitia
1628 4324 1693 4378 de
1721 4325 1858 4379 ctelo
1894 4342 1935 4394 ι)
1964 4327 2172 4394 Ruben,
2216 4337 2270 4380 et
2319 4329 2479 4381 tribui
2513 4327 2650 4390 Gud,
2692 4337 2746 4381 et
2775 4314 3008 4382 dimidia:
3057 4330 3221 4383 tribui
3273 4330 3522 4386 Mauasse

299 4411 575 4480 prospexit
596 4411 910 4472 ",wmhrae
934 4421 988 4465 et
1031 4411 1356 4479 exemplaria
1389 4414 1724 4468 ceciderunt.
1759 4417 1857 4470 Cc-

298 4499 428 4552 cidit
466 4499 608 4552 enim
638 4497 960 4562 Jerusalem,
989 4500 1186 4552 cecidit
1221 4500 1500 4568 templum,
1530 4505 1701 4556 altare
1732 4503 1857 4556 sub-

299 4589 465 4645 latum
498 4600 600 4653 est,
629 4593 702 4645 uti
733 4591 845 4659 jam
881 4606 1055 4657 neque
1101 4590 1154 4643 in
1192 4601 1372 4645 monte
1393 4590 1654 4655 Garizim,
1686 4609 1858 4661 neque

300 4687 353 4741 in
393 4685 744 4754 Jerosolymis
790 4684 860 4736 sit
891 4682 1044 4736 locus
1093 4684 1181 4736 ubi
1219 4692 1430 4750 oportet
1467 4684 1718 4750 adorare,
1765 4687 1857 4739 sed

301 4779 411 4833 veri
461 4779 777 4832 adoratores
809 4763 899 4842 qui
945 4774 1173 4827 adorant
1211 4774 1527 4839 Patrem,in
1563 4775 1754 4845 spiritu
1793 4786 1861 4856 et

366 4917 412 4950 ³⁸
449 4913 613 4969 Num.
645 4929 758 4968 χχιι
783 4951 797 4977 ,
829 4914 881 4966 4.
960 4912 1004 4943 ²⁹
1044 4912 1215 4970 Exod.
1244 4928 1358 4977 xxv,
1384 4913 1472 4967 3i.

297 4985 383 5044 29.
459 4987 504 5018 "
542 4987 659 5040 Gal.
703 5001 774 5040 IV.
849 4983 893 5016 ³⁵
934 4982 1094 5039 Hebr.
1120 5000 1172 5038 v.

367 5133 478 5202 (12)
519 5132 670 5194 Mss..
702 5153 720 5184 ‹
753 5135 908 5189 [idem
942 5133 1154 5202 plenam
1183 5142 1236 5188 et
1261 5147 1480 5202 opera.»
1511 5133 1850 5190 Libb.editi;

302 5221 322 5256 ‹
353 5203 474 5257 ﬁdei
511 5205 663 5274 plena
691 5220 872 5274 opera.
901 5224 919 5256 ι

365 5275 476 5336 (15)
521 5273 670 5328 Unus
699 5275 1047 5330 Ebroicensis
1074 5296 1087 5330 :
1122 5295 1139 5326 ι
1171 5273 1416 5329 insidias.
1444 5293 1462 5325 ι

367 5344 477 5415 (14)
516 5346 696 5399 Codex
726 5345 1033 5415 Sangerm.,
1069 5366 1086 5397 ς
1115 5344 1483 5400 baereditatem
1515 5354 1692 5400 terra.
1719 5362 1739 5395 ι

369 5413 479 5484 (15)
522 5416 702 5468 Idem:
746 5434 763 5465 ι
793 5413 1147 5484 eiemplaria.
1173 5433 1192 5466 ι

369 5483 477 5549 (16)
516 5485 668 5549 Mss.,
707 5505 725 5535 ι
757 5483 991 5542 cessant.
1021 5505 1041 5538 ι

368 5555 478 5622 (17)
520 5555 585 5608 Et
637 5556 988 5626 nequidquam
1023 5567 1096 5611 tot
1137 5555 1342 5611 siccatis
1381 5555 1678 5626 iugulatus.
1726 5553 1851 5610 Haec

301 5624 490 5682 desunt
541 5626 593 5681 in
643 5625 772 5681 libb.
811 5625 994 5696 editis,
1043 5629 1136 5684 sed
1197 5624 1463 5696 leguntur
1495 5629 1548 5682 in
1601 5627 1851 5682 omnibus

1547 4914 1593 4946 “
1660 4915 1828 4972 Exod.
1874 4934 1962 4982 xv,
1998 4920 2044 4971 1.

1963 4419 2350 4487 possessionem
2384 4417 2664 4482 decernit;
2694 4419 2875 4472 caeteri
2922 4433 3050 4473 vero
3077 4435 3264 4475 omnes
3307 4436 3402 4490 per
3429 4421 3520 4476 Je-

1963 4524 2080 4562 sum
2117 4509 2419 4576 suscipiunt
2462 4505 2854 4562 haereditatem.
2897 4507 3140 4562 Diximus
3167 4510 3234 4562 de
3283 4510 3367 4564 his
3407 4510 3520 4580 jam

1962 4599 2132 4667 prius,
2162 4600 2429 4666 quomodo
2471 4598 2506 4650 ii
2539 4598 2628 4667 qui
2671 4613 2766 4667 per
2799 4598 2973 4668 legem
3026 4600 3347 4669 placuerunt
3390 4601 3523 4669 Deo,

1965 4689 2326 4758 praecedentes
2375 4699 2618 4757 tempore
2657 4704 2750 4744 eos
2796 4691 2886 4758 qui
2941 4704 3036 4757 per
3080 4690 3237 4744 ﬁdem
3283 4689 3408 4745 Jesu
3457 4695 3525 4744 ad

1967 4784 2288 4851 repromissa
2358 4783 2718 4849 perveniunt,
2784 4784 3021 4837 nomium
3093 4799 3213 4853 qua:
3286 4783 3527 4855 perfecta

2120 4919 2160 4949 ³¹
2203 4917 2346 4973 Psal.
2380 4936 2577 4985 Lxxxv,
2606 4921 2695 4976 11.
2781 4920 2825 4953 ³³
2863 4920 3021 4977 Joan.
3057 4936 3132 4978 1v.

3214 4920 3259 4952 ³³
3297 4919 3456 4980 Joan.
3482 4933 3527 4993 1,

1957 5150 2140 5281 ms(81.8)
2192 5203 2282 5258 Vel
2322 5207 2637 5281 te_mp_li_,_vet
2672 5205 2894 5281 altaris,
2939 5209 3020 5263 vel
3055 5212 3395 5281 pontiﬁcum,
3449 5213 3526 5267 uel

1955 5279 2302 5350 sacerdotum.
2357 5275 2414 5350 In
2442 5276 2586 5350 libb.
2620 5277 2781 5332 editis
2825 5283 2996 5344 deest,
3045 5275 3175 5336 (vel
3203 5275 3402 5350 vtempli
3443 5283 3526 5336 vel

1955 5345 2164 5469 altaris,
2193 5365 2211 5398 ι
2249 5357 2306 5399 et
2353 5347 2599 5416 legitur:
2646 5365 2664 5398 t
2716 5352 2799 5402 vel
2844 5350 3143 5419 pontiﬁcii,
3191 5353 3275 5405 vel
3329 5345 3521 5407 sacer-

1997 5427 2114 5469 otn.
2146 5434 2165 5467 ι

2029 5453 2331 5610 ἐέἑιίΜεεη
2387 5485 2828 5544 (deformatum:
2881 5488 3039 5546 Libb.
3086 5488 3244 5560 editi,
3292 5511 3311 5545 ι
3342 5492 3519 5551 refor-

2141 5595 2154 5610 ο
2183 5576 2202 5609 δ

1955 5571 2154 5611 matur.
2183 5576 2202 5609 ι
