4050 6148
532 202 635 259 911

2014 201 2334 259 URIGENIS

3666 210 3772 268 9ιί

532 327 661 373 sunt
702 316 814 388 (20)
851 325 1280 385 consequuntur,
1317 327 1700 389 exspectantes
1737 333 1832 374 eos
1865 285 1964 388 qui
2005 335 2104 389 po-
2133 326 2178 383 Α
2210 317 2423 390 Moyses
2463 318 2650 376 dicere
2680 334 2785 376 non
2831 318 3021 391 potuit,
3053 318 3257 378 idcirco
3290 320 3403 389 ipsa
3449 320 3561 392 (2-2)
3607 325 3770 381 habi-

533 409 794 465 steriores
838 408 1054 463 diverso
1109 407 1327 476 quidem
1385 419 1629 477 tempore
1680 410 1775 464 sed
1835 424 1945 464 una
2001 409 2106 465 ﬁde

536 501 845 571 placebant,
890 500 1032 555 sicut
1073 501 1365 572 Apostolus
1414 501 1548 557 dicit
1574 502 1640 569 ³⁸,
1690 520 1710 552 ι
1740 502 1817 556 uti
1872 516 1940 558 ne
1986 502 2103 557 sine

535 592 693 646 nobis
733 591 1130 660 perfectionem
1177 604 1660 660 consequerentur.
1688 611 1707 645 ι
1752 590 1961 647 Interea
1999 591 2100 647 Le-

535 684 661 737 vitis
705 697 881 750 neque
910 682 1120 753 Moyses
1159 684 1308 739 dedit
1355 684 1760 750 haereditatem,
1804 699 1976 755 neque
2014 683 2104 739 Je-

534 792 649 838 sus,
682 777 809 846 quia
839 777 1099 832 Dominus
1127 776 1269 831 Deus
1307 777 1424 846 ipse
1452 787 1534 832 est
1568 778 1862 834 haereditas
1892 792 2100 833 eorum.

532 866 590 921 In
620 883 725 937 qua
759 881 818 920 re
843 865 973 937 quid
998 865 1142 920 aliud
1170 866 1513 922 sentiendum
1541 877 1647 931 est,
1676 868 1785 923 nisi
1819 868 1963 937 quod
1995 868 2104 923 sint

534 964 589 1018 in
625 965 870 1019 Ecclesia
913 962 1123 1017 Domini
1156 962 1415 1033 quidam,
1457 962 1549 1029 qui
1594 961 1795 1015 virtute
1840 958 2005 1013 animi
2049 968 2105 1015 et

534 1058 854 1116 meritorum
935 1055 1107 1124 gratia
1179 1062 1408 1108 caeteros
1481 1066 1672 1107 omnes
1746 1050 2101 1118 praecedunt,

534 1153 734 1223 quibus
760 1151 876 1219 ipse
905 1146 1166 1202 Dominus
1208 1144 1499 1199 haereditas
1527 1157 1651 1198 esse
1693 1142 1926 1197 dicitur?
1959 1141 2025 1196 Et
2056 1143 2102 1197 si

534 1244 619 1301 fas
651 1251 736 1298 est
766 1240 967 1295 audere
1002 1240 1053 1292 in
1090 1237 1307 1299 talibus,
1331 1245 1385 1290 et
1409 1235 1593 1289 arcani
1617 1235 1876 1289 reconditi
1900 1234 2104 1303 aliquid

535 1337 772 1410 aperire,
803 1333 1087 1387 videamus
1115 1345 1179 1385 ne
1214 1328 1354 1385 forte
1387 1328 1516 1383 illud
1547 1329 1639 1392 sit,
1668 1330 1811 1398 quod
1845 1328 2104 1382 sacerdo-

536 1440 649 1486 tum
679 1426 764 1484 vel
792 1426 1111 1481 Levitarum
1147 1420 1371 1492 ﬁguram
1417 1420 1653 1475 latenter
1679 1418 1940 1485 ostendit,
1977 1419 2102 1487 quia

535 1526 589 1580 in
623 1521 770 1578 omni
806 1518 1002 1590 populo
1042 1516 1252 1589 (eorum
1288 1515 1410 1570 dico
1455 1515 1546 1584 qui
1591 1510 1891 1583 salvantur)
1933 1512 2104 1582 major

533 1613 654 1669 sine
693 1610 857 1665 dubio
896 1623 1021 1677 pars
1047 1617 1163 1670 est,
1197 1614 1253 1660 et
1295 1606 1451 1673 longe
1496 1604 1841 1657 numerosior
1883 1617 2098 1669 eorum,

2208 411 2384 466 tacula
2436 411 2782 466 sacerdotum
2827 421 2882 466 et
2938 410 3252 466 Levitarum
3300 414 3616 484 dispensare
3661 432 3769 473 non

2205 502 2399 572 potuit.
2432 501 2632 558 Beatus
2667 517 2798 573 ergo
2829 511 2915 559 est
2942 504 3034 574 qui
3063 518 3123 558 se
3157 503 3317 560 talem
3360 505 3603 570 exhibet,
3632 518 3692 562 et
3719 509 3772 564 in

2206 592 2326 648 istis
2367 594 2623 649 omnibus
2653 610 2776 665 quae
2816 596 3077 665 praecepit
3117 593 3299 661 Iesus,
3332 596 3608 652 invenitur
3651 613 3774 653 esse

2203 685 2497 754 perfectus,
2546 696 2603 740 ut
2651 686 2719 740 ab
2754 685 2884 742 Jesu
2929 697 3132 742 sortem
3189 688 3429 742 caelestis
3476 690 3776 746 mansionis

2204 777 2435 847 accipiat
2465 779 2518 832 in
2555 778 2761 834 futuro.
2794 780 2867 834 De
2913 794 3023 848 quo
3053 780 3187 834 dicit
3230 780 3343 850 ipse
3390 781 3657 838 Dominus
3686 780 3773 839 Je-

2204 883 2296 923 sus
2319 867 2407 924 θοι
2445 887 2465 920 ‹
2489 868 2671 936 Pater,
2704 872 2823 926 volo
2857 882 2915 926 ut
2964 872 3052 927 ubi
3100 888 3201 943 ego
3243 889 3360 928 sum
3382 914 3400 940 ,
3443 885 3499 929 et
3528 876 3617 931 isti
3669 879 3779 933 sint

2204 974 2448 1027 mecum;
2480 980 2498 1013 ι
2544 962 2664 1016 et“
2703 980 2717 1017 :
2755 982 2774 1015 ι
2811 963 2964 1020 Sicut
3009 980 3110 1035 ego
3158 966 3211 1019 in
3263 974 3341 1031 te,
3385 976 3442 1021 et
3489 977 3544 1022 tu
3584 970 3639 1023 in
3688 986 3777 1026 me

2203 1067 2366 1108 unum
2402 1070 2609 1121 sumus,
2644 1064 2703 1108 ut
2733 1066 2788 1110 et
2815 1056 2906 1111 isti
2942 1057 2995 1110 in
3030 1057 3188 1113 nobis
3218 1073 3380 1112 unum
3413 1060 3544 1114 sint.
3569 1079 3589 1112 ι

2276 1146 2329 1200 5.
2376 1144 2528 1212 Quod
2583 1146 2627 1202 si
2667 1148 2896 1203 audiens
2941 1149 3307 1219 perfectorum
3346 1160 3402 1207 et
3438 1154 3771 1210 eminentio-

2204 1254 2323 1292 rum
2368 1240 2736 1294 hmreditatem
2786 1242 3073 1295 Dominum
3122 1243 3252 1306 diei,
3295 1244 3515 1313 ignoras
3558 1256 3618 1300 et
3663 1262 3773 1301 ante

2202 1326 2341 1397 bigis
2378 1330 2511 1397 quid
2564 1330 2694 1384 illud
2738 1330 2809 1384 sit
2861 1333 3004 1400 quod
3057 1331 3158 1385 sub
3202 1335 3305 1389 hoc
3352 1337 3573 1390 nomine
3631 1338 3775 1391 desi-

2204 1428 2420 1486 gnatur,
2451 1422 2575 1475 audi
2609 1422 2736 1490 quia
2772 1422 3034 1478 Dominus
3064 1424 3331 1491 sapientia
3367 1437 3472 1481 est.
3512 1429 3612 1483 Cui
3649 1444 3776 1499 ergo

2205 1510 2404 1566 dicitur
2445 1512 2731 1567 baereditas
2772 1529 2896 1569 esse
2947 1513 3060 1584 (25)
3116 1516 3405 1580 Dominus,
3456 1518 3560 1573 iste
3605 1520 3778 1573 haere-

2206 1599 2433 1657 ditatem
2501 1603 2779 1672 sapientia:
2819 1605 3015 1673 capiet.
3076 1605 3334 1661 Dominus
3371 1608 3585 1677 justitia
3640 1611 3777 1665 dicio

532 1704 627 1775 qui
665 1670 984 1771 simpliciter
1023 1700 1308 1753 credentes
1338 1670 1410 1749 int
1425 1695 1618 1750 timore
1656 1695 1771 1761 Dei,
1804 1710 1898 1763 per
1936 1710 2097 1764 opera
2134 1670 2175 1726 Β
2206 1703 2311 1749 tur.
2352 1692 2450 1749 Cui
2486 1709 2615 1763 ergo
2659 1695 2947 1750 haereditas
2996 1697 3257 1753 Dominus
3294 1709 3414 1763 est,
3451 1701 3558 1754 iste
3602 1703 3778 1756 hmre-
3854 1722 3861 1729 ·

533 1800 696 1859 bona,
736 1802 791 1848 et
834 1805 931 1861 per
963 1790 1218 1844 honestos
1267 1801 1466 1852 mores,
1508 1796 1564 1839 et
1595 1797 1749 1840 actus
1795 1785 2105 1856 probabiles

533 1886 767 1943 Domino
814 1883 1048 1952 placent.
1082 1879 1250 1934 Pauci
1283 1894 1411 1933 vero
1458 1886 1622 1941 sunt,
1667 1887 1721 1931 et
1753 1877 1908 1932 valde
1957 1879 2101 1943 rari,

530 1975 627 2045 qui
657 1971 938 2042 sapientire
974 1982 1040 2023 ac
1070 1968 1313 2023 scientia:
1342 1982 1562 2037 operam
1601 1969 1813 2031 dantes,
1857 1978 1910 2022 et
1956 1984 2104 2022 men-

534 2079 641 2123 tem
691 2080 845 2120 suam
900 2060 1154 2116 mundam
1201 2074 1507 2129 puramque
1575 2071 1894 2123 servantes,
1942 2072 2104 2129 atque

531 2157 785 2215 omnibus
833 2152 1111 2224 praeclaris
1167 2148 1457 2203 virtutibus
1508 2164 1634 2203 suas
1681 2150 1893 2204 animas
1940 2165 2101 2205 exco-

533 2252 729 2317 lentes,
776 2247 994 2303 caeteris
1055 2242 1480 2313 simplicioribus
1528 2256 1624 2310 per
1671 2241 1931 2296 doctrinas
1977 2260 2101 2313 gra-

533 2347 662 2401 tiam
691 2342 998 2398 illuminant
1043 2339 1150 2392 iter
1185 2352 1290 2406 quo
1320 2335 1663 2405 gradiuntur,
1692 2345 1749 2389 et
1778 2337 2003 2391 veniunt
2034 2338 2102 2392 ad

532 2438 786 2494 salutem.
826 2434 864 2488 li
896 2432 1144 2487 fortassis
1172 2445 1315 2484 nunc
1342 2429 1441 2484 sub
1485 2428 1793 2481 Levitarum
1825 2440 1879 2483 et
1920 2445 2104 2484 sacer-

532 2532 720 2586 dotum
754 2526 975 2582 nomine
1004 2524 1377 2592 designantur,
1406 2536 1637 2590 quorum
1672 2521 1962 2575 haereditas
1992 2522 2103 2590 ipse

534 2622 817 2686 Dominus,
846 2618 937 2687 qui
970 2623 1055 2672 est
1081 2613 1368 2684 sapientia,
1400 2628 1565 2682 quam
1598 2629 1713 2684 pra:
1742 2616 1956 2670 caeteris
1991 2630 2102 2669 orn-

530 2718 694 2773 nibus
742 2713 1069 2775 dilexerunt,
1099 2723 1219 2763 esse
1266 2707 1604 2777 perhibetur.
1651 2707 1870 2762 Invenio
1918 2718 2098 2764 tamen

534 2810 770 2878 aliquant
802 2802 1170 2862 differentiam
1209 2802 1262 2855 in
1296 2802 1363 2854 iis
1390 2815 1511 2870 quae
1544 2799 1762 2871 Moyses
1803 2802 2098 2872 distribuit,

532 2911 584 2956 et
633 2900 687 2954 in
740 2899 807 2953 iis
853 2910 974 2966 quae
1025 2892 1201 2948 Jesus.
1253 2892 1465 2963 Moyses
1525 2908 1758 2962 namque
1797 2894 2003 2950 duabus
2046 2905 2101 2950 et

2204 1786 2428 1842 ditatem
2458 1785 2683 1855 iustitia:
2741 1798 3123 1855 consequetur.
3180 1789 3444 1846 Dominus
3493 1808 3600 1862 pax
3652 1803 3770 1860 est,

2203 1879 2459 1934 Dominus
2508 1881 2811 1947 redemptio
2858 1890 2982 1943 εει,
3036 1881 3295 1937 Dominus
3356 1884 3500 1937 salus
3551 1897 3678 1949 est,
3726 1889 3778 1941 iu

2200 1971 2367 2043 539
2403 1971 2626 2025 Domino
2663 1982 2790 2026 sunt
2826 1973 3064 2026 thesauri
3100 1975 3379 2043 sapientia:
3422 1987 3478 2030 et
3535 1979 3781 2034 scientia:

2201 2064 2522 2118 absconditi.
2562 2063 2686 2119 Harc
2743 2067 2927 2120 omnia
2966 2067 3018 2119 in
3066 2067 3435 2123 limreditatem
3471 2072 3768 2141 percipiet,

2200 2154 2354 2223 cujus
2402 2155 2695 2210 haereditas
2747 2157 3006 2211 Dominus
3058 2159 3240 2215 fuerit.
3279 2157 3672 2216 Verumtamen
3729 2172 3780 2217 et

2201 2246 2290 2300 isti
2325 2247 2522 2315 quibus
2565 2247 2833 2311 sapientia
2859 2246 2978 2313 Dei,
3010 2256 3064 2301 et
3096 2247 3329 2303 Verbum
3361 2251 3456 2305 Dei
3488 2263 3545 2305 ct
3579 2253 3782 2307 veritas

2200 2337 2487 2404 etjustitia
2520 2338 2812 2394 haereditas
2854 2355 2977 2395 esse
3009 2341 3229 2405 dicitur,
3260 2342 3655 2398 habitationem
3691 2346 3779 2400 in-

2202 2429 2366 2483 terim
2407 2444 2531 2484 cum
2561 2429 2666 2484 illis
2698 2431 2991 2500 accipiunt,
3025 2447 3251 2501 quorum
3275 2432 3566 2488 hmreditas
3610 2436 3777 2491 habe-

2200 2532 2288 2577 tur
2313 2522 2365 2576 in
2402 2523 2564 2577 terris
2602 2539 2615 2575 :
2650 2535 2708 2575 ut
2740 2538 2805 2576 ex
2838 2524 3076 2589 ipsorum
3107 2527 3383 2580 consortio
3432 2527 3490 2590 ii,
3524 2529 3620 2595 qui
3674 2543 3772 2597 per

2199 2616 2522 2685 semetipsos
2547 2616 2785 2669 nondum
2813 2616 3014 2680 valent,
3058 2631 3156 2684 per
3186 2618 3302 2672 illos
3337 2619 3632 2688 participes
3665 2616 3776 2676 em-

2199 2709 2421 2763 ciantur
2446 2708 2731 2777 sapientiae
2761 2717 2816 2763 et
2845 2707 3086 2762 scientia:
3118 2708 3237 2771 Dei,
3280 2717 3334 2763 et
3368 2708 3621 2775 veritatis
3653 2710 3773 2776 ejus

2199 2816 2264 2854 ac
2287 2799 2474 2855 Verbi.
2501 2800 2568 2854 Et
2594 2801 2663 2854 ita
2693 2800 2858 2854 etiam
2894 2800 2962 2854 ad
2992 2800 3246 2855 minimos
3275 2816 3526 2869 quosque
3554 2802 3777 2871 dispen-

2200 2892 2340 2945 satio
2373 2891 2553 2945 divina
2584 2893 2882 2961 pertendit,
2916 2899 2973 2944 ut
2998 2891 3087 2961 qui
3108 2892 3485 2962 principaliter
3515 2909 3624 2948 non
3647 2909 3775 2963 pos-

535 2993 702 3047 semis
736 2990 985 3044 trihulms
1020 2997 1221 3039 terram
1251 2985 1582 3039 distribuens
1610 2985 1749 3038 ultra
1784 2985 2096 3054 Jordanem,
2126 3014 2169 3073 α
2203 2991 2332 3037 sunt
2370 2983 2567 3037 divinae
2599 2982 2785 3049 gratia:
2812 2997 3041 3051 capaces
3066 2984 3351 3049 exsistere,
3385 2984 3681 3038 illuminari
3708 3001 3776 3041 ex

534 3097 644 3136 non
691 3080 840 3134 dedit
888 3076 1094 3131 Levitis
1147 3075 1442 3129 habitaculi
1490 3076 1795 3145 portionem
1842 3092 1961 3147 quae
2004 3094 2100 3134 eos

535 3170 924 3241 contingebat:
955 3167 1114 3223 Jesus
1147 3176 1325 3221 autem
1359 3167 1527 3231 dedit,
1574 3182 1678 3221 non
1717 3169 1886 3221 solum
1943 3168 1994 3223 in
2034 3170 2102 3223 iis

536 3264 787 3321 tribubus
810 3274 948 3329 quas
982 3260 1096 3329 ipse
1136 3258 1432 3326 dispensat,
1458 3272 1643 3312 verum
1673 3268 1728 3312 et
1759 3259 1811 3312 in
1844 3259 1951 3314 illis
1981 3275 2103 3328 quae

538 3372 571 3412 a
602 3354 786 3425 Moyse
821 3362 974 3406 trans
1022 3347 1315 3404 Jordanem
1347 3346 1556 3402 fuerant
1592 3348 1889 3403 collocatae.
1937 3350 2102 3405 Habi-

540 3446 716 3501 tacula
761 3446 964 3501 etenim
997 3439 1209 3497 Levitis
1247 3438 1300 3491 in
1347 3437 1574 3507 singulis
1623 3439 1869 3494 tribubus
1910 3444 2101 3496 decer-

537 3549 764 3606 nuntur,
813 3548 871 3592 ut
907 3553 1006 3608 per
1041 3537 1145 3592 hoc
1196 3536 1365 3590 multo
1416 3533 1855 3606 magniﬁcentius
1897 3544 2099 3604 myste-

535 3633 679 3688 rium
730 3645 1083 3687 nosceremus
1130 3629 1266 3701 (2|).
1317 3629 1422 3684 Iste
1458 3629 1602 3683 enim
1655 3626 1788 3681 ordo
1833 3626 2106 3682 Leviticus

533 3726 621 3780 vel
650 3725 1025 3790 sacerdotalis,
1056 3722 1147 3789 qui
1180 3722 1273 3775 Dei
1308 3720 1584 3788 sapientiae
1611 3727 1665 3772 et
1696 3716 1940 3772 scientia:
1974 3730 2102 3782 ope-

535 3833 653 3872 ram
695 3816 980 3886 impendit,
1019 3828 1124 3868 non
1158 3812 1331 3880 potuit
1357 3825 1388 3864 a
1432 3808 1616 3880 Moyse
1657 3819 1859 3862 sortem
1892 3806 2103 3861 habita-

537 3910 703 3965 tionis
751 3910 1038 3978 aeeipere;
1093 3907 1219 3974 quia
1266 3919 1372 3958 non
1408 3912 1528 3957 erat
1573 3900 1785 3971 Moyses
1832 3899 2102 3965 veritatis,

538 4002 632 4057 sed
665 4000 873 4054 umbra:
902 4011 957 4052 et
989 3997 1317 4065 exemplaris
1360 3994 1627 4049 minister.
1657 3990 1816 4046 Jesus
1842 4005 1971 4045 vero
2003 3990 2104 4044 Do-

539 4093 722 4147 minus
756 4101 962 4156 noster,
1010 4090 1100 4157 qui
1130 4099 1248 4142 erat
1278 4087 1546 4155 sapientia
1588 4085 1703 4148 Dei,
1734 4084 1848 4153 ipse
1897 4083 2105 4138 habita-

536 4186 656 4242 cula
695 4183 1028 4253 sapientibus
1064 4181 1288 4249 praebet.
1334 4177 1451 4232 Non
1499 4177 1641 4231 enim
1701 4176 1875 4245 potuit
1923 4175 2104 4230 dicere

538 4277 752 4348 Moyses
774 4275 816 4305 ³⁷
850 4289 865 4326 :
910 4291 928 4323 ι
961 4270 1127 4334 Vade,
1163 4272 1333 4323 vende
1361 4269 1542 4323 omnia
1580 4276 1670 4321 tua
1701 4282 1824 4337 quae
1854 4267 2020 4320 habes
2048 4276 2104 4320 et

2206 3074 2434 3129 istorum
2470 3075 2749 3130 consortio
2785 3082 3122 3135 mereantur.
3158 3084 3215 3130 et
3242 3075 3579 3145 compleatur
3617 3076 3771 3141 illud,

2204 3167 2346 3234 quod
2375 3166 2635 3234 scriptum
2665 3175 2749 3221 est
2778 3166 2824 3197 δ’
2864 3182 2879 3218 :
2915 3184 2935 3216 ι
2976 3167 3074 3232 Qui
3105 3168 3351 3234 multum,
3390 3185 3499 3222 non
3531 3170 3776 3224 abunda-

2206 3260 2314 3326 vit;
2346 3269 2398 3314 et
2424 3264 2514 3328 qui
2545 3259 2852 3324 minimum,
2880 3274 2987 3314 non
3018 3259 3316 3316 minoralus
3331 3261 3588 3317 θει.›5θ‹ι
3619 3274 3672 3316 et
3707 3261 3772 3315 il-

2207 3349 2302 3401 lud
2331 3348 2473 3417 quod
2508 3349 2800 3416 Apostolus
2830 3350 2897 3403 ad
2928 3348 3237 3403 Corinthios
3291 3350 3421 3403 dicit
3458 3352 3526 3404 de
3571 3351 3772 3406 sanctis

2203 3437 2604 3509 Jerosolymitis
2638 3455 2652 3491 :
2696 3457 2714 3490 ι
2754 3438 2826 3494 Ut
2883 3450 3085 3504 vestra,
3115 3441 3286 3509 inquit
3319 3440 3386 3505 “,
3437 3442 3766 3495 abundantia

2207 3531 2301 3585 ﬁat
2335 3531 2400 3584 ad
2428 3531 2647 3587 illorum
2680 3532 2936 3600 inopiam,
2969 3543 3024 3586 et
3055 3532 3266 3585 illorum
3312 3535 3643 3587 abundantia
3674 3535 3765 3587 ﬁat

2204 3622 2270 3675 ad
2305 3632 2540 3675 vestram
2571 3623 2828 3690 inopiam.
2870 3641 2889 3674 ι
2930 3622 3005 3676 lta
3040 3633 3261 3692 ergo-et
3291 3638 3433 3678 nunc
3458 3625 3767 3679 cohabitare

2199 3712 2459 3782 jubentur
2482 3712 2667 3766 Levita
2701 3723 2755 3765 et
2777 3715 3032 3769 sacerdos
3060 3715 3151 3783 qui
3183 3728 3289 3767 non
3320 3713 3520 3768 habent
3549 3726 3765 3780 terram,

2208 3806 2459 3863 Israelitae
2485 3809 2576 3878 qui
2607 3808 2769 3863 habet
2815 3816 3038 3867 terram,
3070 3818 3127 3860 ut
3153 3807 3451 3876 percipiant
3484 3808 3554 3863 ab
3592 3808 3762 3866 Israea

2207 3895 2299 3952 lite
2344 3899 2592 3954 sacerdos
2639 3909 2695 3954 et
2736 3899 2921 3954 Levita
2968 3908 3180 3953 terrena
3223 3912 3341 3966 quae
3378 3912 3487 3952 non
3530 3898 3758 3965 habent;

2206 3995 2262 4042 et
2303 4003 2493 4043 rursus
2538 3989 2806 4045 lsraelites
2849 3988 3110 4060 percipiat
3156 3988 3266 4057 (24)
3314 4002 3345 4041 a
3396 3990 3676 4043 sacerdote
3708 3999 3762 4044 et

2203 4080 2389 4135 Levita
2417 4080 2661 4135 cmlestia
2703 4090 2759 4134 et
2783 4081 2966 4134 divina
2997 4095 3116 4149 qua:
3149 4094 3258 4134 non
3290 4080 3471 4134 habet.
3499 4078 3608 4152 Lex
3628 4080 3767 4136 enim

2206 4172 2297 4225 Dei
2340 4170 2715 4225 sacerdotibus
2756 4171 3047 4225 commissa
3077 4180 3161 4225 est
3191 4179 3246 4225 et
3294 4170 3523 4237 Levitis,
3558 4183 3616 4226 et
3646 4173 3769 4227 huic

2206 4261 2305 4317 soli
2335 4275 2557 4330 operam
2590 4262 2859 4328 tribuant,
2887 4272 2940 4316 et
2976 4262 3144 4316 verbo
3173 4262 3266 4316 Dei
3298 4264 3505 4332 absque
3528 4263 3635 4317 ulla
3666 4263 3770 4319 sol-

538 4373 604 4427 (ιε,
661 4365 1022 4438 pauperibus,
1062 4371 1116 4416 et
1177 4361 1401 4415 habebis
1457 4362 1770 4415 thesaurum
1825 4359 1878 4412 in
1938 4357 2105 4421 cmlo,
2143 4361 2186 4415 ι)
2213 4353 2489 4407 licitudine
2534 4362 2751 4407 vacent.
2796 4350 2902 4406 Sed
2953 4352 3168 4407 interim
3208 4364 3266 4406 ut
3297 4368 3497 4409 vacare
3539 4355 3769 4424 possint,

536 4470 595 4515 et
621 4458 766 4521 veni,
805 4468 1031 4522 sequere
1075 4466 1179 4505 me.
1205 4471 1222 4502 ι
1262 4450 1372 4503 lloc
1412 4461 1496 4503 est
1541 4450 1684 4503 enim
1718 4459 1929 4517 partem
1972 4450 2104 4502 dare

537 4549 762 4607 Levitis.
807 4548 914 4600 [Nec
966 4543 1142 4614 potuit
1179 4543 1363 4595 dicere
1416 4540 1624 4611 Moyses
1670 4541 1747 4606 ³⁸,
1798 4541 1925 4610 quia
1961 4559 1979 4591 ι
2010 4540 2102 4608 qui

540 4652 647 4693 non
682 4635 1074 4691 renuntiaverit
1115 4631 1366 4687 omnibus
1388 4646 1509 4698 qua:
1545 4632 1801 4699 possidet,
1847 4646 1951 4685 non
2010 4646 2106 4698 po-

540 4739 645 4784 test
667 4742 788 4783 csse
813 4741 966 4781 meus
998 4722 1315 4793 discipulus.
1342 4741 1360 4773 ι
1398 4721 1508 4776 Nec
1539 4724 1715 4792 potuit
1751 4723 1931 4778 dicere
1960 4724 2109 4794 Moy-

539 4837 627 4877 ses
650 4821 729 4874 ’9:
761 4839 780 4871 ι
814 4818 1002 4876 Omnis
1026 4818 1117 4886 qui
1153 4831 1259 4868 non
1292 4816 1466 4868 oderit
1493 4825 1699 4881 patrem
1732 4815 1814 4868 vel
1855 4826 2104 4879 matrem,

538 4921 595 4968 et
623 4910 822 4965 fratres
846 4919 902 4964 et
929 4922 1144 4964 sorores
1167 4917 1219 4961 et
1250 4906 1416 4969 ﬁlios,
1442 4905 1666 4974 insuper
1696 4907 1859 4960 etiam
1903 4916 1958 4960 et
1988 4907 2106 4960 ani-

541 5016 683 5057 mam
718 5014 897 5064 suam,
930 5011 1036 5052 non
1069 5005 1251 5067 potest
1277 5009 1429 5049 meus
1452 5008 1572 5048 esse
1600 4994 1911 5059 discipulus.
1938 5013 1956 5046 ι
1991 4994 2105 5050 lloc

610 5144 658 5176 ⁸⁸
696 5141 859 5198 Hebr.
896 5157 974 5206 χι,
1002 5139 1091 5194 40.
1167 5138 1211 5169 ³⁷
1251 5137 1441 5191 Matth.
1481 5151 1593 5201 tux,
1628 5137 1722 5193 2i.

539 5215 587 5249 “
616 5214 662 5270 ll
693 5212 822 5269 Cor.
850 5227 967 5277 vm,
1012 5211 1101 5265 15.
1178 5208 1224 5240 ’⁸³
1248 5209 1379 5264 ibid.
1420 5206 1509 5262 14.

611 5333 725 5405 (ἳο)
762 5331 918 5389 Libb.
946 5331 1100 5395 editi,
1132 5349 1163 5405 ⁸ι
1193 5328 1670 5405 repromissionem
1701 5329 1951 5405 veniunt,
1999 5345 2101 5383 non

539 5399 637 5472 per
676 5399 825 5459 illam
862 5417 983 5473 quae
1028 5401 1267 5473 perfecta
1307 5409 1454 5455 sunt.
1486 5418 1506 5451 ι
1557 5399 1681 5453 Mss.
1712 5407 1770 5454 ut
1815 5400 1868 5453 in
1916 5411 2102 5455 nostro

761 5543 915 5607 Mss.,
966 5562 985 5596 ι
1018 5556 1424 5599 ηοεοθιθιιιιιε.»
1468 5540 1625 5597 Libb.
1665 5541 1818 5606 editi,
1858 5559 1876 5594 ι
1903 5555 2094 5598 cerne-

550 5631 747 5669 remus.
780 5635 797 5666 ι

618 5686 729 5757 (2:4)
769 5686 948 5740 Codex
982 5683 1291 5754 Sangernn,
1327 5700 1346 5735 ι
1380 5683 1513 5754 ipse.
1538 5701 1557 5735 ι

1796 5136 1841 5168 ³⁸
1879 5137 2008 5193 Luc.
2055 5156 2164 5206 xlv,
2206 5142 2295 5196 55.
2370 5140 2414 5173 ³³
2454 5141 2609 5205 ibid.,
2645 5141 2737 5198 26.

2208 4445 2471 4499 laieorunt
2498 4445 2575 4498 uti
2610 4444 2926 4501 ministeriis
2951 4446 3166 4501 debent.
3200 4445 3255 4500 Si
3287 4448 3430 4500 enim
3462 4445 3635 4504 laicus
3659 4462 3775 4516 qua

2209 4536 2514 4591 necessaria
2549 4547 2675 4590 sunt
2704 4552 2809 4592 non
2841 4539 3132 4607 praebuerit
3170 4538 3543 4592 sacerdotibus
3593 4547 3644 4593 et
3672 4538 3774 4594 Le-

2214 4630 2360 4695 vitis,
2389 4630 2641 4698 occupati
2673 4628 2749 4683 illi
2799 4629 2852 4682 in
2899 4629 3120 4693 talibus,
3170 4629 3223 4684 id
3272 4639 3354 4682 est
3402 4630 3776 4699 corporalibus

2217 4726 2384 4788 curis,
2420 4725 2599 4778 minus
2630 4724 2731 4794 legi
2761 4725 2852 4779 Dei
2886 4725 3177 4779 vacabunt.
3210 4723 3321 4779 illis
3350 4733 3527 4777 autem
3553 4739 3663 4777 non
3689 4738 3778 4775 va-

2215 4816 2489 4882 cantibus,
2534 4831 2710 4886 neque
2745 4832 2965 4887 operam
3003 4817 3264 4872 dantibus
3306 4816 3407 4887 legi
3444 4818 3558 4884 Dei,
3596 4826 3649 4870 tu
3682 4831 3777 4885 pe—

2217 4908 2501 4963 ricliteris.
2535 4907 2929 4965 Obscurabitur
2960 4911 3105 4964 enim
3141 4910 3231 4964 lux
3271 4910 3537 4974 scientiae,
3570 4924 3693 4978 qua:
3723 4908 3774 4959 in

2213 4999 2320 5053 illis
2345 5007 2449 5063 est,
2485 5008 2538 5054 te
2582 5015 2688 5055 non
2724 5000 3174 5056 subministrante
3202 5001 3376 5057 oleum
3423 5001 3680 5066 lucerme,
3724 5006 3780 5052 et

2826 5142 2871 5175 “
2909 5141 3068 5198 Joan.
3094 5160 3228 5211 xvn,
3250 5145 3345 5199 24.
3445 5143 3492 5176 ⁸⁸
3531 5143 3664 5198 ibid.
3687 5139 3775 5197 2i.

2282 5334 2393 5403 (‘23)
2433 5333 2581 5389 Esse.
2628 5334 2791 5390 Deest
2839 5334 2892 5388 in
2929 5333 3060 5389 libb.
3117 5333 3301 5399 editis,
3344 5333 3440 5387 sed
3490 5339 3678 5387 exstat
3719 5329 3774 5386 in

2209 5419 2389 5545 ωῗέὢ)
2416 5474 2491 5526 Ab
2536 5472 2781 5527 Israelita
2834 5475 3080 5545 sacerdos
3111 5485 3157 5528 et
3210 5472 3367 5526 levita
3406 5482 3612 5545 terrena
3650 5485 3769 5545 qua!

2205 5543 2309 5599 non
2336 5547 2521 5597 habent
2548 5561 2567 5608 ;
2602 5555 2647 5596 et
2680 5560 2864 5597 rursus
2888 5543 3161 5597 lsraelites
3200 5545 3471 5609 percipiat.
3508 5543 3634 5595 Hrec
3672 5543 3768 5599 de—

2203 5615 2589 5737 sitli’erantur‘iu
2618 5614 2768 5669 libris
2794 5625 2949 5669 antea
2967 5615 3149 5678 editis,
3177 5613 3271 5669 sed
3291 5614 3544 5683 leguntur
3576 5612 3631 5669 iu
3650 5626 3767 5668 οωα

2202 5701 2254 5736 ιιι
2298 5698 2357 5736 us
2388 5699 2517 5737 mss.
