4050 6148
270 319 387 378 915

1260 321 1325 377 ΙΝ
1365 319 1628 378 LIBRUM
1665 316 1830 375 JESU
1860 314 2047 372 NAVE
2082 316 2371 372 HOMILIA
2412 317 2599 373 XVIII.

3422 316 3537 375 οη

266 437 434 507 culpa
471 445 561 492 tua
588 437 716 493 illud
748 437 982 506 eveniet,
1016 437 1161 508 quod
1192 438 1330 494 dixit
1359 439 1617 495 Dominus
1638 437 1707 503 “,
1730 435 1854 506 quia
1884 437 1937 497 Α
1963 434 2127 487 etiam
2159 444 2376 504 possunt
2411 450 2511 490 nos
2547 435 2815 490 instruere
2843 432 2908 488 ad
2931 431 3180 488 salutem.
3204 432 3387 489 Primo
3407 449 3523 489 om-

277 544 493 587 cczecus
511 545 658 586 casco
695 531 950 585 ducatum
1002 533 1274 599 praebens,
1331 533 1493 587 ambo
1544 532 1597 586 in
1647 530 1857 586 foveam

267 624 492 678 eadem.
525 641 544 674 ι
576 622 682 676 Sed
711 630 767 676 et
802 621 932 677 illud
968 622 1020 678 in
1058 633 1108 677 te
1136 624 1497 695 complebitur
1518 624 1657 692 quod
1680 623 1860 679 Domi-

265 730 387 772 nus
411 717 546 771 dixit
572 715 617 748 “
647 731 663 770 :
697 735 716 768 ι
750 715 809 771 Si
832 716 979 770 enim
1010 716 1097 771 lux
1126 733 1246 788 quae
1285 720 1338 772 in
1383 727 1436 773 te
1484 728 1591 785 est,
1627 718 1860 773 tenebrae

268 817 432 870 sunt,
488 809 618 877 ipsas
662 811 903 864 tenebrae
951 817 1166 878 quantae
1218 811 1377 865 sunt?
1414 830 1434 863 ›
1472 809 1544 866 Ut
1587 825 1719 881 ergo
1768 809 1859 865 lux

268 903 526 958 scientiae
567 904 621 958 in
652 905 1028 961 sacerdotibus
1056 904 1284 975 fulgeat,
1321 916 1378 960 et
1410 905 1628 961 lucerna
1669 919 1857 959 eorum

270 992 350 1048 sit
383 1009 602 1065 semper
631 1010 886 1061 accensa,
928 1004 984 1051 tu
1022 996 1187 1066 imple
1210 996 1443 1052 oﬂicium
1482 1006 1653 1060 tuum,
1704 1011 1856 1052 com-

267 1084 367 1155 ple
406 1087 711 1142 mandatum
750 1088 843 1143 Dei
873 1103 1003 1158 erga
1029 1088 1286 1159 obsequia
1311 1092 1680 1145 sacerdotum.
1706 1087 1859 1154 Quod

271 1174 321 1228 si
351 1174 499 1229 forte
537 1176 804 1246 susceptis
844 1192 876 1231 a
921 1186 976 1233 te
1012 1192 1133 1247 quae
1176 1178 1482 1233 necessaria
1514 1187 1660 1243 sunt,
1694 1186 1748 1231 et
1776 1177 1856 1232 sic

272 1278 392 1318 non
418 1264 569 1331 quasi
597 1266 824 1320 avaritia
854 1266 947 1321 sed
989 1266 1147 1336 quasi
1196 1268 1571 1323 benedictione
1606 1266 1743 1339 (25),
1782 1267 1856 1322 illi

270 1355 625 1425 neglexerint
655 1359 949 1413 eruditioni
1006 1374 1229 1428 operam
1263 1363 1416 1424 dare,
1454 1369 1507 1414 et
1555 1361 1721 1415 verbo
1759 1360 1854 1415 Dei

269 1460 503 1513 vacare,
544 1449 674 1503 etin
708 1448 825 1518 lege
864 1449 957 1505 Dei
994 1452 1246 1505 meditari
1300 1452 1390 1506 die
1429 1466 1492 1505 ac
1543 1462 1723 1518 nocte,
1755 1451 1854 1521 ipsi

271 1540 550 1596 videbunt
598 1543 872 1611 quomodo
918 1557 1019 1612 pro
1064 1545 1350 1601 animabus
1396 1546 1594 1601 vestris
1627 1546 1859 1600 reddant

268 1629 509 1685 Domino
534 1633 826 1688 rationem.
860 1631 968 1689 Sed
992 1635 1349 1704 deprecemur
1378 1637 1555 1705 potius
1594 1636 1685 1689 Dei
1741 1634 1853 1707 (26)

266 1723 666 1793 omnipotentis
700 1724 1160 1791 misericordiam,
1213 1736 1274 1781 ut
1320 1742 1419 1782 suo
1478 1727 1703 1791 lumine,
1753 1743 1852 1781 sua

267 1808 532 1875 veritate,
574 1826 673 1866 suo
713 1812 1019 1881 splendore,
1047 1830 1236 1871 omnes
1275 1831 1373 1872 nos
1411 1816 1716 1871 illuminare
1763 1818 1848 1872 di-

266 1913 471 1970 gnetnr
517 1912 572 1957 et
619 1905 750 1960 dare
802 1907 1077 1962 lucernam
1126 1909 1353 1978 pedibus
1387 1913 1588 1965 nostris
1624 1912 1847 1966 verbum

268 2007 453 2057 suum,
492 2002 545 2047 et
587 1994 769 2049 lumen
819 1997 1032 2053 semitis
1067 1999 1291 2066 nostris,
1334 2001 1507 2069 ipsum
1562 2001 1849 2058 Dominum

267 2092 521 2137 nostrum
556 2082 738 2140 Jesum
787 2086 1087 2153 Christum,
1112 2090 1203 2157 qui
1236 2099 1322 2144 est
1347 2105 1473 2146 vera
1506 2091 1596 2147 lux
1644 2093 1851 2159 mundi,

269 2174 363 2229 cui
390 2184 474 2229 est
502 2175 677 2246 gloria
710 2188 764 2233 et
810 2180 1098 2250 imperium
1131 2180 1243 2256 (27)
1277 2185 1331 2238 in
1377 2185 1573 2241 saecula
1623 2186 1853 2243 saeculo-

270 2281 419 2323 rum.
452 2269 651 2328 Amen.

803 2361 1089 2420 IIOMILIA
1140 2365 1325 2422 XVIII.

272 2470 354 2526 De
379 2475 535 2528 initio
563 2477 834 2549 divisionis
858 2488 1033 2540 terra.
1057 2498 1174 2549 quae
1197 2483 1368 2536 divisa
1397 2495 1476 2539 est
1520 2487 1585 2538 ab
1612 2484 1760 2546 Jesu,
1805 2496 1853 2539 et

346 2546 608 2626 inontodo
653 2549 870 2603 accessit
894 2551 964 2603 ad
1000 2546 1183 2606 Jesum
1231 2551 1413 2620 Caleb,
1438 2566 1486 2609 et
1521 2555 1672 2626 petiit
1703 2557 1768 2609 ab
1795 2572 1853 2609 eo

348 2612 615 2669 Chebron.

351 2728 402 2783 ι.
451 2727 734 2787 Discamus
777 2748 840 2790 ex
894 2733 1010 2804 lege
1039 2750 1200 2806 quam
1233 2738 1548 2794 necessarie
1577 2740 1853 2810 descripta

266 2818 359 2876 'est
391 2832 551 2877 terrae
602 2824 819 2893 divisio,
848 2843 969 2897 quae
1006 2830 1184 2898 primo
1228 2845 1326 2900 per
1374 2831 1579 2899 Mosen,
1614 2835 1854 2888 secundo

277 2913 448 2968 etiam
474 2914 586 2987 (28)
620 2932 718 2987 per
748 2917 933 2974 Jesum
968 2921 1169 2975 dicitur
1202 2921 1365 2984 facta,
1414 2939 1520 2978 non
1553 2935 1614 2977 ut
1651 2933 1855 2979 utram-

278 3020 385 3074 que
442 3021 747 3075 servemus,
796 3013 887 3065 sed
934 3012 1205 3068 rationem
1258 3015 1547 3083 utriusque
1584 3016 1854 3070 discentes

1957 525 2107 581 nium
2135 526 2300 582 Caleb
2326 527 2718 596 interpretatur
2745 526 2894 594 quasi
2926 540 3017 579 cor
3042 524 3181 597 (52).
3219 524 3348 591 Quis
3394 541 3522 593 ergo

1956 632 2039 676 est
2073 621 2225 691 quasi
2259 634 2374 686 cor,
2405 619 2508 674 nisi
2532 620 2579 673 is
2600 619 2692 689 qui
2718 618 2770 673 in
2800 616 3368 673 omnibusintellectui
3397 631 3523 686 ope-

1957 724 2074 763 ram
2131 710 2339 777 tribuit,
2370 710 2462 780 qui
2502 725 2613 764 non
2657 709 2874 780 aliquod
2925 707 3225 761 membrum
3277 707 3522 775 corporis

1964 800 2222 857 Ecclesiae
2247 815 2365 858 esse
2410 801 2628 869 dicitur,
2666 802 2772 857 nisi
2812 802 2944 857 illud
2989 800 3130 871 quod
3166 807 3250 854 est
3284 800 3338 853 in
3375 798 3524 854 nobis

1956 893 2274 964 praeclarius
2322 907 2461 951 cor:
2499 894 2551 948 id
2581 902 2684 961 est,
2719 896 2807 965 qui
2848 897 3027 951 omnia
3065 910 3189 951 cum
3226 895 3438 950 ratione
3469 902 3523 948 et

1957 986 2243 1055 prudentia
2289 985 2453 1055 gerit,
2495 995 2549 1040 et
2575 987 2650 1040 ita
2680 996 2876 1043 cuncta
2905 989 3181 1060 dispensat
3209 989 3366 1060 quasi
3414 1002 3524 1043 non

1957 1079 2028 1134 sit
2057 1078 2228 1145 aliud,
2261 1079 2365 1133 nisi
2410 1079 2544 1134 cor?
2587 1077 2983 1148 Interpretatur
3024 1093 3202 1138 autem
3232 1093 3287 1138 et
3315 1079 3526 1138 Jcll'one

1956 1166 2112 1243 pater’
2134 1170 2249 1239 ejus
2275 1173 2540 1227 conversio
2580 1171 2718 1244 (55).
2758 1173 2858 1252 Hic
2891 1190 3019 1246 ergo
3052 1175 3217 1231 Caleh
3263 1174 3407 1229 ﬁlius
3440 1183 3526 1228 est

1956 1264 2344 1320 conversionis.
2374 1264 2512 1330 Quid
2561 1265 2662 1320 nisi
2705 1265 2835 1335 quia
2865 1268 2931 1321 ad
2984 1267 3154 1322 Deum
3204 1281 3523 1330 conversus,

1958 1356 2115 1410 talem
2144 1371 2212 1409 ex
2239 1370 2297 1409 se
2329 1356 2565 1410 fructum
2600 1356 2887 1425 proferret,
2932 1368 2991 1412 ut
3018 1374 3113 1413 cor
3150 1357 3315 1412 tilium
3365 1371 3527 1426 gene-

1957 1448 2143 1503 raret?
2173 1447 2269 1502 Est
2302 1463 2433 1517 ergo
2466 1449 2644 1504 omnis
2670 1451 2761 1519 qui
2813 1451 3014 1506 divinis
3065 1450 3317 1506 sensibus
3346 1454 3521 1510 vacat,

1956 1550 2011 1596 et
2041 1542 2338 1612 prudenter
2363 1554 2559 1599 cuncta
2611 1559 2675 1599 ac
2724 1543 3121 1599 rationabiliter
3153 1543 3284 1614 agit,
3332 1541 3520 1598 Caleb.

1957 1634 2055 1689 Hic
2075 1636 2248 1704 primo
2281 1637 2498 1704 quidem
2527 1636 2770 1691 eruditus
2793 1652 2822 1690 a
2850 1635 3019 1699 Mose,
3045 1633 3284 1690 secundo
3305 1650 3433 1690 vero
3457 1634 3525 1688 ah

1955 1726 2102 1791 Jesu,
2132 1728 2219 1782 cui
2268 1730 2582 1791 assistebat,
2623 1728 2872 1783 dicit“:
2916 1747 2935 1779 ε
2992 1726 3073 1781 Tu
3118 1729 3259 1783 nosti
3295 1726 3524 1781 verbum

1956 1822 2100 1886 quod
2127 1818 2337 1872 locutus
2375 1830 2458 1872 est
2482 1819 2746 1873 Dominus
2775 1822 2839 1872 ad
2884 1818 3067 1874 Mosen
3100 1817 3374 1873 hominem
3405 1814 3520 1870 Dei.

1955 1909 2035 1963 Tu
2067 1908 2232 1981 M0
2264 1911 2372 1965 scis
2396 1912 2619 1965 verbum
2652 1912 2795 1980 quod
2822 1911 3035 1965 locutus
3066 1917 3149 1964 est
3182 1908 3457 1963 Dominus.
3500 1924 3520 1958 ι

1951 1997 2082 2065 Quis
2109 2002 2251 2055 enim
2275 2001 2412 2055 alius
2435 2017 2591 2057 nosse
2608 2013 2782 2073 potest
2802 2005 3024 2059 verbum
3047 2003 3183 2072 quod
3214 2002 3421 2058 locutus
3438 2010 3523 2056 est

1955 2093 2213 2148 Dominus
2243 2094 2309 2147 ad
2344 2094 2550 2157 Muscn,
2586 2097 2690 2150 nisi
2721 2094 2880 2151 Jesus
2906 2094 3092 2151 solus?
3116 2095 3287 2150 Nemo
3329 2094 3405 2150 sic
3433 2094 3521 2147 in-

1956 2182 2160 2238 tellexit
2188 2182 2356 2253 legem
2386 2186 2528 2240 sicut
2552 2185 2740 2240 docuit
2768 2184 2945 2241 Jesus.
2994 2184 3114 2254 Ipse
3140 2185 3283 2239 enim
3337 2184 3521 2240 omnia

1954 2277 2157 2343 docuit,
2183 2286 2240 2332 et
2269 2278 2503 2345 aperuit,
2533 2279 2649 2347 ipse
2695 2278 2954 2333 revelavit
2996 2277 3180 2340 Paulo,
3218 2276 3346 2345 quia
3374 2295 3395 2328 ι
3436 2276 3518 2330 lex

1953 2368 2213 2437 spiritalis
2231 2382 2314 2425 est
2342 2371 2409 2424 δ’.
2449 2369 2603 2425 Sicut
2630 2369 2841 2425 locutus
2866 2379 2969 2433 est,
3019 2368 3290 2438 inquit",
3327 2367 3394 2422 de
3437 2383 3523 2422 me

1955 2468 2009 2514 et
2041 2459 2107 2513 de
2140 2468 2214 2515 te.
2254 2479 2273 2511 ι
2310 2461 2382 2515 De
2413 2476 2519 2522 me,
2548 2459 2746 2528 inquit,
2773 2468 2830 2513 et
2859 2460 2924 2513 de
2952 2468 3005 2513 te
3049 2458 3263 2512 locutus
3291 2463 3376 2510 est
3406 2454 3521 2510 Mo-

1955 2566 2062 2607 ses.
2092 2552 2166 2605 De
2203 2561 2254 2606 te
2278 2553 2520 2622 quidem,
2558 2554 2661 2607 hoc
2682 2561 2767 2607 est
2795 2552 2942 2620 quod
2975 2549 3113 2605 dixit
3144 2547 3405 2602 Dominus
3429 2545 3475 2577 ⁵¹
3498 2586 3515 2612 ,

1954 2645 2080 2713 quia
2128 2636 2218 2697 «Si
2243 2645 2540 2699 crederetis
2564 2644 2723 2712 Mosi,
2751 2644 3049 2699 crederetis
3073 2644 3256 2712 utique
3274 2650 3329 2696 et
3363 2639 3521 2705 mihi,

1955 2734 2022 2790 de
2050 2750 2135 2790 me
2154 2736 2297 2790 enim
2327 2735 2415 2789 ille
2458 2736 2701 2806 scripsit.
2746 2754 2764 2788 ι
2803 2737 2879 2791 De
2909 2750 2994 2790 me
3018 2749 3148 2787 vero
3187 2732 3331 2803 quod
3364 2732 3522 2795 dixit,

1955 2825 2060 2881 hoc
2092 2835 2180 2881 est
2201 2827 2270 2880 de
2300 2824 2484 2888 Calch.
2509 2828 2602 2895 qui
2652 2842 2749 2882 cor
2789 2834 2897 2894 est,
2928 2837 3139 2881 certum
3180 2834 3265 2880 est
3302 2824 3425 2894 quia
3457 2823 3523 2878 dc

1955 2922 2119 2974 corde
2148 2920 2429 2988 scripserit
2465 2920 2658 2987 Moses,
2687 2922 2885 2991 quippe
2923 2920 3015 2990 qui
3050 2920 3229 2974 omnia
3283 2918 3521 2989 pruden-

1960 3023 2042 3067 ter
2063 3014 2447 3082 sapienterquc
2471 3013 2876 3081 conscripserit.
2904 3009 2995 3066 Ait
3021 3026 3150 3082 ergo
3171 3011 3217 3044 δ’
3245 3025 3258 3063 :
3300 3028 3319 3062 ι
3356 3009 3522 3064 Hodie

277 3098 425 3153 iilam
456 3101 627 3155 solam
669 3111 968 3171 teneamus,
993 3120 1112 3174 qua:
1141 3106 1207 3160 ab
1233 3103 1361 3161 Jesu
1402 3116 1591 3162 nostro
1628 3107 1855 3163 Domino
1881 3127 1924 3185 ρ
1960 3105 2116 3161 valeo
2152 3106 2295 3160 sicut
2329 3105 2573 3160 valebam
2609 3114 2760 3163 tunc.
2805 3125 2825 3157 ι
2863 3104 3097 3161 Sanctus
3142 3103 3340 3173 quippe
3369 3101 3524 3157 simi-

266 3188 531 3249 .traditur.
568 3191 733 3261 Igitur
765 3192 911 3247 illam
950 3205 1173 3261 terram,
1204 3211 1324 3266 quae
1354 3206 1439 3252 est
1473 3207 1623 3252 trans
1666 3196 1855 3252 Iorda-

279 3295 426 3348 nem,
452 3280 665 3354 Moyses
697 3285 976 3341 distribuit
1010 3306 1026 3341 :
1058 3288 1196 3342 hanc
1223 3300 1406 3344 autem
1436 3305 1557 3359 qua:
1584 3298 1669 3344 est
1709 3300 1855 3344 terra

277 3387 463 3432 sancta
488 3386 543 3432 et
568 3389 712 3433 terra
742 3379 856 3450 (29)
885 3379 1052 3445 bona,
1081 3380 1363 3436 distribuit
1390 3380 1548 3438 Jesus
1570 3390 1622 3437 et
1646 3382 1854 3452 princi-

276 3481 375 3538 pes
410 3469 645 3524 trihuum
681 3471 868 3527 Israel.
920 3472 1082 3529 Vides
1110 3488 1240 3544 ergo
1270 3475 1421 3545 quia,
1465 3490 1589 3529 cum
1629 3475 1857 3543 ctrperit

280 3574 412 3614 vera
445 3561 541 3615 illa
568 3563 857 3618 haereditas
883 3574 1042 3620 terra:
1072 3574 1272 3620 sanctae
1303 3582 1332 3619 a
1368 3565 1650 3622 Salvatore
1678 3565 1859 3622 distri-

279 3650 398 3718 bui,
435 3666 787 3711 assumentur
818 3656 929 3729 (50)
964 3659 1128 3712 etiam
1174 3659 1445 3727 principes
1480 3659 1717 3713 tribuum
1744 3660 1856 3714 veri

280 3756 335 3800 et
360 3748 621 3817 spiritalis
642 3750 837 3805 Israel.
869 3750 1017 3818 Quos
1051 3761 1228 3805 autem
1271 3763 1526 3820 putamus
1556 3767 1678 3806 esse
1707 3753 1858 3820 prin-

279 3844 427 3910 cipes
467 3843 703 3897 tribuum
759 3856 1088 3911 nostrarum,
1122 3846 1204 3900 vel
1250 3845 1506 3900 Ecclesia:
1555 3845 1854 3915 principes,

280 3934 383 3986 nisi
435 3945 654 3988 sanctos
685 3936 978 4004 apostolos,
1023 3939 1088 3988 ad
1140 3953 1276 4006 quos
1314 3937 1444 3991 dicit
1496 3936 1747 3990 Salvator
1788 3937 1854 4003 “,

281 4025 411 4093 quia
446 4044 467 4077 ι
500 4026 759 4081 sedchitis
782 4036 837 4080 et
862 4043 959 4082 vos
986 4042 1148 4097 super
1173 4028 1455 4082 duodecim
1500 4028 1742 4094 thronos,
1772 4028 1859 4096 ju-

285 4117 531 4172 dicantes
568 4120 848 4175 duodecim
901 4120 1072 4174 trilms
1119 4122 1328 4175 Israel?
1361 4141 1380 4173 ι
1418 4123 1730 4177 Assumitur
1781 4133 1856 4177 ta-

284 4222 407 4263 men
437 4212 501 4262 ad
536 4211 856 4265 divisionem
884 4213 1047 4266 etiam
1077 4214 1354 4275 sacerdos,
1383 4213 1473 4281 qui
1519 4224 1595 4266 est
1625 4228 1859 4270 arcanus

283 4309 340 4355 et
375 4303 638 4372 mysticus
659 4318 839 4357 sermo
870 4304 983 4357 Dei.
1024 4305 1115 4357 Sic
1153 4306 1296 4358 enim
1329 4304 1480 4367 dicit,
1506 4305 1634 4374 quia
1663 4321 1859 4362 conve-

287 4396 472 4450 nerint
497 4396 655 4453 Jesus
684 4408 738 4455 et
771 4399 1000 4454 Eleazar
1051 4399 1212 4454 simul
1259 4401 1325 4454 ad
1360 4400 1704 4454 dividendam
1751 4410 1860 4455 ter-

283 4501 399 4541 ram
427 4488 565 4556 (5i).

353 4580 405 4632 2.
438 4581 505 4637 Et
524 4583 806 4638 videamus
840 4585 962 4654 quis
993 4594 1094 4649 est,
1126 4584 1218 4654 qui
1266 4584 1472 4654 primus
1506 4584 1712 4651 accepit
1744 4585 1855 4638 hm-

284 4677 570 4731 reditatem
601 4677 668 4729 ab
690 4675 837 4731 Jesu.
870 4695 888 4728 ι
913 4677 1101 4741 Calcb,
1130 4679 1306 4746 inquit
1328 4676 1394 4742 ‘7,
1427 4678 1566 4730 [ilius
1591 4676 1848 4732 Jell'une.»

287 4767 387 4823 Hic
429 4770 573 4821 enim
607 4769 817 4837 primus
856 4772 1010 4838 petit,
1061 4777 1117 4823 et
1166 4771 1298 4838 petit
1333 4770 1499 4824 certis
1532 4771 1850 4839 quibusdam

284 4862 592 4918 rationibus
619 4874 673 4917 et
696 4863 893 4928 verbis,
933 4880 1051 4933 qua:
1081 4864 1351 4933 descripta
1375 4873 1520 4929 sunt,
1550 4877 1669 4932 quae
1692 4861 1851 4916 verba

1959 3198 2086 3253 liter
2112 3198 2255 3252 valet
2284 3208 2337 3252 et
2366 3198 2417 3252 in
2469 3197 2827 3269 praesentibus
2851 3205 2906 3252 et
2946 3198 2999 3251 in
3042 3195 3358 3266 prmteritis,
3386 3202 3442 3247 et
3469 3192 3523 3247 in

1957 3292 2111 3346 novis
2144 3300 2198 3346 et
2233 3291 2285 3344 in
2321 3293 2616 3355 veteribus,
2645 3301 2702 3345 et
2750 3290 2803 3344 in
2850 3287 3158 3357 Evangeliis
3182 3295 3236 3341 et
3285 3286 3338 3339 in
3387 3284 3523 3355 lege.

1957 3385 2072 3439 Hoc
2099 3396 2182 3440 est
2208 3399 2336 3452 ergo
2371 3385 2512 3453 quod
2542 3384 2694 3451 dicit,
2730 3383 2914 3438 valere
2966 3395 3047 3437 se.
3075 3380 3236 3435 hodie
3266 3380 3365 3433 sub
3396 3376 3523 3433 Jesu

1957 3477 2098 3531 sicut
2128 3487 2253 3530 tunc
2283 3476 2382 3529 sub
2415 3473 2585 3539 Mose,
2612 3475 2738 3543 quia
2786 3473 2838 3527 in
2886 3474 3170 3527 utriusuue
3219 3469 3525 3523 testamenti

1958 3568 2236 3642 mysteriis
2270 3582 2365 3622 cur
2390 3567 2618 3637 vigilans
2644 3566 2804 3621 valet.

2026 3665 2082 3717 5.
2117 3663 2225 3717 Sed
2282 3660 2559 3714 videamus
2594 3658 3127 3728 etiam,petitionem
3180 3655 3298 3721 ejus
3357 3669 3525 3724 quam

1959 3757 2190 3826 primam
2224 3757 2471 3826 poposcit
2503 3756 2573 3810 ab
2591 3754 2717 3809 Jesu
2736 3753 2901 3809 Caleb
2924 3753 3062 3807 [ilius
3089 3750 3315 3807 Jeﬂ'oue.
3349 3769 3368 3801 ι
3395 3750 3528 3804 Pelu

1959 3865 1990 3905 a
2024 3861 2074 3903 te
2105 3860 2342 3903 montem
2379 3850 2543 3911 hunc,
2578 3848 2751 3916 inquit
2785 3846 2854 3908 ⁸³,
2891 3846 3037 3899 sicut
3083 3844 3217 3898 dixit
3270 3842 3528 3899 Dominus

1961 3942 2013 3995 in
2051 3942 2138 3995 die
2167 3942 2278 3994 illa.
2320 3959 2338 3991 ι
2373 3938 2516 3993 Nihil
2540 3938 2764 4003 humile,
2790 3936 2869 3990 vel
2901 3935 3168 4003 dejectum
3201 3947 3420 3989 sanetus
3443 3948 3528 3986 re-

1957 4030 2145 4100 quirit,
2183 4030 2318 4083 nihil
2362 4030 2503 4100 quod
2557 4031 2609 4084 in
2645 4028 2910 4083 demersis
2945 4026 3282 4082 convallibus
3327 4025 3527 4092 jaceat,

1958 4124 2050 4177 sed
2090 4131 2325 4177 montem
2361 4123 2553 4191 qumrit
2585 4121 2880 4187 excelsum,
2915 4122 3008 4176 sed
3056 4133 3295 4175 montem
3328 4120 3380 4173 in
3423 4133 3529 4187 quo

1957 4218 2205 4271 civitates
2255 4230 2462 4285 magna}
2511 4224 2567 4268 et
2619 4215 2838 4269 munita:
2894 4223 3044 4269 sunt.
3115 4215 3387 4283 Scriptum
3441 4219 3525 4264 est

1958 4309 2105 4363 enim
2137 4308 2204 4374 “,
2235 4308 2359 4376 quia
2407 4325 2426 4358 ι
2464 4307 2533 4361 ibi
2561 4316 2686 4361 sunt
2718 4305 2916 4372 Machi,
2945 4307 3195 4361 civitates
3236 4315 3443 4371 magna:
3476 4310 3530 4353 et

1958 4401 2232 4457 munitae.»
2259 4400 2323 4453 Et
2352 4400 2466 4453 hare
2496 4398 2773 4468 poscebat,
2798 4398 2922 4468 quia
2949 4405 3178 4453 noverat
3202 4394 3529 4465 belligerari,

1891 4489 1935 4544 D
1966 4492 2110 4546 sicut
2137 4493 2400 4561 scriptum
2430 4501 2517 4544 est
2543 4491 2589 4523 "
2626 4506 2641 4544 :
2678 4510 2696 4542 ι
2728 4490 2991 4545 Civitates
3034 4489 3269 4543 munitas
3298 4501 3528 4555 occupa-

1964 4583 2043 4638 bit
2070 4585 2307 4654 sapiens,
2341 4592 2396 4637 et
2441 4584 2686 4638 destruet
2725 4582 3081 4636 munitionem
3126 4581 3177 4633 in
3208 4595 3313 4649 qua
3357 4580 3531 4633 conli-

1962 4678 2156 4731 debam
2197 4677 2366 4745 impii.
2404 4696 2423 4728 ι
2466 4676 2628 4731 Putas
2677 4692 2799 4731 cum
2842 4676 2958 4731 haec
2995 4673 3201 4729 diceret
3255 4673 3530 4732 Salomon,

1960 4769 2187 4823 hocnos
2222 4769 2435 4823 volebat
2478 4771 2698 4835 docere,
2737 4770 2863 4838 quia
2901 4770 3118 4838 sapiens
3149 4774 3370 4836 caperet
3394 4765 3530 4819 civi-

1964 4870 2103 4916 tates
2128 4871 2180 4915 et
2210 4864 2541 4917 munitiones
2556 4864 2865 4917 destrueret
2891 4877 2957 4917 ex
2988 4861 3256 4932 lapidibus
3280 4867 3532 4914 constru-

354 4976 405 5009 “
427 4974 615 5031 Matth.
648 4976 846 5040 xv,‘l‘.
923 4977 968 5010 *⁸
994 4976 1181 5031 Matth.
1211 4994 1284 5039 vt,
1311 4977 1403 5032 25.
1478 4979 1522 5009 ιθ
1554 4976 1743 5032 Matth.
1768 4975 1990 5042 xtx,28.
2067 4973 2238 5031 "Jos.
2269 4992 2358 5031 xtv
2380 5017 2394 5040 ,
2424 4976 2476 5030 6.
2554 4976 2598 5008 ⁸⁸
2632 4976 2761 5029 ibid.
2805 4975 2850 5008 δ’
2878 4974 3037 5031 Boni.
3065 4990 3166 5039 vn,
3189 4973 3277 5028 l4.
3350 4973 3397 5005 ⁸⁰
3420 4972 3533 5028 .los.

287 5060 399 5113 Xtv,
424 5050 476 5100 6.
552 5046 767 5104 “Joau.
805 5065 856 5117 v,
889 5049 978 5104 46.
1053 5049 1099 5081 δ’
1125 5048 1239 5105 Jos.
1278 5065 1391 5114 xtv,
1426 5050 1510 5103 II.

355 5145 473 5217 (25)
504 5144 663 5204 Libb.
699 5147 852 5213 editi,
886 5166 902 5198 ι
952 5146 1260 5217 avaritiam,
1297 5145 1390 5200 sed
1428 5144 1582 5212 quasi
1628 5143 1850 5198 benedi-

288 5216 549 5282 ctiOuem,
586 5236 604 5268 ι
631 5217 728 5271 Ms.
758 5217 1113 5285 Saugerman.
1150 5226 1206 5269 nt
1232 5216 1282 5269 in
1329 5225 1511 5269 nostro
1536 5222 1707 5269 textu.

379 5286 471 5358 26)
499 5286 678 5358 Qudex
709 5283 995 5358 Saugerm.
1030 5307 1048 5339 ι
1087 5289 1178 5342 sed
1219 5286 1396 5358 potius
1431 5299 1648 5358 oremus
1672 5283 1784 5358 Dei.
1828 5299 1846 5332 ι

380 5305 471 5349 zu)
499 5305 678 5342 uouex
709 5305 995 5358 Saugerm.
1030 5307 1048 5339 ι
1087 5305 1178 5342 seu
1219 5305 1396 5354 ponus
1431 5305 1648 5337 oremus
1674 5305 1784 5337 UCI.
1828 5305 1846 5332 ι

357 5305 472 5428 (27)
498 5356 650 5428 Unus
674 5358 1016 5413 Ehroicensis
1043 5367 1165 5427 post
1206 5374 1225 5406 ι
1269 5356 1550 5423 imperium
1590 5372 1608 5403 ι
1641 5353 1794 5408 addit
1835 5368 1849 5405 :

298 5444 318 5478 ο
346 5426 469 5496 cum
500 5426 707 5496 Spiritu
749 5437 959 5483 sancto.
998 5448 1016 5480 υ

360 5495 471 5569 (28)
505 5492 707 5552 Etiam.
735 5497 898 5554 Abest
937 5517 964 5551 a
990 5498 1121 5553 lthh.
1148 5495 1329 5560 editis,
1360 5497 1455 5551 sed
1497 5492 1765 5564 reperitur
1799 5493 1853 5549 in

262 5602 271 5607 -
293 5582 405 5639 ms.
427 5571 711 5639 Satrgerm.

361 5638 475 5709 (29)
505 5634 692 5693 Terra.
748 5641 906 5695 Deest
941 5640 997 5695 in
1043 5638 1174 5695 libb.
1223 5637 1405 5705 editis,
1458 5637 1551 5691 sed
1596 5642 1771 5690 exstat
1802 5634 1855 5690 in

294 5709 478 5779 eodem
525 5725 626 5763 ms.
657 5710 940 5779 Saugerm.

363 5778 474 5853 (30)
504 5779 651 5837 Idem
687 5777 794 5840 ms.
825 5800 842 5834 ι
882 5790 1245 5838 assumentur.
1280 5798 1300 5837 ι
1330 5778 1487 5836 Libb.
1515 5777 1644 5835 editi
1679 5799 1689 5832 :
1722 5795 1741 5830 ι
1770 5792 1859 5834 as-

1586 5048 1633 5080 ⁸³
1670 5048 1831 5112 ihid.,
1861 5047 1946 5101 1‘2.
2023 5047 2071 5078 ⁸⁵
2105 5047 2239 5101 ibid.

2315 5048 2359 5079 ⁸⁵
2384 5047 2546 5103 Prov.
2570 5063 2684 5107 xm.
2706 5046 2799 5103 22.

1957 5151 2259 5196 SUIDIIIHIU'.
2297 5161 2316 5195 ι

2031 5208 2142 5294 (5.1)
2171 5212 2315 5268 ldem
2366 5227 2469 5294 ms.
2505 5230 2525 5264 ‹
2570 5213 2777 5283 primus
2819 5213 3049 5283 accepit.
3089 5231 3110 5264 ι
3157 5209 3318 5266 Libb.
3352 5211 3480 5266 editi
3515 5226 3526 5259 :

1965 5299 1985 5333 ι
2021 5298 2250 5367 primum
2281 5294 2494 5367 ceptl.)
2561 5352 2618 5367 Ν
2709 5354 2721 5367 ο
2861 5354 2874 5366 ,
3048 5352 3085 5367 η
3122 5353 3132 5365 ,
3422 5351 3432 5363 .

2033 5353 2146 5474 (52)
2178 5355 2325 5410 Unus
2358 5356 2530 5409 codex
2560 5352 2907 5409 Ehroicensis
2939 5369 2956 5408 :
2996 5372 3016 5405 ί
3046 5352 3263 5407 Primus
3289 5352 3531 5404 omnium

1959 5420 2144 5494 Cael).
2173 5425 2336 5479 Caleb
2372 5425 2762 5492 interpretatus
2789 5424 2986 5479 dicitur
3007 5424 3160 5494 quasi
3177 5439 3294 5478 cor.
3324 5441 3342 5472 ι
3365 5421 3534 5476 Porro

1962 5493 2127 5617 galle!)
2177 5496 2567 5565 interpretatur
2610 5511 2629 5544 ι
2661 5495 2817 5565 quasi
2860 5509 2991 5551 cor)
3026 5493 3073 5548 ia
3105 5507 3138 5552 ἒ
3177 5513 3196 5546 t
3226 5494 3378 5563 quasi
3416 5512 3434 5545 ι
3479 5503 3532 5545 et

2081 5576 2100 5607 ι
2122 5571 2267 5614 001⁵.)

2081 5576 2100 5607 ι
2122 5571 2233 5614 001⁵.
2248 5577 2267 5610 ι

2036 5656 2149 5725 (55)
2189 5656 2582 5731 interpretatur
2638 5667 2815 5712 autem
2869 5670 2917 5714 et
2956 5658 3161 5731 Je/fone
3218 5669 3368 5731 pater
3420 5656 3535 5728 eius

1966 5727 2255 5785 conversio.
2284 5730 2327 5783 A
2359 5737 2464 5791 ηδε
2505 5749 2524 5783 ι
2555 5732 2843 5786 εοιινιπιίι.
2876 5749 2896 5784 ι
