4050 6148
554 210 664 267 915

556 323 712 381 etas?
755 324 839 379 An
899 321 1028 377 illud
1090 321 1272 392 potius
1329 321 1551 386 indicat,
1604 324 1747 394 quod
1796 321 2045 378 civitates
2081 325 2211 381 etA

560 417 698 470 muri
732 423 862 471 sunt
894 413 1183 483 impiorum
1214 413 1484 482 dogmata,
1526 422 1581 466 et
1613 413 1909 482 syllogismi
1957 414 2132 482 philo-

557 509 877 578 SOphOI‘um,
905 507 1103 576 quibus
1134 515 1387 560 astruuut
1415 507 1574 576 impia
1611 522 1839 575 quaeque
1861 516 1914 560 et
1940 507 2136 561 divinae

556 604 657 673 legi
686 601 988 667 contraria,
1018 615 1139 670 quae
1164 600 1306 669 apud
1354 615 1592 670 paganos
1615 601 1699 654 vel
1749 601 2011 656 barbaros
2039 600 2137 655 ob-

557 694 883 751 servantur?
911 693 1019 749 Sed
1046 700 1102 747 et
1133 692 1224 747 illa
1271 692 1325 747 in
1355 692 1440 746 his
1476 692 1783 763 deputanda
1819 703 1947 749 sunt
1975 704 2029 748 et
2057 695 2136 749 ci-

555 787 755 840 vitales
785 784 1009 840 munitae
1050 798 1192 848 esse,
1226 793 1389 856 atque
1425 785 1476 838 in
1523 785 1800 839 montibus
1831 783 2134 852 collocatae,

555 892 678 947 qua:
707 876 950 933 hteretici
978 876 1032 929 in
1066 875 1473 945 Scripturarnm
1510 877 1930 941 assertionibus,
1966 877 2131 932 veluti

557 970 610 1026 in
636 970 761 1026 altis
789 970 1090 1033 montibus,
1122 968 1412 1024 collocant.
1445 969 1576 1025 lstas
1614 985 1743 1040 ergo
1769 971 2018 1025 civitates
2046 984 2133 1023 sa-

556 1062 712 1130 piens
733 1062 967 1130 quisque
994 1062 1215 1116 verbum
1247 1060 1545 1129 praedicans
1568 1060 1858 1128 destruxit,
1889 1071 1944 1115 et
1971 1058 2135 1115 urbes

559 1153 826 1208 mendacii
870 1152 1121 1207 veritatis
1150 1153 1320 1206 ariete
1353 1153 1640 1218 subvertit,
1681 1153 1823 1208 sicut
1859 1156 2134 1222 apostolus

557 1243 760 1300 Paulus
807 1243 1021 1300 dicebat
1059 1245 1149 1296 '6:
1194 1263 1212 1295 ‹
1253 1242 1629 1313 Cogitationes
1684 1245 2053 1307 destruentes.
2079 1255 2136 1301 et

555 1351 775 1391 onmem
802 1336 1141 1391 altitudinem
1174 1350 1296 1406 qua:
1325 1352 1384 1391 se
1408 1336 1618 1391 extollit
1649 1338 1908 1392 adversus
1951 1339 2132 1393 scien-

559 1430 693 1483 tiam
726 1427 971 1483 Dei.rlla
1016 1442 1145 1498 ergo
1176 1427 1340 1481 etiam
1381 1443 1526 1482 nunc
1554 1428 1644 1483 hic
1697 1429 2133 1498 sapientissimus

550 1519 724 1576 Caleb
755 1521 964 1577 assistit
1004 1531 1132 1581 ante
1173 1517 1383 1586 Iesum,
1417 1530 1473 1575 et
1520 1521 1792 1590 promittit
1840 1523 2020 1578 valere
2072 1539 2133 1580 se

551 1612 622 1666 ad
651 1611 874 1678 bellum,
910 1621 962 1666 et
989 1622 1303 1682 promptum
1353 1627 1475 1666 esse
1506 1614 1572 1667 ad
1607 1613 1880 1684 praelium;
1917 1625 1971 1668 et
2013 1617 2132 1671 ideo

2046 203 2369 261 ORiGENlS
3655 208 3737 264 9|!

2796 318 3077 377 HOMILIA
3119 318 3256 376 XIX.

2490 412 2563 467 De
2585 412 2781 481 ﬁnibus
2820 411 3146 466 Itwredt'lalis
3183 410 3342 466 tribus
3369 410 3532 468 Iudte.

2309 507 2360 562 1.
2390 506 2671 561 Distribuit
2700 503 2878 559 Moses
2903 505 3291 571 hereditatem,
3322 504 3576 560 distribuit
3598 506 3740 564 luere-

2235 600 2455 655 ditatem
2484 609 2538 652 et
2566 597 2744 652 Iesus.
2775 595 2880 651 Sed
2917 611 3022 650 non
3048 605 3131 649 est
3162 595 3411 664 scriptum
3450 597 3497 651 in
3528 599 3739 656 distribu-

2237 691 2380 744 tione
2409 689 2739 744 lnereditatis
2766 687 3096 758 Moysi,quia
3122 687 3350 742 cessarit
3382 696 3514 743 terra
3536 706 3562 742 a
3583 690 3737 747 bellis:

2236 783 2290 837 in
2320 784 2704 838 distributione
2729 798 2856 837 vero
2884 779 3009 835 Iesu
3040 781 3152 850 ipsa
3174 782 3321 836 verbi
3351 782 3575 849 praefatio
3590 784 3656 839 sic
3676 786 3739 840 in-

2236 875 2414 946 cipit:
2454 894 2473 928 t
2516 877 2582 930 Et
2603 878 2861 942 cessavit,
2905 877 3081 947 inquit
3099 876 3167 941 ³⁸,
3198 885 3341 930 terra
3383 891 3412 929 a
3461 876 3614 931 bellis.
3658 875 3740 932 »δί

2236 983 2366 1039 ergo
2390 978 2443 1022 tu
2475 970 2668 1039 dignus
2702 970 2785 1025 vis
2812 968 2949 1024 ellici
2973 970 3064 1039 qui
3105 969 3465 1024 litereditatem
3490 983 3743 1039 consequa-

2236 1061 2312 1117 ris
2335 1061 2402 1115 ab
2428 1061 2578 1128 Iesu,
2609 1072 2664 1116 et
2690 1076 2906 1117 sumere
2938 1062 3008 1117 ab
3038 1076 3103 1117 eo
3137 1061 3452 1130 portionem,
3481 1071 3666 1131 oportet
3701 1071 3742 1116 te

2234 1154 2389 1223 prius
2411 1153 2592 1207 omnia
2620 1154 2758 1208 bella
2789 1153 2969 1219 finire,
2995 1163 3049 1209 et
3095 1156 3148 1209 in
3193 1168 3326 1222 pace
3373 1153 3663 1216 consistere,
3697 1161 3743 1205 ut

2235 1244 2399 1296 etiam
2444 1244 2513 1298 de
2547 1253 2650 1299 tuae
2686 1246 2874 1301 carnis
2931 1255 3078 1301 terra
3128 1245 3357 1300 dicatur.
3390 1243 3505 1297 auia
3556 1241 3744 1298 cessavit

2235 1343 2380 1389 terra
2408 1351 2435 1386 a
2462 1336 2645 1392 bellis.
3323 1337 3326 1340 ’

2304 1426 2360 1480 2.
2391 1425 2544 1481 Tunc
2572 1428 2771 1483 deinde
2798 1442 2920 1482 cum
2951 1426 3293 1483 consuetudo
3324 1424 3395 1480 sit
3426 1431 3612 1479 sanctae
3632 1420 3746 1476 Scri-

2234 1526 2409 1586 ptura:
2458 1526 2690 1587 quatuor
2732 1529 2916 1588 partes
2957 1519 3105 1573 orbis
3156 1526 3332 1581 terrae,
3380 1530 3507 1586 quas
3534 1512 3606 1567 vel
3646 1526 3748 1566 axes

2235 1610 2319 1664 vel
2347 1611 2531 1681 plagas
2563 1611 2849 1691 nominant
2881 1610 3016 1682 (56),
3042 1609 3339 1680 appellare,
3367 1608 3417 1662 in
3445 1605 3749 1674 descriptione

552 1703 805 1773 deposcit
830 1679 1068 1774 permitti
1113 1679 1213 1759 sibi
1249 1704 1398 1759 velut
1436 1679 1739 1774 disputandi
1793 1704 2127 1772 facultatem,
2163 1679 2207 1734 Β
2237 1679 2630 1758 linimntribus
2652 1679 2823 1766 Iudae,
2856 1679 2983 1757 dum.
3008 1700 3387 1756 tantummodo
3426 1698 3746 1762 nominantur,

552 1805 615 1852 ut
636 1799 1021 1869 congrediatur
1046 1813 1168 1853 cum
1202 1797 1514 1853 dialecticis
1548 1796 1754 1865 saeculi,
1786 1812 1906 1854 cum
1941 1802 2006 1857 iis
2037 1801 2128 1870 qui

553 1904 656 1959 pro
682 1894 828 1946 veris
861 1890 997 1946 falsa
1035 1891 1383 1956 confirmant,
1412 1900 1470 1946 ut
1497 1906 1590 1947 eos
1615 1893 1856 1948 confutet
1878 1903 1932 1948 et
1966 1909 2128 1962 supc-

550 1991 658 2047 ret.
691 1991 747 2038 et
790 1983 1071 2039 subvertat
1126 1986 1331 2052 omnia,
1357 2000 1477 2056 qua:
1539 1985 1613 2039 illi
1655 1985 1807 2040 falsis
1865 1987 2126 2041 assertio-

550 2072 712 2128 nibus
741 2082 1186 2131 construxerum.
1210 2075 1335 2131 Ideo
1365 2076 1597 2146 denique
1636 2078 1827 2132 videns
1872 2077 2125 2133 alacrita-

549 2173 662 2220 tem
713 2165 852 2236 ejus,
887 2186 907 2220 t
966 2168 1262 2235 benedicit,
1316 2170 1492 2240 inquit
1538 2171 1607 2238 ⁸⁷,
1641 2186 1789 2237 eum,
1847 2191 1866 2224 ›
1918 2172 2126 2228 scilicet

550 2258 696 2327 quod
727 2259 850 2313 talia
875 2259 1154 2329 deposcat,
1186 2270 1242 2316 et
1274 2262 1489 2317 audeat.
1520 2261 1625 2318 Sed
1647 2271 1701 2317 et
1731 2271 1784 2316 tu
1810 2263 1857 2318 si
1885 2264 1966 2318 vis
1997 2263 2125 2318 dare

547 2365 767 2421 operam
809 2353 1023 2418 studiis,
1065 2362 1121 2408 et
1150 2354 1323 2425 legem
1349 2353 1444 2410 Dei
1469 2353 1764 2424 prudenter
1788 2356 2035 2410 meditari
2070 2365 2126 2411 et

544 2439 684 2497 (εωεί
715 2455 810 2498 cor
847 2442 902 2497 in
937 2441 1058 2513 lege
1106 2443 1222 2510 Dei,
1253 2452 1408 2512 potes
1441 2444 1576 2498 istas
1607 2457 1828 2513 magnas
1860 2452 1916 2498 et
1948 2444 2123 2498 muni-

547 2541 633 2588 tas
659 2533 842 2599 urbes,
868 2531 922 2588 id
960 2542 1047 2589 est
1096 2535 1436 2590 assertiones
1475 2540 1793 2590 subvertere
1840 2534 2120 2602 falsitatis,

545 2632 695 2680 utet
728 2634 783 2679 tu
817 2624 1081 2680 merearis
1108 2625 1359 2681 benedici
1407 2625 1475 2680 ab
1500 2625 1651 2692 Iesu,
1687 2636 1742 2682 et
1770 2628 2018 2698 accipere
2052 2628 2121 2683 ab

542 2729 614 2769 eo
652 2715 931 2771 Chebron.
974 2715 1370 2786 Interpretatur
1411 2727 1593 2772 autem
1623 2718 1872 2774 Chebron
1928 2739 1947 2771 ε
1991 2735 2121 2775 con-

538 2805 771 2876 iunctio,
790 2805 873 2860 vel
898 2806 1206 2877 conjugium
1225 2808 1355 2880 (54).
1371 2806 1500 2862 »Ρθτ
1514 2809 1657 2878 quod
1688 2818 1864 2877 potest
1888 2807 2120 2866 fortasse

543 2897 674 2952 illud
702 2899 936 2963 ostendi,
964 2898 1107 2969 quod
1159 2899 1421 2967 spelunca
1461 2897 1657 2966 duplex
1703 2908 2018 2968 comparata
2049 2899 2119 2954 ab

540 2989 819 3046 Abraham
853 2990 1164 3083 patriarcha
1204 2991 1257 3045 in
1291 3005 1355 3046 ea
1384 3001 1489 3056 est,
1526 2992 1578 3045 in
1617 3007 1723 3062 qua
1747 2991 1995 3063 coniugia
2019 3007 2116 3062 pa-
2146 3026 2188 3083 ο

542 3092 689 3137 trum
732 3092 787 3136 et
830 3081 1073 3152 reliquiae
1126 3097 1313 3138 eorum
1354 3083 1565 3153 jacent,
1616 3083 1669 3139 id
1707 3094 1790 3141 est
1842 3085 2118 3142 Abraham

542 3188 666 3227 cum
699 3172 855 3239 Sara,
887 3172 1037 3229 Isaac
1063 3188 1184 3228 cum
1212 3174 1483 3241 Rebecca,
1517 3175 1685 3233 Iacob
1719 3193 1841 3234 cum
1866 3178 1981 3234 Lia.
2011 3177 2122 3233 Me-

543 3264 656 3318 ruit
685 3279 817 3335 ergo
859 3264 1029 3321 Caleb
1073 3278 1288 3337 patrum
1336 3270 1594 3338 reliquias
1644 3271 1696 3325 in
1744 3271 2119 3328 hazreditatem

538 3357 843 3427 suscipere,
874 3358 993 3412 sine
1025 3359 1190 3415 dubio
1222 3360 1348 3430 quia
1383 3376 1480 3429 per
1526 3364 1848 3432 sapientiam
1892 3381 2011 3435 quae
2062 3367 2118 3423 in

538 3463 606 3502 eo
637 3457 776 3516 erat,
804 3464 910 3520 qua
944 3450 1164 3521 vigebat
1212 3460 1267 3505 et
1306 3453 1409 3508 sub
1439 3452 1587 3509 Mose
1620 3465 1674 3511 et
1704 3456 1804 3512 sub
1839 3456 1991 3525 Iesu,
2032 3459 2118 3513 in-

540 3541 828 3597 tellexerat
883 3542 1288 3613 conjunctionis
1333 3544 1504 3615 ipsius
1553 3548 1847 3614 rationem,
1898 3560 1953 3604 et
1996 3565 2119 3619 per-

534 3639 793 3700 spexerat
827 3632 956 3701 quid
982 3642 1128 3688 esset
1153 3648 1355 3702 causae,
1380 3636 1523 3705 quod
1547 3652 1671 3692 cum
1692 3637 1969 3695 Abraham
2003 3640 2117 3697 sola

536 3722 675 3776 Sara
710 3723 780 3778 ibi
803 3722 1039 3791 jaceret,
1073 3733 1130 3780 et
1162 3739 1340 3795 neque
1364 3726 1535 3798 Agar,
1580 3744 1756 3799 neque
1784 3730 2020 3786 Cethura
2065 3735 2114 3788 ei

534 3816 827 3872 meruisset
861 3816 1079 3889 adjungi
1120 3837 1132 3872 :
1160 3818 1249 3873 vel
1283 3820 1413 3889 quid
1445 3830 1593 3876 esset
1618 3837 1799 3878 causae
1822 3825 1963 3893 quod
1991 3840 2113 3880 cum

533 3903 706 3962 Iacob
730 3906 847 3962 sola
871 3905 968 3963 Lia
995 3909 1182 3977 jacere
1220 3911 1519 3978 videretur,
1570 3923 1626 3967 et
1664 3927 1838 3984 neque
1883 3914 2113 3985 Rachel,

532 4012 656 4068 quae
683 3998 914 4070 amplius
943 4000 1124 4059 fuerat
1163 4004 1384 4071 dilecta,
1424 4020 1602 4076 neque
1641 4006 1823 4077 aliqua
1863 4023 1930 4063 ex
1978 4025 2114 4065 con-

538 4091 753 4147 cubinis
780 4096 833 4147 in
865 4095 1116 4162 sepulcro
1141 4097 1189 4152 ei
1218 4097 1396 4153 fuerat
1418 4099 1689 4169 c0pulata.
1721 4100 1841 4170 Ipse
1882 4116 2014 4173 ergo
2057 4103 2111 4158 in

531 4183 814 4239 memoriis
842 4195 1054 4254 patrum
1082 4186 1461 4243 hatreditatem
1490 4190 1637 4260 capit
1658 4192 1898 4261 prudens
1938 4202 1994 4248 et
2025 4208 2113 4247 sa-

529 4275 685 4345 piens
712 4275 897 4332 Caleb.
931 4277 1036 4348 Ipsi
1061 4278 1219 4334 Iesus
1246 4279 1639 4338 Enachitarum
1685 4287 1864 4354 gentis
1912 4296 2111 4342 metro-

2233 1796 2354 1850 dute
2414 1798 2733 1853 reticentur.
2787 1794 3062 1867 Scriptum
3108 1797 3257 1852 enim
3308 1796 3384 1851 sic
3424 1803 3502 1850 est
3549 1794 3672 1845 ":t
3703 1791 3750 1846 Et

2232 1884 2363 1941 facti
2422 1898 2551 1943 sunt
2620 1885 2759 1942 lines
2807 1889 2985 1942 tribus
3032 1885 3267 1941 filiorum
3315 1884 3446 1940 Iuda
3502 1881 3751 1939 secundum

2228 1981 2414 2049 plebes
2449 1994 2659 2045 eorum,
2707 1995 2736 2032 a
2798 1979 2998 2034 finibus
3041 1978 3314 2043 Idumam,
3369 1994 3396 2033 a
3430 1977 3625 2032 deserto
3657 1974 3751 2039 Sin,

2230 2076 2295 2130 ad
2326 2073 2801 2130 occidentem.»Et
2838 2088 2962 2128 cum
3017 2074 3396 2145 descripsisset
3442 2072 3563 2126 lines
3590 2070 3648 2124 ab
3679 2083 3754 2123 oc-

2229 2168 2461 2234 cidente,
2518 2176 2647 2221 tunc
2691 2167 2887 2222 deinde
2942 2167 3079 2222 dicit
3122 2166 3167 2199 ⁶⁰
3229 2182 3243 2218 :
3299 2185 3318 2218 ‹
3365 2165 3430 2221 Ει
3476 2165 3540 2218 ab
3579 2163 3753 2217 oriente

2225 2256 2384 2330 441
2440 2275 2603 2317 omne
2624 2302 2638 2325 ,
2692 2257 2900 2328 inquit,
2923 2272 3073 2312 mare
3099 2256 3308 2312 salsum
3335 2272 3351 2310 :
3388 2275 3407 2308 ι
3424 2261 3475 2309 et
3500 2253 3621 2308 alias
3645 2250 3753 2306 duas

2223 2362 2407 2421 partes
2437 2351 2673 2418 reticuit,
2713 2350 2765 2406 id
2796 2358 2880 2404 est
2925 2349 3337 2419 septentrionis,
3364 2347 3448 2404 vel
3486 2343 3749 2401 meridiani.

2225 2442 2361 2498 Vide
2397 2458 2528 2514 ergo
2560 2443 2604 2498 si
2642 2458 2746 2496 non
2791 2442 2995 2512 repleta
3021 2451 3151 2495 sunt
3186 2441 3294 2495 ista
3328 2438 3604 2511 mysteriis.
3631 2435 3755 2490 Licet

2225 2550 2323 2590 nos
2363 2536 2573 2603 singula
2620 2535 2703 2589 vel
2737 2535 2940 2589 sentire
2965 2574 2981 2599 ,
3011 2533 3094 2588 vel
3125 2532 3407 2604 explicare
3439 2543 3754 2601 nequeamus,

2226 2636 2405 2680 tamen
2439 2636 2599 2695 prout
2632 2624 2896 2679 Dominus
2924 2623 3168 2692 praebere
3196 2624 3471 2693 dignatur,
3496 2630 3546 2674 et
3575 2632 3662 2673 nos
3683 2630 3755 2671 ca-

2221 2733 2349 2788 pere
2378 2717 2617 2771 valemns
2647 2716 2794 2787 (57),
2828 2715 3098 2770 discutere
3129 2715 3341 2785 singula
3366 2727 3579 2784 quisque
3612 2719 3756 2765 tenta-

2220 2808 2419 2865 bimus.
2444 2829 2462 2862 ε
2488 2809 2638 2863 Facti
2655 2817 2803 2876 sunt,
2832 2807 3031 2876 inquit,
3061 2807 3195 2861 lines
3214 2804 3353 2859 Iuda
3379 2800 3754 2871 secundumple-

2219 2903 2316 2960 bes
2348 2918 2535 2960 eorum
2568 2918 2596 2957 a
2635 2904 2831 2956 finibus
2865 2902 3106 2955 Idumaeae
3135 2916 3166 2954 a
3199 2899 3421 2956 deserto
3442 2899 3530 2955 Sin
3555 2898 3614 2953 ad
3634 2896 3756 2951 oeci--

2221 2996 2460 3051 dentem.
2481 3014 2500 3047 ι
2520 2994 2691 3065 Igitur
2713 2992 2846 3049 lines
2859 2991 3057 3048 Iudzeae
3071 2993 3310 3062 proximi
3332 3002 3456 3047 sunt
3472 2988 3756 3047 finibusldu-

2225 3104 2390 3143 micae.
2424 3087 2656 3142 ldumtea
2685 3103 2837 3154 vero,
2873 3088 3015 3142 sicut
3037 3102 3177 3157 saepe
3203 3088 3321 3159 jam
3350 3087 3592 3151 diximus,
3617 3083 3754 3138 inter-

2223 3191 2468 3251 pretatur
2514 3188 2722 3233 terrena
2776 3177 2912 3248 (58).
2959 3178 3086 3234 Post
3128 3189 3408 3236 terrenam
3441 3193 3563 3247 ergo
3604 3175 3752 3231 statim

2222 3283 2625 3341 consequuntur
2655 3274 2789 3327 lines
2812 3270 3033 3326 Iudaeae.
3065 3271 3172 3327 Sed
3195 3282 3254 3328 et
3277 3289 3306 3327 a
3340 3273 3566 3331 deserto,
3591 3263 3750 3334 inquit.

2222 3364 2342 3421 Sin.
2376 3366 2770 3438 Interpretatur
2798 3376 2977 3422 autem
3008 3367 3103 3423 Sin
3142 3369 3454 3422 tentationes
3490 3362 3614 3436 (59).
3649 3358 3754 3413 Post

2222 3458 2553 3514 tentationes
2581 3473 2711 3527 ergo
2740 3472 3152 3531 consequuntur
3178 3459 3320 3516 fines
3344 3453 3656 3515 haereditatis
3679 3450 3754 3507 Iu-

2221 3552 2367 3606 dteae.
2404 3552 2669 3607 Occidens
2701 3563 2757 3607 et
2788 3557 2971 3610 oriens
3007 3554 3351 3620 nominatur,
3386 3562 3442 3608 et
3476 3551 3635 3605 vicina
3659 3546 3753 3600 loca

2221 3662 2282 3699 ea
2326 3655 2448 3714 quae
2491 3661 2656 3716 supra
2693 3646 2950 3712 diximus,
2986 3648 3095 3702 imo
3124 3646 3382 3702 confinia.
3415 3645 3517 3701 Sed
3553 3651 3604 3698 et
3628 3638 3755 3695 vallis

2219 3736 2440 3809 Egypti
2476 3739 2655 3794 vicina
2688 3738 3122 3796 occidentalibus
3163 3740 3414 3809 partibus
3444 3735 3752 3806 designatur,

2218 3848 2337 3900 quze
2379 3845 2464 3887 est
2497 3848 2526 3886 a
2560 3834 2774 3889 deserto
2806 3834 2875 3889 ad
2905 3835 3248 3890 occidentem
3284 3852 3301 3891 :
3335 3833 3403 3891 ab
3431 3833 3626 3890 oriente
3646 3838 3754 3883 vero

2216 3926 2507 3994 cinguntur
2539 3927 2678 3982 lines
2707 3929 2842 3983 mari
2870 3930 3037 3984 salso.

2288 4016 2342 4072 5.
2379 4017 2505 4072 Post
2536 4019 2673 4088 hoc,
2706 4037 2725 4071 t
2759 4036 2788 4074 a
2816 4021 3069 4088 collibus,
3101 4022 3282 4092 inquit
3316 4023 3361 4056 ⁶¹
3389 4062 3406 4090 ,
3439 4021 3526 4094 qui
3562 4019 3755 4076 tendun-

2218 4120 2305 4166 tur
2335 4114 2400 4167 ad
2439 4115 2799 4182 occidentem,
2831 4123 2886 4170 et
2921 4116 3043 4171 inde
3076 4117 3395 4173 ascenditur
3420 4117 3486 4171 ab
3511 4112 3754 4170 occidente

2214 4219 2388 4275 usque
2416 4204 2593 4260 Cades
2630 4206 2804 4260 Barne
2828 4249 2844 4274 ,
2882 4226 2902 4260 ι
2941 4219 2998 4264 et
3039 4209 3120 4263 sic
3165 4210 3506 4279 pertenditur
3538 4209 3599 4262 ab
3628 4202 3752 4259 occi-

2215 4298 2377 4353 dente
2412 4299 2478 4352 ad
2506 4300 2841 4355 occidentem
2874 4301 3069 4357 Cades.
3096 4302 3160 4357 Et
3195 4304 3252 4358 hi
3289 4312 3415 4359 sunt
3441 4301 3571 4356 lines
3593 4308 3752 4352 eorum

529 4368 695 4465 polin)
726 4369 921 4465 tribuit
945 4370 1220 4465 Chebron,
1253 4383 1309 4430 et
1336 4374 1566 4431 efﬁcitur
1598 4379 1647 4432 ei
1687 4393 1808 4433 sors
1849 4395 2022 4450 usque
2056 4382 2109 4435 in
2143 4374 2187 4429 Ι)
2217 4389 2286 4443 ab
2304 4389 2512 4455 Africo,
2542 4401 2598 4444 et
2624 4392 2749 4448 inde
2772 4395 3015 4462 perrexit
3042 4410 3214 4465 usque
3239 4397 3309 4451 ad
3327 4394 3516 4449 vallem
3543 4387 3753 4461 Egypti-

529 4456 849 4513 bodiernum
870 4460 1034 4517 diem.
1070 4462 1283 4520 Utinam
1306 4474 1362 4522 et
1391 4468 1521 4522 mihi
1551 4471 1770 4525 daretur
1786 4487 1905 4527 sors
1930 4473 2109 4528 Abra-

530 4550 683 4616 ham,
715 4561 769 4606 et
812 4551 980 4620 Isaac,
1016 4564 1071 4610 et
1095 4553 1288 4624 Iacob,
1335 4570 1388 4614 et
1427 4559 1736 4618 efficeretur
1772 4580 1923 4620 meus
1969 4564 2109 4622 Deus

530 4659 683 4700 meus
711 4644 822 4719 (55)
852 4649 993 4704 sicut
1020 4651 1246 4707 effectus
1276 4661 1359 4708 est
1384 4652 1526 4709 Deus
1547 4655 1845 4727 Abraham,
1882 4671 1936 4714 et
1965 4660 2106 4717 Deus

527 4735 697 4803 Isaac,
716 4749 771 4793 et
797 4741 940 4796 Deus
963 4741 1150 4812 Iacob,
1178 4744 1230 4798 in
1259 4744 1476 4821 Christo
1500 4745 1625 4802 Iesu
1645 4748 1872 4805 Domino
1898 4762 2101 4821 nostro,

529 4830 721 4886 cuiest
753 4832 923 4904 gloria
968 4846 1024 4891 et
1068 4836 1355 4907 imperium
1418 4839 1471 4894 in
1525 4841 1717 4895 swcula
1763 4844 2101 4901 saeculortun.

524 4920 721 4979 Amen.

523 5081 644 5211 va”
666 5084 872 5211 I‘I‘Cor.
898 5104 951 5154 x,
994 5090 1048 5158 4,
1072 5091 1125 5146 5.
1204 5094 1249 5126 ³⁷
1280 5093 1392 5152 Ios.
1431 5110 1550 5164 xiv,
1578 5094 1666 5149 15.

599 5291 1131 5374 (54)]ηεενρ-ιῑιαιιιν
1177 5310 1353 5374 autem
1396 5300 1639 5358 Chebron
1670 5305 1969 5374 conjunctio
2024 5311 2105 5365 vel

522 5367 846 5442 coniugium.
1138 5388 1157 5421 ι
1199 5371 1540 5441 conjunctus,
1583 5367 1819 5431 sociatus
1843 5388 1949 5433 est.
1974 5398 1992 5429 ι

594 5435 709 5504 (55)
736 5436 916 5508 codex
942 5435 1330 5508 Saugermanf,
1365 5461 1385 5494 ι
1429 5435 1740 5499 elliceretur
1781 5464 1932 5503 meus
1958 5449 2102 5507 Deus

527 5520 705 5577 nacus.
745 5524 769 5577 ξ
797 5506 952 5561 Libb.
981 5506 1107 5564 editi
1139 5528 1151 5563 :
1191 5528 1209 5562 t
1243 5511 1548 5568 elﬁceretur
1574 5515 1716 5572 Deus
1767 5534 1941 5577 meus.
1969 5540 1988 5572 ι

599 5574 711 5654 (56)
738 5575 1455 5659 Codex_Sangermanensis,
1490 5603 1509 5638 ι
1546 5589 1849 5646 nominant.
1887 5574 2094 5650 {Libb.

523 5650 656 5699 editi
682 5663 693 5696 :
718 5659 735 5689 ε
784 5650 1050 5709 nominat.
1080 5671 1098 5704 ι

1761 5097 1808 5130 ⁸⁸
1831 5099 1942 5157 Ios.
1968 5119 2077 5171 xxv,
2116 5107 2200 5163 l9.
2273 5109 2318 5141 '°
2341 5109 2454 5166 Ios.
2489 5127 2581 5179 xv,
2632 5112 2686 5168 1.

2220 4478 2381 4536 Vides
2411 4483 2683 4551 quomodo
2711 4484 2762 4537 in
2792 4485 3093 4542 occidentis
3123 4488 3370 4555 partibus
3395 4497 3447 4542 et
3468 4484 3684 4539 Africum
3708 4483 3754 4529 et

2215 4570 2508 4642 Egyptum
2541 4575 2788 4630 nominat
2816 4586 2871 4630 et
2897 4578 3190 4631 occasum?
3219 4577 3352 4633 Sine
3374 4578 3554 4638 dubio,
3588 4582 3641 4626 ut
3659 4572 3754 4624 haec

2213 4669 2395 4723 omnia
2419 4669 2557 4723 sciat
2575 4671 2677 4725 sibi
2706 4672 3078 4742 unusquisque
3098 4671 3375 4726 evadenda
3400 4684 3516 4726 esse
3539 4678 3590 4722 et
3606 4675 3755 4719 trans-

2211 4760 2413 4825 eunda,
2448 4770 2507 4813 ut
2540 4761 2611 4814 ita
2643 4763 2857 4816 demum
2896 4765 3066 4833 possit
3109 4765 3174 4819 ad
3208 4764 3404 4819 tribum
3435 4762 3622 4832 regiam
3649 4768 3757 4824 per-

2214 4854 2439 4921 venire,
2487 4857 2553 4909 de
2601 4871 2707 4924 qua
2752 4857 2878 4911 dicit
2924 4856 3211 4926 Apostolus
3237 4859 3280 4890 ⁸³
3319 4876 3334 4911 :
3382 4875 3400 4909 ε
3440 4854 3647 4909 Certum
3681 4853 3753 4902 est

2215 4954 2395 5002 autem
2445 4947 2589 5017 quod
2615 4963 2679 5003 ex
2705 4947 2840 5003 Iuda
2873 4961 3026 5005 ortus
3051 4958 3137 5006 est
3164 4949 3423 5005 Dominus
3452 4955 3638 5001 noster.
3667 4959 3684 4991 ι
3713 4937 3750 4991 Δ

2761 5112 2806 5144 ⁸ο
2841 5114 2971 5169 ibid.
3023 5112 3079 5168 5.
3142 5114 3361 5170 '“ibid.
3388 5112 3442 5168 9.
3518 5110 3560 5141 ⁶²
3606 5104 3751 5161 Hebr.

2286 5314 2396 5384 (57)
2429 5314 2569 5386 Idem
2600 5335 2612 5370 :
2644 5317 2888 5371 valemus.
2919 5318 3074 5373 Libb.
3104 5319 3256 5386 editi,
3286 5318 3562 5371 valeamus.

2284 5375 2396 5452 (58)
2448 5385 2688 5440 Idumam
2744 5405 2954 5444 vero....
3010 5375 3382 5460 interpretatur
3429 5399 3640 5441 terrena.
3679 5375 3748 5433 Ab

2212 5465 2374 5515 mam
2417 5467 2579 5509 terra.

2211 5603 2229 5647 ι
2281 5528 2400 5649 (ἱὸθλ
2439 5525 2820 5597 Interpretatur
2868 5540 3040 5586 autem
3096 5531 3197 5589 Sin
3239 5530 3557 5586 tentationes.
3595 5523 3751 5580 Ατω

2233 5611 2294 5650 en
2319 5607 2441 5650 avtt.
