4050 6148
405 257 514 319 917

403 471 643 528 diximus
665 470 733 525 de
759 470 976 526 deserto
1005 469 1100 525 Sin
1120 509 1136 535 ,
1171 469 1313 540 quod
1343 470 1669 525 tentationes
1708 469 1978 539 signiﬁca-

403 574 522 631 ret,
549 572 606 618 et
628 561 748 617 ideo
775 575 997 617 necesse
1025 570 1110 616 est
1138 576 1235 617 nos
1264 561 1496 616 transire
1529 576 1769 616 eremum
1802 569 1977 615 tenta-

409 655 639 719 tionum,
667 663 727 709 ut
766 652 847 708 sic
885 656 1160 722 possimus
1202 653 1490 723 pervenire
1519 652 1573 708 in
1609 651 1979 707 baereditatem

409 741 645 799 ﬁliorum
670 740 832 798 Iuda.
862 741 970 800 Sed
999 752 1054 799 et
1085 744 1382 800 ascendere
1413 757 1511 799 nos
1537 751 1752 813 oportet
1785 756 1979 798 ascen-

408 850 529 892 sum
590 833 806 890 collium
868 834 1137 900 Acrabin,
1194 836 1338 906 quod
1389 835 1777 906 interpretatur
1836 852 1983 890 scor-

409 927 589 995 piones
620 924 756 999 (ω).
786 925 1128 989 Transeundi
1159 940 1288 999 ergo
1316 926 1474 984 nobis
1502 937 1631 983 sunt
1661 937 1717 983 et
1741 927 1982 983 calcandi

409 1018 576 1073 etiam
602 1016 940 1086 scorpiones,
973 1015 1050 1070 illi
1080 1016 1197 1072 sine
1227 1016 1391 1072 dubio
1420 1017 1486 1073 de
1511 1017 1707 1086 quibus
1736 1017 1985 1074 Salvator

409 1109 493 1162 ait
519 1109 566 1142 "
593 1122 609 1163 :
644 1126 664 1160 ‹
699 1109 837 1165 Ecce
866 1107 991 1164 dedi
1009 1108 1162 1164 vobis
1187 1094 1526 1178 potestatem.
1543 1109 1791 1166 calcandi
1825 1126 1986 1182 super

415 1203 721 1263 serpentes,
750 1205 805 1250 et
832 1197 1160 1268 scorpiones.
1194 1218 1213 1251 ι
1244 1199 1344 1266 Qui
1370 1217 1497 1273 ergo
1519 1205 1663 1268 vult,
1689 1216 1743 1260 et
1766 1206 1979 1263 deside-

416 1293 505 1339 rat
525 1285 731 1357 ingredi
753 1286 807 1341 in
831 1288 1199 1345 haereditatem
1222 1291 1392 1348 tribus
1426 1294 1596 1360 Iudae,
1622 1306 1836 1366 oportet
1854 1314 1980 1356 eum

414 1377 709 1431 ascendere
736 1370 1079 1436 ascensiones
1099 1381 1246 1447 istas,
1272 1393 1326 1438 et
1349 1385 1555 1441 calcare
1573 1397 1733 1458 atque
1754 1392 1978 1448 evadere

413 1468 730 1537 scorpiones
770 1471 860 1539 qui
891 1472 1177 1529 obsistunt.
1222 1474 1375 1530 Unde
1407 1477 1639 1532 arbitror
1665 1482 1807 1549 quod
1833 1482 1976 1537 istud

415 1558 523 1612 iter
551 1559 729 1630 agenti
759 1561 1032 1617 Ezechieli
1062 1565 1341 1634 propheta:
1367 1566 1579 1623 dicebat
1604 1569 1862 1625 Dominus
1888 1571 1969 1626 ⁶⁴ε

417 1666 440 1699 ι
474 1648 572 1702 Fili
601 1650 852 1715 hominis,
876 1652 932 1706 in
951 1654 1129 1709 medio
1153 1656 1494 1726 scorpionum
1524 1668 1581 1714 tu
1609 1660 1836 1715 habitas.
1860 1680 1879 1712 ι
1904 1693 1974 1703 -

1450 258 1518 314 ΙΝ
1553 257 1810 314 LIBRUM
1843 255 2008 313 IESU
2041 253 2229 310 NAVE
2256 252 2543 311 HOMlLlA
2578 250 2695 306 XX.

409 379 615 437 ﬁnibus
658 385 838 433 autem
890 374 1137 432 ldumtete
1187 383 1272 432 est
1313 375 1608 431 desertum.
1651 374 1819 431 Paulo
1864 384 1988 429 ante
2017 371 2271 438 Afecto,
2309 374 2375 428 de
2421 385 2528 442 quo
2569 369 2781 425 dicebat
2809 365 2964 422 Iesus
3008 366 3050 400 "'
3085 382 3099 419 :

2078 470 2221 527 berit
2249 471 2313 522 de
2336 481 2475 536 aqua
2503 479 2663 536 quam
2691 475 2791 532 ego
2819 461 2889 514 do
2914 458 3002 524 ei,
3052 457 3148 513 ﬁet
3177 457 3230 511 in
3260 472 3325 512 eo
3353 455 3475 511 fons
3503 472 3658 526 aqua:

3547 244 3653 301 9l8

3159 384 3178 417 ι
3216 363 3318 432 Qui
3358 373 3539 419 autem
3574 363 3658 419 bi-

2082 560 2333 619 salientis
2361 560 2412 613 in
2430 559 2599 613 vitam
2629 564 2910 611 aeternam.
2939 571 2958 604 »
2989 550 3160 620 Hujus
3186 549 3353 618 igitur
3373 548 3505 603 solis
3532 564 3654 603 cum

2082 654 2244 710 talem
2279 651 2494 721 qualem
2542 648 2776 704 diximus
2821 644 3094 700 inveneris
3140 643 3374 710 fontem,
3416 640 3659 695 invenies

2081 746 2245 802 etiam
2261 744 2536 800 civitatem
2567 740 2702 810 ejus.
2736 758 2756 792 ‹
2790 738 2886 792 Est
2902 737 3046 792 enim
3067 776 3082 801 ,
3107 736 3285 806 inquit
3311 735 3388 800 ⁸⁸,
3415 733 3490 789 ibi
3506 739 3564 789 et
3580 732 3658 788 ci-

2082 839 2222 894 vitas
2249 836 2399 892 solis.
2433 853 2451 887 ι
2491 832 2697 889 Dicitur
2716 841 2771 887 et
2804 833 2857 886 in
2881 829 3114 901 Egypto
3141 828 3331 884 civitas
3367 825 3517 884 solis.
3548 824 3656 880 Sed

2083 930 2187 985 ista
2214 928 2409 984 civitas
2437 940 2557 994 quae
2587 925 2643 979 in
2666 923 2898 994 Egypto
2926 931 3040 986 est,
3081 919 3238 988 hujus
3276 918 3409 974 solis
3449 930 3648 974 nomen

2085 1019 2317 1089 accepit,
2346 1030 2505 1087 quem
2537 1013 2699 1069 Pater
2722 1012 2959 1068 caelestis
3000 1010 3155 1078 jubet
3191 1009 3324 1065 oriri
3357 1021 3518 1077 super
3554 1004 3652 1061 bo-

2085 1127 2186 1167 nos
2225 1119 2281 1167 et
2324 1109 2511 1165 malos.
2563 1107 2657 1161 llla
2700 1121 2830 1161 vero
2872 1104 3065 1159 civitas
3092 1117 3212 1172 qua:
3240 1101 3294 1155 in
3320 1099 3503 1154 Iudaea
3536 1106 3653 1164 est,

2085 1214 2395 1261 sanctorum
2431 1198 2806 1256 tantummodo
2843 1196 3111 1258 efﬁcitur,
3154 1193 3278 1263 quia
3323 1191 3517 1246 civitas
3559 1189 3657 1245 Dei

2086 1307 2190 1353 est.
2246 1297 2312 1352 Et
2346 1297 2466 1351 fons
2510 1293 2598 1348 ille
2635 1293 2699 1346 de
2731 1304 2837 1359 quo
2873 1287 3123 1357 superius
3156 1285 3424 1351 diximus,
3465 1281 3659 1337 ﬂuvius

2086 1386 2312 1442 effectus
2338 1395 2421 1440 est
2450 1382 2728 1437 laetiﬁcans
2758 1376 2870 1449 (45)
2900 1377 3174 1432 civitatem
3209 1374 3325 1429 Dei.
3354 1373 3462 1428 Sed
3502 1382 3559 1428 et
3602 1382 3660 1428 tu

2088 1481 2133 1536 si
2168 1496 2233 1535 ex
2263 1478 2412 1534 omni
2449 1483 2605 1547 parte
2632 1471 2870 1526 munitus
2900 1470 3008 1535 sis,
3048 1479 3103 1523 et
3135 1467 3482 1524 continentiae
3508 1480 3662 1521 muro

2090 1572 2491 1637 circumdatus,
2535 1566 2579 1624 Si
2613 1565 2890 1636 sapientiae
2920 1573 2975 1618 et
3005 1559 3466 1627 magnanimitatis
3503 1558 3666 1612 turri~

2093 1664 2189 1720 bus
2228 1661 2583 1720 conﬁr’matus
2623 1674 2718 1726 es,
2750 1659 2912 1713 etiam
2953 1665 3005 1710 tu
3041 1653 3298 1711 eftieieris
3323 1651 3511 1708 civitas
3546 1651 3659 1704 Dei.

416 1756 438 1789 ι
475 1739 544 1793 Ει
572 1748 717 1803 sunt,
755 1760 774 1792 ι
809 1741 980 1812 inquit
1005 1743 1069 1809 ⁸⁵,
1111 1763 1129 1796 ‹
1162 1745 1297 1801 ﬁnes
1329 1743 1497 1817 usque
1524 1748 1715 1806 Cades.
1747 1770 1766 1802 ι
1800 1751 1973 1807 Cades
2019 1728 2062 1783 Β
2093 1755 2148 1810 Si
2187 1769 2318 1810 vero
2363 1752 2432 1808 ad
2486 1753 2602 1806 haec
2643 1749 2823 1804 omnia
2872 1746 3138 1816 adieceris
3178 1743 3273 1800 tibi
3315 1741 3556 1797 scientia!
3583 1739 3664 1794 lu-

409 1829 799 1900 interpretatur
839 1844 1078 1889 sanctum
1116 1837 1203 1891 vel
1240 1840 1586 1909 sanctiﬁcatio
1636 1840 1767 1912 (Il).
1813 1843 1971 1900 Fines

404 1935 539 1992 ergo
563 1921 716 1976 Iudae
741 1938 912 1993 usque
938 1925 1006 1980 ad
1031 1927 1508 1985 sanctiﬁcationem
1536 1933 1878 2002 perveniunt.

483 2021 540 2074 4.
571 2020 675 2074 Sed
706 2020 985 2076 videamus
1019 2023 1183 2077 etiam
1214 2025 1306 2094 qui
1337 2024 1451 2080 sint
1480 2024 1617 2080 ﬁnes
1651 2039 1715 2079 ex
1744 2023 1990 2093 partibus

411 2110 793 2165 orientalibus.
834 2109 952 2164 Non
989 2126 1095 2181 quo
1125 2112 1281 2168 velim
1328 2129 1472 2169 nunc
1505 2113 1746 2169 locorum
1785 2112 1992 2169 catalo-

411 2216 541 2273 μοι
578 2200 798 2269 facere,
829 2204 922 2259 sed
963 2213 1018 2259 ut
1053 2205 1442 2275 mysteriorum
1483 2222 1602 2277 qua:
1638 2221 1734 2276 per
1769 2208 1885 2262 hmo
1917 2207 1991 2260 si-

411 2291 761 2362 gniﬁcantur,
787 2303 1143 2349 contueantur
1165 2293 1279 2364 (42)
1305 2295 1588 2366 imagines.
1619 2297 1830 2351 Dicitur
1858 2311 1990 2365 ergo

414 2380 487 2436 ab
519 2383 749 2439 orientis
779 2386 1023 2454 partibus
1050 2386 1220 2441 tribus
1247 2383 1402 2440 Iuda:
1432 2401 1581 2442 mare
1609 2401 1729 2442 esse
1762 2387 1986 2449 salsum,

409 2485 470 2528 et
499 2483 623 2543 post
655 2477 758 2531 hoc
788 2477 840 2531 in
881 2489 1032 2548 parte
1074 2478 1191 2549 ejus
1226 2481 1534 2535 nominatur
1578 2478 1700 2533 fons
1745 2478 1909 2543 solis,
1939 2487 1991 2532 et

411 2564 609 2622 civitas
647 2567 809 2633 solis,
859 2579 915 2624 et
955 2570 1008 2624 in
1048 2572 1236 2626 eadem
1272 2572 1416 2627 tribu
1446 2586 1568 2627 esse
1596 2571 1758 2625 etiam
1795 2571 1991 2623 civitas

414 2658 738 2714 litterarum.
769 2659 989 2731 Oportet
1031 2662 1199 2734 igitur
1228 2678 1445 2721 omnem
1487 2663 1582 2733 qui
1611 2662 1725 2717 vult
1765 2662 1990 2716 introire

413 2750 472 2804 in
518 2761 728 2820 partem
771 2753 1006 2808 liliorum
1046 2753 1183 2810 Iuda
1205 2798 1220 2823 ,
1259 2756 1491 2811 transire
1522 2755 1673 2826 prius
1700 2769 1851 2809 mare
1883 2753 1990 2809 sal-

413 2857 561 2910 sum,
586 2846 712 2899 vita:
739 2847 947 2904 scilicet
973 2849 1138 2920 hujus
1162 2850 1332 2905 undas
1354 2858 1408 2904 et
1436 2850 1679 2904 turbines
1707 2862 1989 2918 superare.

413 2947 473 2990 et
494 2936 723 2992 evadere
753 2940 930 2994 omnia
960 2956 1078 3009 quae
1112 2941 1164 2995 in
1194 2941 1296 2996 hoc
1324 2941 1522 2996 mundo
1548 2957 1645 3012 pro
1671 2943 1877 2995 incerto
1906 2940 1991 2994 sui

413 3036 471 3080 et
503 3026 710 3083 lubrico
738 3030 963 3084 marinis
996 3028 1252 3086 ﬂuctibus
1275 3040 1705 3101 comparantur,
1736 3041 1793 3084 ut
1820 3029 1989 3097 possit

2092 1862 2215 1903 men
2236 1888 2251 1914 ,
2291 1846 2428 1902 sicut
2450 1844 2583 1901 dixit
2610 1841 2776 1896 Isaias
2802 1838 2847 1870 ⁶⁹
2871 1856 2885 1892 :
2919 1855 2940 1889 ι
2978 1837 3281 1892 llluminate
3306 1834 3461 1889 vobis
3481 1831 3663 1885 lumen

2091 1940 2354 2006 scientiae,
2392 1958 2412 1991 ι
2445 1947 2500 1993 et
2545 1937 2624 1993 sol
2677 1946 2725 1991 te
2773 1933 2997 2006 justitire
3040 1929 3336 1984 radiaverit
3361 1967 3377 1993 ,
3406 1924 3666 1980 efﬁcieris

2091 2036 2255 2090 etiam
2286 2042 2340 2087 tu
2371 2031 2569 2087 civitas
2606 2030 2757 2096 solis,
2785 2027 2869 2082 vel
2903 2025 3174 2081 civitatem
3212 2023 3343 2076 solis
3374 2027 3523 2073 sorte
3554 2018 3667 2071 haz-

2092 2123 2338 2179 reditatis
2373 2121 2624 2191 accipies.
2666 2119 2771 2175 Sed
2816 2125 2871 2172 et
2914 2113 2959 2167 si
3001 2123 3054 2168 te
3087 2111 3373 2167 tradideris
3412 2108 3514 2178 legi
3545 2108 3664 2172 Dei,

2091 2225 2145 2270 et
2193 2215 2247 2269 in
2298 2215 2412 2283 ipsa
2466 2211 2814 2268 meditaberis
2854 2209 2969 2282 (44)
3007 2210 3093 2265 die
3125 2220 3192 2261 ac
3235 2213 3421 2266 nocte,
3455 2210 3516 2256 ut
3556 2214 3666 2255 non

2092 2305 2309 2361 recedat
2356 2304 2494 2359 liber
2538 2303 2675 2375 legis
2715 2304 2783 2357 de
2822 2316 2987 2355 manu
3019 2307 3143 2364 tua,
3185 2298 3325 2351 sicut
3360 2294 3560 2348 dicitur
3595 2289 3666 2345 ad

2090 2399 2309 2462 Iesum,
2336 2406 2391 2451 et
2423 2397 2468 2451 si
2502 2411 2706 2450 memor
2741 2395 2818 2449 sis
2847 2392 3104 2464 praecepti
3141 2386 3445 2446 Salvatoris
3476 2387 3528 2439 in
3553 2399 3664 2454 qu.)

2093 2488 2169 2542 ait
2199 2504 2214 2540 :
2239 2504 2257 2536 ι
2284 2484 2611 2541 Scrutamini
2636 2482 2945 2552 Scripturas
2963 2480 3106 2553 (45);
3133 2499 3152 2532 ι
3177 2478 3222 2535 si
3237 2491 3368 2547 ergo
3384 2474 3585 2530 talibus
3612 2482 3668 2528 te

2093 2570 2289 2624 studiis
2328 2568 2758 2638 mancipaveris,
2793 2576 2848 2621 et
2879 2565 3244 2623 eruditionem
3283 2562 3416 2632 legis
3444 2560 3666 2625 divinae,

2094 2663 2177 2717 vel
2201 2662 2430 2732 legendo
2451 2701 2466 2724 ,
2498 2659 2580 2715 vel
2602 2659 2873 2714 audiendo
2901 2658 3201 2715 obtinneris
3224 2697 3240 2722 ,
3266 2664 3369 2711 tua:
3402 2654 3669 2727 partionis

2091 2751 2360 2807 efﬁcietur
2380 2751 2570 2805 civitas
2600 2750 2926 2804 litterarum.
2957 2746 3026 2801 Et
3053 2747 3168 2801 haec
3190 2745 3407 2815 quidem
3432 2758 3533 2800 nos
3560 2757 3658 2813 pro
3721 2772 3724 2775 λ

2092 2843 2458 2915 possibilitate
2488 2857 2679 2897 sensus
2708 2843 2915 2905 nostri,
2942 2838 3028 2894 vel
3060 2839 3226 2895 etiam
3256 2851 3355 2908 pro
3380 2836 3543 2893 vestri
3575 2850 3669 2891 au-

2093 2938 2242 2993 ditus
2268 2934 2567 3003 capacitate
2587 2933 2939 2988 discessimus
2965 2947 2981 2987 :
3004 2944 3218 2984 summa
3242 2942 3372 2984 vero
3399 2928 3665 2994 scientiae,

2091 3034 2145 3080 et
2186 3023 2504 3096 profundior
2543 3039 2609 3079 ac
2643 3022 2880 3079 lucidior
2911 3021 3108 3075 horum
3140 3018 3496 3089 intelligentia
3525 3018 3669 3089 apud

416 3118 488 3172 ad
514 3114 667 3174 Iudse
692 3127 893 3174 terram
925 3121 1231 3190 pervenire,
1265 3130 1320 3177 et
1345 3122 1411 3176 ad
1441 3119 1642 3175 fontem
1674 3120 1806 3174 solis
1831 3132 1989 3172 acce-
2017 3105 2058 3163 C
2092 3118 2214 3173 illos
2244 3117 2382 3181 erit,
2420 3114 2513 3185 qui
2546 3130 2728 3170 veram
2762 3113 3132 3168 haereditatem
3181 3110 3293 3165 veri
3326 3118 3382 3164 et
3404 3110 3667 3182 unigeniti

417 3209 566 3263 dere.
595 3208 729 3276 Quis
750 3218 926 3266 autem
951 3225 1034 3267 est
1056 3211 1179 3268 fons
1203 3211 1357 3279 solis,
1381 3212 1465 3266 vel
1487 3212 1640 3281 cujus
1662 3209 1829 3265 solis?
1848 3209 1990 3265 illius

415 3296 539 3352 sine
580 3298 744 3353 dubio
766 3339 783 3365 ,
816 3301 883 3355 de
909 3315 1020 3370 quo
1049 3301 1311 3368 scriptum
1349 3310 1435 3355 est
1466 3299 1512 3331 ⁸⁸
1541 3317 1555 3352 :
1596 3318 1615 3350 ‹
1653 3297 1991 3352 Timentibus

416 3399 601 3442 autem
654 3404 847 3444 nomen
889 3406 1063 3445 meum
1111 3391 1318 3445 orietur
1355 3389 1438 3446 sol
1472 3388 1718 3458 justitiaa.
1770 3407 1789 3440 ι
1827 3386 1995 3456 Hujus

415 3493 550 3547 ergo
590 3478 752 3545 solis,
793 3480 839 3535 si
882 3482 1031 3550 prius
1074 3483 1316 3538 evaseris
1349 3496 1501 3538 mare
1535 3482 1754 3548 salsum,
1788 3479 1993 3535 fontem

416 3570 665 3626 invenies
697 3570 749 3626 in
786 3580 932 3627 terra
963 3571 1134 3629 Iudae.
1178 3573 1347 3641 Quem
1384 3572 1628 3631 fontem?
1674 3572 1824 3628 illum
1871 3586 1997 3641 pro-

406 3818 529 3884 Ἐκ
562 3829 682 3906 τῷν
719 3832 1048 3906 Ὦρέγένους
1094 3837 1182 3900 εἰς
1225 3834 1332 3889 τὸν
1371 3837 1602 3905 Ἰησοῦν
1646 3837 1754 3892 τὸν
1796 3838 1987 3906 Ναυῆ.

490 3932 559 3982 ἶ
597 3903 738 3982 Ἀπὸ
761 3901 870 3972 τῆς
971 3908 1207 3975 ὁμιλίας
1236 3906 1354 3961 τῶν
1379 3901 1465 3974 εὶξ⁵
1484 3910 1591 3962 τὸν
1620 3909 1856 3979 Ἰησοῦν
1886 3901 1992 3962 τὸῗν

489 3974 683 4041 Ναυῆ,
715 3991 847 4045 κεεο.
881 3974 967 4030 ιε’.

498 4062 567 4116 Ἦ
601 4064 699 4134 μὲν
724 4064 869 4136 ἄκρα
911 4064 1144 4136 ὠφέλεια
1180 4068 1288 4123 ἀπὸ
1317 4067 1426 4123 τῶν
1465 4070 1719 4124 τοιούτων
1749 4071 1994 4138 ἀναγνω-

421 4153 642 4226 σμάτων
672 4155 782 4227 (46)
834 4156 914 4229 τῷ
936 4158 1217 4231 δυναμένῳ
1239 4158 1426 4230 νοῆσαι
1457 4161 1555 4232 τὴν
1587 4161 1762 4232 ἀληθῆ
1795 4160 1894 4232 κλη
1905 4178 1991 4233 po-

418 4244 602 4301 δοσίαν
647 4248 755 4302 ἀπὸ
799 4249 971 4320 Ἰησοῦ
1020 4251 1383 4324 μεριζομένην
1432 4256 1544 4316 τοῖς
1592 4256 1726 4318 υἱοῖς
1784 4254 1997 4326 Ἰσραὴλ

420 4338 652 4408 γίνεται,
677 4343 770 4394 καὶ
803 4341 880 4412 τῷ
912 4343 1009 4414 οἴῳ
1049 4361 1107 4398 τε
1145 4346 1421 4417 γενομένῳ
1454 4345 1718 4416 ἀναϐῆναι
1764 4347 1856 4400 ἐπὶ
1897 4345 1995 4418 τὴν

423 4429 525 4500 γῆν
547 4430 644 4500 τὴν
678 4431 858 4499 ἁγίαν,
887 4432 986 4504 τὴν
1011 4433 1291 4507 ἀληθινὴν,
1320 4436 1420 4508 τὴν
1448 4436 1616 4499 ὅντως
1640 4436 1873 4508 ἀγαθὴν.
1903 4438 1996 4492 καὶ

424 4523 728 4594 ἐφαρμόσαι
776 4528 839 4580 ἐκ
867 4528 964 4597 τῆς
993 4527 1284 4599 ὀνομασίας
1322 4528 1430 4583 τῶν
1451 4529 1752 4603 εἰρημένων
1781 4533 1847 4602 τῇ
1877 4530 1995 4584 δια-

425 4617 566 4687 φορᾷ
594 4616 703 4672 τῶν
727 4616 1200 4691 κληρονομούντων
1242 4619 1308 4674 τὰ
1352 4620 1494 4675 κατὰ
1535 4622 1659 4686 τοὺς
1687 4622 1885 4685 τόπους
1914 4621 2005 4674 λεί

495 4732 544 4803 "_
566 4732 697 4795 Luc,
728 4734 906 4801 x,19.
982 4735 1241 4792 “Ezech.
1289 4753 1351 4803 ιι,
1388 4743 1443 4794 6.
1518 4739 1561 4770 ⁸⁵
1589 4737 1702 4791 Ios.
1735 4754 1822 4803 xv,
1865 4738 1915 4790 1.

428 4801 472 4835 ⁶⁹
516 4801 676 4858 Osee.
712 4820 770 4868 x,
805 4806 896 4862 η.

497 4900 612 4982 (40)
658 4901 908 4982 Acrabin,
955 4904 1093 4974 quod
1136 4904 1513 4976 interpretatur
1548 4905 1865 4973 scorpiones.
1911 4902 1993 4956 Ab

424 4977 582 5059 ΞἾΡΏ
614 4977 837 5040 scorpio.

503 5064 612 5134 (41)
640 5063 808 5119 Cades
849 5066 1221 5135 interpretatur
1243 5077 1483 5121 sanctum
1518 5067 1595 5120 vel
1622 5065 1993 5135 sanctiﬁcatio.

429 5135 476 5189 Δ
501 5144 627 5213 περ
653 5143 891 5189 sanctum
916 5152 1046 5193 esse.

501 5224 612 5297 (42)
650 5224 781 5297 Mss.
838 5237 1200 5284 contueamur.
1232 5229 1386 5284 Libb.
1420 5229 1548 5283 editi
1583 5248 1597 5283 :
1629 5237 1993 5285 contueantur.

498 5295 612 5369 (45)
647 5296 886 5369 [iterque
918 5299 1262 5354 Ebroiceusis
1293 5316 1307 5352 :
1341 5300 1553 5369 eﬂ'ectus
1584 5299 1840 5367 (arti/teat.

525 5367 613 5424 44)
651 5365 810 5422 Unus
837 5369 1050 5424 Eliroic.
1084 5371 1368 5423 meditaris.

525 5368 592 5420 44
651 5368 801 5422 Unus
837 5369 1050 5424 Eliroic.
1084 5371 1368 5423 meditaris.

456 5500 470 5516 .
503 5368 616 5561 issi
662 5434 731 5515 In
779 5455 881 5509 quo
924 5440 996 5491 ait
1040 5455 1059 5492 :
1087 5440 1412 5496 Scrutamini
1441 5437 1762 5508 Scripturas.
1798 5437 1920 5493 Hac
1945 5438 1998 5491 in

456 5499 514 5561 Ib
555 5547 569 5561 .
603 5508 764 5561 editis
797 5510 996 5561 uitiissa
1024 5510 1235 5561 suuulet
1268 5526 1404 5561 unus
1433 5511 1599 5561 codex
1632 5508 1996 5561 Ebroiceusis.

436 5499 569 5566 libb.
599 5499 764 5562 editis
791 5499 996 5562 'onussa
1024 5510 1235 5578 supplet
1268 5526 1404 5563 unus
1433 5499 1599 5564 codex
1632 5508 1996 5564 Ebroiceusis.

508 5597 620 5669 (46)
672 5597 804 5653 Ἀπὸ
865 5598 984 5652 τῶν
1040 5601 1320 5654 τοιούτων
1368 5598 1867 5669 ἀναγνωσμάτων,
1930 5599 1998 5661 Et

441 5680 566 5724 mox
610 5690 624 5728 :
666 5669 970 5742 Βουλόμεθα
1004 5670 1493 5740 παραμυθήσασθαι
1539 5670 1664 5734 τοὺς
1705 5669 1999 5731 ἀκούοντας

2097 3205 2217 3261 Filii
2254 3206 2373 3269 Dei,
2395 3220 2515 3275 qum
2541 3205 2872 3274 repromissa
2899 3211 2982 3257 est
3010 3202 3078 3256 iis
3096 3240 3112 3266 ,
3137 3199 3232 3269 qui
3267 3214 3391 3255 eum
3425 3200 3669 3269 perfecte

2093 3299 2384 3354 dilexerint
2410 3338 2424 3363 ,
2480 3297 2741 3366 consequi
2794 3295 3146 3351 merebuntur
3189 3293 3244 3348 in
3285 3292 3505 3348 Christo
3539 3289 3669 3348 Iesu

2101 3388 2331 3445 Domino
2370 3400 2580 3454 nostro,
2610 3388 2693 3443 cui
2735 3396 2820 3442 est
2854 3385 3026 3458 gloria
3054 3392 3110 3440 et
3141 3383 3427 3454 imperium
3464 3384 3519 3439 in
3559 3398 3667 3439 sa:-

2103 3480 2223 3534 cula
2254 3479 2595 3535 saeculorum.
2629 3479 2821 3533 Amen.

2097 3837 2259 3911 M2
2279 3836 2361 3911 Ea;
2381 3835 3093 3911 Origenisconnnentariisin
3107 3834 3289 3889 letum
3313 3832 3479 3911 Nape.
3498 3860 3568 3872 —
3583 3830 3669 3887 Es

2328 3902 2544 3962 honutia
2570 3907 2640 3961 20
2672 3908 2725 3961 in
2753 3905 2938 3960 Iesum
2974 3905 3154 3973 Nave,
3184 3921 3303 3971 cap.
3347 3902 3436 3958 15.

2173 4062 2395 4118 Summa
2423 4061 2627 4116 utilitas
2651 4062 2720 4115 ab
2741 4060 3006 4131 ejusmodi
3038 4059 3268 4116 lectione
3294 4059 3361 4114 ad
3383 4074 3505 4115 eum
3533 4073 3659 4129 per-

2102 4155 2283 4219 venit,
2309 4155 2399 4224 qui
2430 4168 2610 4209 veram
2639 4163 2795 4208 terrm
2824 4152 3256 4208 distributionem
3292 4166 3322 4207 a
3356 4150 3483 4207 Iesu
3514 4149 3665 4206 Nave

2105 4244 2307 4301 factam
2330 4245 2458 4300 ﬁliis
2494 4243 2660 4300 Israel
2692 4243 2988 4312 intelligere
3011 4252 3224 4314 potest,
3249 4252 3304 4298 et
3325 4242 3393 4297 ad
3418 4256 3546 4296 eum
3571 4244 3669 4312 qui

2028 4327 2071 4381 Ι)
2102 4340 2275 4411 potuit
2317 4339 2611 4394 ascendere
2662 4338 2716 4391 in
2772 4349 2971 4391 terram
3017 4344 3296 4399 sanctam,
3342 4349 3566 4398 veram,
3610 4343 3668 4389 et

2103 4449 2231 4489 vere
2251 4434 2466 4499 bonam,
2489 4441 2544 4486 et
2564 4447 2628 4485 ex
2649 4431 3012 4499 appellatione
3036 4445 3222 4485 eorum
3247 4443 3366 4499 qute
3390 4428 3666 4489 dicuntur,

2102 4525 2332 4580 diversis
2371 4523 2751 4589 sortientibus,
2790 4536 2909 4591 quae
2942 4522 3009 4576 de
3045 4520 3270 4591 singulis
3303 4519 3436 4575 locis
3466 4533 3669 4574 memo-

2069 4621 2078 4628 ’
2119 4628 2329 4681 rantur,
2360 4616 2787 4672 accommodare.
2815 4614 2920 4670 Sed
2952 4615 3203 4683 quoniam
3230 4613 3449 4668 difﬁcile
3473 4623 3558 4667 est
3587 4614 3669 4665 iu--

1992 4736 2037 4769 ⁸⁸
2083 4735 2313 4790 Malach.
2344 4749 2414 4796 Iv,
2442 4732 2497 4786 2.
2569 4728 2789 4784 ⁶⁷1οοη.
2818 4744 2895 4796 iv,
2937 4729 3025 4794 15,
3062 4728 3152 4783 14.
3228 4727 3273 4759 ⁸⁸
3311 4726 3421 4783 Ios.
3461 4742 3554 4792 ιν,
3579 4726 3664 4782 10.

2103 4893 2461 4972 μὴᾼξκκαδςεῖν
2507 4897 2600 4972 εξπὶ
2623 4898 2760 4972 -ταῖς
2788 4894 3139 4972 ἀναγνώσεσξ..
3176 4894 3271 4972 Τίς
3298 4889 3390 4949 οὖν
3406 4896 3453 4972 ,ἡ
3493 4909 3667 4972 παρα-

2074 4994 2077 4999 ·
2104 4963 2271 5041 poma
2296 4968 2432 5038 ὑπὲρ
2453 4966 2554 5041 τοῦ.
2578 4967 2651 5038 μὴ
2671 4963 2928 5041 ὲδςκακοῖν
2973 4966 3063 5041 ':_hv
3086 4963 3473 5041 ἀκούοντα-τῶν
3490 4963 3666 5041 rotati-

2101 5034 2208 5094 ιὶων
2234 5034 2690 5108 ἀναγνῶσμάέων,
2725 5038 2960 5091 λεκτέον.
2984 5037 3050 5090 ΕΙ.
3074 5051 3215 5106 saepe
3245 5036 3493 5108 lectionis
3517 5034 3666 5108 Scri-

2104 5121 2279 5179 pturas
2331 5106 2659 5162 mentionem
2711 5109 2840 5179 facit
2882 5109 2984 5179 hoc
3027 5108 3201 5176 capite
3243 5124 3259 5161 :
3304 5106 3497 5179 priscae
3522 5106 3665 5158 enim

2105 5177 2359 5235 Ecclesiae
2396 5193 2457 5232 ea
2501 5178 2832 5233 consuetudo
2889 5178 3021 5242 fuit,
3067 5190 3125 5231 ut
3167 5177 3362 5247 populo
3396 5177 3463 5230 ad
3512 5189 3665 5230 sacra

2101 5259 2288 5305 coacto
2317 5258 2495 5317 partes
2520 5252 2778 5317 quasdam
2816 5247 3109 5317 Scriptura:
3137 5247 3375 5316 praelegi,
3406 5255 3459 5301 et
3488 5261 3525 5299 a
3543 5260 3661 5299 con-

2102 5321 2380 5375 cionatore
2421 5321 2614 5386 exponi
2662 5329 2875 5373 curaret
2924 5319 3231 5387 episcopus.
3285 5317 3658 5387 Hunnus,—

2109 5388 2239 5444 Vide
2269 5385 2674 5458 insuper’notas
2700 5391 2765 5442 ad
2791 5385 3046 5458 Origeiiis
3071 5387 3346 5451 liomiliam
3371 5387 3436 5440 de
3467 5385 3641 5458 Pytho

2103 5462 2246 5515 nissa
2288 5459 2305 5511 Ι
2341 5455 2472 5525 Reg.
2524 5474 2716 5513 xxvm.
2754 5459 2873 5513 Mox
2893 5455 3210 5511 'Pltilocalia
3245 5472 3346 5510 ms.
3385 5455 3660 5525 recteglia-

2100 5530 2189 5610 bet
2213 5529 2293 5600 τῷ
2315 5522 2597 5599 δυναμένῳ
2620 5529 2825 5599 νοῆσαι.
2859 5528 3009 5583 Libri
3038 5526 3164 5582 editi
3187 5567 3203 5595 ,
3226 5526 3334 5581 τῶν
3359 5522 3659 5595 δυναμένωκ

2097 5615 2307 5670 veneat.
