4050 6148
332 254 434 315 9'3!
1364 255 1433 310 ΙΝ
1470 254 1731 312 LIBRUM
1767 252 1929 313 JESU
1970 252 2160 311 NAVE
2199 253 2482 312 HOMlLlA
2523 252 2639 310 XX.
3492 250 3600 309 922

337 369 716 444 ὀξυδερκικὴν,
762 372 861 426 καὶ
899 374 1137 446 οὐδήπου
1189 374 1247 428 ἑν
1289 374 1370 446 τῷ
1424 375 1626 431 ἐσθίειν
1672 374 1917 429 αἰσθανό-

2027 376 2139 429 vari
2167 375 2381 432 oculum
2411 375 2706 440 sentimus;
2742 372 2836 428 sed
2858 374 3094 430 secunda
3120 370 3206 428 vel
3235 370 3395 428 tertia
3427 369 3600 427 inter-

336 464 478 540 μεθα
494 463 605 537 (50)
631 465 712 518 ὅτι
741 463 1099 537 ὠφελούμεθα
1123 466 1212 521 τὸν
1239 466 1536 539 ὀφθαλμὸν,
1559 467 1673 521 ἀλλ’
1699 467 1912 538 ἡμέρας

2019 467 2158 535 jecta
2195 468 2284 523 die
2316 469 2626 524 distributio
2654 467 2757 523 cibi
2790 465 2882 536 qui
2918 465 3134 521 oculum
3156 465 3335 535 juvat,
3369 464 3504 520 facit
3539 473 3600 520 ut

335 556 726 628 διαγενομένης
769 557 1029 629 δευτέρας
1062 559 1157 612 καὶ
1197 560 1408 629 τρίτης,
1449 563 1483 632 ή
1530 559 1778 624 ἀνάδοσις
1820 559 1921 628 τῆς

336 650 544 722 τροφῆς
573 650 672 721 τῆς
703 649 1018 721 ὠφελούσης
1058 651 1151 705 τὸν
1182 652 1458 724 ὀφθαλμὸν
1498 656 1643 707 ποιεῖ
1673 653 1821 724 ἡμᾶς
1853 653 1918 723 τῇ

337 740 506 812 πείρᾳ
534 740 821 795 πιστεῦσαι
844 742 925 795 ὅτι
949 742 1039 797 τὸν
1060 743 1333 816 ὀφθαλμὸν
1352 744 1728 816 ὠφελούμεθα.
1761 744 1922 797 Ἀλλὰ

336 834 431 888 καὶ
456 834 545 887 ἐπ’
569 833 744 889 ἄλλων
770 833 988 907 τροφῶν
1016 835 1339 903 ὠφελουσῶν
1367 854 1489 890 τινα
1525 836 1658 908 μέλη
1687 835 1780 891 τοῦ
1816 832 1921 887 σώ-

342 943 511 999 ματος
546 926 662 981 ἐστι
693 928 851 982 τοῦτο
882 927 1028 983 ἰδεῖν·
1057 927 1201 983 οὕτω
1221 930 1403 984 τοίνυν
1430 929 1650 983 πίστευε
1675 929 1770 983 καὶ
1792 927 1922 999 περὶ

337 1023 438 1093 τῆς
464 1022 617 1086 Θείας
647 1022 889 1095 Γραφῆς,
932 1023 1016 1077 ὅτι
1062 1022 1351 1093 ὠφελεῖται
1408 1040 1501 1076 σου
1541 1025 1576 1094 ή
1611 1021 1779 1093 ψυχὴ,
1821 1019 1923 1074 κᾶν

345 1116 420 1187 μὴ
462 1115 494 1167 ὁ
538 1113 664 1179 νοῦς
707 1115 801 1169 τὸν
852 1115 1062 1187 καρπὸν
1103 1115 1357 1190 λαμϐάνῃ
1402 1116 1503 1185 τῆς
1533 1114 1797 1184 ὠφελείας
1826 1113 1926 1183 τῆς

2023 562 2230 630 experti
2257 562 2565 628 credamus,
2595 560 2755 617 oculo
2788 575 2886 615 nos
2916 575 3039 617 esse
3072 561 3277 616 levatos
3303 577 3316 614 :
3344 561 3437 615 sed
3465 567 3521 613 et
3544 558 3600 612 in

2024 652 2247 722 reliquis
2282 654 2438 720 cibis,
2477 653 2808 723 quibusdam
2860 654 3106 723 partibus
3150 653 3400 721 corporis
3448 651 3601 707 utili-

2023 743 2147 811 bus,
2188 745 2241 799 id
2275 729 2653 801 intueri‘licet.
2698 747 2790 801 Sic
2836 747 3001 816 igitur
3025 753 3080 800 et
3117 745 3184 801 de
3234 744 3417 800 divina
3454 744 3604 800 Scri-

2026 848 2184 906 ptura
2222 847 2428 891 certum
2469 839 2633 903 habe,
2664 838 2842 907 iuvari
2873 839 3139 906 animum,
3171 839 3275 893 etsi
3302 852 3457 892 mens
3485 837 3605 891 fru-

2028 937 2174 982 ctum
2209 943 2316 983 non
2342 929 2608 999 percipiat
2636 930 2777 999 ejus,
2804 944 2926 1000 quae
2956 946 2985 984 a
3021 931 3219 986 litteris
3247 945 3278 986 e
3314 933 3455 985 nuda
3487 929 3602 985 sola

2029 1016 2265 1074 lectione
2313 1019 2551 1090 proﬂuit,
2585 1022 2883 1077 utilitatis:
2911 1022 3266 1078 incantantur
3301 1023 3447 1077 enim
3482 1034 3604 1091 quae

2032 1113 2086 1166 in
2123 1113 2279 1167 nobis
2325 1125 2470 1178 sunt,
2503 1115 2722 1170 aluntur
2752 1115 3000 1183 meliora,
3031 1114 3216 1184 pejora
3248 1114 3401 1167 irrita
3438 1113 3591 1167 fiunt.

342 1208 454 1262 ἀπὸ
494 1208 600 1264 τῶν
638 1209 1005 1280 γραμμάτων,
1043 1212 1109 1264 ὲκ
1151 1210 1326 1282 μόνηςδ
1366 1208 1531 1280 ψιλῆς
1569 1209 1667 1279 τῆς
1699 1203 2080 1276 ἀναγνώσεως.
2133 1205 2215 1260 Τὰ
2259 1205 2369 1279 γὰρ
2428 1209 2487 1263 ὲν
2529 1209 2661 1280 ἡμῖν
2695 1208 2978 1280 ἐπᾴδεται,
3011 1206 3109 1262 καὶ
3161 1206 3232 1261 τὰ
3279 1205 3379 1278 μὲν
3417 1203 3605 1277 κρείτο

340 1319 472 1364 rava
494 1308 772 1382 τρέφεται,
796 1307 950 1401 esse
973 1306 1190 1379 χείρονα
1222 1307 1597 1376 καταργεῖται.

772 1597 1001 1654 EADEM
1045 1596 1330 1654 HOMlLlA
1367 1597 1487 1654 XX.

829 1708 1171 1750 INTERPRETE
1209 1710 1424 1751 RUFINO.

342 1787 420 1843 De
466 1786 775 1857 diﬁicultate
826 1786 1207 1857 intelligentiae,
1244 1796 1296 1840 et
1336 1787 1401 1841 de
1457 1784 1617 1857 Calegb
1660 1787 1919 1857 quomodo

579 1857 779 1927 accepit
818 1856 1078 1922 Chebron,
1117 1870 1166 1911 et
1201 1858 1266 1911 de
1290 1857 1509 1927 ﬁliabus
1541 1856 1678 1927 ejus.

416 1974 469 2028 l.
505 1972 564 2028 Si
607 1973 806 2043 quibus
842 1972 1098 2042 possibile
1129 1981 1212 2029 est
1253 1973 1554 2030 ascendere
1604 1972 1670 2029 ad
1718 1980 1918 2029 terram

341 2077 610 2131 sanctam,
641 2076 698 2122 et
740 2065 936 2121 bonam
973 2074 1175 2119 terram
1204 2065 1521 2132 viventium,
1549 2065 1604 2120 iu
1635 2081 1739 2136 qua
1773 2080 1922 2121 mors

341 2172 449 2212 non
479 2166 582 2224 est,
601 2157 646 2213 si
673 2158 797 2228 quis
824 2172 919 2226 per
940 2157 1192 2226 spiritum
1221 2157 1420 2213 meruit
1450 2157 1518 2212 ad
1548 2157 1665 2212 brec
1686 2157 1920 2212 videnda

342 2247 729 2313 conscendere,
794 2249 885 2303 ille
943 2257 1123 2319 potest
1178 2248 1360 2302 verius
1408 2262 1567 2303 nosse
1633 2247 1922 2302 haeredita-

322 2336 455 2395 ‘tum
482 2337 622 2410 (5i),
655 2347 713 2393 et
744 2336 987 2395 locorum
1025 2347 1081 2393 et
1115 2338 1541 2409 appellationum
1580 2353 1703 2409 quae
1749 2339 1802 2392 in
1834 2339 1921 2396 his

344 2433 477 2489 locis
506 2434 726 2501 scriptae
752 2441 902 2499 sunt,
932 2431 1292 2489 dill‘erentias.
1323 2433 1523 2488 Verum
1552 2432 1680 2503 quia
1704 2431 1921 2488 difﬁcile

342 2537 430 2581 est
464 2526 537 2580 ita
568 2526 861 2590 eruditam,
895 2524 978 2578 vel
1016 2524 1189 2595 gratia
1220 2524 1446 2595 spiritus
1478 2526 1738 2595 repletam
1768 2526 1921 2581 inve-

343 2620 461 2675 nire
492 2619 756 2681 animam,
787 2617 1108 2673 conabimur
1135 2631 1234 2672 nos
1258 2616 1652 2673 consolationis
1675 2634 1921 2674 commu-

343 2710 428 2764 nis
451 2724 640 2770 causa,
663 2723 730 2763 ne
750 2706 896 2765 forte
915 2708 1075 2763 taedio
1093 2707 1359 2763 elﬁciatur
1380 2708 1718 2764 auditoribus
1736 2725 1918 2768 sermo

344 2802 561 2857 divinus
592 2811 646 2855 et
690 2801 871 2868 lectio,
920 2803 967 2857 si
1017 2802 1154 2857 nihil
1195 2802 1599 2872 explanationis
1646 2805 1915 2874 accipiat,

343 2897 630 2952 orantibus
676 2897 851 2961 vobis,
904 2908 960 2953 et
1012 2897 1240 2955 Domino
1272 2900 1506 2955 donante
1542 2902 1658 2955 haec
1698 2903 1916 2955 interim

344 2989 411 3043 de
442 2987 819 3058 hujuscemodi
851 2989 1176 3046 lectionibus
1205 2991 1596 3063 perstringere,
1629 3008 1750 3063 quae
1782 2994 1916 3050 aedi-

342 3078 510 3136 Icare
546 3082 758 3151 possint
789 3082 1004 3137 animas
1032 3091 1265 3138 nostras.
1300 3083 1359 3138 Si
1409 3100 1516 3154 qua
1544 3095 1727 3141 autem
1765 3096 1916 3154 sunt,

341 3190 464 3244 quae
491 3176 573 3230 vel
602 3190 704 3231 nos
744 3177 812 3230 ad
847 3191 1087 3245 praesens
1116 3178 1323 3232 sentire
1353 3193 1458 3233 non
1489 3193 1801 3248 possumus,
1831 3182 1919 3237 vel

339 3283 438 3324 vos
471 3269 711 3324 nondum
750 3270 976 3338 potestis
1001 3271 1211 3337 audire,
1237 3284 1300 3325 ex
1337 3270 1421 3326 his
1456 3280 1633 3327 tamen
1664 3288 1783 3343 quae
1809 3275 1919 3331 dis-

338 3361 572 3417 serimus
614 3361 979 3417 corrcctiores
1025 3370 1189 3431 atque
1237 3362 1640 3422 emendatiores
1687 3368 1913 3433 redditi,

340 3452 502 3505 etiam
530 3452 621 3507 illa
649 3468 769 3523 quae
799 3469 944 3508 nunc
969 3467 1167 3523 capere
1194 3467 1299 3507 non
1326 3467 1635 3522 possumus,
1664 3457 1918 3515 meliores

339 3544 518 3600 el'l‘ecti
563 3547 1057 3616 comprehensuros
1104 3562 1202 3603 nos
1243 3564 1470 3621 sperare
1518 3551 1802 3606 debemus.
1849 3553 1919 3608 Et

336 3638 558 3710 quidem
585 3638 853 3709 optimum
881 3639 986 3694 erit
1011 3644 1124 3696 haec
1152 3642 1390 3712 assequi,
1420 3642 1545 3696 dum
1578 3644 1631 3697 in
1669 3643 1773 3700 hac
1805 3646 1916 3701 vita

340 3745 553 3796 sumus,
583 3732 670 3786 ubi
700 3732 902 3787 laboris
925 3733 1206 3801 praemium
1224 3733 1431 3802 justum
1455 3745 1541 3790 est
1565 3754 1580 3790 :
1602 3737 1686 3792 sin
1714 3738 1914 3805 minus,

340 3834 464 3893 post
498 3824 706 3879 obitum
741 3822 976 3880 fortasse
1007 3824 1353 3882 innotescent
1384 3827 1451 3882 iis
1482 3827 1577 3897 qui
1621 3831 1916 3885 merebun-

341 3926 450 3973 tur.
483 3917 872 3973 Verumtamen
900 3919 1068 3973 etiam
1101 3917 1228 3972 illud
1267 3918 1555 3985 admoneo,
1590 3935 1696 3975 non
1724 3937 1914 3991 parum

338 4022 405 4062 ex
439 4008 543 4061 hoc
577 4007 694 4076 ipso
728 4007 979 4062 utilitatis
1017 4007 1217 4063 animat
1262 4009 1523 4073 conferri,
1561 4012 1707 4081 quod
1754 4028 1917 4070 aures

338 4109 554 4153 nostras
576 4098 702 4154 licet
720 4097 1127 4172 Mobscura
1150 4102 1583 4176 videantur(52),
1607 4116 1914 4175 penetrant.

339 4187 397 4245 Si
443 4189 590 4244 enim
634 4192 904 4246 creditum
953 4199 1038 4245 est
1083 4205 1116 4246 a
1157 4193 1433 4262 gentibus,
1477 4195 1619 4262 quod
1665 4199 1914 4267 quaedam

1946 1605 2296 1668 leuporem
2358 1594 2650 1668 quemdam
2709 1610 2904 1653 sensus
2955 1593 3222 1667 inﬂigere,
3274 1593 3363 1649 ubi
3419 1604 3601 1649 tamen

2021 1690 2224 1747 Christi
2272 1705 2379 1745 non
2436 1689 2696 1745 restiterit
2732 1689 3147 1760 lides:quanto
3207 1689 3380 1755 magis
3434 1687 3603 1741 totius

2021 1782 2489 1854 prmcantationis,
2520 1790 2575 1837 et
2614 1783 2880 1837 carminis
2910 1782 3230 1837 validiorem
3256 1790 3309 1834 et
3336 1778 3604 1848 petentia-

2024 1892 2137 1932 rem
2185 1875 2488 1931 ducendam
2536 1875 2810 1931 credimus
2846 1888 3227 1947 quamcunque
3262 1872 3408 1926 illam
3451 1870 3600 1926 Scri-

2023 1980 2190 2038 ptura:
2207 1978 2429 2033 sanctae,
2448 1966 2530 2021 vel
2548 1982 2884 2030 sermonum,
2904 1967 2983 2021 vel
2998 1967 3275 2022 nominum
3288 1962 3400 2035 (56)
3419 1964 3602 2034 appel-

2021 2058 2308 2115 lationem?
2337 2059 2491 2114 Sicut
2514 2060 2660 2113 enim
2704 2058 2847 2126 apud
2887 2056 3131 2111 inﬁdeles
3165 2057 3457 2110 contraria:
3494 2055 3602 2107 vir—

2024 2158 2163 2206 tutes
2184 2150 2464 2205 audientes
2485 2150 2574 2203 illa
2589 2148 2772 2203 velilla
2798 2147 3014 2201 uomiua
3031 2147 3144 2218 (57)
3166 2145 3218 2199 in
3242 2162 3302 2199 ra
3314 2145 3599 2208 rmiuibus,

2021 2243 2106 2298 vel
2137 2243 2681 2312 praecantationibus,
2727 2242 2929 2296 adsnut
2964 2252 3019 2296 et
3064 2242 3329 2297 exhibent
3373 2240 3603 2294 famula-

2022 2342 2154 2402 tum,
2186 2345 2240 2389 et
2270 2336 2399 2390 dant
2431 2350 2652 2404 operam
2692 2336 2745 2389 in
2780 2335 2905 2398 hoc,
2953 2333 3020 2387 ad
3068 2333 3213 2403 quod
3271 2332 3510 2387 invocari
3541 2347 3601 2385 se

2020 2442 2089 2482 ex
2127 2429 2216 2482 illo
2242 2427 2327 2482 vel
2351 2442 2416 2481 ex
2449 2427 2539 2481 illo
2568 2427 2786 2481 nomine
2811 2429 3106 2490 senserint,
3149 2423 3309 2481 olileii
3344 2424 3427 2479 sui
3483 2438 3598 2476 rem

2020 2521 2420 2592 quodammodo
2458 2536 2526 2575 ac
2558 2519 2847 2575 ministerii
2889 2519 2972 2574 cui
3022 2519 3348 2589 semetipsos
3396 2517 3603 2573 manci-

2020 2615 2268 2686 paveriut
2319 2615 2824 2685 depemlenleszeo
2874 2612 3045 2682 magis
3104 2614 3291 2682 utique
3345 2610 3597 2667 caelestes

2020 2708 2251 2762 virtutes
2276 2717 2333 2761 et
2363 2705 2538 2776 angeli
2580 2706 2697 2769 Dei,
2737 2704 2828 2774 qui
2865 2704 3147 2757 uobiscum
3178 2714 3326 2768 sunt,
3368 2704 3511 2757 sicut
3544 2712 3601 2758 et

2020 2802 2281 2856 Dominus
2315 2799 2382 2855 de
2434 2798 2672 2869 parvulis
2709 2797 2970 2853 Ecclesiae
3016 2797 3231 2863 dicit",
3262 2797 3385 2867 quia
3422 2795 3600 2863 angeli

2023 2909 2211 2950 eorum
2246 2905 2461 2961 semper
2500 2893 2764 2947 assistunt
2813 2892 2866 2946 in
2910 2900 3208 2959 conspectu
3245 2889 3481 2955 Domini,
3514 2890 3601 2942 vi-

2022 2987 2212 3044 dentes
2249 2984 2445 3041 faciem
2479 2984 2616 3054 ejus,
2649 2983 2889 3038 libenter
2932 2993 2987 3037 et
3031 2991 3185 3052 grate
3221 2983 3516 3050 accipiunt,
3554 2982 3599 3036 si

2019 3090 2239 3146 semper
2271 3075 2437 3130 verba
2489 3073 2805 3143 Scripturae,
2836 3080 2891 3125 et
2933 3073 3127 3126 borum
3181 3073 3463 3126 nominum
3499 3088 3600 3143 ap-

2018 3180 2338 3249 pellationes
2366 3177 2511 3232 velut
2537 3176 2774 3231 carmina
2794 3173 3039 3241 quaedam
3064 3184 3119 3228 et
3143 3173 3601 3242 praecantationes

2018 3288 2085 3328 ex
2112 3282 2303 3328 nostro
2331 3284 2426 3324 ore
2448 3282 2784 3340 promamus.
2819 3268 2957 3334 Quia
2992 3266 3091 3321 etsi
3128 3280 3227 3320 nos
3261 3280 3364 3318 non
3400 3263 3600 3318 intelli-

2019 3365 2197 3435 gimus
2221 3376 2342 3431 quae
2368 3361 2436 3415 de
2470 3372 2565 3413 ore
2612 3354 2958 3425 proferimus,
2996 3355 3098 3409 illae
3152 3365 3333 3409 tamen
3375 3353 3604 3407 virtutes

2018 3470 2140 3524 qua:
2170 3454 2327 3509 nobis
2350 3453 2550 3507 adsunt
2569 3448 2898 3520 intelligunt,
2920 3459 2975 3504 et
3004 3448 3155 3503 velut
3186 3447 3430 3503 carmine
3463 3461 3601 3516 quo-

2017 3549 2143 3604 dam
2173 3547 2417 3602 invitataa
2451 3544 2644 3600 adesse
2674 3550 2848 3612 nobis,
2891 3554 2945 3599 et
2977 3542 3122 3599 ferre
3154 3542 3415 3596 auxilium
3450 3540 3600 3596 dele-

2019 3652 2256 3698 ctantur.
2311 3641 2448 3707 Quia
2493 3649 2672 3694 autem
2707 3646 2834 3692 sunt
2887 3652 2993 3692 non
3053 3635 3226 3691 solum
3289 3633 3440 3688 circa
3499 3647 3600 3686 nos

2017 3734 2203 3789 multa:
2234 3733 2433 3788 divinae
2467 3732 2722 3799 virtutes,
2751 3730 2844 3787 sed
2877 3729 3040 3784 etiam
3067 3727 3208 3781 intra
3241 3741 3360 3792 nos,
3391 3725 3602 3779 indicat

2017 3826 2287 3897 Propheta
2328 3839 2454 3880 cum
2500 3824 2631 3879 dicit
2680 3825 2736 3878 in
2774 3818 3066 3875 Psalmis"
3099 3836 3112 3872 :
3147 3816 3441 3881 «Benedic,
3472 3815 3598 3869 ani-

2016 3934 2105 3975 ma
2138 3933 2283 3984 mea,
2304 3916 2617 3980 Dominum,
2640 3922 2696 3970 et
2716 3913 2899 3969 omnia
2931 3910 3193 3966 interiora
3224 3923 3365 3974 mea,
3401 3922 3596 3962 nomen

2017 4020 2268 4069 sanctum
2297 4009 2436 4077 ejus.
2459 4027 2478 4060 ι
2516 4006 2631 4061 lloc
2662 4015 2748 4061 est
2782 4003 2967 4059 omnia
3007 4017 3128 4073 qua:
3157 4001 3298 4055 intra
3334 4015 3421 4055 me
3452 4009 3598 4054 sunt.

2016 4105 2241 4162 Constat
2267 4119 2397 4174 ergo
2427 4103 2631 4156 multas
2665 4115 2787 4154 esse
2817 4100 3051 4152 virtutes
3076 4098 3220 4151 intra
3250 4111 3372 4158 nos.
3401 4096 3600 4165 quibus

2015 4198 2103 4254 vel
2134 4197 2440 4251 animarum
2471 4203 2806 4259 nostrarum,
2849 4191 2934 4245 vel
2979 4205 3269 4261 corporum
3308 4204 3436 4243 cura
3472 4203 3598 4257 per—

336 4282 604 4351 carmina,
654 4297 792 4352 quas
842 4285 1301 4353 praecantationes
1353 4285 1660 4355 appellant,
1719 4289 1916 4358 quibus
1946 4307 1993 4362 ι)
2021 4290 2189 4345 missa
2216 4298 2323 4352 est,
2355 4300 2477 4357 quae
2525 4285 2714 4354 utique
2767 4288 2813 4339 si
2856 4293 3064 4340 sancta:
3100 4293 3250 4350 sunt,
3286 4297 3410 4337 cum
3450 4280 3602 4335 Scri-

336 4374 483 4429 istud
518 4375 657 4430 artis
686 4384 795 4440 eSt,
839 4374 1269 4439 insusurrantes,
1316 4377 1629 4434 nominibus
1650 4380 1764 4451 (55)
1788 4383 1913 4452 qui-

335 4463 565 4521 busdam
593 4464 932 4535 compellatis
970 4481 1093 4536 quae
1127 4482 1196 4522 ne
1235 4467 1310 4521 illi
1357 4468 1577 4538 quidem
1622 4472 1716 4541 qui
1752 4474 1912 4531 invo-

336 4564 486 4622 cant,
517 4566 740 4621 norunt,
780 4571 846 4610 ex
891 4556 1008 4611 solo
1042 4557 1192 4611 vocis
1237 4571 1374 4611 sono
1415 4559 1504 4612 vel
1549 4561 1769 4629 sopiunt
1795 4578 1917 4617 ser—

335 4660 552 4720 pentes,
589 4649 678 4705 vel
717 4650 884 4706 etiam
917 4651 984 4706 de
1027 4652 1281 4707 cavernis
1325 4653 1653 4724 protrahunt
1693 4657 1911 4712 abstru—

337 4744 411 4799 sis
436 4742 573 4815 (54).
605 4741 764 4814 Saepe
808 4754 988 4799 autem
1016 4753 1073 4800 et
1100 4744 1155 4799 in
1186 4747 1510 4814 corporibus
1545 4749 1800 4806 humanis
1828 4759 1914 4804 tu-

336 4852 540 4905 mores,
577 4836 662 4891 vel
700 4835 1091 4909 l'ervores(55),
1116 4849 1208 4893 aut
1236 4840 1342 4894 alia
1375 4841 1745 4911 hujuscemodi
1777 4860 1914 4902 voce

336 4931 454 4987 sola
505 4922 808 5001 reprimere
848 4930 1127 4997 dicuntur,
1170 4931 1444 4988 interdum
1500 4937 1667 4992 etiam
1713 4938 1913 4997 animae

403 5045 454 5080 "
479 5045 675 5101 Matth.
731 5060 892 5113 xvm,
942 5046 1027 5103 10.
1101 5044 1151 5081 ⁷⁸
1170 5047 1314 5104 Psal.
1339 5065 1457 5117 cm,
1487 5052 1542 5107 1.

403 5145 523 5229 (50)
551 5142 705 5229 Libri
736 5156 894 5229 an.th
933 5144 1090 5211 editi,
1137 5122 1340 5229 ὲᾶριειν
1382 5151 1501 5229 οὐκ,
1527 5152 1916 5229 αἰοθανόμεβα,

336 5218 431 5341 εὲά
461 5226 613 5273 recte
634 5231 667 5271 a
697 5216 983 5273 codicibus
1018 5232 1151 5274 mss.
1180 5221 1338 5275 abest
1365 5223 1633 5290 particula
1663 5216 1917 5294 negativa

334 5303 364 5340 ο
398 5303 451 5341 κ.

408 5356 525 5427 (51)
564 5357 768 5416 Omnes
806 5372 943 5415 mss.
988 5361 1378 5418 hereditatum.
1416 5361 1570 5418 Libb.
1608 5364 1738 5419 editi
1770 5365 1918 5422 :Iue-

340 5432 634 5483 "ditatem.

552 5497 798 5580 Uterque
827 5496 1180 5580 Ebroicensis
1202 5504 1400 5570 codex,
1435 5523 1456 5557 ε
1475 5503 1725 5560 videatur
1749 5504 1911 5565 lectio

341 5567 509 5620 divini
537 5567 1100 5636 sermonis,illabitur.
1125 5596 1144 5629 ι

410 5636 523 5711 (55))
553 5638 738 5711 godex
764 5639 1077 5711 Sangerm.,
1109 5647 1431 5701 numinibus.

413 5707 527 5779 (δι)
554 5707 781 5780 Sapiam
821 5707 1107 5783 serpentes,
1136 5720 1214 5773 vel
1257 5718 1413 5773 etiam
1441 5717 1505 5774 de
1532 5720 1770 5776 cavernis
1796 5736 1912 5791 pro-

2025 4391 2201 4453 pturae
2228 4379 2482 4450 leguntur
2521 4376 2634 4450 (58)
2666 4393 2694 4431 a
2731 4377 2911 4444 nobis,
2960 4376 3326 4440 delectantur,
3376 4383 3431 4428 et
3461 4374 3599 4427 vali-

2023 4476 2203 4531 diores
2244 4487 2372 4542 erga
2421 4472 2594 4527 nostri
2640 4469 2978 4540 diligentiam
3024 4470 3162 4524 ﬁunt
3203 4469 3248 4523 si
3292 4467 3491 4540 linguis
3519 4467 3601 4522 lo-

2021 4583 2275 4640 quamur,
2328 4576 2385 4622 et
2438 4566 2659 4636 spiritus
2723 4574 2912 4619 noster
2961 4572 3106 4626 oret,
3168 4577 3363 4617 sensus
3417 4554 3605 4618 autem

2022 4672 2211 4719 noster
2239 4662 2357 4717 sine
2387 4660 2565 4715 fructu
2597 4660 2668 4715 sit
2713 4653 2785 4707 ⁷⁸.
2836 4657 2979 4713 Dixit
2999 4657 3145 4712 enim
3170 4666 3226 4712 et
3256 4658 3356 4711 hoc
3379 4668 3601 4712 sanctus

2017 4752 2333 4825 Apostolus,
2365 4761 2422 4806 et
2448 4752 2647 4806 mirum
2692 4750 3101 4823 quodammodo
3131 4751 3446 4820 mysterium
3494 4748 3599 4803 hu-

2021 4849 2200 4903 manis
2232 4846 2457 4900 auribus
2478 4844 2725 4915 protulit,
2743 4844 2931 4899 dicens
2961 4841 3255 4914 aliquando
3275 4842 3391 4898 ﬁeri
3416 4853 3599 4912 posse,

2019 4951 2081 4996 ut
2108 4938 2333 5011 spiritus
2361 4937 2454 5009 qui
2489 4937 2544 4992 in
2591 4935 2748 4992 nobis
2785 4943 2869 4992 est
2904 4946 3049 5003 oret,
3083 4946 3141 4993 et
3189 4952 3381 4994 sensus
3412 4944 3600 4991 noster

1619 5054 1666 5086 ⁷⁵
1687 5053 1705 5109 l
1728 5054 1854 5112 Cor.
1881 5074 1993 5128 xlv,
2018 5057 2109 5114 ﬂ.

2023 5155 2240 5210 trahunt
2260 5153 2540 5209 abstrusis.
2563 5152 2657 5209 Sic
2682 5160 2833 5207 recte
2858 5151 3022 5206 habet
3044 5164 3186 5204 unus
3207 5148 3594 5205 Ehroicensis:

2021 5224 2149 5281 libri
2193 5239 2322 5280 vero
2369 5224 2500 5279 editi
2546 5243 2563 5276 ι
2584 5223 2868 5292 sopiantur
2895 5231 3198 5290 serpentes,
3224 5221 3309 5275 vel
3335 5220 3500 5275 etiam
3528 5221 3597 5276 de

2022 5293 2692 5363 cavernispmtrahantur
2724 5293 2986 5348 abstrusi.
3020 5311 3039 5345 ι

2091 5364 2205 5439 (55)
2244 5359 2339 5439 vn
2359 5365 2608 5439 fervores.
2632 5362 2794 5419 Deest
2823 5363 2877 5419 in
2911 5363 3065 5420 libris
3093 5369 3252 5418 antea
3283 5359 3467 5426 editis,
3498 5360 3593 5418 scd

2020 5421 2220 5507 legitur
2250 5436 2305 5507 in
2338 5421 2588 5507 onbribus
2619 5449 2748 5490 mss.

2092 5502 2207 5578 (56)
2234 5505 2418 5578 Codex
2441 5502 2753 5578 Sangerm.,
2781 5506 3128 5560 «numinum.
3151 5524 3171 5558 ι

2089 5574 2204 5638 (57)
2237 5577 2379 5630 Idem
2408 5591 2421 5628 :
2456 5593 2475 5625 ι
2498 5574 2740 5628 numina.
2763 5594 2784 5627 ›

2090 5645 2204 5719 (58)
2226 5645 2384 5700 Libb.
2414 5645 2546 5699 editi
2579 5664 2591 5700 :
2624 5662 2643 5696 ι
2672 5647 2713 5698 si
2740 5655 2942 5703 sancta:
2969 5646 3261 5711 Scriptum
3283 5648 3582 5719 legutttura

2018 5716 2150 5775 Mss.
2185 5716 2246 5774 nt
2276 5718 2330 5772 in
2366 5725 2553 5772 nostro
2584 5724 2754 5774 textu.
