4050 6148
429 209 537 265 923

1886 207 2210 270 ORIGENIS

3587 205 3697 265 9‘11

431 331 554 390 sine
587 331 764 390 fructu
797 333 887 390 sit.
930 335 1179 408 lntellige
1209 349 1341 408 ergo
1369 350 1437 391 ex
1465 335 1589 402 hoc,
1634 337 1758 405 quia
1807 335 1867 390 fit
1909 338 2010 392 ali-
2038 343 2086 399 Α
2116 345 2292 390 tamen
2324 333 2590 390 debemus
2622 333 2751 405 quia
2777 334 2928 389 utilis
2955 341 3061 390 est.
3095 331 3288 388 Solent
3325 329 3517 387 medici
3557 345 3671 398 pra:

436 431 662 498 quando
697 438 884 483 noster
911 429 1132 498 quidem
1169 443 1362 484 sensus
1391 429 1509 483 sine
1543 428 1720 483 fructu
1748 443 1763 481 :
1790 429 2015 498 spiritus

435 534 640 584 autem,
689 523 742 576 id
786 532 869 577 est
900 523 1133 577 virtutes
1179 522 1304 587 illa),
1343 537 1463 591 quae
1497 523 1694 576 animze
1727 534 1929 576 nostrae
1962 523 2016 576 in

438 613 768 681 adjutorium
833 613 973 668 data:
1025 623 1174 678 sunt,
1235 623 1535 684 pascuntur
1587 622 1642 686 et
1697 613 2018 666 reliciuntur

435 719 505 759 ex
536 704 726 759 auditu
753 705 1056 775 Scriptura:
1084 716 1314 771 sanctze,
1347 705 1496 759 velut
1521 721 1588 760 ex
1616 704 1816 759 divinis
1847 717 1900 759 et
1931 722 2018 760 ra-

441 796 790 853 tionabilibus
839 798 997 852 cibis.
1047 797 1187 864 Quid
1239 799 1361 852 dico
1390 799 1516 866 quia
1565 797 1761 851 divina:
1789 798 2018 852 virtutes

437 900 732 960 pascantur
766 900 821 946 et
863 892 1154 962 epuleutur
1189 891 1251 949 ,in
1291 891 1470 957 nobis,
1513 890 1558 944 si
1609 905 1708 945 nos
1741 891 1904 945 verba
1939 892 2021 945 di-

436 981 578 1038 vinae
613 982 914 1054 Scriptura:
953 984 1303 1053 proferamus
1331 998 1398 1037 ex
1443 983 1573 1038 ore?
1602 981 1726 1052 lpse
1761 982 2020 1038 Dominus

439 1085 628 1133 noster
653 1075 812 1132 Jesus
837 1076 1088 1132 Christus
1120 1077 1165 1131 si
1209 1091 1307 1132 nos
1354 1076 1598 1130 inveniat
1627 1076 1711 1130 his
1738 1087 2017 1143 vacantes,

439 1177 494 1223 et
525 1169 900 1238 hujuscemodi
934 1171 1130 1224 studiis
1156 1179 1211 1224 et
1239 1170 1524 1226 exercitus
1548 1186 1772 1240 operam
1804 1173 2018 1240 dantes,

440 1277 547 1318 non
589 1262 766 1316 solum
795 1262 943 1330 pasci
974 1270 1026 1315 et
1057 1262 1204 1317 reﬁci
1239 1264 1495 1333 dignatur
1538 1266 1590 1319 in
1623 1270 1801 1333 nobis,
1832 1282 2019 1323 verum

439 1354 607 1408 etiam
644 1353 690 1408 si
747 1353 849 1408 has
903 1355 1090 1424 epulas
1125 1356 1268 1425 apud
1321 1371 1420 1411 nos
1458 1357 1657 1414 viderit
1705 1372 2018 1432 apparatas,

440 1445 659 1502 Patrem
705 1460 892 1500 secum
946 1446 1200 1516 dignatur
1247 1449 1541 1504 adducere.
1589 1449 1693 1506 Sed
1741 1454 1856 1508 haec
1894 1455 2021 1524 quia

443 1538 577 1593 satis
605 1551 796 1607 magna
827 1547 883 1592 et
909 1554 1072 1606 supra
1107 1539 1380 1593 hominem
1413 1539 1691 1607 videntur,
1731 1558 1836 1596 non
1888 1546 2024 1600 meis

442 1632 560 1700 tibi,
591 1632 686 1686 sed
737 1631 910 1701 ipsius
968 1632 1180 1686 Domini
1228 1639 1282 1686 et
1323 1631 1626 1688 Salvatoris
1677 1635 2023 1691 sermonibus

2119 431 2248 485 bere
2269 429 2539 484 interdum
2560 431 2737 484 cibum
2758 429 3013 498 aliquem,
3031 427 3306 481 interdum
3329 425 3492 479 etiam
3511 436 3698 497 potum

2119 522 2267 583 dare,
2296 521 2444 575 verbi
2479 522 2651 592 gratia
2676 522 2744 575 ad
2770 520 3170 576 discutiendam
3193 518 3477 588 caliginem
3505 519 3696 575 visus:

2117 611 2280 684 M5
2335 628 2432 668 nec
2489 622 2668 668 tamen
2715 613 2766 666 in
2800 613 3010 668 edendo
3045 613 3159 682 ipso
3189 613 3351 676 cibo,
3386 612 3468 667 vel
3517 614 3567 668 in
3601 627 3702 684 po—

2122 706 2284 758 tando
2307 705 2576 759 sentimus
2616 705 2741 774 quia
2784 705 2914 760 utile
2962 714 3066 768 est,
3108 713 3164 759 et
3214 705 3434 773 prodest
3475 704 3646 759 oculis
3681 721 3696 759 :

2120 795 2214 850 sed
2253 811 2374 850 cum
2407 796 2687 852 transierit
2717 798 2833 851 dies
2877 812 2985 850 una
3015 805 3070 851 et
3094 796 3262 850 altera
3302 803 3355 850 et
3377 796 3532 851 tertia
3557 795 3699 867 (61),

2121 903 2218 943 suo
2246 891 2296 943 in
2329 899 2568 959 tempore
2604 905 2701 958 per
2730 890 2973 945 occultos
2996 891 3257 959 quosdam
3299 903 3507 950 meatus
3533 896 3701 950 relata

2122 982 2187 1036 ad
2219 982 2390 1036 visum
2422 984 2528 1038 cibi
2570 984 2710 1040 illius
2749 995 2841 1038 aut
2867 987 3042 1054 poculi
3070 987 3263 1052 virtus,
3285 988 3544 1058 paulatim
3574 978 3704 1060 pitr-

2122 1087 2211 1145 gat
2255 1087 2562 1146 aspectum,
2594 1090 2648 1133 et
2684 1088 2824 1134 Qunc
2863 1080 3078 1133 demmn
3126 1083 3335 1136 sentire
3386 1083 3698 1153 incipimus,

2123 1169 2250 1237 quia
2284 1171 2436 1224 cibus
2471 1169 2557 1224 ille
2594 1171 2676 1226 vel
2725 1182 2883 1241 potus
2927 1171 3128 1240 profuit
3178 1175 3374 1229 oculis.
3407 1174 3515 1230 Sed
3560 1188 3614 1233 et
3645 1179 3699 1234 in

2124 1260 2245 1314 aliis
2276 1261 2524 1316 similiter
2564 1264 2814 1332 corporis
2854 1265 3096 1333 partibus
3131 1266 3318 1320 eadem
3363 1267 3476 1322 fieri
3500 1271 3700 1326 solent.

2124 1347 2238 1405 Hoc
2274 1366 2404 1420 ergo
2441 1353 2599 1407 modo
2627 1355 2952 1408 credendum
2992 1365 3073 1409 est
3116 1357 3282 1410 etiam
3321 1359 3387 1414 de
3421 1360 3702 1432 Scriptura

2125 1451 2331 1506 sancta,
2380 1446 2504 1510 quia
2555 1445 2705 1499 utilis
2734 1453 2842 1510 est,
2873 1457 2925 1500 et
2970 1449 3163 1504 anima:
3209 1451 3448 1520 prodest,
3481 1453 3702 1508 etiamsi

2126 1547 2317 1589 sensus
2351 1546 2540 1591 noster
2565 1537 2630 1590 ad
2662 1552 2902 1606 praesens
2939 1541 3355 1613 intelligentiam
3394 1561 3500 1600 non
3541 1549 3706 1618 capit,

2127 1630 2402 1703 quoniam,
2429 1639 2485 1684 ut
2514 1632 2766 1696 diximus,
2793 1643 2846 1686 et
2868 1633 3019 1688 bona:
3035 1637 3260 1692 virtutes
3287 1653 3405 1706 qua!
3439 1638 3591 1694 nobis
3613 1641 3708 1694 ad-

441 1727 866 1796 cornprobentur
907 1725 1212 1782 dicentis”
1242 1745 1254 1780 :
1287 1744 1306 1776 ‹
1329 1727 1500 1781 Amen
1541 1727 1665 1780 dico
1712 1727 1864 1782 vobis
1897 1729 2024 1798 quia
2057 1714 2100 1768 Β
2128 1733 2273 1788 snnt,
2307 1723 2626 1778 reficiuntur
2649 1729 2701 1778 in
2729 1725 2812 1780 his
2838 1728 3181 1783 sermonibus
3205 1738 3258 1782 et
3287 1740 3614 1798 pascuntur,
3649 1745 3706 1787 et

442 1836 544 1891 ego
573 1828 629 1873 et
658 1819 820 1875 Pater
849 1820 1156 1881 veniemus,
1191 1829 1244 1873 et
1285 1820 1621 1874 mansionem
1655 1821 1940 1886 faciemus,
1971 1831 2029 1876 et

444 1913 783 1968 cmnabimus
816 1912 959 1982 apud
1005 1927 1152 1966 eum.
1186 1931 1204 1963 ι
1246 1911 1456 1979 Quem?
1487 1913 1633 1966 illum
1664 1915 1906 1983 profecto
1935 1914 2028 1984 qui

444 2016 542 2058 sua
571 2004 825 2057 mandata
866 2003 1120 2057 custodit.
1155 2002 1282 2069 Sed,
1313 2005 1455 2056 sicut
1489 2003 1749 2068 diximus,
1799 2005 1928 2074 quia
1959 2020 2026 2059 ex

446 2093 820 2162 hujuscemodi
866 2095 1333 2158 meditationibus,
1379 2095 1686 2148 divinarmn
1737 2111 1867 2166 erga
1925 2112 2023 2152 nos

446 2189 711 2241 virtutum
739 2188 1008 2241 consortia
1029 2197 1084 2240 et
1104 2186 1277 2241 oflicia
1307 2201 1673 2256 provocamus
1699 2203 1714 2241 :
1741 2187 1815 2241 ita
1846 2202 1876 2241 e
1899 2203 2032 2242 con-

449 2279 620 2333 trario
646 2279 1002 2348 malignarum
1029 2281 1285 2334 virtutum
1312 2281 1559 2344 insidias,
1579 2290 1634 2335 et
1665 2280 2028 2350 pessimorum

449 2371 756 2425 daemonum
789 2371 1150 2436 incursiones,
1182 2387 1247 2426 ex
1301 2373 1676 2444 hujuscemodi
1714 2387 2027 2428 sermonum

447 2473 503 2519 et
539 2467 820 2520 nominum
863 2467 1320 2537 appellationibus
1351 2467 1674 2536 eﬂ'ugamus.
1707 2464 1868 2520 Verbi
1902 2478 2030 2536 gra-

454 2557 552 2622 tia,
576 2567 635 2610 ut
663 2558 710 2612 si
741 2559 866 2630 quis
885 2571 1126 2615 vestrum
1153 2562 1451 2632 aliquando
1476 2560 1748 2630 perspexit
1779 2575 2028 2628 praecan-

451 2651 744 2707 tationibus
785 2654 1018 2722 sopitum
1063 2665 1374 2726 serpentem
1410 2656 1620 2724 portari
1658 2656 1711 2709 in
1749 2654 2026 2722 manibus,

449 2743 535 2796 vel
565 2745 806 2811 protrahi
844 2746 910 2800 de
933 2747 1181 2802 cavernis
1227 2747 1360 2801 nihil
1417 2749 1690 2802 valentem
1721 2762 1917 2802 nocere
1941 2762 2034 2801 ve-

455 2837 634 2900 nenis,
664 2847 852 2906 utpote
881 2839 1268 2894 incantationis
1308 2841 1510 2894 virtute
1546 2839 1886 2909 torpentibus
1918 2858 1930 2892 :
1961 2839 2034 2894 ita

449 2931 615 2984 etiam
647 2930 896 2986 lectionis
935 2933 1129 2988 divinae
1161 2933 1382 2996 virtute,
1413 2933 1456 2986 si
1484 2935 1606 3002 quis
1644 2933 1784 2986 intra
1817 2947 1914 2986 nos
1942 2939 2030 2984 est

452 3025 742 3080 contraria:
793 3029 1080 3096 potestatis
1126 3041 1379 3096 serpens,
1431 3027 1476 3081 si
1513 3028 1636 3096 quis
1672 3026 1736 3080 ad
1773 3025 2035 3080 insilian-
2063 3062 2108 3124 C

454 3117 581 3171 dum
610 3117 832 3172 coluber
864 3119 1016 3186 latet,
1052 3120 1096 3173 si
1140 3121 1416 3190 patienter
1443 3119 1607 3185 feras,
1643 3120 1688 3173 si
1719 3134 1824 3172 non
1877 3119 2035 3174 taedio

455 3207 711 3278 fatigatus
738 3219 956 3265 avertas
984 3211 1250 3276 auditum,
1281 3211 1584 3280 Scriptura:
1617 3210 1956 3266 carminibus
1981 3219 2037 3265 et

457 3299 624 3354 divini
659 3303 928 3357 sermonis
958 3303 1282 3357 assiduitate
1315 3303 1624 3372 depellitur.

525 3391 583 3448 2.
610 3391 667 3446 Si
702 3408 832 3463 ergo
870 3395 1044 3459 vides,
1075 3411 1107 3448 ο
1143 3395 1380 3461 auditor,
1408 3395 1701 3464 aliquando
1720 3395 1860 3466 legis
1887 3395 2039 3450 Scri-

458 3497 672 3553 pturam
703 3485 756 3539 in
789 3487 1017 3542 auribus
1050 3488 1154 3542 tuis
1179 3503 1341 3557 quam
1373 3503 1479 3542 non
1507 3487 1784 3559 intelligis,
1817 3499 1871 3542 et
1905 3504 2036 3544 sen-

459 3593 552 3634 sus
574 3579 688 3648 ejus
719 3582 812 3635 tibi
836 3583 1050 3637 videtur
1078 3583 1365 3646 obscurus,
1391 3581 1606 3636 interim
1637 3582 1776 3635 hanc
1803 3582 2037 3651 primam

459 3674 676 3742 suscipe
703 3674 1012 3739 utilitatem,
1050 3677 1195 3746 quod
1229 3675 1344 3729 solo
1376 3675 1566 3729 auditu
1607 3675 1753 3729 velut
1788 3691 2038 3744 praecan-

460 3763 668 3818 tatione
715 3765 973 3833 quadam,
1004 3767 1292 3819 noxiarum
1325 3765 1608 3827 virtutum,
1647 3779 1768 3832 quae
1813 3773 1864 3819 te
1892 3763 2042 3819 obsi-

462 3856 596 3908 dent
620 3863 675 3908 et
703 3869 822 3922 quae
847 3856 940 3910 tibi
989 3855 1332 3921 insidiantur,
1361 3856 1512 3908 virus
1553 3854 1842 3922 depcllitur
1870 3866 1925 3910 et
1959 3856 2042 3909 fu-

463 3955 644 4018 gatur.
677 3946 916 4001 Observa
967 3957 1171 4002 tantum
1223 3964 1290 4002 ne
1340 3946 1592 4003 eﬂiciaris
1637 3949 1776 4002 sicut
1827 3949 2044 4019 aspides

465 4039 673 4104 surdae,
709 4048 765 4094 et
795 4041 1116 4095 obturantes
1141 4042 1254 4114 (59)
1285 4058 1443 4097 aures
1475 4044 1691 4109 suas",
1727 4059 1794 4098 ne
1820 4045 2046 4098 audiant

466 4144 656 4185 vocem
685 4131 1070 4187 incantationis
1095 4143 1149 4187 et
1175 4135 1448 4200 veneficii,
1482 4137 1624 4202 quod
1668 4136 1982 4189 incantatur
2013 4149 2043 4188 a

467 4223 736 4293 Sapiente.
778 4223 936 4277 Verbi
970 4239 1154 4289 causa,
1183 4235 1268 4279 est
1299 4239 1520 4278 carmen
1569 4225 1712 4293 quod
1747 4238 2046 4292 praecanta-

469 4324 562 4371 tur
586 4330 641 4372 et
673 4318 887 4372 canitur
917 4316 1030 4388 (60)
1078 4332 1104 4369 a
1140 4317 1386 4386 sapiente
1425 4318 1596 4381 Mose,
1635 4327 1689 4371 et
1725 4320 1869 4385 quod
1908 4332 2047 4386 prai-

470 4420 722 4466 cantatur
751 4421 808 4466 et
836 4411 1052 4466 canitur
1087 4425 1116 4463 a
1155 4411 1398 4479 sapiente
1428 4408 1554 4464 Jesn
1588 4410 1762 4474 Nave,
1810 4421 1867 4466 et
1901 4413 2046 4480 quod

470 4513 839 4574 prrccantatur
870 4511 924 4556 et
960 4502 1172 4556 canitur
1203 4516 1230 4553 a
1267 4501 1607 4570 sapientibus
1638 4501 1893 4556 omnibus
1923 4517 2048 4570 pro-

471 4596 673 4666 phetis.
710 4597 834 4650 "{BC
871 4606 1048 4649 autem
1100 4594 1306 4648 idcirco
1355 4594 1608 4657 diximus,
1652 4609 1718 4648 ne
1771 4594 2048 4650 fastidium

475 4688 753 4756 capiamus
784 4689 1066 4742 audientes
1099 4687 1441 4756 Scripturas,
1475 4688 1638 4740 etiam
1673 4691 1717 4742 si
1757 4705 1861 4741 non
1894 4685 2052 4740 intel-

474 4781 714 4850 ligimus,
764 4779 858 4833 sed
903 4783 995 4833 Iiat
1042 4780 1198 4834 nobis
1243 4779 1540 4833 secundum
1585 4778 1745 4832 ﬁdem
1782 4788 2050 4842 nostram,

473 4874 828 4930 credentibus
853 4874 981 4943 quia
1030 4892 1048 4925 ι
1073 4874 1248 4927 omnis
1278 4872 1562 4942 Scriptura
1591 4871 1853 4927 divinitus
1887 4871 2054 4941 inspi-

475 4977 596 5022 rata
628 4966 779 5020 utilis
805 4969 968 5020 est".
1002 4982 1020 5014 ι
1061 4966 1118 5021 Si
1146 4981 1276 5035 ergo
1305 4965 1569 5019 divinitus
1602 4964 1862 5034 inspirata
1889 4971 1974 5016 est
1999 4969 2056 5016 et

479 5061 648 5125 utilis,
689 5061 905 5116 etiamsi
967 5074 1072 5113 non
1127 5059 1425 5113 sentiamus
1473 5055 1787 5117 utilitatem,
1833 5053 2055 5108 credere

551 5179 597 5212 ⁷⁶
621 5175 779 5234 Joan.
813 5193 923 5243 xiv,
955 5176 1049 5232 25.
1123 5178 1166 5209 ⁷⁷
1188 5174 1278 5231 Ps.
1311 5191 1464 5239 Lvm,
1501 5175 1554 5240 4,
1588 5175 1639 5231 5.

553 5296 666 5366 (59)
707 5295 886 5366 Codex
915 5292 1224 5364 Sangerm.,
1261 5311 1280 5346 ι
1301 5293 1650 5366 obdurantcs.
1674 5312 1692 5345 ι

556 5361 669 5436 (6οε
713 5365 778 5436 Et
818 5361 1053 5419 canitur:
1079 5366 1236 5418 Deest
1267 5366 1319 5418 in
1359 5365 1485 5418 libb.
1513 5365 1693 5428 editis,
1725 5365 1818 5418 sed
1857 5361 2056 5432 legitur

485 5437 540 5494 in
571 5435 832 5489 munibus
870 5453 1001 5489 mss.

565 5508 680 5578 (61)
718 5507 840 5560 Dies
867 5524 972 5560 una
996 5516 1047 5560 et
1077 5506 1246 5558 altera
1268 5519 1314 5560 et
1334 5509 1601 5578 tertiasuo
1631 5504 1682 5556 in
1717 5515 1945 5573 tempore
1971 5519 2064 5578 per

488 5573 718 5632 occultos
736 5579 988 5647 quosdam
1021 5589 1222 5630 meatus
1250 5578 1413 5630 relata
1439 5577 1526 5628 nd.
1561 5575 1684 5628 llaec
1701 5579 1766 5629 de
1779 5581 1971 5634 suntin
1995 5573 2064 5628 li-

489 5651 604 5705 bris
634 5651 815 5710 editis,
850 5650 943 5702 sed
973 5657 1190 5702 exstant
1214 5649 1263 5701 in
1293 5647 1543 5700 omnibus
1580 5661 1712 5699 mss.

565 5720 679 5793 (ϋῖ)
720 5719 838 5775 Duo
871 5734 1003 5775 mss.
1042 5718 1438 5775 Ebroicenscs:
1483 5735 1502 5770 ι
1535 5716 1666 5774 dicit
1696 5716 1892 5788 aliquis
1917 5715 2068 5772 audi-

1716 5175 1762 5206 ’⁷⁸
1791 5173 1834 5227 ll
1863 5175 2003 5230 Tim.
2037 5176 2235 5245 “1,16.

2130 1817 2421 1870 contrariae
2455 1825 2773 1887 torpescunt
2824 1821 2908 1875 his
2955 1823 3429 1889 meditationibus,
3469 1835 3523 1879 et
3570 1823 3706 1879 elin-

2130 1918 2344 1978 gantur.
2365 1910 2468 1963 Sed
2489 1909 2720 1967 fortasse
2739 1913 2939 1968 dicitur
2965 1914 3032 1968 ab
3059 1918 3394 1972 auditoribus
3413 1918 3556 1989 (62):
3585 1919 3710 1974 Haec

2131 2001 2287 2055 nobis
2321 2001 2527 2056 idcirco
2551 2003 2708 2068 dicis,
2744 2015 2800 2060 ut
2825 2016 2874 2061 te
2898 2008 2964 2062 ab
2993 2007 3170 2064 cilicio
3201 2009 3594 2080 disputationis
3613 2027 3710 2066 ex-

2131 2108 2286 2149 cuses
2315 2105 2368 2149 et
2409 2095 2461 2148 in
2499 2096 2565 2150 iis
2601 2095 2779 2162 finias,
2823 2114 2994 2169 neque
3033 2101 3326 2169 quidquam
3372 2116 3596 2170 prorsus
3623 2102 3711 2156 vel

2130 2201 2198 2240 ex
2231 2187 2298 2240 iis
2330 2187 2528 2255 quibus
2576 2190 2833 2258 possibile
2861 2200 2966 2253 est,
3000 2191 3391 2246 consolationis
3423 2192 3708 2258 exhibeas,

2132 2292 2308 2348 neque
2364 2289 2422 2333 ut
2470 2279 2760 2335 Dominum
2808 2283 3119 2351 depreceris
3159 2295 3418 2352 praestare
3474 2286 3708 2356 gratiam

2131 2385 2284 2425 suam
2321 2373 2387 2427 ad
2432 2374 2722 2430 revelanda
2772 2391 2834 2430 ca
2876 2391 2996 2445 qua:
3043 2377 3183 2432 lecta
3215 2387 3360 2442 sunt,
3388 2387 3447 2432 ut
3481 2393 3707 2448 parvum

2132 2464 2326 2520 saltem
2365 2467 2545 2521 cibum
2581 2483 2648 2523 ex
2697 2469 3032 2523 occultorum
3063 2481 3120 2524 et
3150 2481 3484 2526 secretorum
3518 2470 3707 2540 expla-

2135 2559 2359 2614 natione
2407 2574 2713 2615 sumamus.
2762 2560 2876 2616 Non
2925 2563 3026 2616 ista
3056 2562 3122 2617 de
3178 2560 3343 2617 causa
3399 2564 3515 2618 bare
3567 2564 3712 2618 dixi-

2135 2665 2279 2713 mus,
2312 2666 2409 2705 nec
2467 2661 2792 2707 excusantes
2849 2669 2948 2708 nos
2998 2655 3095 2707 ista
3133 2655 3492 2722 protulimus,
3519 2655 3612 2710 sed
3656 2663 3716 2710 ut

2138 2745 2557 2798 ostenderemus
2599 2744 2651 2796 in
2684 2743 2983 2814 Scripturis
3016 2747 3217 2800 sanctis
3245 2761 3364 2802 esse
3392 2748 3501 2800 vim
3533 2763 3690 2818 quam

2136 2835 2282 2901 dam,
2337 2849 2455 2904 quae
2493 2835 2689 2906 legenti
2728 2837 2890 2890 etiam
2957 2839 3074 2893 sine
3122 2838 3509 2907 explanatione
3563 2839 3712 2896 suni-

2137 2930 2265 2984 ciat.

2209 3019 2262 3073 5.
2302 3018 2455 3075 Nunc
2478 3034 2632 3083 vero,
2659 3021 2914 3090 quoniam
2958 3036 3064 3076 non
3096 3022 3253 3077 nobis
3283 3023 3480 3080 sullicit
3511 3033 3714 3094 tempus

2139 3111 2286 3166 utdc
2311 3113 2563 3167 omnibus
2597 3129 2717 3182 quae
2760 3114 2892 3168 lecta
2939 3123 3065 3168 sunt
3098 3113 3209 3186 (65)
3241 3116 3596 3184 disseramus,
3633 3121 3713 3173 vel

2137 3217 2310 3273 pauca
2338 3204 2552 3269 Saltem,
2582 3205 3014 3273 proutDominns
3029 3209 3338 3272 donaverit,
3377 3211 3715 3283 perstringe-

2139 3310 2282 3352 mus.
2324 3295 2540 3349 Initium
2581 3297 2970 3354 distribuendaz
3005 3301 3335 3356 haereditatis
3371 3317 3534 3370 quam
3563 3301 3717 3359 Jesus

2139 3387 2428 3450 distribuit,
2452 3389 2636 3457 incipit
2655 3409 2682 3443 a
2701 3391 2884 3447 Calcb.
2902 3394 3033 3446 Data
3066 3403 3148 3447 est
3175 3393 3372 3449 etenim
3401 3395 3528 3450 huic
3555 3394 3718 3452 Caleb

2141 3481 2409 3550 portionis
2444 3497 2554 3536 Sita:
2584 3497 2705 3538 sors
2747 3483 3064 3552 priusquam
3087 3485 3260 3540 tribus
3277 3499 3395 3550 sua,
3417 3501 3538 3555 quae
3559 3498 3642 3542 est
3666 3488 3720 3542 tio

2141 3573 2336 3628 liorum
2361 3572 2518 3638 Juda,
2546 3574 2880 3643 perciperet;
2907 3585 2962 3631 et
2989 3576 3148 3630 datur
3166 3577 3216 3631 ei
3245 3593 3350 3631 non
3384 3578 3435 3631 in
3463 3579 3723 3634 extremis

2144 3666 2414 3736 aliquibus
2436 3669 2699 3737 partibus,
2717 3671 2810 3723 sed
2833 3669 2883 3722 in
2904 3669 3078 3724 medio
3099 3669 3326 3725 filiorum
3345 3668 3480 3724 Juda
3504 3673 3721 3726 :etdata

2144 3768 2228 3814 est
2253 3761 2299 3813 ei
2329 3760 2503 3826 portio
2532 3777 2636 3814 non
2655 3776 2748 3830 per
2766 3771 2992 3821 sortem,
3015 3760 3104 3814 sed
3143 3775 3236 3828 per
3259 3771 3592 3832 praeceptum
3619 3761 3723 3817 Do-

2147 3850 2298 3913 mini,
2317 3861 2371 3904 et
2392 3851 2552 3904 datur
2573 3851 2620 3905 ei
2645 3851 2841 3906 civitas
2871 3849 3284 3920 integra.Quem
3305 3851 3467 3905 alium
3497 3851 3722 3922 dignum

2146 3958 2262 3999 erat
2289 3945 2446 3999 talem
2475 3945 2729 4014 consequi
2764 3945 3158 4014 haereditatem,
3181 3955 3236 4000 et
3259 3945 3417 3999 talem
3443 3947 3725 4014 percipere

2147 4038 2476 4107 portionem,
2519 4039 2616 4092 nisi
2645 4037 2827 4102 (laleb,
2855 4037 2946 4106 qui
2991 4038 3138 4092 solus
3181 4038 3362 4092 salvus
3386 4036 3609 4092 eflectus
3645 4044 3726 4091 est

2149 4145 2268 4184 cum
2292 4129 2416 4184 Jesn
2437 4129 2599 4197 Nave,
2621 4144 2684 4184 ex
2709 4129 2980 4183 sexcentis
3003 4128 3237 4183 millibus
3258 4139 3614 4190 armatorum,
3634 4126 3726 4192 qui

2152 4223 2395 4277 exierant
2419 4222 2484 4275 de
2513 4219 2749 4290 IEgypto
2774 4223 2796 4274 τ
2830 4219 3006 4290 Ipsum
3035 4222 3318 4288 oportebat
3341 4218 3452 4290 (64)
3484 4220 3727 4288 accipere

2153 4315 2518 4384 metropolim.
2542 4313 2609 4369 Et
2633 4315 2749 4368 ideo
2784 4315 3044 4383 scriptum
3077 4323 3161 4368 est
3183 4313 3251 4366 7°:
3283 4333 3301 4363 ι
3331 4311 3546 4366 Deditei
3574 4309 3727 4366 Iesus

2155 4405 2428 4459 civitatem
2448 4404 2624 4457 Arboc
2643 4403 2981 4471 metropolim
3000 4401 3206 4464 Euach,
3223 4417 3342 4470 qua“:
3359 4411 3440 4454 est
3455 4401 3727 4465 Chebron,

2155 4498 2207 4550 in
2246 4511 2351 4564 qua
2392 4505 2549 4549 erant
2596 4494 2868 4548 memoria:
2912 4503 3143 4562 patrum.
3173 4511 3192 4544 ι
3227 4493 3326 4546 llic
3386 4493 3552 4564 igitur
3599 4492 3731 4547 civi-

2155 4601 2263 4645 tate
2291 4589 2492 4653 Arboc,
2529 4603 2649 4657 quae
2683 4599 2801 4642 erat
2849 4585 3160 4655 metropolis
3207 4585 3426 4652 Euach,
3483 4600 3606 4653 quae
3649 4593 3731 4638 est

2154 4681 2424 4741 Chebron,
2465 4677 2843 4732 exterminavit
2882 4677 3004 4730 inde
3041 4685 3152 4728 tres
3191 4674 3329 4729 ﬁlios
3365 4675 3546 4729 Euach
3590 4673 3724 4743 (6.5).

2158 4774 2297 4840 Quid
2384 4783 2542 4839 putas
2613 4770 2770 4825 nobis
2841 4769 3024 4824 volens
3090 4768 3375 4838 Scriptura
3443 4768 3730 4822 ostendere

2159 4865 2322 4920 etiam
2352 4864 2453 4918 hoc
2483 4861 2806 4931 designavit,
2841 4858 2981 4930 quod
3022 4859 3185 4914 Caleb
3223 4867 3444 4927 accepta
3479 4859 3727 4926 p‘ortione

2163 4954 2492 5012 lizereditatis
2506 4968 2636 5020 sure,
2655 4963 2709 5008 et
2737 4961 2847 5006 tres
2878 4950 3014 5004 filios
3037 4949 3222 5004 Euach
3254 4947 3662 5013 exterminavit,
3683 4953 3738 5000 et

2165 5049 2382 5104 nomina
2414 5063 2600 5102 eorum
2625 5044 2933 5115 descripsit,
2950 5042 2997 5097 id
3022 5053 3105 5097 est
3129 5041 3312 5107 Susui,
3339 5039 3658 5103 Achlmacli,
3681 5047 3738 5093 et

2310 5174 2355 5206 τί*
2379 5173 2489 5228 Jus.
2536 5188 2622 5236 xv,
2659 5171 2746 5236 l5,
2782 5168 2862 5224 14.

2165 5300 2367 5432 ιοῖίιὶὲ).
2388 5309 2546 5432 Iidem
2567 5374 2610 5409 τι
2636 5357 2770 5412 lecta
2791 5365 2935 5412 sunt.
2973 5373 2990 5407 ι
3015 5354 3170 5432 Libb.
3202 5352 3362 5432 editi}
3380 5368 3410 5432 λ
3433 5350 3576 5432 dicta
3594 5356 3738 5432 sunt.

2244 5422 2354 5501 (64)
2394 5430 2596 5486 Omnes
2651 5443 2782 5483 mss.
2835 5446 2853 5477 ε
2902 5427 3211 5497 oportebat.
3268 5443 3285 5476 ι
3334 5422 3491 5476 Lilib.
3549 5422 3681 5475 editi
3722 5434 3736 5472 :

2177 5519 2198 5554 ι
2224 5512 2460 5568 Oportet.
2495 5519 2512 5551 ι

2247 5572 2359 5643 (65)
2400 5571 2557 5643 Lihb.
2590 5569 2818 5643 editi_:__¢
2859 5583 2976 5643 qua:
3013 5575 3129 5643 erat
3153 5566 3442 5643 “(ihehrom
3470 5572 3526 5643 _et
3561 5569 3740 5643 eniter-

2177 5632 2401 5696 mutavit
2434 5641 2558 5695 inde
2588 5650 2696 5692 tres
2731 5632 3350 5704 ﬁliosiEnachSicqne
3373 5632 3544 5690 multa
3574 5632 3740 5686 omit-

2178 5713 2315 5768 tunt.
2341 5710 2469 5766 Mss.
2501 5726 2631 5766 vero
2665 5719 2720 5765 ut
2748 5709 2802 5764 in
2838 5719 3022 5764 nostro
3053 5715 3220 5782 textu.
