4050 6148
422 267 533 322 υίΰ

1415 268 1486 326 ΙΝ
1529 269 1794 328 LIBRUM
1831 269 1992 326 JESU
2028 269 2214 326 NAVE
2253 270 2536 329 HOMlLlA
2571 271 2686 328 XX.

3547 270 3652 326 926

425 383 1100 460 Thalami,'generationes
1127 389 1353 444 Euach?
1382 391 1671 447 Videamus
1716 408 1844 463 ergo
1867 393 1992 461 quid
2024 398 2065 452 Α
2095 394 2256 450 Caleb
2284 395 2621 461 metropolim
2663 391 2976 448 humilitatis
3020 391 3215 449 inanis.
3251 394 3390 450 Duas
3425 394 3650 451 humili-

426 491 513 536 est
536 482 679 549 quod
705 494 805 535 nec
853 481 1049 535 suiﬂcit
1089 484 1138 536 ei
1185 483 1367 537 dicere
1407 482 1542 538 ﬁlios
1591 484 1794 548 Euach,
1826 485 1996 538 sedet

426 575 648 629 nomina
685 575 925 642 ipsorum
956 574 1182 636 addidit,
1222 583 1276 628 et
1311 589 1470 643 super
1489 577 1670 630 omnia
1707 577 1992 645 adjecit”,

432 685 452 720 ι
491 667 606 721 Istae
640 673 798 720 erant
828 666 1207 733 generationes
1234 666 1442 722 Euach.
1481 686 1499 718 ι
1541 666 1646 720 Sed
1682 677 1734 722 et
1774 669 1826 721 itt
1860 684 1993 722 con-

426 755 778 826 sequentibus
812 756 997 823 refert,
1029 757 1193 825 quod,
1223 767 1440 824 accepta
1475 758 1803 812 haereditatis
1828 769 1989 822 sorte.

426 849 590 904 Caleb
625 866 644 899 ε
675 848 916 902 ascendit
946 847 1011 902 ad
1049 862 1142 901 eos
1169 848 1260 916 qui
1311 847 1629 902 habitabant
1680 848 1862 906 Dahir.
1891 850 1995 904 No-

428 956 551 996 men
594 949 775 994 autem
808 938 972 994 Dabir
1000 949 1121 994 erat
1174 939 1324 1008 prius
1370 941 1562 995 civitas
1614 941 1932 995 litterarum.
1968 957 1987 989 ι

427 1030 729 1085 Videndum
759 1044 887 1099 ergo
910 1038 992 1083 est
1017 1029 1148 1098 quid
1183 1038 1267 1082 est
1292 1029 1434 1097 quod
1466 1030 1616 1098 prius
1653 1037 1770 1084 erat
1801 1029 1993 1084 civitas

424 1121 752 1187 litterarum,
783 1129 836 1175 et
860 1131 1044 1190 postea
1076 1119 1218 1184 facta
1253 1128 1336 1174 est
1364 1120 1548 1175 Dabir.

495 1213 553 1267 4.
593 1212 861 1268 Praeterea
889 1211 1144 1275 refertur,
1169 1211 1292 1279 quia
1327 1221 1380 1265 et
1411 1211 1571 1266 ﬁliam
1600 1212 1806 1266 habens
1831 1211 1994 1265 Caleb

426 1305 771 1377 proposuerit
796 1304 960 1358 talem
986 1303 1274 1372 quamdam
1316 1304 1678 1358 conditionem
1710 1303 1990 1357 dicens":

431 1416 451 1450 ‹
499 1399 816 1465 Quicunque
856 1397 1171 1451 exscindere
1205 1396 1438 1466 potuerit
1468 1395 1743 1449 civitatem
1787 1393 1993 1448 littera-

424 1501 572 1551 rum,
601 1494 657 1541 et
684 1486 977 1540 obtinuerit
1005 1501 1147 1552 eam,
1179 1486 1319 1541 dabo
1341 1485 1391 1539 ei
1423 1485 1594 1539 Axam
1627 1485 1788 1538 ﬁliam
1819 1501 1991 1538 meam

424 1591 672 1631 uxorem.
717 1595 737 1628 ι
769 1577 1010 1646 Cumque
1035 1577 1124 1630 ille
1155 1578 1256 1631 hoc
1289 1579 1678 1646 proposuisset,
1704 1577 1993 1633 Gothoniel

425 1668 568 1724 ﬁlius
614 1668 863 1723 Cbenner
907 1668 1079 1722 frater
1109 1667 1271 1723 Caleb
1304 1669 1491 1738 junior
1533 1671 1676 1738 cepit
1719 1670 1989 1724 civitatem

2097 495 2229 541 tates
2266 502 2384 541 esse
2407 495 2614 540 certum
2643 485 2932 540 est.Unam
2961 485 3306 552 laudabilem,
3332 487 3398 540 de
3437 501 3541 557 qua
3569 486 3653 540 di-

2093 579 2167 632 cit
2197 579 2444 633 Salvator
2470 578 2516 610 ⁸⁸
2549 595 2564 630 :
2596 597 2615 629 ‹
2659 579 2856 632 Discite
2890 594 2917 631 a
2962 593 3068 641 me,
3098 579 3221 645 quia
3264 578 3410 631 mitis
3440 592 3556 631 sum
3595 582 3653 631 et

2095 669 2310 724 humilis
2337 670 2517 732 corde,
2553 679 2608 722 et
2653 669 2936 726 invenietis
2976 673 3217 740 requiem
3255 669 3538 724 animabus
3555 683 3653 722 ve-
3707 727 3712 732 ,

2095 762 2239 814 stris.
2288 779 2306 811 ι
2345 761 2407 813 Ει
2449 763 2515 814 de
2553 761 2650 814 hac
2695 762 3003 816 humilitate
3048 761 3254 816 dictum
3311 772 3393 815 est
3418 759 3484 824 ⁸⁸,
3523 757 3650 826 quia

2101 871 2119 902 ε
2158 852 2332 906 omnis
2362 852 2449 920 qui
2493 867 2550 905 se
2579 853 2843 917 ltumiliat,
2887 852 3232 907 exaltabitur.
3263 872 3282 905 ι
3321 853 3384 906 Et
3427 853 3552 907 alibi
3579 854 3647 906 3':

2099 960 2118 993 ‹
2147 944 2514 999 llumiliamini
2532 942 3014 1012 snbpotentissima
3029 959 3192 998 manu
3212 942 3324 996 Dei.
3339 962 3356 991 ι
3374 943 3538 1016 446
3558 945 3653 1000 Est

2095 1045 2270 1088 autent
2299 1043 2351 1088 et
2375 1034 2479 1086 alia
2515 1034 2792 1087 humilitas
2830 1033 3113 1102 culpabilis
3145 1044 3512 1101 peccatorum,
3540 1038 3653 1093 sic-

2093 1135 2154 1179 ut
2188 1125 2272 1178 illa
2305 1139 2464 1192 quam
2498 1126 2564 1179 de
2611 1125 2801 1179 illicito
2836 1125 2982 1178 coitu
3032 1126 3162 1180 dicit
3195 1125 3493 1194 Scriptura,
3525 1130 3653 1197 quia

2094 1219 2400 1272 htttniliavit
2430 1218 2597 1280 illam,
2619 1219 2758 1284 quod
2790 1217 2855 1271 tle
2877 1219 3103 1271 Ammon
3131 1220 3388 1288 scriptum
3411 1223 3653 1291 est,qttia

2094 1308 2396 1362 humiliavit
2423 1307 2664 1361 Thamar
2704 1322 2945 1363 sororem
2976 1322 3126 1361 suam
3156 1308 3221 1360 ⁸⁸.
3257 1308 3349 1362 Est
3388 1324 3516 1379 ergo
3551 1312 3653 1363 htt-

2094 1400 2290 1454 militas
2322 1400 2497 1454 inanis
2525 1414 2645 1468 quae
2668 1399 2946 1453 descendit
2975 1415 3038 1454 ex
3079 1410 3318 1466 peccato.
3345 1400 3516 1468 Hujus
3551 1403 3655 1471 igi-

2096 1501 2180 1544 tur
2217 1491 2538 1545 humilitatis
2579 1491 2754 1544 inanis
2781 1493 3116 1559 metropolim
3149 1493 3289 1562 cepit
3317 1494 3398 1547 vel
3426 1494 3656 1548 exscidit

2094 1580 2278 1645 Caleb,
2306 1590 2360 1634 et
2382 1581 2658 1634 interemit
2700 1591 2810 1636 tres
2837 1583 2972 1639 ﬁlios
3002 1584 3204 1649 Euach,
3238 1585 3326 1652 qui
3360 1593 3515 1638 erant
3560 1583 3654 1638 ﬁlii

2095 1669 2270 1723 inanis
2291 1669 2624 1735 humilitatis,
2650 1679 2704 1724 et
2731 1670 2836 1726 illis
2858 1671 3156 1727 interfectis
3178 1673 3292 1742 ipse
3317 1674 3520 1728 habitat
3543 1674 3653 1744 (67)

426 1757 752 1812 litterarum.
787 1758 892 1813 Sed
934 1767 991 1812 et
1027 1759 1198 1827 ipsum
1256 1758 1567 1827 quaestionis
1621 1758 1796 1813 locum
1845 1759 1991 1813 Scri-
2021 1750 2064 1804 Β
2093 1759 2386 1822 civitatem,
2417 1769 2472 1812 et
2517 1758 2645 1812 facit
2691 1775 2809 1827 quae
2857 1761 2908 1812 in
2943 1763 3398 1830 consequentibus
3453 1763 3654 1832 scripta

422 1860 586 1920 plura
638 1861 829 1904 sancta
862 1852 1122 1918 posuerit,
1158 1851 1201 1904 si
1239 1860 1436 1914 tamen,
1471 1861 1529 1904 ut
1575 1849 1830 1914 diximus,
1857 1851 1990 1904 nihil

423 1943 602 1997 otiose
622 1942 676 1996 in
713 1943 800 1996 his
836 1942 1012 1996 verbis
1043 1943 1499 2011 prteterenndum,
1531 1943 1676 2011 quod
1702 1942 1992 1997 G0thoniel

424 2036 595 2091 frater
638 2049 759 2092 esse
811 2037 1009 2090 dicitur
1056 2035 1241 2098 Caleb,
1265 2042 1318 2087 et
1358 2034 1521 2090 Caleb
1557 2035 1702 2090 ﬁlius
1732 2037 1991 2091 scribitur

422 2126 652 2193 Jeﬂ'one,
685 2140 739 2184 et
759 2128 1048 2184 Gothoniel
1086 2128 1227 2182 ﬁlius
1254 2128 1524 2183 Cheuner.
1556 2128 1836 2195 Quomodo
1863 2144 1992 2199 ergo

423 2221 697 2275 videbitur
733 2218 904 2274 frater
934 2234 1056 2275 esse
1093 2219 1283 2284 Caleb,
1319 2221 1411 2288 qui
1454 2235 1560 2274 non
1594 2229 1678 2274 est
1709 2221 1850 2275 ﬁlius
1878 2221 1991 2277 Jef-

423 2311 576 2378 fone,
604 2312 694 2368 sed
719 2311 809 2366 ille
836 2312 1036 2366 dicitur
1083 2313 1226 2366 ﬁlius
1257 2310 1480 2375 Jell’one,
1504 2312 1608 2366 iste
1641 2322 1820 2366 autem
1854 2313 1993 2369 ﬁlius

424 2401 697 2466 Cheuner,
731 2402 822 2471 qui
848 2402 1051 2457 dicitur
1077 2404 1284 2470 cepisse
1313 2402 1590 2456 civitatem
1640 2401 1993 2459 litterarum?

425 2495 500 2551 De
536 2510 644 2564 quo
674 2496 915 2560 additur,
945 2495 1074 2564 quia
1117 2505 1174 2548 et
1200 2495 1386 2565 junior
1434 2504 1572 2559 erat,
1599 2503 1651 2548 et
1682 2510 1776 2562 per
1816 2498 1994 2550 condi-

427 2588 627 2642 tionem
650 2586 871 2640 virtutis
919 2587 1110 2640 merito
1141 2587 1408 2655 acceperit
1439 2588 1610 2638 Axam
1634 2585 1799 2640 tiliam
1831 2586 1994 2642 Caleb

423 2694 674 2741 uxorem,
703 2678 828 2748 quia
861 2680 1095 2748 exscidit
1131 2689 1186 2734 et
1215 2678 1446 2748 perdidit
1483 2677 1758 2732 civitatem
1789 2678 1995 2732 littera-

425 2784 566 2823 rum.
609 2768 810 2824 Exiens
865 2781 1043 2824 autem
1082 2771 1150 2824 de
1187 2771 1345 2824 domo
1375 2769 1540 2838 patris
1577 2767 1661 2822 sui
1690 2768 1826 2832 Axa,
1875 2782 1995 2838 quae

353 2862 359 2875 '
426 2860 471 2913 ei
505 2876 570 2913 ex
602 2868 750 2913 certa
792 2859 1104 2914 conditione
1153 2868 1374 2928 nuptum
1409 2859 1604 2911 tradita
1650 2865 1768 2924 est,
1802 2859 1995 2911 sedens

426 2966 589 3019 super
637 2952 847 3005 asinum
885 2951 1096 3006 dicebat
1140 2952 1258 3003 viro
1313 2965 1410 3003 suo
1438 2949 1484 2981 ⁸³
1516 2967 1529 3002 :
1561 2967 1581 2999 ‹
1631 2949 1813 3003 Petam
1845 2963 1871 3002 a
1904 2963 1997 3016 pa-

2092 1856 2240 1902 sunt.
2290 1847 2390 1912 Qui
2426 1859 2604 1901 autem
2655 1860 2782 1902 sunt
2830 1850 2916 1903 isti
2966 1850 3058 1904 ﬁlii
3107 1853 3284 1905 inanis
3335 1852 3657 1908 humilitatis

2092 1955 2228 2008 quos
2263 1941 2650 1996 exterminavit
2673 1941 2883 1995 Caleb?
2915 1941 3125 1998 Primus
3164 1944 3322 1998 Susui
3351 1946 3438 2014 qui
3486 1945 3656 1999 inter-

2091 2041 2332 2100 pretatur
2354 2041 2502 2085 extra
2530 2048 2608 2085 me
2639 2029 2771 2102 (68),
2801 2032 2902 2085 hoc
2924 2043 3005 2087 est
3045 2041 3198 2086 extra
3236 2046 3503 2096 sanctum,
3531 2035 3654 2102 quia

2092 2131 2246 2176 extra
2276 2132 2520 2177 sanctum
2567 2133 2650 2176 est
2692 2123 2832 2175 ﬁlius
2873 2124 3053 2176 inanis
3088 2123 3435 2188 humilitatis,
3465 2125 3572 2177 itno
3602 2131 3656 2177 et

2092 2223 2244 2268 extra
2281 2213 2469 2268 Deum.
2493 2215 2588 2266 Est
2617 2223 2672 2268 et
2711 2215 2850 2268 alius
2879 2215 3164 2278 Acltiman,
3197 2215 3286 2283 qni
3331 2217 3659 2284 interpreta-

2095 2315 2182 2360 tur
2202 2306 2363 2375 frater
2380 2322 2522 2360 meus
2547 2315 2694 2359 extra
2715 2306 2987 2360 consilium
3013 2305 3144 2377 (69),
3163 2306 3312 2360 velut
3335 2307 3378 2359 si
3406 2307 3654 2360 dicamus

2094 2398 2262 2453 frater
2318 2398 2436 2452 sine
2459 2397 2700 2451 consilio.
2749 2397 2946 2452 Omnes
2995 2399 3191 2453 etenim
3226 2397 3422 2453 fratres
3453 2401 3544 2469 qui
3590 2399 3658 2454 de

2095 2490 2400 2546 humilitate
2430 2489 2580 2542 inani
2627 2498 2942 2552 nascuntur,
2977 2499 3182 2543 certum
3213 2499 3296 2543 est
3321 2489 3446 2558 quia
3476 2500 3530 2542 et
3561 2505 3653 2542 ex-

2096 2593 2176 2638 tra
2213 2585 2498 2640 consilium
2540 2596 2683 2640 sunt.
2722 2583 2934 2638 Tertius
2969 2582 3239 2648 Thalami,
3269 2584 3358 2652 qui
3397 2583 3658 2651 interpre-

2096 2687 2242 2730 tatur
2268 2677 2614 2745 prwcipitium
2650 2676 2730 2729 vel
2759 2677 3023 2744 suspensio
3054 2675 3164 2746 (70)
3199 2693 3210 2729 :
3237 2676 3378 2744 quod
3414 2677 3659 2744 designat

2096 2768 2228 2822 nihil
2263 2768 2314 2821 in
2346 2781 2411 2820 eo
2437 2768 2768 2833 stabilitatis,
2791 2769 2882 2821 sed
2909 2782 3039 2835 vaga
3066 2767 3244 2821 omnia
3265 2778 3317 2820 et
3341 2769 3392 2820 in
3424 2783 3659 2837 praeceps

2097 2861 2327 2915 ruentia.
2363 2859 2499 2915 Istos
2535 2875 2665 2927 ergo
2689 2868 2796 2914 tres
2823 2860 2958 2913 ﬁlios
2992 2861 3167 2913 Enach
3197 2861 3576 2913 exterminavit
3604 2869 3659 2914 et

2097 2951 2369 3006 interfecit
2400 2951 2584 3015 Caleb,
2619 2961 2674 3005 et
2718 2960 2840 3021 post
2874 2953 3007 3005 istos
3053 2951 3331 3005 descendit
3371 2951 3423 3004 in
3473 2950 3653 3006 Dabir.

427 3056 509 3100 tre
543 3059 666 3100 meo
705 3045 1008 3113 portionem
1056 3043 1194 3112 agri.
1231 3042 1297 3096 Et
1325 3041 1650 3096 exclamavit
1696 3041 1762 3095 de
1791 3051 1991 3104 monte,
2024 3085 2066 3140 ο
2099 3042 2302 3099 Nomen
2346 3055 2463 3099 erat
2503 3045 2668 3099 Dahir
2715 3048 2867 3116 prius
2901 3047 3094 3100 civitas
3137 3045 3462 3102 litterarum.
3491 3045 3660 3100 Dahir

426 3149 481 3192 et
529 3139 666 3192 dixit
709 3139 757 3192 ei
795 3136 1156 3204 Caleb,Quid
1210 3143 1294 3188 est
1336 3133 1479 3187 tibi?
1511 3143 1565 3188 et
1607 3134 1742 3186 dixit
1779 3132 1826 3186 ei
1867 3148 1882 3184 :
1922 3131 1992 3184 Da

427 3229 557 3282 mihi
583 3230 1032 3294 benedictionem,
1063 3228 1186 3296 quia
1215 3227 1266 3279 in
1292 3235 1438 3280 terra
1467 3225 1636 3280 austri
1667 3233 1885 3292 nuptum
1910 3237 1998 3276 me

428 3323 720 3384 tradidisti.
753 3322 820 3377 Et
859 3322 1067 3391 accepit
1098 3320 1382 3376 Gonetlatn
1413 3319 1765 3386 superiorem,
1797 3327 1851 3373 et
1888 3317 1997 3373 Go—

427 3417 628 3472 netlam
665 3415 998 3470 inferiorem.
1031 3433 1049 3465 ι
1076 3414 1140 3468 Ει
1166 3412 1435 3468 conclusit
1463 3409 1741 3477 Scriptura
1773 3408 1991 3464 dicens:

436 3507 619 3562 σ11ωο
669 3515 754 3560 est
787 3505 1076 3561 hereditas
1128 3505 1300 3559 tribus
1354 3501 1510 3556 .lttda.
1547 3519 1566 3551 ι
1614 3498 1820 3555 Videtis
1867 3499 1993 3569 quia

424 3615 552 3654 vere
581 3598 785 3652 auxilio
811 3598 905 3652 Dei
929 3612 1064 3666 opus
1099 3607 1202 3656 est,
1229 3604 1286 3648 ut
1316 3595 1429 3649 haec
1453 3593 1728 3662 explanari
1758 3590 1995 3660 queant?

427 3688 767 3759 lmpossibile
803 3703 1028 3757 prorsus
1057 3697 1142 3742 est
1181 3688 1346 3741 ullum
1382 3687 1659 3740 hominum
1688 3685 1752 3737 de
1792 3683 1857 3736 iis
1885 3684 1994 3736 dis-

424 3796 642 3845 serere,
687 3779 790 3832 nisi
836 3779 1169 3832 illuminatus
1217 3793 1315 3846 per
1375 3777 1468 3830 Dei
1518 3773 1743 3845 gratiam
1805 3771 1988 3827 fuerit.

430 3871 555 3926 Ideo
596 3885 729 3942 ergo
764 3869 945 3938 juvate
975 3885 1061 3925 me
1081 3868 1443 3930 orationibus,
1473 3877 1527 3921 et
1554 3882 1763 3922 mecum
1789 3867 1993 3936 pariter

427 3963 690 4027 laborante,
709 3971 770 4016 ut
799 3961 1058 4016 Dominus
1088 3960 1140 4014 itt
1165 3961 1248 4016 his
1277 3969 1386 4014 tam
1413 3961 1657 4015 obscuris
1678 3969 1733 4014 et
1758 3959 1989 4014 abscon-

427 4056 555 4109 ditis
589 4053 724 4110 locis
747 4055 918 4109 lucem
941 4054 1191 4108 veritatis
1219 4054 1374 4108 nobis
1405 4053 1657 4122 dignetur
1685 4053 1988 4116 ostendere,

426 4155 487 4200 ut
515 4156 568 4200 et
598 4159 696 4198 nos
727 4145 876 4198 vobis
903 4143 1168 4213 possimus
1194 4143 1406 4214 aperire
1426 4141 1693 4211 quomodo
1713 4143 1830 4196 haec
1858 4156 1989 4196 vera

428 4248 483 4292 et
515 4237 666 4291 utilia
697 4245 750 4290 et
789 4237 968 4290 divina
995 4243 1139 4302 sunt,
1165 4236 1259 4289 sed
1283 4249 1380 4304 pro
1412 4233 1707 4301 fragilitate
1736 4233 1988 4286 humana:

429 4338 637 4381 natura:
676 4325 890 4380 obtecta
938 4325 1295 4379 sacramentis
1333 4333 1389 4378 et
1416 4324 1654 4378 involuta
1693 4323 1985 4393 mysteriis.

2101 3137 2484 3205 interpretatur
2513 3137 2717 3208 loquela
2747 3139 2881 3208 (7|).
2910 3139 3016 3193 Sed
3048 3154 3241 3193 nomen
3287 3137 3470 3201 Dahir,
3504 3137 3657 3206 prius

2097 3227 2287 3281 civitas
2345 3227 2673 3283 litterarum.
2715 3230 2884 3299 Igitur
2930 3231 3202 3284 civitatem
3241 3231 3539 3284 litterarum
3576 3230 3659 3283 in-

2098 3319 2275 3388 tellige
2321 3335 2482 3374 omne
2541 3320 2872 3376 Testamenti
2915 3319 3127 3375 Veteris
3193 3321 3654 3374 instrumentum:

2096 3408 2249 3464 idest
2277 3418 2330 3464 et
2357 3411 2497 3465 hanc
2523 3411 2688 3480 ipsam
2724 3426 2883 3480 quam
2920 3428 3059 3467 nunc
3101 3413 3368 3467 disserere
3396 3426 3661 3465 conamur

2095 3499 2426 3569 Scripturam
2452 3543 2466 3567 ,
2509 3502 2870 3570 intelligamus
2904 3517 3024 3556 esse
3042 3503 3655 3564 civitatemlitterarum,

2093 3607 2212 3660 qua:
2240 3594 2576 3662 postmodum
2611 3593 2872 3648 eﬂiciatnr
2904 3594 3084 3662 Dahir,
3128 3593 3270 3662 qttod
3313 3603 3395 3648 est
3426 3593 3656 3662 loquela.

2095 3685 2220 3741 Haec
2249 3687 2449 3741 etenim
2476 3702 2596 3756 quae
2626 3687 2776 3756 prius
2801 3688 2853 3741 in
2887 3687 3076 3742 litteris
3104 3696 3241 3748 erat,
3272 3695 3326 3741 et
3354 3686 3652 3740 secundum

2092 3775 2396 3831 litterarum
2440 3777 2859 3847 intelligebatur,
2892 3780 3050 3831 modo
3076 3778 3128 3830 in
3159 3776 3414 3830 Ecclesiis
3447 3775 3660 3830 Christo

2093 3869 2364 3922 revelante
2401 3869 2649 3931 Domino,
2684 3869 2893 3938 loquela
2939 3869 3127 3922 ell‘ecta
3157 3877 3264 3932 est,
3311 3868 3660 3936 loquentibus

2093 3971 2149 4016 et
2197 3961 2590 4016 disserentibus
2629 3962 2806 4028 primo
2841 3961 3044 4015 sanctis
3081 3960 3356 4030 apostolis,
3384 3969 3440 4015 et
3481 3975 3662 4014 remo-

2089 4053 2340 4107 ventibus
2381 4052 2720 4119 superﬁciem
2753 4052 2968 4117 litterae,
3016 4052 3414 4119 proferentihus
3441 4068 3570 4106 vero
3592 4053 3660 4106 de

2089 4159 2152 4197 ea
2197 4143 2491 4210 spiritalem
2524 4143 2815 4212 loquelam.
2859 4142 2962 4198 Sed
3003 4153 3057 4196 et
3095 4143 3293 4212 singuli
3331 4144 3530 4212 quique
3562 4143 3658 4197 do-

2090 4244 2267 4288 ctores
2311 4234 2674 4289 Ecclesiarum
2715 4234 2945 4288 litteram
2969 4233 3103 4302 legis
3140 4233 3430 4302 loquelam,
3461 4242 3515 4287 et
3547 4234 3661 4288 dis-

2088 4325 2421 4394 putationem
2474 4324 2837 4394 evangelicam
2883 4324 3106 4378 faciunt.
3159 4324 3259 4389 Qui
3311 4331 3490 4377 autem
3536 4331 3665 4376 sunt

497 4418 553 4474 5.
592 4418 774 4472 Primo
799 4431 928 4486 ergo
954 4415 1313 4471 discutiamus
1341 4431 1512 4485 quare
1539 4415 1873 4482 metr0polim
1899 4427 1988 4467 ac-
2020 4439 2064 4492 ι)
2096 4427 2204 4475 tres
2258 4418 2348 4471 ﬁlii
2391 4418 2594 4478 Euach,
2641 4430 2778 4485 quos
2806 4414 3061 4480 Caleb,in
3096 4415 3247 4480 cujus
3285 4427 3516 4481 persona
3556 4413 3661 4466 vir-

428 4512 573 4580 cepit
608 4508 792 4575 Caleb,
821 4517 874 4564 et
907 4507 1053 4561 illam
1087 4523 1208 4576 qua:
1250 4508 1424 4577 prima
1456 4509 1598 4561 inter
1622 4516 1844 4562 caeteras
1870 4521 1983 4560 om-

428 4618 528 4658 nes
559 4602 611 4656 in
641 4611 784 4656 terra
834 4599 1272 4670 repromissionis
1318 4601 1628 4670 metropolis
1658 4601 1988 4663 nominatur,

429 4704 482 4750 et
517 4693 854 4763 metropolim
901 4691 1109 4746 Euach.
1156 4693 1335 4747 Euach
1380 4694 1766 4762 interpretatur
1816 4691 1988 4744 humi-

429 4787 554 4840 litas
582 4785 774 4852 inanis,
816 4785 897 4840 vel
921 4785 1399 4855 responaia'inanis
1421 4785 1557 4856 (66).
1598 4784 1822 4854 Accepit
1859 4797 1989 4852 ergo

493 4891 664 4950 90105.
681 4891 876 4958 “J5.
917 4900 961 4931 ⁸³
989 4899 1141 4967 ibid.,
1166 4899 1254 4954 16.
1329 4899 1551 4965 “ibid.,
1627 4899 1713 4964 18,
1755 4901 1838 4965 19,
1867 4899 1959 4956 20.

429 4972 473 5005 ⁸⁸
503 4970 525 5025 1
552 4971 688 5042 Reg.
725 4985 846 5025 xttt.

503 5113 616 5184 (66)
659 5112 846 5166 Euach
878 5113 1252 5181 interpretatur
1291 5112 1564 5184 humilitas
1604 5111 1779 5184 inanis
1810 5109 1889 5184 vel
1914 5123 1995 5160 re-

436 5179 647 5244 sponsio
693 5184 892 5237 inanis.
929 5179 1025 5237 Abi
1053 5192 1156 5246 my
1192 5200 1210 5233 t
1244 5183 1542 5251 respondit,
1575 5179 2004 5246 ltumiliavit,iet

431 5253 1069 5334 Ῥ’Ἴ,Ϊ.Ῡ³Ξ³Ξ¹¹¹⁸,εί¹¹³¹¹ί⁸·³

435 5319 749 5446 ;.((il7)tMs.
781 5323 1089 5393 Sangerm.,
1110 5341 1130 5375 ι
1156 5323 1385 5378 habitat.
1424 5340 1443 5373 ι
1475 5321 1631 5377 [ιῗιὼ.
1661 5320 1825 5376 editi:
1860 5339 1877 5372 ε
1905 5319 2000 5372 ha-

453 5407 542 5446 111ἕ1
568 5413 612 5446 HI
645 5437 659 5446 .
698 5413 716 5446 ι

453 5394 659 5451 litabat.
698 5413 716 5446 ι

509 5461 617 5533 (68)
659 5464 948 5534 Susui,qui
996 5465 1375 5541 interpretatur
1404 5472 1555 5516 extra
1597 5476 1697 5513 me.
1755 5458 1836 5512 Ab
1893 5465 1998 5541 γἹΠ

446 5549 463 5581 α
500 5543 650 5586 extra
675 5553 692 5584 ι
727 5545 782 5587 et
817 5533 1134 5602 pronomine
1175 5533 1330 5586 allixo
1360 5541 1402 5586 ν.

507 5602 618 5671 (69)
659 5599 939 5673 Achiman,
975 5604 1061 5673 qui
1095 5607 1470 5670 interpretatur
1492 5599 1655 5673 frater
1681 5615 1824 5673 meus
1847 5607 1997 5673 extra

442 5669 736 5730 consilium.
759 5669 1009 5742 Suspicio
1040 5685 1123 5731 est
1144 5669 1579 5744 ety’tnologistam
1611 5671 1800 5740 legisse
1828 5669 1996 5724 Achi-

2049 4899 2094 4932 ⁸⁸
2122 4898 2310 4956 Matth.
2363 4913 2439 4963 ιι,
2486 4898 2575 4953 29.
2650 4899 2696 4930 δι
2725 4897 2856 4953 Luc.
2901 4912 3012 4962 xtv,
3052 4898 3138 4953 11.

2099 4521 2267 4567 tutem
2309 4509 2440 4578 legis
2485 4508 2902 4574 ascripseramus
2929 4547 2944 4569 ,
2983 4506 3282 4561 interimit?
3333 4504 3512 4559 Inanis
3565 4505 3666 4558 hu-

2096 4601 2297 4654 militas
2325 4598 2638 4668 accipienda
2677 4607 2758 4651 est
2788 4597 2905 4660 illa,
2938 4612 3100 4665 quam
3143 4612 3330 4652 omnes
3369 4594 3525 4664 hujus
3559 4609 3664 4649 sa:-

2096 4691 2199 4746 culi
2240 4703 2407 4759 poetae
2445 4689 2524 4743 vel
2555 4689 2847 4756 philosophi
2900 4691 2963 4741 de
3017 4689 3293 4742 divinitate
3345 4694 3665 4750 senserunt,

2095 4783 2223 4852 quia
2258 4793 2311 4837 et
2345 4781 2564 4836 humilia
2592 4789 2644 4836 et
2677 4781 2787 4835 Deo
2823 4781 3037 4850 indigna
3060 4790 3185 4835 sunt
3219 4793 3336 4848 quae
3357 4785 3662 4833 senserunt.

3213 4898 3258 4930 ⁸⁸
3285 4897 3306 4951 l
3353 4896 3494 4953 Petr.
3518 4911 3574 4960 v,
3606 4895 3660 4949 6.

2106 5113 2278 5162 maaz,
2303 5107 2358 5151 et
2381 5097 2751 5167 etymologiam
2791 5111 2940 5149 suam
2983 5095 3198 5149 duxisse
3228 5110 3290 5147 ex
3324 5102 3428 5154 ms:
3455 5114 3473 5146 ι
3505 5095 3669 5149 frater

2107 5184 2262 5291 {treus
2298 5187 2315 5217 ι
2343 5177 2398 5220 et
2421 5178 2510 5254 pa,
2542 5178 2610 5231 7:,
2643 5187 2660 5217 ί
2694 5176 2908 5236 przeter,
2937 5175 3120 5230 extra,
3159 5184 3174 5214 ι
3206 5174 3260 5218 et
3285 5174 3397 5227 733:“;
3431 5185 3449 5215 ε
3487 5167 3667 5219 consi-

2129 5254 2257 5291 tum.
2290 5255 2309 5287 ι

2129 5254 2257 5292 tum.
2290 5255 2309 5287 ι

2179 5322 2289 5391 (70)
2317 5320 2572 5382 Thalami,
2601 5322 2688 5389 qui
2715 5321 3089 5391 interpretatur
3115 5321 3459 5388 prwcipitium
3484 5320 3562 5371 vel
3586 5337 3668 5372 su-

2107 5387 2326 5473 spensio.
2363 5387 2654 5472 Suspensi-0
2678 5420 2706 5456 a
2734 5387 2890 5462 n5th
2924 5387 3230 5471 suspendit,
3265 5421 3282 5452 ›
3314 5403 3665 5473 praecipitium

2108 5467 2286 5607 autern
2321 5467 2559 5540 Thalami
2595 5486 2697 5541 dici
2749 5501 2907 5554 posse
2950 5467 3056 5538 non
3089 5467 3329 5549 videtur,—
3347 5485 3450 5537 nisi
3479 5467 3521 5537 ἰι
3550 5467 3666 5540 3511

2116 5575 2133 5607 ι
2165 5571 2366 5607 sucus.
2409 5575 2426 5607 ι

2116 5575 2133 5607 Ι
2165 5571 2366 5609 SlllCllS.
2409 5575 2426 5607 ι

2175 5638 2280 5709 (71)
2293 5639 2835 5706 Dabirinterpretatur
2848 5636 3070 5706 loquela.
3083 5637 3247 5696 A121
3264 5655 3280 5687 ί
3300 5636 3508 5690 locutus
3523 5638 3623 5685 est.
3639 5647 3659 5680 ι
