4050 6148
492 189 594 244 9‘27

489 397 616 451 mile
651 416 812 469 quam
854 405 999 471 ligna
1047 419 1101 464 et
1155 413 1356 482 lapides
1401 420 1529 477 deos
1579 426 1660 479 vel
1699 439 1941 488 astruere
1975 437 2057 492 vel

486 498 676 556 putare
713 492 1042 567 (72)?Hujus
1071 518 1200 572 ergo
1227 506 1403 564 inanis
1430 515 1752 576 humilitatis
1776 523 1915 580 ﬁlius
1942 531 2055 596 pri-

486 594 606 633 mus
636 591 719 636 est
754 583 933 651 Susui,
966 593 1057 659 qui
1087 594 1285 651 dicitur
1309 611 1456 656 extra
1485 622 1592 671 me,
1616 609 1716 665 hoc
1741 624 1825 668 est
1849 619 2052 682 primus

483 682 672 724 sensus
693 689 879 730 eorum
902 691 957 733 et
979 693 1131 737 extra
1157 690 1464 756 veritatem,
1492 707 1548 749 et
1583 712 1737 757 extra
1756 703 1922 760 Deum
1944 719 2047 764 est.

482 758 762 820 Secundus
796 783 925 825 vero
958 776 1244 847 Achiman,
1271 786 1320 838 id
1351 798 1432 843 est
1465 790 1634 847 frater
1656 796 1773 851 sine
1802 800 2046 858 consilio.

479 851 703 910 Rectum
722 869 804 914 est
822 877 970 932 vero,
995 872 1118 937 quia
1134 885 1186 928 et
1202 876 1298 931 iste
1313 879 1482 937 frater
1501 885 1727 943 sitillius
1741 893 2044 964 errorisqui

476 946 592 1001 sine
615 953 842 1008 consilio
855 961 1078 1025 geritur.
1094 965 1230 1030 Quid
1253 972 1392 1025 enim
1418 983 1523 1027 tam
1549 979 1666 1033 sine
1685 984 1913 1038 consilio
1939 999 2042 1056 est,

477 1051 633 1105 quam
686 1042 995 1114 relinquere
1030 1053 1196 1109 Deum
1255 1061 1346 1128 qui
1387 1079 1482 1117 uos
1507 1066 1655 1134 fecit,
1691 1083 1745 1126 et
1771 1077 1923 1142 sequi
1950 1095 2044 1134 eos

475 1146 610 1198 quos
647 1150 748 1191 nos
782 1138 1056 1200 fecimus?
1087 1149 1302 1208 'l‘ertius
1329 1161 1533 1216 erroris
1568 1179 1759 1221 sensus
1786 1179 1868 1222 est
1901 1171 2040 1228 Tha-

473 1220 624 1288 lami,
651 1230 796 1294 quod
831 1243 916 1287 est
945 1236 1299 1310 praecipitium
1343 1250 1425 1303 vel
1475 1259 1779 1322 suspensio.
1807 1261 2039 1320 Novissi-

470 1325 554 1364 ma
591 1330 822 1386 namque
848 1323 1002 1391 hujus
1033 1333 1239 1387 erroris
1271 1340 1495 1395 tendunt
1527 1344 1578 1397 in
1602 1351 1952 1420 praecipitium
1983 1367 2038 1413 et

469 1402 522 1457 in
569 1409 888 1475 profundum
939 1419 1160 1480 inferni.
1195 1429 1340 1501 Ergo
1375 1435 1469 1490 hos
1492 1441 1810 1504 gentilitatis
1839 1461 2035 1504 sensus

465 1502 721 1566 tanquam
774 1506 912 1564 ﬁlios
959 1511 1138 1570 Enach
1182 1525 1378 1577 vetusti
1421 1531 1627 1584 erroris
1656 1533 1886 1591 abscidit
1922 1541 2028 1609 lex,

463 1599 580 1653 quae
601 1593 765 1648 etiam
793 1603 1087 1658 secundum
1122 1608 1356 1667 litteram
1382 1617 1546 1673 Deum
1573 1637 1756 1679 verum
1785 1639 1840 1683 et
1867 1629 2029 1687 Crea-

460 1683 631 1733 torem
659 1687 898 1742 omnium
930 1697 1207 1761 prardicat.

527 1769 580 1824 6.
624 1773 728 1828 Sed
768 1794 910 1836 nunc
944 1793 1191 1845 ascendit
1238 1793 1405 1854 Caleb
1437 1803 1503 1854 ad
1551 1805 1706 1860 istam
1747 1811 2020 1870 civitatem

456 1856 850 1933 litterarum,et
877 1874 1012 1931 dixit
1033 1880 1076 1910 ⁸⁷
1110 1898 1122 1934 :
1153 1900 1174 1933 ς
1203 1885 1518 1960 Quicunque
1557 1901 1846 1956 exsciderit
1882 1907 2014 1960 civi-

457 1959 621 2007 tatem
663 1957 820 2015 istam
864 1965 1187 2038 litterarum,
1221 1988 1275 2031 et
1301 1981 1596 2040 obtinuerit
1621 2005 1772 2058 eam,
1803 1996 1940 2050 dabo
1970 2001 2019 2053 ei

451 2043 620 2099 Axam
647 2049 807 2105 ﬁliam
835 2071 1007 2112 meam
1050 2078 1296 2122 uxorem.
1328 2070 1394 2125 Et
1421 2078 1562 2144 cepit
1587 2095 1703 2134 eam
1732 2083 2018 2144 Gothoniel

453 2135 595 2191 ﬁlius
629 2139 899 2202 Chenner.
940 2169 959 2201 ι
1001 2153 1288 2212 Gothoniel
1316 2174 1497 2218 autem
1531 2173 1620 2236 qui
1648 2178 1858 2244 accepit
1889 2183 2018 2234 civi-

455 2234 622 2281 tatem
654 2230 981 2305 litterarum,
1021 2243 1409 2315 interpretatur
1456 2263 1721 2330 responsio
1756 2230 1848 2319 Dei
1876 2270 2011 2341 (75),

455 2314 740 2341 Ι)..-..---κ-μ
851 2339 859 2341 Α
982 2335 1011 2341 --
1061 2337 1069 2341 .
1124 2339 1152 2341 ,γ

1168 2314 1178 2315 κ
1539 2314 1550 2330 1
1699 2314 1708 2315 ί
1757 2314 1784 2316 ⁷
1805 2314 1844 2319 "
1877 2314 1891 2337 \
1910 2314 2011 2341 ""l'

449 2314 751 2388 Responsio
775 2339 952 2384 autem
981 2335 1070 2389 Dei
1103 2339 1207 2392 dici
1233 2355 1404 2411 potest
1425 2354 1510 2405 cui
1539 2362 1821 2426 respondet
1851 2364 2011 2432 Deus,

449 2405 550 2432 ,λῃ
589 2422 665 2432 μ,
963 2423 972 2432 .

1233 2405 1244 2411 -
1543 2405 1821 2426 ν--ιν“”·“”ν“’
1851 2405 2011 2432 Vw"!

447 2405 552 2462 hoc
584 2422 669 2465 est
695 2417 778 2469 cui
831 2423 1035 2478 revelat
1075 2444 1306 2501 secreta,
1338 2449 1390 2492 et
1425 2447 1610 2508 pandit
1650 2466 1867 2508 arcana.
1907 2456 2012 2513 Iste

444 2512 572 2568 ergo
605 2513 688 2557 est
725 2510 816 2576 qui
855 2524 1031 2580 potest
1077 2525 1322 2593 accipere
1369 2532 1638 2590 civitatem
1683 2541 2006 2616 litterarum,

441 2600 497 2644 et
523 2597 722 2651 veteris
763 2601 1103 2664 instrumenti
1141 2620 1459 2679 exscindere
1494 2627 1728 2687 litteram
1758 2640 2009 2694 occiden-

445 2689 570 2738 tem.
622 2687 816 2746 Frater
848 2694 1014 2753 Caleb
1038 2701 1240 2769 junior.
1276 2711 1390 2783 Ego
1446 2729 1623 2774 autem
1665 2687 2007 2789 suun—dedic-

439 2772 602 2829 clesia
642 2778 806 2836 frater
833 2784 998 2844 Caleb
1024 2793 1224 2864 junior,
1264 2805 1353 2870 qui
1393 2811 1630 2867 exscissa
1647 2829 1710 2870 ac
1758 2819 2004 2879 discussa

439 2862 570 2936 legis
597 2868 792 2939 littera,
822 2893 1044 2936 sensum
1071 2886 1122 2940 in
1155 2905 1215 2942 ea
1246 2895 1577 2961 spiritualem
1618 2909 1856 2975 requiro.
1897 2914 2002 2969 Ex-

435 2958 622 3014 scindo
644 2976 822 3021 autem
847 2970 1104 3042 litteram,
1134 2996 1256 3036 cum
1282 2985 1392 3053 jam
1425 3007 1528 3046 non
1556 3000 1850 3054 secmtdunt
1882 3020 2003 3058 car-

435 3067 556 3108 nem
593 3057 972 3131 circumcidor,
1012 3085 1184 3139 neque
1214 3081 1507 3136 secundmn
1553 3101 1770 3143 carnem
1807 3109 1996 3164 azyma

435 3149 734 3215 manduco,
771 3171 942 3225 neque
984 3161 1189 3219 Pascha
1231 3184 1351 3224 cum
1390 3171 1590 3231 Judaeis
1622 3179 1870 3247 observo,
1905 3205 1998 3242 ne-

433 3251 538 3303 que
560 3238 853 3299 Sabbatum
881 3257 1174 3310 secundum
1214 3261 1443 3317 litteram
1478 3283 1628 3324 curo.
1660 3273 1992 3334 Promissum

432 3339 668 3395 namque
703 3333 830 3387 tnihi
862 3350 964 3404 est,
991 3345 1138 3410 quia,
1170 3348 1214 3399 si
1240 3352 1521 3410 exscidero
1548 3360 1817 3418 civitatem
1848 3368 1991 3422 litte-

432 3430 636 3483 rarum,
671 3437 991 3495 accepturus
1021 3436 1120 3487 sint
1167 3439 1332 3495 ﬁliam
1380 3444 1565 3503 fratris
1600 3454 1702 3506 mei
1747 3458 1986 3525 majoris.

432 3506 469 3525 π

1749 3506 1986 3525 κρήνη-.

430 3506 587 3561 Eram
609 3526 1003 3590 natnqueprius
1031 3528 1169 3582 ﬁlius
1184 3531 1453 3600 Chenner,
1481 3542 1572 3608 qui
1604 3543 1989 3615 interpretatur

423 3603 634 3666 spretio.
656 3607 787 3674 Quis
812 3617 956 3668 enim
986 3629 1103 3674 erat
1121 3626 1323 3689 spretio
1353 3603 1656 3699 (74),-sicut
1679 3654 1773 3693 nos
1799 3654 1986 3710 gentes

1360 3692 1366 3696 .
1446 3692 1454 3699 .
1474 3692 1481 3694 -
1757 3692 1763 3693 ί
1799 3692 1828 3710 ο
1845 3692 1984 3701 --ηνν

423 3692 640 3750 alienati
662 3715 689 3751 a
709 3712 1114 3766 conversatione
1137 3716 1319 3783 Israel,
1343 3737 1488 3789 spem
1510 3741 1611 3779 non
1635 3729 1912 3801 habentes,
1930 3747 1984 3791 ct

421 3785 537 3840 sine
569 3787 678 3844 Deo
699 3794 750 3846 in
771 3797 874 3853 hoc
899 3805 1139 3859 mundo?
1167 3807 1298 3862 Nam
1333 3815 1482 3880 prior
1507 3819 1593 3872 ille
1619 3821 1783 3877 frater
1809 3844 1978 3897 meus,

418 3879 570 3947 cujus
585 3899 724 3940 nunc
739 3893 946 3960 accipio
965 3897 1120 3950 ﬁliam
1141 3918 1234 3968 pro
1247 3921 1310 3958 eo
1325 3909 1464 3974 quod
1483 3915 1682 3967 cxscidi
1704 3918 1976 3980 civitatem

417 3970 739 4046 litterarum,
773 3983 858 4037 ille
882 3986 1022 4045 ﬁlius
1055 3991 1260 4050 chfone
1300 3998 1418 4065 fuit,
1458 4005 1547 4072 qui
1592 4008 1979 4080 interpretatur

414 4070 698 4126 conversio.
722 4072 820 4129 Dat
843 4078 969 4132 mihi
988 4096 1119 4152 ergo
1139 4088 1302 4142 filiam
1321 4108 1492 4160 suam,
1520 4097 1572 4150 id
1594 4109 1677 4152 est
1693 4105 1973 4163 scientiam

412 4155 507 4212 Dei
537 4162 644 4227 sui,
669 4166 754 4219 vel
791 4167 1201 4242 intelligentiam
1245 4185 1374 4240 mihi
1411 4155 1522 4256 (7S)
1572 4155 1798 4250 minorii
1823 4155 1973 4255 fratri

410 4249 499 4304 dat
523 4252 629 4320 lex,
661 4262 954 4316 secundum
997 4269 1140 4334 qttod
1164 4275 1421 4342 scriptum
1453 4295 1536 4336 est
1564 4284 1609 4315 ⁸⁸
1639 4304 1652 4340 :
1686 4306 1704 4338 t
1751 4289 1972 4348 Aufere-

408 4347 548 4394 tura
581 4347 729 4402 vobis
785 4365 1006 4420 regnum
1056 4357 1171 4422 Dei,
1215 4371 1269 4415 et
1306 4366 1520 4423 dabitur
1561 4387 1706 4442 genu
1743 4380 1964 4438 facienti
1999 4378 2042 4432 Ι)

405 4429 612 4491 fructus
637 4440 772 4508 ejus.
813 4464 830 4496 ι
875 4445 1165 4503 Sciendum
1201 4463 1377 4512 tamen
1421 4471 1501 4515 est
1543 4467 1688 4522 aliud
1727 4487 1846 4526 esse
1889 4475 1964 4528 le-

401 4540 543 4593 gem,
591 4535 740 4603 cujus
775 4555 920 4595 nunc
970 4559 1256 4612 personam
1306 4552 1548 4611 dedimus
1587 4559 1769 4629 Caleb,
1818 4566 1960 4620 aliud

400 4617 635 4676 litteram
673 4627 877 4687 Veteris
916 4636 1265 4707 Testamenti,
1285 4660 1446 4713 quam
1494 4651 1767 4709 civitatem
1823 4658 1959 4726 ﬁgu-

398 4711 586 4766 raliter
617 4717 850 4779 diximus
884 4726 1206 4788 litterarum.
1258 4711 1491 4808 Accepta
1527 4759 1658 4813 ergo
1700 4749 1804 4802 lilia
1842 4754 1958 4822 ejus

394 4817 494 4872 ego
530 4805 697 4863 frater
740 4813 854 4880 ejus
888 4817 1072 4886 junior
1102 4825 1273 4880 educo
1313 4845 1430 4883 eam
1484 4833 1550 4886 de
1581 4838 1740 4891 domo
1785 4845 1956 4908 patris

392 4897 496 4951 sui.
548 4900 678 4966 Quae
727 4920 844 4960 cum
895 4917 1108 4969 venerit
1145 4935 1352 4975 meeum
1390 4926 1583 4981 sedens
1625 4945 1786 4999 super
1843 4937 1950 4990 asi-

458 5009 501 5039 ⁸⁷
535 5009 644 5084 Jos.
680 5031 768 5080 xv,
799 5021 885 5084 10,
925 5025 1010 5078 l7.

389 5075 480 5132 65.
555 5083 638 5136 “l
677 5075 1041 5159 lteg.xn
1089 5075 1701 5177 ἔξω.

457 5173 1023 5279 deos
1067 5196 1160 5279 ‘vel
1225 5209 1472 5279 astruere
1525 5206 1607 5276 vel
1657 5215 1886 5279 putare?
1927 5233 1947 5267 ι

388 5241 561 5320 Lih_h_.'
589 5241 762 5320 editi;
785 5275 803 5306 ι
845 5241 1282 5320 deosastruere?
1317 5291 1333 5316 ι

457 5316 571 5390 (³75)
614 5317 886 5381 Gothom’el
998 5316 1372 5414 interp'reiutur
1403 5348 1670 5414 responsio
1697 5349 1812 5408 Dei.
1863 5354 1946 5409 Ab

391 5414 565 5486 nam
583 5421 857 5486 respondit
897 5435 915 5469 ι
936 5425 992 5473 et
1016 5404 1087 5482 53
1107 5447 1126 5479 ι
1151 5426 1313 5486 Deus.
1330 5449 1346 5480 ›

459 5478 573 5551 (74)
615 5478 961 5570 σΙὶρηηεςικᾳυὶ
990 5478 1366 5578 inlerpretjq'tur
1391 5509 1603 5574 spretio.
1648 5512 1778 5578 Quis
1805 5518 1942 5571 enim

1929 223 2248 283 ORIGENIS

492 305 628 371 Quid
668 311 812 366 enim
858 321 966 369 tam
1017 317 1220 376 humile
1264 331 1319 377 et
1364 327 1492 395 quid
1543 339 1648 387 tam
1695 335 1926 394 inaniter
1959 344 2061 397 lut-

1083 5029 1135 5120 ἶῖ
1157 5030 1344 5120 Matth.
1377 5052 1486 5102 nt,
1517 5041 1714 5120 55:?
1738 5044 1851 5102 Jos.
1886 5067 1975 5120 xv,
2018 5057 2106 5111 19.

3617 254 3720 311 928

2091 347 2138 404 Α
2165 360 2289 398 num
2353 347 2535 419 (super
2562 367 2722 421 quem
2761 358 2968 414 asinum
2994 362 3018 414 ?
3043 362 3187 418 illum
3222 365 3339 421 sine
3371 366 3538 423 dubio
3559 384 3714 438 quem

2158 436 2432 495 solverant
2483 444 2733 516 discipuli
2792 452 3164 526 Salvatoris),
3204 459 3331 514 dicit
3381 463 3446 517 ad
3508 436 3715 532 patrem

2155 547 2309 586 suum
2357 533 2401 565 ⁸³
2443 551 2456 585 :
2501 553 2520 587 α
2580 539 2652 593 Da
2713 544 2844 598 mihi
2900 547 3368 619 benedictionem,
3419 570 3602 622 pater.
3656 560 3717 616 Et

2154 626 2358 695 accepit
2384 628 2665 687 Gonetlam
2705 639 3059 709 superiorem,
3088 656 3143 699 et
3171 645 3452 705 Gonetlam
3493 652 3713 708 inferio-

2153 729 2284 769 rem.
2343 717 2506 791 447
2538 741 2558 775 ι
2610 725 2760 790 Quod
2791 729 3088 788 evidentius
3118 737 3410 804 Apostolus
3453 742 3590 797 dicit
3623 746 3669 776 "
3697 765 3710 800 :

2156 823 2174 855 ι
2205 805 2652 867 Pollicitationem
2698 817 2901 874 habens
2926 823 3048 875 vitae
3075 825 3192 893 ejus
3222 843 3341 897 qua
3372 847 3520 887 nunc
3544 844 3629 889 est
3660 849 3712 892 et

2147 894 2361 952 futurte.
2404 920 2422 951 ι
2461 901 2524 957 Et
2579 915 2634 961 ut
2670 908 2923 965 Salvator
2968 894 3296 982 repromittit
3331 923 3399 978 iis
3443 929 3540 996 qui
3590 945 3709 985 ver-

2146 987 2196 1041 bi
2229 991 2312 1044 sui
2343 994 2730 1060 perfectionem
2765 1017 3084 1074 sequuntur,
3111 1012 3236 1082 quia
3278 1015 3556 1086 accipiant
3583 1014 3708 1075 cen-

2147 1078 2348 1145 tnpltnn
2381 1082 2488 1153 (76)
2516 1086 2566 1139 in
2607 1096 2857 1158 praesenti
2896 1078 3142 1164 szeculo;
3215 1103 3269 1157 in
3309 1078 3497 1163 futuro
3525 1122 3702 1168 autem

2143 1165 2306 1219 vitam
2337 1181 2594 1228 aeternam
2642 1193 3044 1250 consequantur
3069 1191 3136 1244 εί.
3161 1191 3275 1247 Hoc
3289 1207 3522 1269 estergo
3551 1216 3702 1257 acce-

2140 1258 2284 1324 pisse
2315 1261 2364 1314 in
2399 1262 2770 1325 benedictione
2802 1274 3082 1333 Gonetlam
3111 1288 3480 1354 superiorem,
3515 1302 3571 1346 et
3600 1293 3704 1348 Go~

2137 1351 2336 1405 netlam
2370 1354 2699 1416 inferiorem.
2730 1364 2898 1431 Quam
2932 1371 3366 1433 benedictionem
3396 1397 3621 1440 oremus
3650 1397 3703 1441 ut

2134 1450 2189 1492 et
2237 1458 2334 1498 nos
2391 1455 2653 1520 consequi
2695 1472 3019 1529 mereamur,
3052 1479 3147 1532 per
3189 1469 3467 1528 Christum
3517 1474 3698 1532 Domi-

2133 1546 2260 1586 nmu
2297 1549 2536 1596 nostrum
2557 1586 2572 1607 ,
2603 1548 2690 1601 cui
2715 1559 2799 1603 est
2828 1553 2997 1621 gloria
3021 1567 3076 1611 et
3106 1559 3391 1629 imperium
3427 1567 3481 1620 in
3501 1571 3697 1625 saecula

2130 1629 2468 1686 saeculorum.
2493 1641 2662 1695 Amen

2679 1757 2955 1816 IIOMILIA
2997 1763 3133 1821 XXI.

2122 1833 2200 1889 De
2230 1837 2356 1905 ﬁliis
2395 1841 2569 1907 Iuda,
2600 1851 2689 1917 qui
2734 1869 2835 1932 non
2881 1870 3160 1932 potuerunt
3196 1864 3497 1932 disperdere
3529 1867 3693 1925 Iebu-

2607 1935 2739 1973 swos
2783 1931 2845 1976 de
2884 1925 3196 1984 Jerusalem.

2192 2021 2241 2075 1.
2268 2022 2386 2078 Filii
2413 2025 2545 2081 Juda
2575 2031 2824 2089 volebant
2846 2038 3155 2109 disperdere
3177 2046 3257 2100 vel
3278 2050 3690 2109 interimeche-

2119 2109 2328 2166 busa‘os
2378 2119 2444 2170 de
2487 2117 2783 2176 Jerusalem
2824 2145 2841 2176 ι
2881 2139 2933 2181 et
2965 2146 3069 2183 non
3112 2145 3434 2204 potuerunt,
3473 2157 3691 2210 propter

2117 2206 2257 2271 quod
2306 2207 2618 2264 habitarunt
2653 2213 2881 2271 Jebuszei
2922 2236 3040 2274 cum
3084 2225 3210 2280 ﬁliis
3249 2227 3383 2282 Juda
3434 2206 3490 2285 in
3531 2206 3686 2288 Jeru-

2117 2296 2284 2350 salem
2333 2315 2502 2369 usque
2546 2304 2596 2356 in
2638 2306 2957 2364 hodiernum
2993 2315 3129 2369 diem
3170 2319 3235 2374 ⁸³.
3273 2339 3290 2371 ι
3341 2322 3602 2379 Volumus
3653 2343 3680 2380 a

2113 2387 2290 2443 littera
2329 2393 2643 2462 incipientes
2683 2399 2954 2470 inquirere
2981 2407 3048 2462 ab
3082 2409 3146 2464 iis
3187 2413 3279 2480 qui
3329 2425 3525 2483 putant
3571 2421 3680 2472 haec

2112 2483 2404 2537 secundmn
2443 2487 2678 2543 litteram
2701 2505 2847 2549 stare
2881 2513 3060 2566 posse,
3092 2504 3220 2570 quid
3250 2516 3330 2557 est
3364 2511 3514 2576 quod
3545 2511 3680 2564 dici-

2113 2579 2198 2624 tur
2223 2573 2332 2644 (77)
2393 2596 2411 2627 ‹
2449 2593 2616 2649 usque
2645 2584 2695 2636 in
2742 2585 3059 2645 hodiernum
3105 2595 3245 2648 diem
3280 2615 3294 2649 :
3327 2617 3346 2649 ι
3383 2573 3532 2668 quod
3558 2621 3673 2658 ver-

2109 2663 2233 2718 bum
2261 2681 2475 2735 semper
2505 2672 2784 2739 Scriptura
2834 2695 2929 2746 pro
2958 2697 3022 2736 eo
3061 2686 3211 2751 ponit
3252 2688 3328 2750 ⁸³,
3369 2701 3420 2743 ut
3453 2696 3672 2748 teter-ni-

2109 2763 2268 2809 tatem
2292 2759 2472 2810 saeculi
2505 2763 2721 2830 perhoc
2744 2765 3028 2836 signiﬁcet,
3061 2772 3280 2826 sicutet
3304 2775 3434 2828 dicit
3467 2795 3483 2832 :
3514 2799 3534 2830 ι
3569 2779 3671 2834 Νο-

2107 2845 2198 2898 lite
2233 2849 2479 2903 recedere
2508 2868 2536 2903 a
2565 2852 2786 2907 Domino
2819 2859 2868 2909 itt
2890 2860 3148 2917 hodierno
3171 2862 3277 2926 die,
3307 2885 3326 2916 ι
3358 2865 3409 2919 id
3432 2880 3553 2939 est,
3574 2873 3667 2927 do-

2104 2950 2204 2989 nec
2232 2938 2482 2991 saeculum
2507 2951 2632 2994 stat.
2671 2943 2934 3001 Ostendat
2965 2964 3093 3018 ergo
3124 2953 3250 3005 mihi
3278 2961 3550 3020 quomodo
3577 2961 3662 3016 Je-

2030 3027 2072 3086 C
2105 3025 2313 3080 busreus
2335 3029 2505 3083 donec
2542 3034 2794 3086 saeculum
2830 3047 2956 3102 stat,
2989 3039 3196 3094 habitat
3225 3060 3343 3098 cum
3379 3047 3505 3101 filiis
3531 3050 3659 3104 Juda

2099 3115 2151 3166 in
2179 3114 2504 3183 Jerusalem,
2537 3125 2735 3192 quippe
2769 3143 2887 3180 cum
2924 3146 2990 3181 ne
3020 3130 3116 3197 ipsi
3153 3137 3366 3203 quidem
3404 3139 3499 3192 ﬁlii
3531 3141 3659 3196 Juda

2097 3205 2338 3261 habitent
2367 3211 2417 3263 in
2455 3211 2771 3274 Jerusalem.
2804 3220 2926 3276 Ideo
2955 3240 3086 3293 ergo
3128 3243 3224 3282 nec
3270 3230 3412 3284 istud
3438 3237 3656 3288 verbum

2094 3311 2212 3349 esse
2244 3302 2460 3366 poterit,
2493 3306 2634 3371 quod
2674 3305 2902 3365 Jehusaei
2942 3329 3061 3366 cum
3094 3315 3292 3371 Judteis
3335 3320 3580 3376 habitent
3607 3327 3654 3378 in

2092 3386 2420 3456 Jerusalem,
2450 3398 2880 3465 quandoquidem
2925 3419 2991 3456 ne
3021 3407 3117 3474 ipsi
3165 3411 3376 3476 quidem
3410 3412 3655 3468 habitant

2091 3479 2144 3532 in
2173 3495 2255 3535 ea.
2287 3482 2392 3537 Sed
2429 3501 2523 3539 nos
2557 3488 2915 3559 intelligamus
2946 3496 3057 3551 haec
3086 3500 3462 3568 spiritualiter,
3500 3520 3654 3559 assu-

2089 3584 2297 3628 mentes
2322 3576 2588 3647 Evangelii
2629 3584 2936 3650 parabolam
2969 3610 3089 3660 qum
3109 3593 3233 3645 dicit.
3259 3593 3322 3646 de
3347 3597 3607 3651 zizanii”
3633 3615 3650 3652 :

2099 3676 2118 3709 ‹
2157 3657 2325 3720 Sinite
2365 3677 2593 3740 utraque
2653 3690 2918 3744 crescere,
2944 3695 3009 3734 ne
3043 3680 3314 3738 fortecum
3339 3686 3499 3741 vultis
3531 3703 3650 3743 era-

2087 3756 2267 3809 dicare
2314 3761 2552 3824 zizania,
2608 3767 2894 3824 eradicetis
2941 3772 3098 3826 simul
3155 3791 3274 3829 cum
3311 3779 3440 3846 ipsis
3484 3782 3642 3833 etiam

2085 3848 2340 3904 triticum.
2382 3871 2399 3902 ι
2441 3853 2588 3907 Sit-ut
2637 3872 2765 3927 ergo
2819 3862 2868 3914 in
2918 3863 3210 3935 Evangelio
3262 3871 3645 3937 permittuntur

2083 3940 2285 3993 zizauia
2328 3944 2483 3997 simul
2525 3964 2643 4001 cum
2691 3951 2872 4006 tritico
2919 3970 3166 4012 crescere
3201 3977 3214 4012 :
3244 3963 3430 4016 eodem
3485 3967 3642 4019 modo

2079 4032 2240 4084 etiam
2292 4035 2377 4089 hic
2419 4038 2468 4090 in
2514 4037 2849 4108 Jerusalem,
2903 4046 2955 4100 id
3007 4059 3088 4102 est
3141 4051 3193 4104 in
3230 4052 3468 4108 Ecclesia
3521 4067 3642 4111 sunt

2079 4123 2294 4190 quidam
2349 4126 2610 4197 Jebusaei,
2656 4134 2740 4189 isti
2770 4139 2862 4203 qui
2899 4139 3187 4206 ignobilem
3219 4155 3273 4198 et
3321 4148 3636 4216 degenerem

2079 4214 2239 4267 vitam
2272 4219 2498 4286 ducunt,
2525 4224 2612 4292 qui
2658 4237 2712 4279 et
2745 4229 2847 4284 ﬁde
2866 4271 2879 4293 ,
2907 4243 2961 4285 et
2991 4235 3226 4301 actibus,
3258 4247 3311 4292 et
3339 4242 3486 4294 omni
3513 4259 3638 4296 con-

2071 4405 2150 4449 est
2176 4399 2240 4450 ad
2267 4400 2521 4468 liquidum
2549 4413 2758 4477 purgari
2790 4413 3080 4469 Ecclesiam
3107 4421 3232 4472 dum
3267 4422 3317 4475 in
3345 4426 3506 4479 terris
3533 4437 3631 4490 est,

2070 4485 2143 4542 ita
2176 4501 2230 4544 ut
2254 4509 2428 4563 neque
2468 4499 2661 4566 impius
2688 4503 2737 4554 in
2765 4521 2825 4557 ea
2866 4510 3148 4578 quisquam
3171 4553 3185 4576 ,
3222 4530 3398 4583 neqne
3445 4535 3631 4587 pecca-

2071 4590 2156 4638 tor
2186 4588 2420 4643 residere
2463 4591 2728 4659 videatur,
2759 4598 2850 4650 sed
2899 4601 3007 4654 sint
3046 4604 3098 4656 in
3134 4621 3194 4658 ea
3227 4621 3416 4664 omnes
3456 4615 3625 4667 sancti

2067 4684 2118 4728 et
2151 4677 2310 4745 beati,
2344 4689 2397 4734 et
2437 4683 2487 4736 in
2517 4687 2714 4754 quibus
2755 4691 2895 4744 nulla
2924 4709 3149 4760 prorsus
3181 4703 3388 4767 peccati
3422 4707 3622 4758 macula

2065 4765 2510 4834 deprehendatur.
2545 4774 2649 4828 Sed
2687 4779 2827 4833 sicut
2859 4781 3056 4836 dicitur
3087 4787 3153 4841 de
3182 4765 3409 4845 aizattiis
3444 4809 3458 4845 :
3503 4814 3521 4845 ι
3549 4795 3623 4849 Ne

2061 4852 2200 4909 forte
2227 4859 2568 4918 cradicantes
2598 4867 2803 4922 zizania
2829 4871 2990 4926 simul
3023 4890 3143 4929 cum
3189 4878 3293 4933 illis
3338 4884 3621 4939 eradicetis

2055 4954 2109 4999 et
2141 4948 2415 5017 triticum;
2449 4971 2467 5003 ι
2505 4954 2575 5008 ita
2601 4959 2764 5013 etiam
2795 4976 2958 5031 super
2983 4966 3050 5020 iis
3077 4968 3181 5022 diei
3219 4981 3396 5037 potest
3426 4974 3478 5026 in
3505 4977 3621 5044 qni-

2183 5059 2270 5114 “l
2303 5060 2440 5117 Tim.
2476 5081 2550 5131 tv,
2583 5067 2637 5122 8.
2713 5069 2758 5102 "
2789 5071 2978 5130 Matth.
3003 5093 3114 5144 xix,
3140 5079 3230 5135 29.
3309 5084 3354 5115 "
3376 5083 3488 5140 Jos.
3529 5101 3612 5151 xv,

2061 5237 2177 5288 "05,
2218 5245 2236 5276 ι
2274 5240 2381 5322 etlc.
2419 5229 2568 5286 Unde
2601 5246 2779 5290 auten:
2810 5239 3182 5299 Clteunerdici
3216 5249 3385 5315 possit
3417 5269 3438 5302 ε
3461 5268 3612 5322 spre-

2061 5292 2132 5322 Iin
2197 5315 2210 5322 -
2251 5315 2310 5322 ..,.
2371 5319 2382 5322 -
2431 5306 2593 5322 .._,,,.2
2663 5308 2736 5322 ιι..
3035 5319 3045 5322 -

2060 5292 2383 5383 tio,~3\ve|“r
2409 5306 2631 5383 _sp_retio
2659 5308 2984 5383 litterarum,
3005 5292 3388 5383 pignora'retne
3419 5292 3604 5379 fatigor.

2128 5363 2238 5456 (ἔξ)
2266 5368 2437 5456 quin.
2459 5363 2725 5430 'llestituit
2752 5363 3231 5456 ροιιρίείεέιὶὲἑῖἱιῖζ

2125 5435 2236 5518 (72')
2266 5440 2403 5518 idem
2439 5459 2562 5510 ms.,
2598 5465 2616 5518 ᾳ
2648 5452 2922 5518 centupla.
2960 5473 2978 5505 ι

2121 5507 2236 5603 (Π)
2269 5507 2398 5603 labs.
2419 5554 2432 5577 ,
2479 5531 2493 5565 ι
2529 5507 2655 5584 quid
2687 5507 2924 5590 estquod
2953 5524 3173 5585 dicitur;
3205 5547 3226 5583 ι
3253 5529 3410 5587 Libb.
3445 5535 3602 5603 editi,

389 5559 506 5647 πμ
539 5558 750 5623 spretio,
774 5558 905 5642 sicut
943 5581 1055 5630 nos,
1079 5558 1181 5622 etc.
1221 5572 1310 5626 Sic
1334 5558 1900 5640 tns's.;_al'liifhfediti
1923 5607 1936 5642 :
1959 5589 1990 5630 Ἰ
2055 5593 2073 5627 ⁶
2101 5578 2225 5647 quid
2251 5580 2465 5637 (“Cium
2505 5603 2525 5636 ⁸

1221 5619 1310 5626 τη-
1334 5619 1482 5639 ...--..
1771 5619 1899 5640 ea...
1923 5630 1935 5642 .

392 5636 409 5670 ς
448 5619 715 5696 (ΖΙιρὶιιιετ,
733 5619 1215 5706 quiinterpretatur
1233 5649 1433 5714 spretio
1461 5649 1780 5724 litterarum,
1802 5658 1935 5718 sicut
