4050 6148
342 238 451 297 929

1321 231 1388 288 IN
1425 229 1689 288 LIBRUM
1723 228 1891 286 JESU
1929 226 2116 285 NAVE
2155 226 2441 284 llOMlLlA
2479 227 2646 287 XXII.

3491 238 3603 295 950

343 357 445 414 bus
481 353 565 411 vel
589 353 751 410 dubia
766 352 858 409 vel
890 350 1100 408 occulta
1120 328 1341 422 peccata
1375 361 1521 408 sunt.
1547 348 1731 419 Neque
1774 349 1921 403 enim
1950 352 1998 409 Α
2028 356 2315 415 potuerunt
2339 346 2432 402 ﬁlii
2463 346 2698 417 Ephrem
2720 348 3033 420 disperdere
3062 350 3393 409 Cbananaeos
3419 394 3434 419 ,
3468 356 3595 413 illud

343 449 575 508 dicimus
613 449 680 503 de
716 447 784 502 iis
811 445 902 516 qui
930 443 1217 499 manifeste
1247 452 1304 497 et
1336 444 1615 498 evidenter
1642 442 1916 496 criminosi

343 551 504 605 sunt,
533 547 593 593 ut
638 553 745 594 non
798 537 865 592 de
900 535 1138 591 Ecclesia
1187 533 1552 603 expellautur.
1600 532 1740 586 Audi
1790 546 1918 600 ergo

346 630 682 702 Scripturam
712 629 977 684 dicentem
998 666 1014 693 ,
1040 628 1167 697 quia
1202 642 1306 680 non
1339 634 1631 695 potuerunt
1659 623 1752 678 ﬁlii
1782 622 1917 679 Juda

345 725 661 796 disperdere
682 720 977 785 Jebusaeos,
999 719 1094 773 sed
1126 717 1511 783 habitaverunt
1539 730 1662 770 cum
1694 715 1827 785 ipsis
1864 712 1916 768 in

343 817 640 874 Jerusalem
672 827 841 884 usque
877 812 930 866 in
980 810 1298 865 hodiernum
1338 808 1502 862 diem.
1533 806 1688 863 Unde
1727 806 1919 874 depre-

344 923 441 964 cor
471 921 568 961 vos
611 905 701 973 qui
733 900 918 957 ﬁdeles
956 899 1125 966 estis,
1153 907 1214 953 ut
1251 898 1325 953 ita
1372 898 1537 952 vitam
1584 907 1819 951 vestram
1862 905 1919 949 et

344 996 813 1055 conversationem
838 990 1097 1053 servetis,
1124 1005 1193 1045 ne
1222 989 1274 1043 in
1319 988 1502 1056 aliquo
1522 988 1604 1042 vel
1633 989 1732 1056 ipsi
1761 1003 1919 1043 scan-

345 1091 527 1148 dalum
555 1087 858 1160 patiamini,
898 1086 982 1141 vel
1009 1086 1127 1139 aliis
1169 1082 1480 1139 scandalum
1530 1081 1746 1138 faciatis
1778 1101 1790 1137 :
1823 1085 1916 1138 sed

345 1185 419 1239 sit
445 1182 602 1239 vobis
634 1180 832 1237 summi
870 1179 1063 1244 studii,
1094 1190 1427 1246 summaeque
1454 1175 1674 1230 cautela:
1698 1191 1764 1229 ne
1794 1177 1917 1244 quis

348 1276 403 1330 in
439 1275 581 1329 hanc
609 1281 852 1326 sanctam
900 1268 1370 1338 congregationem
1409 1276 1648 1320 vestram
1680 1266 1917 1334 pollutus

346 1365 602 1429 introeat,
633 1376 704 1415 ne
738 1360 860 1430 quis
883 1357 1161 1413 Jehusazus
1192 1357 1397 1411 habitet
1425 1356 1722 1412 vobiscum.
1757 1357 1916 1411 Vides

345 1474 479 1529 ergo
509 1456 637 1526 quia
669 1455 800 1511 dicit
841 1453 1121 1521 Scriptura
1143 1491 1160 1518 ,
1191 1452 1333 1520 quod
1375 1466 1478 1504 non
1505 1459 1790 1517 potuerunt
1816 1449 1917 1513 eji-

345 1566 475 1607 cere
525 1549 618 1603 lilii
662 1547 797 1602 Juda
852 1542 1128 1599 Jebusaeos
1170 1543 1236 1597 de
1273 1541 1590 1597 Jerusalem.
1640 1541 1916 1596 Jehuszcus

348 1655 528 1699 autem
554 1642 946 1710 interpretatur
970 1634 1438 1708 conculcatio(78).
1471 1637 1611 1704 Ergo
1655 1636 1777 1703 quia
1809 1650 1912 1689 non

347 1749 631 1807 possumus
685 1732 885 1800 ejicere
937 1731 1069 1784 istos
1123 1729 1213 1799 qui
1262 1744 1361 1784 nos
1412 1729 1730 1784 conculcant
1776 1746 1916 1785 :ees

348 1826 540 1883 saltem
585 1823 869 1894 ejiciamus
897 1835 1034 1889 quos
1073 1836 1392 1891 possumus,
1422 1836 1649 1890 quorum
1696 1834 1914 1890 peccata

347 1915 635 1973 manifesta
658 1922 803 1968 sunt.
828 1911 928 1968 Ubi
951 1910 1095 1967 enim
1124 1919 1400 1980 peccatum
1434 1921 1648 1964 nonest
1674 1912 1914 1977 evidens,

344 2013 548 2083 ejicere
581 2002 659 2064 de
691 2007 931 2063 Ecclesia
980 2005 1250 2060 neminem
1305 2019 1624 2074 possumus,
1669 2020 1737 2058 ne
1777 2005 1917 2059 forte

346 2102 691 2159 eradicantes
737 2099 986 2166 zizania,
1032 2097 1369 2153 eradicemus
1412 2095 1572 2150 simul
1612 2111 1734 2152 cum
1788 2098 1917 2169 ipsis

343 2196 511 2253 etiam
552 2194 810 2249 triticum.

414 2289 474 2342 2.
520 2286 699 2341 Movet
735 2300 819 2339 me
852 2292 1030 2338 tamen
1064 2281 1207 2352 quod
1239 2280 1414 2345 dixit,
1438 2280 1562 2349 quia
1591 2296 1694 2334 non
1728 2290 1918 2348 potue-

344 2388 475 2436 runt
507 2375 1031 2446 ejicereJehuszeos,
1070 2374 1121 2427 id
1163 2383 1246 2426 est
1281 2386 1374 2426 eos
1403 2370 1495 2441 qui
1546 2373 1913 2439 interpretan-

349 2484 434 2528 tur
461 2470 822 2529 conculcatio.
856 2469 922 2523 Et
948 2467 1068 2521 ideo
1104 2466 1382 2520 videamus
1413 2464 1503 2533 qui
1553 2470 1678 2518 sunt
1721 2463 1775 2515 in
1812 2462 1915 2516 Ec-

345 2564 514 2622 clesia
544 2562 945 2618 conculcantes.
994 2557 1074 2612 Illi
1106 2557 1222 2611 siue
1257 2554 1418 2610 dubio
1450 2553 1516 2608 de
1549 2553 1743 2622 quibus
1782 2552 1915 2606 dicit

347 2657 612 2714 Dominus
638 2657 691 2711 in
729 2653 1033 2722 Evangeliis
1056 2652 1102 2685 ”
1133 2669 1147 2706 :
1180 2670 1199 2703 ι
1230 2650 1406 2705 Nolite
1430 2648 1641 2702 mittere
1670 2655 1913 2700 sanctum

345 2753 605 2819 canibus,
637 2764 811 2819 neque
846 2746 1172 2817 margaritas
1203 2755 1417 2799 vestras
1449 2752 1575 2795 ante
1604 2754 1819 2808 porcos,
1847 2753 1913 2793 ne

348 2847 489 2900 forte
528 2841 847 2898 conculceut
883 2854 978 2895 eas
1011 2836 1234 2909 pedibus
1279 2834 1427 2893 suis.
1459 2841 1515 2886 et
1535 2830 1779 2886 conversi
1818 2829 1911 2882 eli-

346 2938 477 2993 dant
519 2950 637 2991 vos.
674 2953 694 2986 ι
750 2933 858 2988 lste
899 2941 981 2986 est
1033 2943 1162 2997 ergo
1201 2925 1511 2988 Jebuszeus,
1543 2921 1908 2985 conculcatio,

2020 440 2249 495 observa
2268 443 2411 510 quod
2433 442 2720 513 Apostolus
2737 444 3078 501 commendat
3101 445 3291 503 dicens
3315 448 3361 480 ³⁷
3380 465 3394 501 :
3414 466 3434 500 ι
3456 445 3596 503 Sub-

2021 534 2219 588 trahite
2232 549 2328 589 vos
2368 534 2437 589 ab
2452 532 2601 586 omni
2618 530 3359 605 fratreinquieteambulante
3369 536 3552 609 Ms.
3568 557 3593 590 9,

2021 624 2124 678 Sed
2160 625 2415 693 quoniam
2436 623 2689 680 Salomon
2724 625 2921 681 suadet
2950 627 3065 683 haec
3097 642 3218 697 quae
3240 628 3468 698 legimus
3493 632 3594 686 de-

2018 714 2180 769 scribi
2225 715 2283 770 in
2308 715 2470 769 corde
2498 716 2780 785 tripliciter
2810 717 2879 786 ’3,
2911 718 3076 773 etiam
3127 728 3322 788 praeter
3350 720 3437 775 illa
3474 738 3595 790 qua;

2018 806 2253 861 diximus
2270 846 2286 873 ,
2313 808 2454 875 quod
2474 808 2622 867 cordi
2649 823 2769 863 meo
2793 811 3072 874 occurrit,
3096 811 3164 866 ad
3201 826 3366 868 aures
3388 827 3596 868 vestras

2018 896 2289 967 proferam
2311 916 2325 953 :
2343 908 2398 952 et
2413 914 2508 953 vos
2526 898 2686 954 facile
2708 903 2848 970 quod
2863 903 3125 972 scriptum
3139 904 3302 969 est",
3315 915 3372 957 ut
3389 921 3494 958 uno
3507 906 3594 959 di-

2018 998 2174 1043 cente
2193 1004 2381 1044 omnes
2412 989 2523 1059 (8t)
2560 992 2897 1047 examinem.
2933 993 3017 1048 Me
3038 1008 3167 1065 ergo
3204 995 3417 1052 dicente
3448 997 3595 1067 quod

2018 1081 2228 1144 sentio,
2266 1096 2363 1136 vos
2397 1082 2691 1139 discernite
2720 1093 2775 1139 et
2807 1085 3117 1140 examinate
3143 1087 3188 1139 si
3228 1087 3354 1154 quid
3387 1099 3595 1144 rectum

2016 1180 2099 1226 est
2150 1181 2243 1226 aut
2285 1174 2463 1228 minus
2516 1184 2739 1229 rectum.
2794 1176 2867 1231 De
2913 1174 3220 1232 Jerusalem
3271 1177 3596 1249 frequenter

2018 1263 2252 1319 diximus
2293 1267 2437 1333 quod
2487 1266 2616 1321 visio
2648 1266 2797 1332 pacis
2832 1267 3242 1336 interpretatur.
3284 1269 3341 1323 Si
3373 1284 3502 1341 ergo
3538 1274 3592 1328 in

2018 1356 2178 1410 corde
2217 1368 2400 1411 nostro
2430 1355 2728 1412 Jerusalem
2759 1358 3022 1413 aediﬁcata
3045 1401 3061 1426 ,
3100 1364 3207 1416 hoc
3237 1373 3356 1428 est,
3384 1365 3428 1419 si
3458 1366 3594 1422 visio

2017 1449 2168 1517 pacis
2195 1448 2246 1501 in
2280 1451 2445 1505 corde
2471 1460 2657 1505 nostro
2691 1450 2913 1506 fundata
2937 1462 3042 1518 est,
3065 1464 3119 1509 et
3144 1453 3422 1511 Christum
3450 1474 3596 1514 sem-

2017 1553 2113 1607 per
2150 1541 2350 1608 quiest
2390 1556 2495 1610 pax
2542 1549 2761 1608 nostra,
2813 1542 3087 1598 intuemur
3131 1554 3188 1598 et
3232 1561 3510 1604 servamus
3538 1551 3592 1606 in

2018 1632 2180 1686 corde
2213 1653 2225 1686 :
2257 1632 2519 1701 siquidem
2567 1636 2638 1687 ita
2679 1634 2767 1688 ﬁxi
2797 1644 2853 1688 et
2895 1635 3116 1692 stabiles
3146 1641 3198 1692 in
3237 1641 3342 1696 hac
3387 1643 3595 1700 visione

2020 1723 2200 1791 pacis,
2244 1735 2303 1777 ut
2339 1741 2615 1795 nunquam
2652 1742 2878 1795 prorsus
2895 1731 3001 1787 ulla
3028 1732 3286 1802 cogitatio
3316 1735 3475 1800 mala,
3507 1737 3594 1793 vel

2020 1813 2243 1883 alicujus
2269 1816 2476 1885 peccati
2505 1818 2788 1872 consilium
2814 1822 3075 1875 ascendat
3100 1823 3152 1877 in
3189 1839 3285 1879 cor
3310 1839 3588 1894 nostrum;

2018 1906 2063 1960 si
2095 1908 2194 1962 hoc
2218 1909 2289 1962 ita
2319 1907 2433 1962 ﬁeri
2478 1911 2673 1979 possit,
2702 1914 3002 1978 poterimus
3026 1915 3232 1978 dicere,
3262 1919 3387 1986 quia
3419 1920 3471 1974 in
3501 1919 3595 1976 Je-

2018 1999 2247 2080 rusalem
2293 2016 2511 2067 sumus,
2544 2002 2795 2058 etnullus
2832 2004 2970 2060 alius
3018 2006 3228 2062 habitat
3265 2010 3547 2066 nobiscum
3571 2054 3589 2079 ,

2017 2088 2117 2143 nisi
2165 2089 2260 2144 soli
2296 2093 2387 2160 qui
2429 2091 2605 2146 sancti
2636 2102 2785 2146 sunt.
2822 2092 2978 2150 Nunc
3015 2110 3146 2151 vero
3176 2112 3299 2152 cum
3333 2100 3496 2154 etiam
3522 2102 3592 2154 ad

2016 2182 2271 2249 grandem
2303 2183 2600 2251 profectum
2646 2185 2923 2241 veniamus
2945 2227 2961 2251 ,
2989 2195 3044 2242 et
3084 2190 3312 2245 summis
3356 2205 3594 2248 nosmet-

2019 2273 2163 2342 ipsos
2188 2276 2382 2330 studiis
2427 2277 2775 2340 excolamus,
2805 2286 2982 2332 tamen
3034 2294 3141 2334 non
3176 2290 3307 2350 puto
3333 2283 3591 2353 cuiquam

2020 2375 2227 2420 tantum
2263 2366 2313 2419 in
2349 2368 2509 2421 corde
2538 2368 2790 2436 puritatis
2823 2369 3074 2434 evenire,
3104 2380 3165 2426 ut
3192 2388 3466 2443 nunquam
3495 2376 3592 2430 ad-

2017 2471 2187 2511 versa:
2241 2458 2586 2527 cogitationis
2635 2460 2961 2527 contagione
3008 2462 3593 2521 maculetur2certum

2017 2561 2099 2604 est
2127 2551 2291 2603 etiam
2322 2549 2596 2606 Jebusteos
2641 2551 2888 2608 habitare
2925 2569 3047 2609 cum
3081 2555 3208 2610 ﬁliis
3234 2554 3372 2611 Juda
3414 2558 3467 2612 in
3500 2557 3593 2613 Je-

2016 2641 2271 2696 rusalem.
2306 2639 2423 2695 Non
2470 2652 2650 2697 tamen
2689 2642 2809 2698 ideo
2841 2644 2956 2700 haec
2998 2645 3266 2712 diximus,
3317 2650 3463 2717 quod
3493 2666 3593 2705 ne-

2014 2733 2279 2805 gligamus
2307 2746 2569 2804 quantum
2600 2736 2714 2790 ﬁeri
2747 2744 2927 2804 potest
2957 2736 3158 2806 ejicere
3188 2755 3304 2806 eos,
3329 2743 3424 2796 sed
3452 2749 3599 2799 satis

2017 2827 2283 2895 agendum
2316 2827 2475 2882 nobis
2496 2837 2618 2893 est,
2646 2839 2702 2883 et
2734 2829 3055 2885 tentandum
3092 2831 3337 2898 quotidie
3369 2847 3463 2889 eos
3491 2838 3595 2903 eji-

2016 2931 2139 2971 cere
2182 2918 2249 2973 de
2293 2917 2592 2973 Jerusalem
2624 2937 2638 2973 :
2669 2919 2764 2974 sed
2789 2960 2806 2987 ,
2853 2920 2993 2976 sicut
3029 2921 3289 2991 scriptum
3330 2932 3447 2985 est,
3481 2939 3595 2981 non

344 3031 436 3099 qui
477 3025 679 3097 indigni
711 3024 936 3079 audiunt
966 3020 1186 3075 verbum
1232 3017 1361 3082 Dei,
1393 3023 1447 3069 et
1482 3029 1603 3068 cum
1638 3012 1910 3067 audierint
1937 3036 1979 3093 ρ
2014 3026 2298 3079 possumus
2346 3010 2507 3066 simul
2558 3028 2748 3068 omnes
2801 3012 3015 3081 ejicere.
3069 3013 3181 3070 Hoc
3220 3016 3360 3072 idem
3408 3028 3590 3074 autem

345 3136 523 3190 neque
567 3131 623 3175 ut
667 3117 914 3173 inﬁdeles
942 3115 1258 3177 discedunt,
1299 3124 1474 3183 neque
1501 3117 1815 3179 permanent
1859 3118 1917 3160 ιιι

347 3214 566 3280 ﬁdeles,
621 3211 713 3267 sed
764 3217 1014 3280 percepta
1079 3205 1452 3277 mysteriorum
1510 3200 1730 3265 notitia,
1792 3200 1912 3255 ﬁdei

347 3316 546 3363 nostra
589 3300 974 3358 secretioribus
1031 3297 1317 3359 scrutatis,
1376 3293 1623 3348 conversi
1676 3304 1917 3362 postmo—

344 3400 471 3453 dum
501 3397 815 3466 impugnant
845 3406 942 3445 nos
961 3430 977 3455 ,
1003 3399 1058 3443 et
1096 3386 1613 3443 contradictionibus
1644 3385 1759 3440 suis
1787 3400 1912 3439 coro

343 3491 409 3545 da
445 3498 629 3545 nostra
674 3487 1017 3553 dirumpunt,
1067 3479 1442 3536 conculcantes
1472 3478 1619 3533 verbi
1650 3477 1912 3534 Dominici

344 3579 694 3650 margaritas,
747 3585 803 3631 et
862 3585 1179 3630 ornamenta
1238 3571 1362 3625 ﬁdei
1429 3571 1781 3625 maculantes.
1843 3571 1916 3624 De

344 3676 461 3731 istis
494 3686 624 3741 ergo
653 3670 871 3731 dicitur,
902 3666 1025 3735 quia
1056 3678 1162 3718 non
1186 3671 1475 3731 potuerunt
1507 3661 1600 3715 ﬁlii
1634 3659 1785 3715 Juda:
1810 3661 1913 3729 eji-

343 3782 468 3824 cere
507 3764 812 3821 Jebusaaum
848 3761 913 3814 de
937 3757 1236 3812 Jerusalem
1275 3768 1445 3822 usque
1490 3753 1542 3805 in
1590 3753 1910 3807 hodiernum

342 3862 508 3917 diem.
562 3857 752 3912 Simile
807 3862 987 3908 autem
1037 3849 1236 3917 aliquid
1307 3847 1565 3914 scriptum
1625 3854 1711 3899 est
1752 3854 1806 3897 et
1848 3845 1915 3899 de

342 3955 601 4022 Ephrem;
632 3950 710 4004 ait
736 3947 878 4002 enim
908 3943 1287 4012 Scriptura":
1313 3960 1331 3993 ‹
1355 3941 1420 3994 Et
1452 3955 1554 3993 non
1593 3936 1914 4007 disperdidit

342 4046 578 4115 Ephrem
623 4042 986 4099 Cltauanazum
1042 4037 1132 4106 qui
1179 4033 1451 4087 habitabat
1504 4031 1557 4084 iu
1604 4029 1810 4091 Gazer,
1860 4036 1915 4082 et

342 4136 609 4195 habitavit
646 4134 985 4187 Chananaius
1034 4127 1088 4181 in
1131 4126 1365 4197 Ephrem
1411 4137 1578 4191 usque
1611 4122 1662 4175 in
1697 4120 1913 4174 hodier-

344 4244 474 4287 num
509 4228 672 4281 diem.
715 4244 732 4276 ι
775 4221 1004 4291 Ephrem
1043 4228 1224 4272 autem
1266 4217 1651 4283 interpretatur
1681 4210 1912 4280 fructi/i-

341 4322 479 4378 catio
504 4319 638 4394 (79).
665 4317 767 4385 Qui
792 4330 919 4384 ergo
945 4312 1236 4366 fructiﬁcat
1259 4318 1315 4363 et
1342 4308 1544 4363 crescit
1586 4308 1638 4361 in
1667 4308 1787 4371 ﬁde,
1805 4322 1908 4361 non

339 4382 523 4487 potest
561 4382 925 4466 exterminare
961 4406 1324 4462 Chananaeum
1365 4414 1546 4455 semen
1579 4399 1906 4467 pessimum,
1941 4382 1984 4436 ί)

343 4519 528 4562 semen
571 4500 948 4564 maledictum,
1002 4510 1182 4550 semen
1208 4507 1423 4561 semper
1462 4490 1691 4556 mobile,
1727 4504 1908 4544 semen

343 4597 627 4652 incertum.
675 4591 789 4647 Hoc
812 4593 953 4646 enim
998 4590 1381 4658 interpretatur
1412 4585 1744 4639 Cbanauaaus
1775 4582 1908 4653 (80).

340 4692 409 4747 Et
454 4699 661 4746 certum
708 4696 812 4751 est,
842 4683 968 4754 quia
1007 4696 1128 4737 cum
1171 4694 1235 4734 eo
1264 4677 1354 4746 qui
1390 4674 1681 4729 fructiticat
1710 4684 1764 4729 et
1788 4689 1909 4729 cre-

339 4785 463 4848 scit,
498 4795 715 4851 semper
762 4777 967 4833 habitat
1012 4773 1373 4829 Chananaaus.
1422 4766 1708 4837 Nunquam
1758 4764 1903 4820 enim

342 4878 699 4932 teutatiouum
742 4880 919 4925 motus
965 4875 1181 4920 cessant
1213 4865 1278 4917 ab
1324 4876 1408 4916 eo.
1451 4859 1557 4914 Sed
1598 4868 1651 4912 tu
1694 4858 1738 4913 si
1780 4871 1906 4912 vere

340 4968 638 5027 fructiﬁcas
678 4966 732 5021 in
765 4966 904 5027 Deo,
939 4969 992 5015 et
1026 4959 1177 5012 vides
1218 4955 1379 5009 talem
1419 4952 1650 5022 aliquem
1696 4951 1907 5021 inquieo

340 5075 485 5129 tum,
520 5061 826 5123 turbidum,
879 5051 1164 5118 mobilem,
1216 5050 1355 5105 scito
1398 5048 1525 5117 quia
1573 5044 1906 5100 Cbananzeus

336 5167 440 5214 est.
469 5155 526 5211 Si
563 5169 667 5208 non
697 5162 850 5223 potes
874 5163 997 5204 eum
1030 5146 1227 5217 ejicere
1252 5142 1320 5195 de
1353 5137 1611 5201 Ecclesia,
1645 5136 1768 5205 quia
1800 5150 1905 5190 non

2016 3099 2177 3154 etiam
2217 3100 2271 3154 in
2306 3099 2373 3155 iis
2421 3102 2513 3170 qui
2556 3099 2886 3156 fructiﬁcant
2935 3102 3278 3157 sentiendum
3321 3115 3442 3173 est,
3494 3106 3595 3176 qui.

2017 3191 2251 3261 Ephrem
2282 3191 2380 3248 ﬁlii
2409 3194 2779 3259 nominantur,
2807 3194 2899 3262 qui
2931 3204 2987 3248 et
3013 3194 3113 3264 ipsi
3144 3194 3503 3263 Cliananaios,
3535 3200 3595 3256 id

2016 3292 2100 3339 est
2147 3299 2312 3355 vagas
2342 3293 2399 3339 et
2445 3284 2684 3339 lubricas
2736 3284 3095 3354 cegitationes
3128 3299 3345 3356 semper
3388 3288 3594 3345 debent

2014 3377 2211 3447 ejicere
2239 3377 2307 3433 de
2332 3377 2612 3432 animabus
2651 3378 2783 3433 suis.
2814 3376 3013 3433 Potens
3051 3388 3136 3434 est
3189 3387 3373 3433 autem
3408 3382 3547 3438 Deus
3567 3421 3588 3448 ,

2016 3471 2107 3540 qui
2133 3479 2188 3526 et
2214 3467 2492 3524 Jebusaios
2516 3479 2571 3522 et
2604 3468 2942 3524 Chananzcos
2967 3469 3218 3539 subjiciat
3245 3471 3424 3540 nobis,
3446 3473 3587 3528 sicut

2016 3563 2275 3630 scriptum
2328 3569 2413 3616 est
2446 3559 2786 3630 ‘erubjecit
2837 3570 3016 3616 autem
3069 3561 3406 3620 Chananteos
3463 3566 3593 3623 tiliil

2015 3651 2490 3725 Ephrcmnlpsum
2511 3667 2640 3720 ergo
2663 3652 2946 3707 Dominum
2978 3654 3353 3721 deprecemur,
3397 3667 3453 3709 ut
3486 3657 3589 3726 eji-

2015 3744 2164 3798 ciens
2191 3758 2221 3797 a
2253 3743 2408 3797 nobis
2428 3743 2598 3797 malas
2620 3743 3006 3811 cogitationes,
3032 3743 3207 3799 bonas
3226 3744 3427 3801 inferat
3449 3746 3589 3814 (εὶ),

2015 3833 2202 3901 dignas
2241 3829 2536 3887 Jerusalem
2579 3830 2798 3884 civitate
2831 3829 3081 3895 cmlesti,
3130 3830 3183 3884 in
3218 3831 3417 3899 quibus
3452 3832 3591 3888 nihil

2014 3924 2273 3993 pollutum
2324 3923 2635 3978 inveniatur
2667 3931 2722 3976 et
2753 3921 3028 3976 sordidum
3051 3960 3068 3987 ,
3097 3923 3239 3991 quod
3269 3938 3370 3979 nos
3409 3924 3462 3978 in
3502 3924 3594 3980 die

2007 4015 2194 4085 judicii
2251 4030 2320 4070 ex
2371 4014 2722 4070 conscientia
2758 4012 3182 4082 cogitationibus
3224 4025 3447 4086 arguat,
3492 4017 3587 4072 sed

2012 4105 2323 4160 inveniatur
2355 4105 2411 4160 in
2454 4105 2610 4158 nobis
2656 4103 2864 4173 puritas
2896 4103 3076 4157 cordis
3113 4104 3168 4157 in
3214 4103 3430 4159 Christo
3460 4103 3589 4161 Jesu

2013 4195 2240 4251 Domino
2271 4205 2486 4262 nostro,
2513 4195 2597 4249 cui
2631 4204 2714 4249 est
2745 4193 2918 4260 gloria
2949 4202 3006 4250 et
3061 4195 3348 4265 imperium
3381 4197 3433 4251 iu
3480 4212 3587 4250 sac-

2013 4287 2131 4341 cula
2167 4286 2513 4343 saaculorum.
2546 4286 2742 4340 Amen.

2549 4374 2831 4431 HOMILIA
2888 4374 3054 4432 XX-ll.

2312 4489 2392 4544 De
2424 4491 2561 4543 tribu
2604 4487 2831 4557 Ephrem
2865 4500 2915 4545 et
2945 4489 3280 4546 Chananwis.

2084 4585 2138 4640 1.
2155 4585 2445 4641 Chananzei
2467 4585 2625 4639 tertio
2643 4583 2771 4639 dicti
2798 4594 2923 4637 sunt
2939 4583 2993 4639 in
3012 4584 3135 4639 ﬁliis
3158 4601 3280 4640 esse
3307 4585 3538 4656 Ephrem
3566 4603 3581 4642 :

2014 4678 2109 4733 sed
2131 4677 2484 4732 observemus
2511 4676 2601 4745 qui
2634 4676 2705 4731 sit
2738 4676 2791 4731 in
2831 4676 3059 4747 singulis
3105 4677 3242 4731 ordo
3281 4678 3545 4733 dictorum
3566 4719 3585 4747 ,

2005 4769 2059 4823 id
2091 4777 2195 4832 est,
2221 4768 2349 4838 quid
2393 4768 2636 4822 continet
2684 4769 2895 4836 primus
2920 4782 3104 4822 seruio
3140 4770 3233 4838 qui
3268 4770 3401 4825 dicit
3443 4771 3589 4827 Cha-

2006 4875 2222 4915 nanazos
2268 4874 2390 4915 esse
2418 4876 2540 4916 cum
2592 4857 2717 4914 tiliis
2755 4858 3024 4930 Ephrem,
3066 4869 3122 4914 et
3156 4861 3284 4930 quid
3316 4863 3586 4917 secundus

2005 4963 2060 5007 et
2091 4951 2301 5007 tertius.
2324 4950 2381 5007 Si
2408 4951 2553 5006 enim
2581 4951 2892 5022 diligentius
2928 4947 3281 5008 observemus
3316 4940 3587 5022 quomodo

2008 5041 2166 5096 tertio
2186 5041 2438 5097 dicantur
2463 5055 2585 5096 esse
2633 5041 2924 5097 Chanaurei
2971 5058 3092 5097 cum
3149 5042 3272 5098 ﬁliis
3313 5044 3584 5114 Ephrem,

2006 5144 2083 5199 et,
2114 5133 2341 5189 Domino
2370 5141 2680 5204 praestante,
2713 5135 3010 5204 poterimus
3059 5135 3387 5207 investigare
3435 5139 3585 5193 ordi-

408 5302 454 5338 ⁶⁸
474 5299 782 5361 Mattb.vu,
804 5294 858 5350 6.
933 5292 981 5325 "
1007 5290 1121 5348 Jos.
1145 5300 1272 5352 1m,
1299 5284 1387 5341 10.
1463 5283 1509 5324 ἐν
1542 5280 1585 5337 ll
1607 5280 1798 5336 Thess.
1828 5293 1912 5346 ut,
1947 5277 1998 5335 6.
2075 5280 2121 5318 ³⁸
2148 5280 2309 5337 Prov.
2338 5295 2473 5348 xxii,
2497 5279 2587 5335 20.
2661 5280 2752 5336 "l
2782 5279 2909 5336 Cor.
2943 5297 3058 5335 xiv.
3133 5280 3151 5312 ί
3185 5279 3297 5336 Jos.
3326 5296 3466 5342 xvii,
3497 5279 3582 5333 13.

414 5440 523 5501 ('78)
576 5436 852 5493 Jebuueus
899 5444 1073 5489 autem
1123 5429 1500 5499 interpretatur
1566 5418 1911 5474 conculcatzo.

348 5518 421 5600 Tt:
442 5519 751 5577 «spernere,
766 5505 1108 5562 conculcare.
1133 5520 1151 5553 ι
1697 5562 1709 5572 '
1848 5560 1858 5570 ι

416 5583 508 5600 ι-νι-
534 5588 544 5600 ι
608 5580 825 5600 πει-η...
897 5583 1063 5600 -........
1114 5575 1490 5600 :..:.....-alnrur
1553 5560 1857 5600 frnrnfirnn

412 5560 561 5651 iiut)-
598 5560 827 5651 Ephrem
891 5583 1067 5651 autem
1114 5575 1490 5638 interpretatur
1550 5560 1912 5633 fructificatio.

348 5653 384 5706 Α
413 5647 528 5709 m3
565 5671 582 5700 ι
617 5647 980 5702 fructificavit.
1006 5663 1025 5696 ι

410 5699 527 5796 (ὦ
568 5699 683 5774 Hoc
721 5699 867 5770 enim
917 5716 1289 5783 interpretatur
1334 5706 1681 5760 Chanaua'us.
1714 5699 1913 5768 Nempe

2024 5438 2044 5473 ι
2077 5421 2274 5477 mobile
2302 5439 2320 5473 ι
2363 5418 2819 5477 autrincertum.»
2859 5434 2887 5474 a
2913 5427 3001 5483 νυ
3033 5435 3053 5469 ‹
3092 5416 3328 5480 moveri,
3414 5413 3586 5468 insta-

2019 5492 2126 5547 bile
2166 5508 2306 5547 essc.
2349 5510 2368 5542 ι

2090 5559 2200 5703 28!)
2225 5560 2436 5615 Omnes.
2469 5560 2648 5615 Codex
2673 5556 2956 5638 Sangerm.
2991 5577 3011 5613 ι
3036 5556 3240 5612 centeri.
3273 5571 3297 5611 ι

2113 5632 2200 5701 82)
2236 5632 2378 5687 Idem
2407 5649 2508 5684 ms.
2542 5648 2560 5679 ι
2594 5631 2860 5682 instituat.
2901 5650 2921 5680 ο

2113 5632 2200 5701 82)
2236 5632 2378 5687 Idem
2407 5649 2508 5684 ms.
2542 5648 2560 5679 ι
2594 5632 2860 5682 instituat.
2901 5650 2921 5680 ο
