4050 6148
455 223 563 283 εει

1909 216 2232 278 ORIGENIS

3604 221 3707 277 93!

468 357 595 398 nem
624 340 954 408 dictionum,
1001 340 1131 411 quid
1157 338 1212 394 in
1258 339 1461 408 primo,
1491 336 1620 407 quid
1653 336 1705 391 in
1761 337 2031 401 secundo,
2060 342 2109 398 Α
2136 336 2397 398 ferimus,
2451 335 2799 391 exterminari
2834 351 2867 391 a
2908 335 3064 391 nobis
3114 334 3704 396 dicitur‘Chananaeus.

460 434 592 504 quid
622 434 675 488 in
716 436 873 489 tertio
901 432 1103 488 factum
1133 430 1370 485 refertur
1406 447 1420 483 :
1453 438 1583 499 puto
1616 429 1759 499 quod
1791 444 1900 484 non
1926 429 2031 482 eri-

463 538 586 579 mus
634 523 931 590 increduli,
968 522 1093 591 quia
1124 535 1255 575 vere
1295 520 1413 573 haec
1450 533 1558 573 non
1597 529 1656 572 ut
1707 518 1821 573 sola
1874 518 2035 574 nobis

457 627 643 670 rerum
688 620 965 683 gestarum
1002 611 1246 665 narratio
1292 611 1619 673 traderetur,
1647 610 1849 680 scripta
1877 618 2030 675 sunt,

459 703 553 758 sed
584 703 941 758 sacramentis
964 702 1165 756 divinis
1210 701 1429 769 Deoque
1458 701 1632 771 dignis
1663 702 1889 771 repleta.
1916 700 2035 754 Pri—

459 811 550 852 mo
569 810 698 865 ergo
731 796 932 851 dictum
984 804 1065 848 est
1099 795 1142 859 ',
1178 811 1197 845 ‹
1239 794 1363 862 quia
1394 808 1499 847 non
1527 794 1759 862 perdidit
1796 795 2031 862 Ephrem

460 888 824 943 Chananarum
855 886 945 955 qui
978 886 1186 939 habitat
1214 885 1268 937 in
1304 883 1499 948 Gazer,
1551 888 1643 939 sed
1686 885 1894 938 habitat
1923 886 2033 956 (85)

458 977 799 1035 Chattattteus
843 977 895 1030 in
928 976 1163 1045 Ephrem
1204 990 1374 1045 usque
1414 977 1466 1030 iu
1500 976 1821 1030 hodiernum
1855 976 2031 1045 diem,

459 1081 515 1127 et
547 1072 723 1126 factus
761 1078 847 1126 est
894 1072 995 1125 sub
1025 1070 1226 1124 tributo
1265 1085 1454 1125 servus
1481 1085 1760 1140 usquequo
1796 1072 2039 1126 ascendit

462 1162 680 1219 Pharao
711 1179 803 1216 rex
838 1162 1063 1232 IEgypti
1086 1173 1139 1216 et
1164 1164 1373 1231 accepit
1402 1163 1702 1227 civitatem,
1724 1172 1778 1216 et
1802 1162 2039 1218 incendit

460 1266 581 1306 eam
615 1252 745 1320 igni,
771 1262 824 1305 et
843 1254 1207 1315 Chauaumos,
1232 1263 1287 1307 et
1318 1252 1656 1316 Pherczwos,
1677 1254 1835 1322 etqui
1888 1254 2039 1308 habi-

468 1344 659 1400 tabant
702 1344 756 1398 in
785 1342 959 1399 Gazer
990 1344 1293 1410 trucidavit,
1323 1353 1375 1398 et
1406 1344 1547 1398 dedit
1572 1357 1688 1397 eam
1721 1344 1932 1399 Pharao
1982 1347 2035 1398 iu

466 1438 647 1493 dotem
678 1437 801 1493 filiae
822 1453 953 1492 suae.
982 1457 1001 1490 ι
1028 1438 1311 1493 Secundo:
1336 1454 1355 1489 ι
1379 1437 1444 1491 Et
1460 1438 1657 1492 factum
1678 1450 1786 1505 est,
1806 1440 2039 1508 ἰηρυίιῆ

463 1530 719 1599 quoniam
753 1529 1094 1582 invaluerunt
1128 1530 1218 1583 filii
1246 1528 1432 1596 Israel,
1456 1540 1510 1583 et
1554 1529 1800 1584 fecerunt
1831 1532 2039 1586 Chana-

465 1636 613 1676 ttaaos
638 1619 929 1688 subjectos,
955 1622 1407 1675 exterminatione
1441 1633 1618 1676 autem
1645 1637 1750 1677 non
1784 1625 2040 1678 extermi-

2202 426 2255 479 ὅ.
2299 426 2403 480 Sed
2444 435 2498 480 et
2551 427 2677 479 illud
2732 441 2839 481 non
2895 429 3068 482 otiose
3107 433 3540 495 praetereundum
3588 441 3705 496 est,

2134 517 2275 586 quod
2338 518 2540 571 dicitur
2590 518 2801 573 Pharao
2858 518 3076 573 venisse
3148 528 3203 572 et
3231 520 3509 587 accepisse
3567 521 3706 575 civi-

2137 620 2298 663 tatem
2343 609 2509 682 449
2553 611 2750 677 Gazer,
2796 611 2849 664 in
2892 626 2997 682 qua
3034 610 3375 666 Chananasus
3418 613 3703 672 habitabat

2136 718 2256 757 cum
2286 704 2541 773 Ephrem,
2585 715 2640 759 et
2667 704 2883 758 dedisse
2923 718 3043 758 eam
3077 703 3133 756 in
3181 704 3361 758 detem
3408 705 3537 760 lilia:
3569 721 3704 763 suae.

2136 792 2311 847 Gazer
2348 804 2526 848 autem
2555 794 2946 864 interpretatur
2967 795 3287 849 constructio
3317 796 3457 867 (85).
3482 796 3539 852 Si
3572 813 3709 870 ergo

2136 899 2333 950 corpus
2365 894 2416 939 et
2438 886 2618 938 anima
2651 886 2704 938 in
2734 901 2844 939 una
2878 894 3040 953 atque
3063 887 3253 941 eadem
3287 891 3700 946 constructione

2136 973 2403 1039 habitent,
2445 976 2496 1028 id
2541 985 2624 1030 est
2663 979 2969 1046 conjunctae
3012 978 3118 1033 sibi
3165 980 3394 1035 invicem
3435 990 3491 1035 et
3517 982 3707 1049 socie,-

2140 1066 2213 1118 ita
2240 1077 2298 1119 ut
2322 1081 2520 1137 corpus
2546 1069 2839 1124 carnaliter
2866 1071 3032 1137 vivat,
3060 1081 3116 1125 et
3142 1087 3247 1126 non
3274 1072 3497 1128 festinet
3522 1075 3701 1129 anima

2140 1156 2379 1211 velocius
2423 1159 2524 1213 sibi
2573 1161 2914 1217 obedientem
2961 1174 3017 1218 et
3059 1166 3331 1221 subditam
3366 1165 3553 1222 facere
3582 1183 3701 1221 car-

2141 1264 2284 1314 nem,
2329 1251 2624 1306 verendum
2663 1263 2749 1306 est
2782 1267 2850 1306 ne
2877 1255 3062 1310 veniat
3083 1256 3293 1312 Pharao
3325 1272 3395 1311 ex
3430 1256 3689 1328 JEgyplo,

2139 1352 2194 1396 et
2225 1344 2492 1410 captivam
2520 1348 2678 1400 ducat
2710 1346 2982 1401 infelicem
3026 1348 3290 1414 animam,
3326 1350 3400 1403 ita
3435 1360 3491 1403 ut
3524 1351 3576 1404 in
3599 1351 3697 1403 do-

2144 1449 2247 1491 tem
2286 1452 2404 1490 eam
2438 1438 2609 1492 tradat
2640 1439 2763 1494 lilia:
2792 1454 2921 1494 suae.
2952 1440 3008 1494 Si
3054 1441 3201 1495 enim
3228 1443 3551 1497 consideres
3572 1442 3696 1496 illud

2140 1535 2280 1603 quod
2309 1533 2446 1587 dixit
2486 1532 2778 1599 Apostolus
2804 1533 2852 1597 ⁷,
2905 1547 3202 1603 exsurgere
3233 1533 3396 1587 aliam
3426 1533 3599 1604 legem
3645 1534 3698 1587 in

2146 1626 2405 1680 membris
2453 1626 2676 1693 nostris,
2726 1636 2780 1678 et
2819 1626 3061 1693 captivos
3100 1641 3202 1681 nos
3248 1629 3449 1682 ducere
3480 1628 3535 1680 in
3591 1627 3700 1696 lege

464 1720 732 1768 naverunt
752 1728 866 1768 eos.
901 1732 919 1764 ι
948 1713 1130 1767 Tertio
1158 1754 1172 1779 ,
1197 1716 1416 1783 quando
1453 1716 1902 1771 contradixerunt
1929 1717 2031 1772 viri
2067 1713 2108 1766 B
2137 1718 2362 1787 peccati,
2392 1718 2633 1772 invenies
2665 1718 2934 1786 quomodo
2969 1717 3057 1771 ille
3089 1716 3327 1783 Pharao,
3376 1719 3471 1788 qui
3501 1728 3587 1773 est
3607 1736 3696 1773 au-

463 1806 530 1858 de
558 1803 699 1858 tribu
738 1804 970 1874 Ephrem
1003 1803 1154 1871 Jesu,
1183 1806 1426 1861 volentes
1454 1808 1747 1861 secundum
1779 1822 2035 1863 numero-

462 1892 678 1947 sitatem
711 1908 897 1958 suam,
930 1894 1054 1962 quia
1088 1894 1271 1962 plures
1296 1904 1450 1949 erant
1476 1905 1531 1949 et
1561 1895 1749 1962 validi,
1773 1898 2034 1968 majorem

464 1985 713 2053 accipere
761 1987 925 2040 etiam
981 1986 1320 2041 luereditatis
1371 1995 1609 2053 sortem;
1678 1997 1734 2043 et
1778 1989 2035 2059 jubentur

462 2077 760 2131 ascendere
793 2078 844 2131 in
873 2079 1104 2144 saltum,
1130 2086 1185 2132 et
1213 2077 1314 2132 sibi
1341 2077 1474 2147 ipsis
1511 2079 1826 2148 ampliorem
1859 2081 2033 2137 locum

462 2183 689 2239 capere;
719 2180 774 2225 et
799 2179 859 2224 ut
879 2173 1091 2238 possint
1113 2172 1307 2226 latiora
1342 2172 1513 2240 spatia
1534 2174 2035 2245 occupare,jubeu-

464 2266 555 2313 tur
576 2261 944 2315 exterminare
966 2262 1326 2316 Chananazum
1354 2261 1399 2316 ⁸.

531 2351 587 2407 2.
620 2351 908 2410 Videamus
951 2370 1082 2426 ergo
1132 2373 1274 2412 nunc
1300 2357 1431 2426 quid
1474 2357 1575 2410 sibi
1621 2356 1873 2429 velit(84)
1920 2360 2037 2413 htec

461 2443 532 2500 de
552 2444 872 2501 Chananteis
903 2448 1173 2517 tripartita
1194 2450 1458 2503 narratio.
1490 2448 1671 2503 Primo
1697 2450 2035 2506 Chanattteus

465 2538 743 2592 nobiscum
790 2550 872 2594 est
902 2542 1148 2609 quidem,
1175 2554 1229 2594 et
1259 2542 1359 2596 sub
1404 2541 1603 2595 tributo
1642 2552 1762 2607 est,
1804 2557 1911 2596 non
1950 2552 2036 2599 cst

466 2640 646 2687 tamen
707 2632 964 2689 obediens
1017 2635 1212 2699 nobis,
1275 2650 1450 2705 neque
1514 2650 1725 2691 servus.
1789 2633 2036 2691 Secundo

462 2722 629 2779 etiam
663 2739 851 2779 servus
881 2723 1110 2779 etIicitur
1147 2737 1200 2781 et
1243 2726 1518 2782 obediens.
1552 2728 1916 2784 Chauanaanm
1950 2731 2036 2785 hic

465 2829 687 2872 carnem
741 2825 979 2872 nostram
1028 2820 1389 2887 accipiamus,
1443 2819 1525 2872 vel
1565 2836 1627 2873 ea
1679 2837 1802 2890 quae
1852 2823 2036 2878 carnis

467 2915 613 2963 sunt.
667 2906 791 2963 Hac
825 2910 1002 2977 primo
1050 2909 1326 2963 nobiscum
1379 2919 1484 2974 est,
1549 2911 1653 2965 hoc
1709 2922 1792 2967 est
1843 2914 2037 2967 anima:

462 2999 653 3072 juncta
677 3010 792 3066 est,
816 3002 909 3056 sed
941 3017 1045 3056 non
1073 3002 1359 3069 obediens,
1392 3004 1491 3057 nisi
1526 3013 1733 3058 tantum
1765 3006 1907 3074 quod
1940 3005 2036 3058 tri-

466 3092 598 3149 buta
622 3092 885 3162 dependet
915 3112 927 3147 :
962 3093 1013 3147 id
1060 3101 1143 3147 est
1194 3094 1551 3148 miniSterium
1582 3096 1803 3163 quidem
1842 3094 2034 3165 agendi

467 3182 671 3252 aliquid
716 3185 953 3250 exhibet,
1005 3186 1090 3239 vel
1147 3186 1443 3250 movendi;
1491 3187 1826 3254 concupiscit
1859 3196 2036 3239 tamen

470 3275 734 3330 adversus
768 3276 1015 3345 spiritum
1046 3284 1100 3330 et
1145 3290 1254 3329 non
1280 3288 1364 3329 est
1390 3276 1650 3330 obediens
1691 3278 1912 3339 animae,
1942 3277 2039 3331 sed

471 3366 583 3420 suis
611 3367 894 3422 desideriis
924 3367 1085 3423 cedit.
1122 3364 1179 3420 Si
1214 3381 1342 3421 vero
1375 3367 1488 3438 jam
1536 3369 1875 3437 aliquantum
1907 3385 2037 3439 pro-

472 3456 794 3521 fecerimus,
825 3456 1053 3511 eliicitur
1082 3456 1239 3511 nobis
1269 3470 1400 3510 caro
1443 3472 1668 3524 servus,
1699 3468 1755 3513 et
1783 3460 2041 3516 obediens

471 3558 536 3599 ac
587 3560 782 3613 parens
827 3545 1019 3600 anima:
1043 3545 1327 3599 voluntati.
1374 3544 1441 3599 Et
1495 3547 1596 3602 iste
1650 3555 1735 3603 est
1772 3550 2041 3604 secundus

471 3636 667 3691 animae
701 3635 1003 3705 profectus,
1036 3652 1161 3693 cum
1198 3636 1300 3692 sibi
1341 3654 1560 3694 carnem
1609 3648 1664 3694 et
1704 3641 1910 3695 servire
1958 3640 2041 3697 fe-

470 3728 609 3784 cerit
636 3737 690 3783 et
721 3729 961 3783 obedire.
994 3728 1236 3783 Tertium
1265 3744 1393 3784 vero
1418 3739 1530 3798 est,
1560 3731 1704 3800 quod
1738 3729 2037 3799 perfectum

470 3828 576 3872 est.
608 3818 664 3872 Si
719 3821 859 3875 enim
899 3821 1014 3890 jam
1060 3822 1344 3877 veniamus
1386 3822 1453 3876 ad
1498 3822 1827 3892 perfectum,
1871 3823 2039 3878 etiam

470 3910 913 3968 exterminandus
957 3913 1112 3969 nobis
1142 3914 1340 3969 dicitur
1366 3913 1733 3980 Cbauanaaus,
1781 3925 1838 3970 et
1878 3917 2039 3970 morti

474 4003 783 4058 tradendus.
830 4005 1108 4072 Quomodo
1151 4015 1330 4060 autem
1370 4008 1471 4063 hoc
1538 4008 1593 4061 in
1643 4016 1828 4062 nostra
1875 4020 2041 4061 carne

471 4095 798 4165 completur,
855 4098 977 4151 audi
1017 4102 1315 4168 apostolum
1368 4099 1595 4155 Paulum
1652 4099 1922 4153 dicentem
1966 4098 2037 4152 ll:

477 4203 500 4240 ι
532 4187 852 4244 Mortificate
875 4190 1113 4244 membra
1135 4201 1314 4246 vestra
1339 4207 1457 4261 qua:
1480 4199 1605 4247 sunt
1635 4204 1795 4259 super
1820 4200 2039 4254 terram,

473 4275 915 4344 fernicationem,
953 4278 1385 4345 immunditiam,
1424 4300 1442 4333 ι
1479 4289 1537 4335 ει
1575 4289 1765 4334 caetera
1789 4293 1909 4348 qua!
1950 4294 2040 4333 se-

2138 1822 2257 1865 ctor
2287 1819 2343 1863 et
2368 1824 2462 1863 rex
2492 1810 2726 1879 peccati,
2764 1809 2887 1864 ﬁliae
2916 1825 3048 1876 sure,
3077 1825 3201 1880 quat
3236 1819 3323 1865 est
3355 1811 3440 1866 lex
3470 1812 3697 1880 peccati,

2138 1901 2375 1956 animam
2407 1916 2525 1971 quae
2559 1899 2853 1956 carnaliter
2888 1900 3105 1965 vixerit,
3149 1899 3205 1954 in
3238 1901 3420 1956 dotem
3452 1900 3699 1957 conscri-

2136 1996 2234 2051 bit.

2206 2088 2260 2141 4.
2308 2085 2435 2141 Post
2474 2085 2589 2139 haec
2638 2084 2801 2138 etiam
2846 2084 2950 2138 hoc
2976 2082 3267 2138 videndum
3302 2091 3406 2148 est,
3439 2082 3587 2152 quod
3611 2081 3699 2135 lilii

2134 2177 2331 2247 Joseph
2366 2175 2717 2246 quaestionem
2769 2182 2989 2228 movent
3013 2173 3082 2227 de
3128 2171 3487 2238 haereditate,
3535 2171 3705 2240 majo-

2139 2286 2249 2325 rem
2278 2279 2481 2323 sortem
2505 2266 3067 2335 requirunt,diceutes
3094 2265 3158 2318 ad
3174 2262 3357 2318 Iesum
3375 2264 3399 2295 ⁸
3428 2280 3446 2318 :
3481 2282 3502 2316 ι
3525 2263 3703 2329 Quare

2140 2362 2296 2418 nobis
2329 2360 2521 2416 dedisti
2573 2358 2904 2412 hmrcditatis
2935 2366 3138 2412 sortem
3171 2356 3285 2428 (86)
3311 2372 3498 2421 unam,
3530 2366 3585 2411 et
3607 2370 3701 2425 pe-

2138 2455 2384 2509 daturam
2413 2466 2574 2506 unam
2597 2449 2619 2502 ?
2654 2449 2768 2518 Ego
2790 2459 2975 2502 autem
3002 2448 3228 2518 pepulus
3251 2450 3452 2502 multus
3481 2462 3622 2512 sum,
3649 2454 3704 2501 et

2138 2543 2398 2598 Dominus
2426 2542 2705 2597 benedixit
2740 2554 2847 2593 me.
2902 2557 2921 2591 ι
2972 2537 3029 2592 Si
3085 2553 3213 2608 ergo
3256 2548 3310 2593 et
3339 2553 3438 2593 nos
3469 2538 3702 2607 populus

2139 2639 2308 2693 simus
2355 2634 2582 2697 multus,
2613 2642 2670 2689 et
2704 2631 2991 2686 benedicat
3039 2646 3138 2687 nos
3174 2632 3458 2697 Dominus,
3508 2629 3700 2684 audie-

2141 2743 2261 2784 mus
2306 2728 2374 2781 ab
2411 2726 2535 2781 Jesu
2566 2725 2586 2757 ’
2619 2746 2631 2780 :
2667 2744 2686 2775 ι
2725 2723 2960 2794 Populus
3006 2723 3208 2777 multus
3234 2737 3318 2788 es,
3359 2722 3601 2776 ascende
3644 2719 3702 2776 in

2139 2818 2357 2884 saltum,
2390 2827 2446 2871 ct
2484 2816 2680 2869 munda
2705 2814 2797 2868 tibi
2830 2814 2955 2883 ipsi,
2983 2822 3040 2867 et
3066 2828 3196 2883 para
3230 2811 3407 2866 locum
3452 2810 3505 2864 in
3531 2819 3699 2864 terra.

2139 2911 2395 2981 Expurga
2444 2908 2759 2963 ΡΙιετειιεοε
2818 2915 2874 2960 ει
2923 2905 3212 2974 Rapbaim.
3270 2922 3290 2957 ι
3345 2902 3581 2958 Necesse
3616 2909 3698 2957 est

2140 3016 2271 3071 ergo
2296 3016 2394 3054 nos
2422 3000 2621 3070 ejicere
2660 2999 2994 3052 Pherezzeos.
3032 2996 3339 3050 Invenimus
3359 3004 3542 3049 autem
3565 2992 3701 3048 Phe-

2141 3108 2344 3148 rezaeos
2374 3090 2717 3161 interpretari
2751 3089 3219 3158 [ructiﬁcationem
3247 3087 3384 3157 (87).
3421 3086 3555 3152 Sed,
3592 3086 3701 3141 sie-

2140 3194 2198 3241 ut
2250 3200 2390 3254 szepe
2440 3184 2552 3254 jam
2586 3184 2821 3237 diximus
2843 3182 2910 3236 de
2954 3180 3081 3235 aliis
3128 3179 3461 3245 nominibus,
3499 3178 3557 3233 in
3601 3177 3704 3232 hoc

2140 3277 2338 3346 duplex
2389 3284 2475 3330 est
2518 3273 2919 3344 interpretatio.
2974 3270 3069 3325 Est
3103 3260 3305 3326 etenim
3358 3267 3703 3324 fructiﬁcatio

2139 3368 2280 3423 bona
2314 3376 2369 3421 et
2395 3365 2746 3421 fructificatio
2797 3362 2960 3427 mala,
2989 3362 3132 3416 sicut
3167 3362 3221 3416 in
3254 3359 3562 3431 Evangeliis
3611 3359 3703 3412 de-

2141 3460 2387 3530 signatur
2414 3459 2479 3522 “,
2504 3457 2630 3526 quia
2662 3475 2681 3507 ι
2718 3459 2882 3510 arhor
2909 3455 3047 3509 bona
3082 3453 3254 3508 bonos
3282 3451 3496 3506 fructus
3550 3450 3698 3514 facit,

2140 3558 2196 3602 et
2238 3547 2399 3600 arbor
2427 3544 2567 3598 mala
2605 3543 2775 3599 malos
2823 3543 3033 3597 fructus
3064 3541 3213 3596 facit.
3267 3559 3286 3594 ι
3319 3540 3551 3608 Oportet
3573 3553 3700 3610 ergo

2143 3653 2244 3692 nos
2272 3635 2544 3704 expellere
2576 3648 2738 3689 omne
2771 3634 3032 3705 quidquid
3084 3648 3190 3687 non
3220 3633 3354 3687 bene
3385 3630 3694 3696 fructiﬁeat,

2141 3736 2198 3781 et
2226 3726 2547 3781 abscindere
2574 3724 2807 3779 fructum
2850 3724 3113 3792 pecccati,
3146 3733 3201 3777 et
3231 3737 3536 3792 expurgare
3586 3722 3699 3776 fru-

2140 3827 2258 3872 ctus
2284 3817 2582 3887 injustitiaa.
2611 3816 2715 3871 Sed
2747 3825 2802 3870 et
2839 3814 3124 3880 Baphaim,
3145 3814 3336 3884 inquit,
3363 3812 3590 3883 expelle,
3618 3811 3700 3866 vel

2144 3911 2327 3981 potius
2353 3925 2592 3979 expurga
2639 3911 2705 3963 de
2743 3918 2817 3962 te.
2874 3909 3139 3976 Raphaim
3194 3908 3500 3962 invenimus
3530 3907 3699 3961 inter-

2143 4011 2413 4074 pretatum
2451 4001 2681 4054 resoluta
2707 4010 2876 4054 mater
2908 4000 3042 4071 (88).
3072 3999 3171 4053 Est
3209 3999 3262 4053 in
3307 4000 3482 4052 anima
3518 4006 3699 4054 nostra

2142 4098 2319 4152 virtus
2365 4097 2636 4167 quani-am,
2667 4111 2788 4165 qua:
2818 4096 2958 4165 parit
3003 4109 3219 4160 sensus,
3248 4104 3303 4149 et
3346 4092 3494 4147 velut.
3533 4103 3701 4147 mater

2141 4200 2223 4244 est
2248 4204 2438 4243 eorum
2459 4203 2714 4242 sensuum
2740 4189 2825 4240 vel
2855 4186 3250 4249 intellectuum,
3280 4186 3371 4254 qui
3402 4185 3702 4254 procedunt

2143 4297 2174 4336 e
2205 4282 2382 4344 nobis,
2407 4284 2704 4336 secundum
2732 4281 2872 4349 quod
2902 4280 3105 4334 dicitur
3134 4281 3186 4332 in
3219 4288 3567 4334 sacramento
3592 4276 3699 4348 (89)

473 4380 730 4442 quuutur.
756 4370 823 4425 Et
845 4371 1038 4426 iterum
1072 4371 1205 4426 dicit
1228 4373 1249 4404 ⁶
1283 4391 1296 4426 :
1335 4389 1354 4423 ι
1394 4371 1495 4438 Qui
1525 4382 1704 4426 autem
1734 4383 1860 4426 sunt
1883 4370 2038 4424 Chri-
2069 4397 2114 4453 ο
2147 4375 2212 4428 de
2235 4372 2411 4426 anima
2430 4373 2585 4442 quasi
2614 4373 2929 4428 demuliere
2951 4371 2991 4402 “
3025 4390 3082 4425 ε(
3110 4371 3267 4426 Salva
3293 4371 3593 4427 autemerit
3612 4383 3703 4441 per

472 4463 564 4527 sti,
587 4478 804 4519 carnem
851 4480 1005 4519 suam
1053 4464 1441 4520 cruciﬁxerunt
1470 4482 1593 4521 cum
1633 4464 1779 4520 vitiis
1811 4474 1866 4518 et
1904 4478 2035 4517 con-

475 4555 835 4623 cupiscentiis.
859 4575 879 4609 ι
901 4554 992 4613 Sic
1005 4571 1135 4628 ergo
1181 4558 1342 4611 tertio
1361 4596 1377 4621 ,
1407 4557 1509 4612 hoc
1550 4566 1634 4612 est
1658 4572 1782 4613 cum
1810 4556 1878 4611 ad
1909 4571 2034 4626 per-

476 4647 759 4703 fectionem
800 4649 1080 4716 venimus,
1127 4659 1184 4705 et
1237 4650 1475 4705 membra
1508 4660 1690 4704 nostra
1739 4650 2036 4705 mortifica-

473 4756 590 4796 mus
612 4780 628 4807 ,
658 4756 721 4797 ac
751 4751 976 4798 mortem
1020 4742 1223 4799 Christi
1251 4742 1303 4796 in
1346 4757 1573 4815 corpore
1597 4751 1783 4798 nostro
1809 4744 2040 4798 circum-

544 4879 566 4911 ⁸
600 4876 715 4933 Jos.
789 4878 1018 4944 xvt,l0.
1108 4880 1129 4911 ³
1160 4877 1274 4936 .los.
1319 4894 1454 4937 xvtt,
1505 4877 1591 4931 15.
1667 4877 1690 4910 ⁸
1745 4879 1901 4940 lbid..
1953 4879 2040 4934 18.

2127 4880 2149 4911 ⁵
2191 4878 2396 4935 Coloss.
2444 4894 2528 4946 ιιι,
2560 4878 2613 4933 5.
2688 4879 2854 4936 ‘Gal.
2890 4894 2952 4947 v,
3014 4878 3107 4936 24.

2152 4466 2387 4520 filiorum
2417 4466 2847 4536 generationem,
2870 4467 2914 4521 si
2940 4466 3297 4535 permanserit
3323 4465 3377 4518 in
3402 4464 3507 4518 fide
3533 4471 3591 4517 et
3609 4476 3701 4516 ve-

2145 4561 2320 4615 ritate.
2364 4578 2383 4610 ι
2413 4558 2535 4614 ιειεε
2560 4572 2693 4628 ergo
2728 4567 2951 4622 matres,
2976 4559 3079 4613 hoc
3121 4567 3208 4612 est
3250 4558 3351 4611 ista
3384 4557 3559 4611 virtus
3588 4553 3702 4609 ani-

2146 4668 2268 4718 mae,
2294 4652 2400 4706 illis
2468 4653 2521 4705 in
2553 4653 2747 4720 quibus
2792 4649 2947 4705 fortis
2979 4659 3062 4704 est
3091 4660 3149 4705 et
3169 4650 3342 4704 valida
3368 4664 3433 4702 ac
3458 4648 3701 4711 robusta,

2146 4753 2378 4809 generat
2408 4755 2600 4797 sensus
2633 4740 2837 4797 validos
2870 4752 2926 4796 et
2954 4750 3218 4809 potentes,
3254 4748 3310 4795 ct
3335 4741 3425 4809 qui
3462 4734 3702 4808 superari

3201 4877 3403 4934 'Rom.
3444 4894 3554 4943 vlt,
3609 4877 3700 4933 23.

471 4946 495 4980 '
532 4944 649 5005 Jos.
698 4952 950 5016 “11,”.
1024 4950 1223 5018 ’ibid.,
1258 4949 1341 5003 l5.
1418 4950 1460 4981 ¹⁰
1494 4947 1676 5003 Matth.
1714 4965 1807 5013 vtt,
1842 4951 1928 5004 l7.
2005 4952 2036 4983 “

2140 4950 2257 5004 l‘im.
2287 4966 2350 5017 ll,
2376 4951 2463 5005 15.

543 5093 655 5166 (83)
681 5093 832 5149 Libb.
863 5093 1029 5161 editi,
1066 5113 1084 5146 ‹
1120 5092 1617 5166 babitatinﬂazer,
1641 5091 1735 5148 sed
1762 5090 1984 5148 habitat.
2018 5111 2039 5146 ι

473 5164 571 5221 Ms.
608 5166 891 5234 Sangerm.
926 5166 1243 5234 utrobique,
1284 5183 1304 5216 ι
1333 5164 1629 5218 habitabat.
1667 5181 1688 5215 ι

567 5237 656 5291 84)
692 5235 834 5290 Idem
865 5250 965 5290 ms.
996 5253 1014 5286 ι
1045 5237 1277 5290 videtur.
1320 5253 1339 5285 ι

568 5300 657 5371 85)
692 5300 864 5359 δαῖεν
891 5316 1066 5359 autem
1097 5308 1474 5371 interpretatur
1498 5304 1839 5358 constructio.
1868 5301 1914 5356 A
1949 5315 2044 5370 Ἶτλ

474 5393 570 5433 seu
602 5372 736 5438 mu
768 5395 786 5427 ‹
823 5387 1183 5447 segmentum,
1211 5376 1434 5447 cxcisio,
1461 5384 1694 5447 septum,
1725 5372 2041 5447 tabulatum,

473 5458 775 5517 separatum
811 5462 828 5510 ;
864 5444 1057 5501 {unde
1081 5446 1256 5503 Gazer
1285 5445 1687 5515 quodammodo
1726 5445 1832 5499 diei
1870 5444 2044 5514 possit

479 5536 502 5572 α
537 5518 891 5573 constructio.
931 5534 954 5570 ι

547 5588 686 5659 (86)
745 5586 921 5645 Codex
975 5587 1263 5659 Sangcrm.
1314 5605 1334 5640 ι
1394 5586 1449 5643 in
1495 5585 1866 5644 baereditatem
1915 5600 2035 5644 sor-

477 5666 609 5715 tem.
672 5677 693 5710 ι

2222 5093 2333 5167 (87)
2358 5092 2657 5167 Inveniatur
2677 5103 2865 5167 autem;
2879 5093 3182 5167 Pherezwos
3204 5096 3541 5165 interpretari
3563 5096 3703 5167 [ruc-

2154 5164 2512 5233 tiﬁcationem.
2551 5165 2594 5218 A
2623 5173 2740 5225 ΓΓΒ
2785 5182 2805 5215 t
2843 5164 3210 5220 fructificavit.
3249 5185 3268 5217 ι

2225 5232 2336 5307 (88)
2367 5233 2639 5307 [iaphaim
2691 5235 2981 5307 inyenimus
3028 5238 3426 5307 interpretatum
3473 5238 3698 5291 resoluta

2146 5302 2335 5359 mater.
2363 5302 2454 5358 Sic
2475 5306 2612 5358 alter
2632 5319 2697 5360 ex
2731 5302 3171 5372 Ebroicensibus,
3216 5305 3337 5361 libri
3366 5316 3549 5361 autent
3572 5307 3698 5362 editi

2145 5390 2247 5441 pro
2283 5393 2301 5426 ε
2352 5375 2589 5429 resoluta
2624 5384 2818 5439 mater,
2874 5392 2894 5425 ι
2942 5374 3189 5429 habent:
3229 5393 3247 5426 ι
3304 5378 3555 5431 resolutae
3586 5393 3699 5431 ma-

2147 5455 2278 5502 tres.
2316 5462 2335 5497 »
2368 5444 2699 5515 Etymologia
2728 5444 2945 5498 ducitur
2982 5459 3049 5499 ex
3087 5454 3204 5509 rem
3245 5464 3263 5498 ι
3304 5449 3699 5515 remissum,re-

2144 5516 2379 5571 solutum
2402 5528 2613 5573 esseiet
2633 5525 2718 5573 De:
2746 5517 3001 5566 «mater.»

2214 5585 2324 5655 (89)
2364 5583 2431 5637 In
2461 5597 2807 5640 sacramento.
2863 5585 3024 5641 Deest
3071 5587 3124 5641 in
3164 5584 3292 5645 libb.
3326 5595 3484 5643 antea
3516 5587 3695 5655 editis,

2141 5658 2235 5714 sed
2269 5663 2449 5722 exstat
2476 5657 2531 5711 iu
2563 5656 2815 5712 omnibus
2843 5670 2977 5712 mss.
