4050 6148
305 244 414 305 933

1253 249 1321 306 IN
1359 250 1621 309 LIBRUM
1657 251 1824 310 JESU
1851 252 2037 309 NAVE
2073 254 2356 312 IIOMILIA
2385 255 2573 315 XXIII.

3455 266 3563 326 934

308 384 340 425 a
368 370 780 427 contradicente
808 385 917 428 non
942 373 1172 443 possint.
1203 375 1259 431 ln
1308 379 1428 434 aliis
1469 380 1685 450 quidem
1709 382 1882 435 virtus
1911 389 1953 441 Α
1984 395 2104 436 cum
2129 391 2233 448 est,
2265 383 2429 438 citius
2473 382 2743 453 subjicere
2782 384 2959 451 nobis,
2989 393 3044 441 et
3075 386 3419 444 obedientem
3472 390 3552 445 fa-

310 463 412 519 ista
441 463 679 519 resoluta
710 473 796 521 est
837 474 893 520 et
922 468 1170 534 remissa,
1191 473 1335 540 quod
1373 472 1640 527 indicatur
1664 488 1729 527 ex
1757 488 1882 526 sen-

309 553 461 609 sibus
491 570 616 610 eum
661 555 903 627 languidi
942 558 1162 628 quidam
1221 562 1574 631 proferuntur
1601 572 1657 619 et
1689 564 1879 634 inepti,

306 656 360 702 et
389 647 526 701 nihil
561 649 615 702 in
639 663 699 703 se
728 648 1067 706 fortitudinis
1101 654 1468 708 continentes.
1501 654 1614 710 Hoc
1638 669 1769 723 ergo
1801 657 1879 710 si-

309 738 605 808 gniﬁcatur
635 741 736 795 sub
769 743 988 797 nomine
1022 742 1291 813 Raphaim
1331 755 1390 799 ut
1418 745 1787 812 hujuscemodi
1815 748 1881 802 de

304 829 462 885 nobis
507 841 713 888 matres
751 835 1045 898 remissas,
1083 850 1204 904 quae
1244 850 1440 892 sensus
1480 839 1783 893 ineruditos
1826 848 1880 894 et

302 920 527 977 inutiles
551 924 792 993 pariunt,
823 939 1212 994 expurgemus.
1243 926 1309 981 Et
1331 929 1468 983 bene
1503 931 1741 983 servavit
1770 931 1878 998 spi-

302 1013 481 1068 ritalis
516 1014 891 1087 intelligentia;
937 1021 1347 1090 proprietatem.
1397 1019 1513 1074 Non
1554 1022 1699 1076 enim
1742 1021 1880 1075 dixit

302 1104 739 1164 interminandos
798 1110 1107 1180 Rapbaim,
1163 1114 1256 1169 sed
1304 1115 1700 1182 expurgandus.
1760 1112 1876 1169 Non

300 1198 452 1253 enim
484 1199 633 1269 ipsos
682 1204 959 1259 naturales
998 1205 1120 1275 ’(90)
1180 1207 1374 1261 anima:
1420 1216 1600 1262 motus
1629 1216 1877 1262 evertere

299 1295 471 1359 atque
503 1296 870 1350 exterminare
920 1297 1255 1366 praecipitur.
1306 1299 1400 1353 sed
1440 1313 1762 1368 expurgare,
1823 1299 1874 1353 id

298 1390 385 1435 est
433 1384 623 1440 sordes
668 1395 725 1439 et
751 1387 1135 1454 immunditias,
1185 1406 1304 1459 quae
1341 1391 1421 1446 eis
1451 1407 1518 1446 ex
1569 1402 1747 1446 nostra
1782 1405 1876 1445 ne-

298 1474 562 1545 gligentia
603 1478 963 1543 advenerunt,
1010 1497 1248 1552 purgare
1289 1492 1451 1552 atque
1498 1484 1783 1553 depellere,
1814 1492 1876 1536 ut

299 1567 567 1622 naturalis
592 1568 710 1637 ejus
728 1571 880 1641 vigor
911 1575 1141 1643 propriae
1184 1583 1349 1644 atque
1384 1574 1634 1646 ingenitae
1693 1577 1874 1629 virtu-

299 1658 377 1714 tis
403 1658 677 1732 eﬁulgeat.

1983 488 2129 539 cere,
2154 485 2276 545 post
2312 476 2429 530 haec
2453 477 2616 530 etiam
2649 478 3034 545 exterminare;
3074 480 3224 549 quia,
3263 480 3306 535 si
3336 481 3563 537 dimitti-

1982 581 2104 621 mus
2135 582 2259 621 eum
2285 577 2339 622 et
2370 570 2718 640 negligimus,
2745 571 2924 625 veniet
2946 571 3160 628 Pharao
3196 588 3263 628 ex
3297 573 3556 646 Egypto,

1981 667 2038 714 et
2060 658 2285 729 incipiet
2306 660 2482 717 locum
2514 671 2761 717 nostrum
2798 663 2850 717 in
2882 663 3064 718 dotem
3104 666 3234 720 dare
3275 666 3397 722 ﬁlia:
3421 682 3558 736 suae,

1980 758 2036 805 et
2064 752 2312 816 captivos
2335 768 2432 807 nos
2478 755 2688 811 tradere
2717 755 2821 826 legi
2871 757 3102 826 peccati.
3142 757 3246 813 Sed
3280 759 3423 813 absit
3454 760 3559 816 hoc

1981 842 2049 896 ab
2070 839 2368 898 Israelitica
2407 844 2710 913 nobilitate,
2764 856 2824 901 ut
2851 848 3056 902 serviat
3105 848 3229 903 ﬁliae
3257 849 3560 907 Pharaonis

1978 931 2246 999 Israelita,
2290 934 2455 1006 450
2503 951 2664 1005 quem
2709 938 2820 1008 jam
2859 939 2999 993 Deus
3047 942 3232 1005 eduxit
3284 943 3353 997 de
3408 955 3557 1000 terra

1978 1025 2215 1097 Egypli,
2245 1028 2444 1082 iterum
2475 1031 2678 1085 serviat
2707 1030 2805 1097 illi,
2834 1033 2926 1100 qui
2970 1033 3021 1086 in
3049 1034 3184 1087 mari
3211 1032 3398 1090 Rubro
3421 1037 3555 1091 sub-

1979 1134 2189 1172 mersus
2213 1129 2315 1184 est,
2345 1120 2615 1177 Pharaoni
2639 1125 2651 1177 !
2688 1122 3049 1179 Observemus
3077 1140 3206 1194 ergo
3228 1126 3367 1179 sicut
3392 1136 3445 1181 et
3468 1129 3555 1183 hic

1977 1207 2111 1261 dicit
2160 1206 2348 1273 Iesus,
2400 1220 2458 1264 ut
2509 1212 2896 1282 prievaleamus
2952 1229 3049 1269 nos
3093 1223 3287 1269 contra
3340 1215 3556 1271 Chana-

1977 1310 2122 1353 naaos
2163 1316 2175 1350 :
2210 1313 2277 1353 ne
2302 1299 2347 1354 si
2377 1299 2517 1356 forte
2552 1302 2666 1371 (92)
2715 1303 2790 1357 illi
2821 1303 3153 1357 invaluerint
3186 1319 3350 1371 super
3378 1320 3475 1359 nos
3499 1313 3555 1360 et

1975 1389 2309 1445 obtinuerint
2336 1407 2454 1458 nos,
2489 1394 2556 1448 de
2598 1393 2915 1449 Israeliticis
2963 1394 3302 1449 Chanauaeos
3339 1411 3439 1451 nos
3464 1396 3552 1449 fa-

1976 1483 2144 1550 ciant,
2177 1484 2321 1537 sicut
2353 1497 2407 1539 et
2450 1486 2543 1540 ille
2593 1484 2821 1541 eﬁ‘ectus
2869 1497 2969 1549 est,
3002 1502 3162 1554 quem
3199 1496 3554 1557 superaverat

1974 1574 2157 1628 carnis
2193 1575 2473 1641 illecebra,
2498 1578 2581 1630 cui
2608 1576 2810 1632 dicitur
2832 1593 2860 1630 a
2885 1579 3147 1647 propheta
3175 1579 3218 1610 “
3247 1597 3260 1633 :
3293 1599 3312 1632 ι
3350 1580 3550 1637 Semen

1975 1663 2262 1727 Chanaan,
2306 1674 2360 1720 et
2391 1682 2494 1720 non
2536 1666 2694 1733 Jnda,
2750 1671 2960 1738 species
2993 1670 3214 1724 seduxit
3246 1679 3316 1725 te.
3370 1690 3390 1724 ι
3427 1671 3546 1728 Non

373 1751 429 1806 5.
472 1726 607 1808 Post
640 1756 756 1811 haec
800 1757 1007 1812 addunt
1056 1759 1231 1813 adhuc
1278 1760 1369 1814 ﬁlii
1400 1760 1658 1830 Ephrem,
1690 1771 1746 1816 ει
1789 1763 1871 1817 di-
1900 1726 1942 1785 Β
1970 1757 2190 1810 eveniat
2238 1772 2367 1826 ergo
2421 1758 2577 1813 nobis
2626 1726 2820 1816 audir-e
2869 1776 3054 1816 semen
3090 1762 3376 1830 Chanaan,
3417 1726 3547 1834 quia

300 1849 436 1896 cunt
467 1843 513 1873 "
547 1859 561 1897 :
591 1861 612 1895 ι
646 1843 762 1900 Non
781 1846 1144 1903 sullicitnobis
1165 1864 1343 1918 mons,
1373 1859 1426 1906 et
1455 1866 1627 1922 equus
1644 1853 1868 1918 electus,

297 1938 357 1986 et
383 1932 587 1987 ferrum
633 1933 942 1992 Chananan
973 1949 1056 1994 est
1099 1941 1191 2010 qui
1230 1942 1448 1997 habitat
1473 1943 1526 1998 in
1563 1961 1649 1998 me
1674 1944 1807 2014 (9t).
1844 1967 1864 2000 ι

297 2019 591 2090 Nunquam
638 2024 881 2083 invenies
923 2031 1014 2098 qui
1063 2046 1259 2101 equum
1313 2033 1509 2089 habeat
1549 2035 1866 2106 lsraelitam,

297 2114 765 2172 sed-Cbananaeus
797 2120 960 2174 habet
1001 2121 1149 2177 illum
1196 2138 1415 2193 equum,
1457 2127 1549 2195 qui
1590 2126 1871 2184 falsusest

296 2206 367 2260 ad
397 2206 651 2264 salutem.
682 2209 855 2266 Habet
889 2222 944 2266 et
988 2214 1194 2269 ferrum
1230 2218 1480 2273 bellicum
1508 2219 1866 2281 Cbananaeus.

300 2295 409 2352 Sed
435 2299 566 2368 quid
599 2301 880 2372 respondit
909 2304 1016 2359 illis
1039 2304 1242 2362 Jesus?
1278 2327 1297 2359 ι
1333 2308 1387 2364 Si
1413 2315 1639 2381 populus
1668 2315 1869 2372 multus

299 2404 361 2444 es
388 2399 467 2455 tu,
508 2403 565 2445 et
592 2393 848 2449 virtutem
882 2396 1109 2466 habens,
1150 2415 1255 2455 non
1288 2404 1394 2456 erit
1420 2404 1517 2459 tibi
1563 2419 1686 2461 sors
1735 2422 1865 2476 una,

299 2482 431 2552 quia
451 2484 623 2541 saltus
645 2497 731 2542 est
762 2490 879 2556 tibi,
915 2500 972 2546 et
1021 2495 1344 2551 etnundabis
1378 2512 1500 2551 eum
1546 2499 1616 2549 ⁸³.
1649 2520 1668 2553 ›
1705 2501 1869 2558 Vides

299 2576 431 2645 quid
461 2579 529 2632 ad
560 2593 660 2634 nos
690 2595 790 2650 per
824 2583 1123 2652 spiritalem
1148 2587 1554 2660 intelligentiam
1571 2594 1787 2663 dicitur,
1812 2605 1871 2651 ut

298 2668 660 2725 emundemtts
715 2672 904 2727 silvam
931 2690 1052 2744 quae
1106 2677 1157 2731 in
1191 2680 1348 2733 nobis
1381 2690 1484 2745 est,
1517 2694 1573 2738 et
1608 2685 1867 2741 exciden-

296 2768 382 2813 tes
415 2760 639 2817 inutiles
661 2773 716 2818 et
742 2764 1109 2824 infructuosas
1151 2784 1216 2824 ex
1254 2772 1659 2843 nobismetipsis
1705 2779 1868 2833 arbo—

294 2864 407 2914 res,
440 2850 706 2911 faciamus
745 2856 814 2911 ibi
852 2860 1062 2913 novalia
1103 2875 1224 2930 quas
1257 2876 1475 2933 semper
1521 2867 1864 2939 innovemus,

292 2950 349 2996 et
386 2958 456 2998 ex
485 2944 681 3013 quibus
710 2947 944 3005 fructum
996 2953 1279 3022 capiamus
1317 2955 1654 3011 tricesimum
1692 2969 1747 3014 et
1778 2977 1866 3015 se-

290 3039 634 3105 xagesimum
669 3051 723 3096 et
771 3046 1179 3101 centesimum?
1226 3047 1418 3103 Annon
1470 3050 1656 3106 eadem
1712 3055 1867 3111 nobis

292 3118 802 3202 Evangelii'sermo
830 3136 1134 3206 denuntiat,
1179 3141 1367 3195 dicens
1396 3141 1439 3173 ¹⁶
1473 3159 1487 3196 :
1531 3162 1550 3194 ι
1592 3143 1864 3213 Eccejam

290 3221 510 3275 securis
537 3224 707 3290 posita
739 3235 823 3278 est
855 3227 920 3279 ad
949 3229 1181 3283 radicem
1216 3229 1428 3284 arboris
1454 3230 1478 3285 ?
1515 3231 1704 3288 Omnis
1724 3249 1856 3305 ergo

286 3313 462 3367 arbor
482 3328 601 3382 quae
616 3330 722 3369 non
746 3316 902 3371 aﬂ‘ert
924 3317 1182 3386 fructum,
1206 3323 1508 3389 excidetur,
1534 3326 1660 3379 etin
1685 3327 1862 3397 ignem

284 3404 569 3460 mittetur.
600 3426 619 3460 ι
655 3407 782 3463 Haec
812 3410 1086 3478 prioribus
1138 3413 1339 3467 nostris
1381 3412 1526 3468 Nave
1557 3416 1695 3472 [ilius
1726 3432 1864 3487 pra:-

286 3497 438 3567 cepit
471 3495 629 3554 Jesus
666 3500 732 3554 de
764 3500 1116 3557 infructuosis
1162 3503 1448 3559 arboribus
1523 3507 1862 3574 excidendis,

283 3588 412 3644 haec
442 3590 604 3645 nobis
651 3590 915 3648 Dominus
963 3592 1119 3650 Jesus
1169 3595 1223 3649 in
1260 3595 1565 3665 Evangeliis
1611 3599 1863 3653 mandata

284 3681 560 3738 describit
589 3698 606 3737 :
642 3691 698 3737 et
728 3685 999 3752 quomodo
1042 3701 1147 3740 non
1181 3701 1366 3741 verum
1400 3692 1646 3758 estquod
1676 3690 1863 3746 umbra

279 3773 577 3842 praecessit
609 3780 665 3828 et
696 3774 901 3830 veritas
937 3784 1122 3830 secuta
1145 3776 1273 3830 est?

357 3863 415 3918 6.
452 3864 621 3932 ,Quid
671 3876 848 3922 autem
898 3876 981 3922 est
1031 3868 1176 3936 quod
1221 3869 1425 3925 addidit
1470 3869 1627 3925 Jesus
1668 3889 1682 3925 :
1740 3890 1759 3923 ‹
1803 3872 1860 3927 Si

280 3957 709 4023 emundaveris,
777 3960 955 4029 inquit
1007 3961 1091 4026 ⁸⁵,
1156 3960 1392 4026 silvam,
1431 3963 1535 4016 erit
1593 3964 1689 4018 tibi
1739 3980 1858 4021 cum

281 4048 744 4105 exterminaveris
772 4049 1177 4106 Chananzeum?
1209 4069 1228 4103 ι
1277 4052 1526 4108 Diximus
1563 4053 1672 4123 jam
1710 4070 1862 4126 supe-

285 4140 407 4192 rius
430 4141 701 4209 quomodo
733 4143 1010 4197 nobiscum
1044 4143 1251 4211 positus
1283 4143 1859 4224 Cltananaaus,_primo

282 4241 501 4286 tantum
527 4232 728 4288 tributa
774 4233 1064 4303 dependet,
1110 4235 1347 4287 secundo
1396 4235 1660 4291 obediens
1694 4237 1859 4292 cilici-

278 4331 377 4379 tnr
426 4331 483 4378 et
528 4323 816 4391 subjectus,
877 4324 1036 4379 tertio
1107 4339 1236 4378 vero
1267 4326 1318 4378 in
1368 4326 1735 4383 membrorum
1768 4343 1860 4384 no-

1976 1863 1996 1897 ι
2055 1847 2369 1903 maledictus
2401 1850 2665 1905 .Chanaan
2706 1866 2843 1920 puer
2889 1869 3078 1909 servus
3121 1856 3230 1910 erit
3275 1854 3540 1912 fratribus

1967 1939 2082 1992 suis
2135 1939 2199 1996 ".
2266 1960 2287 1991 ι
2350 1939 2517 1997 Nobis
2575 1952 2753 1998 autem
2822 1955 3039 2014 praestet
3099 1945 3404 2015 Dominus,
3481 1955 3545 2003 ut

1970 2026 2064 2081 ﬁlii
2094 2028 2264 2083 simus
2306 2030 2604 2098 Abraham,
2629 2044 2684 2089 et
2708 2034 2888 2104 Isaac,
2932 2046 2987 2092 et
3016 2035 3206 2106 Jacob,
3249 2038 3551 2094 secundum

1969 2121 2385 2189 promissionem
2423 2123 2690 2189 haeredes,
2723 2135 2776 2181 et
2798 2127 2868 2181 ob
2898 2129 3002 2182 hoc
3028 2144 3097 2184 ex
3133 2128 3403 2199 lapidibus
3421 2144 3547 2184 sus-

1970 2213 2144 2278 citati,
2189 2224 2247 2267 ut
2290 2215 2462 2270 simus
2512 2216 2605 2271 lilii
2643 2218 2919 2273 Abraham
2960 2235 2991 2275 a
3026 2221 3242 2278 Christo
3285 2221 3412 2277 Jesu
3439 2222 3546 2278 Do-

1970 2305 2117 2358 mino
2143 2314 2351 2372 nostro,
2398 2308 2485 2361 cui
2531 2318 2615 2363 est
2640 2309 2809 2380 gloria
2834 2322 2890 2365 et
2935 2313 3221 2381 imperium
3255 2314 3308 2368 iu
3338 2313 3538 2371 saecula

1970 2398 2315 2453 saeculorum.
2342 2399 2531 2453 Amen.

2493 2492 2777 2548 HOMILIA
2820 2493 3012 2549 XXIII.

2073 2577 2150 2634 De
2193 2584 2400 2637 ratione
2431 2585 2654 2658 sortium
2699 2587 2787 2637 ubi
2811 2598 3002 2655 septem
3032 2586 3199 2641 tribus
3224 2588 3438 2658 capiunt

2556 2656 2939 2712 Iueredilatem.

2037 2763 2091 2817 1.
2138 2761 2199 2818 In
2231 2765 2624 2821 consuetudine
2673 2766 2950 2821 hominum
2981 2784 3104 2823 cum
3149 2770 3350 2841 aliquid
3391 2779 3544 2829 sorte

1968 2853 2250 2921 dividitur,
2302 2856 2526 2912 fortuitu
2567 2858 2784 2913 videtur
2815 2875 2937 2915 sors
2986 2861 3074 2915 illa
3119 2864 3186 2917 ad
3236 2863 3411 2932 illum,
3451 2865 3540 2921 vel

1967 2946 2069 3001 alia
2123 2949 2190 3003 ad
2230 2949 2400 3003 alium
2455 2949 2570 3023 (95)
2617 2953 2813 3008 cadere
2862 2975 2873 3008 :
2917 2955 2971 3007 in
3020 2953 3303 3025 Scriptura
3353 2939 3548 3013 autem.

1889 3083 1937 3147 ϐ
1969 3048 2156 3095 sancta
2184 3054 2290 3095 non
2319 3042 2391 3095 ita
2425 3050 2530 3097 est.
2571 3041 2877 3113 Aliquoties
2905 3046 3216 3113 quaerebam
3251 3050 3390 3118 apud
3424 3064 3540 3104 tne-

1968 3131 2273 3199 metipsum,
2301 3132 2345 3185 si
2384 3133 2453 3187 de
2483 3147 2542 3187 re
2574 3143 2722 3187 tanta
2773 3149 2837 3189 ac
2874 3135 2964 3189 tali
3007 3135 3122 3206 (94)
3151 3147 3333 3205 patres
3360 3139 3538 3194 sancti

1965 3222 2204 3276 sortibus
2249 3222 2516 3291 judicium
2561 3224 2983 3290 commisissent,
3015 3228 3156 3295 quod
3180 3226 3226 3281 si
3249 3238 3393 3282 esset
3438 3228 3542 3284 hoc

1965 3312 2105 3380 apud
2147 3323 2365 3368 sanctos
2404 3314 2475 3367 ita
2524 3325 2755 3384 gestum,
2800 3316 2915 3386 jam
2966 3317 3032 3371 de
3074 3317 3195 3372 aliis
3231 3317 3541 3375 hominibus

1959 3407 2042 3461 vel
2091 3404 2381 3474 gentilibus
2414 3404 2524 3477 (95)
2559 3406 2692 3460 nihil
2732 3406 2927 3461 mirum
2961 3409 3255 3474 videretur,
3306 3410 3351 3464 si
3396 3408 3538 3464 nihil

1963 3496 2256 3551 haberetur
2280 3499 2539 3552 eximium
2585 3499 2646 3553 in
2695 3499 2782 3563 iis,
2813 3513 2933 3569 quae
2980 3514 3009 3552 a
3038 3501 3244 3555 sanctis
3271 3510 3418 3556 sorte
3452 3501 3539 3556 di-

1960 3595 2158 3641 cuntur
2202 3588 2397 3643 divisa.
2441 3588 2544 3644 Sed
2582 3591 2864 3645 videamus
2887 3591 2930 3645 si
2969 3589 3112 3644 forte
3153 3592 3205 3644 in
3235 3590 3537 3662 Scripturis

1961 3675 2271 3731 invenimus
2297 3678 2498 3748 aliquid
2537 3680 2795 3748 positum,
2820 3680 2964 3749 quod
3009 3680 3164 3734 nobis
3189 3681 3317 3749 quid
3353 3682 3527 3735 virtu-

1962 3768 2030 3822 tis
2067 3769 2411 3824 contineatur
2454 3771 2505 3825 in
2551 3772 2792 3825 sortibus
2833 3770 3164 3825 ntanil‘cstet.
3210 3770 3536 3839 Incipiamus

1960 3874 2092 3931 ergo
2124 3877 2154 3913 a
2195 3859 2462 3928 Levitico,
2506 3862 2597 3917 ubi
2645 3862 2910 3930 scriptum
2957 3871 3042 3917 est
3070 3862 3114 3894 ¹⁸
3151 3876 3170 3916 :
3218 3880 3237 3914 ι
3277 3862 3346 3917 Ει
3389 3864 3537 3919 acci-

1959 3953 2145 4020 pient,
2221 3953 2435 4022 inquit,
2506 3955 2643 4009 duas
2689 3963 2883 4010 sortes.
2949 3954 3081 4009 Sors
3137 3971 3240 4009 una
3283 3956 3536 4025 Domino,

1959 4053 2013 4098 et
2059 4059 2179 4099 sors
2212 4060 2316 4099 una
2364 4060 2730 4116 apopompeo,
2777 4064 2797 4097 ι
2833 4046 3074 4111 hocest,
3132 4049 3535 4107 transmissori.

1964 4154 1983 4187 ι
2036 4136 2104 4191 Et
2132 4152 2294 4206 super
2327 4154 2701 4209 quemcunque
2760 4140 2979 4194 venerit
3030 4155 3152 4195 sors
3199 4141 3534 4210 ap0pompaei

1959 4230 2187 4300 accipiet
2216 4231 2425 4285 hircum
2473 4231 2647 4297 illum,
2688 4241 2743 4286 et
2770 4231 3001 4286 adducet
3032 4232 3177 4286 illum
3203 4234 3257 4286 in
3285 4248 3528 4288 eremqu

1958 4327 2168 4389 vivum,
2197 4336 2253 4381 et
2281 4326 2517 4382 dimittet
2557 4327 2704 4381 illum
2756 4327 2831 4382 ibi
2880 4328 2934 4381 in
2985 4328 3303 4383 ditnissioue
3347 4344 3465 4385 sua.
3501 4347 3522 4382 ι

278 4422 527 4470 strorum
557 4414 978 4469 mortiﬁcatione
1033 4415 1200 4468 etiam
1244 4415 1597 4471 exterminari
1635 4418 1853 4473 dicitur.
1887 4441 1931 4497 ο
1959 4417 2139 4472 Alium
2171 4432 2300 4472 vero
2317 4418 2525 4472 hircum
2551 4417 2912 4473 immolabunt
2938 4419 3189 4485 Domino,
3219 4428 3272 4474 et
3299 4419 3531 4490 reliqua,

277 4503 417 4574 Quae
448 4506 495 4561 si
523 4513 672 4562 recte
712 4505 1081 4574 intelligimus,
1124 4515 1179 4562 et
1227 4506 1454 4561 donavit
1483 4508 1639 4564 nobis
1680 4509 1858 4564 Domi-

277 4614 390 4654 nus
417 4613 517 4669 per
537 4599 766 4670 gratiam
804 4614 957 4655 suam
991 4600 1065 4654 ita
1114 4600 1229 4655 haec
1278 4600 1604 4672 intelligere,
1648 4601 1721 4656 sit
1765 4602 1860 4656 ali-

275 4693 413 4763 quid
442 4707 624 4762 operae
651 4692 815 4763 pretii
851 4693 964 4748 haec
990 4694 1056 4749 de
1082 4693 1310 4749 secretis
1338 4703 1395 4750 et
1444 4694 1776 4750 absconditis
1799 4695 1853 4749 in

274 4783 559 4854 publicum
585 4784 926 4853 produxisse,
960 4792 1015 4839 et
1039 4785 1252 4839 venisse
1276 4784 1343 4840 ad
1372 4785 1704 4857 agnitionem
1758 4800 1854 4840 no-

277 4887 483 4943 stram,
517 4891 640 4948 qua:
688 4876 1052 4933 servabantur
1085 4877 1336 4943 obtecta;
1382 4887 1439 4932 et
1458 4892 1718 4933 conemur
1762 4892 1853 4933 se-

272 4970 518 5028 cundum
544 4969 665 5025 haec
685 4984 806 5041 quae
845 4969 1102 5034 diximus,
1131 4968 1501 5025 Cbananmum
1532 4969 1621 5040 qui
1672 4969 1852 5025 nobis-

1961 4521 2082 4576 quae
2136 4507 2209 4561 ibi
2250 4515 2397 4561 sunt.
2448 4506 2577 4572 Quae
2625 4507 2809 4577 utique
2851 4508 3034 4563 sciunt
3077 4508 3169 4577 qui
3219 4509 3423 4577 legunt.
3466 4510 3535 4565 Et

1960 4598 2157 4653 iterum
2190 4598 2278 4652 ubi
2301 4596 2510 4667 Moyses
2540 4606 2689 4652 sorte
2723 4599 2909 4653 divisit
2937 4600 3097 4653 tribui
3123 4599 3337 4664 Ruben,
3368 4610 3421 4656 et
3440 4602 3535 4656 tri-

1958 4688 2049 4745 bui
2072 4689 2209 4755 Gad,
2227 4700 2281 4744 et
2304 4689 2541 4746 dimidia:
2564 4691 2726 4746 tribui
2745 4690 3013 4759 Manasse,
3040 4707 3160 4761 qua:
3179 4700 3533 4762 poposcerant

1960 4791 2115 4838 trans
2130 4781 2421 4837 Iordanem
2459 4782 2707 4852 accipere
2748 4791 2950 4837 terram
2983 4782 3151 4849 illam,
3179 4797 3340 4852 quam
3371 4798 3530 4839 act-e-

1957 4883 2156 4944 perunt
2196 4874 2289 4929 lilii
2323 4873 2513 4930 Israel.
2542 4874 2709 4931 Dedit
2747 4885 2924 4930 autem
2956 4875 3119 4929 etiam
3148 4874 3303 4930 Jesus
3336 4891 3530 4931 secun—

1960 4969 2087 5022 dum
2148 4978 2476 5036 praeceptum
2537 4968 2630 5023 Dei
2690 4966 2858 5023 Caleb
2919 4966 3027 5021 lilio
3081 4965 3291 5022 Jell'one
3356 4968 3530 5022 tribus

347 5159 395 5190 “
432 5155 546 5216 Jos.
571 5172 708 5216 xvn.
744 5156 830 5213 l6.
909 5156 953 5189 ¹³
974 5154 1108 5212 ibid.
1149 5157 1238 5223 l7,
1270 5160 1359 5212 l8.
1437 5156 1481 5187 ιδ
1502 5154 1692 5210 Matth.
1721 5172 1803 5221 ιιι,
1841 5154 1865 5207 l

2006 5153 2050 5185 ¹⁵
2068 5152 2181 5209 Jos.
2202 5169 2325 5219 xvn,
2350 5154 2441 5209 28.
2519 5153 2563 5185 “
2587 5151 2726 5207 Dan.
2758 5168 2881 5208 xm.
2909 5152 3001 5209 56.
3081 5153 3122 5184 ³⁷
3152 5150 3291 5208 Gen.
3328 5165 3405 5216 lx,
3431 5150 3524 5206 25.

273 5230 322 5264 ⁸³
361 5229 540 5285 Levit.
587 5244 700 5294 xvi,
726 5228 783 5297 8,
815 5227 903 5284 10.

341 5343 459 5417 (90)
476 5343 679 5401 Omnes
701 5358 835 5401 mss.
867 5361 888 5397 ‹
920 5341 1217 5400 naturales.
1248 5357 1269 5394 ι
1298 5339 1459 5395 Libb.
1490 5339 1661 5394 editi:
1695 5354 1715 5390 ι
1748 5352 1847 5392 na-

270 5417 667 5557 #233133“;
698 5484 988 5557 Sangerm.
1018 5499 1143 5541 cum
1178 5498 1288 5540 uno
1302 5481 1521 5539 Ebroic.
1545 5498 1564 5532 ι
1602 5479 1658 5534 in
1686 5490 1790 5534 me.
1819 5496 1839 5531 ι

268 5554 454 5635 ιῑιξιίλ
472 5558 628 5635 editi,
661 5574 680 5608 ι
714 5555 768 5610 in
794 5554 1040 5635 meridie.
1082 5574 1104 5635 ι
1192 5622 1207 5635 ⁸
1295 5621 1411 5635 ..η

272 5695 297 5749 f
352 5625 496 5696 (92)
554 5620 683 5684 Mss.
738 5643 758 5677 ι
807 5642 877 5683 ne
914 5625 960 5683 si
1000 5622 1245 5697 forteJr
1295 5621 1452 5680 Libb.
1490 5620 1619 5678 editi
1660 5637 1673 5676 :
1708 5636 1727 5672 ι
1777 5632 1844 5675 ne

293 5710 433 5753 orte.
482 5716 502 5747 ι
1336 5743 1351 5753 .

2017 5333 2155 5407 (95)
2176 5332 2272 5388 γει
2298 5334 2408 5388 alia
2433 5334 2503 5407 ad
2537 5332 2727 5407 alium.
2756 5332 2885 5407 [iam
2909 5333 3113 5407 desunt
3137 5329 3190 5384 in
3228 5328 3385 5385 libris
3407 5328 3526 5384 edi-

1949 5402 2410 5481 tis,As_ednexstant
2434 5405 2488 5457 in
2516 5405 2733 5481 duobus
2758 5402 3247 5481 Ebroicensibus._;
3361 5466 3384 5481 ν
3407 5469 3419 5481 _

2015 5466 2128 5549 (94)
2159 5474 2361 5549 omnes
2392 5489 2521 5549 mss.
2560 5492 2580 5525 σ
2621 5474 2667 5527 si
2703 5476 2853 5549 dere
2883 5483 3030 5526 tanta
3060 5486 3125 5524 ac
3156 5468 3271 5525 tali.
3310 5485 3333 5522 ι
3358 5466 3522 5525 Libb.

1944 5543 2122 5619 editi__:_
2155 5543 2357 5619 t‘side
2384 5545 2547 5619 tantis
2578 5558 2644 5598 ac
2672 5544 2892 5619 talibus.
2934 5560 2954 5594 ι
3358 5606 3381 5619 ⁹
3408 5608 3420 5619 ⁸

2015 5615 2131 5688 (95)
2171 5615 2354 5688 Codex
2392 5613 2679 5688 Sangerm.
2731 5631 2751 5665 ι
2792 5613 2876 5669 vel
2925 5609 3242 5683 gentilibus.
3291 5628 3313 5665 ι
3356 5606 3520 5666 Libb.

1944 5682 2075 5745 editi
2110 5682 2123 5738 ἒ
2160 5703 2179 5737 ι
2219 5684 2298 5740 vel
2325 5682 2600 5752 gentibus.
2650 5704 2669 5736 ι
