4050 6148
527 189 637 248 933

1979 193 2305 250 ORIGENIS

3688 199 3793 255 936

525 317 683 375 ludar:
699 317 815 391 (96)
848 326 1070 374 sortem.
1098 317 1255 373 Dedit
1280 326 1459 372 autem
1485 325 1539 372 et
1566 318 1728 372 tribui
1764 318 2020 387 Ephrem,
2053 329 2107 370 et
2135 323 2182 379 Α
2211 327 2416 381 mento,
2445 318 2616 372 sicubi
2666 332 2786 372 sors
2821 316 2871 370 in
2912 316 3132 373 Christo
3169 318 3254 373 vel
3304 319 3356 372 in
3414 318 3653 375 Ecclesia
3693 338 3792 375 no-

529 412 606 468 iili
652 427 774 482 qua:
822 418 1151 480 supererat,
1209 409 1448 463 dimidia:
1505 409 1668 464 tribui
1719 409 1981 464 Manasse.
2042 413 2109 464 Et

528 514 654 573 post
687 505 799 557 lucc
851 501 1225 571 congregavit,
1275 500 1494 568 inquit,
1535 500 1821 555 ecclesiam
1875 502 2106 556 ﬁliorum

526 593 720 659 Israel,
750 603 806 648 et
841 594 978 647 dixit
1000 595 1041 631 ¹⁹
1070 610 1084 646 :
1124 611 1141 642 ι
1183 591 1388 644 Mittam
1415 602 1644 658 sortem,
1669 602 1723 646 et
1754 593 2029 660 proferam
2052 595 2105 648 in

525 699 820 758 conspectu
873 688 1087 741 Domini
1136 696 1379 750 sortem,
1435 687 1478 740 si
1531 687 1684 756 prius
1731 689 2108 744 describentes

523 791 763 846 tarram,
813 780 1105 834 attuleritis
1155 779 1578 848 descriptionem
1637 781 1777 850 ejus.
1831 800 1850 833 ι
1905 781 1972 836 Et
2030 783 2106 835 ita

524 885 650 946 post
683 875 800 928 haec
833 873 1073 927 sortibus
1109 874 1292 926 missis
1326 872 1620 925 IIIBI‘edIIlIS
1646 873 1844 942 pepulo
1877 873 1970 929 Dei
1991 875 2105 930 dis-

526 966 806 1029 tribuitur,
831 977 886 1021 et
909 968 1151 1037 agitatur
1174 982 1294 1020 sors
1326 966 1426 1018 ista
1455 980 1560 1018 non
1600 966 1854 1030 fortuitu,
1891 969 1983 1023 sed
2022 982 2109 1022 se-

525 1061 762 1114 cundum
811 1058 934 1119 hoc,
963 1060 1104 1126 quod
1146 1059 1593 1128 praedestinatum
1632 1069 1713 1113 est
1740 1077 1767 1112 a
1796 1061 1922 1113 lleo.
1953 1059 2108 1114 Deni-

525 1163 630 1217 que
661 1148 833 1202 tribus
877 1147 1156 1216 Beniamin
1202 1152 1375 1219 prima
1417 1151 1488 1205 ibi
1539 1152 1748 1219 accepit
1778 1162 1979 1206 sortem
2013 1153 2104 1206 ubi

524 1253 644 1298 erat
669 1241 1004 1304 Jerusalem,
1043 1255 1164 1311 post
1206 1245 1347 1297 hanc
1385 1245 1560 1298 tribus
1593 1243 1811 1296 Sintcon
1843 1245 2102 1311 secunda,

524 1345 650 1404 post
683 1336 1117 1398 hanclssachar,
1163 1336 1357 1390 deinde
1400 1335 1889 1397 z:tI)llI0n,tIt!IlItIC
1943 1335 2101 1400 Aser,

526 1439 650 1497 post
681 1429 846 1483 etiam
884 1427 1253 1496 Nephthalim,
1282 1429 1406 1482 inde
1444 1430 1577 1482 Dan.
1608 1430 1662 1482 In
1699 1430 1894 1496 quibus
1921 1429 2106 1482 novis-

526 1521 663 1574 sime
702 1521 926 1573 veniunt
980 1529 1090 1573 tres
1137 1520 1240 1573 ill-.e
1288 1521 1481 1587 tribus,
1515 1538 1635 1591 qua:
1681 1538 1747 1576 ex
1781 1522 2104 1576 concubinis

527 1609 922 1664 descenderant
949 1608 1140 1664 Iacob.

2213 409 2471 472 minatur,
2515 412 2594 462 vel
2633 410 2685 462 in
2727 409 2887 463 rebus
2916 410 3184 478 mysticis,
3217 418 3272 463 et
3302 425 3422 479 qua!
3452 412 3516 462 ad
3547 413 3786 466 animam

2209 503 2489 571 pertinere
2522 502 2837 555 videantur.
2880 500 3104 555 Invenio
3137 501 3371 555 Paulum
3398 503 3465 555 ad
3518 502 3783 572 Ephesios

2211 596 2542 650 scribentem
2576 595 2760 650 dicere
2785 595 2853 650 de
2881 593 3102 650 Christo
3143 613 3157 649 ε
3205 611 3230 646 ε
3269 595 3324 649 In
3355 609 3483 664 qua,
3525 597 3698 668 inquit
3721 599 3790 664 ³³,

2210 697 2358 742 sorte
2417 691 2594 741 vocati
2631 702 2840 754 sumus,
2905 688 3277 756 przedéstinati
3327 690 3624 744 secundum
3669 708 3791 760 pro-

2210 783 2447 850 positum
2483 781 2622 852 ejus.
2655 781 2750 850 qui
2782 781 2963 836 omnia
3015 792 3274 851 operatur
3328 784 3628 838 secundum
3663 800 3790 839 con-

2211 874 2392 927 silium
2453 873 2749 928 voluntatis
2807 873 2966 946 5.5.1
3024 889 3168 937 suae,
3217 883 3277 929 ut
3334 874 3505 930 simus
3553 876 3609 930 in
3671 877 3792 932 lau-

2211 966 2330 1018 dent
2363 967 2549 1034 gloriae
2593 965 2708 1033 ejus
2743 968 2832 1036 qui
2864 977 2989 1022 ante
3028 967 3368 1036 speravimus
3401 968 3456 1021 in
3487 968 3732 1026 Christo.
3766 987 3788 1022 ι

2212 1055 2318 1111 Sed
2368 1067 2422 1110 et
2462 1059 2528 1111 ad
2563 1057 2914 1112 Colossenses
2954 1059 3068 1112 hzcc
3119 1058 3448 1114 scribentem
3471 1059 3556 1112 ’δε
3597 1079 3617 1112 ι
3654 1059 3789 1115 Gra-

2213 1151 2314 1202 tias
2365 1161 2590 1220 agentes
2642 1150 2752 1204 Deo
2805 1149 2953 1205 Patri
2997 1152 3092 1220 qui
3144 1151 3369 1207 idoneos
3412 1167 3511 1207 nos
3557 1151 3691 1207 fecit
3738 1154 3789 1209 in

2209 1251 2362 1308 parte
2403 1241 2566 1296 sortis
2631 1252 2949 1296 sanctorum
2989 1243 3041 1296 in
3087 1243 3312 1298 lumine.
3338 1261 3360 1298 ι
3401 1244 3535 1299 Tam
3602 1246 3791 1301 multis

2212 1333 2374 1401 igitur
2425 1349 2489 1389 ex
2540 1333 2842 1402 Scriptnris
2897 1337 3103 1390 sanctis
3167 1337 3235 1391 de
3271 1340 3792 1394 commemoratione

2209 1427 2434 1478 sortimn
2511 1427 2838 1481 testimoniis
2896 1432 3276 1500 congregatis,
3341 1445 3452 1498 quo
3517 1445 3586 1485 ex
3649 1430 3790 1486 mul-

2212 1527 2392 1571 torum
2453 1517 2696 1573 locorum
2755 1521 3194 1577 consideratione
3231 1523 3486 1578 virtutem
3536 1525 3616 1578 rei
3666 1539 3790 1592 pos-

2208 1609 2378 1664 simus
2399 1609 2710 1680 diligentius
2739 1613 3190 1680 apprehendere,
3226 1614 3356 1667 mihi
3388 1615 3608 1682 quidem
3635 1615 3791 1668 exiis

597 1702 654 1756 2.
687 1703 818 1768 Qua:
856 1718 984 1772 ergo
1027 1704 1099 1758 sit
1124 1705 1263 1759 ratio
1288 1706 1518 1758 sortium
1546 1705 1688 1774 apud
1720 1707 2101 1775 memetipsum
2136 1688 2179 1742 Β
2211 1701 2461 1754 omnibus
2491 1703 2574 1755 vel
2603 1703 2826 1757 evidens
2861 1705 3036 1758 adhuc
3065 1720 3257 1760 sensus
3285 1705 3354 1760 ad
3390 1707 3666 1775 liquidum
3701 1720 3787 1774 pa-

529 1795 896 1863 requirebam,
952 1804 1009 1847 ut
1058 1812 1125 1850 ex
1189 1797 1374 1851 multis
1423 1798 1752 1852 testimoniis
1807 1797 2106 1869 Scriptum

526 1887 669 1956 quod
698 1887 898 1941 latebat
929 1903 1304 1958 agnoscerem.
1335 1890 1682 1945 Inveniebat“
1708 1908 1840 1948 sane
1868 1895 1917 1946 in
1956 1894 2108 1949 Scri-

525 1979 703 2047 pturis
733 1979 898 2032 etiam
931 1980 1162 2047 gentiles
1211 1982 1458 2036 homines
1492 1997 1622 2037 usos
1670 1999 1792 2039 esse
1839 1988 2100 2055 sortibus,

529 2081 656 2126 tunc
686 2088 809 2126 cum
855 2073 1142 2140 navigaret
1191 2071 1377 2137 Jonas,
1426 2085 1478 2128 et
1523 2087 1818 2146 tempcStas
1863 2091 2101 2148 urgeret.

526 2165 692 2216 Aiunt
734 2180 966 2232 namque
1019 2167 1052 2218 ii
1104 2167 1194 2233 qui
1240 2168 1574 2236 navigabant
1624 2170 1668 2201 ¹⁰
1703 2185 1716 2221 :
1755 2189 1774 2220 ‹
1829 2169 2107 2225 Mittamus

527 2265 752 2316 sortem,
788 2264 845 2309 et
890 2257 1172 2310 videamus
1209 2256 1367 2326 cujus
1413 2275 1574 2313 causa
1609 2261 1722 2313 lncc
1751 2271 1902 2315 tanta
1947 2262 2107 2315 mali-

525 2346 599 2398 tia
625 2354 728 2413 est,
763 2364 781 2397 ι
809 2346 962 2416 quasi
993 2363 1111 2402 sors
1149 2358 1355 2402 tantum
1383 2351 1607 2415 valeret,
1636 2362 1691 2403 ut
1722 2353 1952 2420 prodere
1977 2368 2101 2406 eum

528 2450 730 2508 posset,
753 2439 911 2509 cujus
934 2455 1104 2494 causa
1150 2443 1456 2508 periculum
1505 2445 1892 2513 navigantibus
1926 2445 2106 2500 inlini.

529 2541 709 2588 neret.
732 2531 799 2585 Et
833 2533 1086 2600 quamvis
1122 2533 1352 2602 gentiles
1371 2545 1578 2599 essent,
1603 2546 1658 2589 et
1680 2536 1844 2592 alieni
1869 2553 1897 2590 a
1919 2540 2106 2610 c0gni-

529 2624 676 2678 tione
708 2624 821 2692 Dei,
871 2641 979 2680 non
1034 2636 1216 2680 tamen
1271 2627 1323 2680 in
1365 2634 1464 2683 hac
1515 2631 1773 2698 opinione
1819 2632 2104 2698 falluntur,

526 2718 621 2772 sed
645 2719 791 2788 quod
825 2735 1013 2773 verum
1043 2729 1181 2780 erat,
1208 2703 1444 2788 prodidit
1477 2721 1588 2792 (97)
1636 2724 1714 2777 eis
1767 2739 1909 2782 sors.
1938 2725 2104 2781 Deni-

526 2825 633 2880 que
678 2828 699 2862 t
748 2812 945 2877 venit,
1004 2813 1226 2880 inquit,
1287 2829 1406 2868 sors
1445 2829 1611 2883 super
1639 2814 1850 2872 Jonatn.
1892 2837 1910 2869 ι
1947 2818 2107 2885 Qua:-

526 2917 657 2956 rens
695 2917 826 2972 ergo
860 2904 926 2956 de
951 2903 1039 2967 iis,
1069 2903 1288 2958 invenio
1316 2913 1370 2958 et
1397 2903 1746 2960 Salomonetn
1778 2908 1828 2960 in
1871 2907 2108 2964 Prover-

526 2995 629 3050 biis
652 2995 922 3050 dicentem
946 2996 989 3026 ²¹
1019 3013 1032 3048 :
1062 3014 1080 3046 ι
1116 2996 1588 3050 Contradictiones
1622 2999 1840 3053 cohibet
1873 3015 2014 3064 sors,
2048 3008 2106 3055 et

527 3089 672 3143 inter
723 3097 975 3158 potentes
1019 3089 1228 3154 delinit,
1266 3107 1284 3140 ι
1328 3090 1490 3143 veluti
1541 3105 1760 3146 cessare
1810 3093 2106 3149 ostendens

527 3181 1008 3245 contradictiones,
1039 3182 1126 3232 ubi
1170 3182 1404 3235 mittitur
1440 3197 1578 3237 sors.
1615 3183 1720 3238 Sed
1751 3199 1873 3238 cum
1901 3186 2015 3239 hate
2050 3186 2106 3240 in

527 3270 882 3327 Testamento
932 3271 1112 3326 Veteri
1148 3289 1253 3325 non
1309 3289 1477 3342 pauca
1530 3275 1726 3330 referri
1755 3277 1823 3330 de
1870 3279 2108 3334 sortibus

528 3365 849 3429 invenirem,
905 3367 1153 3419 converti
1205 3381 1292 3419 me
1337 3368 1505 3420 etiam
1556 3368 1624 3420 ad
1663 3367 1874 3422 Novum
1913 3368 2106 3425 Testa-

527 3468 855 3534 mentutn,ut
883 3462 1120 3514 viderem
1154 3460 1198 3516 si
1247 3460 1388 3516 forte
1447 3461 1528 3516 vel
1579 3462 1653 3516 ibi
1686 3473 2109 3519 contemnuntur

535 3567 732 3612 sortes.
770 3557 838 3610 At
864 3569 931 3611 ne
968 3557 1041 3610 ibi
1080 3557 1297 3624 quidem
1335 3571 1523 3610 earum
1561 3572 1691 3609 usus
1726 3555 1999 3622 abjicitur,
2054 3567 2109 3610 et

529 3651 749 3705 invenio
783 3651 928 3720 quod
961 3650 1253 3718 aliquando
1289 3665 1410 3703 cttm
1455 3650 1665 3703 deesset
1707 3663 1932 3703 numero
1986 3665 2110 3720 apo-

528 3743 794 3798 smlorunt
830 3760 970 3798 unus
997 3742 1301 3812 apostolus,
1350 3753 1405 3795 et
1447 3752 1594 3795 esset
1644 3745 2012 3795 necessarium
2051 3743 2104 3797 in

528 3834 650 3891 loco
691 3834 840 3890 Iuda:
869 3837 1034 3892 alium
1064 3838 1370 3906 subrogari,
1411 3837 1797 3891 convenientes
1845 3838 2101 3905 apostoli,

530 3929 626 3998 qui
677 3929 868 3997 utique
918 3931 1087 3983 multo
1114 3930 1476 3999 sapientiores
1531 3939 1690 3984 erant
1725 3944 1886 3999 quam
1941 3931 1976 3984 ii
2013 3932 2105 4000 qui

532 4036 676 4076 nunc
719 4022 1004 4090 episc0pos
1048 4022 1133 4076 vel
1172 4025 1526 4092 presbyteros
1565 4021 1646 4076 vel
1674 4023 1932 4078 diaconos
1961 4025 2107 4078 ordi-

530 4122 686 4181 nant,
729 4114 1012 4182 elegerunt
1047 4113 1183 4167 duos
1217 4125 1270 4168 et
1305 4124 1613 4169 statuerunt
1657 4116 1708 4168 in
1744 4118 1921 4170 medio
1959 4134 1972 4169 :
2006 4133 2108 4172 nec

532 4214 711 4259 tamen
761 4205 829 4259 de
883 4205 962 4258 eis
1013 4205 1369 4276 sibimetipsis
1410 4207 1672 4274 judicium
1717 4210 2104 4276 permiserunt,

533 4306 592 4352 ut
624 4296 772 4350 illum
826 4295 1075 4350 facerent
1124 4313 1282 4366 quem
1336 4299 1436 4367 ipsi
1492 4298 1792 4352 voluissent
1835 4299 1976 4369 (98),
2009 4300 2105 4353 sed

2216 1801 2330 1845 tere
2354 1807 2460 1845 non
2505 1795 2717 1860 potuit,
2750 1793 2836 1848 vel
2885 1794 3050 1848 etiam
3079 1796 3144 1848 de
3176 1811 3234 1850 re
3274 1805 3423 1849 tanta
3465 1795 3790 1851 enuntiandi

2213 1893 2267 1934 et
2291 1882 2600 1952 proferendi
2644 1885 2827 1938 arcani
2871 1895 3048 1939 metus
3076 1885 3294 1941 insedit.
3326 1885 3462 1941 Illud
3495 1897 3683 1942 tamen
3737 1889 3791 1944 in

2211 1986 2472 2044 quantum
2516 1990 2603 2029 res
2634 1975 2836 2044 patitur
2880 1977 3174 2046 contigisse
3217 1977 3477 2047 sulIiciat,
3513 1982 3663 2050 quod
3699 1997 3793 2035 no-

2214 2067 2390 2133 bisah
2433 2067 2690 2136 apostolis
2727 2082 2850 2123 sors
2883 2067 3045 2122 ducta
3093 2070 3373 2138 designat,
3418 2076 3545 2142 quia
3585 2075 3681 2128 ubi
3725 2089 3790 2129 ex

2212 2159 2317 2212 lide
2347 2160 2548 2230 integra
2580 2169 2635 2213 et
2663 2161 2912 2215 oratione
2937 2163 3215 2231 praemissa
3267 2177 3386 2218 sors
3433 2166 3675 2231 ducitur,
3729 2183 3792 2223 ea

2209 2266 2328 2319 quae
2359 2249 2450 2304 Dei
2489 2251 2739 2308 voluntas
2767 2257 3010 2309 continet
3037 2257 3088 2308 in
3117 2257 3365 2325 occulto,
3401 2274 3519 2314 sors
3561 2261 3794 2314 homini-

2208 2347 2309 2401 bus
2337 2345 2577 2400 declarat
2613 2347 2662 2401 in
2691 2347 2997 2402 manifesto.

2281 2444 2336 2498 3.
2363 2443 2671 2498 Secundum
2709 2443 3022 2498 interiorem
3070 2456 3198 2496 vero
3233 2443 3566 2498 intellectum
3591 2485 3606 2509 ,
3646 2444 3791 2499 sicut

2209 2537 2416 2594 Paulus
2441 2539 2655 2593 videtur
2689 2537 2934 2592 indicare
2960 2551 3082 2590 cum
3115 2536 3283 2591 dicit:
3322 2555 3342 2588 ι
3385 2537 3442 2590 In
3474 2549 3629 2606 parte
3665 2553 3788 2593 sor-

2213 2631 2281 2686 tis
2311 2641 2657 2693 sanctorum;
2693 2644 2709 2678 I
2747 2637 2830 2683 et:
2854 2629 3044 2682 «Sorte
3076 2628 3251 2682 vocati
3282 2627 3334 2682 in
3361 2626 3580 2682 Christo
3601 2668 3618 2691 ,
3658 2646 3678 2680 ι
3713 2629 3791 2681 vi-

2211 2725 2446 2778 dendum
2488 2732 2573 2777 est
2611 2737 2676 2776 ne
2710 2722 2850 2776 forte
2882 2735 2988 2774 non
3015 2719 3190 2774 solum
3226 2720 3279 2774 in
3313 2719 3653 2788 hominibus,
3693 2720 3788 2774 sed

2209 2826 2266 2872 et
2302 2818 2353 2872 iu
2390 2816 2643 2884 supernis
2674 2813 2970 2869 virtutibus
3003 2827 3122 2867 sors
3153 2821 3371 2882 agatur.
3401 2825 3455 2868 et
3498 2814 3791 2881 praesideat

2211 2910 2395 2979 aliqua
2431 2910 2610 2962 virtus
2632 2907 2760 2962 huic
2792 2904 2967 2960 olIicio
2994 2945 3010 2972 ,
3034 2919 3188 2972 quae,
3228 2905 3376 2958 verbi
3411 2919 3576 2958 causa
3599 2944 3616 2969 ,
3658 2903 3787 2960 Jesn

2133 3033 2176 3091 ο
2213 3002 2324 3057 ﬁlio
2357 2999 2506 3055 Nave
2533 3015 2677 3055 nunc
2699 3008 2848 3054 sorte
2873 2999 3246 3053 haereditatem
3279 2999 3629 3052 distribuenti
3680 3013 3787 3053 non

2213 3097 2278 3150 ad
2311 3095 2544 3163 aliquam
2578 3093 2845 3163 gratiam,
2871 3092 2964 3146 sed
2999 3091 3296 3145 secundum
3335 3091 3477 3157 quod
3525 3093 3633 3145 scit
3682 3090 3790 3145 Deo

2211 3190 2458 3260 placere.
2491 3189 2744 3241 ducatum
2780 3187 3052 3255 prtebeat:
3085 3195 3140 3238 et
3171 3185 3243 3239 illi
3271 3184 3346 3254 (I)
3379 3185 3596 3254 quidem
3628 3185 3790 3239 faciat

2210 3283 2427 3337 evenire
2452 3295 2572 3348 qua:
2597 3280 2769 3350 prima
2796 3287 2944 3342 sunt,
2971 3293 3130 3346 quem
3167 3279 3275 3332 scit
3303 3277 3442 3345 apud
3476 3277 3644 3330 Deum
3674 3277 3788 3345 pri-

2211 3391 2360 3429 mum
2404 3375 2582 3427 locum
2617 3384 2833 3426 tenere:
2872 3386 2980 3441 quo
3028 3372 3130 3425 hoc
3161 3372 3304 3438 quod
3344 3371 3396 3424 in
3429 3369 3658 3423 occultis
3695 3371 3789 3424 ha-

2211 3467 2376 3522 betur
2414 3465 2557 3534 apud
2596 3465 2766 3518 Deum
2795 3463 2959 3517 sortis
2989 3464 3384 3532 gubernatione
3421 3461 3582 3515 etiam
3616 3462 3788 3514 homi-

2211 3558 2371 3612 nibus
2418 3557 2922 3620 demonstraretur;
2957 3555 3121 3608 alimn
3159 3569 3288 3608 veno
3333 3553 3516 3608 facere
3561 3553 3785 3607 secumli

2211 3649 2347 3711 loci,
2376 3657 2432 3703 et
2456 3647 2622 3702 alium
2652 3648 2819 3702 tertii.
2851 3647 3004 3714 Quod
3027 3647 3096 3700 ita
3129 3658 3341 3717 gestmn
3376 3661 3496 3700 esse
3532 3661 3638 3700 non
3695 3659 3776 3699 so-

2213 3742 2322 3795 lum
2349 3740 2403 3794 in
2431 3740 2590 3794 terris
2614 3739 2880 3803 arbitror,
2912 3753 3098 3792 verum
3132 3738 3295 3791 etiam
3329 3737 3381 3790 in
3433 3733 3785 3801 cmlestibus,

2209 3842 2267 3887 et
2297 3829 2607 3899 hujusmodi
2655 3840 2862 3884 sortem
2906 3844 3030 3898 qure
3078 3827 3219 3898 apud
3265 3827 3428 3881 Deum
3468 3828 3784 3880 meritorum

2209 3923 2668 3992 contemplatione
2693 3923 3064 3990 distinguitur,
3095 3921 3259 3973 etiam
3295 3921 3387 3974 illo
3422 3930 3666 3988 tempore
3692 3919 3788 3973 ha-

2209 4017 2379 4071 bitam
2400 4035 2445 4080 ,ι
2471 4031 2596 4070 cum
2627 4015 2893 4068 divideret
2922 4026 2975 4066 et
2999 4012 3357 4066 constitueret
3378 4011 3638 4065 Excelsus
3659 4025 3784 4079 gen-

2216 4119 2296 4164 tes
2317 4148 2331 4173 ,
2364 4117 2422 4162 et
2452 4108 2834 4162 disseminaret
2862 4105 3002 4158 lilics
3021 4104 3214 4162 Adam,
3260 4111 3314 4156 et
3336 4102 3692 4156 constitueret
3725 4103 3784 4151 ti.

2210 4217 2306 4256 nes
2341 4175 2582 4270 gentium
2619 4197 2916 4252 secundum
2971 4210 3254 4250 numerum
3301 4193 3616 4264 angelorum
3662 4191 3781 4254 Dei;

2209 4304 2264 4348 et
2313 4293 2454 4346 facta
2483 4303 2568 4346 est
2600 4290 2776 4359 portio
2811 4290 2899 4342 Dei
2929 4287 3097 4342 Jacob
3123 4329 3136 4349 ,
3186 4286 3456 4341 funiculus
3502 4285 3784 4339 haeredita-

530 4399 772 4452 orantes,
823 4389 1017 4459 inquit,
1052 4390 1317 4444 miserunt
1353 4399 1554 4444 sortem
1605 4406 1674 4444 ex
1725 4389 1832 4444 illis
1887 4392 2101 4445 duobus
2135 4397 2180 4452 ι)
2213 4384 2282 4438 tis
2313 4383 2430 4450 ejus
2472 4381 2636 4435 Israel
2667 4382 2734 4432 ’⁵.
2767 4399 2786 4431 ι
2819 4379 2978 4433 Vides
3023 4379 3166 4433 enim
3207 4379 3332 4448 quia
3364 4388 3418 4432 et
3458 4377 3545 4431 hic
3580 4387 3783 4445 partem

532 4497 670 4552 quos
697 4492 1001 4535 statuerant
1026 4483 1079 4535 in
1112 4493 1404 4551 conspectu
1439 4482 1555 4546 llei,
1582 4483 1632 4536 id
1657 4494 1740 4536 e51
1765 4481 1984 4550 Ioseph,
2012 4484 2104 4552 qui

532 4577 832 4630 vocabatur
865 4575 976 4645 (99)
1005 4574 1302 4640 Barnabas,
1336 4575 1426 4642 qui
1452 4576 1864 4645 cognominatus
1887 4585 1971 4630 est
2011 4575 2108 4630 Ju-

534 4675 670 4728 stus,
732 4675 788 4720 et
827 4666 1130 4720 Matthiam.
1174 4685 1192 4716 ‹
1245 4667 1310 4720 lit
1357 4667 1575 4730 cecidit,
1636 4667 1811 4736 inquit
1846 4669 1914 4731 ",
1987 4683 2106 4724 sors

535 4771 696 4824 super
743 4757 1045 4824 Matthiam,
1081 4767 1136 4810 et
1187 4768 1578 4810 annumeratus
1621 4769 1703 4810 est
1765 4775 1886 4812 cum
1939 4761 2104 4812 unde-

535 4850 640 4904 cim
681 4851 964 4919 apostolis.
1009 4871 1028 4904 ι
1053 4853 1406 4907 Prmcedeute
1434 4867 1669 4921 namque
1701 4854 1968 4920 oratione,
1997 4870 2100 4908 non

529 4940 641 5010 jam
684 4956 836 5006 casu,
882 4943 977 4996 sed
1015 4943 1377 5013 providentia,
1410 4958 1529 4995 sors
1560 4943 1801 4995 divinum
1839 4942 2103 5010 judicium

533 5031 832 5089 deferebat.
881 5035 992 5090 Sed
1042 5036 1217 5090 adhuc
1263 5035 1568 5104 quaerebam
1609 5035 1661 5086 in
1710 5031 1858 5085 Novo
1912 5033 2106 5089 Testa-

1051 5133 1099 5164 "
1123 5132 1247 5188 Jon.
1272 5131 1384 5198 t,9.
1458 5132 1500 5162 ¹¹
1529 5129 1690 5184 Prov.
1725 5129 1973 5196 xvnt,18.

607 5131 650 5164 "
679 5131 790 5187 Jos.
819 5149 975 5187 xvnt.

533 5217 709 5267 niui,
741 5209 792 5266 8.
830 5206 883 5260 9.

607 5296 722 5365 (96)
753 5297 866 5350 Duo
895 5297 1251 5351 Ebroicenses
1287 5314 1300 5350 :
1339 5315 1357 5347 ι
1390 5306 1447 5350 et
1475 5294 1634 5348 tribui
1669 5292 1840 5365 Judaa.
1875 5311 1895 5344 ι

604 5363 902 5450 (Ἥλϐοά.
938 5371 1230 5438 Sanget'ut.
1278 5387 1296 5417 ι
1342 5367 1600 5439 prodidit.
1649 5386 1666 5417 ι
1719 5364 1877 5417 Libb.
1913 5363 2043 5419 editi
2088 5380 2102 5417 :

539 5454 561 5490 ι
593 5448 791 5508 prodit.
830 5459 847 5490 ι

617 5511 729 5580 (98)
772 5510 903 5565 Mss.
958 5531 976 5562 ι
1030 5511 1350 5565 voluissent.
1395 5529 1413 5560 ι
1458 5507 1614 5562 Libb.
1654 5505 1785 5561 editi
1823 5529 1834 5562 :
1879 5523 1900 5557 ‹
1951 5504 2105 5559 vole-

538 5581 720 5720 ὕδξὲέῦ
758 5601 950 5709 ’lidem
998 5667 1128 5709 mss.
1186 5671 1205 5704 ι
1261 5653 1578 5709 vocabatur.
1629 5669 1648 5702 ι
1704 5648 1864 5706 Libb.
1915 5647 2046 5703 editi
2090 5661 2104 5700 :

2053 5131 2098 5162 "
2120 5132 2242 5186 Act.
2270 5145 2310 5196 ι,
2342 5129 2432 5187 26.

2215 4490 2270 4535 et
2293 4477 2588 4531 funiculum
2623 4475 2788 4529 Israel
2814 4474 3040 4528 Domino
3071 4475 3201 4528 dicit
3235 4490 3355 4530 esse
3375 4474 3628 4528 sortium.
3668 4471 3780 4525 Non

2213 4587 2347 4638 ergo
2378 4571 2600 4624 fortuitu
2637 4569 3018 4624 arbitrandum
3057 4579 3140 4622 est
3175 4583 3270 4639 per
3318 4578 3524 4623 sortem
3576 4567 3786 4621 venisse

2217 4665 2294 4736 (ἢ)
2327 4665 2399 4718 illi
2437 4665 2654 4732 quidem
2682 4663 2875 4731 angelo
2898 4662 3042 4717 illam
3071 4674 3285 4732 gentem
3313 4665 3612 4730 suscipere,
3639 4659 3783 4714 verbi

2221 4773 2380 4811 causa
2402 4798 2416 4822 ,
2449 4757 2858 4829 {Egyptiornnn
2887 4757 2977 4810 alii
3007 4767 3188 4811 autem
3209 4755 3596 4816 Idunueorum,
3625 4764 3679 4807 et
3698 4750 3782 4804 alii

2218 4849 2604 4912 .‘Iloabitarum,
2643 4861 2698 4903 et
2727 4850 2816 4903 alii
2857 4850 3087 4915 Indiam,
3121 4848 3205 4901 vel
3228 4860 3669 4914 t-‘namquamque
3698 4860 3786 4896 na-

2216 4945 2423 4996 tionum
2457 4960 2644 4998 earum
2675 4959 2798 5012 quae
2842 4953 2966 4996 sunt
2998 4957 3161 5010 super
3194 4952 3429 4992 terram:
3480 4940 3573 4990 sed
3615 4949 3671 4990 et
3717 4935 3784 4988 ibi

2211 5033 2423 5088 etiamsi
2454 5033 2747 5088 secundum
2801 5046 3083 5085 numerum
3132 5027 3442 5096 angelorum
3473 5026 3566 5080 Dei
3607 5026 3786 5078 dican-

2509 5129 2554 5160 ⁸³
2577 5127 2836 5194 thes.t,
2868 5126 2953 5192 II,
2991 5125 3079 5179 12.
3133 5123 3176 5155 "‘
3195 5123 3310 5178 Col.
3342 5138 3380 5189 ι,
3408 5123 3493 5177 l2.
3553 5122 3599 5154 ’⁸
3635 5123 3785 5178 Deut.

2223 5310 2242 5343 ‹
2279 5296 2526 5342 vocatur.
2565 5304 2583 5337 ι

2289 5357 2529 5430 (1)]ξυι1ἴ
2558 5355 2870 5430 Sangcrtn.,
2901 5369 2920 5400 ε
2959 5348 3502 5430 ductum_pr:nbﬂeat.:
3535 5357 3590 5400 et
3618 5347 3782 5430 illi“:

2229 5415 2761 5482 [itio'EbroicenSEM
2785 5444 2803 5477 ι
2825 5415 3041 5478 ductum
3066 5415 3305 5490 praebeat
3355 5419 3510 5473 fortis
3544 5434 3559 5469 :
3621 5428 3677 5471 et
3726 5415 3788 5469 il-

2215 5500 2362 5639 ¹¹’(9)
2399 5569 2510 5622 Duo
2529 5564 2745 5620 Ebroic.
2773 5580 2793 5616 ι
2836 5563 2911 5619 illi
2941 5561 3181 5632 quidem.
3223 5579 3242 5613 ι
3281 5559 3440 5614 Libb.
3479 5557 3611 5612 editi
3645 5574 3660 5613 :
3693 5555 3786 5610 cad

2214 5641 2497 5713 liquidum.
2536 5656 2557 5689 ο
