4050 6148
377 236 484 294 957

1338 231 1402 286 IN
1438 230 1697 287 LIBRUM
1723 229 1888 288 JESU
1918 229 2106 286 NAVE
2137 231 2421 287 IIOMILIA
2450 228 2642 285 XXIII.

3505 231 3609 287 928

379 365 467 405 ιιιι·
505 356 653 406 δοτιθ
674 357 862 418 εθηιθε
883 359 1002 401 0330
1035 345 1242 410 ἀίνῖετιὶο
1270 353 1448 400 lamen
1482 345 1570 399 illa
1610 360 1751 411 SOI‘S.
1799 347 1944 400 sicut
1974 350 2018 408 Δ
2048 347 2312 414 cernitur,
2336 347 2419 401 vel
2444 344 2660 400 Hebron
2691 341 2776 396 vel
2805 341 2926 396 aliae
2953 342 3177 412 singulae
3216 341 3464 399 civitates
3494 352 3612 400 sin-

378 446 432 499 in
469 440 780 497 hominibus
809 438 1044 492 diximus
1069 478 1083 504 ,
1126 439 1251 506 quia
1284 437 1376 491 Dei
1401 438 1665 506 judicium
1700 439 1841 506 quod
1888 438 1942 490 in

377 533 595 588 occulto
616 539 729 592 est,
756 545 874 584 sors
897 529 1088 599 pandit
1119 530 1174 582 in
1205 530 1418 597 publico
1439 567 1454 592 ,
1493 528 1616 587 talis
1667 527 1834 581 etiam
1870 526 1944 580 ibi

382 624 550 678 fuisse
581 622 845 677 credenda
871 629 992 675 est:
1023 623 1150 687 quia
1179 633 1233 673 et
1261 619 1451 674 merito
1496 629 1551 672 et
1599 620 1797 672 virtute
1848 632 1946 671 sua

383 713 762 781 unusquisque
801 710 1022 778 angelus
1052 709 1192 762 illam
1217 710 1300 763 vel
1328 708 1471 762 illam
1509 719 1723 778 gentem
1773 707 1824 759 in
1867 705 1949 758 di—

381 805 594 860 visione
617 803 935 870 susciperet.
969 801 1037 854 Et
1074 801 1201 870 quid
1253 801 1373 854 dico
1419 800 1486 854 de
1521 799 1734 868 magnis
1781 805 1836 852 et
1883 799 1950 852 de

383 895 735 966 generalibus
779 894 987 948 rebus?
1037 908 1160 948 cum
1196 906 1262 946 ne
1311 906 1411 962 per
1454 891 1695 961 singulos
1729 889 1945 959 quidem

382 996 630 1041 nostrum
664 987 867 1054 absque
898 983 1206 1054 hujusmodi
1258 992 1408 1037 sorte
1435 997 1554 1051 qua:
1601 982 1695 1037 Dei
1739 980 1948 1049 judicio

384 1080 750 1148 dispensatur,
793 1076 1014 1132 evenire
1043 1073 1326 1130 dicendum
1355 1081 1440 1128 est
1463 1113 1478 1138 ,
1509 1073 1654 1127 verbi
1683 1087 1865 1139 causa,
1889 1080 1949 1125 ut

384 1171 524 1224 alius
555 1177 798 1225 nostrum
839 1168 1003 1221 talem
1038 1166 1124 1220 vel
1162 1164 1327 1219 talem
1370 1166 1536 1220 vitam
1580 1165 1766 1218 statim
1802 1180 1829 1216 a
1853 1180 1949 1218 na-

387 1262 602 1318 tivitale
643 1249 938 1314 sortiatur:
971 1256 1053 1311 vel
1076 1266 1229 1316 certe.
1253 1255 1381 1311 illud
1415 1255 1558 1324 quod
1611 1266 1736 1324 erga
1775 1253 1946 1308 homi-

388 1369 485 1408 nes
511 1353 622 1423 geri
648 1367 712 1406 ex
743 1349 1037 1418 Scripturis
1088 1351 1290 1404 sanctis
1324 1363 1464 1418 saepe
1499 1342 1949 1412 docnimus,quod

386 1456 441 1499 et
464 1445 588 1501 boni
623 1443 803 1515 angeli
831 1443 1028 1497 adsunt
1053 1441 1362 1495 hominibus
1389 1449 1441 1494 et
1480 1437 1736 1494 contrarii
1763 1451 1778 1488 :
1807 1436 1948 1504 quod

387 1553 496 1594 non
533 1537 724 1604 utique
751 1535 978 1589 fortuitu
1030 1541 1080 1586 et
1119 1531 1322 1599 absque
1354 1529 1558 1599 judicio
1600 1529 1690 1583 ille
1732 1526 1951 1596 angelus

390 1629 536 1683 illius
571 1627 800 1690 animm,
829 1625 982 1678 verbi
1025 1638 1187 1678 causa
1216 1661 1232 1686 ,
1264 1622 1411 1676 Petri
1447 1629 1630 1676 custos
1657 1633 1777 1674 esse
1799 1619 1954 1673 sorti-

389 1733 476 1777 tus
494 1722 601 1784 sit,
628 1729 682 1776 et
708 1719 846 1772 alius
868 1717 1021 1772 Pauli
1051 1757 1066 1781 ,
1101 1715 1185 1769 vel
1225 1715 1364 1768 alius
1411 1713 1570 1767 unius
1615 1711 1839 1768 infantis
1877 1711 1941 1764 de
1984 1699 2024 1754 Β

388 1813 670 1879 Ecclesia,
717 1813 784 1867 de
820 1825 1049 1881 quorum
1104 1809 1309 1878 angelis
1355 1805 1486 1860 dicit
1535 1805 1790 1859 Dominus
1827 1803 1950 1871 quia

388 1921 605 1974 semper
629 1905 846 1958 videant
876 1901 1066 1955 faciem
1095 1898 1273 1953 Patris
1297 1899 1377 1952 sui
1405 1896 1496 1966 qui
1524 1895 1577 1948 in
1597 1895 1746 1948 etelis
1772 1903 1855 1948 est
1886 1893 1954 1947 ".

391 1999 467 2052 De
496 1997 696 2067 quibus
717 1996 906 2064 utique
927 1993 1280 2047 dubitandum
1308 2003 1414 2043 non
1446 1997 1529 2042 est
1549 2028 1564 2053 ,
1590 1985 1732 2056 quod
1750 1984 1956 2054 judicio

392 2089 487 2144 Dei
515 2089 606 2158 qui
658 2087 873 2141 illorum
899 2084 1252 2153 dignitatem,
1283 2079 1365 2134 vel
1413 2086 1614 2133 nostrae
1659 2076 1850 2130 animae
1891 2075 1956 2128 ad

392 2182 656 2252 liquidum
705 2178 965 2249 perspicit
1015 2173 1330 2245 qualitatem
1355 2210 1370 2234 ,
1407 2168 1826 2234 uniuscujusque
1867 2180 1960 2220 no-

398 2284 574 2331 strum
609 2271 914 2327 custodiam
947 2269 1250 2324 sortiantur
1289 2271 1436 2318 sorte
1475 2259 1706 2330 quadam
1737 2256 1958 2326 mystica

393 2365 593 2420 Christi
628 2361 1030 2430 dispensatione
1078 2359 1300 2412 directa.
1337 2355 1444 2423 Ego
1492 2360 1668 2407 autem
1700 2357 1958 2420 quantum

396 2458 462 2511 ad
493 2455 804 2525 opinionem
836 2466 1010 2507 meam
1043 2458 1254 2521 spectat
1275 2489 1288 2513 ,
1321 2457 1456 2518 puto
1486 2446 1748 2500 audenter
1779 2442 1961 2496 dicen-

397 2549 521 2601 dum
553 2547 716 2600 etiam
737 2546 803 2600 de
829 2545 894 2599 iis
915 2543 1209 2599 virtutibus
1237 2555 1354 2610 quae
1398 2537 1583 2593 mundi
1610 2534 1767 2604 hujus
1807 2534 1964 2588 mini-

400 2641 570 2696 steria
601 2646 985 2706 susceperunt,
1018 2633 1162 2706 quod
1193 2648 1299 2689 non
1336 2631 1559 2686 fortuitu
1583 2628 1666 2682 vel
1698 2641 1826 2683 casu
1873 2625 1964 2680 illa

397 2732 574 2786 virtus
593 2741 749 2784 terra;
764 2727 844 2783 vel
865 2727 1117 2781 arborum
1133 2722 1614 2795 germinationibus
1631 2717 1838 2789 praesit,
1869 2717 1962 2772 illa

403 2824 638 2879 fontium
669 2837 734 2876 ac
757 2819 1036 2874 fluminum
1077 2815 1310 2872 sulliciat
1359 2828 1424 2866 ac
1453 2805 1778 2866 suliicienter
1808 2808 1962 2862 exhi-

405 2920 560 2984 beat,
583 2914 689 2968 alia
720 2912 977 2967 imbrium
1003 2950 1018 2974 ,
1049 2909 1152 2962 alia
1184 2915 1466 2961 ventorum
1489 2944 1504 2970 ,
1553 2901 1656 2956 alia
1706 2898 1961 2961 marinis,

402 3010 509 3064 alia
532 3017 710 3062 autem
750 3003 1100 3059 terrestribus
1121 2997 1442 3052 animalibus
1458 3037 1471 3060 ,
1501 2992 1582 3047 vel
1601 2988 1824 3060 singulis
1846 2989 1966 3056 qni-

399 3101 610 3168 bnsque
651 3105 852 3151 eterra
885 3089 1229 3163 gignentibus
1267 3085 1449 3156 praesit
1480 3101 1492 3136 :
1544 3093 1598 3137 et
1626 3095 1745 3135 esse
1779 3081 1830 3132 in
1877 3077 1960 3130 his

399 3166 626 3259 singulis
655 3194 991 3240 sacramenta
1036 3170 1326 3232 ineffabilia
1356 3174 1550 3228 divinae
1598 3166 1960 3237 diSpensatioo

403 3284 516 3342 nis,
547 3289 605 3333 ut
635 3278 827 3334 ordine
850 3289 948 3328 suo
975 3279 1167 3326 cuncta
1207 3277 1260 3322 et
1297 3261 1621 3332 competenti
1656 3275 1751 3330 per
1778 3271 1960 3310 unam-

402 3383 672 3440 quamque
698 3368 952 3419 virtutem
994 3361 1319 3416 dirimantur
1344 3355 1538 3409 ofﬁcio.
1581 3351 1673 3407 Sic
1719 3348 1862 3404 enim
1907 3357 1963 3400 et

405 3438 683 3529 apostolus
725 3455 924 3511 Paulus
952 3453 1080 3506 dicit
1103 3452 1147 3484 ’⁷
1175 3468 1187 3502 :
1229 3467 1246 3500 ι
1277 3446 1466 3500 Nonne
1489 3456 1677 3497 omnes
1704 3449 1826 3494 sunt
1859 3438 1961 3490 mi-

403 3551 558 3605 nistri
588 3547 807 3616 spiritus
836 3545 890 3597 in
945 3539 1304 3595 ministerium
1360 3534 1542 3599 missi,
1607 3540 1827 3600 propter
1871 3541 1964 3582 eos

401 3642 491 3711 qui
527 3637 892 3693 luereditatem
928 3632 1143 3702 capiunt
1171 3625 1435 3683 salutis?»

474 3734 528 3786 4.
561 3732 642 3785 Ad
668 3731 857 3783 horum
906 3725 1070 3792 igitur
1107 3719 1464 3775 imitationem
1505 3711 1834 3767 credendum
1881 3716 1966 3761 est

402 3825 564 3882 etiam
590 3824 678 3876 hic
709 3819 1044 3888 Scripturam
1067 3811 1273 3866 referre
1301 3819 1476 3864 sortes
1495 3802 1616 3859 duci
1648 3798 1962 3871 perJesum,

402 3930 459 3974 et
505 3915 868 3972 hereditatem
923 3923 1017 3977 per
1062 3912 1498 3970 unamquamque
1541 3894 1740 3948 tribum
1783 3889 1964 3942 divina

405 4007 809 4080 dispensatione
833 4002 909 4073 (5)
936 3998 1194 4060 decerni,
1228 4003 1284 4048 et
1310 4007 1404 4062 per
1443 3985 1760 4042 ineffabilem
1789 3981 1966 4050 provi-

403 4103 644 4159 dentiam
674 4097 802 4160 Dei,
839 4109 901 4147 ac
926 4086 1270 4160 prmaentiam
1298 4085 1350 4137 in
1375 4083 1458 4136 his
1490 4079 1731 4134 sortibus
1773 4073 1964 4125 adum-

403 4195 552 4252 brari
577 4191 770 4246 futura:
818 4187 871 4240 in
903 4182 1058 4237 caelis
1109 4174 1444 4234 hmreditatis
1490 4166 1788 4238 exemplar.
1819 4164 1965 4228 Quo-

404 4294 553 4348 niam
571 4285 788 4358 quidem
811 4301 830 4333 ι
854 4283 936 4335 lex
955 4274 1199 4329 umbram
1226 4287 1242 4320 ι
1264 4269 1459 4324 dicitur
1487 4264 1688 4318 habere
1708 4277 1724 4309 ι
1755 4257 1966 4310 futuro-

405 4399 523 4439 rum
548 4343 809 4436 bonorum
832 4375 899 4437 ’⁸,
924 4393 943 4425 ι
971 4380 1025 4424 et
1045 4365 1200 4423 sicuti
1227 4363 1356 4418 dicit
1379 4353 1668 4425 Apostolus
1694 4350 1760 4403 de
1789 4348 1854 4400 iis
1876 4343 1967 4414 qui

406 4475 474 4530 ad
502 4467 978 4528 DominumJesum
1004 4461 1276 4519 Christum
1308 4457 1601 4506 venerunt:
1627 4445 1718 4513 qui
1742 4462 1760 4494 ι
1783 4457 1966 4495 acces-
1998 4468 2045 4526 Β

404 4567 557 4621 sistis
588 4566 653 4617 ad
679 4561 809 4615 Sion
853 4565 1124 4616 montem,
1150 4559 1204 4603 et
1238 4547 1304 4600 ad
1333 4541 1609 4597 civitatem
1641 4535 1738 4589 Dei
1776 4534 1966 4586 viven-

407 4659 480 4713 tis
509 4653 806 4713 Jerusalem
841 4648 1111 4704 caelestem
1145 4644 1189 4675 ²⁹
1220 4657 1234 4695 :
1271 4663 1284 4689 ι
1315 4645 1398 4689 est
1433 4632 1609 4698 aliqua
1636 4628 1688 4681 in
1713 4625 1864 4681 ctelis
1890 4623 1967 4677 ci-

409 4753 549 4804 vitas
574 4760 694 4815 quze
717 4743 919 4798 dicitur
950 4732 1245 4792 Jerusalem
1269 4737 1324 4782 et
1347 4739 1504 4778 mons
1530 4721 1662 4775 Sion
1698 4734 1711 4769 :
1752 4732 1857 4770 non
1883 4724 1964 4768 est

414 4804 610 4910 utique
620 4839 733 4892 sine
747 4847 906 4888 causa
925 4827 1066 4898 quod
1091 4819 1364 4890 Beniamin
1385 4816 1437 4869 iu
1469 4821 1614 4867 sorte
1645 4824 1738 4863 sua
1759 4804 1971 4910 accepit

408 4891 708 4985 Jeriisalem
735 4932 789 4976 et
828 4930 1059 4972 montem
1091 4912 1262 4966 Sion:
1301 4905 1402 4959 nisi
1445 4901 1570 4970 quia
1621 4895 1860 4951 cmlestis
1901 4891 1967 4944 il-

411 5021 516 5074 lius
547 5012 846 5071 Jerusalem
883 5005 1023 5061 ratio
1073 5003 1190 5055 sine
1218 4995 1378 5051 dubio
1427 4993 1530 5046 hoc
1565 4985 1854 5053 exigebat,
1911 4987 1971 5031 ut

411 5111 590 5179 aliqua
618 5099 897 5173 Benjamin
928 5094 1046 5151 dari
1077 5092 1295 5146 deberet
1325 5080 1624 5179 Jerusalem
1660 5072 1972 5179 terrestris,

412 5157 533 5273 quae
569 5199 711 5253 illius
727 5157 982 5248 'ctBlestis
1011 5186 1239 5253 ﬁguram
1285 5183 1467 5231 servat
1513 5186 1576 5273 ac
1603 5168 1852 5222 formam.
1889 5157 1974 5273 Si:

415 5249 844 5349 utiliter—autem
892 5280 960 5332 de
1005 5249 1320 5328 Bethlehem
1365 5258 1650 5317 dicendum
1684 5263 1796 5313 est,
1835 5249 1974 5318 quod

417 5398 524 5437 non
562 5380 679 5434 sine
700 5385 854 5441 certa
880 5367 1113 5439 quadam
1146 5358 1357 5414 ratione
1403 5353 1455 5406 in

483 5493 529 5526 “
562 5490 755 5546 Matth.
784 5499 934 5546 xvm,
957 5479 1042 5533 10.
1136 5475 1179 5507 ³⁷
1209 5470 1343 5526 Heb.
1365 5483 1405 5536 ι,
1429 5465 1518 5520 14.

415 5564 462 5599 ⁸³
492 5563 621 5619 Luc.
663 5574 774 5613 xix.

485 5672 563 5746 (3)
590 5670 770 5727 Codex
803 5665 1122 5746 Sangerlm,
1151 5672 1170 5706 ι
1189 5653 1289 5746 su'b
1318 5633 1968 5746 dispensatione:nisiut?

426 5717 794 5816 pols't'm'eiﬁ'ﬁ
820 5717 1218 5802 'provvideutiam
1249 5723 1341 5776 Dei
1372 5717 1435 5774 at:
1488 5717 1901 5775 Drinscienttam.
1943 5722 1961 5754 ι

1493 5347 1646 5402 Judze
1686 5350 1833 5397 sorte
1881 5341 1977 5393 de-
2073 5331 2222 5399 gnita
2275 5340 2397 5382 esse
2439 5325 2596 5389 haec,
2651 5333 2706 5375 et

1619 5459 1666 5492 ³⁸
1691 5455 1823 5512 Heb.
1859 5470 1914 5521 x,
1941 5455 1991 5506 l.

2047 436 2184 505 gulis
2207 437 2510 505 quibusque
2541 431 2788 486 tribubus
2826 431 3262 492 conscribuntur,
3318 431 3418 485 nisi
3458 435 3606 500 quia,

2053 537 2110 580 nt
2131 527 2366 581 diximus
2392 567 2406 590 ,
2434 526 2519 580 illa
2545 523 2784 578 coelestia
2819 523 2931 576 loca
2953 565 2966 588 ,
2998 521 3048 575 in
3075 521 3272 590 quibus
3302 532 3359 576 et
3387 521 3582 578 Jerusa

2046 620 2149 674 lem
2175 626 2228 670 et
2251 616 2380 672 Sion
2406 630 2526 671 esse
2558 615 2888 678 nominatur,
2941 612 3060 666 sine
3107 612 3273 667 dubio
3307 623 3363 666 et
3407 627 3603 669 cattera

2047 725 2166 777 quae
2207 709 2274 763 iis
2317 707 2493 762 vicina
2525 705 2603 760 vel
2638 705 2924 774 conjuncta
2964 702 3124 775 452
3154 713 3280 760 sunt
3305 704 3420 760 loca
3447 746 3463 773 ,
3508 707 3610 762 hoc

2048 801 2100 852 iu
2133 813 2191 853 se
2223 813 2403 852 eansze
2425 807 2478 850 et
2511 797 2733 850 rationis
2761 795 3111 850 continebant
3144 795 3199 849 in
3226 797 3377 852 caelis
3407 837 3422 862 ,
3463 799 3605 866 quod

2049 901 2194 944 sorte
2230 889 2516 943 diSIrihuta
2549 887 2991 956 gubernabantur
3024 887 3077 940 in
3115 889 3292 942 terris.
3315 889 3454 945 Ilinc
3478 906 3609 962 ergo

2049 989 2130 1037 est
2156 981 2298 1049 quod
2336 977 2669 1049 dispensavit
2712 979 2892 1032 divina
2929 979 3189 1048 sapientia
3219 983 3432 1036 nomina
3463 997 3609 1052 quae-

2052 1075 2172 1128 dam
2209 1073 2450 1128 locorum
2484 1072 2645 1126 scribi
2688 1071 2741 1124 in
2779 1070 3098 1141 Scripturis,
3141 1086 3262 1138 quae
3326 1076 3608 1142 mysticam

2052 1163 2340 1229 quamdam
2388 1161 2890 1230 interpretationem
2952 1161 3288 1224 contineant,
3346 1177 3443 1230 per
3492 1181 3613 1234 qua:

2052 1255 2320 1309 indicetur
2350 1253 2526 1316 nobis,
2560 1253 2686 1322 quia
2719 1253 2831 1306 haec
2860 1253 3021 1307 certis
3077 1251 3380 1322 quibusque
3439 1257 3609 1309 ratio-

2053 1346 2214 1399 nibus
2247 1385 2262 1410 ,
2298 1353 2352 1398 et
2387 1360 2493 1399 non
2532 1359 2659 1398 casu
2694 1344 2775 1398 vel
2801 1344 3025 1398 fortuitu
3058 1343 3172 1398 fieri
3205 1345 3603 1414 dispensentur.

2058 1437 2215 1492 Sicut
2248 1438 2388 1493 enim
2421 1453 2524 1492 non
2561 1446 2644 1492 est
2673 1435 2973 1506 putandum
2999 1438 3139 1505 quod
3197 1437 3423 1492 fortuitu
3466 1441 3614 1496 acci-

2053 1529 2214 1596 derit,
2246 1528 2395 1583 verbi
2429 1543 2615 1594 causa,
2648 1538 2704 1580 ut
2740 1527 2824 1582 ille
2859 1528 3085 1596 angelus
3115 1527 3347 1584 Michael
3402 1545 3617 1586 vocare-

2056 1631 2163 1687 tur,
2197 1621 2335 1675 alius
2391 1630 2569 1674 autem
2619 1618 2858 1684 Gabriel,
2904 1620 3043 1674 alius
3075 1635 3204 1675 vero
3230 1621 3470 1689 Rapbael
3507 1637 3522 1676 :
3557 1632 3613 1677 et

2059 1723 2116 1766 nt
2142 1715 2206 1767 ad
2234 1714 2465 1766 humana
2499 1713 2844 1774 descendam,
2875 1713 3018 1766 sicut
3047 1729 3150 1768 non
3181 1712 3278 1766 fuit
3303 1712 3527 1769 fortuitu
3554 1723 3612 1769 ut

2059 1801 2148 1858 ille
2174 1802 2480 1873 patriarcha
2518 1803 2787 1856 Abraham
2817 1814 3120 1868 vocaretur,
3153 1814 3208 1857 et
3241 1805 3330 1858 ille
3355 1803 3524 1870 Isaac,
3558 1817 3614 1860 et

2058 1895 2194 1948 alius
2222 1893 2386 1947 Israel
2418 1891 2551 1946 :sed
2581 1907 2651 1946 ne
2681 1892 2736 1946 in
2786 1891 3003 1948 feminis
3035 1893 3249 1963 quidem
3298 1909 3429 1950 casu
3465 1897 3615 1950 acci-

2058 2007 2154 2071 dit,
2197 2003 2292 2059 sed
2317 2011 2464 2058 certa
2492 2011 2546 2058 et
2584 2001 2768 2056 divina
2802 2003 3030 2065 ratione,
3073 2012 3132 2056 ut
3162 2002 3250 2056 illa
3287 2001 3418 2058 Sara
3450 2018 3616 2059 voca-

2061 2107 2210 2150 retur
2243 2110 2310 2150 ex
2365 2095 2544 2160 Sarai,
2582 2093 2667 2148 vel
2710 2093 2799 2148 ille
2828 2092 2992 2148 Israel
3028 2108 3095 2147 ex
3147 2091 3336 2157 Jacob,
3386 2094 3465 2150 vel
3526 2095 3615 2149 ille

2057 2185 2330 2240 Abraham
2357 2201 2420 2240 ex
2460 2184 2660 2239 Abram
2694 2203 2709 2238 :
2738 2193 2794 2238 et
2845 2195 2904 2237 ut
2925 2191 3130 2237 certum
3157 2194 3239 2238 est
3277 2187 3420 2253 quod
3448 2201 3615 2240 unus-

2059 2279 2287 2348 quisque
2316 2278 2399 2332 vel
2452 2277 2799 2347 angelorum,
2842 2275 2923 2330 vel
2965 2275 3244 2330 hominum
3281 2291 3346 2330 ex
3387 2277 3451 2330 iis
3492 2293 3614 2348 quae

2060 2371 2160 2425 sibi
2192 2371 2542 2439 injuuguntur
2575 2365 2762 2422 olliciis
2807 2375 2862 2422 et
2911 2367 3120 2420 actibus
3172 2363 3337 2421 etiam
3399 2370 3616 2422 nomina

2062 2463 2377 2524 sortiantur,
2412 2461 2483 2515 ita
2507 2473 2846 2529 consequens
2881 2466 2965 2512 est
2990 2457 3152 2512 etiam
3202 2457 3318 2512 loca
3369 2459 3616 2528 quaedam

2061 2565 2184 2607 esse
2211 2550 2451 2605 caelestia
2481 2559 2535 2604 et
2560 2549 2832 2608 civitates,
2865 2547 3007 2602 sicut
3052 2545 3351 2602 Jerusalem
3379 2549 3619 2602 ctelestis

2064 2645 2262 2699 dicitur
2285 2653 2342 2698 et
2369 2642 2499 2696 Sion
2533 2659 2548 2694 :
2581 2653 2700 2694 esse
2729 2638 2892 2692 etiam
2931 2636 3063 2692 alias
3088 2651 3315 2706 quarum
3346 2649 3532 2709 typum
3564 2649 3620 2694 et

2064 2737 2350 2806 imaginem
2375 2737 2491 2788 istae
2519 2747 2638 2802 qua:
2666 2733 2718 2785 in
2759 2733 2919 2788 terris
2967 2738 3093 2784 sunt
3151 2732 3467 2795 continent,
3498 2746 3618 2799 quae

2063 2843 2208 2882 nunc
2243 2827 2295 2880 in
2337 2827 2441 2880 hac
2479 2824 2758 2894 Scriptura
2799 2821 3022 2893 mystice
3081 2821 3236 2876 nobis
3289 2839 3386 2892 per
3433 2822 3617 2878 Jesum

2064 2920 2237 2974 lllium
2267 2917 2410 2973 Nave
2449 2917 2823 2988 designantur.
2859 2914 2925 2970 Et
2957 2917 3023 2971 de
3049 2916 3179 2986 ipsis
3207 2925 3338 2986 puto
3385 2916 3620 2971 civitati-

2064 3011 2167 3066 bus
2191 3009 2393 3062 dictum
2429 3007 2474 3039 ⁸⁰
2502 3024 2516 3060 :
2548 3025 2566 3058 ι
2595 3005 3031 3062 Ediﬁcabuntur
3083 3008 3330 3062 civitates
3359 3004 3515 3070 Juda,
3565 3015 3622 3062 et

2067 3099 2449 3156 inhabitabant
2476 3099 2571 3163 ibi,
2607 3107 2661 3151 et
2698 3099 3096 3152 haereditabunt
3123 3113 3261 3152 eam.
3300 3116 3318 3149 ι
3378 3097 3452 3153 De
3491 3099 3620 3168 ipsis

2063 3194 2228 3247 etiam
2260 3191 2522 3246 Dominus
2543 3199 2597 3244 et
2623 3189 2872 3244 Salvator
2909 3189 3062 3253 dicit,
3095 3191 3217 3259 quia
3263 3190 3442 3244 multa:
3470 3206 3622 3244 man-

2064 3285 2242 3338 siones
2259 3291 2386 3338 sunt
2419 3281 2557 3351 apud
2583 3279 2804 3334 Patrem
2829 3281 2896 3333 ³¹.
2934 3281 3001 3336 Ει
3031 3280 3097 3335 de
3143 3280 3274 3349 ipsis
3294 3281 3620 3335 credendum

2066 3375 2378 3430 civitatibus
2407 3387 2565 3429 servo
2591 3371 2662 3425 illi
2703 3370 2792 3438 qui
2822 3373 2958 3428 bene
2986 3373 3290 3442 negotiatus
3305 3369 3482 3425 fuerat
3517 3373 3624 3426 Do-

2066 3471 2268 3524 minum
2293 3470 2492 3532 dicere,
2525 3468 2648 3536 quia
2673 3474 2990 3536 potestatem
3011 3463 3234 3519 habebis
3249 3477 3409 3533 super
3435 3470 3619 3519 decem

2065 3563 2334 3625 civitates,
2364 3569 2419 3614 et
2449 3559 2539 3613 alii
2565 3574 2728 3627 super
2750 3558 2986 3627 quinque
3018 3556 3264 3611 civitates
3289 3555 3354 3609 ⁸¹.
3391 3555 3514 3610 llam
3558 3556 3624 3610 de

2066 3653 2330 3707 divisione
2357 3652 2582 3707 sortium
2606 3659 2765 3704 terrae
2800 3647 2949 3702 Judae
3001 3645 3242 3716 proferre
3299 3646 3364 3700 ad
3397 3661 3492 3700 vos
3542 3647 3626 3699 in-

2066 3773 2326 3832 quantum
2351 3761 2433 3816 fas
2461 3760 2583 3824 luit,
2610 3763 2725 3814 ausi
2753 3773 2938 3813 sumus
2983 3756 3262 3824 Scriptura
3297 3764 3626 3824 provocante

2067 3870 2186 3924 qua:
2213 3841 2517 3909 Jerusalem
2555 3848 3025 3905 dicitcmlestem:
3063 3855 3121 3901 et
3179 3857 3414 3901 montem
3467 3844 3624 3913 Sion,

2067 3959 2122 4004 et
2147 3957 2342 4004 caetera
2367 3960 2488 4016 qua:
2533 3941 2784 3997 similiter
2815 3942 3020 4008 scripta
3072 3948 3219 4004 sunt,
3246 3953 3370 3994 esse
3405 3938 3539 3992 dicit
3573 3938 3624 3990 in

2067 4039 2221 4095 cmlis
2249 4055 2264 4092 :
2315 4051 2436 4102 quae
2469 4033 2622 4088 nobis
2651 4031 2989 4086 occasionem
3032 4030 3294 4083 dederunt
3321 4029 3528 4083 sentire
3555 4027 3626 4082 de

2069 4133 2153 4186 his
2193 4129 2466 4190 omnibus,
2507 4125 2647 4194 quod
2695 4123 2947 4193 mysteria
3000 4122 3052 4176 in
3110 4120 3177 4176 iis
3236 4120 3474 4175 coelestia
3536 4119 3629 4172 de-

2071 4225 2402 4279 scribantur.
2438 4219 2501 4272 Et
2527 4217 2647 4270 ideo
2680 4213 2938 4278 dicimus,
2979 4228 3048 4268 ne
3098 4227 3220 4267 cum
3271 4211 3487 4266 fastidio
3514 4211 3630 4265 haec

2071 4317 2287 4385 legatis,
2309 4325 2364 4370 et
2389 4315 2586 4384 putetis
2632 4312 2788 4366 vilem
2826 4306 3060 4374 aliquam
3107 4318 3228 4359 esse
3261 4301 3625 4370 Scripturam,

2072 4425 2166 4478 pro
2208 4423 2272 4464 eo
2312 4407 2454 4478 quod
2505 4414 2586 4460 est
2632 4403 2815 4458 multis
2852 4397 3125 4453 nominum
3180 4395 3629 4467 appellationibus

2071 4502 2278 4556 consita
2321 4517 2335 4552 :
2376 4501 2502 4567 quin
2550 4495 2727 4565 potius
2787 4493 2980 4548 scitote
3031 4484 3319 4542 ineffabilia
3371 4499 3465 4553 per
3512 4485 3630 4539 haec

2074 4603 2334 4662 mysteria
2365 4586 2655 4651 contineri,
2685 4594 2738 4639 et
2765 4582 2968 4650 majora
2998 4593 3157 4647 Quam
3187 4587 3356 4646 potest
3389 4575 3470 4630 vel
3521 4575 3628 4628 hu-

2076 4698 2268 4737 manus
2299 4695 2479 4736 sermo
2501 4677 2765 4747 proferre,
2798 4674 2881 4728 vel
2905 4671 3120 4725 auditus
3149 4665 3392 4721 mortalis
3415 4664 3625 4730 au‘dire;

2074 4790 2216 4842 quae,
2264 4781 2322 4826 ut
2367 4785 2469 4840 ego
2513 4768 2775 4828 arbitror,
2806 4766 2967 4834 digne
3005 4769 3060 4816 et
3104 4761 3312 4828 integre
3349 4755 3629 4820 explanari

2067 4885 2176 4923 non
2221 4867 2392 4922 solum
2423 4880 2448 4916 a
2487 4878 2570 4916 me
2597 4863 2826 4915 minimo
2848 4873 2955 4913 non
2984 4862 3230 4924 possunt,
3268 4855 3360 4905 sed
3415 4866 3515 4904 nec
3561 4848 3631 4904 ab

2070 4961 2197 5031 ipsis
2218 4959 2431 5029 quidem
2463 4956 2553 5024 qui
2593 4969 2679 5007 me
2719 4949 2892 5005 multo
2937 4949 3190 5004 meliores
3240 4954 3385 4999 sunt.
3434 4941 3628 4998 Nescio

2070 5063 2250 5106 autem
2279 5051 2324 5104 si
2355 5048 2439 5103 vel
2471 5049 2539 5102 ab
2561 5045 2692 5116 ipsis
2713 5041 2918 5098 sanctis
2947 5039 3204 5110 apostolis
3230 5037 3388 5103 plene
3409 5043 3464 5087 et
3484 5033 3633 5087 inte-

2070 5159 2164 5215 gre
2189 5140 2561 5212 proferuntur.
2592 5135 2711 5190 Non
2737 5134 2847 5188 dixi
2877 5133 3018 5202 quod
3047 5147 3153 5186 non
3185 5129 3342 5192 plene
3365 5125 3632 5187 sciantur,

2071 5237 2163 5291 sed
2194 5249 2299 5289 non
2336 5233 2493 5302 plene
2531 5227 2899 5298 proferantur.
2953 5222 3172 5278 Certum
3222 5227 3307 5274 est
3353 5216 3499 5272 enim
3539 5228 3633 5268 eo-

2755 5321 2965 5389 integre
3024 5315 3358 5385 apprehensa
3408 5308 3485 5362 illi
3537 5305 3633 5376 qui

2066 5450 2109 5481 ’θ
2151 5445 2285 5500 lleb.
2318 5457 2415 5509 xu,
2440 5439 2529 5494 22.
2591 5439 2635 5471 ³ο
2669 5434 2810 5492 Psal.
2836 5447 2984 5496 thx,
3009 5429 3100 5486 55.
3175 5427 3218 5458 “
3241 5425 3396 5480 Joan.
3429 5435 3541 5487 xlv,
3571 5419 3632 5474 2.

2076 5628 2226 5683 Unus
2249 5617 2622 5678 Ebroicensis:
2661 5631 2680 5666 ι
2727 5607 3193 5681 Dispensationem
3220 5601 3315 5658 Dei
3375 5615 3440 5656 ac
3497 5609 3634 5667 pr“

2075 5698 2327 5753 sentiam.
2357 5711 2377 5743 ι

3192 5770 3270 5830 30
