4050 6148
469 223 577 283 939

1917 220 2240 278 ORIGENIS

3599 230 3710 288 940

472 355 661 415 raptus
689 353 772 399 est
801 355 969 413 usque
1006 343 1073 396 ad
1119 342 1333 396 tertium
1365 341 1558 396 emtum
1581 381 1597 407 ,
1641 345 1730 413 qui
1765 345 1944 415 utique
1977 345 2032 399 in
2064 353 2109 410 Α
2137 343 2298 416 453
2325 359 2388 399 ex
2426 344 2810 400 amaritudinis
2862 353 3036 400 turma
3065 346 3289 402 veniens
3336 348 3576 404 obsideat
3614 352 3698 405 ali»

471 436 612 490 cmlo
641 435 845 505 positus
873 433 1005 486 vidit
1039 431 1307 493 caelestia,
1335 433 1462 487 vidit
1515 432 1815 490 Jerusalem
1852 451 2036 490 veram

470 527 744 582 civitatem
769 525 885 589 Dei,
926 525 1158 578 vidit'ibi
1186 534 1241 578 et
1281 523 1413 578 Sion
1459 536 1694 580 montem
1722 542 2040 596 quocunque

469 620 574 675 loci
602 627 708 682 est,
737 618 870 671 vidit
914 626 968 672 et
1015 616 1256 680 Hebron,
1287 617 1424 670 vidit
1455 627 1510 672 et
1543 618 1721 672 omnia
1767 622 1868 675 ista
1915 636 2040 690 quae

471 711 787 767 scribuntur
813 719 960 764 sorte
1001 709 1171 762 divisa
1203 726 1217 763 :
1247 717 1302 763 et
1331 724 1435 762 non
1463 709 1635 764 solum
1667 711 1828 777 vidit,
1856 716 1950 766 sed
1982 723 2037 767 et

469 802 711 856 rationes
732 815 925 855 eorum
952 799 1004 854 in
1052 799 1246 868 spiritu
1282 801 1718 870 comprehendit,
1763 804 1890 871 quia
1924 803 2038 871 ipse

467 893 754 948 conﬁtetur
782 906 840 946 se
869 892 1088 946 audisse
1112 893 1277 946 verba
1323 901 1377 945 et
1427 894 1743 948 traditiones
1766 893 1864 964 (4).
1927 894 2035 950 Sed

469 1000 587 1054 qua:
617 983 821 1039 verba?
853 1002 871 1036 ι
908 981 1224 1047 Ineﬁ'abilia,
1258 983 1432 1051 inquit
1457 983 1522 1050 ³³,
1547 995 1599 1038 et
1631 1000 1752 1054 quae
1779 1001 1882 1040 non
1911 987 2038 1041 licet

469 1078 674 1135 homini
705 1076 905 1146 loqui.»
945 1075 1105 1130 Vides
1133 1091 1262 1145 ergo
1315 1076 1439 1144 quia
1494 1075 1574 1129 sic
1603 1079 1784 1131 omnia
1837 1077 2038 1135 Paulus

467 1141 876 1241 comprehendit
904 1168 978 1241 (5)
1012 1169 1064 1223 in
1101 1141 1442 1237 spiritu,_sed
1473 1183 1579 1223 nou
1625 1169 1824 1225 licebat
1850 1173 1898 1226 ei
1933 1173 2033 1228 ho-

469 1264 707 1319 minibus
732 1263 834 1318 ista
865 1263 1128 1331 proferre.
1157 1260 1365 1328 Quibus
1390 1260 1696 1315 hominibus
1719 1262 1742 1315 ?
1764 1261 1868 1318 illis
1917 1265 2036 1319 sine

466 1360 631 1414 dubio
667 1359 735 1413 de
778 1357 973 1427 quibus
1025 1355 1368 1424 eulpabiliter
1413 1355 1626 1410 dicebat
1661 1355 1706 1387 ³⁸
1740 1379 1752 1412 ;
1792 1375 1812 1409 t
1845 1356 2034 1414 Nonne

469 1457 717 1512 homines
749 1457 899 1520 estis,
937 1465 992 1510 et
1017 1455 1313 1510 secundum
1346 1456 1615 1511 hominem
1645 1454 1976 1510 ambulatis?
2005 1474 2026 1508 ›

467 1548 578 1604 Sed
603 1549 819 1604 dicebat
850 1547 1099 1604 fortassis
1142 1547 1251 1604 illis
1275 1550 1368 1619 qui
1416 1549 1528 1619 jam
1579 1563 1683 1602 non
1732 1549 2030 1604 secundum

466 1639 743 1696 hominem
777 1638 1144 1693 ambulabant.
1178 1637 1403 1694 Dicebat
1461 1639 1576 1693 haec
1607 1637 1915 1704 Timotheo,
1945 1640 2030 1693 di-

2140 433 2296 502 cujus
2324 448 2541 504 corpus,
2578 435 2860 503 perturbet
2893 451 2956 490 ac
2986 437 3225 505 decipiat
3256 447 3511 502 mentem,
3537 441 3701 494 adhi-

2139 526 2374 579 beantur
2445 534 2623 578 autem
2679 526 2863 580 multa:
2910 528 3202 590 orationes,
3261 528 3423 581 multa
3475 528 3703 596 jejunia,

2139 615 2321 668 multa:
2345 615 2749 669 exorcistarum
2780 616 3173 680 invocationes,
3203 627 3259 672 et
3291 618 3357 671 ad
3383 619 3497 673 haec
3518 621 3705 672 omnia

2137 709 2332 761 surdus
2353 707 2564 760 daemon
2590 708 2642 760 in
2667 708 2895 762 obsesso
2921 724 3148 778 corpore
3177 721 3488 778 permaneat
3513 721 3568 764 et
3590 727 3708 780 per-

2137 799 2313 861 sistat,
2354 798 2690 852 tolerabilius
2753 799 2937 854 ferens
2981 803 3368 855 exorcistarum
3408 817 3624 872 pinnas,
3652 811 3708 856 et

2139 889 2378 944 adhibita
2399 890 2500 944 sibi
2528 906 2594 945 ex
2628 889 2722 944 Dei
2750 890 2985 945 nominis
3022 891 3363 946 invocatione
3409 903 3705 957 tormenta,

2137 994 2302 1047 quam
2336 981 2614 1036 discedere
2639 983 2707 1034 ab
2735 981 2958 1036 homine
2986 998 3143 1050 quem
3178 983 3520 1052 impudenter
3554 987 3703 1038 nhsi-
3739 1023 3742 1025 -

2136 1070 2226 1126 det
2255 1081 2309 1126 et
2351 1072 2602 1140 nequiter
2631 1091 2644 1125 :
2678 1073 2748 1126 ita
2780 1073 2943 1126 etiam
2975 1073 3062 1127 hic
3092 1073 3497 1143 intelligendum
3533 1083 3620 1127 est
3649 1076 3704 1127 in

2135 1162 2255 1218 istis
2283 1165 2372 1233 qui
2399 1165 2657 1219 dicuntur
2679 1166 3009 1231 Amor-rhesi,
3032 1167 3123 1236 qui
3154 1177 3476 1237 permanent
3499 1177 3555 1220 et
3581 1182 3704 1236 per-

2135 1259 2334 1313 sistunt
2379 1257 2628 1312 habitare
2657 1257 2708 1312 in
2734 1258 2887 1312 Elom
2930 1268 2986 1314 et
3021 1259 3074 1313 in
3107 1258 3368 1313 Salamin.
3400 1259 3466 1312 Et
3495 1268 3705 1313 utvere

2133 1349 2445 1403 ostenderet
2505 1347 2814 1417 Scriptura,
2854 1349 2982 1419 quia
3032 1350 3366 1419 perferentes
3417 1364 3606 1419 pmnas
3651 1359 3705 1404 et

2131 1442 2340 1513 ﬂagella
2365 1443 2687 1511 persistunt,
2729 1443 2862 1496 dicit
2889 1459 2902 1495 :
2938 1461 2956 1493 ι
2985 1443 3048 1496 Ει
3076 1445 3256 1513 gravis
3288 1441 3476 1498 eﬂ'ecta
3506 1453 3590 1498 est
3615 1459 3706 1496 su-

2131 1549 2227 1604 per
2253 1547 2349 1587 eos
2379 1547 2572 1587 ntanus
2628 1531 2883 1599 Ephrem.
2912 1549 2931 1583 ι
2963 1530 3241 1597 Quomodo
3289 1540 3468 1583 autem
3518 1530 3702 1598 gravis

2133 1623 2359 1678 eﬂicitur
2407 1638 2600 1680 manus
2648 1623 2884 1691 Ephrem
2947 1637 3110 1691 super
3157 1621 3547 1676 Amorrhaeos?
3599 1619 3700 1675 Vel

467 1732 626 1787 cebal
648 1729 807 1785 Luem
841 1741 895 1784 θι
927 1731 1138 1785 campis
1165 1729 1448 1799 discipulis
1469 1745 1604 1799 quos
1633 1730 1838 1785 sciebat
1863 1701 2027 1799 cppa-
2059 1701 2102 1756 Β
2130 1716 2544 1780 exorcistarum,
2585 1725 2643 1768 υῐ
2688 1715 2950 1778 diximus,
2986 1729 3178 1768 manus
3221 1712 3569 1782 impositiOIIe
3599 1727 3699 1766 νε·

467 1838 562 1878 ces
591 1837 708 1876 esse
755 1820 1108 1876 ineﬁabilium
1141 1831 1629 1877 sacramentorum.
1688 1823 1930 1892 Denique
1976 1833 2032 1878 et

470 1915 525 1968 in
555 1913 810 1983 mysterio
841 1912 947 1967 tale
975 1911 1051 1984 (6)
1095 1912 1298 1982 aliquid
1344 1910 1689 1966 Timotheum
1721 1928 2030 1968 commone-

465 2007 561 2061 bat
587 2006 773 2061 dicens
793 2002 842 2035 ³⁵
873 2023 888 2059 :
931 2021 948 2054 ι
991 2003 1194 2059 Memor
1228 2015 1346 2059 esto
1377 2005 1666 2059 verborum
1701 2020 1824 2074 quae
1869 2021 1899 2058 a
1945 2020 2030 2060 me

466 2098 686 2161 audisti,
712 2111 832 2166 quas
857 2096 1173 2150 commenda
1212 2095 1462 2151 lidelibus
1502 2095 1812 2150 hominibus
1861 2104 1915 2150 et
1965 2097 2030 2154 iis

466 2191 558 2259 qui
591 2189 767 2245 idonei
807 2196 932 2244 sunt
967 2187 1103 2243 alios
1137 2188 1352 2242 docere.
1383 2205 1402 2240 ι
1440 2187 1531 2242 Sic
1555 2202 1682 2256 ergo
1707 2188 1883 2242 divina
1917 2189 2028 2243 haec

466 2285 589 2338 esse
611 2282 894 2338 credentes
919 2289 973 2335 et
997 2282 1220 2350 mystica
1247 2319 1264 2345 ,
1297 2279 1486 2348 dignos
1533 2294 1630 2334 nos
1664 2287 1718 2333 et
1764 2287 1916 2347 aptos
1960 2279 2028 2336 ad

463 2388 655 2429 eorum
690 2372 1047 2442 capacitatem
1074 2373 1196 2427 vitae
1237 2373 1450 2428 actibus
1484 2387 1550 2426 ac
1581 2373 1791 2428 meritis
1817 2387 2028 2442 praepa-

462 2480 665 2530 remus,
691 2473 749 2519 ut
797 2479 920 2519 cum
979 2463 1138 2534 digne
1185 2479 1215 2518 a
1263 2463 1419 2518 nobis
1475 2463 1685 2518 fuerint
1732 2464 2027 2532 intellecta,

462 2557 629 2611 etiam
660 2556 975 2611 haereditate
1008 2571 1072 2612 ea
1103 2555 1156 2610 in
1197 2555 1351 2610 ccelis
1385 2557 1648 2625 consequi
1701 2570 2024 2622 mereamur,

461 2648 518 2704 in
543 2646 761 2704 Christo
783 2646 909 2702 Jesu
945 2647 1168 2702 Domino
1200 2658 1407 2712 nostro,
1439 2647 1527 2703 cui
1549 2658 1634 2704 est
1654 2647 1824 2720 gloria
1858 2649 2030 2705 etim-

459 2743 670 2813 perium
695 2741 749 2796 in
778 2741 971 2798 saecula
999 2741 1339 2797 saeculorum.
1367 2742 1561 2796 Amen.

731 2908 781 2935 η
989 2853 1270 2911 HOMlLlA
1311 2855 1502 2912 xxw.

467 2943 548 3001 De
573 2945 900 3020 Amorrnazis
927 2945 1186 3020 quomodo
1211 2945 1575 3004 habitaverunt
1607 2966 1725 3004 cum
1773 2950 2024 3020 Ephrem,

2130 1807 2436 1862 hementius
2470 1807 2719 1876 imposita
2765 1807 2984 1878 gravari
3033 1806 3235 1860 dicitur
3273 1821 3436 1874 super
3463 1806 3702 1858 immun-

2128 1901 2226 1955 dos
2273 1900 2493 1968 spiritus
2539 1915 2728 1954 manus
2771 1900 3035 1968 Ephrem,
3063 1899 3149 1952 vel
3197 1898 3324 1969 quia
3385 1898 3510 1951 boni
3545 1909 3703 1952 actus

2127 1993 2212 2047 vel
2251 1992 2390 2046 bona
2437 2006 2598 2058 opera
2639 2000 2871 2062 gravant
2912 2004 2966 2046 et
3011 1990 3250 2061 amigunt
3273 1990 3574 2044 daemonum
3604 2005 3703 2058 ge-

2129 2099 2253 2149 nus,
2288 2085 2701 2153 contrariasque
2736 2084 2986 2138 virtutes.
3017 2082 3232 2149 Quanto
3265 2083 3410 2137 enim
3446 2097 3543 2136 nos
3578 2097 3698 2136 me-

2127 2176 2262 2230 liora
2291 2177 2584 2246 egerimus,
2615 2186 2671 2231 et
2715 2185 2922 2245 quanto
2949 2176 3001 2230 in
3034 2175 3256 2240 optimis
3285 2188 3697 2238 conversamur,

2130 2276 2279 2322 tanto
2333 2267 2438 2322 illis
2487 2269 2712 2322 molesta
2741 2271 2856 2323 haec
2895 2268 3202 2323 elliciuntur
3227 2275 3282 2322 et
3311 2266 3524 2336 gravia.
3555 2265 3698 2320 Gra-

2127 2367 2240 2412 tum
2271 2373 2399 2413 vero
2449 2359 2557 2414 illis
2589 2370 2674 2414 est
2719 2369 2774 2413 et
2820 2371 3127 2430 acceptum,
3171 2370 3226 2414 et
3268 2360 3576 2429 voluptates
3612 2359 3697 2412 eis

2126 2450 2528 2520 quodammodo
2550 2453 2793 2516 exhibet,
2826 2454 2916 2520 qui
2963 2454 3014 2504 in
3047 2451 3382 2522 turpitudine
3399 2460 3452 2504 et
3477 2449 3696 2520 ﬂagitiis

2125 2539 2277 2593 vivit.
2310 2540 2410 2606 Qui
2440 2555 2571 2596 vero
2605 2539 2660 2593 in
2696 2541 2852 2594 bonis
2879 2541 3096 2596 actibus
3131 2555 3348 2594 manum
3381 2555 3533 2595 suam
3571 2555 3696 2609 gra-

2125 2633 2334 2687 vaverit
2379 2648 2544 2702 super
2575 2649 2691 2694 eos,
2728 2635 2891 2688 etiam
2946 2635 2989 2688 si
3033 2635 3250 2704 penitus
3280 2648 3374 2688 eos
3419 2633 3694 2702 expellere

2127 2739 2232 2779 non
2249 2727 2502 2794 potuerit,
2519 2738 2668 2781 certe
2691 2727 2890 2781 tributa
2902 2727 3009 2782 rios
3034 2742 3130 2782 eos
3153 2727 3316 2782 faciet
3332 2735 3386 2781 et
3400 2728 3694 2797 subjectos.

2195 2837 2250 2892 2.
2299 2857 2316 2890 ι
2345 2838 2411 2892 Ει
2441 2839 2732 2893 abierunt»
2781 2839 2874 2894 ﬁlii
2920 2840 3153 2910 Ephrem
3201 2859 3221 2892 ι
3250 2855 3542 2910 peragrare
3586 2851 3693 2895 ter-

2130 2945 2244 2985 ram
2276 2930 2574 2985 secundum
2623 2931 2756 2986 ﬁnes
2807 2946 2932 2985 suos
2952 2931 3015 2984 ³⁷.
3042 2949 3061 2982 ι
3102 2931 3170 2986 Et
3215 2946 3338 2984 cum
3385 2941 3693 2986 enarrasset

537 3025 586 3102 e't
636 3017 716 3102 de.
755 3015 886 3071 Iesu
942 3019 1202 3081 quomodo
1254 3022 1450 3086 accepit
1507 3020 1767 3076 civitatem
1813 3015 1846 3076 ὰ
1898 3015 2024 3092 ﬁliis
2053 3044 2095 3102 α
2129 3023 2273 3077 illam
2314 3022 2616 3089 historiam,
2652 3023 2702 3076 in
2737 3022 3090 3092 sequentibus
3128 3029 3390 3090 quantam
3433 3036 3688 3076 mansue-

545 3085 739 3144 Israel.

535 3203 589 3257 l.
621 3200 696 3253 De
722 3198 981 3254 Jebusmis
1015 3199 1106 3267 qui
1137 3199 1453 3255 habitabant
1475 3198 1796 3271 Jerusalem,
1825 3203 2024 3260 dudum

463 3291 666 3347 dictum
696 3300 799 3356 est,
828 3293 1099 3360 quomodo
1139 3304 1233 3346 eos
1264 3293 1628 3349 exterminare
1675 3311 1781 3350 non
1833 3304 2026 3365 potue-

463 3396 594 3443 runt
623 3386 719 3441 ﬁlii
741 3384 904 3450 Juda,
931 3386 1024 3440 sed
1057 3393 1112 3441 et
1139 3388 1205 3441 de
1232 3385 1551 3443 Chananazis
1575 3404 1711 3459 quos
1763 3406 1870 3446 non
1928 3407 2026 3462 po-

463 3487 687 3532 tuerunt
711 3477 1077 3532 exterminare
1100 3477 1192 3532 lilii
1220 3478 1474 3548 Ephrem,
1500 3480 1807 3538 habitantes
1833 3483 1886 3538 in
1919 3500 2027 3540 me-

465 3571 553 3626 dio
582 3569 686 3624 sui.
709 3568 913 3635 Quibus
939 3567 1134 3622 similia
1169 3570 1336 3624 etiam
1380 3585 1622 3640 praesens
1648 3572 1811 3629 lectio
1860 3576 2025 3631 refert

463 3664 529 3718 de
559 3659 886 3716 Amorrhaais
917 3659 1105 3715 dicens
1143 3660 1212 3727 ³⁸,
1248 3661 1375 3730 quia
1419 3681 1438 3714 ι
1481 3666 1776 3731 permansit
1825 3665 2023 3720 Amor-

467 3755 648 3808 rhzeus
680 3753 929 3808 habitare
958 3753 1010 3806 in
1041 3751 1190 3808 Elom
1220 3765 1275 3809 et
1330 3754 1383 3808 in
1425 3753 1682 3821 Salamis,
1741 3767 1794 3811 et
1846 3759 2026 3827 gravis

463 3846 654 3902 ell'ecta
682 3854 766 3900 est
797 3859 996 3901 manus
1032 3845 1264 3915 Ephrem
1289 3860 1453 3914 super
1476 3860 1592 3901 eos.
1631 3865 1649 3900 ι
1677 3848 2024 3905 Amorrhaeus

461 3941 850 4008 interpretatur
875 3953 1089 3992 amarus
1125 3936 1208 3992 vel
1251 3937 1550 3991 amaritudo
1579 3938 1676 4010 (7).
1713 3939 2026 3997 Habitantes

463 4049 594 4104 ergo
633 4033 688 4087 in
717 4032 892 4094 Elom,
914 4046 1032 4100 qua:
1067 4032 1462 4102 interpretatur
1511 4034 1790 4088 arietantes
1819 4033 1914 4106 (8),
1941 4036 2025 4090 vel

463 4127 519 4181 in
552 4123 806 4186 Salamis,
829 4123 970 4191 quod
1001 4123 1389 4192 interpretatur
1417 4124 1630 4192 paciﬁci
1665 4125 1766 4195 (9),
1809 4142 2024 4195 perma-

463 4224 599 4270 nent
624 4221 679 4268 et
709 4212 958 4268 habitant
999 4211 1388 4266 amaritudines
1419 4215 1470 4266 in
1503 4213 1860 4270 arietantibus
1887 4227 1939 4270 et
1972 4218 2022 4270 in

464 4304 730 4378 paciﬁcis.
761 4302 1069 4356 Arietantes
1098 4311 1221 4355 sunt
1247 4303 1280 4356 ii
1303 4303 1392 4371 qui
1419 4303 1472 4356 in
1519 4303 1784 4370 agonibus
1834 4308 2018 4375 positi,

2129 3115 2371 3169 tudinem
2401 3125 2456 3168 et
2492 3114 2852 3168 humilitatem
2896 3113 3091 3167 habeat
3115 3112 3292 3178 Jesus,
3326 3112 3415 3182 qui
3444 3127 3570 3166 vere
3610 3114 3692 3166 di-

2125 3221 2260 3277 guns
2289 3217 2408 3261 erat
2453 3205 2598 3260 ferre
2628 3221 2826 3260 nomen
2867 3204 3085 3258 Domini
3121 3203 3248 3260 Jesu
3291 3217 3349 3260 et
3392 3204 3692 3259 Salvatoris

2126 3299 2323 3366 nostri,
2379 3298 2638 3354 declarat.
2687 3297 2778 3351 Ait
2829 3297 2974 3350 enim
3001 3297 3085 3348 ἐξ
3123 3314 3141 3348 ι
3174 3297 3460 3362 Dederunt,
3492 3296 3690 3367 inquit,

2125 3392 2218 3446 ﬁlii
2246 3391 2410 3445 Israel
2440 3400 2642 3445 sortem
2669 3389 2796 3444 Jesu
2823 3389 2932 3442 ﬁlio
2957 3387 3102 3444 Nave
3145 3389 3198 3442 in
3234 3389 3542 3458 semetipsis
3579 3389 3689 3458 (l0)

2125 3497 2224 3551 per
2272 3490 2596 3551 praeceptum
2651 3479 2890 3545 Domini,
2927 3489 2982 3534 et
3007 3479 3271 3533 dederunt
3313 3479 3362 3531 ei
3415 3479 3686 3532 civitatem

2125 3588 2283 3643 quam
2307 3573 2496 3642 petivit
2515 3570 2833 3626 Thannasac
2861 3581 3077 3635 quaeest
3091 3570 3145 3626 in
3162 3575 3345 3623 monte
3361 3561 3620 3635 Ephrem,
3633 3578 3689 3623 et

2126 3665 2408 3720 aediﬁcavit
2432 3665 2500 3718 ibi
2525 3665 2822 3728 civitatem,
2845 3675 2900 3718 et
2929 3664 3192 3716 habitavit
3225 3662 3276 3715 in
3299 3676 3383 3715 ea.
3420 3679 3436 3712 ι
3467 3659 3586 3730 Ipse
3604 3671 3688 3715 est

2127 3758 2216 3826 qui
2242 3757 2386 3810 dedit
2419 3756 2786 3810 haereditatem
2816 3756 3067 3808 omnibus
3101 3753 3226 3807 ﬁliis
3250 3751 3406 3817 Juda,
3426 3755 3516 3821 qui
3544 3753 3690 3807 dedit

2125 3847 2379 3916 Ephrem,
2397 3855 2449 3899 et
2469 3845 2703 3899 dimidia:
2719 3845 2879 3898 tribui
2896 3844 3143 3898 Manasse
3165 3862 3176 3896 :
3199 3846 3315 3912 ipse
3339 3844 3486 3898 dedit
3509 3855 3564 3898 et
3583 3859 3690 3897 ma-

2125 3935 2319 4008 gniﬁco
2343 3936 2416 3990 illi
2445 3935 2606 3990 Caleb
2631 3934 2738 3989 ﬁlio
2753 3933 2959 3988 Jeflone
2982 3934 3352 3988 haereditatem
3373 3951 3390 3989 :
3408 3936 3522 4002 ipse
3542 3935 3689 3988 misit

2125 4037 2310 4083 ternos
2333 4044 2428 4096 per
2444 4027 2890 4095 singulastribus,
2909 4027 2998 4096 qui
3018 4029 3323 4080 universam
3351 4036 3550 4080 terram
3570 4042 3688 4095 per-

2126 4128 2401 4189 agrarent,
2426 4130 2587 4188 atque
2610 4118 2986 4171 describerent
3013 4117 3064 4170 in
3093 4117 3250 4178 libro,
3278 4127 3329 4170 et
3348 4118 3612 4182 redirent,
3635 4127 3688 4170 ct

2125 4211 2512 4265 05teuderent:
2549 4211 2659 4278 ipse
2693 4211 2840 4263 misit
2867 4209 3118 4264 omnibus
3151 4219 3347 4271 sortes,
3365 4212 3562 4262 etsein
3593 4223 3689 4261 no-

2129 4301 2371 4356 vissimis
2398 4301 2898 4366 reservavit.Quare
2929 4311 3086 4368 putas
3108 4300 3278 4354 voluit
3306 4315 3427 4355 esse
3444 4300 3688 4355 omnium

464 4410 779 4466 expugnare
799 4394 1094 4449 diabolicas
1124 4395 1264 4448 mdes
1288 4404 1700 4465 strueturasque
1733 4407 2019 4471 conantur;
2055 4411 2100 4466 ι)
2131 4392 2496 4446 novissimus?
2531 4393 2650 4446 sine
2668 4393 2829 4446 dubio
2853 4401 2909 4444 ut
2932 4401 3076 4445 esset
3102 4395 3341 4445 omnium
3374 4393 3600 4461 primus.
3624 4391 3689 4446 Et

457 4485 669 4557 paciﬁci
715 4499 847 4541 vero
875 4484 966 4553 qui
993 4485 1302 4539 carnalibus
1323 4486 1778 4555 concupiscentiis
1803 4503 2024 4558 supera-

466 4582 535 4630 tis
563 4589 747 4646 pacem
777 4576 972 4630 anima:
997 4584 1210 4645 gerunt.
1238 4576 1294 4628 ln
1327 4576 1571 4645 utrisque
1607 4587 1784 4632 tamen
1835 4594 2022 4646 perse-

463 4677 620 4722 verat
645 4676 698 4722 et
722 4667 1002 4722 contendit
1031 4666 1307 4722 contraria
1344 4666 1513 4721 virtus
1552 4669 1853 4722 amaritudo
1898 4683 2022 4738 per-

462 4760 674 4814 sistere.
705 4757 764 4812 ln
817 4773 924 4828 quo
971 4757 1076 4812 tale
1123 4755 1322 4826 aliquid
1379 4757 1672 4828 intelligere
1717 4775 2020 4827 possumus,

465 4851 592 4920 quia
653 4851 835 4916 dicit,
893 4850 1193 4918 permansit
1249 4849 1498 4904 habitare
1565 4852 1913 4905 Amorrhzeus
1966 4850 2018 4904 in

476 4944 628 5014 ipsis.
684 4941 848 4998 Verbi
901 4943 1070 5012 gratia
1109 4984 1125 5011 ,
1180 4942 1226 4998 si
1273 4942 1491 4997 inimica
1539 4942 1708 4997 virtus
1763 4943 2020 4998 daemonis

526 5072 570 5104 ³³
597 5073 639 5127 ll
668 5072 794 5129 Cor.
830 5088 929 5140 xu,
967 5073 1024 5128 ι.
1098 5072 1180 5126 ³⁵1
1211 5073 1336 5130 Cor.
1368 5091 1448 5138 ιιι,
1479 5072 1568 5128 54.

536 5231 612 5304 (4)
649 5231 1201 5304 βηιιξβϋιξοίοθηεὶε,
1241 5248 1260 5282 ι
1297 5239 1348 5304 et
1371 5230 1630 5304 rationes.
1666 5247 1683 5304 ξ

538 5299 616 5372 (5)
645 5302 758 5357 Duo
783 5303 1162 5368 Ebroiceuses,
1199 5321 1217 5354 ι
1250 5303 1371 5355 auia
1411 5299 1511 5354 scit
1539 5301 1718 5354 omnia
1753 5299 1950 5354 Paulus
1971 5310 2026 5356 et

471 5372 894 5428 comprehendit.
923 5391 941 5424 ι

543 5388 588 5426 ιη
633 5388 894 5426 renenott.
923 5391 941 5424 ι

543 5388 626 5513 (ὃς
641 5442 820 5497 Codex
845 5441 1411 5513 Sangerm._cum_u_no
1451 5441 1781 5506 Ebroicensi,
1818 5458 1837 5492 ι
1870 5441 2024 5494 deni-

471 5509 576 5582 que
601 5509 656 5566 et
687 5513 739 5565 in
779 5509 1033 5582 mysterio
1077 5511 1198 5566 tale.
1239 5529 1258 5562 ι
1291 5509 1446 5566 Libb.
1481 5514 1634 5578 editi,
1671 5531 1688 5564 ι
1722 5515 1789 5567 de
1824 5513 2022 5582 quibus

471 5581 526 5638 et
549 5581 599 5636 in
633 5581 932 5637 ministerio
966 5582 1087 5636 tale.
1123 5601 1142 5634 ι

541 5653 616 5724 (7)
640 5651 974 5709 Amorrhwus
1024 5654 1394 5723 interpretatur
1435 5669 1647 5709 amarus
1696 5653 1772 5709 vel
1817 5655 2016 5709 amari-

1664 5073 1709 5106 ³⁸
1745 5073 1787 5128 ll
1815 5074 1954 5130 Tim.
1983 5091 2048 5142 ιι,
2090 5076 2148 5131 2.

2131 4485 2359 4554 nec-ipse
2380 4485 2480 4538 sibi
2500 4485 2862 4538 haereditatem
2883 4494 3028 4538 sorte
3053 4485 3413 4552 pmsumpsit,
3429 4486 3521 4539 sed
3543 4502 3569 4538 a
3597 4501 3689 4556 po—

2129 4579 2255 4647 pulo
2285 4580 2519 4647 accepit,
2545 4586 2600 4632 et
2634 4578 2708 4630 illi
2741 4578 2832 4630 dat
2855 4578 3082 4647 populus
3113 4577 3480 4632 haereditatem
3515 4594 3545 4631 a
3585 4593 3689 4647 quo

2130 4667 2244 4735 ipse
2275 4677 2578 4736 acceperat.
2599 4668 2688 4721 Sic
2713 4669 3134 4736 euimscriptum
3165 4677 3276 4722 est:
3309 4668 3402 4721 «Et
3428 4669 3688 4723 dederunt

2129 4759 2221 4812 ﬁlii
2249 4757 2410 4813 Israel
2438 4770 2636 4814 sortem
2663 4757 2789 4813 Jesu
2823 4760 2932 4813 ﬁlio
2956 4759 3118 4814 Nave.
3136 4779 3153 4811 ι
3178 4759 3286 4814 Sed
3326 4771 3378 4814 et
3407 4760 3522 4814 haec
3558 4761 3688 4830 ligu-

2128 4852 2315 4904 raliter
2348 4852 2733 4921 contingebant
2766 4852 2894 4916 illis,
2919 4868 3039 4922 qua:
3063 4854 3218 4907 nobis
3259 4865 3689 4921 proponerentur

2127 4943 2193 4997 ad
2231 4943 2482 5010 formam,
2518 4953 2575 4997 ut
2609 4953 2665 4998 et
2713 4960 2811 4998 nos
2854 4959 3134 5000 servemus
3183 4957 3514 5014 praeceptum
3560 4946 3685 4999 illud

2244 5077 2288 5110 ³⁸
2321 5075 2432 5132 Jos.
2476 5093 2591 5144 nx,
2621 5078 2712 5134 47.
2809 5078 2853 5110 ³⁷
2883 5078 3014 5134 ibid.
3046 5078 3139 5133 49.
3238 5078 3282 5110 ³⁸
3315 5080 3449 5134 ibid.
3482 5079 3570 5143 49.
3597 5079 3684 5136 50.

2131 5235 2280 5285 tudo.
2311 5230 2355 5284 A
2383 5243 2514 5292 1‘1):
2545 5250 2565 5283 ι
2594 5249 2835 5288 amarum
2867 5251 3005 5290 esse.
3052 5254 3071 5289 ι

2195 5301 2272 5384 (8)
2302 5289 2630 5372 Elom:un
2685 5289 3054 5374 interpretatur
3106 5305 3410 5361 arietantes.
3480 5305 3561 5360 Ab
3594 5289 3688 5366 5ης

2133 5389 2153 5422 ί
2192 5387 2352 5426 artes.
2388 5392 2407 5424 Ι

2199 5441 2567 5520 (9)§alamis,
2611 5443 2749 5511 quod
2795 5445 3170 5510 interpretatur
3204 5445 3434 5514 paciﬁci.
3472 5445 3515 5498 A
3564 5428 3685 5502 D533

2132 5528 2151 5563 ι
2187 5513 2471 5579 paciﬁcum
2501 5528 2638 5566 esse.
2672 5531 2690 5563 ι

2197 5582 2305 5654 (l0)
2342 5582 2542 5636 Omnes
2575 5584 2926 5654 tuauttscripli
2958 5603 2977 5636 ι
3005 5585 3062 5640 in
3107 5586 3437 5654 semetipsis.
3472 5601 3492 5634 ι
3530 5584 3678 5638 Libb.

2121 5651 2287 5726 editi,
2312 5669 2331 5702 ι
2355 5663 2407 5706 et
2439 5653 2774 5721 semetipsos.
2800 5672 2820 5705 ι
