4050 6148
397 255 493 312 9H

1325 252 1396 306 IN
1433 248 1692 305 LIBRUM
1725 245 1887 304 JESU
1923 244 2110 302 NAVE
2143 245 2422 303 IIOMILIA
2467 239 2634 304 XXV.

3535 255 3638 313 949.

395 375 541 447 quod
577 374 680 430 iste
703 388 867 444 opere
895 372 1160 444 implevit,
1193 374 1337 443 quod
1368 373 1568 428 dicitur
1590 373 1635 405 ³⁸
1663 390 1677 425 :
1710 390 1728 423 ι
1751 371 1966 437 Quanto
1994 370 2042 429 Α
2069 383 2174 437 qua
2214 370 2336 439 quis
2389 372 2561 439 prima
2613 379 2759 425 sorte
2815 371 3008 440 dignus
3045 370 3360 436 haberetur,
3396 383 3450 428 et
3497 375 3638 431 alius

394 483 629 537 magnus
669 481 749 533 es,
807 474 959 523 tanto
1001 466 1174 536 magis
1209 466 1428 520 humilia
1458 475 1530 532 te,
1553 474 1607 520 et
1633 471 1758 520 ante
1785 463 1968 518 Domi-

398 575 530 615 num
564 560 806 615 invenies
847 560 1098 629 gratiam.
1127 579 1146 611 ι
1182 558 1248 612 Et
1283 559 1475 612 iterum
1525 557 1667 627 quod
1694 555 1967 624 scriptum

395 659 480 705 est
504 650 591 703 “:
628 669 646 702 ‹
674 648 730 705 Si
763 661 813 704 te
859 651 1046 704 ducem
1097 649 1490 712 ordinaverint,
1544 662 1612 702 ne
1665 645 1963 709 extollaris,

397 742 494 797 sed
531 753 652 796 esto
680 743 826 795 inter
854 755 947 795 eos
976 739 1134 808 quasi
1165 754 1302 792 unus
1347 755 1412 795 ex
1443 739 1595 806 ipsis.
1625 756 1644 790 ι
1677 737 1810 792 Vide
1837 750 1967 805 ergo

394 834 672 904 quomodo
703 835 806 886 dux
843 842 961 884 erat
993 831 1196 900 populi,
1231 831 1346 898 ipse
1380 830 1469 900 qui
1519 843 1616 884 eos
1657 829 1968 882 introduxe-

396 938 483 983 rat
513 929 566 982 in
605 941 803 980 terram
853 937 1120 989 sanctam,
1158 923 1212 977 in
1243 933 1444 976 terram
1481 922 1962 992 repromissionis:

396 1021 518 1088 ipse
540 1031 662 1074 erat
685 1033 972 1074 successor
1004 1015 1198 1087 Moysi,
1225 1025 1278 1070 et
1303 1030 1410 1070 non
1439 1015 1552 1084 ipse
1581 1013 1680 1069 sibi
1703 1013 1969 1084 permittit

394 1125 615 1164 sumere
666 1119 864 1164 sortem
930 1117 1114 1172 terrae,
1167 1107 1258 1161 sed
1319 1115 1599 1172 exspectat
1649 1115 1707 1159 ut
1737 1104 1968 1175 accipiat

394 1204 797 1275 portiunculam
825 1217 856 1256 a
892 1200 1106 1270 populo,
1132 1201 1311 1270 populi
1343 1201 1478 1266 dux;
1509 1207 1564 1252 et
1593 1208 1814 1268 accepta
1844 1215 1967 1267 por-

397 1294 642 1348 tiuncula
695 1307 790 1347 sua
841 1289 1021 1356 Jesus,
1075 1291 1268 1358 dignus
1317 1289 1420 1343 huc
1473 1288 1692 1342 nomine
1735 1287 1968 1342 aediﬁcat

395 1385 578 1442 locum
626 1385 801 1455 ipsum
857 1399 1016 1452 quem
1057 1382 1282 1450 accepit,
1316 1392 1371 1435 et
1410 1380 1712 1444 constituit,
1750 1389 1810 1432 ut
1841 1394 1963 1432 eum

396 1494 531 1535 vere
607 1478 771 1534 faciat
830 1478 1050 1548 dignum
1116 1491 1341 1531 munere
1405 1474 1496 1529 Dei
1549 1483 1604 1528 et
1652 1474 1967 1527 haereditate

393 1574 600 1630 divina.

464 1668 520 1724 3.
565 1665 672 1722 Sed
730 1664 982 1735 quoniam
1045 1661 1113 1716 ad
1165 1661 1456 1716 Dominum
1507 1667 1562 1715 et
1623 1659 1962 1713 Salvatorem

394 1769 646 1815 nostrum
691 1773 753 1813 ea
791 1772 910 1828 quae
956 1757 1022 1811 de
1051 1755 1178 1811 Jesu
1211 1755 1543 1818 Scribuntur,
1580 1750 1785 1806 referre
1827 1765 1962 1804 cou-

394 1855 698 1918 suevimus,
728 1851 976 1908 fortassis
1015 1851 1176 1903 etiam
1209 1858 1395 1902 noster
1421 1846 1599 1901 omnis
1625 1845 1713 1898 hic
1743 1843 1967 1913 populus

399 1949 494 2002 dat
526 1955 735 2017 partem
767 1945 1003 2013 aliquam
1031 1957 1151 1996 meo
1184 1939 1414 1995 Domino
1438 1935 1590 2000 Iesu,
1621 1944 1674 1989 et
1703 1936 1851 1989 velut
1886 1935 1967 1989 lo-

395 2053 519 2096 cum
546 2038 834 2110 quemdam
867 2031 1189 2090 habitationi
1219 2030 1334 2097 ejus
1365 2029 1575 2084 tribuit.
1608 2025 1716 2080 Sed
1767 2041 1836 2080 ne
1883 2026 1966 2080 in-

388 2133 656 2202 juriosum
705 2145 827 2185 esse
872 2129 1115 2182 videatur
1153 2126 1296 2196 quod
1347 2124 1570 2188 dicitur,
1619 2121 1965 2189 requiramus

393 2227 667 2299 quomodo
713 2225 762 2279 ei
817 2225 1006 2280 damus
1043 2239 1144 2278 nos
1188 2223 1332 2277 servi
1364 2220 1480 2288 ejus
1507 2217 1860 2272 habitationis
1884 2217 1966 2272 lo-

393 2336 540 2375 cum.
576 2319 686 2387 Ego
713 2317 756 2370 si
791 2329 1004 2386 possem
1039 2315 1211 2369 bonus
1236 2313 1374 2380 ﬁeri,
1413 2313 1598 2366 darem
1622 2311 1798 2366 locum
1823 2311 1963 2367 Filio

396 2412 492 2467 Dei
524 2411 580 2463 in
620 2425 727 2473 me,
759 2418 814 2462 et
848 2416 1127 2476 acceptum
1166 2405 1342 2459 locum
1372 2418 1402 2457 a
1435 2417 1521 2458 me
1554 2406 1606 2457 in
1639 2404 1816 2456 anima
1847 2417 1964 2457 mea

394 2505 658 2560 Dominus
720 2501 881 2557 Jesus
940 2501 1239 2555 aediﬁcaret
1287 2512 1432 2562 eum,
1483 2506 1538 2551 et
1571 2498 1884 2561 adornaret,
1912 2503 1966 2548 et

393 2599 604 2652 faceret
661 2596 713 2650 in
743 2609 806 2648 eo
859 2607 1044 2646 muros
1078 2589 1545 2659 inexpugnabiles,
1569 2596 1623 2641 et
1650 2599 1829 2642 turres
1859 2601 1960 2641 ex-

395 2689 595 2753 celsas,
627 2696 684 2744 et
708 2686 1001 2741 aediﬁcaret
1029 2684 1081 2737 in
1114 2697 1200 2737 me
1230 2683 1588 2746 mansionem,
1620 2681 1664 2735 si
1699 2693 1960 2745 mererer,

392 2777 609 2845 dignam
648 2794 706 2834 se
730 2786 784 2832 et
809 2777 982 2843 Patre,
1011 2786 1067 2832 et
1090 2777 1160 2830 ita
1188 2778 1473 2834 adornaret
1497 2779 1730 2834 animam
1760 2795 1962 2847 meam,

391 2883 447 2927 et
485 2888 738 2942 capacem
777 2889 894 2928 eam
933 2888 1044 2928 suae
1082 2872 1358 2942 sapientiae
1395 2881 1449 2926 et
1486 2872 1753 2937 scientiaa,
1795 2871 1963 2927 totius

390 2965 694 3020 sanctitatis
739 2965 1010 3031 efﬁceret,
1051 2965 1107 3018 in
1162 2974 1368 3019 tantum
1418 2973 1478 3019 ut
1523 2973 1579 3019 et
1614 2963 1776 3018 etiam
1814 2962 1962 3020 face-

2071 462 2332 527 secunda,
2367 465 2433 517 de
2460 478 2590 532 qua,
2620 474 2782 533 prout
2803 466 3096 533 potuimus,
3123 463 3236 531 jam
3266 475 3394 521 ante
3427 475 3631 522 tracta-

2069 555 2245 610 vimus
2279 571 2293 608 :
2325 555 2418 610 sed
2459 564 2515 611 et
2554 556 2622 610 de
2662 556 2729 610 iis
2763 556 2852 625 qui
2897 571 2996 625 per
3025 557 3242 628 Moysen
3270 558 3409 613 ultra
3437 557 3634 616 Jorda-

2069 659 2192 700 nem
2229 655 2282 700 et
2313 646 2382 702 ab
2410 644 2538 702 Jesu
2575 646 2626 701 in
2683 657 2824 701 terra
2857 647 3131 716 accipiunt
3173 651 3636 720 repromissionis,

2068 738 2160 793 ubi
2194 739 2368 808 prima
2394 754 2514 794 sors
2542 740 2742 794 cecidit
2771 740 2836 793 ad
2867 739 3168 811 Benjamin,
3201 751 3255 795 et
3290 745 3634 810 postmodum

2070 829 2136 883 ad
2161 839 2386 884 caeteros
2435 831 2488 884 in
2524 832 2724 900 quibus
2747 831 2851 885 fuit
2879 832 3098 886 ultimus
3130 835 3240 886 Dan
3271 851 3286 888 :
3312 835 3385 888 ita
3413 849 3638 892 necesse

2069 932 2151 978 est
2177 937 2298 978 esse
2321 933 2376 977 et
2406 923 2643 993 aliquam
2673 923 2936 979 rationem
2967 925 3128 980 etiam
3156 926 3208 979 in
3239 928 3428 982 ordine
3456 943 3639 986 sacer-

2068 1014 2267 1069 dotalis
2292 1024 2346 1069 et
2382 1015 2642 1070 Levitica:
2664 1018 2856 1080 sortis,
2882 1025 2940 1070 ut
2970 1016 3062 1070 alii
3093 1018 3287 1086 prima,
3324 1020 3413 1074 alii
3438 1036 3638 1077 secun-

2070 1107 2160 1170 da,
2193 1107 2284 1160 alii
2334 1108 2490 1162 tertia
2541 1123 2660 1163 sors
2715 1108 2966 1172 ducatur,
2996 1124 3091 1178 per
3125 1125 3262 1179 quas
3290 1111 3400 1178 illa,
3429 1115 3510 1168 vel
3545 1115 3634 1169 illa

2068 1200 2184 1254 loca
2231 1201 2527 1270 unicuique
2569 1202 2954 1256 decernantur.
2995 1199 3264 1258 Dicuntur
3307 1215 3487 1260 autem
3538 1208 3632 1262 ﬁlii

2068 1305 2189 1347 esse
2222 1291 2373 1357 Levi,
2409 1292 2618 1349 Gerson
2651 1306 2705 1348 et
2738 1295 2909 1350 Chaat
2939 1307 2993 1352 et
3023 1297 3253 1351 Ilerari:
3281 1307 3337 1352 et
3381 1301 3628 1355 ostendi-

2071 1394 2156 1438 tur
2205 1386 2410 1454 primas
2444 1399 2624 1455 partes
2665 1387 2904 1443 tenuisse
2939 1389 2993 1442 in
3032 1391 3237 1444 honore
3280 1389 3475 1458 Chaat,
3503 1393 3632 1459 quia

2068 1477 2164 1532 lilii
2212 1480 2384 1534 Chaat
2419 1477 2880 1548 lueruntAmran,
2923 1481 3153 1554 Moyses,
3203 1481 3383 1537 Aaron
3433 1495 3488 1540 et
3517 1465 3633 1539 Ma-

2068 1573 2170 1627 ria.
2208 1572 2374 1642 Igitur
2405 1572 2470 1628 de
2503 1572 2674 1629 Chaat
2715 1589 2846 1645 pars
2874 1575 3092 1645 quidem
3140 1576 3312 1646 plebis
3331 1575 3521 1632 elI‘ecta
3551 1587 3637 1633 est

2067 1667 2448 1733 sacerdotalis,
2501 1681 2620 1737 quae
2666 1679 2750 1723 est
2785 1669 2966 1724 Aaron
3018 1679 3073 1724 et
3119 1669 3210 1724 ﬁlii
3250 1669 3388 1738 ejus.
3424 1669 3640 1742 Moyses

2070 1769 2253 1814 autem
2303 1769 2398 1814 aut
2439 1760 2495 1814 in
2546 1761 2873 1817 sacerdotali
2919 1762 3131 1828 ordine,
3159 1775 3256 1818 aut
3281 1766 3326 1819 si
3353 1766 3442 1834 qui
3469 1766 3635 1819 etiam

2068 1851 2187 1920 plus
2219 1867 2246 1905 a
2281 1852 2608 1908 sacerdotali
2659 1867 2780 1909 esse
2816 1864 3016 1923 potest,
3049 1855 3332 1911 habendus
3374 1865 3476 1912 est.
3516 1857 3635 1911 Alia

2069 1957 2198 1998 vero
2225 1953 2308 1999 est
2337 1946 2480 2000 ratio
2511 1947 2576 2000 de
2619 1944 2745 2000 ﬁliis
2786 1946 2922 2016 ejus.
2951 1949 3147 2004 Caneri
3183 1957 3362 2002 autem
3405 1965 3472 2003 ex
3513 1950 3639 2004 ﬁliis

2067 2034 2241 2091 Chaat
2269 2038 2564 2093 secundum
2606 2040 2854 2094 ordinem
2889 2048 3180 2096 tenuerunt
3213 2041 3268 2096 in
3307 2041 3449 2097 tribu
3481 2041 3634 2108 Levi,

2066 2129 2157 2199 qui
2189 2140 2406 2184 suntex
2430 2131 2578 2186 Isaar
2611 2143 2666 2187 et
2683 2131 2932 2189 Chebron
2964 2141 3018 2189 et
3049 2133 3224 2189 Odiel.
3253 2132 3409 2188 Tunc
3435 2134 3638 2189 deinde

2067 2233 2189 2292 post
2211 2224 2310 2280 hos
2331 2226 2607 2296 accipiunt
2633 2237 2843 2298 partem
2875 2237 2999 2297 post
3032 2227 3228 2292 Chaat,
3255 2243 3320 2283 ex
3352 2229 3478 2283 ﬁliis
3503 2227 3633 2283 Levi

2065 2315 2274 2372 Gerson
2324 2319 2485 2372 tertio
2521 2319 2657 2382 loco,
2698 2319 3028 2373 novissimus
3080 2334 3210 2375 vero
3242 2321 3484 2375 omnium
3525 2321 3636 2374 Me-

2065 2409 2198 2463 rari.
2241 2408 2366 2464 Haec
2415 2418 2500 2465 est
2540 2421 2718 2466 autem
2749 2411 3054 2466 diﬂ’erentia
3095 2413 3256 2482 primi
3299 2414 3531 2481 ordinis,
3577 2425 3634 2470 et

2070 2501 2290 2556 secundi
2337 2513 2394 2556 et
2425 2502 2568 2557 tertii
2602 2503 2684 2557 vel
2722 2502 2908 2572 quarti
2953 2519 3114 2572 quam
3170 2505 3348 2575 primo
3383 2507 3628 2560 omnium

2067 2593 2479 2650 observavimus
2503 2595 2556 2649 in
2591 2593 2862 2652 Numeris.
2889 2598 3081 2652 Postea
3119 2599 3263 2652 enim
3290 2612 3450 2667 quam
3485 2600 3636 2654 ordi-

2066 2695 2208 2742 natae
2257 2687 2477 2743 fuerant
2519 2689 2802 2744 duodecim
2855 2691 3026 2746 tribus
3076 2707 3174 2761 per
3209 2702 3441 2760 quatuor
3481 2694 3632 2750 orbis

2067 2787 2229 2832 terrae
2258 2787 2445 2848 partes
2471 2779 2617 2835 circa
2651 2795 2836 2836 arcam
2873 2782 3179 2837 testamenti
3223 2783 3434 2838 Domini
3471 2801 3636 2839 excu-

2064 2867 2181 2925 bias
2219 2885 2402 2938 agere,
2437 2882 2492 2926 et
2522 2880 2734 2927 statutae
2760 2883 2889 2928 sunt
2931 2883 3044 2930 tres
3086 2876 3302 2945 quidem
3345 2879 3518 2933 tribus
3567 2882 3634 2934 ab

2067 2962 2299 3028 oriente,
2334 2972 2450 3019 tres
2473 2974 2650 3021 autem
2679 2967 2746 3020 ab
2767 2965 2954 3022 Africo
2977 2967 3060 3022 vel
3094 2983 3124 3022 a
3156 2969 3482 3033 meridiano,
3522 2981 3632 3027 tres

385 3068 474 3112 ret
514 3058 682 3110 Deum
723 3057 932 3112 Patrem
973 3073 1157 3112 secum
1206 3057 1405 3111 intrare
1427 3098 1441 3123 ,
1483 3065 1537 3111 et
1588 3056 1642 3110 in
1681 3071 1745 3110 ea
1781 3055 1961 3114 facere
1987 3087 2036 3148 α
2069 3063 2249 3109 autem
2285 3055 2352 3111 ad
2390 3071 2540 3113 mare
2567 3059 2710 3126 quod
2743 3068 2827 3113 est
2866 3061 2932 3114 ad
2967 3061 3329 3128 occidentem,
3362 3071 3473 3118 tres
3502 3079 3635 3119 vero

391 3151 757 3216 mansionem,
785 3159 840 3205 et
868 3161 1088 3204 coenare
1139 3147 1304 3199 etiam
1345 3143 1486 3212 apud
1523 3142 1686 3196 talem
1725 3143 1960 3196 animam

391 3248 545 3304 cibos
576 3262 714 3315 quos
749 3245 868 3314 ipse
911 3245 1156 3298 donaret.
1185 3236 1336 3305 Quod
1367 3245 1426 3290 ut
1455 3235 1713 3306 consequi
1747 3249 1963 3290 merca-

389 3354 536 3404 mur,
572 3349 939 3407 praeparemus
971 3333 1024 3386 in
1058 3331 1214 3385 nobis
1242 3343 1337 3383 cor
1363 3327 1623 3381 mundum
1649 3342 1754 3396 quo
1789 3327 1963 3381 liben-

391 3443 476 3486 ter
528 3441 584 3485 et
631 3439 786 3500 grate
837 3428 1097 3481 Dominus
1146 3422 1306 3478 Jesus
1337 3419 1451 3490 (Il)
1487 3419 1745 3473 mundum
1782 3420 1960 3474 cordis

391 3526 565 3580 nostri
641 3521 867 3576 introire
895 3519 1147 3589 dignetur
1171 3514 1464 3584 hospitium
1492 3526 1508 3566 :
1538 3513 1632 3567 cui
1662 3519 1748 3568 est
1784 3513 1956 3584 gloria

389 3635 446 3681 et
483 3623 766 3694 imperium
788 3620 840 3675 in
865 3616 1065 3673 saecula
1087 3615 1432 3670 saeculorum.
1463 3611 1656 3665 Amen.

937 3727 1220 3786 HOMILIA
1257 3725 1425 3781 XXV;

391 3835 469 3890 De
509 3830 807 3887 ciuitatibus
835 3843 951 3898 qua:
981 3829 1120 3878 data:
1155 3833 1274 3877 sunt
1313 3820 1528 3886 Levitis,
1549 3829 1598 3875 et
1619 3819 1846 3874 sortibus
1870 3835 1956 3872 ea-

1117 3912 1255 3948 rum.

465 3997 516 4051 1.
557 3994 760 4052 Omnes
795 3991 889 4045 ﬁlii
938 3987 1100 4043 Israel
1151 3992 1483 4054 acceperunt
1531 3991 1708 4037 sortes
1749 3994 1877 4034 suas
1904 3995 1957 4032 In

389 4097 558 4150 terra,
605 4085 810 4139 Levitis
866 4090 1046 4136 autem
1092 4078 1146 4131 in
1209 4076 1526 4130 haereditate
1571 4074 1718 4129 solus
1763 4071 1960 4128 sufﬁcit

390 4182 551 4237 Deus.
582 4177 778 4232 Verum
805 4175 1061 4244 quoniam
1097 4170 1370 4238 accipiunt
1393 4167 1596 4222 Levita:
1625 4167 1864 4220 decimas
1897 4180 1960 4220 ac

387 4273 660 4346 primitias
690 4271 755 4325 de
791 4266 1058 4321 fructibus
1084 4277 1114 4317 a
1149 4261 1271 4315 ﬁliis
1297 4261 1464 4316 Israel
1503 4274 1597 4330 per
1630 4270 1956 4329 praeceptum

390 4366 626 4429 Domini,
656 4362 937 4433 oportebat
962 4373 1056 4414 eos
1083 4358 1245 4412 etiam
1274 4355 1340 4409 de
1364 4364 1530 4418 terra,
1563 4362 1620 4406 ut
1652 4355 1724 4406 ita
1755 4353 1953 4416 dicam,

2069 3147 2136 3202 ad
2163 3148 2497 3218 aquilonem,
2529 3151 2620 3219 qui
2650 3159 2735 3205 est
2759 3153 3081 3222 septentrio,
3103 3151 3178 3207 ibi
3208 3155 3374 3208 etiam
3409 3157 3497 3209 isti
3538 3171 3635 3225 per

2063 3243 2460 3309 quatuororbis
2493 3253 2652 3298 terrae
2682 3255 2864 3313 partes
2911 3247 3098 3302 eodem
3139 3247 3332 3302 ordine
3363 3249 3631 3317 deputan-

2065 3342 2172 3388 tur.
2225 3333 2292 3387 Et
2325 3337 2392 3388 ab
2423 3335 2634 3390 oriente
2669 3336 2886 3406 quidem
2947 3339 3038 3394 ubi
3087 3347 3207 3393 erat
3263 3340 3434 3394 tribus
3466 3339 3631 3406 Juda,

2063 3439 2184 3494 quae
2222 3434 2342 3480 erat
2387 3425 2532 3481 inter
2572 3438 2800 3482 exteras
2840 3430 3034 3498 prima,
3074 3429 3256 3485 Aaron
3312 3442 3474 3502 atque
3511 3431 3630 3501 ejus

2068 3517 2166 3571 lilii
2191 3517 2529 3572 collocantur
2554 3545 2567 3570 ι
2596 3519 2771 3573 Chaat
2795 3535 2924 3574 vero
2947 3521 3074 3576 ﬁliis
3099 3523 3190 3590 qui
3219 3532 3376 3577 erant
3411 3523 3630 3594 reliqui,

2065 3625 2248 3664 arcam
2305 3612 2610 3665 testamenti
2666 3611 2880 3666 Domini
2915 3612 3097 3668 levare
3156 3615 3207 3668 in
3261 3616 3523 3681 humeris,
3575 3624 3634 3669 et

2066 3701 2207 3757 tubis
2229 3716 2432 3757 canere
2469 3702 2754 3768 statuitur,
2799 3703 2871 3756 ita
2900 3712 2959 3757 ut
3008 3719 3130 3758 cum
3163 3705 3334 3774 prima
3382 3708 3507 3760 tuba
3541 3722 3630 3762 ce-

2065 3795 2307 3859 ciuisset,
2339 3803 2618 3850 moverent
2659 3805 2837 3849 castra
2867 3795 2902 3848 ii
2935 3795 3029 3864 qui
3056 3805 3213 3851 erant
3256 3798 3327 3852 ab
3376 3800 3626 3864 oriente;

2066 3901 2190 3941 cum
2241 3901 2371 3940 vero
2417 3887 2653 3940 secunda
2687 3887 2998 3952 cecinisset,
3025 3888 3062 3942 ii
3095 3890 3186 3959 qui
3217 3899 3374 3944 erant
3408 3906 3436 3944 a
3469 3891 3632 3946 meri-

2064 3979 2224 4033 diano
2247 3989 2671 4050 consurgerent;
2711 3980 2872 4034 tertia
2901 3982 2969 4036 ab
3003 3983 3311 4049 occidente,
3339 3997 3528 4053 quarta
3559 3986 3629 4039 ab

2062 4073 2335 4142 aquilone.
2381 4073 2544 4127 Vides
2590 4081 2826 4141 quantus
2858 4075 3015 4141 ordo,
3048 4086 3098 4131 et
3149 4085 3348 4144 quanta
3393 4078 3444 4131 in
3481 4077 3631 4133 Scri-

2063 4166 2240 4234 pturis
2263 4167 2472 4221 sanctis
2507 4183 2683 4220 rerum
2706 4170 3090 4237 consequentia
3123 4171 3432 4225 custoditur
3456 4186 3628 4241 :quoo

2062 4259 2224 4313 modo
2257 4259 2388 4313 nihil
2419 4260 2521 4314 nisi
2548 4261 2708 4314 modo
2746 4271 2801 4314 et
2833 4262 3045 4316 ratione
3074 4274 3128 4316 et
3159 4264 3349 4317 ordine
3391 4266 3623 4334 geritur.

2062 4351 2278 4405 Intuere
2313 4349 2650 4418 diligentius,
2687 4363 2743 4405 et
2778 4352 2828 4405 in
2867 4354 3012 4406 omni
3062 4351 3343 4423 Scriptura
3393 4355 3506 4408 lucc
3550 4355 3626 4410 ita

389 4471 446 4515 et
467 4460 534 4514 de
565 4429 890 4512 habitaculis
922 4453 1161 4507 decimas
1187 4448 1455 4516 accipere,
1483 4445 1587 4500 hoc
1613 4456 1692 4498 est
1715 4445 1858 4498 enim
1885 4442 1952 4497 ab
1988 4429 2032 4485 υ
2065 4444 2310 4501 invenies
2351 4443 2630 4497 ordinata.
2665 4441 2769 4498 Sed
2807 4445 2850 4499 si
2889 4445 2986 4499 tibi
3019 4444 3232 4500 difﬁcile
3261 4457 3344 4500 est
3377 4463 3474 4516 per
3507 4464 3628 4502 om-

386 4549 641 4605 omnibus
665 4547 906 4600 decimas
937 4541 1236 4610 accepisse.
1262 4538 1330 4591 Et
1359 4537 1478 4590 ideo
1507 4536 1825 4590 accedentes
1847 4535 1957 4604 pri-

387 4643 546 4698 marii
600 4642 700 4694 viri
753 4640 843 4709 qui
891 4646 1048 4692 erant
1099 4636 1151 4689 in
1202 4635 1328 4688 ﬁliis
1357 4631 1510 4696 Levi,
1535 4631 1602 4684 ad
1633 4629 1954 4684 Eleazarum

386 4735 751 4798 sacerdotem,
779 4741 832 4786 et
857 4731 922 4784 ad
951 4730 1134 4783 Jesum
1165 4728 1335 4781 lilium
1368 4725 1534 4788 Nave,
1564 4733 1618 4778 et
1654 4725 1718 4776 ad
1750 4724 1953 4792 princi-

383 4843 482 4896 pes
515 4827 749 4880 tribuum
779 4822 1014 4877 ﬁliorum
1047 4819 1240 4885 Israel,
1274 4819 1324 4871 in
1357 4817 1517 4873 Selon
1552 4818 1606 4870 in
1638 4826 1778 4870 terra
1812 4815 1957 4868 (Iba-

383 4934 552 4982 naan,
600 4915 952 4971 dixerunt“:
1000 4930 1018 4964 ι
1052 4912 1312 4967 Dominus
1360 4909 1617 4981 prmcepit
1673 4909 1726 4962 in
1789 4923 1950 4962 manu

382 5009 554 5079 Moysi
619 5009 734 5063 dari
799 5005 957 5060 nobis
996 5004 1248 5059 civitates
1298 5001 1363 5056 ad
1441 4999 1837 5064 habitandum,
1897 5008 1952 5052 et

2063 4550 2158 4590 nes
2185 4535 2353 4591 libros
2391 4534 2703 4603 vigilantem
2736 4537 2920 4592 cordis
2942 4538 3158 4591 oculum
3190 4538 3411 4604 ducere,
3447 4541 3498 4594 in
3527 4543 3630 4599 hoc

2061 4629 2252 4684 saltem
2289 4631 2412 4683 loco
2436 4629 2752 4696 diligentius
2787 4644 2906 4698 qua:
2933 4627 3248 4684 referuntur
3275 4633 3513 4691 adverte.

2131 4721 2186 4776 2.
2232 4720 2480 4786 «Prima,
2521 4719 2781 4790 inquit",
2812 4735 2931 4775 sors
2973 4720 3111 4775 exiit
3153 4722 3346 4788 Chaat,
3382 4733 3436 4779 et
3458 4705 3623 4781 "facta

2059 4821 2137 4868 est
2182 4813 2307 4866 ﬁliis
2355 4811 2536 4866 Aaron
2599 4811 2901 4866 sacerdotis
2950 4813 3042 4880 qui
3089 4821 3208 4866 erat
3249 4813 3301 4867 in
3343 4812 3565 4871 Levitis.
3597 4835 3618 4869 ι

2061 4905 2228 4974 Cujus
2253 4906 2479 4976 primam
2521 4915 2721 4960 sortem
2750 4904 2903 4958 exire
2935 4903 3197 4959 decebat?
3219 4907 3302 4959 cui
3335 4910 3626 4977 oportebat

2062 5001 2328 5068 primatus
2362 4997 2500 5065 dari,
2531 4997 2636 5051 nisi
2686 4997 2865 5051 Aaron
2912 4997 3088 5066 primo
3133 4997 3402 5065 pontiﬁci,
3443 5001 3622 5069 primo

383 5102 694 5156 suburbana
749 5115 936 5154 earum
989 5097 1317 5151 animalibus
1359 5094 1578 5149 nostris.
1600 5113 1619 5146 ι
1659 5091 1960 5162 Oportebat
2055 5093 2111 5146 in
2145 5091 2268 5144 vitae
2293 5089 2526 5154 meritis,
2560 5087 2737 5158 primo
2759 5087 2811 5141 in
2836 5086 3132 5143 honoribus
3155 5098 3212 5142 et
3233 5081 3624 5147 virtute?Cer—

384 5197 551 5252 etiam
590 5195 657 5248 de
702 5193 1028 5248 suburbanis
1054 5200 1110 5245 et
1136 5191 1205 5245 de
1239 5189 1548 5244 civitatibus
1578 5196 1781 5241 sortem
1811 5183 1951 5248 ﬁeri,

386 5308 454 5348 ne
486 5289 651 5363 454
675 5288 816 5343 forte
845 5287 1142 5342 indiscrete
1190 5293 1248 5339 et
1296 5282 1522 5336 fortuitu
1563 5282 1705 5336 inter
1737 5278 1956 5334 Levitas

2058 5194 2167 5236 tum
2190 5179 2437 5248 estapud
2465 5185 2518 5233 te
2553 5191 2697 5232 nunc
2725 5178 2919 5232 saltem
2951 5178 3092 5246 quod
3124 5193 3230 5232 non
3275 5180 3347 5233 sit
3368 5194 3488 5234 sors
3513 5180 3620 5237 ista

2055 5274 2296 5336 fortuita,
2342 5273 2434 5327 sed
2475 5271 2616 5326 adsit
2653 5270 2829 5324 virtus
2873 5284 3127 5340 superna,
3156 5271 3463 5341 gubernans
3499 5287 3618 5326 eam

387 5361 663 5439 celebrata
713 5381 905 5435 divisio
959 5378 1260 5432 videretur.
1296 5374 1452 5430 Sicut
1482 5388 1611 5442 ergo
1640 5372 1953 5426 distributio
2051 5368 2350 5438 secundum
2383 5366 2582 5420 divina:
2627 5361 2996 5432 providentia:
3019 5362 3303 5429 judicium.
3347 5363 3457 5420 Ubi-
3487 5380 3620 5434 ergo

389 5480 553 5534 sortis
583 5492 702 5546 qua:
733 5476 875 5530 facta
907 5482 994 5528 est
1023 5473 1076 5527 in
1105 5471 1229 5526 ﬁliis
1258 5468 1446 5534 Israel,
1469 5467 1658 5522 habuit
1683 5467 1949 5521 rationem

492 5592 533 5625 ⁸³
567 5591 730 5647 Eccli.
761 5606 842 5656 ιιι,
873 5589 968 5644 20.
1060 5589 1106 5621 ‘°
1128 5588 1294 5644 Eccli.
1326 5603 1497 5655 xxxu,
1523 5589 1574 5641 I.

2051 5465 2179 5518 liliis
2215 5461 2397 5516 Aaron
2427 5459 2600 5530 prima
2630 5455 2937 5512 habitacula
2961 5471 3088 5530 sors
3116 5456 3228 5514 haec
3251 5457 3399 5529 justa
3429 5459 3621 5514 decer-

1649 5584 1695 5617 "
1727 5583 1841 5642 Jos.
1870 5601 1984 5651 xxr,
2008 5583 2061 5640 2.
2139 5583 2183 5614 “
2211 5579 2342 5635 ibid.
2369 5579 2416 5636 4.

458 5727 565 5804 (Η)
601 5732 853 5786 Dominus
874 5729 1050 5788 Iesus.
1084 5731 1246 5789 Deest
1274 5732 1327 5788 in
1362 5731 1494 5787 libb.
1527 5732 1701 5800 editis,
1729 5730 1820 5787 sed
1860 5729 2052 5801 legitur
2082 5728 2134 5785 in
2170 5725 2456 5796 Sangerm.
2491 5736 2595 5777 ms.
