4050 6148
431 281 536 336 983

1883 260 2202 322 ORIGENIS

3555 247 3656 302 9N

433 392 546 448 nit?
583 409 602 442 ι
626 391 680 445 1η
726 389 888 451 tribu,
940 385 1203 455 inquit",
1231 382 1402 448 Iudae,
1452 384 1503 438 in
1543 384 1684 437 tribu
1737 379 1988 440 Simeon,
2019 383 2066 437 Α
2093 375 2364 437 cerdotes,
2402 373 2496 426 sed
2528 370 2669 426 inter
2707 377 2931 423 cmteros
2963 367 3192 437 primam
3239 373 3415 418 tamen
3454 363 3654 430 accepit

433 493 489 538 et
536 483 586 536 in
634 481 772 534 tribu
810 476 1114 544 Benjamin,
1161 490 1258 544 per
1303 483 1475 529 sortes
1515 473 1768 529 civitates
1823 471 1993 524 trede-

433 578 563 631 cim.
588 591 606 624 ι
642 570 804 626 Vides
829 568 1099 640 quomodo
1127 566 1318 622 electis
1357 567 1488 621 viris
1518 566 1575 620 in
1613 564 1802 619 electis
1826 564 1997 617 tribu-

435 665 536 719 bus
567 661 874 716 habitacula
905 659 1305 726 dispensantur.
1354 656 1501 724 Quos
1533 665 1714 709 autem
1757 652 1998 721 Oportuit

435 753 721 808 secundam
786 761 989 806 sortem
1058 748 1369 818 suscipere?
1429 747 1661 808 «Filios,
1738 744 1994 813 inquit“,

433 845 626 907 Chaat,
655 843 745 912 qui
779 841 968 911 reliqui
993 849 1151 896 erant
1188 849 1306 909 post
1331 839 1468 892 ﬁlios
1490 838 1691 890 Aaron.
1720 856 1738 888 ι
1766 835 1831 889 Ει
1862 849 1996 903 quas

437 931 609 985 tribus
635 933 720 985 isti
744 930 1051 1000 accipiunt?
1079 929 1163 982 «In
1191 929 1358 994 tribu,
1383 927 1574 998 inquit,
1594 926 1852 996 Ephrem,
1870 924 1994 977 etin

439 1025 580 1078 tribu
615 1023 753 1088 Dan,
787 1033 842 1078 et
890 1024 942 1077 in
979 1023 1201 1077 dimidia
1245 1022 1385 1076 tribu
1429 1020 1699 1084 Manassc,
1744 1019 1994 1073 civitates

437 1116 619 1168 decem
656 1128 752 1183 per
783 1123 1009 1169 sortem.
1033 1132 1052 1165 ι
1100 1113 1201 1180 Qui
1233 1122 1357 1169 sunt
1390 1122 1570 1167 autem
1607 1110 1794 1165 tertii?
1825 1127 1843 1160 ι
1872 1108 1996 1163 Filii

437 1205 711 1262 Gerson.»
765 1203 833 1259 Et
894 1205 948 1258 in
996 1204 1193 1274 quibus
1248 1202 1501 1257 tribubus
1555 1201 1898 1256 sortiuntur?
1943 1203 1995 1254 in

445 1296 750 1360 rlssachar,
785 1294 1043 1365 inquit“,
1076 1304 1129 1348 et
1156 1294 1292 1348 Aser
1333 1301 1387 1348 et
1423 1291 1792 1362 Nephtbalim,
1843 1303 1899 1346 et
1945 1293 1998 1346 in

442 1389 660 1444 dimidia
699 1390 841 1442 tribu
895 1386 1163 1450 Manasse,
1215 1400 1334 1454 qua:
1374 1394 1459 1439 est
1493 1385 1545 1439 in
1578 1385 1776 1448 Basan,
1811 1384 1998 1438 itidem

443 1483 692 1536 civitates
725 1479 1006 1533 duodecim
1032 1477 1165 1549 (12).
1192 1495 1208 1529 ι
1241 1477 1343 1544 Qui
1373 1487 1498 1532 sunt
1523 1488 1700 1531 autem
1733 1475 1904 1529 ultimi
1947 1476 1998 1529 in

439 1569 683 1626 Levitis?
723 1589 738 1620 ιι
763 1569 905 1633 Filii,
949 1569 1142 1637 inquit,
1193 1566 1408 1621 Merari.
1437 1587 1457 1620 ι
1494 1566 1584 1621 Isti
1629 1567 1908 1621 novissimi
1948 1567 2000 1619 in

441 1663 635 1731 quibus
689 1660 958 1730 accipiant
1001 1661 1277 1724 tribubus,
1319 1662 1616 1738 videamus.
1665 1678 1684 1710 ‹
1713 1659 1787 1713 Ex
1833 1659 1996 1722 tribu,

445 1728 704 1817 inquit“,
740 1728 929 1802 Ruben
968 1757 1121 1802 trans
1171 1728 1457 1804 Jordanem
1496 1757 1551 1803 et
1581 1747 1715 1812 Gad,
1753 1749 1842 1816 qui
1887 1757 2003 1802 erat
2032 1728 2074 1782 Β

444 1857 566 1894 cum
611 1841 728 1909 ipso
755 1849 906 1896 trans
930 1838 1240 1905 Jordanem,
1271 1850 1325 1894 et
1350 1842 1414 1896 de
1450 1841 1589 1894 tribu
1619 1839 1881 1902 Zabulon,
1915 1840 2004 1907 qui

443 1941 501 1986 et
553 1932 666 2001 ipse
706 1931 926 1985 ultimus
959 1939 1040 1984 est
1088 1931 1226 1984 inter
1266 1931 1407 1986 ﬁlios
1461 1930 1589 1996 Lize,
1631 1930 1905 1999 accipiunt
1954 1929 2008 1982 in

445 2033 592 2077 sorte
621 2022 869 2078 civitates
890 2022 1192 2077 duodecim.
1209 2047 1226 2077 ι

517 2112 570 2168 5.
615 2114 718 2168 Sed
751 2115 986 2168 nondum
1009 2129 1072 2168 ea
1098 2129 1215 2183 quae
1241 2113 1414 2181 magis
1437 2113 1768 2168 observanda
1795 2121 1921 2168 sunt
1953 2112 2008 2166 in

448 2205 581 2261 locis
613 2206 936 2276 contigimus
962 2205 1074 2276 (l5)
1103 2221 1116 2256 :
1146 2205 1212 2260 de
1242 2206 1441 2276 quibus
1471 2206 1633 2262 etiam
1677 2206 1723 2261 si
1774 2207 2012 2275 pandere

447 2297 796 2369 profundiora
828 2313 933 2352 non
965 2313 1271 2367 possumus,
1298 2297 1490 2353 saltem
1533 2312 1744 2352 summa
1781 2312 2011 2366 quaeque

450 2390 820 2458 perstringere
869 2405 976 2444 non
1026 2390 1228 2460 pigebit
1258 2389 1393 2459 (id),
1431 2399 1490 2443 ut
1534 2405 1600 2445 ex
1628 2391 1696 2445 iis
1727 2391 2012 2460 unusquis-

451 2495 556 2550 que
588 2484 890 2537 auditorum
921 2485 1261 2536 occasionem
1312 2482 1493 2551 capiat
1524 2482 1891 2552 intelligentiae
1934 2482 2012 2537 al-

453 2576 607 2630 tioris
629 2585 682 2630 et
705 2576 943 2644 mysticae
972 2575 1365 2644 perquirendtr'.
1407 2575 1541 2629 Cum
1576 2585 1806 2644 quatuor
1832 2585 2013 2645 partes

453 2669 562 2724 sint
593 2669 738 2723 orbis
777 2681 958 2731 terrm,
988 2668 1160 2723 Chaat
1185 2669 1396 2737 accepit
1426 2679 1628 2724 sortem
1679 2669 1887 2738 primus
1927 2668 2014 2722 in-

456 2770 540 2816 ter
590 2759 727 2816 ﬁlios
771 2758 899 2814 Levi
931 2776 959 2814 a
993 2774 1144 2830 parte
1187 2761 1418 2815 orientis
1465 2776 1584 2816 cum
1615 2760 1736 2826 illis
1771 2759 2016 2816 tribubus

453 2865 573 2920 quae
605 2859 661 2903 et
700 2851 826 2917 ipsae
872 2851 1164 2920 primatum
1200 2852 1442 2905 omnium
1484 2861 1688 2907 tenent.
1714 2851 1844 2906 Vide
1886 2866 2014 2922 ergo

455 2942 722 3009 quomodo
769 2941 1019 2995 universa
1070 2942 1416 2996 conveniunt.
1471 2942 1524 2995 In
1584 2951 1818 3011 quatuor
1869 2943 2017 2997 orbis

455 3034 701 3102 partibus
735 3043 939 3087 certum
971 3041 1054 3086 est
1093 3033 1412 3087 orientalem
1447 3033 1655 3103 plagam
1696 3035 2014 3089 nobiliorem
2044 3071 2085 3130 ϐ

457 3125 648 3190 videri,
675 3125 725 3178 in
761 3139 864 3192 qua
887 3132 941 3177 et
975 3122 1207 3177 nobilior
1233 3125 1471 3178 omnium
1506 3126 1838 3194 reliquarum
1867 3125 2016 3180 Judae

459 3217 630 3270 tribus
662 3217 961 3269 habebatur
994 3231 1006 3266 :
1034 3223 1087 3269 et
1120 3214 1212 3268 ﬁlii
1246 3216 1418 3270 Chaat
1451 3218 1749 3272 sacerdotis
1787 3218 2015 3284 primam

457 3308 659 3360 ducunt
696 3306 746 3359 in
778 3306 970 3374 primis
998 3315 1055 3360 et
1085 3307 1329 3363 tribubus
1371 3316 1424 3362 et
1455 3309 1605 3364 orbis
1634 3309 1878 3379 partibus
1903 3310 2016 3383 (15)

459 3408 688 3462 sortem,
715 3412 837 3451 cum
880 3396 1086 3452 Gerson
1116 3407 1169 3453 et
1200 3398 1392 3453 Merari
1431 3399 1521 3470 qui
1553 3408 1708 3454 erant
1746 3401 1903 3469 primi
1934 3402 2017 3456 in-

463 3499 546 3544 ter
581 3489 720 3543 ﬁlios
766 3488 914 3542 Levi.
956 3488 1047 3543 Sic
1081 3504 1208 3559 ergo
1239 3499 1346 3545 tres
1380 3489 1478 3544 ﬁlii
1522 3491 1681 3561 primi
1717 3490 1846 3546 Levi
1878 3494 2022 3548 acci-

462 3585 616 3653 piunt
638 3583 978 3636 orientalem.
1012 3581 1359 3636 Occidentem
1389 3597 1517 3638 vero
1557 3585 1649 3638 ubi
1681 3595 1799 3640 erat
1829 3585 2017 3640 Ruben

462 3687 518 3730 et
546 3675 764 3729 Simeon
793 3685 847 3729 et
875 3673 1010 3739 Gad,
1051 3675 1280 3729 sortitur
1322 3676 1556 3729 secunda
1584 3685 1732 3732 sorte
1761 3678 1929 3732 Chaat
1956 3695 2022 3734 ex

466 3767 612 3821 tribu
665 3765 950 3820 Simeonis.
987 3765 1181 3820 Merari
1209 3779 1337 3820 vero
1364 3766 1600 3835 primum
1645 3770 1873 3825 sortitur
1917 3769 2024 3822 lto.

464 3856 592 3923 ben,
619 3865 672 3911 et
699 3858 888 3910 iterum
917 3855 1112 3910 Merari
1149 3857 1339 3911 tertius
1362 3857 1414 3910 in
1450 3857 1703 3913 Numeris
1729 3860 1796 3914 ab
1817 3860 2024 3915 oriente

464 3949 673 4016 accepit
723 3948 985 4012 Zabulon,
1025 3957 1084 4001 ut
1124 3946 1331 4014 justitia
1387 3959 1654 4015 servetur,
1701 3961 1757 4005 ut
1789 3962 1935 4008 sorte
1959 3968 2022 4007 ea

465 4053 586 4108 quae
642 4037 936 4092 secundum
976 4037 1259 4092 Dominum
1308 4038 1545 4103 ducitur,
1591 4047 1644 4095 et
1681 4043 2020 4097 credentium

467 4139 676 4187 mentes
723 4128 788 4182 ad
840 4126 1097 4197 mysteria
1129 4124 1293 4181 futuri
1323 4129 1504 4182 saeculi
1540 4130 1742 4199 dirigat
1771 4140 2024 4186 contuen-

469 4221 556 4276 da.
610 4219 738 4274 Post
795 4217 910 4271 haec
958 4230 1147 4270 eorum
1185 4216 1275 4286 qui
1328 4217 1395 4272 ad
1441 4234 1591 4273 mare
1640 4229 1819 4286 erant,
1849 4221 1902 4276 id
1940 4230 2023 4277 est

467 4308 701 4382 Ephrem
755 4315 812 4363 et
886 4305 1164 4374 Benjamin
1215 4316 1270 4362 et
1315 4307 1608 4376 Manasse,
1669 4309 1843 4364 Chaat
1902 4327 2023 4366 cum

468 4399 796 4468 suscepisset
845 4398 1082 4452 secunda
1167 4406 1315 4453 sorte
1363 4397 1664 4468 Benjamin,
1720 4401 1898 4456 caeteri
1955 4417 2022 4456 ex
2056 4419 2101 4474 ι)

470 4490 674 4545 familia
727 4488 845 4559 ejus
901 4488 1082 4543 sortiti
1132 4498 1262 4543 sunt
1314 4489 1570 4550 Ephrem.
1627 4491 1754 4548 Post
1798 4493 1903 4547 hoc
1931 4509 2026 4549 eos

469 4583 560 4650 qui
619 4588 777 4635 erant
836 4594 902 4633 ex
966 4579 1141 4633 media
1189 4578 1329 4632 tribu
1386 4579 1638 4636 Manasse
1666 4598 1787 4652 quae
1832 4582 2024 4639 fuitin

465 4671 630 4746 555
668 4683 808 4728 terra
843 4681 1026 4726 sancta
1062 4670 1291 4725 sortitur
1323 4670 1556 4738 Gerson,
1589 4683 1644 4728 et
1674 4676 1879 4745 ;iterum
1917 4677 2030 4746 ipse

468 4769 682 4826 Gerson
722 4767 948 4822 sortitur
983 4765 1148 4819 etiam
1181 4762 1340 4816 aliam
1372 4763 1646 4818 dimidiam
1685 4765 1884 4820 tribum
1912 4765 2029 4819 Ma-

469 4871 648 4911 nasse.
689 4855 793 4908 Sed
819 4853 943 4922 quia
973 4853 1256 4920 oportebat
1289 4865 1384 4906 eos
1403 4852 1494 4920 qui
1521 4864 1676 4907 erant
1704 4855 1755 4908 in
1780 4857 2031 4924 aquilone

471 4947 675 5017 aliquid
726 4945 1077 5000 sacerdotalis
1127 4945 1312 5013 gratiae
1365 4947 1646 5015 consequi,
1701 4963 1769 5001 ne
1819 4950 2029 5017 penitus

469 5037 664 5095 nudari
694 5036 852 5090 donis
881 5034 1193 5090 ccelestibus
1220 5036 1556 5102 viderentur,
1590 5037 1643 5091 in
1689 5038 1755 5093 iis
1796 5055 2028 5108 quorum

471 5130 801 5188 novissimus
825 5129 958 5181 ordo
997 5135 1115 5180 erat
1154 5127 1207 5180 in
1239 5128 1507 5197 aquilone,
1558 5129 1608 5183 id
1639 5139 1722 5184 est
1763 5129 1896 5191 Dan.
1927 5129 2030 5186 Ne-

471 5222 758 5298 pbtbalim,
777 5220 945 5272 Aser:
980 5232 1194 5272 rursum
1211 5218 1382 5273 Chaat
1407 5233 1511 5274 non
1540 5221 1754 5289 quidem
1779 5221 1918 5274 inter
1941 5235 2028 5275 sa-

540 5340 723 5396 ιιιοε.
765 5319 976 5403 κιί,4.
1050 5335 1334 5393 “ibid.5.
1406 5337 1699 5394 "ibid.6.
1787 5337 1987 5393 “ibid.
2019 5337 2073 5392 7.

545 5480 659 5549 (l2)
687 5479 866 5549 Code;
898 5475 1204 5549 Sange_rm.,
1232 5495 1264 5549 ,ε
1287 5476 1588 5536 duodecim.
1615 5499 1636 5533 ι
1667 5477 1822 5534 Libb.
1865 5479 2020 5543 editi,

471 5546 770 5676 ganeum"...
830 5547 1182 5616 Septuaginta
1229 5546 1554 5616 interpretes
1615 5550 1777 5604 hodie
1826 5551 2031 5606 habent

533 5636 799 5692 καῖρε-εις.-
893 5687 922 5692 _
1398 5689 1408 5692 _
1453 5689 1462 5692 Α
1686 5689 1707 5692 _
1736 5691 1800 5692 7H
1926 5690 1957 5692 ἡ
1993 5689 2002 5692 _

549 5687 660 5764 (15)
694 5689 869 5745 Codex
889 5687 1197 5758 Sangerm.,
1228 5707 1246 5742 ι
1269 5689 1609 5759 contigimus.
1635 5710 1652 5744 ι
1684 5689 1844 5746 Libb.
1876 5689 2029 5758 editi,
2101 5761 2120 5772 .

2096 477 2297 522 sortem
2348 467 2400 519 in
2437 463 2572 526 Dan,
2624 462 2914 516 secundam
2959 475 3090 514 vero
3136 458 3345 514 Gerson
3395 455 3449 509 in
3504 455 3682 518 Aser,

2097 567 2152 614 et
2181 561 2396 613 tertiam
2424 556 2562 611 idem
2591 553 2796 609 Gerson
2830 553 2881 606 in
2913 550 3277 622 Nephlhalim.

2165 649 2222 702 4.
2254 648 2384 715 Quis
2414 655 2591 715 potest
2615 645 2830 714 assequi
2866 645 2981 698 haec
3011 643 3190 697 omnia
3217 651 3272 694 et
3305 637 3663 707 comprehen-

2097 740 2256 795 dere?
2281 739 2413 806 Quis
2442 737 2748 791 meminisse
2777 735 2967 789 saltem
3001 743 3056 788 et
3083 734 3373 786 observare
3417 729 3660 783 ordinem

2098 832 2271 902 ipsum
2307 828 2730 883 ministeriorum
2762 825 2944 879 valet?
2991 822 3142 890 Quod
3169 822 3213 876 si
3250 821 3544 875 secundum
3579 817 3664 870 lit-

2099 930 2267 976 teram
2301 919 2473 974 solum
2504 918 2724 974 difﬁcile
2765 926 2950 972 textus
2994 916 3107 984 ipse
3139 912 3466 967 narrationis
3493 908 3661 978 expli-

2098 1014 2211 1069 cari
2245 1020 2441 1083 potest,
2471 1020 2525 1064 et
2553 1010 2834 1081 permistio
2865 1008 2947 1061 vel
2985 1008 3250 1066 locorum,
3295 1003 3378 1057 vel
3405 1013 3659 1071 persona-
3708 1019 3715 1022 -

2101 1122 2244 1172 rum,
2275 1120 2393 1174 quae
2424 1104 2477 1157 in
2514 1102 2736 1157 historia
2771 1100 3140 1160 continentur,
3167 1094 3336 1150 evolvi
3363 1111 3377 1158 ;
3425 1091 3552 1161 quid
3585 1091 3662 1142 di-

2099 1197 2273 1251 cimus
2316 1195 2383 1248 de
2410 1194 2476 1248 iis
2507 1191 2882 1253 sacramentis,
2913 1204 3034 1258 quae
3077 1202 3172 1256 per
3206 1187 3322 1240 haac
3350 1183 3660 1238 describun-

2103 1297 2192 1342 tur
2239 1296 2294 1340 et
2341 1285 2394 1339 in
2430 1285 2628 1354 quibus
2657 1281 3070 1337 distributiones
3112 1276 3308 1330 futurae
3334 1272 3662 1328 hmreditatis

2103 1380 2512 1440 adumbrantur,
2544 1385 2598 1430 et
2627 1390 2721 1444 per
2751 1389 2871 1443 quae
2904 1380 3103 1426 sanctae
3135 1380 3292 1425 terra:
3318 1381 3481 1433 quam
3516 1379 3664 1416 ruan-

2102 1470 2240 1523 sneti
2289 1470 2605 1524 haereditate
2648 1466 2964 1533 suscipient.
3023 1461 3216 1515 divisio
3267 1452 3663 1512 celebrabitur?

2104 1558 2234 1626 Quis
2279 1570 2580 1613 castrorum
2637 1555 2795 1610 sedes
2842 1555 3082 1608 diversas
3110 1549 3370 1618 explicet,
3399 1543 3667 1615 quomodo

2105 1652 2220 1705 haec
2246 1651 2299 1705 in
2331 1647 2754 1704 ressurrectione
2789 1659 2884 1714 per
2917 1641 3156 1712 singulos
3189 1653 3432 1708 quosque
3461 1646 3666 1691 sancto-

2108 1757 2235 1795 rum
2253 1739 2571 1795 sacerdotali
2594 1738 2676 1793 vel
2699 1736 2939 1791 Levitico
2968 1733 3158 1788 ordine
3186 1731 3432 1786 habenda
3463 1728 3534 1782 sit
3564 1727 3668 1781 disp

2109 1831 2348 1896 tributio,
2381 1839 2457 1893 ut,
2497 1826 2943 1896 quemadmodum
2991 1822 3121 1877 dicit
3146 1818 3454 1887 Apostolus,
3501 1817 3553 1869 in
3585 1832 3668 1869 re-

2107 1921 2440 1976 surrectione
2468 1935 2575 1973 non
2607 1919 2829 1972 confuse
2858 1923 3088 1985 agantur
3117 1911 3319 1973 omnia,
3367 1911 3460 1964 sed
3494 1908 3672 1961 veniat

2113 2011 2521 2080 «unusquisque
2591 2008 2646 2062 in
2717 2020 2816 2060 suo
2877 2004 3089 2067 ordine,
3139 2001 3352 2055 initium
3402 1996 3668 2062 Christus,

2109 2102 2303 2160 deinde
2328 2102 2364 2156 ii
2393 2101 2482 2171 qui
2513 2108 2640 2155 sunt
2673 2097 2898 2162 Christi,
2928 2096 3018 2164 qui
3054 2096 3107 2148 in
3149 2094 3378 2147 adventu
3407 2091 3524 2153 eius
3552 2102 3671 2144 crc-

2110 2195 2379 2259 diderunt,
2407 2208 2529 2249 cum
2563 2191 2844 2246 tradiderit
2880 2201 3102 2258 regnum
3137 2185 3246 2239 Deo
3275 2197 3329 2238 et
3355 2182 3523 2246 Patri,
3553 2195 3670 2233 cum

2109 2285 2399 2354 subiecerit
2424 2283 2471 2338 ei
2495 2296 2706 2337 omnem
2729 2279 3112 2350 principatum,
3128 2285 3182 2330 et
3203 2283 3521 2344 potestatem
3541 2269 3624 2322 "1'
3647 2288 3667 2320 ι

2109 2378 2188 2432 lbi
2233 2378 2352 2430 sine
2382 2374 2544 2429 dubio
2575 2372 2706 2426 tales
2737 2371 2979 2440 quaedam
3013 2375 3314 2422 castrorum
3354 2361 3675 2417 observatio.

2112 2484 2230 2535 nes,
2280 2476 2333 2522 et
2367 2463 2733 2520 sacerdotales
2765 2459 3194 2521 distributiones,
3242 2454 3568 2517 etordines,
3612 2466 3673 2506 ac

2113 2559 2360 2615 tubarum
2395 2555 2816 2624 signiﬁcationes
2851 2562 3010 2606 erunt
3043 2569 3057 2604 :
3097 2548 3341 2604 fortassis
3367 2547 3511 2601 enim
3540 2545 3675 2598 sicut

2114 2649 2384 2706 ordinavit
2437 2649 2576 2702 Deus
2607 2646 2792 2702 stellas
2825 2645 2970 2708 coeli,
3022 2652 3077 2697 et
3109 2641 3407 2695 rationibus
3438 2653 3532 2692 eas
3560 2636 3675 2705 qui-

2113 2741 2340 2796 busdam
2371 2738 2633 2794 mirandis
2661 2747 2714 2791 et
2740 2734 3098 2790 ineffabilibus
3140 2730 3440 2795 collocavit,
3471 2737 3524 2781 et
3549 2727 3674 2780 alias

2114 2833 2332 2904 quidem
2366 2830 2601 2900 ipsarum
2653 2828 2844 2884 Statuit
2889 2827 2942 2880 in
2993 2840 3096 2879 axe
3128 2823 3415 2893 aquilonis,
3459 2820 3594 2874 alias
3623 2820 3671 2872 in

2116 2924 2359 2995 partibus
2387 2921 2632 2985 orientis,
2684 2919 2819 2974 alias
2864 2933 2996 2974 vero
3024 2917 3076 2970 in
3108 2914 3331 2970 australi
3376 2922 3527 2982 parte
3555 2925 3676 2964 con-

2117 3030 2275 3078 vexa,
2327 3022 2488 3080 atque
2535 3011 2668 3064 alias
2721 3010 2773 3063 in
2828 3023 3024 3062 occasu
3069 3025 3084 3061 :
3129 3007 3202 3060 ita
3241 3004 3404 3058 credo
3452 3003 3591 3071 quod
3625 3009 3676 3052 et

2119 3122 2210 3161 eos
2227 3107 2318 3176 qui
2345 3120 2410 3159 ex
2429 3102 2822 3158 resurrectione
2849 3109 3181 3154 mortuorum
3211 3097 3341 3150 tales
3361 3104 3542 3159 erunt,
3572 3094 3674 3149 sic-

2121 3207 2183 3251 ut
2227 3196 2393 3250 stellae
2440 3193 2562 3250 eceli
2608 3193 2661 3245 in
2711 3190 3053 3244 multitudine
3086 3197 3141 3242 et
3175 3187 3439 3251 claritate,
3473 3185 3679 3237 venien-

2121 3300 2202 3346 tes
2227 3292 2437 3346 scilicet
2483 3301 2549 3342 ει
2579 3285 2787 3345 semine
2816 3282 3108 3345 Abraham,
3149 3278 3421 3335 ordinabit
3452 3279 3592 3334 Deus
3626 3276 3678 3328 in

2121 3397 2289 3452 regno
2326 3381 2611 3444 cmlorum,
2659 3376 2954 3432 secundum
3002 3373 3250 3430 ordinem
3303 3369 3580 3426 stellarum
3627 3377 3681 3424 et

2121 3473 2354 3544 partium
2391 3472 2512 3528 caeli
2549 3486 2563 3524 :
2600 3479 2654 3524 et
2685 3468 2833 3524 dabit
2880 3467 3001 3520 aliis
3033 3475 3235 3536 sortem
3279 3464 3345 3518 ad
3394 3463 3677 3525 orientem,

2122 3565 2240 3620 aliis
2266 3566 2331 3618 ad
2365 3564 2723 3622 occidentem,
2764 3560 2830 3612 ad
2865 3567 3108 3612 austrum
3142 3555 3290 3622 aliis,
3319 3564 3371 3607 et
3401 3569 3538 3623 quos
3569 3554 3680 3620 ipse

2122 3656 2272 3711 novit
2294 3665 2495 3710 statuet
2521 3653 2586 3706 ad
2614 3650 2921 3720 aquiIOnem
2947 3663 2963 3702 :
2987 3647 3239 3716 quoniam
3266 3646 3480 3715 quidem
3513 3662 3532 3695 ι
3559 3641 3681 3694 nmi-

2125 3747 2162 3801 ti
2194 3748 2412 3801 venient
2435 3744 2503 3799 ab
2536 3745 2749 3799 oriente
2779 3753 2835 3797 et
2861 3742 3158 3806 occidente,
3183 3757 3202 3790 ι
3241 3755 3307 3794 ex
3340 3750 3573 3808 quatuor
3598 3751 3679 3789 or-

2124 3838 2205 3892 bis
2236 3838 2495 3906 partibus,
2542 3855 2560 3888 ι
2587 3844 2641 3891 et
2674 3834 2986 3890 recumbent
3015 3847 3132 3886 cum
3161 3829 3430 3884 Abraham
3460 3838 3515 3882 et
3539 3827 3683 3881 Isaac

2123 3940 2176 3984 et
2203 3927 2367 3984 Jacob
2397 3930 2448 3982 in
2477 3945 2643 3998 regno
2673 3928 2932 3984 coelor'um
2955 3927 3024 3992 ⁸⁸,
3047 3943 3065 3976 ι
3096 3938 3191 3992 per
3220 3923 3447 3994 gratiam
3473 3921 3679 3974 Domini

2125 4021 2292 4075 nosui
2341 4019 2464 4075 .Iesu
2509 4020 2736 4086 Christi,
2796 4020 2881 4074 cui
2917 4027 3002 4074 est
3045 4017 3212 4089 gloria
3241 4024 3294 4071 et
3319 4015 3601 4084 imperium
3631 4014 3680 4066 in

2126 4113 2326 4168 saecula
2363 4111 2701 4168 saeculorum.
2741 4111 2930 4165 Amen.

2656 4223 2928 4282 HOMlLlA
2959 4222 3146 4278 XXVI.

2128 4321 2205 4376 De
2253 4337 2311 4376 eo
2343 4321 2481 4390 quod
2519 4320 2731 4385 sepultae
2773 4329 2894 4374 sunt
2938 4320 3156 4384 pctrime
3201 4319 3497 4390 chhwrre,
3540 4315 3686 4368 etde

2199 4408 2295 4444 ara
2336 4389 2490 4460 quam
2519 4398 2893 4460 exstruxerunt
2919 4393 3038 4444 dua:
3068 4399 3117 4444 et
3161 4389 3314 4442 semis
3346 4389 3536 4452 tribus,
3571 4400 3686 4456 qua:

2198 4471 2315 4515 sunt
2345 4459 2486 4512 trans
2517 4459 2823 4515 Jordanem.

2198 4571 2252 4624 1.
2282 4569 2338 4623 lu
2391 4569 2760 4637 superioribus
2809 4567 3025 4637 quidem
3057 4569 3258 4622 dictum
3290 4576 3392 4634 est,
3422 4567 3553 4636 quia
3593 4564 3684 4618 ﬁlii

2129 4658 2295 4714 Israel
2319 4659 2582 4713 dederunt
2630 4669 2832 4713 sortem
2862 4657 2990 4714 Jesu
3039 4657 3096 4714 in
3130 4669 3311 4715 monte
3340 4659 3597 4728 Ephrem,
3633 4668 3688 4711 et

2131 4751 2254 4820 quia
2291 4761 2510 4820 accepta
2551 4759 2701 4805 sorte
2729 4749 2886 4805 Jesus
2912 4750 3259 4806 aediﬁcaverit
3285 4751 3355 4806 ibi
3391 4750 3683 4814 civitatem,

2133 4854 2187 4900 et
2219 4845 2602 4900 inhabitaverit
2635 4845 2688 4898 in
2736 4859 2819 4898 ea.
2877 4842 3030 4899 Nunc
3075 4854 3252 4898 autem
3280 4845 3467 4898 eadem
3515 4843 3688 4896 denuo

2138 4944 2331 5014 repetit
2358 4943 2658 5012 Scriptura,
2686 4954 2745 4999 ut
2771 4943 2934 4999 addat
2955 4945 3058 4998 hoc
3086 4942 3228 5011 quod
3267 4937 3563 4992 machatras
3599 4949 3691 5004 pe-

2137 5037 2328 5099 trinas,
2382 5036 2434 5090 id
2483 5045 2565 5090 est
2612 5037 2814 5091 cultros
2859 5052 2890 5090 e
2933 5049 3064 5090 saxo
3108 5033 3306 5103 quibus
3353 5027 3687 5084 circumcidit

2133 5127 2289 5183 Jesus
2316 5127 2456 5182 ﬁlios
2478 5125 2642 5182 Israel
2671 5129 2724 5182 in
2760 5143 2962 5194 eremo,
2995 5123 3362 5183 recondiderit
3391 5123 3442 5175 in
3469 5135 3534 5174 ea
3561 5118 3689 5174 civi-

2139 5228 2246 5274 tate
2276 5233 2435 5286 quam
2480 5219 2862 5285 aediﬁcaverat,
2895 5220 3029 5275 etin
3067 5231 3172 5287 qua
3202 5214 3504 5270 habitabat.
3544 5209 3689 5266 Unde

2150 5338 2194 5368 ⁸⁷
2231 5337 2252 5391 l
2280 5336 2404 5392 Cor.
2432 5351 2524 5404 xv,
2557 5335 2648 5403 25,
2675 5337 2766 5391 24.
2838 5337 2884 5368 ‘3
2909 5335 3102 5390 Matth.
3134 5348 3252 5399 vm,
3290 5331 3377 5385 li.

2135 5491 2154 5526 ι
2179 5478 2560 5542 contingimus.
2588 5495 2606 5527 ι
3192 5541 3208 5542 ί
3238 5540 3265 5542 ,_
3290 5539 3302 5542 _
3657 5530 3669 5542 .

2173 5542 2323 5670 egit),
2351 5539 2481 5602 Cod.
2514 5548 2821 5617 Sangerm.,
2851 5563 2869 5595 ι
2889 5543 3111 5615 pigebit.
3134 5562 3151 5592 ι
3190 5539 3345 5596 Libb.
3373 5542 3527 5602 editi,
3577 5550 3592 5581 ε
3622 5539 3697 5600 pi-

2137 5629 2328 5760 gezzil‘i’)
2349 5687 2497 5746 Unus
2519 5683 2880 5752 Ebroiccnsis,
2911 5700 2929 5734 ι
2949 5683 3205 5738 extribus
3224 5679 3371 5738 orbis
3395 5678 3685 5749 partibus.)
