4050 6148
375 261 475 317 945

1371 262 1435 318 IN
1475 261 1732 317 LIBRUM
1761 260 1926 318 JESU
1968 259 2155 314 NAVE
2193 258 2475 315 IIOMILIA
2506 259 2690 315 XXVI.

3513 263 3616 319 9.56

376 379 551 432 denuo
585 386 640 432 et
667 375 830 433 nouis
854 379 1141 447 repetenda
1173 379 1438 449 expositio
1470 388 1572 444 est,
1597 389 1651 433 et
1676 379 1815 446 quod
1849 378 1943 430 ad-
1970 382 2013 437 Α
2044 378 2174 445 petit
2197 376 2352 432 Jesus
2385 377 2495 448 (‘21)
2544 387 2597 432 et
2649 377 2884 446 accepit;
2930 378 2980 432 in
3033 378 3152 433 loco
3192 395 3350 448 quem
3379 381 3620 451 possidet

374 471 570 541 jectum
621 479 704 524 est
735 469 1158 538 explanandum,
1209 480 1270 525 ut
1315 472 1424 525 Deo
1470 471 1704 524 donante
1753 483 1946 522 sensus

377 560 674 629 Scriptum
701 561 909 630 integer
928 562 1232 630 expleatur.
1270 561 1513 616 Diximus
1535 562 1679 616 enim
1709 562 1762 614 in
1790 577 1947 630 snpe-

376 651 636 716 rioribus,
692 653 818 720 quia
868 663 926 706 et
957 652 1215 709 Dominus
1265 661 1450 708 noster
1495 651 1654 707 Jesus
1698 651 1946 706 Christus

376 741 492 811 (l6)
526 751 674 812 petat
707 759 736 798 a
770 744 924 799 nobis
974 745 1151 799 locum
1185 760 1345 816 quem
1376 745 1628 809 aediﬁcet,
1660 753 1714 800 et
1749 743 1803 798 in
1840 758 1947 813 quo

378 833 584 888 habitet
617 857 628 892 :
679 844 735 890 et
769 837 894 906 quia
926 835 1191 892 debemus
1241 837 1374 890 tales
1419 835 1574 899 cllici,
1625 845 1730 888 tam
1761 834 1947 888 mundi

381 925 565 992 corde,
602 935 709 980 tam
739 925 1012 996 simplices
1060 935 1263 991 mente,
1297 936 1404 980 tam
1434 926 1606 980 sancti
1641 939 1866 994 corpore
1894 933 1949 980 et

377 1016 596 1081 spiritu,
623 1026 681 1071 ut
710 1025 766 1070 et
797 1018 848 1071 in
880 1019 1056 1071 anima
1089 1025 1335 1072 nostrum
1371 1016 1546 1071 locum
1583 1017 1831 1087 dignetur
1859 1031 1949 1070 ac-

378 1106 587 1174 cipere,
618 1117 673 1160 et
699 1107 968 1162 aediﬁcare
998 1123 1144 1171 eum,
1173 1118 1230 1163 et
1256 1108 1500 1162 habitare
1527 1107 1577 1160 in
1613 1122 1678 1160 eo
1706 1106 1839 1174 (I7).
1881 1106 1951 1161 Et

381 1197 473 1266 qui
501 1207 661 1266 putas
695 1209 825 1254 sunt
853 1203 905 1252 in
934 1201 1077 1254 omni
1105 1200 1304 1269 popqu
1333 1202 1404 1253 ita
1440 1198 1794 1268 acceptabiles
1816 1197 1947 1260 Deo,

386 1287 482 1357 qui
516 1288 582 1342 ad
611 1289 716 1343 hoc
767 1289 891 1357 eligi
938 1290 1082 1360 digni
1117 1291 1276 1345 sunt?
1316 1293 1422 1344 Aut
1451 1291 1590 1343 forte
1625 1304 1726 1344 nec
1755 1286 1949 1357 singuli

387 1382 453 1433 ad
487 1381 591 1435 hoc
623 1395 854 1449 capaces
888 1396 1012 1436 esse
1057 1392 1303 1451 possunt,
1337 1381 1429 1436 sed
1466 1380 1750 1434 universus
1785 1393 1950 1448 popu-

381 1471 465 1526 lus
495 1481 550 1524 et
575 1481 771 1526 cuncta
816 1472 976 1526 simul
1006 1471 1243 1528 Ecclesia
1276 1473 1366 1526 vix
1413 1487 1580 1542 capax
1611 1485 1729 1526 esse
1754 1479 1948 1540 potest,

381 1572 440 1616 ut
475 1564 700 1633 recipiat
731 1565 783 1618 in
815 1580 876 1622 se
903 1565 1189 1620 Dominum
1215 1565 1422 1632 Iesum,
1453 1575 1508 1620 et
1534 1564 1744 1619 habitet
1769 1564 1820 1618 in
1848 1564 1952 1618 ea?

384 1652 675 1707 Videamus
700 1669 831 1724 ergo
875 1656 997 1722 quis
1024 1656 1095 1710 sit
1139 1655 1241 1709 iste
1273 1655 1442 1718 locus,
1489 1655 1542 1708 in
1573 1669 1680 1724 quo
1703 1655 1948 1710 habitare

384 1746 542 1802 debet
571 1745 726 1801 Jesus
759 1765 771 1800 :
811 1764 831 1797 ‹
856 1746 912 1800 In
945 1756 1152 1810 monte,
1203 1746 1378 1815 inquit
1403 1745 1469 1812 ",
1501 1734 1762 1814 Ephrem,
1787 1763 1805 1796 ι
1851 1746 1955 1800 hoc

383 1849 466 1894 est
515 1838 568 1892 in
623 1849 804 1891 monte
843 1837 1142 1891 fructifera.
1186 1836 1288 1904 Qui
1339 1846 1498 1904 putas
1537 1844 1664 1890 sunt
1706 1837 1770 1889 'in
1802 1836 1983 1900 nobis,

387 1938 599 1984 montes
631 1927 898 1983 fructiferi
933 1929 984 1982 in
1016 1927 1214 1998 quibus
1249 1929 1458 1981 habitet
1485 1925 1682 1982 Jesus‘!
1718 1925 1797 1982 Illi
1829 1941 1957 1996 pro-

386 2022 526 2075 fecto
553 2021 603 2074 in
638 2019 836 2090 quibus
859 2026 983 2074 sunt
1012 2019 1220 2073 fructus
1252 2017 1498 2086 spiritus,
1526 2016 1802 2088 gaudium,
1830 2031 1954 2084 pax,

386 2113 672 2182 patientia,
706 2111 967 2174 charitas,
997 2122 1107 2165 etc.
1141 2108 1235 2164 Isti
1279 2124 1412 2180 ergo
1441 2117 1567 2162 sunt
1597 2117 1808 2162 montes
1843 2107 1958 2161 fru-

387 2205 590 2271 ctiferi,
642 2205 733 2274 qui
769 2202 1002 2256 fructum
1047 2200 1246 2256 Christi
1298 2200 1548 2263 afferunt,
1600 2211 1654 2254 et
1690 2209 1868 2252 mente
1895 2212 1958 2252 ac

388 2308 483 2362 spe
508 2307 725 2363 semper
749 2291 949 2346 excelsi
980 2300 1125 2345 sunt.
1167 2290 1234 2344 Et
1272 2290 1396 2344 licet
1424 2289 1576 2358 pauci
1608 2305 1726 2344 esse
1751 2287 1959 2358 possint

390 2384 547 2450 tales,
588 2393 763 2437 tamen
814 2386 860 2438 si
887 2382 972 2438 vel
1021 2382 1176 2453 pauci
1207 2381 1431 2446 fuerint,
1459 2382 1511 2436 in
1544 2380 1678 2450 ipsis
1707 2379 1956 2434 habitans

396 2476 654 2530 Dominus
680 2477 841 2541 Deus,
879 2476 967 2544 qui
1003 2488 1082 2528 εει
1108 2475 1198 2527 lux
1223 2487 1374 2538 vera,
1403 2472 1613 2528 emittet
1643 2469 1754 2542 (l8)
1780 2470 1957 2524 radios

393 2566 529 2622 lucis
561 2579 674 2620 suae.
704 2567 866 2620 etiam
901 2580 1064 2636 super
1112 2563 1348 2631 reliquos
1393 2577 1604 2625 omnes,
1654 2577 1790 2630 quos
1817 2574 1956 2614 non-

393 2659 518 2712 dum
548 2656 740 2725 dignos
771 2654 884 2728 (19)
918 2672 1015 2712 suo
1045 2652 1356 2711 habitaculo
1398 2651 1770 2724 principaliter
1813 2649 1958 2719 judi-

397 2747 555 2803 carit.

459 2840 519 2894 2.
551 2837 705 2893 Nunc
739 2847 917 2892 autem
946 2837 1222 2892 videamus
1251 2849 1369 2905 quae
1403 2843 1530 2888 sunt
1559 2831 1838 2886 machaerae
1867 2844 1959 2900 pe-

399 2930 575 2998 trinte,
635 2929 828 2999 quibus
882 2925 1223 2982 circumcidit
1267 2921 1423 2979 Jesus
1471 2921 1611 2975 ﬁlios
1659 2919 1842 2974 Israel.
1901 2920 1957 2974 Si

398 3023 565 3078 oretis
596 3036 695 3092 pro
723 3021 880 3076 nobis
927 3029 985 3073 nt
1013 3033 1193 3073 sermo
1227 3026 1412 3072 noster
1444 3015 1628 3069 vivens
1662 3013 1734 3068 sit
1760 3021 1816 3068 et
1844 3011 1950 3068 elli-

397 3113 602 3179 cacior,
655 3121 708 3168 et
741 3113 952 3167 acutior
981 3125 1144 3180 super
1186 3122 1401 3164 omnem
1450 3106 1795 3171 machaeram,
1827 3117 1966 3173 prae-

398 3206 566 3261 stabit
595 3214 650 3260 et
683 3203 840 3259 nobis
870 3203 1128 3258 Dominus
1152 3198 1331 3265 Jesus,
1366 3208 1425 3251 ut
1446 3197 1669 3251 verbum
1699 3194 1794 3249 Dei
1822 3191 1966 3263 quod

396 3297 674 3366 loquimur
705 3293 818 3365 (20)
850 3293 915 3347 ad
947 3309 1065 3360 vos,
1098 3289 1451 3347 circumcidat
1489 3303 1700 3343 omnem
1728 3287 1966 3341 immun-

400 3389 610 3452 ditiam,
640 3395 849 3442 resecet
868 3383 1230 3452 impnritates,
1253 3379 1537 3436 abscindat
1563 3379 1693 3433 vitia
1720 3378 1786 3432 de
1813 3376 1967 3432 audi-

403 3479 630 3544 toribus,
686 3487 741 3532 et
768 3483 1004 3544 amputet
1028 3487 1186 3528 omne
1216 3487 1326 3541 quo
1366 3471 1450 3525 vis
1477 3471 1672 3525 mentis
1704 3478 1758 3524 et
1787 3468 1968 3523 etlica-

401 3575 482 3629 cia
514 3569 778 3626 naturalis
807 3567 1079 3636 obtegitur
1104 3583 1117 3619 :
1144 3574 1197 3620 et
1225 3565 1302 3619 sic
1325 3577 1420 3633 per
1449 3563 1672 3616 verbum
1703 3560 1800 3617 Dei
1827 3561 1970 3630 quod

404 3680 546 3720 nunc
581 3664 845 3717 machaera
871 3660 1079 3729 petrina
1110 3657 1324 3720 dicitur,
1351 3652 1516 3726 456
1545 3652 1972 3707 circumcidemi-

405 3758 457 3811 ni
495 3767 549 3812 et
579 3771 673 3810 vos
724 3753 792 3808 ab
817 3751 946 3807 Jesu
994 3758 1047 3805 et
1081 3749 1333 3812 audietis,
1360 3748 1483 3816 quia
1514 3745 1737 3800 abstulit
1768 3757 1969 3814 oppro-

403 3848 582 3901 brium
614 3843 830 3914 ngypti
859 3857 890 3896 a
922 3840 1072 3895 vobis
1105 3838 1286 3894 hodie.
1324 3835 1462 3904 Quid
1484 3837 1627 3890 enim
1654 3834 1807 3890 nobis
1843 3850 1968 3904 pro-

407 3939 527 3992 dest
577 3937 755 3991 exisse
826 3934 894 3989 de
942 3933 1195 4003 Egypto,
1257 3937 1311 3983 et
1354 3929 1633 3983 nobiscum
1683 3925 1970 3995 opprobria

409 4029 628 4099 Egypti
662 4025 1054 4083 circumferre?
1109 4021 1248 4092 Quid
1296 4021 1516 4090 prodest
1564 4019 1847 4073 ambulare
1876 4033 1972 4088 per

406 4135 672 4183 eremum,
720 4118 822 4172 hoc
852 4128 958 4183 est,
989 4114 1118 4184 quid
1154 4127 1252 4168 nos
1288 4111 1441 4181 juvat
1473 4111 1527 4164 in
1571 4108 1836 4178 baptismo
1873 4123 1972 4164 sae-

406 4213 527 4268 culo
577 4209 931 4273 renuntiasse,
984 4215 1040 4261 et
1093 4220 1304 4259 morum
1355 4212 1665 4258 nostrorum
1715 4202 1972 4272 pristinas

407 4303 602 4358 sordes
634 4315 698 4354 ac
727 4301 975 4353 vitiorum
1020 4294 1318 4352 carnalium
1359 4292 1734 4348 immunditias
1765 4293 1970 4346 retine-

2054 469 2105 521 in
2131 469 2307 522 anima
2329 468 2483 538 justi,
2518 469 2570 522 in
2602 470 2719 538 ipso
2747 472 2992 525 recondit
3019 481 3075 526 et
3107 474 3428 530 machaeras.
3462 474 3618 544 Saepe

2052 560 2390 615 ostendimus
2442 561 2767 616 machaeram
2820 563 3044 618 verbum
3093 563 3189 619 Dei
3238 566 3464 630 dictum,
3514 584 3620 635 quo

2053 651 2219 704 verbo
2245 649 2639 705 abscinduntur
2667 659 2720 705 et
2750 662 3050 721 purgantur
3076 663 3297 721 peccata
3330 652 3398 707 de
3425 654 3622 707 animis

2053 739 2405 793 audientium.
2451 739 2572 795 Haec
2619 755 2752 810 ergo
2786 742 2958 796 virtus
2988 743 3138 797 verbi
3174 743 3338 797 divini
3373 745 3621 798 recondi-

2054 839 2142 884 tur
2172 831 2225 884 in
2257 845 2323 885 eo
2373 830 2492 886 Ioco
2518 832 2604 886 cui
2635 833 2792 886 datur
2842 848 3019 888 sermo
3049 835 3292 890 scientia:
3342 844 3396 891 et
3438 851 3620 891 sermo

2054 923 2353 992 sapientiae,
2393 933 2450 978 ut
2480 933 2786 994 opportuno
2841 934 3082 996 tempore
3129 929 3310 982 anima
3357 929 3445 984 illa
3495 945 3618 1000 qum

2054 1029 2149 1084 per
2199 1019 2402 1070 donum
2453 1017 2681 1086 spiritus
2732 1017 2934 1086 repleta
2982 1027 3067 1073 est
3101 1022 3270 1076 vet-bo
3317 1023 3617 1091 sapientiai,

2054 1107 2218 1161 verbo
2266 1107 2530 1172 scientiae,
2578 1108 2821 1178 proferat
2847 1110 2978 1165 istas
3007 1112 3308 1168 machaeras
3351 1114 3404 1168 in
3435 1114 3617 1169 Eccle-

2055 1198 2156 1263 sia,
2191 1209 2247 1252 et
2298 1198 2659 1253 circumcidat
2705 1201 2942 1256 secundo
2969 1200 3081 1275 (22)
3128 1217 3222 1258 eos
3266 1205 3355 1273 qui
3383 1208 3617 1262 secunda

2056 1290 2304 1360 indigent
2339 1291 2776 1346 circumcisione.
2818 1291 2970 1358 Quod
3016 1304 3194 1350 autem
3224 1296 3354 1351 dicit
3382 1298 3621 1365 petrinas

2056 1384 2375 1447 machaeras,
2410 1382 2513 1438 hoc
2540 1391 2644 1449 est,
2695 1397 2727 1438 e
2751 1398 2882 1438 saxo
2921 1384 3145 1450 cultros,
3183 1397 3236 1441 et
3270 1403 3374 1441 non
3415 1403 3446 1442 e
3479 1388 3621 1444 ferro

2055 1472 2278 1527 artiﬁcis
2302 1487 2474 1542 opera
2533 1473 2824 1529 fabricatos
2859 1489 2874 1528 :
2908 1475 3038 1530 illttd
3063 1479 3300 1533 ostendit
3327 1479 3469 1548 quod
3503 1495 3622 1535 ser-

2057 1579 2145 1619 mo
2175 1564 2265 1618 hic
2293 1563 2385 1617 Dei
2417 1563 2508 1632 qui
2543 1565 2935 1620 circumcidere
2965 1567 3031 1622 de
3067 1567 3264 1623 animis
3310 1569 3619 1625 auditorum

2058 1653 2428 1708 immunditias
2472 1662 2670 1723 potest,
2716 1670 2820 1709 non
2855 1667 2938 1712 est
2980 1673 3048 1713 ex
3094 1668 3216 1714 arte
3263 1663 3621 1730 grammatica

2059 1747 2142 1803 vel
2171 1747 2442 1802 rhetorica
2473 1747 2719 1814 veniens,
2751 1765 2924 1818 neque
2950 1753 3232 1808 doctorum
3257 1755 3464 1811 malleis
3491 1761 3623 1813 edo-

2059 1838 2242 1901 mitus,
2274 1847 2368 1892 aut
2399 1837 2701 1892 studiorum
2759 1840 3043 1897 incudibus
3083 1843 3333 1901 elimatus
3359 1845 3493 1918 (25),
3526 1850 3621 1904 sed

2057 1946 2124 1985 ex
2151 1929 2240 1984 illa
2273 1937 2423 1999 petra
2456 1929 2814 1998 descendens,
2859 1947 2978 2001 quae
3008 1933 3073 1989 de
3099 1945 3280 1991 monte
3307 1939 3423 1993 sine
3451 1941 3625 1994 mani-

2057 2023 2160 2077 bus
2186 2022 2426 2076 abscissa
2460 2031 2566 2086 est,
2597 2033 2653 2076 et
2697 2027 2884 2078 orbem
2920 2034 3078 2080 terrae
3107 2029 3418 2097 complevit,
3439 2045 3503 2086 ac
3533 2034 3626 2086 do-

2058 2130 2125 2168 na
2167 2113 2434 2183 spiritalia
2485 2112 2833 2168 credentibus
2875 2115 3082 2170 tribuit.
3141 2118 3273 2174 Post
3321 2121 3435 2176 haec
3465 2120 3626 2180 Iesus

2057 2218 2326 2264 convocat
2372 2207 2512 2263 ﬁlios
2545 2207 2730 2261 Ruben
2783 2217 2840 2262 et
2894 2208 3031 2265 ﬁlios
3057 2210 3193 2279 Gad,
3244 2222 3300 2268 et
3345 2215 3624 2272 dimidiam

2061 2301 2262 2354 tribum
2293 2299 2566 2367 Manasse,
2611 2302 2703 2372 qui
2732 2315 2919 2356 secum
2948 2301 3317 2358 militaverunt
3343 2308 3409 2361 ad
3437 2309 3626 2364 hostes

2056 2390 2387 2448 Israeliticos
2413 2393 2750 2463 superandos
2782 2405 2798 2444 :
2835 2401 2889 2446 et
2919 2391 3140 2448 dimittit
3176 2409 3271 2450 eos
3297 2396 3363 2451 ad
3392 2396 3624 2454 haeredi-

2059 2491 2222 2537 tatem
2253 2499 2436 2550 suam,
2471 2485 2613 2539 datis
2658 2485 2726 2540 iis
2749 2484 2912 2540 etiam
2940 2485 3252 2540 muneribus
3277 2487 3620 2557 quibusdam,

2057 2576 2197 2630 sicut
2234 2577 2494 2646 scriptum
2538 2583 2639 2630 est.
2703 2576 2761 2630 In
2803 2590 2910 2646 quo
2953 2576 3162 2631 videtur
3209 2577 3339 2632 illud
3384 2579 3626 2635 indicare

2059 2667 2401 2738 mysterium,
2453 2667 2595 2737 quod
2629 2682 2752 2722 cum
2808 2667 3084 2736 plenitudo
3123 2670 3362 2738 gentium
3406 2672 3629 2725 introie-

2060 2760 2150 2822 rit,
2185 2770 2240 2814 et
2268 2773 2389 2828 quae
2416 2759 2743 2829 repromissa
2771 2767 2896 2813 sunt
2922 2761 3002 2815 eis
3028 2774 3057 2814 a
3089 2761 3316 2816 Domino
3343 2759 3469 2817 Jesu
3499 2779 3625 2832 per-

2059 2852 2304 2920 ceperint
2347 2849 2422 2904 illi
2472 2852 2567 2920 qui
2618 2867 2719 2921 per
2753 2852 2969 2925 Moysen
3017 2853 3216 2910 eruditi
3268 2862 3324 2908 et
3372 2855 3624 2909 instructi

2061 2945 2298 3010 fuerant,
2349 2953 2403 2998 et
2434 2944 2528 3013 qui
2577 2943 2732 2998 nobis
2767 2943 2821 2997 in
2861 2947 3154 3000 certamine
3198 2946 3388 3016 positis
3427 2946 3626 3000 auxilia

1993 3065 2040 3125 Β
2069 3035 2410 3091 orationibus
2440 3045 2498 3090 et
2544 3035 2795 3106 precibus
2836 3035 3165 3104 detulerunt,
3218 3036 3340 3106 quia
3390 3039 3627 3092 nondum

2069 3132 2515 3202 repromissiones
2583 3130 2862 3186 consecuti
2925 3141 3070 3197 sunt,
3137 3139 3510 3201 exspectantes
3571 3138 3630 3183 ut

2069 3225 2232 3280 etiam
2261 3224 2471 3279 vacatio
2511 3235 2691 3280 nostra
2739 3225 3126 3294 compieretur,
3159 3225 3300 3278 sicut
3329 3224 3461 3278 dicit
3483 3223 3630 3292 Apoo

2070 3318 2238 3372 stolus
2259 3319 2327 3383 ³ο,
2359 3333 2502 3374 nunc
2531 3319 2746 3374 demum
2787 3318 3168 3390 perfectionem
3206 3333 3323 3387 quae
3351 3317 3417 3370 ab
3444 3317 3521 3370 eis
3550 3315 3633 3367 di-

2071 3410 2178 3466 lata
2224 3409 2424 3476 fuerat,
2496 3421 2903 3481 consequantur
2963 3427 3084 3467 cum
3139 3409 3456 3464 muneribus
3509 3422 3631 3477 qua:

2070 3505 2344 3573 accipiunt
2371 3506 2439 3560 ab
2465 3503 2614 3572 Jesu,
2644 3515 2701 3560 ut
2746 3506 3123 3576 unusquisque
3153 3502 3364 3557 habitet
3393 3501 3447 3555 in
3476 3514 3628 3569 pace,

2070 3597 2215 3650 omni
2249 3597 2388 3653 bello
2425 3607 2587 3666 atque
2616 3597 2760 3652 omni
2794 3596 3201 3666 impugnatione
3234 3602 3500 3650 cessante.

2141 3725 2195 3778 5.
2239 3725 2367 3779 Post
2398 3726 2511 3780 haec
2553 3726 2748 3780 lectum
2782 3733 2865 3780 est
2897 3723 3073 3789 nobis,
3116 3722 3240 3792 quia
3285 3720 3377 3776 ﬁlii
3411 3718 3632 3783 Ruben,

2070 3815 2242 3871 etﬁlii
2280 3817 2417 3880 Gad,
2448 3826 2504 3870 et
2556 3816 2778 3870 dimidia
2825 3815 3002 3869 tribus
3049 3813 3299 3868 Manasse
3339 3813 3430 3882 qui
3475 3820 3634 3867 erant

2073 3919 2222 3963 trans
2244 3908 2558 3975 Jordanem,
2594 3908 2953 3962 aadlﬁcassent
2990 3921 3142 3960 aram
3182 3906 3451 3974 ingentem
3483 3922 3497 3958 :
3535 3903 3630 3957 ﬁlii

2073 4016 2200 4056 vero
2216 4001 2377 4057 Israel
2409 3999 2598 4070 reliqui
2624 3999 2959 4068 ignorantes,
2987 4012 3154 4066 quare
3186 3996 3301 4050 haec
3319 4011 3410 4048 ara
3443 3994 3636 4048 fuisset

2071 4105 2369 4160 exstructa,
2383 4089 2861 4147 mittuntPhineem
2877 4089 3042 4143 ﬁlium
3059 4087 3248 4142 Eleaza
3258 4088 3300 4141 ri
3319 4087 3412 4141 ﬁlii
3430 4088 3631 4148 Aaron,

2073 4206 2197 4248 cum
2223 4190 2412 4242 decem
2439 4183 2576 4238 viris
2625 4183 2691 4237 de
2735 4180 2962 4250 singulis
2997 4180 3244 4234 tribubus
3291 4177 3484 4233 electis
3526 4195 3541 4230 :
3585 4178 3632 4230 si

2074 4283 2217 4340 forte
2245 4291 2497 4348 tanquam
2529 4273 2871 4329 discedentes
2903 4285 2932 4325 a
2965 4271 3074 4326 Deo
3103 4271 3205 4325 hoc
3236 4268 3515 4331 fecissent,
3545 4269 3631 4322 vel

410 4395 512 4449 re?
540 4392 768 4463 Oportet
801 4406 931 4460 ergo
978 4398 1102 4458 post
1143 4384 1531 4457 digressionem
1563 4381 1731 4438 Rubri
1782 4383 1970 4448 maris,
2004 4407 2048 4462 ι)
2077 4371 2359 4445 εροειαιὶθὶ
2391 4366 2570 4421 επθειί
2605 4363 2741 4434 (24).
2769 4371 2824 4418 ει
2849 4369 3054 4463 οοξξῑνε.
3078 4360 3388 4463 ωξῐξξξθηξηι
3422 4359 3514 4463 υξὲί
3545 4374 3638 4463 ἕξε-

412 4483 464 4536 id
492 4491 593 4542 est,
624 4491 744 4549 post
772 4481 1002 4549 gratiam
1025 4474 1298 4544 baptismi,
1330 4471 1533 4528 auferri
1563 4488 1592 4526 a
1629 4472 1784 4527 nobis
1810 4473 1972 4527 etiam

413 4578 652 4634 carnalia
674 4575 874 4630 veteris
904 4569 1308 4628 consuetudinis
1328 4567 1456 4620 vitia
1487 4579 1582 4636 per
1611 4563 1793 4620 Jesum
1820 4565 1976 4621 Chri.

409 4686 437 4725 s
463 4685 552 4723 um
585 4667 868 4723 Dominum
906 4672 1166 4726 nostrum,
1197 4669 1254 4714 ut
1299 4660 1368 4712 ita
1387 4649 1610 4712 demum
1641 4655 1978 4728 Egyptiacis

411 4775 601 4815 carere
652 4758 924 4829 possimus
971 4753 1295 4824 opprobriis.
1359 4749 1645 4804 Ponuntur
1693 4764 1823 4819 ergo
1873 4751 1978 4805 illae.

413 4856 546 4923 ipsae
576 4851 861 4906 machaera:
909 4846 1151 4917 petrinze,
1204 4852 1258 4898 et
1302 4841 1462 4896 cultri
1509 4841 1724 4910 lapidei,
1776 4843 1976 4910 quibus

412 4944 653 5000 secundo
679 4939 986 4997 circumcisi
1015 4951 1204 4993 sumus
1231 4936 1299 4990 ab
1326 4933 1474 4999 Jesu,
1507 4933 1559 4987 in
1585 4947 1650 4989 eo
1674 4933 1790 4989 loco
1812 4949 1971 5002 quem

471 5036 518 5068 "
542 5032 656 5090 Jos.
728 5049 845 5096 xu,
894 5030 982 5086 50.
1055 5030 1102 5063 ⁸ο
1146 5027 1312 5083 llebr.
1358 5045 1417 5083 ιι.

486 5128 600 5199 (16)
632 5127 899 5199 ειινὶειξω.
928 5125 1089 5180 Deest
1112 5123 1166 5180 in
1197 5123 1327 5177 libb.
1359 5131 1521 5177 antea
1549 5122 1732 5186 editis,
1768 5120 1864 5176 sed
1893 5119 1972 5174 lc-

414 5196 771 5271 giturginAms.
800 5196 1082 5265 Sangerm.

489 5269 601 5336 (17)
630 5267 834 5323 Omnes
862 5260 992 5321 mss.
1027 5283 1047 5317 ι
1093 5263 1521 5336 ωρἰεενεηειιω
1545 5269 1601 5314 et
1630 5261 1890 5336 habitare
1920 5260 1975 5336 in

415 5329 504 5396 eo.
537 5359 557 5393 ι
584 5329 742 5393 Libb.
775 5337 934 5404 editi,
967 5352 988 5387 ι
1019 5333 1290 5390 aediﬁcare
1341 5331 1485 5386 illam
1527 5341 1582 5386 et
1628 5329 1874 5384 habitare
1922 5329 1975 5384 in

417 5426 601 5551 call’s)
650 5478 834 5534 Codex
877 5474 1164 5546 Sangerm.
1209 5490 1229 5525 t
1263 5472 1494 5531 emittet.
1538 5489 1557 5522 ι
1611 5468 1771 5524 Lihb.
1811 5467 1971 5534 editi,

427 5568 448 5602 ι
477 5558 1204 5690 Ἢὲῗδηξηεεμηδυυεετίριὶ
1230 5631 1250 5668 t
1283 5610 1519 5670 nondum
1547 5610 1756 5682 dignos.
1783 5626 1803 5661 ι
1823 5607 1980 5665 Lihb.

425 5686 628 5759 editi,'t
663 5703 771 5745 non
809 5686 1020 5756 dignos.
1050 5701 1069 5736 ›

2082 4476 2284 4530 rentes,
2313 4468 2760 4531 expugnarentur
2795 4471 2825 4510 a
2859 4455 3089 4524 reliquis
3140 4453 3268 4508 ﬁliis
3311 4451 3514 4517 Israel;
3553 4452 3637 4505 sin

2081 4559 2263 4622 aliter,
2297 4556 3026 4623 utcognoscerentcausam.
3083 4545 3190 4600 Alii
3234 4559 3364 4599 vero
3417 4543 3640 4598 satisfa-

2079 4650 2230 4705 ciunt
2259 4645 2326 4700 de
2351 4659 2466 4708 ara,
2491 4651 2546 4698 et
2568 4643 2753 4694 dicunt
2787 4657 2800 4694 :
2882 4639 3093 4694 Scimus
3109 4639 3234 4708 quia
3259 4637 3428 4692 altare
3451 4653 3637 4692 verum

2079 4751 2162 4796 est
2194 4741 2333 4810 apud
2364 4752 2483 4800 vos,
2513 4733 2602 4788 ubi
2632 4729 2790 4787 Jesus
2817 4731 3051 4796 habitat;
3087 4745 3185 4784 nos
3207 4741 3388 4783 autem
3413 4729 3639 4784 fecimus

2079 4837 2184 4890 hoc
2224 4833 2393 4887 altare
2409 4829 2474 4884 ad
2499 4825 2908 4881 similitudinem
2935 4820 3077 4876 illius
3097 4821 3308 4888 altaris,
3335 4821 3478 4890 quod
3500 4818 3639 4887 apud

2082 4943 2179 4984 vos
2205 4931 2540 4981 exstructum
2573 4921 2676 4986 est,
2709 4925 2770 4972 ut
2795 4925 2850 4972 et
2883 4915 3022 4986 apud
3054 4927 3152 4969 nos
3187 4913 3358 4984 ﬁgura
3388 4921 3443 4967 et
3463 4913 3640 4980 imago

2161 5111 2274 5184 (20)
2305 5111 2504 5169 Omnes
2549 5122 2678 5162 mss.
2713 5126 2731 5158 ε
2764 5105 3053 5160 louuimur.
3085 5123 3104 5158 ι
3135 5102 3294 5159 Libb.
3321 5101 3473 5167 editi,
3505 5117 3526 5153 ι
3558 5100 3640 5156 Ιο-

2117 5188 2280 5241 uitur.
2326 5201 2342 5234 ι

2077 5203 2468 5328 ᾳυὶἓῖῗλὲειιδ.
2513 5249 2670 5328 Deest
2699 5237 2760 5328 in
2817 5245 2947 5302 libb.
2976 5243 3159 5310 editis,
3199 5243 3293 5298 sed
3335 5239 3534 5311 legitur
3578 5241 3636 5295 in

2077 5319 2332 5384 omnibus
2363 5319 2762 5386 manuscriptis.

2150 5379 2261 5448 l22l
2294 5392 2418 5444 Mss.
2452 5408 2470 5440 ι
2504 5379 2755 5442 secundo.
2783 5405 2802 5439 ι
2829 5385 2984 5440 Libb.
3030 5383 3181 5444 editi,
3211 5399 3230 5432 t
3262 5379 3581 5435 secundum.
3611 5397 3635 5435 ο

2150 5394 2241 5448 (2‘2.
2294 5392 2418 5444 Mss.
2452 5408 2470 5440 ι
2504 5392 2755 5442 secundo.
2783 5405 2802 5439 ι
2829 5392 2984 5440 Libb.
3030 5392 3181 5444 editi,
3211 5399 3230 5432 t
3262 5392 3581 5435 secundum.
3611 5397 3635 5435 ο

2148 5392 2261 5534 (25;
2285 5457 2777 5534 Code3_t_Sange_rm.
2813 5474 2833 5506 ιι
2866 5465 2960 5534 aut
2982 5454 3357 5534 historicorum
3385 5452 3638 5534 cordibus

2086 5521 2358 5591 cli‘ma’tus.
2385 5550 2406 5581 ›
2435 5528 2586 5584 Unus
2607 5521 2963 5581 'Ebroicensis
2994 5541 3014 5575 ι
3048 5530 3140 5576 aut
3177 5521 3477 5576 studiorum
3504 5521 3634 5574 coti—

2087 5607 2284 5743 busél)
2304 5667 2454 5726 Unus
2478 5668 2645 5724 codex
2680 5663 2898 5720 Ebroic.
2937 5682 2958 5718 ι
2985 5663 3068 5719 vel
3106 5667 3366 5732 apostata:
3389 5655 3585 5714 effecti.
3613 5673 3641 5708 δ
