4050 6148
490 298 592 355 947

1890 293 1983 350 EX
2019 292 2317 350 ORIGENE

3616 293 3727 350 9-i8

495 417 607 472 veri
657 415 851 470 altaris
899 414 1180 478 habeatur,
1239 426 1307 466 ne
1348 414 1490 465 forte
1540 412 1803 478 crastino,
1865 411 2057 480 inquit,
2089 412 2136 466 A
2163 416 2217 461 et
2248 407 2556 462 intercessit
2593 407 2802 462 medius
2843 408 2984 463 inter
3024 409 3321 464 morientes
3360 416 3421 463 et
3457 409 3632 473 vivos,
3672 411 3726 462 id

497 509 710 579 placeat
741 505 896 561 vobis
931 505 1133 569 dicere,
1182 506 1309 574 quia
1355 504 1610 559 .lordanis
1667 505 1930 560 finitimus
1974 514 2058 558 est

500 603 644 656 inter
685 613 784 654 nos
824 607 880 652 et
920 612 1038 661 vos,
1073 607 1126 652 et
1165 597 1279 666 ipse
1313 597 1642 652 determinat
1684 606 1741 652 et
1791 597 1913 651 ideo
1950 611 2056 650 non

497 691 711 746 habetis
744 691 1052 758 portionem
1103 690 1157 743 in
1213 689 1371 743 altari
1413 699 1624 744 nostro.
1707 688 1830 742 lltec
1861 688 1935 742 illi
1971 703 2058 742 re-

495 796 689 851 sponsa
715 782 998 836 miserunt.
1033 779 1137 835 Sed
1161 780 1440 836 videamus
1463 794 1562 835 nos
1582 779 1712 850 quid
1747 778 1874 834 facti
1895 778 2055 845 hujus

493 870 771 925 contineat
820 879 1243 926 sacramentum.
1308 870 1470 924 Prior
1513 870 1738 940 populus
1770 870 2056 923 circumci-

492 965 730 1019 sionisin
760 963 949 1020 Ruben
973 964 1066 1034 qui
1093 963 1267 1018 fuerat
1286 963 1695 1033 primogenitus,
1715 961 2051 1031 designatur;

494 1057 588 1110 sed
611 1067 663 1110 et
695 1057 748 1109 in
779 1055 918 1118 Gad,
941 1056 1030 1126 qui
1058 1065 1114 1110 et
1153 1057 1265 1124 ipse
1290 1055 1682 1126 primogenitus
1701 1065 1786 1110 est
1823 1068 1888 1109 ex
1934 1053 2053 1121 Lia,

492 1157 546 1200 et
589 1145 837 1201 Manasse
863 1146 1218 1203 nihilominus
1244 1147 1658 1218 pritnogenitus.
1693 1145 1846 1213 Quod
1872 1155 2052 1201 autem

491 1238 614 1292 dico
648 1238 1058 1308 primogenitos,
1086 1239 1382 1295 secundum
1428 1249 1641 1311 tempus
1671 1238 1881 1308 loquor.
1929 1237 2054 1294 llaec

493 1345 624 1400 ergo
648 1330 924 1395 dicuntur,
953 1345 1021 1385 ne
1048 1331 1191 1387 inter
1229 1347 1327 1388 nos
1346 1343 1398 1387 et
1427 1332 1546 1387 illos
1567 1333 1660 1401 qui
1686 1342 1811 1387 ante
1846 1331 2046 1386 adven-

496 1431 606 1473 tum
638 1421 837 1476 Christi
869 1421 1089 1478 fuerunt
1107 1422 1258 1493 justi,
1279 1422 1474 1479 divisio
1497 1423 1675 1492 aliqua
1692 1438 1754 1478 ac
1780 1423 2054 1492 separatio

491 1511 768 1567 videretur
796 1531 810 1568 :
835 1513 930 1569 sed
971 1523 1033 1570 ut
1061 1515 1410 1570 ostenderent
1453 1529 1512 1570 se
1549 1515 1762 1570 etiamsi
1799 1527 1923 1570 ante
1955 1516 2052 1570 ad-

489 1614 714 1659 ventum
728 1605 933 1660 Christi
968 1605 1206 1674 fuerant,
1238 1607 1433 1662 fratres
1466 1617 1645 1662 tamen
1671 1616 1886 1661 nostros
1908 1620 2047 1662 esse.

430 1692 435 1696 '
496 1691 646 1746 Licet
670 1693 814 1748 ettim
857 1695 1154 1751 habuerint
1192 1697 1365 1753 altare
1401 1707 1530 1753 tunc
1577 1707 1706 1753 ante
1755 1700 2047 1754 adventum

494 1776 795 1834 Salvatoris
840 1780 1035 1846 nostri,
1083 1781 1329 1837 sciebant
1374 1793 1552 1838 tamen
1605 1792 1661 1838 et
1721 1785 2048 1850 sentiebant,

494 1869 622 1936 quia
665 1885 770 1925 non
806 1882 954 1928 esset
985 1873 1114 1928 illud
1135 1873 1306 1929 altare
1344 1889 1553 1940 verum,
1596 1876 1692 1932 sed
1720 1878 1844 1946 quia
1877 1878 2052 1934 forma

496 1970 550 2012 et
581 1959 748 2030 figura
783 1971 901 2016 erat
922 1961 1088 2019 futuri
1119 1975 1172 2019 et
1206 1966 1323 2021 veri
1354 1965 1515 2034 hujus
1541 1966 1752 2022 altaris.
1777 1967 2054 2026 Noverant

495 2049 570 2104 illi
602 2050 738 2116 hac,
780 2055 904 2123 quia
934 2069 1072 2110 verae
1097 2056 1307 2125 hostiae,
1337 2068 1391 2112 et
1415 2073 1536 2127 qua:
1575 2069 1798 2127 possent
1836 2062 2054 2119 auferre

499 2153 739 2211 peccata,
767 2161 874 2201 non
911 2148 965 2200 in
994 2148 1084 2202 illo
1109 2148 1266 2203 altari
1293 2147 1678 2216 offerebantur,
1711 2157 1853 2222 quod
1889 2157 2054 2212 habe-

493 2237 588 2290 hat
620 2237 1010 2308 primogenitus
1053 2241 1301 2310 populus,
1341 2242 1436 2297 sed
1466 2243 1518 2296 in
1552 2243 1656 2298 isto
1687 2245 1776 2300 ubi
1811 2255 1928 2300 erat
1958 2247 2053 2302 Je-

492 2343 611 2393 sus,
637 2330 723 2385 hic
745 2330 992 2388 caelestes
1019 2333 1230 2396 hostiae,
1257 2334 1345 2388 hic
1366 2350 1491 2390 vera
1517 2336 1783 2392 sacrificia
1803 2353 2054 2395 consum-

496 2431 730 2477 mantur.
786 2423 872 2477 Fit
902 2439 1032 2495 ergo
1076 2441 1216 2482 unus
1255 2442 1386 2496 grex
1433 2439 1490 2482 et
1538 2443 1676 2485 unus
1730 2441 1932 2500 pastor,
1975 2433 2052 2488 illi

493 2514 706 2582 priores
728 2515 880 2584 justi,
915 2529 970 2573 et
990 2521 1078 2588 qui
1110 2537 1254 2577 nunc
1281 2529 1405 2576 sunt
1438 2521 1750 2581 Christiani.
1788 2524 1921 2582 Volo
1951 2544 2051 2582 au-

495 2614 602 2657 tem
627 2605 693 2658 ad
723 2606 913 2660 horum
945 2611 1314 2676 probationem
1341 2612 1656 2666 memoriam
1681 2615 1859 2673 facere
1889 2617 2052 2673 etiam

492 2697 734 2758 historia:
757 2699 1054 2770 cujusdam,
1076 2705 1122 2757 si
1148 2715 1326 2758 tamen
1357 2707 1617 2763 Dominus
1644 2711 1844 2766 donare
1871 2711 2054 2781 digne-

497 2795 606 2849 tur,
644 2795 705 2840 ut
749 2789 1181 2858 explanationem
1228 2795 1398 2863 ipsius
1457 2798 1758 2866 spiritalem
1808 2800 2054 2857 invenire

491 2879 784 2948 possimus.
818 2879 1060 2937 Cadebat
1099 2884 1394 2956 aliquando
1424 2890 1653 2958 populus
1679 2893 1730 2944 in
1757 2892 1970 2947 deserto
1999 2904 2055 2948 et

493 2971 850 3028 moriebatur.
885 2975 1044 3030 Venit
1073 2979 1250 3033 Aaron
1283 2981 1549 3050 pontifex,
1583 2993 1638 3037 et
1674 2987 1824 3040 stetit
1853 2988 1906 3040 in
1941 3003 2054 3043 mc-

2157 506 2242 551 est
2269 498 2411 552 inter
2438 512 2533 552 eos
2562 498 2654 566 qui
2680 513 2748 553 ex
2781 495 2980 553 Iudaeis
3028 515 3181 553 suam
3215 503 3558 568 praesentiam
3600 513 3724 554 sus-

2159 601 2438 659 ceperunt,
2467 601 2522 647 et
2560 591 2705 648 inter
2734 605 2828 647 eos
2856 591 2945 660 qui
2986 606 3090 646 non
3121 592 3296 646 solum
3334 607 3440 646 non
3469 605 3728 660 suscepe-

2161 697 2306 750 runt,
2341 686 2433 739 sed
2458 684 2780 753 semetipsos
2806 683 2978 751 magis
2999 697 3158 752 quam
3190 683 3339 737 illum
3380 684 3726 746 occiderunt,

2159 776 2401 830 dicentes
2433 791 2448 828 :
2487 792 2507 826 ι
2544 775 2778 844 Sanguis
2812 774 2960 829 illius
2985 789 3146 843 super
3175 789 3274 828 nos
3313 783 3362 829 et
3394 789 3555 844 super
3583 774 3730 828 ﬁlios

2157 878 2372 923 nostros
2405 867 2472 921 ⁵¹.
2509 885 2527 920 s
2575 866 2730 922 Unde
2767 876 2824 922 et
2863 883 2881 917 ι
2933 867 3112 922 omnis
3150 867 3370 936 sanguis
3406 865 3587 933 justus
3631 867 3727 938 qui

2157 958 2366 1015 effusus
2391 969 2478 1014 est
2501 973 2662 1028 super
2697 967 2898 1012 terram
2923 973 2952 1011 a
2981 957 3242 1026 sanguine
3280 956 3413 1012 Abel
3453 957 3582 1026 justi
3638 974 3727 1012 us-

2155 1066 2263 1122 que
2290 1052 2356 1106 ad
2393 1051 2705 1120 sanguinem
2729 1049 3005 1104 Zachariae
3032 1049 3122 1102 lilii
3155 1046 3456 1116 Barachiae,
3495 1066 3658 1118 quem
3701 1067 3724 1102 s

2154 1144 2476 1199 occiderunt
2523 1161 2543 1194 s
2579 1143 2721 1198 inter
2762 1142 2929 1196 aedem
2975 1150 3029 1196 et
3077 1141 3251 1196 altare
3294 1142 3363 1206 ",
3413 1143 3729 1212 requiretnr

2155 1251 2184 1292 a
2263 1238 2616 1306 generatione
2658 1254 2678 1288 ι
2737 1235 2826 1290 illa
2885 1250 3009 1304 qua:
3034 1235 3175 1292 dixit
3215 1248 3229 1282 :
3269 1251 3290 1286 ι
3328 1233 3561 1297 Sanguis
3609 1235 3728 1304 ejus

2151 1328 2312 1401 457
2341 1343 2502 1397 super
2532 1341 2628 1382 nos
2656 1337 2710 1383 et
2739 1341 2899 1396 super
2925 1327 3062 1381 filios
3090 1334 3327 1382 nostros.
3363 1345 3383 1379 ι
3421 1325 3563 1380 Sunt
3588 1342 3724 1396 ergo

2153 1423 2241 1476 isti
2289 1435 2414 1490 pars
2471 1418 2648 1489 populi
2689 1421 2883 1473 mortui
2927 1416 3077 1487 (25),
3111 1417 3234 1485 quia
3285 1429 3461 1484 neque
3505 1430 3726 1486 azyma,

2155 1526 2328 1582 neque
2379 1511 2492 1565 dies
2525 1509 2692 1565 festos
2725 1517 3093 1578 competenter
3120 1516 3304 1576 agunt,
3351 1507 3445 1561 sed
3479 1507 3725 1562 conversi

2152 1613 2277 1658 sunt
2313 1603 2429 1658 dies
2460 1601 2582 1658 festi
2637 1616 2820 1657 eorum
2851 1602 2904 1655 in
2935 1599 3160 1665 luctum,
3193 1611 3250 1652 et
3285 1599 3497 1654 cantica
3534 1614 3725 1653 eorum

2154 1695 2206 1749 in
2238 1695 2673 1750 lamentationem
2703 1709 2731 1745 :-
2758 1691 2848 1762 qui
2891 1692 3102 1748 etiamsi
3139 1693 3308 1746 velint
3339 1706 3445 1746 non
3476 1698 3728 1760 poterunt

2153 1790 2294 1844 diem
2327 1787 2519 1843 festum
2547 1786 2820 1843 celebrare
2850 1787 2902 1841 in
2933 1800 2998 1842 eo
3021 1786 3137 1843 loco
3162 1801 3320 1855 quem
3349 1784 3512 1854 elegit
3536 1783 3725 1837 Domi-

2154 1897 2256 1936 nus
2284 1879 2444 1936 Deus.
2470 1879 2533 1934 Et
2553 1895 2650 1934 nos
2682 1879 2897 1948 quidem
2927 1893 3032 1933 non
3067 1878 3302 1932 diximus
3331 1876 3398 1931 ad
3418 1875 3555 1940 illos,
3595 1875 3724 1944 quia

2154 1989 2259 2027 non
2294 1972 2397 2026 erit
2426 1972 2580 2026 vobis
2608 1986 2736 2040 pars
2765 1972 2816 2024 in
2859 1970 2964 2026 hoc
2995 1970 3171 2035 altari,
3204 1968 3287 2024 vel
3327 1969 3380 2023 in
3413 1969 3725 2023 haereditate

2153 2065 2386 2129 Domini,
2417 2065 2511 2118 sed
2541 2063 2642 2132 ipsi
2689 2071 2882 2132 sponte
2913 2077 3007 2117 sua
3042 2061 3219 2115 altare
3253 2075 3440 2114 verum
3469 2070 3522 2112 et
3553 2060 3722 2113 caele—

2151 2168 2285 2212 stem
2311 2155 2622 2226 pontificem
2667 2153 2991 2222 refutarunt,
3020 2162 3075 2208 et
3095 2167 3160 2208 eo
3183 2167 3351 2222 usque
3387 2150 3722 2205 infelicitatis

2153 2251 2366 2308 adducti
2397 2258 2542 2315 sunt,
2565 2257 2624 2304 ut
2649 2258 2702 2303 et
2724 2247 3010 2317 imaginem
3046 2248 3353 2316 perderent,
3375 2254 3430 2300 et
3461 2261 3566 2298 non
3591 2260 3717 2299 sus-

2151 2345 2392 2413 ciperent
2444 2341 2759 2402 veritatem,
2816 2349 2870 2394 et
2928 2338 3046 2393 ideo
3111 2338 3308 2392 dicitur
3357 2337 3425 2390 ad
3477 2350 3571 2390 eos
3620 2335 3713 2390 "z

2159 2456 2179 2489 ι
2213 2437 2351 2492 Ecce
2396 2437 2728 2505 relinquetur
2768 2432 2921 2488 vobis
2955 2432 3146 2487 domus
3185 2441 3366 2488 vestra
3415 2431 3652 2484 deserta.
3689 2449 3708 2481 s

2153 2529 2438 2585 Translata
2463 2537 2546 2582 est
2569 2527 2713 2582 enim
2752 2525 2818 2580 ad
2839 2535 3027 2596 gentes
3047 2524 3216 2595 gratia
3255 2523 3491 2592 Spiritus
3517 2522 3714 2584 sancti,

2153 2620 2427 2676 translatas
2459 2629 2584 2674 sunt
2622 2617 2990 2673 solemnitates
3018 2617 3084 2670 ad
3111 2631 3228 2680 nos,
3257 2617 3381 2685 quia
3409 2615 3626 2668 transiit
3649 2611 3714 2667 ad

2156 2725 2251 2766 nos
2272 2719 2325 2766 et
2362 2709 2602 2779 pontifex
2638 2723 2743 2761 non
2790 2706 3164 2778 imaginarius,
3187 2708 3279 2761 sed
3306 2721 3490 2770 verus,
3521 2719 3714 2760 secun-

2156 2800 2282 2853 dum
2309 2797 2553 2852 ordinem
2579 2795 2970 2852 Melchisedech
2999 2795 3201 2850 electus
3229 2814 3242 2850 :
3272 2807 3329 2850 et
3380 2809 3604 2849 necesse
3638 2807 3716 2847 es:

2153 2905 2276 2945 eum
2332 2904 2490 2944 veras
2524 2889 2750 2952 hostias,
2808 2889 2860 2942 id
2909 2898 2992 2944 est
3031 2888 3321 2957 spiritales,
3350 2887 3548 2943 oﬂ‘erre
3580 2885 3715 2956 apud

2156 2999 2278 3048 nos,
2305 2981 2393 3036 ubi
2421 2981 2716 3036 aedificatur
2741 2979 2992 3048 templum
3026 2980 3120 3034 Dei
3171 2995 3237 3034 ex
3268 2979 3528 3049 lapidibus
3562 2979 3711 3044 vivis,

488 3063 583 3117 dio
605 3079 794 3118 eorum
810 3068 902 3134 qui
935 3070 1332 3137 moriebantur,
1363 3083 1419 3128 et
1449 3089 1634 3131 eorum
1659 3080 1748 3146 qui
1777 3081 2046 3150 vivebant,
2077 3120 2080 3139 .

2156 3089 2274 3142 qua:
2291 3081 2373 3126 est
2390 3071 2628 3125 Ecclesia
2653 3069 2746 3124 Dei
2773 3069 3026 3136 viventis,
3055 3080 3108 3124 et
3133 3072 3222 3125 ubi
3252 3080 3334 3125 est
3357 3085 3515 3124 verus
3532 3067 3711 3135 Israel,

493 3167 563 3206 ne
590 3153 819 3210 ulterius
838 3161 1070 3216 vastatio
1098 3163 1288 3219 mortis
1317 3165 1607 3233 proficeret
1641 3167 1753 3236 jam
1797 3171 1849 3225 in
1885 3182 2048 3228 caete-

495 3257 607 3303 ros.
651 3240 804 3298 Venit
835 3257 889 3302 et
938 3263 1082 3305 nunc
1127 3265 1288 3306 verus
1317 3253 1559 3320 pontifex
1587 3269 1738 3310 meus
1767 3257 2047 3327 Dominus,

2157 3170 2210 3223 in
2267 3167 2484 3222 Christo
2532 3163 2658 3220 Jesu
2703 3161 2929 3218 Domino
2979 3173 3184 3228 nostro,
3223 3164 3308 3218 cui
3340 3170 3424 3218 est
3461 3161 3631 3233 gloria
3661 3169 3712 3215 et

2155 3260 2437 3328 imperium
2471 3260 2524 3312 iu
2551 3257 2746 3312 saecula
2774 3256 3112 3313 saculorum.
3138 3258 3329 3311 Amen.

598 3421 644 3451 ⁶¹
691 3421 883 3478 Matth.
934 3441 1104 3491 xxvtt,
1146 3425 1235 3482 25.
1310 3430 1357 3473 ⁸³
1387 3429 1580 3485 Matth.
1606 3447 1764 3499 xxm,
1789 3433 1881 3489 '55.
1955 3435 2001 3466 ⁸⁸
2030 3437 2159 3491 Luc.
2181 3451 2298 3500 xm,
2329 3435 2418 3488 55.

561 3554 672 3626 (Ξὸ)
720 3555 868 3623 Mss,
917 3577 934 3610 ‹
975 3570 1098 3614 sunt
1117 3575 1244 3631 ergo
1281 3562 1366 3616 isti
1398 3577 1522 3632 pars
1544 3567 1727 3635 populi
1753 3572 1968 3625 mortui.
2000 3590 2018 3624 s
2050 3569 2207 3626 Libb.
2231 3573 2383 3636 editi,
2421 3592 2439 3624 ε
2469 3580 2592 3627 sunt
2613 3587 2742 3642 ergo
2778 3570 2954 3641 populi
2980 3586 3105 3642 pars
3131 3569 3351 3626 mortui.
3391 3586 3408 3620 s

1808 3938 2386 4030 MONITUM

1291 4125 1382 4179 AD
1416 4124 1737 4182 ORIGENIS
1773 4127 2171 4185 ΕΞΗΓΗΤΙΚΑ
2210 4132 2278 4187 ΙΝ
2308 4131 2566 4188 LIBRUM
2591 4132 2911 4192 JUDICUM.

2075 4294 2127 4303 σι..

555 4435 860 4522 Ruj'iuus‘in
905 4440 1230 4522 Rerorotione
1261 4441 1535 4522 subiuncta
1565 4441 1966 4522 Commentariis
2001 4445 2262 4522 Origenisg
2289 4450 2345 4502 in
2385 4447 2678 4522 Epistolam
2718 4451 2789 4503 ad
2820 4448 3084 4522 Iiomanos
3127 4461 3345 4522 testatur
3381 4469 3435 4507 se
3458 4469 3563 4520 qua
3611 4453 3712 4522 ﬁde

485 4506 753 4590 transtulit
781 4507 1108 4590 ltontiliasjn
1137 4508 1318 4588 J-esutn
1349 4506 1515 4590 lyciae,
1545 4515 1723 4590 eadem
1750 4513 1935 4569 Latine
1955 4506 2179 4590 pertisse
2208 4506 2507 4590 ὲξηγητιὶεὰ
2531 4522 2586 4572 in
2621 4521 2808 4573 librum
2831 4519 3083 4574 Iudicum
3111 4539 3129 4574 :
3167 4541 3185 4573 ι
3227 4521 3367 4575 Nam
3400 4533 3449 4576 et
3471 4506 3589 4588 illa,
3611 4506 3710 4577 ’ἤιέ

484 4577 616 4660 guit,
646 4592 762 4660 qua:
791 4577 846 4627 in
864 4574 1242 4660 {esuulillave‘et‘
1266 4579 1318 4631 in
1350 4574 1600 4660 udicum
1642 4574 2526 4660 librumﬁscripsimustsimpiiciter
2567 4591 2915 4660 expressimus
2947 4600 3003 4644 ut
3029 4574 3710 4646 invenimusrnNovemvin

487 4651 625 4731 {tunc
643 4645 1128 4731 Alioru'rn'lwmilias‘
1148 4646 1386 4731 Origenis
1415 4664 1782 4731 commemorat
1815 4645 2365 4731 Cassiodorus-[nstin
2391 4661 2592 4731 cap._i.
2628 4645 2824 4713 Novem
2847 4660 2999 4714 hodie
3020 4661 3290 4731 habemus,
3321 4645 3543 4731 quorum
3567 4645 3709 4716 sem

484 4714 743 4800 comicum
773 4713 988 4800 Debere:
1014 4713 1287 4800 explanat,
1307 4721 1382 4800 uti
1403 4723 1714 4800 promiserat
1744 4725 1851 4800 ipse
1874 4723 2127 4800 Origenes
2158 4728 2212 4800 in
2249 4713 2465 4800 prologo
2482 4713 2990 4800 Commentariorum
3018 4733 3070 4782 in
3089 4713 3708 4786 canitehﬂiun’ii’céiisi

479 4781 764 4870 hisjverbirs
795 4800 882 4870 at.
919 4781 1106 4870 Vnerunt
1129 4798 1175 4840 et
1204 4787 1380 4870 def/tis
1403 4781 1701 4870 'pleniusjn
1737 4781 1842 4870 iiiis
1871 4781 2216 4870 orat-'iuncuiis
2235 4781 2476 4870 Δξιιίιιείὶίιξ
2495 4781 3708 4870 lucumones};éutéiddifdiskéini'

486 4856 606 4939 ries.
635 4849 1007 4939 armVerisimile
1039 4871 1161 4939 ergo
1197 4866 1273 4939 est
1302 4849 1575 4939 itas'ipsas
1616 4860 1856 4939 Itontilias
1896 4849 3284 4939 designarifoli:Origene,proindeguewouteﬁannuus,
3308 4849 3706 4938 "tio

480 4921 1036 5010 insoﬁediit'u511te'ruiln
1067 4921 1346 5010 hbudﬂscio
1368 4921 1916 5010 an’(quentadmodum
1940 4921 2188 5000 opinatur
2229 4921 2454 4989 Huetius
2481 4921 2812 5006 O'ri'genian.’
2832 4921 2921 5010 lib.
2954 4921 3040 5000 tit,

483 4993 612 5076 riter
637 4991 759 5076 inde
786 4993 1028 5074 conciudi
1049 4996 1260 5076 “possit,
1300 4998 1439 5065 ipsas
1467 4991 1570 5050 non
1595 4999 1770 5076 fuisse
1794 5017 1858 5054 ea:
1890 4991 2118 5076 tempore
2155 5017 2427 5070 conceptas
2460 4991 2508 5060 et
2548 4991 2812 5063 recitatos.
2842 4991 3452 5076 ce’rc’é’hb'stinipiiisd
3473 4991 3704 5073 nuntii,

645 5069 887 5149 est-quem
910 5064 1018 5129 ipse
1041 5062 1295 5149 Qrigeues
1319 5059 1660 5149 testatursibi
1691 5069 1936 5149 solumin
1963 5059 2183 5127 ruentem
2205 5059 2424 5138 venisse,
2451 5059 3004 5131 cumiéseiehaau}
3029 5059 3304 5134 ei

479 5129 937 5216 dicentibus
967 5133 1111 5216 nobis
1136 5129 1384 5216 occurrit,
1413 5138 1702 5216 etutittam
1731 5138 1950 5216 Domino
1975 5155 2282 5212 suggerente
2315 5129 2620 5212 occurrerit,
3086 5129 3704 5214 *th“e's‘¢,Téi'c."i

479 5208 752 5284 postquam
782 5207 1135 5284 ργοιιριηιιαεω
1160 5214 1315 5284 sunt,
1337 5207 1512 5284 Potuit
1540 5207 1729 5284 {ittcris
1765 5211 2024 5284 mandare
2040 5207 2151 5284 'a'ut
2169 5230 2547 5284 recognoscere.

548 5265 1044 5357 frieterhomilias,
1088 5290 1157 5325 an
1202 5265 1649 5357 aliudqttidpjnm
1680 5281 1804 5357 datu
1833 5296 1987 5357 opera
2010 5282 2061 5333 in
2093 5265 2567 5357 librum?
2601 5288 2867 5357 scripserit
2895 5287 3164 5357 Origenes,
3191 5291 3445 5344 incertum
3475 5301 3572 5344 est.
3608 5290 3707 5344 Ve-

479 5349 1016 5480 E’ugigigﬁgﬁggﬁsf
1054 5347 1426 5414 manuscriptte
1471 5346 1668 5427 aliquot
1711 5349 1803 5402 sub
1856 5349 1969 5418 ejus
2001 5354 2206 5405 nomine
2252 5354 2548 5426 fragmenta
2584 5346 2768 5414 Graeca
2808 5346 3068 5424 exhibent,
3099 5346 3216 5432 qua:
3243 5377 3337 5416 nos
3369 5361 3707 5417 ltomiliarunt
