4050 6148
419 283 518 340 949

1672 281 1985 338 SELECTA
2018 279 2083 334 ΙΝ
2117 278 2416 336 JUDiCES.

3546 277 3652 330 050

1165 594 2104 731 ΩΡΙΙἚΝΟΥΣ
2175 589 2923 729 ΕΚΛΟΓΑΙ

1559 839 1730 925 ΕΙΣ
1767 836 2054 923 ΤΟΥΣ
2115 829 2530 922 ΚΡΙΤΑΣ.

946 1177 1112 1268 EX
1181 1177 1719 1272 ORIGENE
1792 1176 2302 1270 SELECTA
2378 1175 2506 1265 IN
2579 1169 3114 1264 JUDICES.

475 1537 585 1593 Καὶ
617 1533 836 1599 εὔξατο
877 1532 1094 1602 Ἰεφθάε
1117 1532 1310 1602 εὐχὴν·
1341 1534 1422 1600 τῷ
1462 1538 1677 1603 Κυριῳ.
1708 1535 1772 1588 Et
1803 1534 1978 1589 Πνεῦ-

2147 1530 2218 1585 Et
2242 1529 2376 1584 vovit
2401 1527 2586 1596 Iephte
2611 1531 2785 1580 votum
2815 1522 3042 1580 Domino
3083 1521 3151 1575 ⁵⁸.
3194 1519 3252 1576 Si
3289 1517 3520 1592 Spiritus
3552 1519 3657 1578 Do-

412 1648 486 1702 μα
517 1630 724 1701 Κυρίου
758 1628 844 1681 ἐπ’
880 1624 1063 1691 αὑτὸν,
1098 1626 1215 1691 πῶς
1247 1625 1464 1696 εὔχεται
1500 1627 1536 1682 ἃ
1572 1630 1645 1699 μὴ
1681 1630 1979 1701 προσήκει;

421 1722 573 1792 Ἐνῆν
597 1721 706 1793 γὰρ
729 1722 824 1774 καὶ
853 1719 990 1773 κύνα
1017 1719 1324 1789 ἀπαντῆσαι
1351 1719 1622 1773 ἐπανιόντι
1649 1720 1726 1791 τῷ
1753 1722 1979 1791 Ἰεφθάε.

409 1811 531 1887 Ἆρ’
567 1811 658 1870 οὖν
684 1814 890 1886 ἐσφάλη
931 1814 990 1866 τὸ
1021 1813 1283 1884 Πνεῦμα;
1318 1812 1587 1884 οὐδαμῶς*
1622 1812 1757 1868 ἀλλὰ
1785 1815 1846 1867 τὸ
1886 1813 1984 1885 μὲν

407 1909 630 1979 Πνεῦμα
685 1907 896 1980 βοηθεῖν
947 1905 1340 1976 παραγέγονεν,
1375 1906 1473 1976 οὐχ
1516 1905 1836 1959 ὑποϐάλλειν
1886 1905 1984 1977 τὴν

407 2002 603 2055 ἄτοπον
652 2000 834 2070 εὐχήνο
887 1997 1048 2061 αὐτὸς
1089 1997 1147 2050 δὲ
1218 1996 1506 2066 σφάλλεται
1567 1997 1983 2068 ἀπερισκέπτως

414 2091 805 2162 ὑποσχόμενος.

474 2269 586 2322 Καὶ
608 2265 786 2322 εἶπαν
815 2265 976 2334 αὐτῷ
993 2267 1209 2322 Ἐἰπὸν
1231 2267 1306 2336 δὴ
1335 2268 1586 2338 στάχυς.
1623 2270 1686 2322 Oi
1713 2269 1771 2323 δὲ
1802 2269 1983 2337 ἔλεγον

406 2360 656 2429 στάχυς·
703 2361 957 2432 σημαίνει
989 2361 1236 2428 σέϐηλα,
1262 2362 1399 2432 ὅπερ
1418 2361 1565 2414 ἐστὶν
1595 2360 1883 2431 ἄσταχυς.
1921 2363 1983 2416 Οἱ

405 2451 459 2504 δὲ
492 2452 677 2520 ἔλεγον
708 2452 946 2519 σεϐήλω
995 2453 1088 2506 καὶ
1128 2453 1228 2506 οὐκ
1287 2453 1536 2506 ἐδύναντο
1567 2455 1780 2524 τρανῶς
1812 2457 1982 2508 εἰπεῖν

405 2541 654 2612 σέϐηλα.
691 2545 752 2598 Et
786 2543 894 2614 γὰρ
927 2546 1020 2598 καὶ
1053 2543 1291 2615 Ἑϐραῖοι
1322 2544 1632 2615 ἐτύγχανον,
1667 2545 1802 2599 ἀλλὰ
1844 2547 1984 2601 κατὰ

408 2635 748 2707 συμμετρίαν
779 2635 1075 2707 βραχύτητι
1099 2636 1479 2709 παρήλλασσον
1500 2638 1559 2690 ἐν
1583 2640 1648 2709 τῇ
1682 2638 1782 2708 τῆς
1806 2638 1982 2692 διαλέ-

405 2725 540 2792 ξεως
569 2729 836 2798 προφορᾷ.
875 2728 948 2781 Τὸ
998 2723 1091 2781 οὖν
1120 2728 1359 2799 σύνθεμα
1389 2724 1457 2799 ἧν
1487 2728 1737 2798 σέϐηλα,
1768 2731 1905 2801 ὅπερ
1933 2733 1981 2784 οἰ

407 2817 822 2889 ἐπερωτώμενοι
885 2818 1130 2888 λέγοντες
1188 2819 1459 2885 σεϐήλω,
1536 2819 1827 2890 ἠλέγχοντο
1882 2822 1982 2874 οὐκ

2085 1623 2215 1678 ιιιἰηί
2243 1629 2362 1677 erat
2413 1634 2573 1688 super
2615 1619 2788 1682 illum,
2819 1631 2917 1672 cur
2948 1625 3109 1671 vovet
3141 1629 3262 1685 quae
3302 1628 3500 1670 vovere
3547 1629 3654 1670 non

2083 1729 2296 1784 aequum
2326 1713 2483 1769 erat?
2511 1711 2655 1767 Fieri
2692 1710 2836 1766 enim
2862 1715 3078 1778 poterat
3111 1714 3170 1761 ut
3197 1705 3359 1761 etiam
3383 1705 3533 1761 canis
3560 1721 3654 1762 oc-

2084 1815 2329 1860 curreret
2364 1802 2652 1859 revertenti
2683 1799 2850 1873 458
2871 1797 3082 1867 Iephte.
3105 1796 3358 1868 Nunquid
3396 1797 3653 1868 deceptus

2084 1906 2168 1952 est
2195 1895 2474 1966 Spiritus?
2502 1895 2747 1948 minime.
2776 1891 2881 1946 Sed
2907 1890 3140 1960 Spiritus
3176 1891 3230 1945 in
3261 1889 3521 1944 auxilium
3560 1889 3658 1946 ad-

2085 1999 2222 2054 erat,
2279 2002 2388 2043 non
2420 2001 2548 2041 vero
2581 1995 2640 2039 ut
2684 1983 2973 2038 absurdum
3020 1982 3126 2037 hoc
3161 1989 3347 2038 votum
3377 1980 3652 2050 suaderet,

2083 2080 2201 2150 lpse
2253 2094 2382 2135 vero
2433 2076 2632 2148 Jephte
2681 2075 2906 2144 erravit,
2969 2073 3374 2130 inconsiderate
3426 2073 3656 2144 promit-

2086 2181 2231 2226 tens.

2153 2262 2224 2316 Et
2247 2263 2493 2317 dixerant
2534 2261 2582 2315 ei
2619 2275 2638 2314 :
2671 2259 2770 2314 Dic
2797 2275 2932 2314 nunc
2954 2259 3100 2328 spica
3130 2258 3198 2313 ⁸⁸.
3230 2257 3337 2313 Alii
3376 2256 3659 2322 dicebant.

2081 2359 2246 2428 spica.
2285 2357 2342 2411 ιιι
2366 2364 2448 2412 est
2469 2353 2661 2419 sebela,
2689 2353 2832 2422 quod
2859 2360 2942 2408 est
2959 2353 3124 2422 spica.
3147 2351 3252 2406 Alii
3283 2350 3536 2406 dicebant
3572 2366 3654 2404 se-

2084 2451 2217 2516 belo,
2270 2463 2372 2504 nec
2419 2447 2565 2504 clare
2613 2455 2864 2516 poterant
2902 2439 3082 2500 dioere
3115 2443 3305 2497 sebela.
3331 2440 3654 2512 Quanquam

2083 2540 2227 2596 enim
2278 2538 2486 2594 Hebraei
2519 2547 2692 2602 erant,
2735 2546 2790 2591 at
2827 2551 2895 2591 ex
2923 2534 3138 2590 dialecti
3171 2548 3284 2589 suae
3313 2533 3470 2604 vitio.
3499 2533 3656 2602 hujus

2082 2631 2233 2686 vocis
2263 2644 2568 2685 mensuram
2596 2627 2997 2698 pronuntiando
3015 2622 3398 2694 corripiebant.
3422 2623 3653 2679 Tessera

2081 2737 2212 2792 ergo
2249 2730 2370 2776 erat
2406 2720 2599 2786 sebeta,
2646 2735 2742 2790 pro
2775 2735 2881 2790 qua
2911 2733 3033 2774 cum
3061 2717 3378 2787 interrogati
3405 2717 3657 2771 dicerent.

2083 2813 2273 2879 sebela,
2300 2814 2666 2884 arguebantur
2688 2827 2795 2866 non
2819 2825 2938 2868 esse
2957 2825 3024 2866 ex
3052 2810 3294 2881 cognatis
3315 2807 3532 2878 Iephte.
3557 2808 3654 2863 sed

405 2905 558 2970 ὄντες
607 2907 714 2961 τῶν
772 2907 983 2962 οίκείων
1026 2908 1119 2962 τοῦ
1184 2909 1410 2979 Ἰεφθάε,
1459 2908 1593 2964 ἀλλὰ
1640 2909 1749 2964 τῶν
1780 2913 1982 2965 ἐπανα-

2085 2921 2154 2961 ex
2178 2920 2405 2961 numero
2431 2904 2737 2961 rebellium.

413 3001 674 3052 στάντων.

480 3089 589 3142 Καὶ
621 3089 776 3158 γυνὴ
793 3090 979 3144 αὑτοῦ
1005 3091 1211 3159 στεῖρα
1239 3091 1334 3144 καὶ
1357 3092 1468 3144 οὐκ
1498 3092 1720 3146 ἔτεκεν.
1743 3093 1856 3147 Οὐκ
1875 3094 1984 3148 άπὸ

406 3179 508 3248 τῆς
527 3179 758 3248 φύσεως,
779 3181 893 3234 ἀλλ’
922 3181 1031 3234 ἀπὸ
1057 3181 1157 3252 τῆς
1190 3183 1463 3246 διακονίας
1478 3183 1570 3236 ἐπὶ
1602 3183 1694 3237 τοῦ
1719 3185 1983 3255 παρόντος

413 3269 630 3340 στεῖραν
657 3270 826 3324 καλεῖ.

477 3361 731 3430 Σίδηρος
777 3365 886 3418 οὐκ
924 3364 1104 3433 ἀνέϐη
1139 3363 1237 3418 ἐπὶ
1271 3365 1386 3434 τὴν
1431 3364 1702 3435 κεφαλήν
1745 3384 1864 3436 μου
1894 3367 1985 3422 ὄτι

403 3451 709 3521 Ναζῖριιῐος
738 3456 840 3509 τοῦ
872 3456 1018 3510 Θεοῦ
1039 3457 1152 3525 ἐγώ
1180 3461 1313 3527 ειμι.
1342 3459 1420 3510 Δι’
1442 3457 1568 3530 ὅλης
1599 3459 1696 3529 τῆς
1734 3459 1861 3531 περὶ
1893 3460 1984 3513 τὸν

408 3543 646 3615 Σαμψὼν
680 3547 920 3619 ἱστορίας
948 3550 1003 3601 αἱ
1031 3549 1212 3621 τρίχες
1251 3550 1524 3618 φαίνονται
1554 3549 1863 3622 τὴνπᾶσαν
1889 3553 1984 3606 αὐ-

405 3635 484 3705 τῷ
515 3643 815 3708 περιποιεῖν
848 3641 1022 3710 ἰσχύν.

485 3729 594 3782 Τοῦ
614 3731 819 3786 αὐτοῦ.
855 3731 1149 3805 Ναζιραίον
1171 3735 1232 3787 τὸ
1267 3735 1679 3808 πεφυλαγμένον
1715 3737 1854 3796 κατὰ
1887 3738 1982 3810 τὴν

407 3821 593 3893 Σύρων
632 3824 813 3896 φωνὴν
841 3827 1115 3897 ὀνομάζει.
1138 3829 1230 3898 Μὴ
1259 3828 1628 3894 ἐξακολουθεῖν
1654 3831 1709 3884 δέ
1740 3834 1803 3902 τῇ
1832 3830 1983 3896 τάξει

407 3914 515 3968 τῶν
572 3916 920 3988 Ἰσραηλιτῶν
967 3919 1058 3971 τὸν
1099 3919 1335 3990 Σαμψὼν
1378 3924 1405 3974 ὁ
1450 3922 1582 3986 Θεὸς
1632 3925 1980 3993 προστάσσει,

410 4003 530 4055 κατ’
568 4004 744 4058 ἐκεῖνο
772 4005 963 4076 καιροῦ
1009 4007 1107 4079 τὴν
1161 4009 1399 4080 κεφαλὴν
1432 4010 1755 4083 ξυρωμένων
1789 4014 1875 4068 διὰ
1923 4015 1983 4067 τὸ

409 4097 685 4168 εὐσήμους
715 4095 854 4154 εἶναι
887 4103 1022 4172 πρὸς
1043 4101 1273 4167 πάντας.

481 4191 591 4244 Καὶ
653 4191 942 4290 ἐποίησεν
1013 4193 1199 4264 Ἐςοὼδ
1259 4196 1360 4249 καὶ
1417 4196 1721 4266 Θεραεσείν.
1808 4197 1982 4267 Ἑφὼδ
2009 4228 2056 4290 C

2155 3087 2225 3141 Et
2275 3106 2412 3144 uxor
2462 3093 2577 3162 ejus
2626 3093 2845 3158 sterilis,
2897 3103 2947 3147 et
3005 3110 3108 3147 non
3152 3095 3385 3162 pariebat
3425 3096 3493 3150 ".
3531 3096 3649 3152 Non

2082 3195 2146 3234 ex
2186 3191 2400 3246 natura,
2441 3184 2539 3239 sed
2597 3199 2666 3241 ex
2719 3185 3021 3240 ministerio
3082 3201 3224 3240 nunc
3281 3187 3517 3242 sterilem
3551 3202 3649 3241 vo-

2080 3283 2188 3329 cat.
3527 3307 3536 3314 .

2155 3349 2381 3404 Ferrum
2425 3365 2528 3404 non
2584 3349 2822 3404 ascendit
2879 3364 3034 3416 super
3089 3356 3244 3417 caput
3291 3364 3464 3403 meum
3521 3365 3653 3418 quo-

2087 3443 2230 3497 niam
2270 3439 2549 3496 Nazirteus
2591 3440 2688 3495 Dei
2729 3457 2820 3510 ego
2865 3455 2980 3495 sum
3006 3439 3072 3492 ⁸⁷.
3125 3438 3229 3495 Per
3285 3448 3451 3518 totam
3494 3439 3650 3494 Sam-

2085 3533 2236 3588 sonis
2295 3533 2576 3588 historiam
2633 3530 2893 3587 fortitudo
2948 3531 3063 3600 ejus
3108 3531 3327 3587 videtur
3363 3531 3418 3586 in
3444 3531 3651 3587 cauillis

2085 3629 2210 3684 sita.

2149 3720 2423 3792 Ejusdem.
2451 3719 2712 3791 Syrorum
2744 3719 2925 3789 lingua
2975 3717 3274 3774 Naziraaum
3323 3720 3654 3776 custoditum

2083 3822 2258 3868 vocat.
2308 3811 2558 3880 Praecipit
2598 3820 2778 3866 autem
2828 3811 2969 3864 Deus
3019 3819 3078 3864 ut
3139 3810 3365 3865 Samson
3412 3827 3520 3865 non
3567 3827 3653 3866 se-

2083 3915 2281 3974 quatur
2348 3919 2551 3958 morem
2619 3903 2985 3958 lsraelitarum
3058 3904 3149 3970 qui
3217 3911 3348 3957 tunc
3397 3905 3654 3974 temporis

2083 3995 2446 4061 radebantur,
2501 4002 2561 4048 ut
2610 3993 2766 4048 facile
2823 3994 2892 4048 ab
2941 3993 3192 4050 omnibus
3243 3994 3461 4065 agnosci
3521 4011 3651 4066 pos-

2083 4094 2228 4142 sent.

2157 4176 2226 4231 Et
2281 4175 2402 4246 fecit
2458 4175 2647 4243 Ephod
2695 4186 2745 4232 et
2799 4180 3072 4248 Terapln’m
3121 4181 3186 4235 ⁵⁸.
3238 4180 3423 4250 prod
3486 4181 3652 4237 vestis

413 4279 640 4353 ὕφασμα
683 4279 749 4355 ἦν
791 4287 1077 4357 ἱερατικὸν,
1137 4287 1272 4357 ὅπερ
1306 4289 1672 4358 περικειμένῳ
1718 4288 1795 4358 τῷ
1849 4291 1984 4362 ἱερεῖ

2085 4283 2203 4328 erat
2257 4271 2610 4328 sacerdotalis
2673 4288 2778 4343 qua
2836 4273 3055 4330 indutus
3117 4279 3373 4331 sacerdos
3418 4275 3653 4345 Spiritus

409 4374 599 4443 ἐφοίτα
630 4376 722 4429 τοῦ
749 4377 903 4446 ἁγίου
935 4379 1302 4450 Πνεύματοςή
1335 4379 1513 4451 χάρις.
1541 4381 1614 4432 Τὸ
1638 4381 1693 4433 δὲ
1715 4380 1984 4452 Θεραφεὶν

411 4465 617 4520 τοιοῦτο
645 4468 846 4536 μέντοι,
881 4469 942 4521 ού
987 4469 1166 4524 θεῖκὸν
1211 4469 1287 4535 δὲ,
1323 4469 1436 4524 ἀλλ’
1469 4471 1764 4538 εἰδωλικὸν,
1799 4473 1874 4536 ὡς
1926 4475 1983 4525 ἐν

409 4561 530 4622 ταῖς
555 4558 852 4628 βασιλείαις
883 4560 1177 4614 δείκνυται.

482 4737 592 4792 Καὶ
618 4736 876 4806 ἐξῆλθον
903 4741 956 4791 οὶ
993 4739 1109 4792 υἱοὶ
1156 4740 1456 4808 Βενιαμίν.
1491 4738 1645 4802 Τίνος
1677 4738 1861 4791 ἕνεκεν
1893 4741 1984 4808 ἡτ-

2080 4364 2256 4419 sancti
2295 4365 2523 4434 gratiam
2589 4365 2905 4435 recipiebat.
2950 4367 3279 4438 Theraphim
3317 4379 3496 4422 autem
3544 4368 3652 4424 tale

2081 4457 2355 4526 quippiam
2419 4465 2535 4510 erat
2572 4457 2715 4526 quod
2755 4473 2861 4513 non
2927 4460 3115 4523 Deum,
3180 4460 3272 4514 sed
3313 4458 3512 4515 idolum
3553 4460 3652 4515 ali-

2081 4549 2220 4613 quod
2279 4559 2719 4618 repraesentaret,
2771 4561 2829 4607 ut
2857 4551 2910 4607 in
2949 4553 3103 4609 libris
3134 4553 3442 4623 Regnorum
3468 4564 3650 4611 osten-

2081 4639 2250 4696 ditur.

2153 4731 2222 4784 Et
2253 4731 2492 4786 exierunt
2522 4733 2622 4802 ﬁlii
2660 4733 2937 4803 Benjamin
2973 4734 3040 4789 ⁸⁸.
3075 4735 3183 4790 Cur
3209 4736 3498 4792 vincuntur
3555 4737 3650 4806 qui

408 4829 609 4883 τῶνται
636 4829 856 4892 δικαίως
888 4829 1236 4896 ἐπελθόντες;
1277 4831 1348 4883 Ἦ
1381 4830 1537 4900 δῆλον
1571 4832 1652 4883 ὅτι
1676 4830 1760 4885 διὰ
1785 4830 1986 4900 προλα-

2083 4823 2218 4892 iuste
2255 4825 2489 4893 aggressi
2518 4827 2710 4880 erant?
2752 4826 2946 4898 Liquet
2987 4829 3040 4883 id
3073 4828 3336 4883 accidisse
3356 4829 3425 4883 ob
3443 4842 3650 4896 praece-

408 4918 610 4990 δούσης
641 4919 839 4984 αἰτίας.
891 4920 998 4972 Καὶ
1030 4922 1058 4973 ὁ
1086 4919 1294 4991 ψαλμός
1341 4938 1520 4992 φησιν’
1557 4940 1576 4973 ι
1628 4922 1792 4974 Ὅταν
1835 4921 1982 4974 λάϐω

2083 4912 2288 4968 dentem
2308 4929 2549 4970 causam.
2569 4915 2624 4971 In
2648 4917 2853 4986 psalmo
2875 4919 3072 4973 dicitur
3088 4919 3131 4949 ⁸ο
3155 4935 3168 4968 :
3202 4917 3362 4973 «Cum
3383 4932 3647 4987 accepero

411 5012 623 5083 καιρὸν,
655 5011 765 5081 ἐγὼ
798 5012 1096 5084 εὐθύτητας
1151 5013 1339 5086 κρινῶ.
1383 5033 1402 5064 ι
1446 5009 1578 5066 Εἶτα
1611 5017 1704 5068 καὶ
1741 5012 1881 5084 μετὰ
1922 5013 1983 5065 τὸ

2083 5012 2307 5071 tempus,
2351 5019 2450 5074 ego
2488 5007 2726 5077 justitias
2759 5009 3031 5078 iudicabo.
3068 5029 3088 5062 s
3121 5010 3325 5066 Deinde
3365 5019 3650 5080 postquam

411 5103 728 5174 ἡττηθῆναι,
764 5105 856 5157 καὶ
905 5105 1032 5174 μίαν
1086 5105 1178 5157 καὶ
1234 5104 1507 5175 δευτέραν,
1545 5103 1806 5175 μετῆλθεν
1845 5103 1981 5174 ὀργὴ

2083 5098 2242 5151 semel
2294 5105 2350 5151 et
2399 5100 2596 5156 iterum
2628 5101 2758 5157 victi
2814 5111 2957 5166 sunt,
2991 5101 3043 5156 in
3082 5111 3334 5158 auctores
3375 5103 3643 5159 malorum

410 5197 504 5250 ἐπὶ
526 5198 651 5261 τοὺς
675 5196 1024 5268 ἠδικηκότας,
1053 5197 1146 5251 καὶ
1165 5196 1356 5250 νικῶσι
1379 5195 1592 5250 δίκαιαν
1626 5195 1800 5265 νίκην.

2088 5187 2167 5243 ira
2217 5191 2309 5248 Dei
2359 5194 2691 5264 supervenit,
2732 5202 2786 5250 et
2821 5193 2970 5263 jusla
3006 5193 3074 5250 de
3109 5194 3188 5251 eis
3226 5205 3534 5266 reportatur
3558 5194 3646 5250 vi-

2085 5283 2276 5339 ctoria.

513 5414 562 5490 ῥι
591 5411 711 5490 .lud.
739 5428 812 5476 xl,
846 5413 936 5490 2'10.
1009 5413 1055 5446 "
1090 5412 1212 5472 Jud.
1243 5431 1338 5485 xu,
1371 5415 1425 5470 6.
1531 5413 1577 5447 '°
1611 5411 1735 5469 Jud.
1780 5427 1899 5480 xm,
1954 5412 2007 5467 2.
2123 5418 2167 5449 ³⁷
2193 5419 2316 5478 Jud.
2354 5439 2465 5490 xvr,
2498 5424 2583 5480 l7.

407 5482 457 5519 “
485 5484 624 5540 Psal.
651 5499 835 5553 tum,
857 5485 910 5541 5.

1531 5413 1577 5447 ⁸⁸
1611 5411 1735 5469 Jud.
1780 5427 1899 5480 XIII,
1954 5412 2007 5467 2.
2123 5418 2167 5449 ³⁷
2193 5419 2316 5478 Jud.
2354 5439 2465 5490 xvr,
2498 5424 2583 5480 l7.
2689 5426 2734 5457 "
2760 5423 2881 5481 Jud.
2916 5439 3044 5489 xm,
3071 5423 3125 5480 5.
3200 5424 3248 5457 ”
3267 5421 3391 5481 Jud.
3430 5439 3522 5491 xx,
3547 5424 3640 5481 3|.
