4050 6148
432 237 534 290 83!

1887 233 2206 291 ORIGENIS

1085 547 1656 639 ORIGENIS
1733 549 1858 636 IN
1935 545 2392 636 LIBRUM
2482 545 3006 638 JUDICUM

1606 758 2246 874 ΗΟΜΙΙλΙίΕ
2287 756 2400 829 (26)
2421 838 2450 868 .

940 1141 1222 1198 HOMILIA
1253 1140 1489 1196 PRIMA.

439 1258 512 1312 De
537 1276 595 1311 eo
625 1259 761 1327 quod
808 1258 1059 1321 scriptum
1088 1266 1162 1310 est
1193 1257 1234 1287 ⁶¹
1271 1273 1284 1309 :
1342 1275 1360 1306 ς
1410 1255 1475 1308 Et
1519 1255 1721 1310 servivit
1772 1254 1992 1327 papulas

504 1326 727 1381 Domino
750 1329 986 1380 omnibus
1006 1329 1187 1380 diebus
1219 1327 1368 1388 Jesu,
1396 1334 1445 1380 et
1466 1328 1723 1378 seniorum
1747 1327 1836 1392 qui
1861 1326 1994 1377 vide-

505 1409 626 1521 ;‘unt
661 1400 847 1520 lautitia
877 1413 1034 1466 Opera
1074 1396 1283 1450 Domini
1321 1412 1510 1466 magna
1562 1412 1677 1466 qua:
1723 1395 1847 1464 fecit
1875 1411 1992 1448 cum

540 1485 656 1521 srae
713 1487 732 1520 ι

540 1485 678 1521 sraet
713 1487 732 1520 ι

505 1605 556 1656 1.
582 1601 772 1656 Lector
793 1600 1004 1670 quidem
1044 1601 1323 1669 praesentis
1353 1599 1599 1655 lectionis
1635 1600 1707 1652 ita
1743 1598 1988 1668 legebat:

440 1709 457 1740 ι
494 1689 559 1743 Ει
582 1689 996 1758 timuitpopulus
1023 1689 1303 1744 Dominum
1321 1688 1570 1744 omnibus
1597 1689 1785 1744 diebus
1807 1688 1986 1744 Jesu.»

436 1780 540 1834 Nos
575 1789 752 1834 autem
789 1780 1086 1834 habemus:
1124 1798 1142 1830 ‹
1187 1779 1255 1834 Et
1290 1781 1514 1835 servivit
1549 1782 1779 1850 populus
1811 1783 1990 1836 Domi-

434 1887 502 1924 no
529 1869 777 1925 omnibus
809 1870 995 1925 diebus
1032 1869 1178 1936 ἔθευ,
1219 1880 1272 1925 θῑ
1299 1872 1552 1926 omnibus
1583 1873 1772 1928 diebus
1818 1874 1995 1929 senio-

435 1977 552 2015 rum
569 1976 753 2016 eorum
791 1961 883 2031 qui
919 1961 1221 2030 longiorum
1261 1961 1469 2014 dierum
1499 1959 1716 2014 fuerunt
1745 1972 1864 2030 post
1904 1961 1994 2017 Je-

433 2069 572 2107 sum.
603 2071 624 2105 ι
657 2052 877 2122 Oportet
905 2066 1029 2122 ergo
1047 2052 1187 2108 scire
1215 2052 1337 2119 quia
1361 2051 1725 2120 unusquisque
1750 2064 1990 2107 nostrum

434 2145 548 2214 ipse
582 2144 683 2199 sibi
709 2151 946 2213 praestat,
980 2152 1038 2195 ut
1067 2143 1118 2195 in
1155 2142 1311 2197 nobis
1339 2142 1529 2197 diebus
1566 2144 1638 2197 sit
1663 2153 1753 2196 aut
1779 2144 1832 2198 in
1879 2161 1995 2197 ina-

434 2237 519 2302 lis,
551 2247 688 2292 etut
720 2238 833 2292 dies
860 2236 971 2308 (27)
1005 2235 1200 2290 habeat
1231 2234 1383 2299 Jesu,
1426 2234 1511 2289 vel
1549 2235 1662 2290 dies
1700 2235 1991 2305 justorum,

432 2339 525 2383 aut.
578 2331 691 2384 dies
740 2330 934 2383 haheat
970 2327 1274 2396 impiorum.
1327 2325 1385 2382 Si
1429 2327 1573 2381 enim
1633 2327 1992 2396 intelligamus

435 2439 454 2472 ι
493 2421 669 2474 lumen
719 2435 902 2473 verum
954 2419 1096 2488 quod
1149 2417 1415 2472 illuminat
1465 2432 1678 2472 omnem
1718 2418 1989 2474 hominem

2019 1145 2067 1204 Α
2098 1138 2215 1206 ejus
2254 1135 2423 1191 fuisse
2464 1133 2737 1188 videbitur
2771 1131 2910 1203 apud
2940 1146 3055 1197 eos,
3082 1133 3171 1202 qui
3199 1145 3322 1186 eum
3350 1131 3404 1185 in
3429 1139 3652 1186 mortem

2095 1230 2246 1284 falsis
2277 1226 2751 1282 criminationibus
2779 1224 3172 1279 tradiderunt?
3203 1222 3485 1290 Quomodo
3535 1225 3655 1278 istis

2093 1322 2424 1376 videbuntur
2473 1318 2588 1371 dies
2628 1315 2852 1385 iustitia:
2902 1324 2957 1369 et
3002 1314 3116 1368 dies
3158 1316 3305 1382 pacis
3344 1318 3546 1378 exorti,
3600 1314 3652 1368 iu

2091 1429 2318 1484 quorum
2385 1414 2653 1468 mentibus
2706 1411 3013 1480 iniquitatis
3054 1419 3109 1463 et
3159 1409 3356 1463 furoris
3416 1411 3653 1464 tenebras

2094 1505 2487 1559 versabantur?
2511 1514 2566 1560 et
2595 1519 2811 1559 rursum
2845 1502 2890 1557 si
2945 1500 3011 1555 ad
3046 1502 3169 1556 illos
3213 1503 3328 1556 dies
3360 1514 3499 1570 quos
3531 1500 3650 1553 Sal-

2089 1609 2247 1652 vator
2276 1598 2454 1667 exegit
2481 1599 2532 1650 in
2565 1612 2760 1659 carne,
2790 1597 3059 1653 referatur
3087 1597 3188 1652 hoc
3215 1593 3362 1665 quod
3392 1593 3648 1662 scriptum

2092 1699 2208 1744 est:
2240 1707 2257 1737 ‹
2283 1685 2556 1743 Orietur”
2577 1688 2979 1760 indiebusejus
3007 1689 3239 1760 iustitia,
3273 1699 3329 1742 et
3362 1685 3645 1740 multitudo

2092 1782 2260 1850 pacis.
2295 1801 2312 1833 ι
2357 1795 2500 1834 nunc
2524 1780 2778 1848 quoniam
2808 1795 2917 1836 non
2954 1791 3084 1836 sunt
3111 1780 3184 1835 illi
3211 1781 3346 1842 dies,
3381 1794 3514 1849 ergo
3543 1792 3644 1831 non

2091 1874 2272 1928 oritur
2377 1872 2591 1942 iustitia
2627 1873 2764 1942 ejus.
2803 1887 2905 1928 nec
2934 1873 3226 1927 multitudo
3258 1871 3408 1941 pacis
3447 1869 3646 1925 Christi

2091 1965 2231 2033 apud
2284 1963 2467 2018 fideles
2512 1973 2566 2018 et
2635 1963 2916 2031 religiosos
2968 1962 3256 2017 invenitur.
3310 1961 3474 2031 Magis
3525 1975 3648 2013 vero

2093 2054 2456 2123 unusquisque
2479 2068 2575 2122 pro
2603 2054 2815 2107 actibus
2842 2053 2953 2107 suis
2985 2061 3035 2105 et
3062 2052 3476 2106 conversatione
3506 2049 3647 2114 vitm,

2091 2147 2205 2200 dies
2256 2145 2356 2199 sibi
2411 2146 2494 2198 vel
2544 2145 2850 2214 iniquitatis
2904 2154 2958 2198 et
3004 2143 3155 2206 belli,
3208 2143 3294 2197 vel
3335 2142 3557 2211 justitia:
3599 2151 3652 2196 et

2091 2237 2243 2307 pacis
2273 2236 2529 2303 acquirit.
2561 2237 2696 2289 Audi
2736 2235 2967 2302 denique
3002 2235 3320 2304 prophetam
3353 2233 3648 2288 dicentem:

2096 2347 2114 2378 ι
2154 2327 2510 2392 Timentibus,
2540 2327 2717 2395 inquit
2749 2327 2816 2390 ⁸⁵,
2850 2341 3046 2380 nomen
3096 2335 3267 2389 tuutn,
3322 2325 3530 2379 orietur
3574 2321 3655 2377 sol

2089 2419 2336 2488 justitiaa,
2379 2438 2397 2470 ι
2436 2420 2555 2474 sine
2602 2419 2770 2473 dubio
2814 2429 2871 2470 ut
2921 2417 3086 2472 faciat
3133 2418 3214 2472 eis
3254 2417 3370 2471 dies
3405 2415 3654 2486 jnstitiaa,

429 2511 736 2564 venientem
800 2509 856 2562 in
914 2509 1060 2563 hunc
1123 2509 1380 2562 mundum
1438 2506 1511 2571 δ’,
1555 2527 1573 2558 ι
1631 2516 1686 2562 et
1745 2509 1986 2576 praebea-
2019 2499 2062 2554 Β
2093 2514 2210 2567 dies
2239 2510 2388 2567 Jesu.
2430 2511 2504 2566 De
2533 2510 2714 2581 impiis
2755 2510 2910 2576 dicit,
2940 2510 3063 2578 quia
3108 2510 3316 2563 occidet
3358 2509 3438 2563 eis
3467 2507 3548 2562 sol
3572 2509 3660 2576 ju-

429 2614 550 2652 mus
601 2598 650 2653 ei
702 2598 768 2652 ad
825 2596 1234 2651 illuminandum
1292 2593 1500 2649 animas
1535 2607 1772 2662 nostras,
1816 2609 1907 2651 aut
1944 2600 1989 2655 si

425 2689 592 2762 459
613 2691 820 2746 oriatur
843 2690 998 2743 nobis
1027 2686 1374 2756 soljustitize,
1406 2697 1461 2741 et
1498 2693 1759 2744 mundum
1794 2691 1990 2746 anima:

431 2792 631 2836 unatrae
677 2781 790 2850 (28)
831 2781 1090 2836 habemus
1136 2779 1448 2847 hospitium,
1497 2779 1758 2836 habemus
1795 2789 1849 2837 et
1895 2798 1991 2836 nos

431 2873 548 2927 dies
571 2871 698 2929 Jesu
729 2873 951 2938 Christi,
984 2874 1098 2928 dies
1129 2871 1341 2926 salutis.
1366 2869 1420 2926 Si
1447 2874 1569 2943 quis
1597 2890 1729 2929 vero
1751 2875 1988 2928 animam

431 2983 580 3020 suam
630 2967 921 3036 praebuerit
956 2967 1020 3021 ad
1057 2968 1424 3035 recipiendam
1467 2969 1641 3022 lucem
1685 2968 1830 3021 illam
1873 2983 1992 3037 quae

431 3062 826 3128 exstinguetur,
872 3059 1045 3114 lucem
1089 3061 1417 3115 contrariam
1453 3060 1697 3124 veritati,
1747 3068 1799 3113 et
1829 3062 1896 3114 ab
1926 3075 1988 3113 ea

430 3150 594 3206 fuerit
629 3150 982 3214 illuminatus,
1017 3151 1234 3206 habebit
1268 3163 1323 3208 et
1363 3152 1481 3222 ipse
1512 3153 1646 3217 dies,
1673 3153 1765 3207 sed
1799 3153 1986 3218 malos,

429 3253 483 3296 et
517 3258 623 3295 non
662 3244 767 3297 erit
801 3246 854 3296 in
888 3244 1076 3298 diebus
1104 3242 1251 3309 Jesu,
1279 3246 1374 3300 sed
1406 3247 1510 3300 erit
1553 3245 1607 3298 in
1649 3244 1840 3300 diebus
1872 3245 1987 3299 Ma-

435 3350 616 3400 nasse,
656 3335 739 3390 vel
774 3337 824 3390 in
862 3333 1049 3390 diebus
1084 3335 1406 3401 Pharaonis,
1442 3337 1526 3390 vel
1558 3337 1608 3391 in
1639 3338 1863 3393 alterius
1892 3355 1988 3393 cu-

428 3428 733 3497 juscunque
773 3425 962 3482 diebus
1005 3428 1276 3497 pessimis.
1308 3428 1598 3498 Propterea
1657 3430 1886 3498 denique
1933 3432 1988 3486 in

431 3520 624 3575 diebus
657 3522 845 3576 Achab
887 3522 1028 3593 regis
1078 3522 1252 3591 iniqui
1293 3531 1347 3576 et
1390 3522 1613 3592 pessimi
1665 3538 1771 3578 non
1816 3525 1992 3597 potuit

432 3613 602 3667 Isaias
653 3613 844 3668 videre
878 3611 1076 3680 visum,
1117 3627 1222 3667 non
1277 3613 1450 3681 potuit
1482 3613 1666 3668 videre
1706 3614 1988 3669 Dominum

433 3703 670 3759 Sabaoth
701 3704 976 3759 sedentem
1008 3719 1168 3773 super
1192 3703 1449 3758 thronum
1478 3704 1752 3760 excelsum
1783 3715 1840 3760 et
1878 3705 1988 3760 ele-

429 3806 637 3850 vatum.
669 3795 776 3850 Sed
801 3810 866 3850 ex
891 3811 998 3866 quo
1029 3806 1275 3851 mortuus
1313 3804 1397 3851 est
1426 3811 1521 3850 rex
1549 3812 1802 3866 nequam,
1837 3797 1990 3865 cujus

429 3899 588 3943 erant
621 3889 735 3944 dies
763 3888 911 3952 ntali,
946 3897 1056 3942 tum
1089 3890 1267 3959 potuit
1294 3889 1480 3944 videre
1525 3891 1783 3959 propheta
1825 3892 1989 3945 visio-

430 3999 552 4037 nem
579 3982 668 4036 Dei
698 3981 763 4033 ⁸³.
793 3981 857 4036 Ει
882 3982 961 4036 vis
985 3997 1143 4037 nosse
1170 3982 1296 4052 quia
1332 3981 1447 4037 dies
1477 3984 1566 4036 isti
1589 3997 1710 4036 cum
1741 3983 1990 4038 dicuntur

430 4076 487 4129 in
513 4074 814 4144 Scriptnris
846 4073 1009 4140 illius,
1044 4073 1134 4128 vel
1166 4073 1330 4140 illius,
1365 4088 1472 4127 non
1505 4071 1810 4142 significent
1850 4084 1990 4128 tem-

429 4181 530 4234 pus
555 4165 674 4218 vitae
705 4163 848 4220 illius
891 4162 957 4218 de
992 4177 1097 4231 quo
1133 4163 1350 4228 dicitur,
1403 4161 1485 4216 vel
1521 4163 1827 4231 praesentia:
1870 4178 1990 4215 ror-

428 4255 678 4325 poralis?
721 4255 862 4308 Audi
912 4253 1040 4322 quid
1068 4253 1135 4308 de
1167 4253 1355 4308 diebus
1407 4255 1617 4309 Domini
1651 4255 1820 4310 nostri
1863 4253 1988 4309 Jesu

429 4346 628 4402 Christi
651 4347 921 4415 Propheta
940 4345 1290 4414 praedixerit:
1327 4365 1344 4396 ι
1376 4345 1688 4412 Exorietur,
1712 4345 1889 4416 inquit
1920 4347 1989 4412 δ”,

430 4439 483 4491 in
504 4439 692 4494 diebus
709 4437 824 4505 ejus
845 4436 1075 4505 justitia,
1099 4446 1153 4490 et
1193 4436 1520 4491 abundantia
1544 4437 1693 4506 pacis
1711 4453 1990 4508 usquequo

429 4530 722 4585 extollatur
751 4530 899 4582 luna.
936 4548 955 4581 ι
993 4527 1108 4583 Hoc
1137 4527 1181 4582 si
1217 4527 1289 4581 ita
1326 4529 1674 4596 accipiamus,
1705 4530 1846 4598 quod
1874 4529 1982 4583 die-

429 4620 532 4672 bus
567 4619 764 4687 quibus
801 4617 1053 4672 Salvator
1098 4615 1486 4670 demorabatur
1523 4614 1574 4668 iu
1623 4615 1806 4680 terris,
1873 4614 1988 4668 dies

428 4711 857 4779 erautjustitite,
897 4720 950 4764 et
981 4709 1095 4763 dies
1123 4708 1295 4776 pacis,
1332 4707 1600 4777 quomodo
1643 4706 1988 4776 probabimus

429 4806 546 4858 dies
585 4802 809 4870 justitiaa
857 4811 1079 4856 exorlos
1127 4817 1246 4855 esse
1287 4801 1352 4855 iis
1385 4799 1479 4868 qui
1528 4815 1651 4854 eum
1691 4801 1980 4854 cruciﬁxev

430 4903 579 4963 runt,
599 4902 654 4948 et
678 4893 768 4961 qui
801 4894 1084 4946 adventum
1115 4901 1168 4946 et
1206 4891 1362 4945 ﬁdem
1402 4889 1520 4958 ejus
1551 4890 1662 4961 (29)
1702 4907 1808 4944 non
1844 4907 1990 4946 rece-

428 4987 666 5054 perunt?
707 4987 812 5039 Aut
863 4985 1133 5054 quomodo
1177 4982 1466 5036 multitudo
1501 4981 1652 5050 pacis
1707 4982 1758 5034 in
1801 4983 1990 5039 diebus

539 5107 580 5139 ⁶¹
620 5107 743 5162 Jud.
783 5122 841 5170 ll,
880 5106 931 5158 7.
1006 5107 1049 5137 θ’
1075 5104 1227 5158 Joan.
1264 5121 1304 5164 ι,
1329 5103 1382 5158 9.

430 5178 473 5209 "’
507 5177 666 5233 Prov.
693 5193 814 5239 χιιι.
835 5179 901 5243 9;
924 5174 1046 5231 Job.
1073 5190 1228 5242 xvut,
1265 5175 1317 5227 5.

1490 5103 1534 5133 ⁸³
1558 5103 1678 5157 lsai.
1711 5118 1762 5154 ν.

499 5315 610 5389 (26)
639 5319 859 5374 Collatte
890 5329 1016 5374 sunt
1065 5329 1351 5388 sequentes
1399 5319 1634 5373 homiliae
1666 5333 1788 5372 cum
1825 5318 1996 5373 tribus

431 5404 584 5450 mss...
613 5405 719 5442 uno
750 5391 1202 5458 Sangermanensi
1234 5398 1290 5445 et
1317 5391 1524 5445 duobus
1551 5389 1994 5443 Ebroicensibus.

502 5458 612 5528 (27)
645 5458 794 5525 Mss.,
848 5479 866 5511 ι
910 5472 964 5514 et
1006 5469 1065 5512 ut
1093 5461 1228 5513 dies.
1274 5479 1291 5510 ι
1337 5459 1394 5513 lu
1448 5459 1577 5513 libb.
1626 5468 1785 5512 antea
1837 5459 1996 5512 editis

433 5529 586 5582 (eest
629 5548 646 5579 ε
681 5539 735 5583 et
767 5539 844 5585 ut.
883 5551 902 5583 ι
940 5529 1105 5584 Paulo
1135 5539 1258 5596 post
1285 5529 1414 5583 libb.
1446 5530 1573 5583 editi
1608 5529 1827 5593 habent,
1879 5545 1900 5578 ‹
1943 5529 1994 5582 id

431 5609 512 5652 est
535 5600 647 5653 dies
694 5599 983 5664 justorum.
1025 5620 1044 5650 ι
1073 5599 1224 5663 Mss.,
1254 5617 1271 5650 α
1305 5599 1384 5651 vel
1410 5600 1523 5652 dies
1545 5599 1829 5668 justorum.
1864 5617 1882 5649 ›

503 5669 615 5741 (28)
660 5668 807 5734 Μεθ..
846 5688 863 5720 ι
888 5671 1316 5725 θιιὶιηεθηοδιηθ.
1347 5688 1364 5722 ι
1395 5668 1550 5725 Libb.
1569 5669 1721 5736 editi,
1750 5686 1768 5721 ι
1800 5670 1992 5723 anima:

1871 5105 1916 5136 “
1953 5106 2094 5161 Psal.
2139 5123 2285 5162 Lxxu
2335 5108 2388 5162 7.

2092 2605 2273 2669 stitiae,
2303 2605 2422 2660 sine
2448 2604 2608 2659 dubio
2654 2602 2758 2657 illis
2802 2603 2854 2656 in
2892 2603 3090 2672 quibus
3115 2601 3324 2670 justitia
3361 2601 3565 2654 dormit
3605 2600 3658 2653 in

2091 2699 2190 2764 eis,
2244 2704 2298 2751 et
2348 2696 2588 2750 tenebrae
2627 2693 2708 2748 eis
2755 2693 3058 2763 iniquitatis
3111 2703 3313 2748 exorta:
3353 2702 3500 2748 sunt.
3562 2690 3661 2746 Vis

2094 2799 2276 2843 autem
2307 2788 2554 2844 similiter
2578 2802 2607 2840 a
2638 2785 2909 2854 Propheta
2936 2784 3148 2840 discere
3175 2786 3268 2854 qui
3301 2786 3407 2839 sint
3439 2785 3530 2854 qui
3560 2784 3662 2837 ha-

2094 2881 2256 2934 beant
2287 2879 2685 2935 multitudinem
2722 2876 2916 2948 pacis?
2949 2875 3090 2930 Audi
3131 2877 3402 2946 quomodo
3434 2874 3570 2929 dicit
3601 2875 3652 2928 in

2093 2972 2322 3026 Psalmis
2350 2972 2434 3026 ⁶⁶ε
2468 2992 2486 3024 ι
2525 2973 2638 3027 Pax
2665 2973 2834 3027 multa
2862 2972 3215 3041 diligentibus
3248 2984 3444 3024 nomen
3481 2978 3653 3032 tuum,

2096 3072 2154 3118 et
2187 3079 2295 3116 non
2326 3073 2411 3118 cst
2445 3063 2553 3118 illis
2584 3063 2923 3118 scandalum.
2961 3085 2979 3117 ι
3039 3064 3162 3117 Dies
3195 3076 3324 3130 ergo
3349 3061 3575 3131 justitia:
3599 3068 3654 3114 et

2093 3155 2380 3210 multitudo
2417 3155 2567 3223 pacis
2604 3155 2883 3209 exorietur
2925 3154 3274 3224 diligentibus
3311 3167 3507 3206 nomen
3548 3151 3651 3203 Do-

2094 3245 2248 3298 mini.
2281 3245 2386 3299 Sed
2409 3245 2610 3299 habent
2641 3253 2696 3299 et
2729 3245 2880 3314 impii
2912 3245 3084 3299 lucem
3116 3259 3292 3308 suam,
3317 3259 3383 3298 ex
3412 3259 3513 3312 qua
3539 3243 3651 3296 sine

2092 3337 2258 3391 dubio
2289 3337 2612 3391 exoriuntur
2637 3337 2717 3392 eis
2762 3338 2878 3392 dies
2909 3336 3054 3391 mali.
3100 3337 3194 3391 Vis
3239 3345 3416 3389 autem
3459 3344 3516 3389 et
3553 3334 3648 3387 hoc

2096 3427 2191 3481 tibi
2222 3429 2288 3482 de
2321 3429 2620 3498 Scripturis
2647 3430 2908 3499 probari?
2931 3431 3066 3484 Audi
3099 3429 3226 3500 quid
3251 3430 3512 3498 scriptum
3536 3438 3647 3481 est:

2098 3539 2118 3571 ι
2154 3519 2289 3580 Lux,
2319 3519 2496 3590 inquit
2523 3520 2766 3589 ",justis
2793 3536 3030 3591 semper,
3053 3521 3140 3574 lux
3163 3529 3339 3574 autem
3366 3518 3648 3589 impiorum

2093 3611 2486 3680 exstinguetur.
2522 3631 2541 3665 ι
2578 3611 2738 3668 Vides
2755 3628 2885 3682 ergo
2911 3615 3036 3682 quia
3057 3622 3141 3668 cst
3167 3613 3382 3682 propria
3411 3612 3648 3680 quaedam

2094 3701 2180 3755 lux
2219 3703 2529 3772 impiorum,
2557 3719 2676 3773 quas
2699 3707 3087 3775 exstinguitur,
3127 3716 3184 3760 et
3229 3705 3318 3760 lux
3353 3703 3644 3773 justorum,

2096 3808 2214 3862 qua:
2242 3805 2525 3863 permanet
2554 3797 2607 3850 in
2637 3807 2922 3851 aeternum.
2958 3798 3023 3850 Et
3049 3797 3232 3852 nescio
3266 3797 3311 3852 si
3342 3806 3450 3849 tam
3479 3796 3648 3863 inepte

2096 3885 2217 3951 quis
2253 3886 2538 3955 intelligat,
2563 3897 2622 3941 ut
2648 3897 2797 3956 putet
2819 3903 2943 3942 esse
2975 3889 3210 3957 aliquam
3242 3887 3645 3943 substantialem

2098 3973 2292 4041 lucem,
2324 3975 2480 4029 aliam
2517 3992 2637 4046 qua:
2668 3977 2953 4046 impiorum
2983 3979 3217 4042 dicatur,
3245 3985 3300 4032 et
3324 3977 3484 4029 aliam
3533 3987 3644 4042 quae

2093 4066 2387 4136 justorum.
2433 4068 2586 4134 Quod
2647 4071 2833 4139 utique
2893 4069 3038 4125 nullo
3087 4071 3244 4125 modo
3299 4069 3413 4122 lieri
3455 4075 3640 4135 potest.

2102 4159 2216 4215 Una
2272 4161 2414 4214 enim
2462 4170 2548 4215 est
2601 4161 2690 4215 lux
2743 4162 2926 4215 mundi
2963 4177 2991 4214 a
3032 4162 3137 4216 Deo
3184 4162 3321 4216 facta
3361 4161 3498 4229 (3|),
3535 4174 3646 4229 qua:

2093 4253 2348 4306 omnibus
2387 4255 2747 4307 communiter
2799 4264 2853 4307 et
2904 4252 3184 4322 mqualiter
3217 4252 3382 4306 lucet.
3411 4250 3517 4305 Sed
3552 4251 3646 4304 hoc

2092 4344 2252 4414 modo
2309 4345 2453 4412 quod
2505 4345 2763 4414 superius
2824 4346 3191 4413 exposuimus,
3249 4343 3643 4412 intelligendum

2092 4445 2193 4499 est,
2243 4437 2384 4504 quod
2432 4436 2609 4489 anima
2644 4445 2830 4490 nostra
2885 4446 2980 4490 aut
3024 4451 3154 4491 vero
3204 4435 3406 4489 lumine
3455 4433 3644 4488 illumi-

2098 4537 2280 4588 natur,
2312 4527 2453 4594 quod
2499 4543 2770 4597 nunquam
2815 4529 3214 4596 exstinguetur,
3246 4528 3336 4594 qui
3384 4536 3467 4580 est
3498 4525 3643 4580 Chri-

2095 4628 2254 4682 stus;
2305 4628 2396 4670 aut
2441 4616 2488 4671 si
2529 4632 2632 4671 non
2675 4618 2837 4673 habet
2883 4619 2935 4672 in
2985 4634 3045 4673 se
3091 4619 3234 4672 istud
3271 4615 3450 4670 lumen
3511 4611 3640 4684 quod

2097 4719 2360 4763 aeternum
2391 4721 2495 4778 est,
2547 4711 2825 4778 temporali
2861 4713 2980 4765 sine
3021 4711 3182 4766 dubio
3209 4720 3262 4765 et
3286 4705 3641 4778 exstinguibili

2095 4801 2294 4856 lumine
2340 4804 2677 4857 illuminatur
2716 4805 2783 4858 ab
2831 4805 2922 4859 illo
2965 4805 3054 4874 qui
3105 4804 3450 4874 transfigurat
3497 4818 3553 4857 se
3594 4801 3642 4853 in

2097 4895 2344 4963 angelum
2392 4896 2549 4963 lucis,
2592 4906 2647 4950 et
2690 4894 2824 4949 falsa
2863 4895 2983 4951 luce
3034 4896 3304 4950 illuminat
3334 4909 3430 4950 cor
3457 4907 3644 4962 pecca-

2096 4988 2250 5052 toris,
2304 4996 2362 5041 ut
2404 4989 2690 5042 videantur
2742 4990 2790 5043 ei
2845 4989 2933 5042 illa
2971 5004 3093 5044 esse
3123 4989 3264 5043 bona
3290 4997 3341 5042 et
3372 4987 3642 5056 praeclara,

2487 5109 2532 5142 ⁸⁵
2579 5106 2811 5164 Malach.
2845 5124 2919 5175 tv,
2957 5108 3014 5162 2.
3122 5107 3166 5138 ⁸⁸
3190 5106 3333 5161 Psal.
3359 5100 3642 5170 cxtx,l65.

2104 5327 2368 5372 nostrum.
2401 5337 2422 5371 υ

2173 5389 2284 5458 (‘29)
2325 5388 2477 5454 Mss.,
2513 5406 2533 5438 ‹
2567 5389 2855 5441 adventum
2883 5395 2938 5440 et
2976 5385 3133 5441 ﬁdem
3172 5386 3312 5457 ejus.
3353 5404 3372 5437 ι
3408 5383 3465 5440 ln
3494 5383 3652 5442 antea'

2100 5459 2258 5512 editis
2284 5461 2434 5511 deest
2471 5475 2490 5508 (
2538 5469 2592 5511 et
2623 5460 2802 5511 ﬁdem.
2844 5475 2863 5507 ι

2171 5526 2283 5598 (50)
2324 5527 2474 5598 Mss"
2514 5546 2533 5578 ι
2565 5529 2755 5598 oritur.
2796 5547 2836 5598 »ᾼ
2870 5526 3023 5580 Libh.
3051 5527 3204 5598 editi.
3246 5527 3514 5598 «orietur.
3555 5543 3577 5581 ι

2171 5595 2280 5668 (51)
2323 5597 2474 5662 Mss.,
2507 5617 2524 5650 ε
2563 5597 2728 5654 facta.
2763 5616 2781 5648 ι
2821 5596 2977 5652 Lihb.
3015 5597 3171 5662 editi,
3209 5616 3227 5649 ς
3264 5595 3414 5652 facti.
3451 5615 3471 5649 ι
