4050 6148
220 244 333 300 953

1326 255 1391 312 IN
1426 257 1689 314 LIBRUM
1722 257 2019 316 JUDlCUM
2059 258 2341 317 llOMlLlA
2380 257 2420 313 l.

3407 251 3513 307 951»

220 378 355 433 qua:
383 374 547 420 sunt
567 367 858 434 prtesentia
889 378 947 425 et
973 372 1198 428 caduca.
1251 374 1358 433 lsto
1404 378 1611 436 lumine
1639 381 1837 437 illumi-
1866 387 1911 444 Δ
1940 392 1997 438 et
2045 384 2335 454 praeceptis
2381 381 2492 437 suis
2530 379 2848 435 illuminant
2884 382 3048 432 corda
3096 383 3304 439 nostra,
3341 384 3397 428 et
3428 374 3513 427 l'a-

220 466 450 509 nantur
500 458 581 512 illi
627 459 720 528 qui
772 475 1042 517 summum
1106 466 1303 521 bonum
1358 470 1686 542 voluptatem
1735 491 1832 544 puo

222 557 380 602 tant.
418 547 547 605 Isto
594 552 796 607 lumine
848 555 1231 613 illuminantur
1275 561 1350 614 illi
1404 564 1497 632 qui
1537 567 1752 622 divitias
1783 578 1837 624 et

221 640 496 696 honores
546 642 660 715 (‘52)
708 647 887 701 saeculi
930 658 986 702 et
1039 660 1308 706 terrenam
1365 655 1624 725 gloriam,
1681 663 1833 727 quasi

218 733 585 788 aeternitatis
631 737 948 790 memoriam
979 753 1250 807 quaerunt.
1298 742 1437 798 Sunt
1483 760 1615 818 ergo
1649 749 1737 804 isti
1778 750 1835 805 in

222 824 447 880 diebus
501 828 643 882 lucis
693 826 812 896 ejus
874 844 994 899 quae
1048 833 1444 904 exstinguetur.
1488 837 1680 894 Omnia
1720 842 1836 896 haec

224 934 360 985 qua:
396 931 586 989 agunt
633 931 689 978 et
734 940 855 991 quae
903 927 1211 982 desiderant
1255 939 1307 985 et
1350 931 1592 1002 cupiunt,
1633 935 1838 990 exstin-

222 1019 526 1078 guuntur.
558 1011 671 1067 Hoc
702 1014 904 1070 lumine
932 1015 1311 1074 illuminantur
1335 1030 1391 1076 et
1427 1022 1687 1092 haeretici,
1714 1025 1834 1082 falsi

222 1100 500 1171 nominis
521 1104 805 1159 scientiam
845 1109 1227 1176 praedicantes.
1261 1111 1398 1170 Hinc
1431 1113 1669 1172 Marcion
1713 1118 1835 1172 illu-

225 1190 528 1255 minatus,
562 1192 729 1247 Deum
762 1194 1146 1268 legisjustum,
1177 1201 1273 1256 sed
1313 1218 1418 1257 non
1454 1204 1650 1261 bonum
1681 1209 1829 1263 dicit.

226 1277 287 1332 Si
324 1295 481 1350 ergo
510 1294 660 1338 recte
702 1285 1073 1343 intelleximus
1122 1292 1215 1360 qui
1268 1292 1377 1346 sint
1418 1294 1566 1363 quia
1605 1296 1834 1354 Domino

225 1379 445 1427 nostro
485 1371 614 1428 Jesu
663 1375 881 1432 Christo
923 1395 1052 1435 vero
1096 1381 1297 1438 lumine
1340 1382 1737 1452 illuminautur,
1778 1399 1834 1445 et

223 1463 328 1530 qui
369 1464 495 1518 sint
521 1465 640 1522 dies
665 1469 755 1536 qui
792 1470 860 1524 ab
891 1470 988 1526 illo
1019 1472 1420 1545 illuminantur,
1449 1477 1540 1548 qui
1570 1493 1629 1534 se
1657 1489 1832 1537 trans-

225 1552 453 1624 ﬁgurat
487 1556 544 1612 in
574 1564 827 1629 angelum
862 1561 999 1619 lucis
1031 1604 1047 1630 ,
1085 1575 1140 1622 et
1194 1568 1349 1638 cujus
1398 1570 1580 1625 lumen
1627 1576 1833 1630 exstin-

226 1645 477 1713 guitur,
536 1662 911 1719 competenter
963 1657 1266 1730 intelligere
1321 1677 1606 1732 possumus
1667 1666 1827 1722 etiam

224 1736 380 1793 istos
404 1737 543 1796 Jesu
573 1741 815 1812 Domini,
841 1746 908 1801 de
933 1746 1129 1817 quibus
1151 1752 1347 1806 dicitur
1376 1757 1519 1823 quod
1548 1774 1566 1807 ι
1602 1758 1830 1812 servivit

230 1829 487 1896 populus
534 1831 765 1887 Domino
813 1837 1065 1893 omnibus
1110 1840 1303 1897 diebus
1350 1842 1518 1912 Iesu;
1562 1865 1582 1898 ι
1620 1857 1828 1902 certum

228 1936 493 1992 namque
513 1932 599 1979 est
622 1928 764 1996 quod
793 1929 885 1997 qui
922 1930 1087 1985 habet
1119 1931 1171 1986 in
1212 1948 1271 1988 se
1300 1934 1416 1991 dies
1446 1936 1598 2004 Jesu,
1623 1941 1831 1994 serviat

231 2012 525 2071 Domino:
560 2033 661 2072 nec
702 2018 819 2074 ﬂeri
869 2032 1070 2090 potest,
1125 2034 1183 2079 ut
1228 2026 1435 2084 habens
1465 2029 1517 2084 in
1546 2044 1605 2085 se
1630 2030 1828 2101 aliquis

230 2105 358 2161 dies
383 2105 524 2162 Jesu
556 2118 612 2164 et
642 2109 822 2166 lumen
852 2112 1055 2169 Christi
1085 2117 1289 2171 serviat
1319 2116 1549 2183 Zabulo,
1586 2130 1680 2176 aut
1713 2138 1829 2177 ser-

232 2197 353 2253 viat
384 2202 677 2258 avaritiae:
718 2218 819 2259 nec
846 2214 1028 2275 potest
1069 2206 1187 2262 ﬁeri
1239 2218 1296 2263 ut
1330 2210 1668 2268 illuminetur
1706 2216 1828 2285 quis

233 2288 459 2348 lumine
489 2295 741 2351 veritatis
766 2306 821 2351 et
864 2299 1072 2353 serviat
1122 2303 1448 2359 mendacio:
1509 2322 1610 2362 nec
1654 2318 1828 2376 pstest

238 2381 596 2442 illuminatus
626 2387 828 2444 lumine
871 2392 1347 2459 sanctiﬁcationis,
1395 2397 1605 2454 libidini
1639 2408 1690 2453 et
1720 2401 1824 2469 im-

238 2476 538 2531 munditiae
606 2479 907 2536 deservire.
961 2482 1206 2553 Denique
1272 2485 1353 2542 sic
1424 2497 1478 2543 et
1538 2489 1827 2558 Apostolus

243 2563 385 2619 dicit
416 2566 465 2597 ⁸³
495 2582 510 2619 :
542 2588 559 2618 ι
597 2568 728 2635 Qua:
750 2572 895 2626 enim
926 2574 1274 2643 participatio
1318 2586 1404 2632 est
1446 2577 1670 2648 iustitiae
1699 2597 1823 2636 cum

240 2654 545 2725 iniquitate
561 2659 587 2713 ?
606 2660 718 2714 Aut
734 2672 857 2731 qua:
885 2663 1127 2720 societas
1152 2666 1259 2722 luci
1287 2668 1355 2722 ad
1380 2670 1671 2727 tenebras?
1694 2672 1826 2740 Quae

240 2758 432 2803 autem
478 2755 833 2808 cousonantia
879 2755 1102 2813 Christo
1147 2773 1273 2813 cum
1316 2759 1664 2818 Belial?Aut
1703 2779 1826 2834 quae

237 2854 374 2909 pars
400 2842 548 2897 lideli
580 2859 701 2899 cum
737 2846 988 2903 inﬁdeli?
1031 2869 1050 2901 ι
1101 2847 1332 2906 Oremus
1369 2868 1498 2924 ergo
1529 2865 1588 2909 ut
1612 2871 1825 2926 semper

242 2932 296 2985 in
338 2935 509 2989 nobis
547 2935 798 2993 Christus
842 2942 934 3011 qui
984 2952 1067 2997 est
1122 2942 1215 3009 lux
1271 2958 1419 3011 vera,
1478 2945 1640 3001 faciat
1706 2948 1822 3002 dies

238 3020 445 3122 bonos,
484 3040 582 3081 nec
621 3043 859 3098 unquam
885 3032 951 3087 de
975 3033 1184 3089 Zabulo
1215 3050 1313 3089 nos
1344 3033 1683 3092 illuminante
1709 3034 1819 3108 (55)
1848 3064 1889 3122 C

240 3114 549 3173 habeamus
597 3122 650 3174 in
704 3123 865 3177 nobis
921 3124 1038 3180 dies
1092 3126 1287 3191 malos,
1339 3128 1406 3183 de
1448 3129 1642 3198 quibus
1687 3130 1820 3184 dicit

238 3205 542 3274 Apostolus
574 3210 616 3242 ⁶⁹
648 3230 661 3264 :
712 3229 730 3262 ι
761 3212 1109 3271 Redimentes
1140 3226 1368 3287 tempus,
1407 3220 1665 3286 quoniam
1702 3221 1820 3275 dies

241 3297 374 3351 mali
407 3308 557 3353 sunt.
599 3318 620 3350 ι
677 3302 804 3357 Dies
851 3305 996 3359 enim
1045 3307 1219 3362 malos
1267 3309 1554 3375 habemus,
1603 3311 1819 3380 quando

241 3389 493 3443 carnalia
537 3405 636 3460 pro
683 3393 1017 3462 spiritalibus
1064 3399 1379 3467 quaerimus,
1439 3390 1660 3456 terrena
1719 3418 1818 3471 pro

243 3478 587 3547 caelestibus,
627 3498 728 3551 pro
773 3487 994 3541 aeternis
1024 3490 1249 3555 caduca,
1277 3494 1565 3560 praesentia
1605 3508 1703 3564 pro
1733 3495 1817 3549 [υ-

244 3571 403 3626 turis.
439 3569 496 3625 Si
541 3575 760 3643 quando
784 3590 913 3645 ergo
950 3578 1319 3648 hujuscemodi
1363 3585 1415 3639 in
1460 3596 1512 3641 te
1550 3587 1818 3642 desideria

243 3661 452 3719 videris
479 3667 705 3733 exoriri,
744 3669 885 3724 scito
912 3677 964 3725 te
993 3671 1047 3726 in
1075 3673 1268 3729 diebus
1299 3676 1455 3731 malis
1476 3685 1532 3732 et
1565 3678 1820 3747 pessimis

240 3752 410 3826 460
440 3758 671 3825 positum
700 3777 716 3814 :
742 3771 797 3816 et
828 3762 949 3816 ideo
982 3763 1171 3821 insiste
1202 3768 1542 3823 orationibus
1584 3779 1642 3823 ut
1684 3769 1819 3824 libe-

244 3847 383 3902 reris
421 3862 453 3901 a
493 3850 582 3905 die
616 3851 731 3918 illo,
781 3864 863 3919 et,
918 3856 1058 3912 sicut
1111 3858 1240 3913 dicit
1291 3859 1574 3931 Aposmlus
1613 3860 1682 3927 "°,
1712 3863 1821 3916 eri-

244 3939 415 4006 piaris
455 3960 474 3992 c
508 3942 574 3997 de
620 3948 871 4012 praesenti
923 3949 1123 4005 saaculo
1172 3951 1312 4005 malo
1361 3970 1376 4020 ;
1438 3969 1459 4005 ›
1523 3954 1626 4009 boc
1674 3953 1818 4010 enim

248 4032 448 4099 modo,
505 4035 647 4103 quod
701 4040 950 4107 superius
1006 4042 1270 4110 diximus,
1318 4060 1422 4101 non
1478 4044 1654 4100 solum
1705 4046 1823 4104 dies

245 4121 383 4179 llunt
417 4126 579 4193 mali,
613 4130 707 4184 sed
749 4142 805 4187 et
831 4135 1086 4191 saeculum
1121 4137 1351 4193 ellicitur
1381 4138 1604 4194 malum.

1939 475 2095 528 ciunt
2127 474 2291 527 etiam
2320 472 2422 540 ipsi
2453 472 2570 526 dies
2609 471 2869 539 quosdam
2902 468 2956 522 in
2987 467 3144 522 nobis
3175 482 3241 518 ex
3274 465 3360 520 illa
3388 467 3511 521 luce

1938 580 2099 635 quam
2127 566 2228 634 ipsi
2262 582 2327 619 ex
2364 581 2491 619 vera
2523 564 2647 619 luce
2671 561 2983 634 participati
3021 568 3166 627 sunt,
3192 558 3512 614 venientes?

1938 656 2040 722 Qui
2072 671 2204 725 ergo
2233 655 2573 709 illuminatur
2603 664 2657 707 et
2695 653 2985 707 instruitur
3015 666 3081 707 ex
3135 650 3507 719 apostolorum

1937 749 2240 816 praeceptis,
2293 755 2347 802 et
2388 747 2455 800 ad
2495 746 2772 801 servitium
2810 742 3018 798 Domini
3071 742 3383 810 apostolicis
3419 757 3504 794 rc—

1937 838 2075 908 gulis
2100 837 2406 901 instruitur,
2436 835 2538 893 iste
2565 845 2645 890 est
2678 835 2768 904 qui
2797 835 3010 890 servire
3039 832 3238 887 dicitur
3275 831 3504 887 Domino

1936 929 2209 991 indiebus
2249 928 2520 982 seniorum
2575 926 2667 995 qui
2712 925 2934 979 fuerunt
2984 932 3104 993 post
3145 922 3352 978 Jesum.
3405 921 3503 977 Vis

1936 1029 2119 1073 autem
2172 1017 2360 1072 videre
2390 1018 2514 1085 quia
2555 1016 2697 1070 sicut
2730 1014 2981 1068 Salvator
3014 1032 3033 1064 ι
3065 1021 3183 1067 erat
3217 1013 3307 1066 lux
3348 1027 3501 1078 vera,

1935 1124 2057 1178 qu:e
2085 1108 2356 1163 illuminat
2382 1120 2598 1160 omnem
2620 1102 2897 1158 hominem
2935 1100 3239 1156 venientem
3272 1101 3327 1153 iu
3355 1100 3503 1154 hunc

1935 1199 2196 1253 mundum
2231 1198 2298 1264 ",
2338 1217 2357 1250 ι
2395 1197 2469 1251 ita
2495 1206 2552 1251 et
2581 1195 2807 1265 apostoli
2848 1194 2936 1248 lux
2977 1199 3133 1246 erant
3173 1190 3409 1245 mundi?
3440 1190 3501 1245 ln

1942 1290 2237 1361 Evangelio
2260 1291 2524 1358 scriptum
2549 1298 2654 1353 est,
2685 1288 2897 1343 dicente
2926 1285 3151 1340 Domino
3182 1285 3249 1337 ad
3281 1296 3375 1338 eos
3406 1283 3453 1315 ⁷³
3483 1300 3498 1337 :

1938 1402 1957 1436 ι
1993 1384 2100 1438 Vos
2143 1383 2276 1453 estis
2327 1382 2416 1436 lux
2465 1381 2676 1435 mundi.
2720 1398 2738 1432 ι
2775 1379 2925 1446 Quod
2962 1377 3006 1432 si
3053 1377 3221 1431 etiam
3268 1375 3498 1445 apostoli

1932 1474 2020 1529 lux
2056 1483 2184 1530 sunt
2210 1473 2419 1540 mundi,
2455 1473 2573 1528 sine
2606 1471 2774 1528 dubio
2805 1485 2902 1540 per
2933 1478 3203 1539 praecepta
3248 1476 3302 1522 et
3348 1482 3500 1521 mau-

1931 1567 2056 1622 data
2090 1581 2188 1621 sua
2225 1563 2533 1620 illuminant
2559 1563 2716 1618 nobis
2748 1562 2887 1629 dies,
2931 1561 2985 1616 in
3014 1559 3223 1630 quibus
3266 1558 3496 1614 Domino

1931 1660 2252 1716 serviamus.

1862 1724 1905 1783 Β
2002 1750 2057 1804 5.
2100 1748 2253 1816 Quod
2299 1756 2479 1802 autem
2523 1744 2699 1801 dixit:
2735 1761 2754 1795 ι
2788 1742 3054 1799 Omnibus
3084 1742 3275 1795 diebus
3320 1741 3499 1795 senio-

1931 1857 2074 1907 rum,
2103 1841 2194 1910 qui
2228 1840 2537 1910 longiorum
2576 1835 2783 1891 dierum
2809 1834 3034 1889 fuerunt
3071 1843 3193 1902 post
3225 1831 3434 1897 Jesum,
3473 1851 3494 1885 ο

1930 1949 2029 1988 nec
2070 1934 2172 1988 hoc
2200 1932 2331 1987 mihi
2356 1932 2532 1986 otiose
2560 1930 2763 1984 dictum
2806 1926 3039 1989 videtur,
3092 1924 3231 1994 quod
3273 1923 3496 1994 longmvi

1929 2026 2013 2081 vel
2044 2024 2352 2095 longiorum
2385 2022 2596 2076 dierum
2630 2020 2889 2075 dicuntur
2931 2032 3052 2074 esse
3101 2017 3365 2084 seniores,
3402 2018 3494 2086 qui

1928 2126 2051 2187 post
2072 2113 2255 2171 Jesum
2296 2114 2536 2168 fuerunt.
2566 2109 2633 2164 Et
2652 2109 2868 2181 quidem
2896 2108 2987 2162 Dei
3020 2114 3103 2162 est
3132 2107 3301 2162 solius
3327 2122 3489 2162 nosse

1931 2218 2050 2278 post
2079 2206 2261 2263 Jesutn
2290 2206 2415 2277 quis
2444 2202 2609 2259 fuerit
2642 2204 2782 2257 inter
2805 2201 3050 2257 seniores
3078 2199 3170 2270 qui
3199 2200 3495 2268 longiorem

1926 2301 2069 2356 diem
2113 2298 2320 2361 fecerit,
2372 2298 2425 2351 id
2461 2304 2563 2360 est,
2598 2294 2689 2367 qui
2725 2293 2988 2362 majorem
3035 2306 3103 2346 ex
3146 2306 3206 2346 se
3252 2291 3499 2345 emiserit

1927 2394 2122 2457 lucem,
2163 2400 2344 2443 utrum
2392 2388 2606 2450 Petrus,
2661 2384 2990 2450 an’Paulus,
3030 2382 3489 2447 Bartholomaeus,

1926 2500 1993 2538 an
2061 2481 2360 2537 Joannes:
2418 2487 2791 2535 verumtamen
2866 2477 3169 2546 longiorum
3245 2474 3499 2530 dicuntur

1926 2573 2135 2628 dierum
2161 2571 2360 2626 sancti.
2392 2569 2714 2626 Econtrario
2763 2582 2893 2623 vero
2938 2577 3087 2633 tunc,
3137 2566 3354 2637 quando
3392 2566 3497 2620 iste

1927 2663 2159 2718 mundus
2219 2660 2376 2718 malis
2430 2660 2735 2730 replebitur
2774 2658 2910 2731 (54),
2958 2656 3180 2728 quando
3229 2673 3250 2708 ι
3287 2656 3494 2710 incres-

1926 2765 2083 2810 cente
2130 2754 2414 2825 iniquitate
2450 2752 2773 2822 refrigescet
2823 2750 3064 2805 charitas
3103 2748 3395 2802 multorum
3425 2746 3494 2813 ⁷⁸,

1926 2858 1982 2903 et
2005 2848 2223 2917 quando
2259 2845 2488 2900 veniens
2530 2843 2701 2899 Filius
2759 2841 3016 2903 hominis,
3071 2837 3288 2895 dilllcile
3334 2839 3493 2894 [idem

1927 2940 2168 2995 inveniet
2195 2952 2360 3007 super
2390 2946 2592 2992 terram
2628 2936 2860 3001 ",itunc
2896 2949 3004 2989 non
3035 2932 3290 2988 dicuntur
3324 2933 3493 2987 l‘uturi

1925 3030 2072 3099 longi
2112 3030 2253 3095 dies,
2295 3026 2616 3097 sed.magis
2661 3024 2971 3081 abbreviari
3029 3024 3304 3089 dicuntur,
3354 3023 3496 3079 sicut

1923 3121 2058 3177 dixit
2087 3120 2345 3175 Dominus
2373 3118 2442 3183 ⁷⁸,
2461 3120 2615 3187 quiat
2635 3118 2734 3174 nisi
2760 3118 3062 3175 abbreviati
3108 3120 3338 3175 fuissent
3379 3117 3495 3172 dies

1923 3211 2019 3277 illi,
2061 3226 2167 3265 non
2209 3209 2363 3265 ﬁeret
2405 3209 2554 3265 salva
2596 3208 2706 3263 ulla
2757 3224 2909 3265 caro.
2954 3230 2974 3264 ι
3038 3210 3161 3266 Mali
3201 3226 3333 3280 ergo
3374 3210 3489 3265 dies

1921 3299 2159 3353 breviari
2206 3297 2761 3369 dicuntur:longa3vi
2811 3307 2991 3354 autem
3038 3308 3186 3366 sunt,
3231 3308 3289 3355 et
3337 3299 3493 3355 multi

1922 3389 2183 3458 temporis
2210 3398 2265 3443 et
2303 3388 2523 3457 grandis
2552 3390 2958 3459 quodammodo
2992 3393 3152 3461 spatii
3188 3392 3305 3449 dies
3342 3392 3493 3458 boni,

1920 3482 1975 3537 in
2024 3481 2222 3552 quibus
2270 3481 2498 3537 Domino
2551 3481 2836 3537 servimus.
2895 3482 3035 3537 Vide
3066 3491 3247 3538 tamen
3284 3483 3411 3552 quia
3442 3490 3497 3537 et

1922 3575 2025 3629 hoc
2072 3574 2378 3643 designavit
2432 3573 2486 3626 in
2536 3570 2832 3643 Evangelia
2872 3574 2938 3639 "",
2994 3575 3141 3643 quod
3204 3592 3223 3625 ι
3270 3582 3497 3645 propter

1923 3666 2133 3721 electos
2177 3665 2573 3720 breviabuntur
2618 3664 2735 3720 dies
2789 3665 2886 3720 illi.
2924 3683 2943 3716 ι
2978 3664 3176 3720 Electis
3209 3680 3337 3737 ergo
3367 3666 3495 3722 bre-

1919 3761 2214 3814 viabuntur
2262 3757 2379 3813 dies
2426 3755 2583 3823 mali,
2629 3757 2746 3812 dies
2780 3757 3086 3826 iniquitatis
3126 3764 3180 3812 et
3207 3756 3492 3813 seandali:

1920 3860 1974 3906 et
2016 3859 2077 3905 ut
2108 3865 2209 3920 ego
2252 3849 2513 3913 arbitror,
2565 3862 2688 3902 cum
2730 3848 2901 3903 semel
2940 3849 3150 3905 'electis
3200 3848 3319 3903 dies
3365 3849 3494 3904 mali

1923 3944 2190 4014 coeperint
2219 3941 2472 4006 breviari,
2513 3954 2732 4011 semper
2774 3940 3096 3998 breviantur
3132 3949 3189 3997 et
3236 3941 3495 4000 minuun-

1924 4045 2012 4091 tur
2048 4034 2186 4107 (55),
2213 4048 2388 4103 usque
2434 4033 2560 4087 dum
2597 4034 2664 4088 ad
2696 4032 2922 4088 nihilum
2949 4036 3291 4106 redigantur,
3319 4046 3377 4093 et
3401 4051 3497 4108 pe-

1920 4128 2067 4184 nitus
2111 4126 2423 4182 exolescant
2474 4137 2636 4199 atque
2689 4127 2754 4180 ad
2817 4126 3065 4181 ultimum
3114 4140 3358 4200 pereant.
3413 4130 3494 4185 Ex

314 4214 373 4268 2.
420 4233 440 4266 ε
483 4216 719 4278 servivi;
789 4238 919 4296 ergo
977 4227 1207 4298 populus
1258 4228 1510 4293 Domino,
1569 4231 1820 4285 omnibus
1920 4219 2116 4290 quibus
2167 4233 2332 4283 unus,
2386 4229 2537 4288 puto,
2588 4228 2712 4276 erat
2756 4227 2812 4274 et
2859 4217 2948 4273 ille
2994 4220 3085 4289 qui
3138 4221 3354 4278 dicebat
3403 4222 3489 4278 ἐς

247 4305 439 4362 diebus
480 4309 632 4375 Jesu,
669 4323 724 4368 et
747 4315 998 4371 omnibus
1039 4319 1311 4373 seniorum
1352 4319 1543 4377 diebus
1575 4322 1664 4390 qui
1696 4321 1818 4376 fue-

1928 4331 1947 4363 ‹
1990 4312 2187 4368 Pereat
2234 4312 2325 4366 illa
2359 4313 2476 4367 dies
2525 4313 2579 4367 in
2608 4329 2711 4383 qua
2768 4321 2928 4367 natus
2978 4327 3120 4367 sum.
3161 4333 3181 4367 ι
3229 4314 3321 4370 Sic
3362 4330 3494 4386 ergo

245 4399 361 4453 rint
409 4410 532 4471 post
582 4404 766 4461 Jesum
805 4407 873 4460 ⁸η.
918 4427 940 4462 ι
988 4407 1187 4466 Beatus
1238 4422 1323 4469 εει
1369 4413 1462 4484 qui
1514 4413 1569 4468 iu
1624 4414 1813 4470 diebus
1848 4413 1893 4468 ι)
1918 4404 2106 4459 electis
2148 4404 2264 4459 dies
2296 4403 2422 4458 mali
2451 4403 2764 4459 breviantur
2799 4412 2854 4459 et
2884 4412 3119 4473 pereunt
3157 4423 3171 4459 :
3204 4406 3320 4460 dies
3362 4422 3495 4463 vero

246 4485 372 4546 Jesu
423 4494 592 4547 servit
632 4495 884 4563 Domino,
936 4502 1026 4568 qui
1058 4502 1225 4559 verbo
1276 4513 1332 4559 et
1380 4505 1645 4573 sapientia
1697 4506 1817 4577 ejus

1926 4497 2186 4553 seniorum
2229 4505 2539 4550 sanctorum
2589 4494 2814 4565 longaevi
2844 4504 2975 4549 sunt
3004 4505 3058 4548 et
3092 4495 3317 4564 prolixi.
3381 4495 3493 4552 Sed

246 4583 603 4654 illuminatur,
638 4591 726 4659 qui
770 4595 1049 4663 praeceptis
1085 4595 1204 4665 ejus
1251 4595 1575 4663 illustratur,
1627 4599 1716 4667 qui
1750 4615 1815 4655 ex
1914 4598 1969 4645 et
1990 4588 2117 4643 illud
2155 4587 2297 4659 quod
2345 4587 2655 4643 dicentibus
2692 4587 2848 4643 nobis
2882 4589 3148 4653 occurrit,
3182 4598 3238 4642 et
3279 4590 3492 4644 utinam

248 4673 492 4730 doctrina
547 4676 666 4746 eius
735 4682 934 4752 accipit
985 4684 1166 4740 lumen
1239 4688 1509 4743 scientiae.
1567 4688 1818 4745 Secundo
1916 4682 2142 4737 Domino
2190 4688 2512 4750 suggerente
2537 4681 2841 4735 occurrerit
2877 4681 3015 4752 (56),
3053 4681 3490 4764 praetereundum

248 4774 427 4821 autem
465 4768 608 4838 loco,
646 4781 700 4826 et
741 4774 832 4829 ille
869 4785 990 4845 post
1032 4777 1175 4832 hunc
1218 4788 1305 4834 est
1353 4779 1581 4845 beatus,
1634 4782 1726 4850 qui
1764 4783 1817 4836 in
1921 4790 2030 4831 non
2057 4782 2163 4839 est,
2199 4772 2343 4842 quod
2371 4771 2600 4841 dixit",
2631 4773 2759 4843 quia
2812 4793 2830 4826 ι
2860 4776 3086 4831 servivit
3131 4776 3360 4846 populus
3388 4775 3494 4842 Do-

245 4857 437 4914 diehus
468 4863 742 4918 seniorum
782 4867 876 4936 qui
920 4866 1135 4923 fuerunt
1162 4878 1284 4939 post
1337 4870 1545 4937 Jesum,
1583 4871 1814 4930 Domino

1926 4867 2072 4920 mino
2098 4863 2352 4919 omnibus
2382 4862 2577 4920 diebus
2608 4862 2736 4920 Jesu
2768 4882 2783 4931 ;
2817 4883 2837 4917 ι
2865 4881 2970 4922 non
3003 4866 3138 4922 dixit
3163 4883 3326 4921 unum
3352 4869 3494 4923 diem

244 4954 437 5005 servit.
470 4950 726 5010 Seniores
753 4958 842 5027 qui
878 4957 959 5013 vel
994 4974 1115 5014 cum
1146 4959 1297 5031 Jesu,
1336 4964 1418 5018 vel
1454 4971 1580 5032 post
1626 4962 1813 5020 Jesum
1923 4960 2091 5017 fuisse
2141 4961 2292 5032 Jesu,
2327 4963 2422 5019 sed
2474 4962 2628 5018 multi
2660 4971 2787 5019 sunt
2835 4964 2950 5019 dies
2988 4963 3138 5022 Jesu.
3185 4963 3330 5032 Quos
3362 4979 3497 5035 ergo

248 5043 491 5112 luerunt,
519 5049 613 5118 qui
643 5059 771 5105 sunt
802 5053 902 5108 nisi
931 5055 1189 5124 apostoli,
1221 5059 1316 5127 qui
1345 5067 1401 5112 et
1449 5058 1550 5128 ipsi
1596 5058 1816 5130 scriptis

316 5210 451 5285 “ill.
477 5211 608 5285 Cor.
629 5227 705 5279 vn,
735 5214 821 5277 14,
851 5215 938 5270 15.
1015 5218 1058 5251 ⁸³
1088 5217 1283 5285 Ephes.
1309 5217 1470 5280 v.16.
1546 5219 1595 5285 '9
1613 5217 1735 5274 Gal.
1776 5234 1813 5283 ι,

1975 5215 2019 5249 τί
2055 5214 2178 5269 Jud.
2213 5231 2274 5281 ll,
2307 5215 2360 5270 7.

250 5279 295 5313 ’δ
336 5281 531 5339 Matth.
580 5299 747 5350 xxw,
788 5285 876 5341 l2.
951 5288 1000 5320 ⁷³
1049 5279 1180 5343 Luc.
1245 5304 1414 5353 xvm,
1462 5287 1516 5343 8.
1556 5284 1604 5316 ⁷⁸
1644 5279 1828 5343 Matth.

1933 5303 2009 5350 tv,
2034 5285 2125 5341 22.
2202 5279 2405 5344 "ibid.
2482 5288 2528 5320 ⁷⁸
2572 5287 2674 5345 Job
2726 5279 2809 5354 ιη’,
2852 5288 2908 5344 5.

320 5460 432 5539 (52)
482 5461 631 5518 Unus
685 5471 854 5539 codex
895 5467 1261 5532 Ebroicensis,
1307 5485 1327 5520 ε
1355 5469 1448 5539 qui
1501 5469 1720 5524 divitias
1760 5478 1817 5525 et

249 5533 561 5604 voluptates-
588 5536 850 5604 pessimas
873 5547 929 5592 et
956 5539 1205 5593 honores.
1247 5558 1266 5591 ι

251 5603 443 5733 ωῇῇῒῇ
480 5602 636 5722 5:35},
695 5623 715 5657 ι
759 5606 1122 5663 illuminante.
1172 5627 1192 5662 ι
1240 5608 1399 5666 Libb.
1441 5609 1593 5676 editi,
1644 5628 1664 5661 ε
1694 5609 1817 5665 ἱΙΙυ-

320 5742 437 5814 (54)
478 5739 632 5805 Unus
654 5746 849 5818 codex,
899 5766 917 5801 ι
947 5762 1087 5807 nunc
1120 5765 1244 5821 cum
1269 5749 1543 5809 scandatis
1583 5751 1814 5807 mundus

1924 5052 2037 5126 (57)
2069 5054 2268 5110 multos
2300 5054 2553 5126 ponimus
2582 5056 2702 5112 dies
2729 5057 3033 5112 secundum
3064 5057 3208 5113 hunc
3243 5056 3499 5113 ordinem

2465 5218 2510 5248 ἠ
2549 5215 2707 5271 Joan.
2755 5233 2794 5282 ι,
2837 5217 2890 5272 9.
2999 5219 3046 5251 ⁷³
3079 5218 3271 5273 Matth.
3313 5234 3367 5279 ν.
3401 5219 3491 5277 η.

2993 5289 3040 5321 ⁷³
3080 5289 3203 5345 Jud.
3239 5304 3302 5359 tt,
3332 5290 3386 5345 7.

1923 5468 2241 5538 replebitur.
2280 5486 2300 5518 ι

1994 5539 2108 5609 (55)
2149 5537 2300 5609 Unus
2333 5552 2459 5600 ms.,
2502 5554 2520 5589 ι
2550 5537 2947 5595 breviabuntur
2975 5549 3029 5598 et
3057 5541 3391 5595 minuentur.
3424 5558 3446 5594 ι

1991 5607 2103 5680 (56)
2148 5607 2297 5663 Unus
2321 5624 2448 5671 ms.,
2488 5627 2505 5659 ι
2542 5610 2866 5664 occurrerit.
2906 5630 2924 5663 ι
2960 5612 3115 5669 Libb.
3141 5612 3299 5678 editi,
3340 5629 3361 5664 ι
3397 5625 3486 5669 occ

1922 5687 2188 5737 curreret.
2223 5695 2243 5729 ι

1991 5749 2106 5821 (57)
2148 5746 2298 5806 Unus
2332 5763 2459 5818 ms.,
2493 5767 2511 5801 ι
2547 5749 2688 5820 quod
2717 5764 2866 5821 ergo.
2904 5768 2923 5803 ι
