4050 6148
551 198 697 255 955.

2016 190 2338 255 ORIGENIS

3692 189 3811 250 955

549 326 711 381 quem
763 309 1159 381 exposuimus?
1220 309 1332 381 Ego
1395 309 1476 365 sic
1530 309 1771 364 arbitror
1818 311 1961 380 quod
2007 310 2124 366 dies
2154 316 2197 371 A
2228 329 2347 381 qua:
2376 312 2504 369 fecit
2530 313 2580 367 in
2605 311 2805 369 Israel?
2836 330 2854 364 ι
2882 310 3021 379 Quid
3042 308 3383 366 enim?Sunt
3418 309 3597 381 aliqua
3622 321 3811 380 Opera

551 418 691 459 unus
744 405 916 474 ipsius
954 412 1040 458 est
1075 403 1307 474 justitia,
1357 403 1494 458 alius
1543 405 1937 475 sanctificatio,
1980 404 2122 460 alius

550 495 866 563 prudentia,
898 494 1039 549 alius
1072 495 1472 561 misericordia,
1523 505 1580 551 et
1629 497 1711 552 sic
1767 512 1863 568 per
1905 497 2120 567 singula

506 617 518 630 ι
550 587 814 642 virtutum
860 585 996 641 dona
1038 586 1158 641 dies
1207 596 1588 657 computantur
1625 587 1788 652 Iesu,
1827 588 1879 642 in
1923 586 2124 657 quibus

556 677 784 733 Domino
820 679 1082 740 servitur,
1114 677 1238 747 quia
1269 677 1321 732 in
1357 679 1441 733 bis
1477 680 1770 735 virtutibus
1797 680 1961 734 animi
2009 681 2116 734 Do-

553 768 702 822 mino
736 768 1000 838 placetur.
1036 767 1142 822 Sed
1170 779 1224 822 et
1251 769 1568 838 patientiam
1601 780 1912 840 computata
1954 771 2120 836 diem,

550 871 607 915 et
646 860 1133 921 mansuetudinem,
1191 869 1248 914 et
1300 860 1581 930 pietatem,
1613 872 1670 916 et
1694 862 2013 927 bonitatem,
2066 873 2122 918 et

549 966 711 1006 omne
733 953 876 1022 quod
903 954 969 1006 ad
995 954 1255 1006 virtutem
1279 953 1540 1021 pertinet,
1568 955 1738 1022 ipsius
1761 956 1928 1010 dicito
1954 957 2119 1010 diem.

552 1044 621 1098 Et
651 1044 731 1098 sic
764 1045 816 1098 in
843 1045 1096 1099 omnibus
1128 1044 1322 1098 diebus
1367 1042 1493 1099 Iesu
1529 1045 1758 1100 Domino
1801 1048 2021 1111 servies,
2070 1049 2120 1107 id

551 1145 637 1188 est
675 1135 729 1187 in
770 1135 1029 1188 omnibus
1056 1134 1140 1188 bis
1168 1134 1483 1189 virtutibus.
1515 1133 1630 1188 Non
1663 1137 1807 1189 enim
1836 1137 1951 1191 vult
1981 1136 2124 1192 Scri-

551 1237 724 1296 ptura:
767 1235 972 1281 sancta:
1016 1227 1304 1290 institutio,
1355 1239 1412 1284 ut
1455 1227 1668 1296 aliquas
1713 1243 1781 1282 ex
1826 1228 1910 1284 bis
1952 1230 2120 1283 virtu-

555 1320 697 1375 tibus
729 1319 933 1375 habeas
962 1320 1014 1374 in
1049 1329 1120 1385 te,
1152 1332 1204 1376 et
1235 1322 1369 1376 alias
1419 1320 1683 1389 negligas,
1729 1321 1822 1375 sed
1862 1331 1918 1374 ut
1943 1321 2122 1375 omni-

554 1410 659 1465 bus
684 1411 770 1466 his
801 1411 1098 1466 virtutibus
1128 1412 1452 1476 adornatus,
1500 1421 1555 1466 et
1596 1412 1651 1467 in
1696 1426 1882 1467 earum
1913 1412 2122 1471 actibus

551 1502 760 1571 positus
795 1504 1004 1559 servias
1039 1502 1290 1559 Domino.
1344 1502 1546 1557 Eodem
1592 1504 1753 1557 modo
1794 1503 1916 1572 quis
1960 1504 2119 1558 etiam

555 1594 840 1647 seniorum
890 1595 1005 1649 dies
1055 1596 1216 1650 habet
1262 1595 1317 1649 in
1358 1610 1438 1661 se,
1486 1602 1541 1650 et
1592 1594 1646 1649 in
1695 1595 1887 1652 diebus
1930 1610 2118 1651 eorum

556 1686 722 1740 servit
757 1685 1008 1752 Domino,
1054 1688 1285 1756 implens
1330 1686 1459 1742 illud
1490 1688 1635 1756 quod
1676 1688 1811 1742 dicit
1842 1689 2121 1757 apostolus
2154 1666 2193 1723 Β

556 1775 759 1832 Pamns
793 1777 882 1833 “z
934 1796 951 1829 ι
983 1779 1290 1835 lmitatores
1341 1779 1446 1833 mei
1492 1787 1684 1845 estote,
1727 1778 1872 1834 sicut
1919 1786 1974 1834 et
2020 1794 2123 1851 ego

554 1868 782 1925 Christi.
815 1888 834 1923 ι

625 1957 682 2014 4.
730 1975 750 2010 ι
786 1957 846 2012 ln
880 1956 1094 2025 diebus,
1129 1959 1303 2029 inquit
1331 1960 1404 2024 ⁸⁸,
1434 1960 1709 2015 seniorum
1749 1975 1937 2016 eorum
1961 2000 1977 2026 ,
2027 1961 2119 2029 qui

551 2057 932 2118 cognoverunt
964 2051 1147 2104 omnia
1191 2065 1357 2119 opera
1406 2050 1640 2106 Domini.
1675 2069 1695 2103 ι
1743 2051 1876 2118 Quis
1908 2060 1990 2106 est
2029 2051 2123 2120 qui

550 2140 837 2208 cognoscit
872 2142 1056 2195 omnia
1092 2156 1257 2209 opera
1293 2142 1526 2207 Domini,
1561 2144 1662 2199 nisi
1706 2146 1799 2214 qui
1844 2144 1978 2200 facit
2019 2146 2122 2201 ea?

555 2229 710 2285 Sicut
739 2231 881 2286 enim
910 2231 1116 2287 dictum
1148 2242 1235 2287 est
1266 2232 1334 2287 de
1364 2232 1491 2289 ﬁliis
1517 2233 1631 2289 Heli
1675 2235 1744 2299 θ’,
1779 2237 1904 2305 quia
1937 2246 2124 2293 essent

555 2339 576 2372 ι
614 2321 707 2375 lilii
737 2322 1074 2391 pestilentiae,
1115 2324 1417 2380 nescientes
1446 2325 1752 2391 Dominum,
1787 2346 1806 2378 ι
1837 2342 1941 2381 non
1980 2329 2120 2398 quod

552 2413 873 2482 ignorarent
900 2415 1210 2479 Dominum,
1244 2418 1334 2486 qui
1372 2418 1562 2487 utique
1591 2429 1645 2474 et
1684 2421 1935 2477 doctores
1967 2432 2124 2477 erant

554 2517 899 2573 ceterorum,
933 2508 1027 2562 sed
1057 2508 1184 2577 quia
1219 2509 1299 2563 sic
1330 2509 1565 2580 agebant
1593 2520 1656 2565 ut
1694 2521 1862 2581 agunt
1896 2512 1995 2577 illi,
2027 2514 2119 2584 qui

550 2597 802 2652 nesciunt
834 2598 1156 2655 Dominum:
1195 2602 1296 2656 hoc
1335 2603 1497 2657 modo
1535 2603 1703 2658 etiam
1746 2603 1837 2660 hic
1881 2605 2123 2662 sentien-

552 2690 680 2742 dum
712 2699 797 2744 est
834 2692 976 2760 quod
1004 2693 1157 2758 dicit,
1192 2711 1211 2744 ι
1240 2693 1334 2763 qui
1382 2708 1754 2764 cognoverunt
1782 2712 1947 2753 omne
1985 2713 2121 2768 opus

555 2778 790 2836 Domini.
827 2800 846 2832 ι
883 2782 950 2836 Ει
980 2782 1094 2853 (58)
1125 2799 1229 2838 non
1266 2784 1463 2850 solum,
1512 2785 1709 2856 inquit,
1751 2798 2123 2857 cognoverunt

551 2885 688 2939 opus
716 2868 951 2935 Domini,
983 2873 1076 2927 sed
1106 2874 1336 2939 addidit,
1377 2891 1395 2925 ι
1431 2875 1522 2943 qui
1552 2890 1713 2930 omne
1742 2891 1878 2947 opus
1914 2892 2119 2950 cogno-

553 2972 748 3014 verunt
802 2961 1061 3028 Domini;
1101 2983 1120 3016 ι
1162 2964 1212 3017 id
1253 2974 1355 3031 est,
1399 2966 1490 3036 qui
1538 2978 1908 3035 cognoverunt
1945 2981 1998 3025 et
2031 2971 2119 3042 ju-

2228 404 2443 458 Domini
2471 419 2659 474 parva,
2693 405 2759 459 ad
2790 418 3020 473 quorum
3041 402 3440 457 distinctionem
3462 402 3577 457 haec
3596 414 3808 471 magna

2229 496 2512 551 dicantur?
2558 496 2668 563 Ego
2718 494 2959 551 arbitror
3011 492 3157 563 quod
3203 508 3363 548 omne
3419 492 3638 562 quidem
3698 488 3805 546 Dei

2226 601 2362 654 opus
2387 597 2470 641 est
2500 603 2772 657 magnum,
2805 586 2947 656 quod
2984 601 3081 654 pro
3112 586 3419 654 capacitate
3457 598 3647 639 eorum
3696 581 3805 653 qui

2227 688 2546 746 operantur,
2572 680 2619 733 si
2645 679 2749 733 sibi
2779 679 3016 734 invicem
3049 685 3459 747 comparentur,
3487 675 3570 729 vel
3597 685 3807 744 magna

2227 786 2391 840 opera
2425 769 2639 826 Domini
2669 770 2922 825 dicuntur
2951 785 3093 837 esse,
3130 770 3215 824 vel
3244 783 3436 839 parva.
3469 766 3631 822 Verbi
3659 782 3807 821 cau-

2228 880 2313 929 sa,
2339 863 2526 917 eduxit
2564 861 2703 916 lilios
2725 859 2893 916 lsrael
2918 860 2983 916 de
3010 860 3245 930 Egypto
3291 860 3345 920 iu
3383 872 3543 912 manu
3579 855 3711 913 forti
3742 865 3807 911 et

2227 954 2457 1011 brachio
2484 953 2725 1020 excelso,
2747 952 2982 1023 Egypto
3011 952 3271 1021 prodigiis
3318 948 3634 1005 caelestibus
3667 958 3808 1002 Ver-

2229 1048 2438 1113 berata,
2462 1047 2604 1101 viam
2635 1046 2761 1100 fecit
2798 1047 2851 1100 in
2888 1045 3060 1111 mari,
3105 1060 3302 1099 manna
3343 1045 3397 1098 in
3437 1043 3653 1097 deserto
3696 1055 3803 1111 po—

2227 1138 2353 1209 pulo
2385 1140 2553 1203 dedit,
2587 1140 2653 1193 de
2695 1137 2834 1194 coelo
2886 1138 3100 1193 locutus
3147 1144 3231 1190 est
3272 1136 3339 1189 ad
3379 1134 3584 1197 Mosen,
3617 1122 3799 1202 legem

2227 1233 2589 1300 conscriptam
2625 1231 2675 1285 in
2729 1229 2928 1284 tabulis
2966 1228 3189 1296 lapideis
3237 1225 3409 1281 dedit.
3458 1225 3647 1279 Nonne
3676 1224 3800 1277 haec

2226 1338 2423 1392 magna
2458 1330 2587 1377 sunt
2623 1335 2785 1390 cpera
2821 1319 2953 1373 Dei?
3001 1317 3108 1372 Sed
3152 1317 3197 1371 si
3253 1316 3384 1370 illud
3433 1315 3520 1370 his
3566 1327 3800 1381 compa-

2228 1432 2314 1471 res
2339 1417 2423 1482 ⁸⁸,
2454 1415 2596 1487 quod
2632 1433 2651 1466 ‹
2692 1415 2765 1470 ita
2801 1413 2991 1469 dilexit
3026 1413 3167 1468 Deus
3221 1410 3367 1465 hunc
3410 1409 3702 1472 mundum,
3735 1415 3801 1461 ut

2225 1508 2419 1563 Filiqu
2445 1523 2603 1563 suum
2635 1507 2971 1577 unigenitum
3005 1506 3161 1563 daret
3184 1523 3205 1557 ι
3238 1519 3337 1574 pro
3368 1502 3546 1557 salute
3579 1500 3796 1564 mundi,

2231 1599 2471 1655 invenies
2493 1598 2674 1653 omnia
2708 1597 2797 1651 illa
2831 1611 2994 1667 parva
3022 1610 3144 1651 esse
3175 1595 3240 1649 ad
3271 1593 3440 1661 hujus
3467 1592 3647 1662 operis
3676 1607 3797 1667 ma;

2225 1689 2581 1760 guitudinem.
2619 1687 2773 1754 Quod
2827 1700 2966 1755 opus
3008 1685 3173 1741 etiam
3210 1699 3311 1740 nos
3360 1693 3418 1737 et
3464 1695 3798 1752 cognoscere

2225 1782 2503 1844 debemus,
2541 1788 2595 1834 et
2645 1779 2889 1844 credere,
2951 1785 3007 1833 et
3063 1780 3276 1847 operari
3328 1789 3495 1840 opera
3556 1773 3795 1829 Domini.

2225 1872 2341 1927 Non
2371 1887 2502 1941 ergo
2533 1871 2893 1942 negligenter,
2941 1868 3033 1924 sed
3070 1866 3299 1922 ﬁdeliter
3352 1876 3407 1919 et
3452 1872 3682 1930 attente,
3735 1874 3799 1918 ut

2224 1964 2572 2019 inveniamur
2622 1972 2678 2018 et
2727 1976 2825 2016 nos
2873 1961 2928 2015 in
2989 1959 3178 2015 diebus
3214 1956 3341 2013 Iesu
3372 1956 3598 2022 Christi,
3635 1966 3694 2011 et
3737 1956 3794 2009 in

2222 2052 2415 2107 diebus
2448 2057 2760 2106 sanctorum
2786 2051 3063 2109 seniorum
3096 2048 3214 2118 ejus
3252 2048 3643 2117 apostolorum,
3665 2061 3790 2101 cum

2221 2145 2417 2215 quibus
2467 2153 2523 2198 et
2568 2143 2883 2199 societatem
2921 2141 3159 2197 caelestis
3201 2139 3535 2194 haereditatis
3581 2153 3792 2193 merea-

2222 2249 2342 2287 mur
2373 2234 2640 2304 accipere,
2677 2249 2774 2304 per
2800 2232 2974 2299 ipsum
3012 2231 3300 2286 Dominum
3332 2239 3576 2283 nostrum
3604 2228 3790 2285 Iesum

2221 2325 2518 2390 Christum,
2552 2326 2638 2380 cui
2665 2333 2750 2381 est
2772 2325 2943 2397 gloria
2979 2332 3036 2379 et
3062 2321 3350 2393 imperium
3383 2322 3436 2374 in
3463 2321 3661 2376 saecula
3690 2338 3792 2377 sa:-

2221 2419 2491 2476 culornm.
2516 2419 2709 2476 Amen.

2803 2507 3089 2565 HOMILIA
3125 2508 3190 2565 ll.

2219 2601 2300 2657 De
2325 2618 2384 2657 eo
2412 2601 2551 2672 quod
2580 2601 2932 2672 scriptum‘est
2953 2601 3032 2672 ’ξε
3057 2601 3089 2651 «⁸
3111 2602 3179 2654 Et
3210 2601 3494 2671 defunctus
3534 2609 3610 2655 est
3635 2599 3787 2655 Iesu

2793 2669 2938 2739 ﬁlius
2972 2670 3141 2725 Nave.
3169 2689 3188 2723 ι

2291 2776 2344 2832 1.
2379 2775 2660 2832 Recitatus
2686 2782 2768 2828 est
2795 2774 2952 2828 nobis
2994 2773 3159 2828 etiam
3198 2772 3327 2829 Iesu
3367 2774 3570 2829 obitus.
3603 2773 3670 2828 Et
3699 2773 3784 2828 ille

2220 2869 2436 2938 quidem
2487 2868 2630 2922 ﬁlius
2677 2863 2826 2919 Nave
2855 2864 3000 2934 quod
3034 2864 3322 2920 defunctus
3357 2873 3464 2929 est,
3511 2864 3643 2919 nihil
3684 2866 3784 2918 mi-

2223 2977 2365 3016 rum.
2394 2961 2610 3019 Naturae
2639 2979 2874 3034 namque
2898 2966 3043 3035 quod
3078 2965 3378 3021 debebatur
3400 2965 3652 3021 exsolvit.
3679 2963 3783 3018 Ve-

551 3053 715 3107 stitiae
744 3067 880 3122 opus
910 3053 1142 3119 Domini,
1177 3064 1231 3110 et
1263 3028 1715 3114 sanctiﬁcationis
1753 3074 1911 3130 opus,
1935 3070 1990 3118 et
2018 3028 2115 3132 pa-

2223 3069 2341 3109 rum
2378 3056 2634 3124 quoniam
2676 3028 3087 3112 institueramus
3117 3058 3233 3113 haec
3257 3072 3380 3126 qua:
3404 3057 3472 3112 de
3503 3057 3615 3112 lilio
3640 3055 3783 3111 Nave

553 3145 791 3210 tientiae,
847 3155 902 3200 et
949 3148 1401 3212 mansuetudinis,
1451 3159 1506 3204 et
1546 3147 1785 3220 pietatis.
1833 3152 1900 3208 Et
1954 3169 2115 3210 omne

552 3236 812 3306 quidquid
840 3252 906 3291 ex
943 3240 1212 3294 mandatis
1237 3240 1329 3294 Dei
1372 3241 1547 3307 venit,
1600 3258 1733 3313 opus
1783 3243 1992 3301 Domini
2036 3247 2119 3301 di-

551 3330 715 3383 citur.
765 3327 872 3383 Sed
918 3327 1061 3383 sicut
1112 3338 1196 3385 est
1235 3347 1373 3402 opus
1414 3332 1652 3400 Domini,
1695 3345 1794 3389 'est
1840 3337 1961 3391 sine
2009 3338 2114 3392 du-

552 3421 644 3475 bio
706 3420 831 3474 huic
892 3422 1232 3475 contrarium
1296 3438 1431 3490 opus
1491 3424 1701 3481 Zabuli.
1762 3426 1981 3483 Certum
2036 3437 2120 3485 est

550 3512 729 3576 enim,
779 3511 905 3581 quia
965 3512 1105 3568 sicut
1159 3514 1369 3583 justitia
1428 3524 1513 3571 est
1573 3532 1709 3586 opus
1753 3519 1881 3586 Dei,
1930 3522 2005 3575 ita
2063 3532 2119 3575 et

554 3603 819 3673 iniustitia
860 3617 997 3673 opus
1043 3603 1235 3660 Zabuli
1262 3622 1278 3659 :
1309 3616 1366 3660 et
1399 3606 1543 3662 sicut
1584 3611 1942 3665 mansuetudo
1984 3626 2119 3680 opus

555 3691 653 3745 Dei
692 3701 800 3759 est,
846 3694 918 3748 ita
950 3703 1005 3750 et
1049 3695 1128 3749 ira
1175 3704 1231 3749 et
1273 3697 1423 3752 l'uror
1466 3713 1602 3767 opus
1644 3700 1717 3754 sit
1755 3699 1967 3758 Zabuli.
2007 3702 2114 3758 Co-

553 3785 803 3850 gnovisse
847 3802 977 3857 ergo
1020 3787 1280 3843 dicuntur
1326 3804 1464 3858 opus
1512 3790 1628 3855 Dei,
1677 3792 1752 3848 illi
1787 3795 1878 3863 qui
1910 3796 2120 3851 faciunt

554 3891 691 3944 opus
733 3875 872 3943 eius.
906 3878 977 3934 Ut
1007 3890 1187 3936 autem
1257 3881 1359 3936 hoc
1421 3883 1653 3952 amplius
1700 3899 1762 3940 ex
1812 3885 2118 3956 Scriptura-

558 3984 675 4022 rum
707 3969 1026 4024 auctoritate
1068 3971 1353 4034 clarescat,
1401 3973 1673 4042 quomodo
1719 3975 1891 4031 soleat
1939 3977 2120 4032 dicere

560 4058 866 4126 Scriptura,
897 4074 1249 4128 cognoscere,
1296 4063 1379 4118 vel
1417 4065 1650 4126 nescire,
1689 4067 1809 4122 vide
1845 4070 2119 4138 quomodo

555 4150 715 4224 5.61
730 4151 892 4206 etiam
920 4152 1047 4206 alibi
1075 4156 1333 4224 scriptum
1359 4165 1443 4212 est
1471 4157 1518 4189 ⁸³
1547 4175 1561 4211 :
1601 4158 1732 4226 «Qui
1769 4161 2117 4225 custodit,in-

556 4245 699 4312 quit,
722 4243 1060 4307 mandatum,
1082 4245 1286 4300 nesciet
1310 4246 1536 4302 verbum
1557 4249 1916 4317 maluanui
1937 4263 2117 4307 autem

559 4338 870 4391 mandatum
919 4337 1175 4400 custodit,
1214 4346 1395 4405 potest
1428 4338 1544 4394 ﬁeri
1595 4349 1654 4395 ut
1691 4343 1904 4397 nesciat
1954 4347 2117 4400 verba

558 4428 737 4482 mala?
776 4427 891 4481 Scit
946 4426 1195 4495 quidem,
1243 4429 1335 4482 sed
1388 4431 1598 4486 nescire
1633 4446 1732 4500 pro
1780 4447 1845 4488 eo
1896 4434 2116 4499 dicitur,

560 4518 702 4582 quod
747 4532 809 4570 ea
852 4526 1008 4570 cavet
1036 4526 1090 4570 et
1115 4517 1272 4570 vitat.
1304 4516 1394 4570 Sic
1424 4520 1493 4571 de
1514 4521 1704 4575 eodem
1748 4521 1865 4592 ipso
1891 4523 2118 4579 Domino

558 4617 613 4661 et
655 4605 935 4662 Salvatore
975 4609 1118 4677 quod
1149 4607 1351 4660 dictum
1386 4616 1468 4663 est
1493 4609 1569 4677 “,
1617 4629 1636 4662 ι
1661 4627 1767 4668 non
1816 4615 1963 4669 novit
1988 4630 2117 4685 pec.

559 4708 764 4764 catum,
787 4709 1022 4757 scertum
1041 4699 1257 4771 estquia
1274 4698 1553 4769 ignorasse
1582 4703 1782 4758 dicitur
1811 4715 2112 4775 peccatum,

560 4807 655 4861 pro
683 4808 749 4847 eo
778 4793 917 4860 quod
944 4807 1048 4845 non
1072 4791 1182 4860 egit
1210 4805 1345 4859 opus
1384 4795 1616 4861 peccati.
1650 4793 1763 4850 Hoc
1796 4814 1927 4868 ergo
1955 4801 2114 4855 modo

556 4894 610 4938 et
639 4885 729 4939 ille
764 4885 963 4939 dicitur
993 4901 1321 4955 cognoscere
1354 4902 1516 4956 opera
1553 4889 1786 4955 Domini,
1824 4895 1914 4963 qui
1949 4910 2112 4966 opera

559 4973 770 5030 Domini
797 4976 946 5034 facit.
976 4976 1194 5049 Ignorat
1220 4988 1399 5034 autem
1430 4995 1566 5051 opus
1595 4980 1714 5049 Dei,
1746 4985 1838 5055 qui
1873 5001 1976 5041 non
2007 4988 2117 5059 agit

557 5081 695 5132 opus
726 5068 842 5122 Dei.

624 5158 677 5212 5.
715 5158 819 5214 Sed
850 5169 906 5214 et
929 5160 1063 5215 illud
1095 5162 1365 5232 quomodo
1404 5164 1745 5233 pra-terimus
1781 5165 1922 5235 quod
1957 5167 2116 5222 addi-

559 5251 730 5305 dit":
764 5270 781 5303 ι
814 5251 914 5318 Qui
942 5262 1313 5323 cognoverunt
1334 5269 1497 5324 opera
1519 5256 1730 5310 Domini
1764 5272 1957 5325 magna
1975 5257 2112 5331 (59),

660 5341 707 5372 ’δ’
738 5338 905 5398 lCor.
940 5360 1014 5407 Iv,
1042 5345 1127 5400 l6.
1229 5346 1274 5379 ⁸³
1317 5345 1440 5403 Iud.
1494 5364 1556 5407 tt,
1583 5346 1630 5400 7.

558 5410 604 5442 “
631 5409 788 5466 Ioan.
825 5428 905 5478 ιιι,
934 5415 1019 5469 16.
1095 5417 1139 5449 ³⁷
1169 5414 1293 5472 Iud.
1330 5433 1389 5481 tt,
1416 5417 1470 5471 8.
1544 5418 1592 5449 ⁸⁸
1622 5417 1741 5473 Gal.
1777 5435 1836 5482 ιι.
1873 5409 1974 5476 2οΪ
2039 5409 2087 5454 δέ

2227 5419 2319 5490 lip.
2355 5436 2398 5486 ι,
2435 5418 2527 5473 ‘21.

640 5529 963 5603 (38)_77Mss.,_
993 5548 1013 5583 ε
1049 5532 1148 5603 qui
1192 5542 1557 5602 cognoverunt
1611 5548 1772 5590 omne
1826 5549 1963 5603 opus
2018 5534 2121 5589 Do-

565 5601 715 5726 gini.
756 5601 838 5657 Et.
874 5623 892 5656 ι
944 5601 1100 5659 Libb.
1127 5601 1280 5672 editi,
1313 5622 1332 5655 ‹
1365 5604 1454 5677 qni
1482 5606 1733 5674 cognovit
1759 5601 1918 5662 omne
1956 5620 2114 5676 opus.

635 5706 653 5725 ο
683 5689 702 5723 ι

2218 3145 2557 3215 legebantur,
2591 3148 2655 3202 ad
2694 3147 2980 3203 Dominum
3023 3158 3267 3204 nostrum
3296 3146 3482 3203 Iesum
3512 3148 3779 3203 Christum

2218 3235 2446 3301 referre,
2486 3238 2772 3294 videndum
2803 3248 2888 3294 est
2936 3238 3204 3309 quomodo
3233 3239 3398 3293 etiam
3424 3239 3496 3292 de
3529 3238 3651 3308 ipso
3680 3237 3779 3291 dici

2220 3331 2509 3384 conveniat
2549 3331 2676 3400 quia
2707 3329 2997 3387 defunctus
3030 3338 3114 3385 est
3166 3327 3345 3384 Iesus.
3391 3329 3507 3399 Ego
3549 3329 3782 3383 arbitror

2219 3423 2517 3478 secundum
2570 3424 2869 3491 Scripturae
2919 3424 3301 3478 auctoritatem
3357 3422 3461 3477 hoc
3513 3420 3780 3490 loquens,

2218 3515 2360 3583 quod
2392 3514 2444 3568 in
2471 3513 2795 3585 quibusdam
2819 3515 2956 3570 vivit
2993 3513 3172 3578 Iesus,
3210 3516 3264 3569 in
3296 3513 3625 3586 quibusdam
3657 3525 3785 3566 vero

2218 3604 2505 3662 defunctus
2535 3617 2640 3663 est.
2672 3608 2726 3660 In
2758 3606 2929 3662 Paulo
2960 3607 3093 3661 vivit
3139 3607 3316 3673 Iesus,
3346 3615 3401 3661 et
3435 3606 3490 3660 in
3521 3604 3708 3669 Petro,
3733 3612 3785 3658 et

2219 3696 2273 3751 in
2308 3695 2415 3750 illis
2443 3697 2694 3752 omnibus
2718 3697 2810 3767 qui
2838 3698 3034 3753 merito
3065 3706 3292 3767 possunt
3331 3697 3515 3751 dicere
3546 3736 3561 3751 .
3602 3714 3622 3747 σ
3654 3694 3785 3751 Vivo
3873 3745 3877 3749 .

2218 3799 2398 3843 autem
2423 3788 2535 3858 jam
2569 3805 2674 3844 non
2716 3805 2839 3859 ego,
2863 3791 2997 3845 vivit
3031 3806 3161 3846 vero
3188 3792 3242 3845 in
3275 3805 3360 3846 me
3384 3789 3635 3846 Christus
3661 3790 3727 3845 ⁸⁸.
3761 3809 3780 3842 ι

2219 3878 2285 3932 Et
2314 3878 2507 3933 iterum
2550 3879 2686 3934 dicit
2716 3879 2761 3912 ⁸⁸
2793 3897 2808 3935 :
2847 3898 2867 3931 ι
2906 3879 3033 3934 Mihi
3069 3890 3253 3934 autem
3297 3881 3481 3936 vivere
3535 3880 3784 3937 Christus

2219 3982 2324 4037 est,
2358 3983 2415 4027 et
2443 3973 2578 4028 mori
2609 3973 2877 4028 lucrum.)
2906 3971 2963 4026 la
2994 3972 3112 4027 istis
3140 3988 3270 4042 ergo
3299 3972 3493 4027 talibus
3525 3969 3683 4027 Iesus
3705 3973 3785 4026 vi-

2218 4078 2346 4118 vere
2374 4065 2570 4119 merito
2606 4065 2826 4120 dicitur.
2860 4063 2917 4118 ln
2951 4063 3146 4132 quibus
3175 4076 3353 4118 autem
3387 4062 3676 4119 defunctus
3699 4073 3783 4119 est

2217 4154 2409 4211 Iesus?
2443 4155 2499 4210 ln
2533 4156 2637 4211 illis
2667 4157 2784 4211 sine
2832 4156 3017 4220 dubio,
3047 4156 3139 4225 qui
3180 4170 3324 4225 saepe
3373 4157 3685 4224 ptnnitendo
3730 4164 3782 4209 et

2220 4249 2414 4304 iterum
2447 4248 2834 4317 delinquendo,
2877 4247 3027 4302 velut
3056 4247 3316 4303 insultare
3356 4248 3514 4303 morti
3542 4245 3671 4301 Iesu
3703 4245 3782 4300 di-

2221 4351 2436 4397 cuntur.
2475 4339 2552 4394 De
2593 4340 2791 4409 quibus
2818 4337 3063 4393 scribens
3094 4339 3162 4394 ad
3196 4337 3447 4393 llebrzeos
3479 4336 3613 4391 dicit
3640 4335 3779 4403 Apo-

2222 4435 2390 4490 stolus
2425 4433 2510 4488 ’°:
2548 4450 2566 4484 ι
2594 4432 2828 4486 Rursum
2863 4430 3243 4501 cruciﬁgentes
3292 4429 3644 4499 sibimetipsis
3688 4426 3778 4482 Fi-

2219 4528 2353 4582 lium
2388 4525 2506 4591 Dei,
2538 4534 2591 4580 et
2610 4524 2846 4580 ostentui
2876 4525 3158 4578 habentes.
3183 4542 3201 4577 ι
3240 4523 3401 4578 Vides
3422 4536 3551 4591 ergo
3576 4522 3701 4591 quia
3727 4520 3774 4573 in

2223 4618 2572 4688 peccantibus
2615 4632 2722 4672 non
2760 4617 2935 4672 solum
2980 4616 3198 4686 defungi
3239 4616 3434 4671 dicitur
3457 4614 3650 4678 Iesus,
3684 4628 3772 4667 ve-

2222 4726 2341 4764 rum
2383 4719 2438 4764 et
2485 4710 2731 4779 cruciﬁgi
2777 4708 2846 4763 ab
2886 4709 2965 4764 eis
3004 4709 3266 4764 asseritur
3295 4717 3349 4762 et
3386 4706 3554 4761 illudi.
3593 4704 3699 4761 Sed
3725 4712 3776 4758 et

2227 4812 2280 4857 tu
2330 4802 2443 4872 ipse
2483 4801 2769 4856 considera
2820 4801 2958 4870 apud
2996 4809 3068 4865 te,
3107 4801 3153 4855 si
3180 4800 3395 4870 quando
3440 4799 3509 4853 de
3554 4797 3778 4853 avaritia

2221 4895 2425 4965 cogitas
2460 4904 2514 4948 et
2547 4894 2702 4962 cupis
2741 4893 2918 4947 aliena
2956 4893 3214 4963 diripere,
3250 4891 3494 4961 nunquid
3526 4901 3678 4960 potes
3701 4888 3778 4944 di-

2223 5003 2384 5052 cere,
2420 4988 2546 5058 quia
2584 4987 2719 5040 vivit
2750 4986 3002 5041 Christus
3046 4987 3099 5040 in
3129 4985 3250 5041 me?
3275 4985 3382 5039 Aut
3410 4985 3456 5038 si
3497 4985 3564 5038 de
3598 4993 3777 5052 stupro

2225 5082 2456 5150 cogitas,
2494 5080 2539 5135 si
2566 5078 2748 5132 furore
2780 5078 3101 5148 exagitaris,
3138 5077 3181 5131 si
3211 5076 3380 5131 livore
3413 5074 3775 5138 succenderis,

2220 5169 2264 5223 si
2300 5167 2498 5222 invidia
2530 5167 2843 5233 slimularis,
2886 5169 2930 5221 si
2964 5166 3275 5221 temnlentia
3321 5165 3706 5230 debaccbaris,
3732 5162 3775 5217 si

2220 5259 2471 5328 superbia
2515 5257 2830 5323 extolleris,
2861 5258 2909 5313 si
2940 5257 3259 5313 crudelitate
3301 5258 3594 5328 grassaris.
3640 5270 3775 5310 nun-

1731 5347 1777 5380 ⁸²
1816 5349 1833 5403 Ι
1865 5349 1998 5420 Reg.
2031 5365 2092 5412 ιι,

2287 5349 2334 5381 ⁸³
2366 5347 2545 5420 Eccle.
2579 5348 2789 5420 vin,__5.
2857 5350 2904 5381 ⁸⁸
2933 5348 3120 5420 ll_Cor.
3156 5365 3208 5415 v,
3240 5350 3329 5404 21.
3402 5350 3450 5382 ⁸³
3483 5348 3607 5408 Iud.
3640 5364 3701 5415 ll,
3722 5345 3771 5400 7.

2616 5418 2661 5449 ⁹⁰
2696 5417 2831 5474 Heb.
2860 5433 2937 5485 vt,
2964 5418 3019 5474 6.

2299 5531 2410 5605 (39)
2439 5531 2591 5605 Mss”
2636 5551 2654 5584 ι
2679 5533 2768 5605 qui
2806 5543 3173 5605 cognoverunt
3210 5547 3372 5605 opera
3414 5532 3625 5605 Domini
3669 5547 3777 5605 ma:

2229 5601 2353 5673 gna.
2378 5620 2417 5727 Da
2443 5601 2597 5724 l:ibb.
2630 5603 2770 5659 'editi
2795 5643 2810 5671 ,
2863 5601 2892 5654 ί
2913 5603 3003 5673 qui
3040 5604 3352 5675 cognoverit
3384 5619 3519 5674 opus
3566 5601 3785 5680 Domini

2230 5689 2382 5745 tnagn
2424 5708 2439 5732 .
