4050 6148
226 271 351 327 957
1293 265 1361 321 1N
1394 264 1655 321 LIBRUM
1689 259 1981 319 JUDICUM
2017 255 2300 314 HOMILIA
2338 253 2406 308 11.
3387 241 3489 297 958

231 386 382 453 quid
427 392 584 454 potes
631 383 688 436 in
733 378 823 436 his
867 381 1122 436 omnibus
1155 381 1370 446 dicere,
1407 382 1533 448 quia
1573 380 1825 436 Christus
1854 382 1900 439 Α
1931 386 2035 431 tam
2071 373 2250 442 magni
2289 369 2492 440 operis,
2529 367 2669 434 quod
2701 361 2941 459 surrexit
2985 374 3014 412 a
3051 356 3326 459 mortuis,
3372 355 3488 458 ﬁeri

229 476 392 527 vivit
437 475 491 527 in
537 473 666 527 me?
701 471 792 526 Sic
839 487 972 541 ergo
1017 473 1068 524 in
1120 472 1468 540 peccantibus
1513 471 1826 541 defungitur
1927 475 2108 537 posset
2143 463 2386 525 oblivio,
2430 461 2476 512 si
2530 455 2808 528 generatio
2846 455 3126 522 peccatrix
3162 455 3399 502 oriretur
3435 455 3487 541 in

230 564 529 631 Christus,
562 579 662 633 pro
695 573 759 617 eo
793 539 936 632 quod
974 563 1106 617 nihil
1133 563 1184 616 in
1211 565 1289 618 eis
1315 563 1549 630 iustitia,
1577 539 1707 618 nibii
1737 577 1828 630 pa-
1928 560 2112 615 corde.
2161 557 2312 612 Fecit
2349 569 2478 624 ergo
2511 553 2802 619 tnalignum
2840 562 3023 602 coram
3059 546 3168 598 Deo
3210 539 3492 610 generatio

233 656 451 709 tientia
480 696 499 722 ,
541 632 676 708 nihil
713 655 917 708 veritas
957 661 1010 706 et
1060 655 1242 707 omnia
1285 655 1371 708 illa
1419 670 1538 722 qua:
1583 655 1829 708 Christus
1927 650 2204 711 adultera,
2241 661 2358 714 quae
2399 643 2630 699 nescivit
2659 640 2880 702 Jesum,
2917 649 3090 705 neque
3121 632 3492 702 presbyteros.

233 758 361 811 est,
397 755 722 814 operantur.
767 748 824 800 A'
845 747 1050 801 sanctis
1088 761 1220 802 vero
1269 759 1604 816 quaecunque
1653 745 1828 808 ﬁunt,
1998 742 2053 794 5.
2091 758 2108 791 t
2140 739 2205 791 Et
2234 737 2476 799 servivit,
2504 734 2676 804 inquit
2701 732 2776 799 98,
2815 729 3018 784 Baalim
3045 769 3059 793 ,
3093 735 3147 779 et
3185 722 3493 816 derelique-

231 838 513 892 Christus
541 853 604 893 ea
631 838 832 892 dicitur
859 839 1100 906 operari,
1131 814 1369 892 sicut'et
1415 837 1702 908 Apostolus
1743 836 1830 890 di-
1931 840 2059 886 runt
2087 830 2368 885 Dominum
2395 828 2558 881 Deum
2589 835 2802 894 patrum
2826 833 3100 876 suorum.»
3131 817 3254 870 Haec
3276 814 3494 885 quidem

237 931 320 981 cit
357 930 407 961 ⁹¹
447 947 461 982 :
499 947 521 981 ι
557 929 756 984 Omnia
793 945 1014 998 possum
1067 931 1119 984 in
1156 947 1221 986 eo
1255 932 1342 994 qui
1382 947 1468 984 me
1506 930 1780 984 conforlat
1806 944 1826 978 ι
1929 925 2178 979 fecerunt
2215 920 2428 989 antiqui
2461 937 2476 972 :
2508 919 2600 973 sed
2632 916 2889 986 quoniam
2931 927 3052 983 quae
3091 911 3292 977 scripta
3329 913 3492 976 sunt,

237 1022 536 1076 Christus.
574 1021 679 1076 Sed
706 1031 755 1075 et
795 1022 908 1092 ipse
929 1023 1190 1078 Dominus
1223 1025 1273 1076 in
1309 1023 1614 1090 Evangeliis
1643 1023 1708 1076 de
1732 1023 1835 1075 hoc
1929 1032 2039 1071 non
2083 1023 2300 1084 propter
2337 1011 2477 1076 illos,
2525 1009 2620 1063 sed
2660 1016 2884 1078 pr0pter
2922 1019 3021 1058 nos
3064 1001 3264 1070 scripta
3303 998 3496 1099 dicun:

241 1114 673 1168 distinctionem
717 1113 1141 1183 pulcherrimam
1191 1115 1374 1181 dedit,
1417 1130 1540 1168 cum
1594 1113 1726 1169 dicit
1750 1115 1830 1167 "z
1936 1117 2020 1162 tur
2043 1107 2110 1169 '9,
2138 1122 2156 1156 ε
2186 1105 2238 1157 in
2263 1117 2400 1170 quos
2447 1101 2582 1155 ﬁnes
2619 1099 2939 1152 saeculorum
2979 1096 3336 1153 devenerunt,
3363 1106 3382 1140 ι
3416 1096 3500 1141 vi-

248 1225 272 1258 ι
317 1206 654 1276 Quicunque
717 1207 1002 1262 confessus
1060 1223 1145 1262 me
1189 1209 1350 1261 fuerit
1415 1222 1600 1261 coram
1663 1207 1836 1260 homi-
1935 1198 2162 1253 deamus
2203 1210 2270 1249 ne
2307 1193 2512 1263 majore
2547 1207 2615 1245 ex
2657 1199 2810 1259 parte
2846 1187 2914 1242 de
2953 1185 3111 1239 nobis
3137 1183 3497 1276 hate-,quatn

247 1271 454 1366 nibus,
497 1271 800 1354 conﬁtebor
827 1308 880 1354 et
905 1309 1006 1368 ego
1035 1315 1157 1354 eum
1187 1315 1370 1354 coram
1407 1300 1568 1354 Patre
1595 1315 1714 1353 meo
1741 1299 1834 1366 qui
1937 1290 2004 1343 de
2042 1288 2148 1344 illis
2188 1287 2331 1340 dicta
2361 1285 2674 1338 videantur.
2709 1281 2807 1335 Vis
2841 1277 3028 1331 videre
3059 1274 3184 1344 quia
3212 1271 3342 1368 ‘(Mi
3389 1283 3496 1322 non

243 1403 342 1446 est
379 1391 440 1445 in
485 1392 658 1446 caelis.
694 1392 796 1458 Qui
847 1404 1026 1445 autem
1079 1393 1351 1461 negaverit
1387 1407 1471 1445 me
1520 1405 1700 1445 coram
1740 1391 1840 1444 hu-
1936 1397 2035 1452 per
2063 1395 2170 1442 me,
2193 1379 2285 1433 sed
2317 1393 2415 1446 per
2441 1375 2757 1444 Apostolum
2789 1373 2854 1426 de
2879 1369 3030 1424 nobis
3059 1381 3182 1461 esse
3211 1366 3312 1420 ista
3337 1376 3502 1461 expc:-

248 1483 532 1549 minibus,
578 1493 632 1536 et
681 1498 781 1552 ego
819 1483 1028 1552 negabo
1062 1498 1183 1538 eum
1223 1499 1408 1538 coram
1445 1482 1606 1537 Patre
1659 1498 1832 1537 meo.»

250 1574 463 1629 Vidisti
496 1575 620 1645 quia
654 1575 976 1629 conﬁtentes
1007 1576 1059 1628 in
1091 1577 1384 1644 semetipso
1409 1575 1545 1629 dixit
1568 1575 1836 1641 conﬁteri,

253 1677 314 1722 et
359 1669 522 1738 quasi
561 1669 650 1738 qui
687 1669 800 1738 ipse
853 1668 906 1722 in
952 1669 1032 1723 eis
1063 1667 1213 1722 vivat
1263 1678 1317 1724 et
1371 1677 1622 1738 operetur
1677 1684 1840 1739 opera

252 1760 420 1816 vitm.
453 1759 511 1812 ln
545 1759 611 1813 iis
648 1769 830 1813 autem
863 1759 952 1828 qui
997 1767 1214 1830 negant,
1247 1775 1352 1814 non
1387 1761 1562 1814 tenuit
1594 1761 1838 1814 eamdem

254 1848 426 1903 verbi
460 1848 893 1913 similitudinem,
941 1858 1000 1903 ut
1039 1849 1250 1905 diceret
1279 1851 1403 1920 quia
1441 1851 1532 1920 qui
1565 1852 1841 1920 negaverit

256 1941 316 1994 in
355 1957 470 2005 me,
505 1951 560 1995 et
587 1956 686 2012 ego
714 1943 924 2012 negabo
969 1942 1020 1996 in
1052 1959 1174 1998 eum
1206 1962 1218 1998 :
1251 1946 1343 1999 sed
1377 1964 1398 1997 ι
1440 1945 1529 2015 qui
1565 1944 1843 2014 negaverit

260 2046 362 2086 me
403 2047 591 2086 coram
633 2033 946 2089 hominibus
988 2045 1041 2088 et
1093 2051 1191 2104 ego
1246 2037 1453 2106 negabo
1492 2051 1614 2090 eum
1658 2051 1841 2089 coram

260 2121 439 2177 Patre
466 2139 584 2178 meo
611 2165 625 2189 ,
662 2144 681 2176 ι
723 2134 780 2179 ιιι
805 2128 1115 2182 ostenderet
1144 2128 1270 2196 quia
1306 2127 1397 2195 qui
1433 2138 1588 2196 negat
1626 2129 1842 2197 quidem

263 2231 353 2280 se,
395 2226 548 2270 extra
583 2218 755 2287 ipsum
791 2231 904 2284 est;
936 2220 1028 2287 qui
1066 2229 1245 2273 autem
1283 2221 1588 2286 conﬁtetur,
1632 2222 1682 2274 in
1728 2222 1845 2289 ipso

265 2319 382 2363 est.
412 2308 708 2378 Propterea
738 2325 867 2381 ergo
908 2322 961 2367 et
999 2313 1088 2366 hic
1123 2311 1402 2380 Scriptura
1439 2313 1568 2366 dicit
1597 2312 1674 2376 ",
1717 2315 1844 2381 quia

269 2415 408 2453 cum
452 2399 744 2456 defunctus
775 2411 918 2455 esset
951 2401 1136 2466 Jesus,
1176 2419 1194 2452 ι
1227 2402 1535 2455 exsurrexit
1571 2401 1846 2470 generatio

269 2491 388 2547 alia
422 2502 544 2563 post
587 2509 701 2556 eos,
749 2496 838 2563 qui
888 2511 995 2550 non
1050 2495 1292 2550 scierunt
1327 2491 1546 2558 Jesutn,
1593 2503 1649 2549 et
1681 2508 1844 2563 opera

269 2600 401 2654 qua:
439 2586 567 2640 fecit
603 2586 654 2638 in
690 2584 914 2640 Israel.»

346 2676 403 2730 2.
437 2695 455 2726 ε
493 2677 558 2730 Et
591 2677 838 2731 fecerunt
880 2676 970 2730 ﬁlii
998 2676 1163 2731 Israel
1195 2674 1396 2731 malum
1412 2687 1538 2732 ante
1556 2676 1727 2732 Deum
1742 2677 1841 2730 ".i

275 2767 642 2838 Omnipotens
673 2769 984 2822 dominator
1014 2768 1154 2822 Deus
1188 2782 1464 2837 nunquam
1500 2767 1711 2821 accidat
1753 2782 1850 2820 no-

269 2862 405 2926 bis,
463 2870 524 2914 ut
570 2859 724 2914 Jesus
777 2859 1034 2915 Christus
1083 2869 1434 2929 posteaquam
1491 2857 1787 2912 resurrexit
1818 2872 1848 2911 a

276 2952 545 3018 mortuis,
604 2967 822 3006 rursum
881 2952 1143 3004 moriatur
1194 2951 1244 3005 in
1295 2951 1474 3004 nobis.
1531 2948 1668 3016 Quid
1705 2950 1849 3004 enim

1939 1473 2182 1528 nuntur?
2209 1471 2344 1524 Audi
2366 1471 2481 1538 ipse
2509 1467 2638 1539 quid
2669 1466 2864 1521 dicat‘:
2885 1485 2902 1514 ι
2927 1463 2981 1517 In
3001 1460 3153 1516 Helia
3170 1467 3350 1513 autem
3373 1453 3502 1523 quid

1939 1564 2070 1619 dicit
2103 1561 2419 1630 Scriptura?
2453 1558 2736 1627 Quomodo
2772 1553 3081 1625 interpellat
3115 1553 3282 1606 Deum
3312 1548 3504 1602 adver-

1941 1672 2060 1710 sum
2084 1654 2287 1710 Israel?
2319 1654 2568 1717 Domine,
2598 1651 2892 1721 prophetas
2919 1659 3038 1702 tuos
3064 1645 3396 1706 occiderunt,
3424 1638 3502 1691 al-

1945 1748 2080 1802 taria
2113 1757 2201 1800 tua
2239 1745 2481 1801 demoliti
2523 1753 2670 1807 sunt,
2717 1754 2772 1796 et
2800 1756 2902 1811 ego
2946 1740 3167 1794 relictus
3195 1750 3314 1790 sum
3350 1731 3502 1787 solus

1940 1848 1993 1893 et
2024 1847 2273 1906 quaerunt
2308 1837 2543 1890 animam
2577 1849 2772 1888 meant.
2823 1831 2930 1886 Sed
2961 1831 3091 1899 quid
3123 1827 3253 1882 dicit
3290 1825 3364 1880 illi
3418 1837 3507 1877 re—

1941 1948 2199 2002 sponsum
2229 1931 2506 1986 divinum?
2536 1927 2749 1997 Reliqui
2776 1927 2904 1980 mihi
2929 1934 3136 1994 septem
3165 1920 3329 1975 millia
3355 1919 3506 1972 viro-

1943 2042 2086 2090 rum,
2108 2025 2199 2095 qui
2224 2039 2330 2079 non
2356 2029 2723 2078 curvaverant
2745 2033 2918 2089 genua
2948 2015 3172 2079 Baalim,
3209 2031 3228 2064 ι
3250 2009 3505 2066 etaddit:

1948 2136 1968 2170 ‹
1994 2117 2087 2172 Sic
2108 2131 2258 2186 ergo,
2278 2115 2476 2184 inquit,
2498 2121 2554 2167 et
2581 2113 2634 2165 in
2660 2113 2759 2166 hoc
2784 2121 3024 2178 tempore
3050 2103 3290 2172 reliquis:
3317 2116 3510 2156 secuno

1943 2213 2071 2266 dum
2121 2209 2438 2265 electionem
2470 2205 2662 2275 gratim
2695 2203 2860 2257 salva:
2904 2201 3060 2254 factae
3101 2204 3243 2252 sunt.
3277 2214 3295 2248 ι
3346 2192 3508 2248 Vides

1944 2318 2074 2370 ergo
2111 2303 2238 2371 quia
2274 2299 2396 2354 illos
2443 2299 2536 2367 qui
2568 2303 2931 2351 curvaverunt
2978 2305 3152 2361 genua
3181 2287 3412 2350 Baalim,
3453 2292 3510 2339 et

1945 2397 2035 2466 qui
2061 2409 2166 2449 non
2201 2397 2584 2454 curvaverunt,
2618 2388 2669 2441 in
2701 2385 2944 2455 reliquiis
2976 2380 3306 2436 credentium
3358 2387 3414 2430 et
3444 2378 3508 2466 in

1946 2465 2296 2540 multitudine
2363 2495 2472 2534 non
2543 2475 2885 2533 credentium
2967 2473 3376 2540 interpretatur.
3443 2465 3511 2519 Et

1947 2577 2050 2632 hoc
2077 2571 2192 2645 (42)
2224 2570 2484 2634 ostendit,
2512 2568 2638 2637 quia
2667 2566 2743 2622 illi
2781 2564 2869 2634 qui
2909 2563 2960 2616 in
2990 2572 3229 2630 tempore
3261 2557 3511 2612 Salvato-

1947 2667 2023 2721 ris
2051 2663 2312 2720 increduli
2344 2660 2675 2716 exstiterunt
2693 2656 2932 2725 etimpii,
2951 2668 3119 2724 genua
3147 2655 3514 2706 curvaverant

1947 2757 2176 2823 Baalim,
2202 2764 2256 2809 et
2277 2755 2642 2808 adoraverunt
2673 2747 2984 2803 simulacra.
3018 2744 3082 2798 Hi
3111 2758 3240 2798 vero
3271 2741 3360 2810 qui
3389 2755 3512 2800 ere.

1949 2850 2104 2914 dunt,
2152 2859 2206 2904 et
2255 2847 2479 2917 implent
2506 2857 2670 2914 opera
2699 2842 2842 2906 ﬁdei,
2870 2854 2976 2894 non
3009 2843 3377 2892 curvaverunt
3419 2847 3512 2901 ge—

1952 2956 2058 2994 nua
2093 2937 2323 2992 Baalim.
2355 2934 2540 3003 Neque
2572 2933 2717 2988 enim
2745 2944 2972 2999 usquam
3003 2926 3239 2982 refertur
3261 2925 3314 2978 in
3336 2924 3512 2977 histo—

280 3043 423 3098 ιιιίιιί
454 3044 674 3112 prodest
708 3043 752 3096 si
802 3042 854 3095 in
900 3041 1026 3097 aliis
1055 3041 1200 3095 vivat
1232 3055 1298 3094 ex
1332 3041 1560 3103 virtute,
1603 3049 1658 3095 et
1687 3041 1738 3093 in
1766 3055 1851 3094 me

1955 3031 2072 3092 riis.
2100 3029 2185 3084 vel
2213 3029 2266 3082 in
2291 3023 2639 3094 evangelicis,
2666 3021 2752 3077 vel
2779 3022 2831 3075 in
2863 3019 2982 3073 aliis
3012 3014 3341 3087 quibuslibet
3365 3012 3518 3066 Scri-

279 3133 556 3187 moriatur
583 3145 647 3185 ex
679 3131 995 3186 inﬁrmitate
1024 3131 1267 3201 peccati?
1297 3130 1433 3198 Quid
1471 3132 1600 3186 mihi
1633 3133 1851 3202 prodest

276 3227 329 3280 si
367 3225 421 3278 in
457 3239 541 3278 me
578 3233 632 3279 et
678 3224 731 3277 in
791 3238 910 3278 meo
955 3225 1119 3279 corde
1172 3240 1278 3279 non
1312 3225 1480 3288 vivit,
1510 3235 1561 3278 et
1589 3225 1633 3279 si
1681 3226 1732 3280 in
1767 3241 1854 3281 me

277 3329 448 3381 opera
482 3315 606 3368 vita;
639 3329 742 3367 non
773 3314 1024 3383 perﬁcit?
1049 3313 1190 3381 Quid
1223 3315 1353 3368 mihi
1387 3315 1607 3382 prodest
1639 3316 1680 3369 si
1712 3315 1853 3384 apud

283 3407 455 3460 alium
486 3421 552 3460 ex
589 3406 744 3460 bonis
774 3407 988 3473 studiis,
1013 3421 1076 3460 ex
1116 3406 1256 3460 bona
1287 3406 1410 3469 ﬁde,
1442 3423 1507 3461 ex
1534 3407 1689 3462 bouis
1718 3422 1850 3476 ope-

283 3499 444 3553 ribus
474 3498 722 3552 nascitur
748 3505 802 3552 et
834 3499 1079 3552 reﬁcitur
1106 3497 1257 3569 (40):
1290 3499 1429 3568 apud
1468 3514 1553 3554 me
1587 3509 1764 3552 autem
1794 3508 1850 3554 et

286 3590 344 3643 in
392 3603 516 3642 meo
560 3588 723 3643 corde
769 3604 865 3658 per
903 3588 1070 3643 malas
1098 3591 1452 3657 cogitationes
1489 3599 1544 3645 et
1582 3591 1849 3646 desideria

286 3677 549 3742 nefanda,
597 3695 694 3750 per
742 3680 920 3735 studia
977 3682 1213 3751 pessima
1262 3681 1559 3736 suffocatur
1592 3686 1853 3753 quodam-

289 3772 456 3824 modo
482 3778 536 3824 et
562 3772 824 3826 necatur?
857 3771 990 3827 Vide
1016 3772 1158 3827 enim
1195 3773 1321 3842 quid
1361 3773 1511 3828 addit
1553 3774 1854 3846 Scriptura,

289 3860 456 3933 462
489 3862 614 3930 quia
659 3879 679 3914 ι
711 3866 972 3927 surrexit,
1003 3863 1178 3932 inquit
1206 3863 1275 3930 ⁸⁸,
1307 3864 1586 3935 generatio
1616 3866 1717 3920 alia
1740 3882 1859 3936 qua:

292 3969 402 4007 non
455 3957 708 4024 cognovit
743 3953 963 4020 Jesum,
1007 3963 1064 4010 et
1113 3969 1278 4025 opera
1317 3953 1810 4030 quaefecitmagna.
1839 3972 1857 4005 ι

294 4043 591 4101 Generatio
620 4046 707 4100 illa
733 4061 857 4116 quae
885 4062 992 4101 non
1039 4048 1294 4118 cognovit
1331 4047 1618 4102 Dominum
1649 4046 1856 4113 Jesum,

297 4137 398 4190 ista
427 4143 514 4190 est
549 4134 804 4190 malarum
835 4137 1242 4206 cogitationum,
1279 4147 1334 4192 et
1380 4138 1736 4207 pessimarum
1768 4150 1861 4189 cu-

296 4228 608 4297 piditatum,
636 4243 756 4297 qua:
782 4229 1078 4298 procedunt
1128 4243 1195 4283 ex
1237 4228 1420 4284 corde.
1459 4229 1563 4283 Ista
1595 4237 1676 4283 est
1699 4243 1861 4298 gene-

299 4321 440 4373 ratio
466 4334 587 4388 qua:
619 4335 724 4373 non
763 4321 1100 4389 recognoscit
1131 4321 1416 4375 Dominum
1446 4318 1650 4382 Jesum,
1689 4334 1861 4389 neque

1954 3123 2128 3193 pturis
2155 3120 2298 3188 quod
2331 3117 2526 3186 aliquis
2555 3125 2796 3182 tempore
2822 3109 3124 3166 Salvatoris
3149 3119 3322 3176 genua
3347 3103 3515 3193 ﬂexef

1955 3192 2026 3268 rit
2052 3211 2380 3275 simulacris,
2411 3209 2507 3264 sed
2540 3210 2608 3262 de
2651 3206 2757 3260 illis
2805 3205 2989 3272 utique
3019 3201 3120 3254 hoc
3158 3199 3381 3261 dicitur,
3420 3192 3518 3263 qui

1953 3305 2192 3376 peccatis
2222 3303 2336 3358 suis
2375 3300 2604 3364 astricti,
2635 3297 2780 3351 velut
2828 3293 3116 3362 compediti
3168 3290 3514 3345 tenebantur.

1958 3397 2112 3453 Unde
2141 3405 2360 3450 constat
2383 3394 2508 3462 quia
2544 3401 2599 3447 et
2627 3404 2727 3445 nos
2759 3386 3186 3457 quotiescunque
3212 3394 3517 3452 peccamus,

1955 3506 2076 3546 cum
2104 3488 2302 3558 captivi
2337 3486 2588 3540 ducimur
2615 3482 2670 3536 in
2697 3480 2813 3550 lege
2849 3477 3080 3548 peccati,
3115 3489 3287 3544 genua
3333 3483 3522 3527 nostra

1957 3596 2246 3638 Curvamus
2277 3577 2506 3632 Baalim.
2561 3574 2666 3629 Sed
2710 3588 2816 3628 non
2853 3573 2906 3625 in
2938 3570 3040 3624 hoc
3070 3568 3246 3622 vocati
3291 3579 3477 3620 sumus
3499 3602 3516 3628 ,

1957 3691 2058 3731 nec
2090 3672 2155 3728 ad
2188 3673 2290 3726 hoc
2325 3669 2658 3724 credidimus
2680 3707 2696 3730 ,
2725 3674 2785 3717 ut
2826 3663 3017 3717 iterum
3058 3659 3360 3714 serviamus
3389 3668 3517 3724 pec-

1959 3778 2080 3824 cato
2107 3805 2122 3832 ,
2172 3774 2228 3820 et
2266 3764 2461 3817 iterum
2505 3772 2676 3829 genua
2707 3756 2986 3812 ﬂectamus
3019 3749 3235 3805 diabolo
3259 3788 3273 3811 ,
3328 3747 3423 3802 sed
3465 3755 3524 3800 ut

1958 3858 2240 3914 ﬂectamus
2271 3867 2446 3924 genua
2477 3852 2529 3904 in
2563 3847 2780 3902 nomine
2809 3843 3016 3898 Domini
3044 3841 3170 3896 Jesu
3203 3857 3217 3893 :
3251 3837 3376 3906 quia
3413 3855 3432 3888 t
3467 3837 3521 3890 in

1962 3949 2181 4006 nomine
2208 3944 2335 4000 Jcsu
2367 3956 2528 3998 omne
2555 3955 2692 4010 genu
2717 3937 2952 3991 ﬂectitur
2985 3932 3311 3994 caelestium,
3334 3939 3388 3984 et
3415 3939 3524 3983 tcr-

1906 4035 1915 4045 ’
1962 4041 2237 4100 restrium,
2277 4046 2331 4091 et
2372 4034 2706 4090 iul‘ernorum
2740 4032 2800 4097 ¹;
2835 4047 2854 4082 ι
2887 4036 2941 4082 et
2967 4036 3027 4080 ut
3057 4024 3343 4080 ﬂectamus
3377 4041 3396 4073 ι
3430 4037 3524 4092 ge-

1963 4151 2067 4190 nua
2099 4133 2164 4187 ad
2197 4133 2412 4186 Patrem
2443 4124 2654 4181 Domini
2693 4121 2863 4178 nostri
2902 4118 3028 4174 Jesu
3058 4117 3283 4183 Christi,
3311 4131 3376 4169 ex
3416 4127 3524 4182 quo

1962 4226 2141 4282 omnis
2201 4220 2500 4293 paternitas
2546 4217 2599 4271 in
2643 4214 2836 4270 caelum
2891 4222 2947 4266 et
2993 4211 3044 4265 in
3089 4223 3234 4264 terra
3270 4208 3523 4263 nomina-

1964 4329 2053 4375 tur
2081 4319 2123 4370 ³.
2158 4336 2178 4370 ι
2226 4315 2330 4371 Sed
2364 4312 2493 4384 quid
2536 4310 2667 4366 mihi
2709 4309 2932 4378 prodest
2975 4306 3017 4360 si
3056 4319 3227 4373 genua
3274 4301 3525 4370 corporis

296 4425 433 4481 Opus
465 4426 715 4481 magnum
749 4413 892 4480 quod
926 4412 1053 4468 fecit
1082 4413 1136 4467 in
1165 4412 1350 4468 lsrael.
1393 4412 1550 4467 Vides
1579 4411 1704 4482 quia
1735 4425 1862 4480 pec-
1894 4404 1939 4463 D
1967 4413 2068 4468 mei
2110 4413 2176 4467 ad
2223 4408 2518 4465 orationem
2559 4401 2784 4458 veniens
2823 4398 3032 4455 ﬂectam
3079 4397 3216 4460 Deo,
3262 4404 3317 4450 et
3348 4409 3524 4463 genua

299 4512 518 4557 calores
549 4517 614 4557 eo
644 4520 816 4572 usque
848 4506 1192 4574 perveniunt,
1233 4513 1291 4559 ut
1327 4513 1382 4560 et
1421 4520 1557 4572 opus
1589 4503 1715 4559 illud
1747 4519 1862 4556 ma-

301 4612 463 4667 gnum
488 4606 542 4652 et
565 4599 881 4666 praeclarum
909 4601 1052 4669 quod
1077 4599 1208 4655 fecit
1232 4599 1512 4664 Dominus,
1538 4599 1864 4653 obliviscan-

302 4697 390 4742 tur
413 4729 427 4750 ,
467 4692 609 4758 quod
654 4691 947 4745 cruciﬁxus
983 4700 1066 4744 est
1115 4709 1132 4742 ι
1158 4705 1256 4760 pro
1295 4692 1534 4761 peccatis
1559 4692 1778 4754 nostris,
1813 4701 1867 4747 et

302 4783 603 4835 resurrexit
631 4794 850 4854 propter
868 4782 1312 4850 jttstiﬁcationem
1337 4784 1656 4838 nostram“.
1673 4802 1690 4834 ι
1715 4783 1866 4839 Unde

303 4875 469 4928 credo
502 4876 642 4944 quod
676 4886 896 4945 propter
923 4877 1063 4930 hanc
1085 4877 1411 4932 oblivionem
1447 4887 1697 4932 metuens
1724 4878 1868 4945 Apo-

302 4968 479 5022 stolus
515 4969 727 5023 dicebat
756 4970 1022 5039 discipulo
1050 4985 1149 5025 suo
1186 4969 1503 5035 Timotheo,
1535 4987 1694 5040 quem
1726 4987 1866 5040 pra:-

304 5061 525 5128 cipnum
575 5061 912 5116 habebat":
945 5081 964 5114 ε
1003 5063 1206 5116 Mentor
1245 5073 1361 5118 esto
1388 5064 1656 5119 Christum
1687 5063 1866 5118 Iesum

307 5153 676 5207 resurrexisse
717 5169 746 5206 a
778 5155 1025 5208 mortuis.
1059 5173 1078 5205 ι
1119 5154 1338 5210 Sciebat
1367 5155 1508 5209 enim
1551 5157 1674 5224 quia
1712 5155 1870 5225 hujus

376 5245 426 5275 ⁹¹
469 5244 610 5298 Phil.
647 5261 720 5308 tv,
748 5246 831 5300 15.
911 5247 1149 5304 "Matth.
1183 5263 1241 5312 x,
1265 5247 1358 5307 5‘3.
1390 5247 1476 5302 33.

1585 5247 1781 5302 "1nd.
1810 5263 1870 5309 It,
1905 5244 1993 5299 i0.

1965 4507 2146 4563 cordis
2171 4503 2272 4558 mei
2301 4502 2508 4556 ﬂectam
2539 4494 2786 4552 diabolo?
2808 4495 2865 4548 Si
2899 4493 3042 4547 enim
3069 4505 3173 4544 nou
3200 4497 3404 4543 stetero
3433 4487 3527 4540 tir-

1967 4614 2088 4655 mus
2119 4598 2402 4651 adversum
2441 4589 2667 4644 astutias
2719 4585 2959 4649 diaboli,
3016 4581 3138 4636 ﬂexi
3181 4595 3350 4650 genua
3407 4591 3527 4632 mea

1969 4689 2204 4748 diabolo.
2257 4686 2322 4742 Et
2370 4683 2415 4739 si
2453 4675 2568 4736 non
2620 4687 2932 4733 constanter
2986 4684 3194 4728 stetero
3240 4673 3527 4726 adversum

1968 4786 2126 4847 iram,
2163 4780 2282 4835 ﬂexi
2313 4791 2482 4847 genua
2522 4788 2638 4828 mea
2669 4771 2780 4825 irae.
2811 4767 3071 4823 Similiter
3095 4775 3150 4820 et
3183 4765 3227 4819 si
3256 4780 3358 4818 non
3393 4777 3530 4819 con-

1967 4883 2175 4931 stanter
2222 4869 2427 4924 libidini
2471 4865 2740 4928 restitero,
2791 4861 2913 4915 ﬂexi
2962 4857 3170 4912 libidini
3221 4871 3390 4927 genua
3422 4853 3530 4909 mei

1967 4966 2168 5023 cordis.
2215 4963 2278 5017 Et
2333 4961 2386 5015 in
2443 4956 2672 5026 singulis
2713 4954 3018 5023 quibusque
3072 4965 3193 5019 quze
3246 4947 3528 5004 contraria

1967 5067 2093 5113 sunt
2122 5055 2252 5120 Deo,
2294 5054 2396 5108 hoc
2426 5051 2606 5106 facere
2643 5046 2902 5108 videbor,
2963 5042 3063 5096 nisi
3105 5049 3422 5096 constanter
3474 5049 3533 5094 et

1969 5149 2183 5205 fortiter
2239 5155 2447 5202 stetero
2471 5183 2486 5209 ,
2524 5142 2663 5195 sicut
2693 5146 2748 5192 et
2794 5136 2869 5190 illi
2909 5134 3154 5190 fecerunt
3187 5135 3312 5202 quia
3346 5133 3529 5188 colue-

2104 5241 2428 5297 "ibidJl.
2538 5235 2584 5267 ου
2622 5231 2741 5288 Jud.
2776 5246 2834 5291 ιι,
2867 5229 2953 5282 ιο.
3055 5225 3529 5297 οσιιοιηάνεεε.

305 5314 350 5352 ον
381 5315 396 5367 I
429 5294 662 5385 Τᾷιῆῗίιξ
681 5294 859 5370 s."5°
898 5294 1501 5385 ιιιῦῖῖἱξίΐ,ἰ”έ.”έο
1534 5319 1552 5373 ι
1587 5294 1854 5382 (ιοῖἷὲξξῖ

1952 5294 1993 5299 Π
2016 5317 2030 5346 ¹
2068 5294 2228 5369 Rom:
2256 5327 2333 5377 ιιι,
2369 5309 2424 5375 ‘2,
2464 5309 2519 5373 5,
2553 5305 2607 5370 4,
2636 5305 2692 5358 5.
2767 5302 2787 5332 ⁸
2810 5300 3044 5368 Philipp.
3072 5312 3133 5363 ll,
3162 5295 3251 5352 10.
3328 5294 3350 5326 ⁸
3389 5295 3527 5364 Eph.

307 5399 392 5445 ιιι,
420 5383 507 5451 14,
539 5385 625 5439 15.

383 5477 498 5548 (40)
541 5479 694 5545 Mss,
729 5499 748 5530 ι
774 5491 825 5533 et
857 5477 1117 5532 reﬁcitur.
1147 5497 1164 5530 ι
1195 5475 1357 5548 Libb.
1380 5476 1533 5536 editi,
1559 5491 1588 5548 ἰ
1617 5481 1670 5526 et
1703 5471 1865 5542 perﬂ-

309 5545 520 5602 rititr.)
556 5550 723 5604 Paulo
747 5561 866 5619 post
894 5564 1046 5615 mss.,
1086 5567 1104 5598 ε
1141 5564 1236 5618 per
1257 5547 1428 5601 malas
1454 5545 1859 5614 cogitationes.»

309 5619 467 5687 Libb.
497 5622 648 5682 editi,
681 5638 700 5670 σ
727 5635 822 5689 per
853 5619 1069 5674 multas.
1095 5637 1112 5669 ι

382 5691 497 5772 (41)
533 5691 690 5756 Mss.,
712 5685 846 5746 (Vis
865 5689 1071 5762 videre,
1092 5688 1270 5759 quia.»
1289 5686 1444 5743 Libb.
1469 5685 1621 5754 editi,
1643 5700 1858 5757 tquatn-
1937 5715 1944 5720 θ

1970 5475 2050 5528 vis
2081 5488 2263 5527 verum
2299 5479 2380 5525 est
2409 5469 2556 5540 quia.
2583 5486 2600 5519 ι

2045 5543 2156 5613 (42)
2181 5544 2273 5596 Sic
2306 5531 2440 5596 mss:
2475 5538 2622 5594 Libri
2657 5542 2837 5592 autem
2868 5532 3020 5598 editi,
3065 5549 3083 5583 ι
3119 5531 3529 5598 interpretatur.

1971 5613 2122 5682 Quod
2157 5617 2274 5669 hoc.
2307 5630 2324 5662 ι
