4050 6148
223 221 340 277 961

1265 215 1330 270 ΙΝ
1370 213 1630 270 LIBRUM
1668 213 1966 271 JUDZCUM
2000 214 2289 271 HOMILIA
2321 216 2407 273 III.

3373 223 3488 279 96%

223 338 616 395 concedimnr.
665 335 803 390 Audi
847 333 1078 402 denique
1130 333 1304 403 ipsum
1345 333 1617 388 dicentem
1648 333 1716 387 de
1751 347 1816 386 eo
1847 340 1894 394 Α
1921 343 2103 402 spectu
2138 333 2252 398 Dei,
2293 339 2347 388 et
2383 332 2535 388 obliti
2566 343 2690 388 sunt
2726 335 2939 390 Domini
2981 335 3073 390 Dei
3103 337 3210 400 sui,
3235 352 3300 392 ac
3325 340 3490 394 relin-

226 432 333 497 qui
401 438 768 500 peccaverat:
803 445 822 478 t
867 426 1127 490 Tradidi,
1185 426 1361 495 inquit
1393 425 1459 490 ¹³,
1514 422 1817 492 hujusmodi

231 523 524 576 hominem
562 518 781 574 Satante
812 522 864 573 in
911 519 1187 572 interitum
1221 517 1423 582 carnis,
1478 525 1541 572 ut
1591 516 1819 586 spiritus

227 613 436 668 salvus
477 612 592 667 fiat.
629 630 650 665 ›
695 611 850 666 Vides
891 627 1020 681 ergo
1051 611 1176 678 quia
1208 626 1314 664 non
1359 609 1530 665 solum
1558 625 1657 680 per
1691 622 1822 678 apo.

229 704 422 759 stolos
472 718 604 759 suos
656 701 798 758 Deus
843 703 1066 756 tradidit
1115 701 1494 770 delinquentes
1527 700 1582 754 in
1627 715 1820 754 manus

227 794 614 858 inimicorum,
664 793 758 848 sed
806 803 863 848 et
909 808 1003 862 per
1049 807 1144 848 eos
1185 793 1275 862 qui
1333 792 1588 846 Ecclesiae
1634 793 1820 860 praesi-

229 885 399 949 dent,
429 894 484 938 et
511 893 837 951 potestatem
872 884 1072 937 habent
1108 898 1211 938 non
1245 882 1416 936 solum
1445 880 1818 946 solvendi,sed

241 986 306 1031 et
351 976 578 1045 ligandi,
613 975 905 1028 traduntur
934 981 1247 1044 peccatores
1278 973 1330 1026 in
1368 973 1643 1026 interitum
1684 987 1820 1026 car-

237 1066 362 1131 nis,
389 1081 514 1119 cum
555 1079 654 1135 pro
685 1063 900 1119 delictis
951 1063 1063 1118 suis
1092 1077 1123 1116 a
1155 1061 1354 1117 Christi
1389 1076 1618 1131 corpore
1660 1075 1817 1132 sepa-

236 1169 468 1212 rantur.
499 1157 586 1221 Et,
632 1164 692 1210 ut
730 1155 862 1209 mihi
893 1155 1128 1219 videtur,
1161 1154 1447 1222 dupliciter
1483 1153 1645 1208 etiam
1679 1169 1819 1210 nunc

231 1251 540 1303 traduntur
573 1247 822 1301 homines
855 1245 920 1301 de
952 1244 1194 1300 Ecclesia
1249 1245 1299 1298 in
1353 1254 1672 1314 potestatem
1719 1245 1821 1300 Za-

228 1339 356 1394 buli
380 1358 396 1394 :
417 1353 526 1392 uno
553 1337 713 1392 modo
734 1352 844 1406 quo
870 1336 1118 1406 superius
1147 1336 1403 1401 diximus,
1424 1351 1544 1390 cum
1565 1336 1818 1391 delictum

232 1430 364 1500 ejus
392 1426 738 1487 manifestum
771 1427 832 1481 fit
868 1427 1140 1491 Ecclesiae,
1179 1438 1233 1482 et
1261 1443 1356 1496 per
1393 1430 1710 1483 sacerdotes
1753 1430 1820 1483 de

233 1517 493 1572 Ecclesia
520 1519 762 1588 pellitur,
794 1527 851 1572 ut
875 1527 1092 1573 notatus
1126 1519 1194 1574 ab
1225 1519 1478 1574 omnibus
1509 1522 1818 1584 erubescat,

234 1620 296 1664 et
334 1623 603 1665 converso
635 1610 852 1665 eveniat
883 1609 958 1664 illi
988 1612 1132 1680 quod
1178 1612 1425 1680 sequitur
1459 1611 1521 1677 ιι,
1560 1631 1578 1663 ε
1620 1623 1677 1666 ut
1708 1614 1820 1683 spi-

1933 437 2163 494 quentes
2199 442 2320 482 eum
2362 428 2671 482 servierunt
2703 429 2929 493 Baalim,
2962 439 3014 484 et
3049 429 3180 484 lucis
3207 431 3487 498 gentium,

1922 527 2047 573 tunc
2069 519 2498 574 thesaurizantes
2514 520 2614 573 sibi
2633 521 2915 588 ipsisiram
2949 521 3129 575 traditi
3181 531 3307 576 sunt
3341 522 3489 590 justo

1919 609 2224 678 Deijudicio
2248 611 2298 662 in
2323 625 2515 663 manus
2537 609 2902 676 inimicorum,
2919 611 3211 665 secundum
3234 616 3347 666 haec
3367 627 3488 682 qua:

1920 716 2154 768 praesens
2199 701 2360 754 lectio
2394 699 2713 763 declaravit,
2766 701 2816 754 in
2870 717 3064 756 manus
3110 702 3479 758 Chusarsaton

1919 793 2064 862 regis
2134 791 2558 860 Mesopotamiae.
2623 792 3015 861 Interpretatur
3080 791 3481 848 Chursarsaton

1918 883 2212 936 humiliatio
2241 899 2423 936 eorum
2465 882 2600 954 (46).
2639 883 2850 938 Traditi
2881 894 3012 938 sunt
3042 899 3177 953 ergo
3213 885 3265 937 in
3295 900 3488 940 manus

1919 973 2034 1042 ejus
2076 973 2168 1043 qui
2203 974 2514 1029 bumiliaret
2555 988 2670 1028 eos.
2722 975 2787 1028 Et
2839 976 2964 1044 quia
3008 975 3108 1044 ipsi
3156 975 3208 1028 in
3251 977 3484 1030 excelsis

1921 1066 2186 1119 montium
2232 1065 2393 1133 impie
2438 1065 2670 1134 agebant
2711 1065 2763 1119 in
2798 1066 3154 1128 Altissimum,
3201 1077 3481 1134 pr0pterea

1920 1158 1987 1211 ab
2016 1159 2128 1227 ipso
2164 1159 2215 1211 in
2249 1158 2608 1212 humilitatem
2646 1158 2953 1211 traduntur.
3005 1158 3112 1211 Sed
3161 1157 3281 1211 nolo
3328 1167 3483 1225 putes

1919 1251 2043 1319 quia
2070 1265 2196 1320 erga
2231 1253 2487 1320 antiquos
2509 1252 2842 1307 solummodo
2875 1260 2990 1305 erat
3018 1251 3131 1304 haec
3157 1251 3332 1304 divina
3360 1265 3484 1318 pro-

1920 1341 2184 1406 videntia,
2234 1352 2294 1394 ut
2337 1356 2430 1396 eos
2468 1343 2557 1408 qui
2599 1342 2761 1412 impie
2788 1339 3199 1407 exaltabantur,
3245 1340 3484 1393 traderet

1920 1426 2302 1492 humiliandos,
2330 1439 2389 1484 ut
2415 1429 2618 1485 salubri
2653 1430 2934 1484 medicinae
2960 1430 3188 1494 ratione,
3210 1427 3484 1483 contraria

1921 1520 2214 1574 contrariis
2269 1532 2615 1576 curarentur.
2662 1521 2797 1576 Nam
2845 1529 2901 1576 et
2945 1535 3086 1576 nunc
3127 1521 3481 1590 omnipotenti

1921 1611 2030 1666 Deo
2061 1626 2188 1682 erga
2220 1611 2516 1668 Ecclesiam
2544 1629 2695 1668 suam
2723 1613 2788 1666 de
2815 1611 3124 1680 huiusmodi
3162 1611 3482 1666 salubritate

233 1700 384 1753 ritus
416 1699 601 1754 salvus
632 1700 725 1754 fiat
749 1701 800 1754 in
833 1699 919 1753 die
936 1700 1147 1754 Domini
1181 1703 1348 1754 nostri
1378 1699 1504 1756 Jesu
1536 1702 1766 1768 Christi;
1790 1724 1809 1756 ι
1847 1693 1889 1747 Β
1919 1704 2252 1773 providentia
2303 1713 2408 1759 est.
2441 1705 2615 1763 Etiam
2665 1720 2806 1758 nunc
2845 1714 2931 1758 est
2969 1703 3338 1758 Cltusarsaton
3389 1718 3479 1756 rex

236 1790 354 1844 alio
383 1799 568 1845 autem
608 1792 769 1845 modo
801 1791 924 1861 quis
959 1791 1194 1846 traditur
1230 1793 1454 1859 Zabulo,
1480 1811 1599 1848 cum
1625 1811 1818 1865 pecca-

237 1894 358 1933 tum
387 1880 506 1947 ejus
526 1881 871 1935 manifestum
897 1897 1000 1936 non
1030 1882 1442 1951 fithominibus;
1473 1886 1611 1942 Dens
1635 1895 1814 1941 autem

233 1973 334 2040 qui
379 1972 524 2027 videt
559 1973 612 2026 in
647 1973 892 2038 occulto,
935 1974 1272 2044 perspiciens
1301 1975 1415 2045 ejus
1466 1986 1721 2042 mentem,
1764 1986 1818 2034 et

235 2063 485 2117 animam
545 2065 693 2119 vitiis
745 2079 809 2119 ac
866 2067 1212 2135 passionibus
1263 2071 1609 2137 servientem,
1665 2082 1721 2126 et
1763 2071 1815 2125 in

236 2159 414 2214 corde
439 2159 556 2227 ejus
584 2175 691 2214 non
719 2160 892 2214 solum
927 2175 1166 2215 amorem
1210 2163 1417 2228 saeculi,
1446 2164 1538 2218 sed
1569 2175 1661 2219 aut
1687 2181 1817 2220 ava-

237 2254 454 2316 ritiam,
474 2262 567 2306 aut
589 2251 893 2314 libidinem,
918 2262 1011 2306 aut
1032 2254 1367 2320 jactantiam,
1396 2255 1476 2308 vel
1495 2255 1596 2310 alia
1625 2257 1814 2324 hujus-

241 2345 420 2411 modi,
448 2345 611 2400 istum
633 2343 790 2398 talem
813 2345 924 2413 ipse
955 2344 1212 2398 Dominus
1229 2347 1393 2400 tradit
1420 2345 1655 2402 Satanae.
1674 2348 1817 2414 Quo-

238 2438 407 2490 modo
434 2451 561 2489 eum
596 2436 763 2490 tradit
794 2434 1047 2489 Satanae?
1075 2435 1309 2490 Discedit
1338 2453 1365 2490 a
1399 2448 1577 2495 mente
1605 2441 1739 2510 ejus,
1765 2449 1819 2495 et

242 2525 446 2580 avertit
481 2538 560 2590 se,
591 2533 646 2580 et
672 2525 868 2594 refugit
901 2540 931 2578 a
961 2525 1378 2594 cogitationibus
1407 2527 1523 2596 ejus
1559 2531 1734 2594 malis,
1765 2542 1818 2586 et

242 2617 535 2672 desideriis
583 2618 851 2685 indignis,
900 2626 955 2671 et
983 2616 1314 2686 derelinquit
1368 2620 1584 2675 domum
1639 2625 1817 2677 cordis

241 2707 365 2777 ejus
400 2725 650 2764 vacuam.
694 2709 760 2764 Et
803 2718 930 2764 tunc
978 2711 1339 2780 complebitur
1371 2713 1425 2766 in
1472 2713 1563 2768 illo
1601 2715 1818 2772 homine

242 2800 394 2872 quod
454 2801 716 2872 scriptum
774 2811 859 2855 est
888 2801 976 2851 “:
1025 2819 1044 2852 ι
1093 2802 1229 2856 Cum
1287 2815 1462 2858 autem
1513 2806 1819 2862 immundus

246 2893 486 2964 spiritus
518 2894 712 2948 exierit
735 2892 802 2947 ab
838 2893 1078 2958 homine,
1111 2896 1302 2949 circuit
1333 2896 1448 2949 loca
1475 2897 1660 2952 arida:
1697 2911 1751 2954 et
1772 2900 1816 2954 si

245 3001 358 3040 non
409 2985 676 3040 invenerit
733 2986 994 3054 requiem,
1032 2987 1169 3040 redit
1201 2987 1265 3040 ad
1295 2987 1507 3042 domum
1537 3004 1685 3044 suam
1729 3000 1820 3046 :et

244 3076 534 3131 inveniens
562 3091 682 3130 eam
715 3084 1004 3130 vacantem
1033 3083 1087 3129 et
1112 3077 1447 3141 mandatam,
1480 3081 1706 3133 assumit
1732 3095 1818 3134 se-

243 3184 372 3223 cum
412 3177 618 3236 septem
654 3167 789 3222 alios
820 3169 1047 3237 spiritus
1079 3169 1371 3236 nequiores
1399 3184 1479 3235 se,
1526 3181 1580 3224 et
1613 3172 1820 3227 intrans

243 3259 462 3315 habitat
495 3259 549 3312 in
583 3259 742 3312 domo
788 3258 900 3325 illa,
950 3265 1004 3312 et
1052 3266 1178 3313 tunc
1220 3259 1350 3312 [ient
1388 3260 1620 3316 hominis
1675 3261 1820 3318 illius

245 3348 546 3404 novissima
567 3349 753 3418 pejora
784 3349 1076 3417 prioribus.
1116 3369 1135 3402 ι
1172 3348 1285 3404 Hoc
1322 3366 1450 3421 ergo
1480 3353 1638 3406 modo
1665 3354 1822 3407 intel-

243 3439 528 3512 ligendum
571 3449 676 3505 est,
723 3440 889 3494 Deum
930 3440 1142 3495 tradere
1171 3456 1306 3510 quos
1334 3443 1520 3505 tradit,
1554 3458 1660 3496 non
1692 3445 1820 3512 quia

245 3533 366 3603 ipse
389 3533 570 3587 tradat
598 3531 855 3600 aliquem,
888 3533 982 3586 sed
1010 3545 1076 3586 eo
1105 3532 1250 3600 quod
1281 3532 1629 3603 derelinquit,
1682 3535 1823 3589 indi-

246 3640 390 3693 gnos
419 3638 514 3678 eos
551 3623 762 3678 scilicet
812 3622 1090 3692 judicans,
1111 3625 1201 3692 qui
1231 3640 1290 3679 se
1318 3640 1422 3679 non
1465 3627 1536 3678 ita
1569 3626 1825 3682 excolunt

246 3725 305 3771 et
341 3730 372 3769 a
396 3714 545 3769 vitiis
573 3723 825 3784 purgant,
863 3722 924 3767 ut
951 3713 1184 3768 libenter
1219 3714 1270 3767 in
1317 3714 1398 3768 eis
1425 3713 1629 3768 habitet
1659 3716 1818 3770 Deus.

247 3805 377 3876 lpso
404 3805 722 3877 refugiente,
757 3817 916 3873 atque
961 3813 1238 3858 avertente
1280 3819 1340 3860 se
1373 3806 1439 3859 ab
1470 3805 1670 3872 anima,
1701 3823 1822 3876 qua:

249 3899 308 3952 in
342 3897 678 3952 immunditia
731 3911 796 3950 ac
840 3896 988 3950 vitiis
1035 3896 1205 3966 posita
1240 3906 1343 3961 est,
1395 3899 1590 3952 tradita
1626 3899 1824 3952 dicitur

249 3986 422 4059 464
445 4001 511 4040 ex
545 4001 610 4040 eo
644 3986 787 4052 quod
834 3985 944 4040 Deo
972 3999 1139 4039 vacua
1183 3987 1474 4053 invenitur,
1507 3998 1562 4043 et
1610 3990 1822 4043 invadi-

252 4087 343 4131 tur
367 4078 436 4130 ab
484 4073 678 4145 spiritu
727 4089 985 4144 nequam.
1023 4073 1090 4127 Et
1132 4075 1253 4129 ideo
1284 4091 1382 4130 nos
1406 4093 1615 4132 summo
1644 4080 1824 4134 studio

255 4170 574 4240 vigilemus,
606 4176 660 4220 et
699 4165 1022 4221 festinemus
1050 4167 1268 4236 purgari
1309 4183 1338 4220 a
1367 4170 1507 4224 vitiis
1535 4178 1586 4224 et
1621 4185 1823 4225 concu-

253 4261 542 4335 piscentiis
566 4260 740 4324 malis,
772 4257 1011 4312 utDeum
1037 4258 1178 4312 intra
1208 4274 1305 4314 nos
1331 4269 1514 4315 tenere
1530 4263 1820 4331 possimus,

1915 1792 2345 1862 Mesopotamiae,
2380 1794 2465 1848 cui
2504 1795 2792 1848 traduntur
2843 1792 3186 1847 humiliandue
3223 1801 3280 1846 et
3349 1789 3482 1844 allii-

1917 1886 2107 1954 gendte
2130 1885 2344 1952 animae,
2371 1900 2490 1955 quae
2511 1885 2818 1940 Christiana
2848 1882 3152 1937 humilitate
3178 1891 3482 1951 contempta

1918 1975 1971 2028 in
2007 1975 2310 2042 superbiam
2341 1990 2401 2029 se
2422 1985 2584 2045 atque
2603 1973 2971 2044 arrogantiam
3000 1971 3286 2027 dederunt.
3315 1971 3484 2027 Odio-

1917 2078 2039 2118 sum
2078 2063 2214 2118 satis
2260 2072 2344 2118 est
2397 2064 2448 2117 in
2477 2073 2772 2133 conspectu
2809 2062 2900 2117 Dei
2939 2061 3204 2130 superbia:
3233 2062 3420 2116 vitium
3465 2079 3486 2119 τ-

1917 2161 2066 2230 quia,
2099 2160 2239 2214 sicut
2277 2161 2559 2231 Scriptura
2589 2161 2719 2215 dicit
2756 2160 2828 2223 ίθ,
2862 2179 2880 2211 t
2915 2160 3132 2214 initium
3169 2158 3481 2222 discedendi

1918 2266 1947 2305 a
1973 2252 2102 2316 Deo,
2129 2252 2403 2322 superbia.
2429 2271 2448 2304 ›
2475 2252 2541 2305 Ει
2563 2251 2758 2306 iterum
2782 2251 2909 2305 alibi
2944 2252 3223 2320 Scriptura
3249 2252 3382 2306 dicit
3401 2252 3480 2305 "z

1925 2361 1944 2396 ‹
1984 2345 2124 2399 Deus
2149 2345 2395 2414 superbis
2430 2344 2652 2409 resistit,
2682 2343 2979 2399 humilibus
3010 2354 3189 2398 autem
3223 2346 3316 2400 dat
3354 2361 3484 2416 gra-

1922 2435 2070 2491 tiam.
2107 2453 2126 2486 ι
2165 2434 2220 2488 Si
2245 2439 2365 2504 quis
2397 2435 2558 2505 igitur
2591 2435 2792 2490 Christi
2820 2435 3122 2488 humilitate
3151 2443 3482 2505 contempta,

1924 2528 2014 2596 qui
2044 2535 2261 2596 propter
2290 2543 2410 2592 nos,
2440 2542 2562 2582 cum
2601 2528 2743 2582 Deus
2772 2535 2936 2590 esset,
2966 2527 3129 2580 homo
3165 2525 3342 2580 factus
3369 2536 3482 2592 est,

1923 2631 1977 2674 et
2023 2620 2327 2674 humiliavit
2375 2635 2434 2675 se
2472 2636 2642 2690 usque
2682 2623 2749 2675 ad
2798 2627 3052 2684 mortem,
3108 2617 3385 2672 extollitur
3432 2628 3488 2672 et

1919 2696 2164 2778 effertur,
2197 2721 2249 2766 et
2285 2711 2352 2766 ad
2389 2719 2691 2780 potestates
2737 2720 2794 2765 et
2817 2709 3113 2780 dignitates
3150 2708 3331 2764 saeculi
3361 2725 3486 2778 pro-

1921 2805 2052 2869 silit,
2091 2811 2147 2857 et
2187 2812 2333 2857 artes
2373 2801 2569 2871 quibus
2600 2801 2714 2856 haec
2743 2801 2959 2870 assequi
3010 2799 3226 2864 nititur,
3272 2800 3488 2856 etiamsi

1921 2904 2110 2952 contra
2153 2895 2311 2948 fidem
2343 2902 2396 2947 et
2432 2893 2748 2963 religionem
2797 2892 2928 2956 sint,
2981 2907 3086 2946 non
3133 2891 3348 2962 refugit,
3387 2906 3488 2946 nec

1924 2983 2210 3046 horrescit,
2240 2982 2526 3036 dummodo
2559 2981 2701 3050 quod
2741 2981 2890 3050 cupit
2933 2981 3176 3036 obtineat
3215 2981 3487 3051 faciatque

1924 3071 2214 3140 malignum
2239 3070 2290 3124 in
2321 3077 2610 3136 conspectu
2643 3068 2851 3122 Domini
2879 3084 2893 3120 :
2925 3077 3209 3141 postquam
3238 3069 3489 3138 indeptus

1921 3159 2087 3214 fuerit
2113 3175 2352 3215 summas
2377 3159 2574 3214 infulas
2601 3166 2947 3229 potestatum,
2978 3168 3033 3213 et
3055 3160 3121 3214 ad
3153 3159 3268 3230 ipsa
3296 3175 3489 3231 super-

1922 3253 2023 3306 biae
2046 3251 2258 3323 fastigia
2281 3266 2490 3306 summa
2527 3250 2930 3316 conscenderit,
2961 3250 3086 3305 inde
3116 3251 3356 3321 dejectus
3380 3263 3489 3305 tra-

1923 3345 2069 3398 ditur
2091 3343 2219 3397 huic
2249 3342 2641 3408 Cltusarsatun,
2673 3342 2765 3395 uni
2790 3341 3001 3397 scilicet
3029 3357 3094 3397 ex
3137 3342 3310 3396 aereis
3334 3343 3488 3412 prin-

1923 3433 2151 3502 cipibus,
2181 3442 2241 3486 ut
2269 3432 2658 3486 humilieteum
2681 3430 2768 3499 qui
2807 3431 2968 3483 nimis
2994 3429 3173 3482 fuerat
3198 3427 3486 3493 exaltatus,

1922 3533 1981 3576 ut
2015 3521 2237 3590 afﬂigat,
2270 3531 2328 3576 ut
2357 3531 2628 3588 conterat,
2659 3521 2830 3575 donec
2866 3520 3160 3589 resipiscat
3196 3527 3250 3572 et
3281 3528 3492 3587 quaerat

1922 3614 2206 3668 Dominum
2241 3628 2256 3666 :
2295 3612 2421 3682 quia
2447 3627 2567 3665 cum
2603 3619 2749 3664 esset
2793 3610 2846 3663 in
2880 3608 3133 3679 superbia
3165 3616 3221 3662 et
3257 3607 3490 3663 elatione

1923 3705 2268 3771 constitutus,
2303 3704 2588 3774 ignorabat
2615 3701 2922 3757 Dominum.

1993 3816 2048 3871 Ω.
2084 3815 2237 3870 Nunc
2257 3829 2388 3885 ergo
2418 3813 2454 3868 ii
2484 3813 2574 3884 qui
2605 3813 2892 3867 traduntur
2915 3825 3012 3878 pro
3040 3818 3286 3878 peccato,
3314 3811 3366 3864 in
3392 3811 3493 3865 tri-

1924 3907 2197 3961 bulatione
2223 3906 2422 3976 positi,
2458 3905 2736 3958 videamus
2765 3903 2894 3972 qttid
2924 3901 3154 3956 faciunt.
3190 3901 3324 3956 Illud
3366 3917 3492 3971 pro-

1924 3999 2066 4052 fecto
2102 3997 2246 4066 quod
2288 3996 2552 4066 scriptum
2600 4006 2683 4049 est
2705 3993 2790 4048 ul:
2830 4012 2848 4045 ‹
2883 3993 2947 4047 Et
2995 3991 3366 4048 clamaverunt
3422 3994 3491 4048 ad

1923 4089 2209 4142 Dominum
2241 4103 2365 4143 cum
2414 4085 2824 4148 tribularentur,
2876 4094 2931 4140 et
2975 4085 3044 4139 de
3074 4085 3490 4141 necessitatibus

1927 4196 2113 4235 eorum
2163 4179 2413 4234 liberavit
2461 4193 2574 4233 eos.
2606 4177 2674 4231 Et
2700 4177 2887 4232 eduxit
2921 4190 3016 4230 eos
3056 4177 3122 4230 de
3171 4177 3406 4231 tenebris
3434 4187 3490 4230 et

1923 4272 2112 4326 umbra
2133 4271 2413 4335 mortis,et
2435 4269 2643 4324 vincula
2663 4283 2850 4324 eorum
2869 4268 3119 4336 disrupit.
3148 4286 3168 4320 ι
3196 4265 3301 4323 Sed
3325 4283 3492 4322 unus-

256 4363 396 4412 etut
420 4353 669 4408 habitare
699 4350 949 4418 dignetur
977 4350 1032 4404 in
1067 4351 1243 4416 nobis,
1280 4353 1407 4405 dum
1434 4353 1736 4409 delectatur
1767 4367 1822 4412 et
1855 4365 1898 4417 D
1926 4363 2157 4432 quisque
2181 4371 2452 4426 nostrum,
2483 4360 2696 4414 etiamsi
2719 4373 2916 4429 parvus
2936 4358 3028 4422 sit,
3061 4366 3115 4412 et
3142 4359 3355 4412 etiamsi
3383 4358 3487 4413 mi-

258 4446 475 4500 actibus
505 4453 560 4498 et
584 4442 926 4497 sermonibus
971 4450 1026 4496 et
1079 4441 1500 4510 cogitationibus
1528 4446 1752 4512 nostris,
1781 4449 1826 4502 si

258 4536 558 4592 secundum
613 4534 781 4603 ipsius
826 4533 1160 4588 voluntatem
1193 4549 1443 4604 geramus
1476 4548 1668 4591 cuncta
1703 4554 1826 4608 qua

257 4628 530 4698 gerimus,
560 4635 620 4681 ut
651 4627 766 4680 sive
795 4625 1218 4686 manducamus,
1257 4624 1374 4680 sive
1414 4626 1674 4695 bibimus,
1713 4631 1828 4686 sive

259 4721 406 4776 aliud
452 4719 581 4790 quid
635 4717 885 4783 facimus,
944 4716 1125 4770 omnia
1181 4717 1237 4770 in
1286 4718 1505 4774 nomine
1559 4719 1822 4776 faciamus

261 4813 473 4870 Domini
503 4813 696 4879 nostri,
726 4810 812 4865 cui
840 4808 1117 4880 estgloria
1150 4817 1204 4864 et
1237 4811 1595 4880 imperiumin
1623 4815 1821 4870 saecula

257 4907 602 4964 saeculorum.
636 4905 828 4959 Amen.

848 5013 1131 5069 HOMILIA
1164 5013 1252 5070 III.

261 5115 343 5170 De
372 5129 432 5168 eo
469 5111 611 5183 quod
635 5109 818 5164 traditi
844 5118 992 5183 sunt"
1010 5107 1110 5183 ﬁlii
1149 5105 1319 5183 Israel
1347 5109 1408 5183 in
1430 5129 1617 5183 manus
1649 5116 1829 5170 inimi-

546 5196 747 5245 corum,
781 5189 827 5234 et
855 5181 918 5232 de
950 5175 1276 5243 Gathoniefe,
1300 5189 1347 5230 et
1375 5181 1550 5236 Aioth.

336 5276 390 5330 I.
416 5273 642 5341 Quando
677 5271 924 5326 fecerunt
962 5266 1055 5321 lilii
1089 5265 1255 5320 Israel
1288 5269 1583 5341 malignum
1611 5275 1665 5329 in
1698 5291 1827 5330 cono

337 5367 382 5398 ¹³
411 5365 431 5419 I
454 5365 580 5420 Cor.
602 5378 656 5426 v,
695 5361 747 5415 5.
823 5359 867 5392 “
894 5360 1023 5416 ibid.
1101 5358 1146 5390 “
1163 5357 1352 5414 Matth.
1371 5377 1470 5430 xtt,
1506 5364 1597 5429 45,
1637 5367 1726 5430 44,
1748 5367 1839 5422 45.

265 5437 312 5471 ⁸³
342 5436 513 5492 Eccli.
543 5449 672 5498 xxv,
691 5433 748 5486 4.

337 5529 451 5603 (46)
493 5527 880 5603 Interpretatur
909 5523 1268 5603 Chusarsqlou
1294 5525 1588 5603 humiliatio
1619 5541 1820 5603 eorum.

265 5594 612 5656 .Xli'enissima
646 5594 760 5650 'est
819 5597 934 5650 haec
981 5594 1324 5663 etymologia.
1373 5594 1542 5650 Forte
1591 5597 1738 5653 venit
1790 5614 1818 5652 a

261 5681 469 5734 mm;
508 5686 528 5720 ι
566 5666 852 5737 compedes
879 5684 899 5718 ι
936 5673 989 5720 et
1024 5661 1182 5719 allixo
1211 5665 1382 5721 tertiae
1411 5680 1674 5736 personae.

1917 5367 1960 5398 ¹⁶
1982 5366 2147 5424 Eccli.
2178 5382 2233 5434 x,
2263 5366 2350 5421 15.
2427 5365 2470 5397 ⁸⁷
2497 5364 2654 5420 lPet.
2680 5380 2734 5432 v,
2767 5364 2821 5419 5.

1928 4455 2127 4519 nimus,
2164 4453 2375 4510 etiamsi
2415 4452 2558 4506 nulla
2589 4452 2660 4506 sit
2688 4465 2818 4505 usus
2853 4451 2904 4505 in
2932 4449 3172 4504 Ecclesia
3211 4451 3486 4519 dignitate,

1929 4554 2105 4615 potest
2161 4543 2426 4613 superbiae
2459 4543 2592 4598 vitio
2624 4541 2866 4596 laborare
2910 4558 2924 4593 :
2973 4550 3029 4594 et
3073 4540 3206 4594 nihil
3257 4541 3493 4608 reperias

1930 4645 2037 4690 tam
2092 4634 2316 4701 foedum,
2376 4648 2548 4704 neque
2596 4630 2954 4698 exsecrabile,
3014 4631 3154 4686 sicut
3210 4629 3491 4700 Scriptura

1929 4727 2058 4782 dicit
2087 4725 2151 4791 ι’,
2167 4738 2355 4795 quarm
2377 4739 2669 4795 pauperem
2696 4724 3012 4793 superbum,
3033 4732 3087 4777 et
3109 4721 3327 4776 divitem
3350 4738 3493 4776 men-

1929 4818 2136 4872 dacem.
2165 4835 2183 4867 ι
2214 4815 2607 4885 Nonnunquam
2641 4825 2818 4868 autem
2848 4813 3068 4866 morbus
3099 4812 3199 4865 iste
3225 4811 3492 4881 superbiae

1927 4917 2174 4980 penetrat
2220 4923 2323 4962 non
2368 4907 2538 4964 solum
2583 4919 2848 4976 pauperes
2878 4903 3050 4974 plebis
3072 4942 3088 4967 ,
3123 4918 3305 4958 verum
3327 4903 3489 4956 etiam

1930 5000 2318 5056 sacerdotalem
2350 5010 2407 5054 et
2455 4999 2729 5054 leviticum
2758 4995 3003 5052 ordinem
3033 4993 3492 5064 pulsat.lnvenies

1930 5091 2198 5144 interdum
2246 5091 2410 5146 etiam
2440 5091 2493 5143 in
2527 5089 2682 5145 nobis
2707 5087 2942 5158 aliquos,
2973 5087 3064 5156 qui
3092 5085 3158 5140 ad
3189 5084 3491 5154 exemplum

1934 5181 2254 5236 humilitatis
2280 5182 2443 5252 positi
2471 5196 2682 5246 sumus,
2723 5190 2779 5235 et
2816 5180 2870 5233 in
2895 5179 3081 5232 altaris
3112 5177 3316 5232 circulo
3347 5175 3495 5230 velut

1932 5273 2150 5344 specula
2183 5274 2428 5345 quaedam
2460 5273 2792 5328 intuentibus
2821 5271 3069 5327 collocati
3104 5267 3241 5341 (47),
3278 5269 3331 5322 in
3365 5268 3492 5336 qui-

2899 5361 3086 5418 ”Psal.
3115 5376 3244 5426 cvu,
3269 5359 3302 5414 6
3331 5369 3383 5413 et
3407 5357 3492 5413 14.

2000 5528 2113 5598 (47)
2179 5527 2431 5594 Ωιιωάαηι
2463 5529 2787 5583 intuentibus
2819 5527 3081 5598 collocati.
3114 5525 3236 5580 Hart:
3266 5523 3493 5598 deside-

1928 5596 2119 5654 rantur
2153 5599 2207 5654 in
2249 5599 2398 5656 libris
2419 5611 2577 5654 antea
2621 5599 2804 5666 editis,
2835 5600 2928 5655 sed
2967 5597 3232 5653 habentur
3263 5596 3316 5650 in
3353 5609 3487 5650 mss.
