4046 6152
586 229 695 288 965

2040 222 2362 281 ORIGENIS

3747 220 3853 280 θ’υὲ

586 353 690 409 bus
738 350 1061 418 arrogantia:
1103 350 1293 404 vitium
1327 347 1478 414 fetet,
1511 355 1566 406 et
1592 349 1660 405 de
1704 347 1864 404 altari
1902 349 2156 414 Domini,
2187 353 2235 410 Α
2263 345 2498 413 Ceneplt,
2543 347 2713 415 frater
2759 344 2955 414 Caleplt
3000 357 3022 397 :
3073 342 3216 397 illius
3252 341 3541 399 laudabilis
3566 351 3629 400 et
3670 344 3853 399 aduris

587 442 731 514 quod
785 444 1006 498 deberet
1038 442 1242 497 incensi
1274 442 1544 496 suavitate
1594 440 1858 510 fragrare,
1907 441 2043 495 odor
2079 449 2158 496 te-

586 536 845 589 terrimus
880 532 1147 602 superbia:
1164 540 1218 586 et
1244 531 1496 587 elationis
1534 531 1766 585 renidet.
1796 531 1902 587 Sed
1938 532 2158 604 abjicia-

588 635 697 688 tur,
726 638 936 692 quaeso,
967 625 1036 678 ab
1069 625 1217 678 omni
1252 624 1357 678 hac
1384 632 1571 678 sancta
1598 622 1863 688 Ecclesia,
1887 635 1944 680 et
1968 626 2156 695 prteci-

583 731 690 786 pue
714 716 784 771 ab
814 714 880 769 iis
905 715 995 784 qui
1014 714 1331 768 ministrant
1366 715 1420 769 in
1447 717 1672 782 sanctis,
1700 720 1835 772 odor
1864 718 1963 772 iste
1993 727 2161 773 teter-

593 805 768 860 rimus
807 822 822 860 :
852 815 910 861 ιιι
943 806 1232 876 possimus,
1259 807 1399 860 sicut
1445 805 1640 862 Paulus
1667 808 1879 864 dicebat
1908 809 1979 873 ²⁹,
2018 808 2156 864 eliici

590 917 613 951 ι
652 902 829 957 bonus
856 901 993 955 odor
1015 900 1262 956 Christi:
1298 919 1318 954 ι
1355 916 1422 955 ne
1462 899 1600 956 forte
1629 902 1903 957 irascatur
1965 903 2152 958 Domi-

584 1006 710 1055 nus,
736 1000 793 1045 et
817 991 883 1045 ad
925 991 1262 1045 iracundiam
1297 1005 1653 1060 provocemus
1695 999 1941 1047 sanctum
1989 990 2156 1047 Israel

585 1091 644 1138 et
667 1082 850 1137 tradat
879 1098 979 1136 nos
1002 1082 1053 1137 in
1080 1098 1272 1137 manus
1291 1083 1680 1147 Chusarsaton,
1710 1093 1764 1139 et
1795 1082 2154 1138 humilitatem

583 1187 747 1245 quam
779 1172 833 1228 in
866 1175 1094 1230 scientia
1129 1173 1334 1230 Christi
1359 1175 1553 1229 docere
1590 1174 1901 1241 debuimus,
1947 1176 1999 1230 in
2032 1191 2156 1230 cor-

589 1265 851 1334 reptionis
898 1274 1101 1321 nostrai
1147 1266 1500 1321 tribulatione
1549 1266 1846 1322 discamus.
1889 1267 1996 1321 Sed
2035 1267 2156 1323 vide

584 1339 877 1427 benignum
905 1357 1217 1423 Dominum,
1247 1358 1675 1414 miscricordiam
1711 1373 1833 1414 cum
1865 1359 2157 1415 severitate

587 1449 927 1514 miscentem,
974 1458 1029 1504 et
1069 1450 1236 1520 ipsius
1279 1466 1455 1522 pagum
1496 1452 1714 1506 modum
1747 1452 1894 1521 justa
1947 1461 2004 1508 et
2039 1452 2154 1509 cle-

585 1541 754 1597 menti
816 1541 1104 1598 libratione
1158 1553 1500 1614 pensantem.
1553 1543 1670 1600 Non
1728 1545 1781 1600 in
1834 1539 2152 1618 perpetuum

583 1634 751 1690 tradit
784 1635 1176 1706 delinquentes,
1224 1638 1319 1692 sed
1374 1646 1602 1708 quanto,
1658 1637 1855 1707 inquit,
1917 1651 2157 1710 tempore

2261 439 2414 492 randi
2465 437 2569 492 viri
2613 436 2848 504 Caleph,
2878 436 2971 504 qui
3004 435 3107 490 fuit
3147 448 3332 489 comes
3367 444 3426 488 et
3480 435 3671 491 socius
3716 432 3851 489 ἔδει

2258 531 2409 587 Nave
2436 550 2448 585 :
2483 531 2718 599 de‘quo,
2749 537 2909 597 prout
2937 529 3238 596 potuimus,
3274 528 3329 582 in
3362 527 3479 581 suis
3508 526 3689 592 locis,
3728 541 3853 595 qua:

2256 623 2372 677 visa
2419 630 2587 686 sunt,
2618 620 3000 676 disseruimus.
3037 617 3176 684 Quid
3215 633 3346 688 ergo
3383 619 3517 671 dicit
3547 618 3846 686 Scriptura

2259 717 2327 770 de
2372 716 2477 768 isto
2517 712 2845 769 Gothoniel?
2883 710 3238 780 Posteaquam
3283 711 3422 765 dixit
3462 710 3588 780 quia
3626 710 3847 766 clama-

2256 818 2453 861 verunt
2474 806 2571 860 filii
2597 806 2763 863 Israel
2794 806 2860 860 ad
2883 798 3421 867 Dominumufactus
3438 808 3542 861 est.
3570 803 3847 873 inquit”,

2267 904 2506 978 Spiritus
2557 904 2773 961 Domini
2819 913 2988 970 super
3046 894 3847 964 Gothonielem,etjudicavit

2256 989 2446 1045 Israel.
2482 1009 2500 1042 ι
2536 989 2704 1045 Putas
2726 991 2887 1045 estin
2914 989 3075 1044 nobis
3096 987 3315 1057 aliquis,
3345 988 3437 1057 qui
3480 989 3557 1042 ita
3596 988 3842 1042 validum

2256 1093 2313 1139 et
2357 1086 2433 1139 ita
2481 1084 2685 1152 justum
2731 1083 3023 1138 clamorem
3069 1082 3251 1137 mittat
3299 1082 3365 1136 ad
3408 1082 3733 1146 Dominum,
3786 1093 3845 1137 ιιι

2256 1177 2450 1244 dignus
2482 1176 2550 1230 sit
2579 1176 2853 1240 exaudiri,
2888 1186 2943 1229 ct
2975 1185 3253 1231 mereatur
3321 1175 3557 1243 populus
3593 1175 3847 1242 accipere

2249 1267 2488 1336 judicem
2545 1278 2601 1322 et
2646 1267 2887 1336 judicem
2927 1266 3086 1321 talem
3137 1281 3297 1337 quem
3334 1264 3574 1332 Spiritus
3615 1262 3717 1317 Dei
3759 1278 3849 1318 re»

2255 1361 2400 1431 pleat
2423 1402 2438 1424 ,
2466 1369 2523 1415 ut
2551 1360 2725 1430 possit
2755 1360 2870 1430 (EI)
2904 1368 3114 1414 rectum
3149 1368 3333 1414 tenere
3354 1357 3664 1430 judicium?
3691 1355 3846 1412 Unde

2255 1464 2312 1509 et
2357 1454 2496 1510 liber
2549 1455 2668 1527 ipse
2696 1454 2945 1510 Iudicum
2981 1456 3184 1510 dicitur
3207 1494 3224 1519 ,
3264 1461 3320 1509 et
3362 1452 3760 1508 describuntur
3789 1451 3839 1505 in

2255 1560 2320 1600 eo
2355 1544 2608 1614 judices,
2646 1547 2737 1617 qui
2764 1546 3153 1616 judicaverunt
3180 1545 3457 1616 populum.
3499 1544 3663 1599 Sicut
3698 1544 3839 1598 enim

2259 1637 2347 1691 alii
2379 1637 2500 1691 libri
2531 1636 2736 1707 Regum
2768 1637 3043 1702 dicuntur,
3076 1637 3159 1692 vel
3187 1636 3521 1707 Regnorum,
3556 1636 3614 1689 in
3643 1634 3841 1704 quibus

583 1728 891 1782 servierunt
927 1727 1159 1793 Baalim,
1213 1738 1365 1783 tanto
1393 1732 1553 1784 etiam
1585 1731 1828 1786 serviunt
1860 1732 2156 1788 Cbusarsa-
2186 1729 2228 1784 B
2253 1728 2588 1783 describitur
2654 1729 3027 1797 unusquisque
3083 1742 3269 1797 regum
3321 1726 3599 1796 quomodo
3653 1740 3842 1794 regna-

585 1831 714 1887 ton;
761 1822 867 1877 hoc
889 1830 994 1889 est,
1026 1832 1151 1878 octo
1184 1825 1365 1879 annis.
1409 1824 1567 1879 Disce
1600 1827 1714 1879 haec
1744 1835 1798 1880 et
1828 1834 1908 1892 tu,
1938 1842 1971 1881 ιι
2000 1827 2153 1881 audi-

2256 1820 2432 1884 verit,
2480 1819 2566 1875 vel
2612 1820 2742 1889 quid
2775 1820 2951 1889 egerit
2993 1836 3008 1874 :
3044 1820 3117 1874 ita
3155 1826 3209 1874 et
3245 1820 3298 1872 in
3331 1817 3435 1873 hoc
3472 1816 3665 1871 libello
3694 1824 3836 1887 gesta

586 1923 692 1979 tor,
737 1914 985 1984 quisquis
1026 1914 1116 1970 ille
1154 1930 1249 1980 es,
1287 1916 1376 1984 qui
1415 1916 1507 1970 tibi
1540 1918 1791 1974 conscius
1826 1934 1886 1973 es
1928 1919 2154 1987 alicujus
2252 1911 2494 1981 indicum
2551 1911 2899 1974 referuntur.
2955 1920 3012 1966 et
3054 1910 3386 1966 describitur
3423 1923 3531 1964 non
3579 1908 3763 1963 solum
3797 1907 3839 1961 si

581 2007 811 2062 erroris.
850 2006 918 2061 Et
954 2016 1160 2077 quanto
1204 2006 1318 2079 (48)
1360 2018 1603 2079 tempore
1646 2010 1958 2079 deliquisti,
2005 2021 2154 2067 tanto

582 2098 935 2154 nihilominus
976 2108 1217 2170 tempore
1259 2101 1484 2155 humilia
1533 2102 1759 2170 teipsum
1796 2102 1937 2169 Deo,
1967 2112 2022 2159 et
2066 2120 2156 2158 sa-

581 2190 818 2246 tlsfacito
842 2190 893 2245 ei
926 2191 981 2246 in
1028 2189 1373 2247 confessione
1414 2193 1769 2262 poenitentiae.
1820 2191 1936 2248 Non
1962 2209 2154 2263 exspe-

580 2290 699 2338 ctes
733 2289 790 2336 ut
822 2280 1070 2336 humiliet
1110 2291 1159 2336 te
1186 2281 1583 2349 Chusarsaton,
1628 2292 1682 2337 et
1721 2283 1888 2338 invito
1921 2285 2157 2340 necessi-

588 2381 673 2429 tas
698 2381 1023 2443 extorqueat
1054 2372 1466 2443 paenitentiam,
1510 2373 1602 2428 sed
1632 2373 1745 2443 ipse
1777 2377 2009 2444 praeveni
2042 2387 2156 2432 Ior-

583 2465 722 2522 toris
749 2465 905 2520 istius
933 2480 1126 2520 manus
1157 2481 1170 2517 :
1204 2466 1332 2534 quia
1365 2464 1408 2519 si
1442 2474 1495 2518 te
1527 2466 1641 2534 ipse
1675 2467 2074 2532 emendaveris,
2109 2469 2152 2523 si

584 2567 639 2612 te
667 2559 780 2627 lpse
803 2557 1131 2624 correxeris,
1164 2557 1283 2628 pius
1308 2567 1391 2612 est
1422 2557 1565 2612 Deus
1588 2566 1644 2612 et
1687 2558 2020 2625 misericors,
2062 2561 2153 2629 qui

580 2648 877 2705 vindictam
898 2657 1161 2718 temperet
1191 2650 1259 2704 ab
1304 2665 1369 2705 eo
1397 2650 1488 2717 qui
1524 2648 1669 2704 illam
1694 2651 2005 2720 paenitendo
2022 2668 2156 2722 prae-

580 2737 752 2794 venit.
782 2737 889 2794 Sed
923 2737 1054 2792 illud
1094 2739 1539 2807 consideremus,
1591 2737 1716 2808 quia
1751 2739 1922 2794 donec
1952 2741 2157 2795 servie-

583 2837 713 2884 runt
756 2822 1274 2901 (49)‘Cbusarsaton
1326 2828 1363 2883 ii
1419 2831 1510 2898 qui
1565 2831 1748 2886 traditi
1795 2830 2012 2886 fuerant
2059 2847 2156 2901 pro

580 2922 820 2990 delictis,
867 2931 921 2976 et
959 2938 1065 2977 non
1098 2923 1473 2977 clamaverunt
1510 2923 1578 2978 ad
1632 2923 1945 2989 Dominum,
2000 2939 2156 2979 neruo

582 3015 879 3071 suscitatus
912 3022 997 3069 est
1049 3013 1139 3081 qui
1176 3014 1393 3069 salvare
1425 3029 1520 3068 eos
1560 3027 1763 3082 posset.
1805 3014 1940 3070 Cum
1971 3023 2153 3068 autem

582 3108 957 3164 clamaverunt
985 3107 1050 3160 ad
1077 3106 1384 3174 Dominum,
1406 3106 1569 3179 465
1595 3116 1723 3161 tunc
1750 3106 2153 3162 suscitavitDo-

583 3197 763 3254 minus
797 3196 1135 3252 Salvatorem
1170 3196 1358 3258 Israel,
1395 3207 1451 3251 et
1486 3197 1715 3251 salvavit
1741 3211 1854 3252 eos.

2255 2004 2382 2074 quid
2407 2004 2475 2058 ab
2501 2005 2581 2060 eis
2603 2013 2751 2059 recte
2776 2013 2829 2058 et
2865 2003 3080 2061 utiliter
3107 2012 3319 2075 gestum
3348 2013 3453 2067 est,
3484 2017 3682 2057 verum
3710 2010 3764 2056 et
3793 2001 3839 2056 si

2255 2096 2385 2166 quid
2432 2095 2773 2166 culpabiliter
2819 2096 3119 2151 admissum
3169 2106 3255 2151 est
3301 2095 3437 2167 (52).
3487 2095 3604 2151 Cur
3655 2105 3833 2150 tamen

2255 2198 2544 2256 utrumque
2577 2188 2907 2258 descriptum
2958 2191 3033 2244 sit
3076 2189 3121 2243 si
3170 2190 3404 2257 requiris
3427 2229 3443 2253 ,
3482 2188 3741 2259 profecto
3779 2196 3831 2241 ut

2255 2296 2401 2336 nunc
2431 2279 2685 2335 Ecclesiae
2718 2281 2996 2351 principes
3031 2280 3116 2336 vel
3151 2281 3365 2349 judices
3390 2280 3748 2351 pervidentes
3776 2294 3835 2333 ea

2256 2385 2375 2440 qua:
2401 2372 2467 2424 ab
2493 2371 2573 2424 eis
2600 2369 2943 2426 laudabiliter
2968 2380 3121 2442 gesta
3148 2380 3298 2437 sunt,
3326 2370 3570 2439 priorum
3603 2385 3834 2440 sequan—

2258 2472 2346 2514 tur
2386 2461 2633 2531 exempla
2677 2462 2771 2516 :si
2811 2476 2916 2531 qua
2977 2475 3108 2518 vero
3149 2462 3203 2516 in
3243 2461 3353 2516 illis
3400 2462 3733 2533 culpantur,
3781 2471 3835 2517 ut

2257 2554 2345 2608 isti
2384 2561 2615 2608 caveant
2659 2563 2714 2608 et
2758 2553 3054 2608 declinent.
3104 2552 3296 2625 Magna
3340 2570 3471 2626 ergo
3516 2555 3640 2610 laus
3680 2555 3831 2625 primi

2256 2645 2415 2715 hujus
2441 2646 2639 2714 judicis
2662 2646 2953 2702 Gothoniel
2982 2647 3218 2703 refertur
3244 2689 3259 2713 ,
3289 2648 3432 2717 quod
3468 2647 3713 2716 Spiritus
3742 2646 3830 2702 Dei

2258 2737 2430 2792 factus
2458 2747 2543 2792 est
2585 2752 2751 2807 super
2774 2753 2897 2793 eum
2926 2778 2942 2805 ,
2973 2751 3027 2794 et
3056 2754 3155 2810 per
3194 2738 3458 2809 Spiritum
3499 2740 3717 2795 Domini
3750 2741 3831 2810 ju-

2258 2831 2476 2884 dicabat
2510 2828 2710 2897 Israel;
2743 2831 2885 2900 quod
2913 2846 3011 2901 ego
3036 2832 3104 2885 de
3130 2831 3238 2887 alio
3267 2833 3459 2901 quovis
3485 2833 3694 2888 dictum
3729 2848 3825 2886 non

2256 2920 2410 2976 valde
2437 2922 2679 2977 memini.
2698 2922 2836 2978 Sunt
2855 2937 2984 2994 ergo
3001 2925 3240 2978 omnium
3271 2923 3428 2977 hodie
3458 2923 3824 2979 Ecclesiarum

2258 3031 2378 3086 quae
2414 3024 2542 3071 sunt
2575 3018 2676 3072 sub
2717 3016 2886 3083 cmlo,
2933 3016 3319 3086 quamplurimi
3350 3017 3566 3087 jndices
3588 3058 3601 3082 ,
3638 3018 3827 3089 quibus

2252 3105 2512 3175 judicium
2537 3122 2643 3162 non
2676 3106 2847 3162 solum
2874 3122 3051 3165 rerum
3076 3118 3350 3179 gestarum
3378 3108 3568 3162 datum
3595 3117 3706 3172 est,
3735 3108 3822 3163 sed

2256 3208 2312 3254 et
2344 3201 2669 3255 animarum.
2705 3197 2908 3254 Verum
2960 3201 3146 3255 nescio
3186 3200 3230 3256 si
3267 3202 3357 3271 qui
3403 3201 3540 3257 tales
3577 3200 3821 3258 Ecclesia:

653 3291 710 3346 '5.
763 3276 1101 3344 Salvatorem
1148 3299 1326 3344 autem
1374 3288 1506 3342 dicit
1547 3288 1835 3344 Gothoniel
1877 3287 2022 3363 (50),
2061 3288 2153 3357 qui
2253 3291 2462 3363 judices
2503 3301 2628 3346 sunt
2668 3307 2805 3364 quos
2837 3291 3028 3361 dignos
3067 3290 3179 3363 (53)
3226 3291 3391 3346 faciet
3437 3292 3583 3348 Deus
3626 3293 3818 3360 Spiritu

582 3386 984 3453 interpretatur,
1030 3391 1230 3450 tempus
1280 3382 1408 3434 mihi
1458 3380 1622 3438 Deus.
1680 3379 1785 3436 Per
1837 3381 1980 3437 hunc
2024 3396 2155 3448 ergo

578 3474 867 3533 Gothoniel
918 3473 1070 3542 prior
1110 3472 1198 3527 ilie
1246 3471 1473 3543 populus
1519 3475 1586 3528 de
1628 3472 1891 3528 servitute
1930 3472 2152 3525 humili-

582 3570 712 3623 tatis
741 3575 960 3636 ereptus
981 3574 1096 3630 est,
1122 3575 1179 3620 et
1214 3564 1423 3618 reddita
1454 3572 1537 3620 est
1568 3578 1677 3634 pax
1715 3563 1911 3634 popqu
1932 3603 1947 3628 ,
1990 3578 2154 3633 quam

581 3659 834 3728 superbia
881 3655 1110 3720 dudum,
1161 3666 1215 3709 et
1256 3656 1474 3711 diversa
1516 3657 1691 3726 plebis
1724 3657 1969 3712 facinora
2003 3655 2155 3727 fuga-

581 3764 732 3804 vere.
758 3751 957 3807 Verum
982 3749 1237 3819 quoniam
1268 3748 1506 3804 diximus
1541 3749 1839 3827 spiritalem
1867 3750 2153 3820 quemdam

586 3840 811 3911 intelligi
859 3856 1018 3910 posse
1055 3842 1473 3909 Chusarsaton,
1516 3856 1702 3912 regem
1785 3851 1841 3899 et
1881 3858 2048 3897 unum
2093 3844 2159 3897 de

586 3932 915 3988 adversariis
953 3945 1009 3988 et
1054 3934 1231 3990 aereis
1272 3931 1633 4005 potestatibus
1680 3933 1978 4005 principem
2021 3953 2035 3989 :
2083 3934 2156 3988 ita

583 4037 923 4093 consequens
953 4026 1082 4079 mihi
1117 4026 1333 4081 videtur
1361 4026 1524 4080 etiam
1556 4024 1934 4081 Gothonielem
1967 4028 2154 4091 istum,

582 4115 676 4185 qui
733 4115 798 4168 ad
848 4115 1191 4172 liberandum
1239 4118 1498 4187 populum
1544 4117 1841 4173 suscitatus
1877 4129 1996 4184 est,
2036 4133 2158 4173 esse

584 4224 750 4262 unum
797 4207 1032 4277 aliquem
1084 4211 1151 4264 de
1194 4212 1382 4266 militia
1425 4211 1636 4267 caelesti
1675 4220 1729 4264 et
1764 4211 2160 4281 archangelicis

586 4304 813 4367 turmis,
847 4304 936 4373 qui
973 4304 1039 4359 ad
1074 4303 1463 4359 adminiculum
1496 4304 1785 4359 mittuntur
1816 4319 2030 4368 eorum,
2066 4305 2156 4374 qui

2257 3393 2446 3438 sancto
2462 3383 2674 3452 repleri,
2690 3394 2750 3439 ut
2770 3384 2911 3440 sicut
2930 3384 3215 3440 Gothoniel
3238 3384 3341 3438 iste
3359 3386 3673 3441 testimonio
3695 3386 3824 3440 Scri-

2257 3484 2431 3542 ptura:
2462 3475 2747 3530 decoratus
2780 3484 2893 3541 est,
2928 3475 3004 3530 ita
3042 3476 3205 3531 etiam
3254 3476 3355 3545 ipsi
3388 3477 3455 3532 de
3501 3477 3702 3546 quibus
3732 3479 3821 3530 hoc

2256 3578 2538 3639 Optamus,
2568 3566 2664 3623 Dei
2696 3568 3058 3622 testimonium
3095 3580 3430 3624 mereantur.
3457 3568 3550 3622 Ait
3578 3583 3709 3639 ergo
3737 3567 3779 3599 ⁸³
3803 3583 3820 3621 :

2261 3681 2281 3713 ι
2316 3661 2382 3715 Ει
2408 3659 2583 3716 fat-tus
2621 3670 2705 3716 est
2742 3675 2905 3729 super
2926 3675 3049 3715 eum
3085 3660 3322 3730 Spiritus
3351 3660 3610 3726 Domini,
3650 3672 3706 3717 et
3739 3659 3819 3728 ju-

2259 3750 2462 3805 dicavit
2504 3732 2703 3816 Israel,
2742 3758 2799 3805 et
2845 3750 2978 3804 exiit
3010 3750 3075 3803 ad
3108 3750 3341 3814 bellum,
3375 3760 3430 3806 et
3465 3752 3690 3807 tradidit
3722 3750 3817 3803 Do-

2263 3845 2440 3899 minus
2475 3846 2528 3899 in
2568 3861 2761 3901 manus
2791 3843 2906 3913 ejus
2944 3846 3309 3900 Clausarsaton
3340 3859 3548 3913 regem.
3598 3864 3619 3896 ι
3658 3845 3820 3912 Quare

2262 3937 2396 3992 hoc?
2438 3938 2573 4005 Quia
2617 3937 2854 4007 Spiritus
2902 3935 3114 3991 Domini
3145 3948 3263 3991 erat
3298 3937 3350 3990 in
3383 3950 3485 4002 eo,
3527 3947 3583 3992 et
3618 3937 3820 3992 coiifor-

2261 4038 2368 4082 tata
2415 4038 2499 4082 est
2553 4043 2743 4082 manus
2790 4027 2912 4098 ejus
2969 4042 3063 4096 per
3106 4025 3472 4080 Chusarsaton
3528 4042 3732 4097 regem.
3763 4026 3818 4079 Et

2256 4127 2378 4186 post
2423 4119 2536 4172 hare
2569 4116 2696 4172 dicit
2731 4117 2776 4149 ’⁸
2801 4155 2817 4184 ,
2853 4117 2976 4185 quia
3004 4115 3211 4186 quievit
3248 4125 3391 4170 terra
3419 4117 3522 4172 sub
3557 4132 3628 4173 eo
3652 4118 3817 4186 judice

2257 4210 2611 4281 quadraginta
2635 4211 2816 4264 annis.
2851 4209 3011 4263 Vides
3035 4223 3198 4277 quam
3229 4207 3376 4278 larga
3407 4219 3493 4264 est
3520 4210 3702 4265 divina
3723 4210 3817 4265 cle-

2258 4301 2480 4356 mentia.
2507 4298 2645 4356 Octo
2675 4305 2833 4356 annis
2870 4303 2961 4357 lilii
3003 4301 3173 4358 Israel
3212 4305 3520 4358 Servierant
3553 4319 3656 4374 pro
3694 4301 3814 4357 ιιιιιιο

583 4395 958 4451 hereditatem
988 4395 1209 4463 capiunt
1249 4396 1439 4449 salutis
1460 4435 1474 4460 ,
1503 4405 1558 4450 et
1590 4405 1717 4449 sunt
1756 4394 1936 4466 angeli
1967 4393 2156 4448 Salva-
2189 4417 2233 4471 ι)
2264 4402 2435 4447 torum
2467 4394 2715 4458 delictis,
2751 4396 3113 4467 quadraginta
3153 4397 3309 4453 annis
3343 4411 3441 4468 per
3472 4398 3640 4453 unius
3670 4394 3815 4466 justi-

586 4485 740 4548 toris,
771 4485 861 4553 qui
887 4483 971 4539 vel
994 4482 1331 4539 Gothonielis
1355 4485 1440 4538 vel
1464 4486 1623 4542 Aioth
1657 4486 1841 4554 specie
1867 4485 2154 4557 designan-

585 4584 675 4629 tur
695 4615 709 4641 ,
741 4578 866 4645 quia
890 4577 1032 4631 sicut
1058 4590 1199 4646 saepe
1223 4577 1560 4633 ostendimus
1578 4618 1594 4644 ,
1628 4595 1733 4633 non
1769 4579 1942 4635 solum
1965 4596 1994 4635 a
2021 4596 2156 4635 con-

584 4666 771 4721 trariis
818 4668 1107 4722 virtutibus
1158 4668 1574 4736 impuguamur,
1607 4671 1700 4725 sed
1733 4678 1788 4725 et
1828 4671 2024 4726 divina:
2058 4672 2154 4725 bo-

584 4773 773 4829 naeque
825 4761 1052 4815 virtutes
1097 4762 1164 4815 ad
1214 4760 1478 4815 auxilium
1520 4772 1766 4816 nostrum
1802 4763 2089 4817 mittuntur
2118 4780 2149 4818 a

583 4850 853 4908 Domino;
886 4849 1179 4907 Videamus
1230 4861 1410 4907 tamen
1459 4853 1581 4921 quis
1619 4852 1782 4907 fuerit
1816 4854 1917 4909 iste
1948 4854 2153 4910 Gotho-

584 4941 713 5007 niel,
732 4942 885 5011 cujus
906 4941 1145 5011 familiae,
1162 4944 1319 5010 cujus
1338 4942 1655 4998 nobilitatis.
1672 4941 1872 5011 Filius,
1899 4945 2153 5016 inquit",

689 5058 735 5091 ”
772 5059 816 5113 Il
849 5059 972 5115 Cor.
1004 5061 1163 5128 1,15.
1238 5062 1281 5094 ¹¹
1320 5059 1457 5116 Jud.
1508 5076 1590 5127 ut,
1639 5061 1694 5119 9.
1767 5063 1812 5094 ²²
1862 5061 1994 5118 ibid.
2045 5065 2134 5118 Ill.

655 5180 770 5255 (48)
810 5180 1026 5249 Inquit,
1082 5194 1314 5250 tempore
1368 5184 1654 5237 servierunt
1706 5180 1953 5247 Baalim,
2006 5193 2151 5255 tanto

584 5253 988 5308 eliumserviuut
1022 5255 1417 5318 (Jhusarsuton;
1441 5256 1542 5306 hoc
1566 5263 1642 5307 est
1661 5268 1775 5307 acto
1806 5255 1977 5307 annis.
2003 5253 2154 5306 Disce

587 5323 698 5378 haec
735 5334 782 5378 et
813 5336 888 5384 tu.
921 5340 949 5376 ο
979 5324 1456 5393 auditor,quisquis
1474 5323 1563 5377 ille
1589 5341 1665 5388 es,
1690 5325 1778 5393 qui
1796 5326 1886 5376 tibi
1916 5326 2152 5377 conscius

585 5408 641 5464 es
659 5394 889 5457 alicuius
902 5397 1116 5448 erroris.
1134 5393 1201 5447 Et
1214 5406 1432 5464 quanto.
1450 5393 1573 5449 Haec
1591 5396 1757 5450 etiam
1774 5394 2155 5449 desiderantur

589 5463 642 5516 in
681 5465 836 5518 libris
869 5466 1048 5529 editis,
1090 5468 1184 5519 sed
1217 5463 1430 5519 exstant
1466 5466 1521 5518 in
1556 5482 1684 5521 mss.

604 5558 611 5561 ν
662 5534 777 5605 (49)
819 5534 969 5601 Mss,
1001 5554 1021 5587 ι
1054 5537 1380 5590 servierunt.
1418 5555 1437 5586 ι
1472 5535 1658 5601 Editi.,
1689 5556 1707 5587 ι
1745 5534 2007 5590 serviunt.
2047 5553 2070 5586 ι

659 5606 775 5673 (50)
822 5605 1118 5669 (ἐοιΙιοηὶει,
1147 5617 1254 5661 etc.
1291 5606 1370 5661 Ex
1419 5616 1498 5671 ny
1541 5617 1760 5679 tempus,
1796 5614 1815 5655 ν
1854 5606 2017 5664 ³1ῑίΧο
2053 5606 2160 5678 pti-

585 5714 688 5755 ttiu:
718 5712 961 5770 personae
991 5710 1043 5753 et
1072 5683 1145 5762 5s
1177 5697 1329 5757 Deus.

2263 4485 2391 4539 tiam
2419 4486 2470 4539 in
2500 4501 2634 4555 pace
2663 4489 2981 4555 perdurant.

2330 4578 2385 4632 4.
2422 4578 2527 4633 Sed
2548 4580 2676 4649 quid
2701 4580 2900 4634 dicitur
2928 4589 3049 4648 post
3084 4580 3227 4635 haec?
3259 4599 3277 4632 ι
3309 4579 3377 4634 Ει
3399 4578 3695 4637 defunctus
3717 4588 3810 4642 est,

2262 4670 2458 4739 inquit,
2489 4671 2774 4727 G0thouiel
2810 4673 2950 4726 ﬁlius
2970 4672 3194 4727 Ceneth.
3224 4692 3243 4725 ι
3269 4673 3400 4728 Rem
3425 4675 3585 4729 video
3618 4674 3813 4743 pericu-

2261 4762 2456 4818 losam.
2494 4762 2787 4817 Defunctus
2824 4774 2906 4818 est
2949 4761 3259 4821 Gothoniel.
3304 4766 3483 4831 Quare
3519 4765 3674 4839 (54)?
3707 4765 3813 4836 quia

2253 4854 2365 4925 jam
2404 4853 2658 4922 indiguus
2681 4864 2803 4909 erat
2833 4855 3084 4923 populus,
3113 4856 3204 4924 qui
3237 4856 3719 4925 haberctjudicem
3746 4865 3815 4908 ta-

2263 4947 2388 4999 lem.
2425 4946 2670 5015 Denique
2698 4947 2749 5001 iu
2781 4949 3246 5017 consequentibus
3271 4950 3421 5004 dicit.
3453 4951 3551 5006 Illo
3579 4950 3814 5006 defuncto

2209 5062 2254 5094 ³³
2294 5063 2426 5118 ibid.
2503 5063 2551 5096 "‘
2583 5065 2711 5119 ibid.
2743 5064 2830 5119 Η.

2332 5184 2442 5258 (5|)
2468 5185 2632 5258 Editt.
2656 5204 2676 5237 ι
2695 5187 2934 5253 judicem
2960 5200 3121 5256 quem
3142 5187 3379 5258 Spiritus
3406 5187 3502 5242 Dei
3522 5188 3739 5256 repleat,
3767 5195 3812 5238 et

2257 5256 2449 5327 possit.
2486 5275 2504 5308 ι
2534 5256 2662 5312 Mss.
2692 5268 2749 5312 ut
2777 5258 2831 5312 in
2860 5268 3043 5312 nostro
3059 5268 3227 5315 textu.
3247 5257 3386 5313 Infra
3411 5275 3546 5312 mss.
3573 5277 3593 5310 ι
3619 5264 3813 5312 ret-teet

2262 5329 2467 5381 utiliter
2514 5338 2727 5397 gestum
2768 5339 2871 5384 est.
2927 5347 2947 5380 ι
2990 5329 3161 5384 Editt.
3212 5347 3231 5381 ι
3270 5339 3417 5384 recte
3458 5341 3513 5382 et
3553 5329 3813 5383 humiliter

2259 5408 2467 5466 gestum
2502 5408 2602 5452 est.
2644 5417 2666 5452 ι
3068 5402 3074 5408 ’

2330 5468 2442 5537 (52)
2468 5468 2596 5521 Mss.
2638 5487 2658 5519 ι
2687 5467 3007 5523 admissum.
3036 5489 3055 5522 ι
3083 5470 3251 5525 Editt.
3284 5487 3304 5520 r
3337 5471 3615 5528 emissum.
3654 5488 3674 5522 ι

2332 5539 2448 5607 (ὸὸ)
2474 5610 2477 5611 ν
2505 5537 2698 5603 Edilt,
2739 5555 2758 5588 ι
2792 5539 2873 5611 Si
2923 5542 3047 5609 quis
3092 5541 3212 5595 tahs
3252 5540 3685 5611 Ecclesiaejudes
3715 5544 3808 5601 εει,

2263 5623 2422 5678 quem
2453 5610 2690 5679 dignum.
2733 5628 2749 5658 ι
2786 5610 2914 5666 Mss.
2947 5614 3082 5667 utin
3114 5623 3306 5668 nostro
3336 5624 3509 5668 textu.
