4046 6152
198 233 318 290 965

1257 229 1323 283 IN
1353 227 1612 284 LIBRUM
1641 223 1940 283 JUDICUM
1966 220 2253 279 IIOMILIA
2289 219 2378 275 III.

3379 217 3486 273 966

207 374 230 407 ι
279 353 662 424 adjecerunt,
720 351 893 422 inquit
925 352 1006 418 ³⁸,
1073 351 1168 406 ﬁlii
1215 350 1378 406 Israel
1432 351 1611 405 facere
1662 349 1815 402 mali-
1841 355 1888 410 Α
1917 345 2069 413 Quod
2103 344 2146 400 sl
2185 344 2308 398 licet
2344 343 2397 396 in
2444 339 2641 396 talibus
2672 353 2736 392 ex
2775 338 2936 392 simili
2969 353 3331 405 pmsumere,
3358 349 3489 408 puto

200 464 390 518 gnum
427 449 482 502 in
511 453 805 514 conspectu
841 444 1077 509 Domini,
1109 452 1165 498 et
1195 443 1523 497 confortavit
1555 441 1819 497 Dominus

200 539 399 607 Eglon
457 553 641 608 regem
690 535 850 590 Moab
897 536 1183 590 adversum
1223 534 1410 588 Israel.
1459 553 1478 586 1
1520 533 1818 588 Considera

199 631 345 698 quia
408 646 512 700 pro
560 645 627 683 eo
667 628 810 698 quod
859 626 1062 695 indigni
1095 636 1250 679 erant
1278 625 1386 694 jam
1438 626 1637 679 habere
1673 623 1821 692 prin-

203 726 411 792 cipem
474 722 673 785 talem,
713 728 1002 790 propterea
1039 717 1288 772 aufertur
1319 719 1386 772 ab
1415 717 1495 770 eis
1523 717 1696 770 bonus
1727 716 1816 785 ju-

202 816 347 868 dex.
404 816 473 868 Et
506 814 752 869 fecerunt
785 813 879 866 [Ilii
910 812 1073 866 Israel
1110 811 1403 878 malignum
1433 810 1483 862 in
1515 819 1818 878 conSpectu

205 905 490 969 Domini,
521 917 574 961 et
599 907 866 960 excitatur
902 905 981 958 eis
1023 903 1193 958 hostis
1223 903 1487 970 pessimus
1519 900 1682 969 Eglon
1725 914 1820 954 rex

203 996 416 1052 Moab.
455 996 623 1051 Vides
663 997 790 1065 quia
831 1006 1055 1067 peccata
1087 995 1236 1049 vires
1265 993 1507 1048 hostibus
1543 993 1820 1059 praebent,

204 1105 266 1144 et
298 1090 542 1162 quando
576 1104 674 1145 nos
699 1090 930 1144 facimus
956 1088 1250 1158 malignum
1286 1087 1340 1139 in
1371 1097 1669 1153 conspectu
1711 1085 1821 1139 Do-

207 1183 389 1249 mitii,
423 1191 480 1237 et
510 1181 896 1251 delinquimus,
939 1189 1066 1234 tunc
1108 1178 1483 1232 confortantur
1517 1192 1544 1228 a
1586 1175 1818 1230 Domino

209 1273 450 1328 inimici
487 1273 680 1336 nostri,
712 1280 839 1326 tunc
871 1274 1016 1325 vires
1041 1268 1336 1324 contrariis
1370 1267 1662 1321 virtutibus
1687 1266 1819 1320 dans

209 1373 333 1418 tur.
389 1361 510 1417 Hoc
547 1363 662 1416 sive
708 1360 1001 1416 secundum
1029 1361 1265 1415 litteram
1297 1358 1629 1427 quazras,ita
1670 1357 1819 1411 iuve-

213 1454 376 1518 nies,
412 1453 546 1522 quia
590 1468 693 1507 non
731 1451 1123 1506 invalescereut
1154 1452 1257 1505 nisi
1292 1450 1372 1504 eis
1403 1449 1594 1504 delicta
1627 1457 1816 1502 nostra

209 1544 379 1599 vires
425 1541 741 1598 conferrent
784 1559 800 1595 :
846 1542 962 1596 sive
1009 1541 1061 1595 iu
1102 1540 1438 1606 spiritalibus
1465 1539 1814 1604 consideres,

213 1631 498 1687 similiter
534 1632 820 1687 contraria:
867 1631 1096 1686 virtutes
1136 1646 1241 1684 non
1281 1631 1677 1685 invalescerent
1719 1629 1814 1682 ad-

212 1739 459 1779 versum
490 1738 610 1780 nos.
643 1738 744 1778 nec
777 1723 888 1793 ipse
925 1722 1158 1777 Zabulus
1186 1722 1237 1776 in
1265 1721 1418 1776 nobis
1447 1721 1646 1790 aliquid
1675 1736 1810 1790 pra:-

214 1816 446 1870 valeret
472 1858 489 1882 ,
522 1814 622 1868 nisi
655 1815 702 1868 ei
740 1813 882 1868 vires
904 1828 971 1869 ex
1003 1814 1202 1868 nostris
1231 1813 1378 1867 vitiis
1409 1813 1808 1882 praeberemus;

216 1908 400 1963 valde
447 1907 697 1962 inﬁrmus
745 1917 888 1960 esset
937 1905 1221 1960 adversum
1262 1920 1389 1968 nos,
1425 1904 1524 1957 nisi
1563 1918 1660 1958 nos
1689 1918 1812 1958 eum

219 1999 437 2054 fortem
493 1997 765 2068 peccando
804 1996 1131 2060 faceremus,
1173 1996 1278 2050 nisi
1310 2010 1406 2064 per
1448 2005 1666 2064 peccata
1713 2008 1813 2048 no-

220 2101 348 2144 stra
398 2089 582 2144 locum
633 2086 938 2142 introeundi
993 2096 1046 2141 et
1091 2086 1400 2140 dominandi
1451 2086 1720 2140 inveniret
1758 2085 1812 2139 in

225 2181 423 2236 nobis.
479 2179 770 2248 Propterea
816 2188 870 2232 et
912 2176 1203 2246 Apostolus
1246 2176 1476 2246 denique
1520 2183 1814 2246 praemonet

221 2272 430 2325 dicens
465 2271 512 2302 ³⁸
550 2287 564 2322 :
601 2287 620 2320 1
661 2267 838 2322 Nolite
868 2267 1045 2322 locum
1080 2269 1210 2322 dare
1240 2265 1466 2331 Zabulo,
1519 2285 1537 2318 1
1583 2267 1726 2321 sicut
1760 2277 1815 2320 et

223 2360 320 2416 hic
367 2360 535 2414 modo
579 2360 834 2429 legimus,
880 2358 1005 2427 quia
1045 2367 1391 2427 posteaquam
1433 2356 1676 2412 fecerunt
1717 2357 1812 2410 ﬁlii

223 2449 405 2506 Israel
457 2449 748 2521 malignum
797 2450 848 2503 in
894 2459 1189 2518 conspectu
1220 2449 1474 2515 Domini,
1505 2449 1680 2502 locum
1721 2449 1814 2502 de-

225 2545 444 2594 derunt
499 2539 722 2594 Zabulo.
757 2556 776 2590 1
809 2538 1144 2594 Confortavit
1168 2540 1310 2592 enim
1356 2539 1611 2594 Dominus
1645 2539 1812 2608 Eglon

231 2641 424 2696 regem
472 2626 648 2690 Moab,
678 2635 732 2679 et
787 2625 1033 2694 adjunxit
1069 2625 1119 2679 ei
1165 2640 1354 2680 omnes
1399 2624 1538 2679 ﬁlios
1584 2624 1812 2678 Ammon

228 2733 290 2773 et
341 2718 571 2772 Amalec
596 2717 661 2770 ".
711 2734 730 2768 1
773 2714 888 2770 Non
931 2715 1137 2784 solum,
1192 2715 1396 2784 inquit,
1444 2715 1559 2784 ipse
1599 2713 1813 2768 confor-

228 2820 391 2863 tatus
438 2816 525 2862 est
572 2823 638 2862 ex
689 2808 924 2878 peccatis
973 2808 1205 2861 ﬁliorum
1252 2803 1446 2869 Israel,
1494 2803 1589 2859 sed
1625 2805 1816 2874 adjun-

228 2913 449 2973 guntur
479 2902 526 2956 ei
559 2901 690 2955 socii
725 2915 956 2969 nequam
985 2913 1051 2953 ex
1079 2899 1206 2952 ﬁliis
1235 2900 1466 2952 Ammon
1494 2906 1548 2951 et
1570 2897 1812 2961 Amalec,

227 2997 325 3066 qui
365 3009 486 3049 cum
517 2993 633 3062 ipso
662 2993 868 3062 pariter
901 2992 1217 3061 impugnent
1244 2989 1429 3046 Israel.

305 3087 369 3142 5.
406 3104 426 3137 ι
462 3085 530 3138 Et
581 3085 914 3147 servierunt,
962 3083 1135 3151 inquit
1161 3082 1230 3150 ³⁸,
1275 3082 1369 3135 ﬁlii
1430 3081 1594 3136 Israel
1642 3080 1808 3152 Eglon

229 3179 358 3249 regi
416 3177 592 3244 Moab,
638 3178 820 3230 decem
865 3184 921 3231 et
976 3186 1100 3229 octo
1138 3175 1319 3228 anuis.
1355 3193 1375 3226 1
1411 3173 1650 3228 Observa
1685 3175 1808 3242 quia

229 3272 404 3324 etiam
435 3282 715 3322 mensuras
747 3281 919 3336 pinna:
943 3266 1143 3319 indicat
1176 3265 1456 3333 Scriptura
1479 3264 1660 3318 divina
1689 3277 1811 3318 cunt

228 3373 368 3416 ante
398 3367 522 3413 octo
548 3373 738 3424 annos,
769 3369 824 3412 et
852 3357 939 3411 hic
965 3357 1146 3411 decem
1173 3367 1226 3409 et
1253 3368 1375 3410 octo
1407 3355 1558 3409 dicit.
1591 3353 1810 3409 Certum

229 3465 320 3509 est
352 3462 531 3506 autem
571 3453 715 3520 quod
745 3449 1038 3505 secundum
1069 3447 1235 3519 466
1265 3447 1472 3516 peccati
1515 3448 1729 3501 modum
1759 3453 1812 3500 et

231 3543 618 3600 conversionis
674 3549 874 3597 nostrae
923 3555 1168 3608 moram,
1223 3539 1387 3594 etiam
1436 3537 1812 3609 castigationis

237 3642 495 3700 tempora
524 3639 911 3699 temperantur.
948 3629 1300 3682 Transierunt
1335 3629 1476 3682 enim
1508 3639 1562 3682 et
1594 3629 1680 3684 isti
1710 3629 1808 3684 de-

239 3738 368 3778 cem
412 3731 467 3776 et
514 3731 636 3774 octo
685 3721 811 3774 anni
845 3719 1146 3784 servitutis,
1189 3729 1385 3774 etnon
1429 3719 1658 3774 refertur
1685 3719 1807 3791 quia

240 3817 622 3887 clamaveruut
651 3813 717 3866 ad
747 3811 1053 3875 Dominum,
1090 3810 1172 3864 vel
1201 3811 1447 3865 conversi
1486 3821 1611 3866 sunt
1639 3827 1668 3866 a
1692 3828 1810 3866 ma-

240 3905 360 3960 Iitiu
397 3920 494 3958 sua
524 3922 536 3958 :
569 3905 662 3958 sed
692 3913 813 3974 post
854 3905 1038 3957 decem
1069 3911 1124 3956 et
1151 3912 1273 3957 octo
1301 3919 1471 3956 annos
1507 3902 1700 3956 iterum
1727 3902 1810 3956 di-

242 3996 393 4050 citur
433 3994 542 4066 (55)
572 3995 635 4056 ",
665 3995 787 4064 quia
823 4014 840 4045 1
877 3995 1243 4048 clamaverunt
1281 3993 1372 4047 ﬁlii
1411 3993 1570 4047 Israel
1607 3993 1674 4046 ad
1703 3993 1811 4047 Do-

242 4088 482 4152 minum,
514 4097 569 4141 et
609 4087 888 4141 suscitavit
917 4087 994 4141 eis
1024 4088 1282 4141 Dominus
1310 4087 1452 4140 Deus
1481 4085 1810 4140 Salvatorem

240 4179 412 4234 Aiotb
467 4179 634 4233 ﬁlium
673 4178 838 4244 Gera,
883 4181 972 4233 ﬁlii
1020 4179 1262 4244 Gemini,
1316 4179 1488 4234 virum
1535 4179 1811 4232 ambidcx-

243 4279 416 4324 trum.
456 4289 475 4321 1
511 4271 649 4325 Ecce
691 4271 863 4340 qualis
907 4282 989 4324 est
1032 4270 1131 4325 iste
1160 4271 1251 4339 qui
1281 4270 1568 4324 suscitatur
1605 4269 1672 4323 ad
1705 4269 1811 4322 sal-

1927 435 2068 504 quod
2097 433 2392 488 secundum
2424 430 2723 500 Spiritalem
2760 428 3192 497 intelligentiam,
3223 437 3279 482 et
3314 427 3486 481 sancti

1923 541 2112 582 omnes
2139 525 2462 580 ambidextri
2499 525 2753 578 dicantur
2783 540 2798 577 :
2823 532 2878 576 et
2900 521 3205 576 econtrario
3227 519 3486 582 Zabulus,

1926 628 1981 672 et
2037 618 2307 686 principes
2355 617 2506 684 ejus,
2542 616 2589 669 si
2631 615 2734 669 dici
2775 625 2982 684 potest.
3020 612 3372 666 ambisinistri
3406 610 3490 663 die

1923 719 2140 763 cuntur.
2199 709 2392 762 Totum
2442 707 2585 760 enim
2637 707 2775 776 quod
2822 714 3021 775 agunt,
3057 705 3332 758 sinistrum
3364 711 3487 767 est,

1925 810 2094 854 totum
2126 816 2464 869 perversum,
2499 809 2667 854 totum
2698 799 2806 869 igni
2835 808 3062 865 aeterno,
3095 813 3215 852 cum
3250 798 3316 850 iis
3344 798 3483 866 quia

1921 893 2158 947 sinistris
2186 901 2312 946 sunt
2330 933 2344 956 ,
2377 894 2709 961 deputatum.

1993 983 2043 1035 6.
2073 980 2175 1036 Sed
2199 983 2476 1035 videamus
2504 983 2628 1050 quid
2665 981 2778 1049 agit
2809 979 2898 1033 hic
2930 980 3264 1034 amhidexter
3293 979 3481 1047 judex.

1925 1090 1944 1122 1
1986 1069 2266 1134 Miseruut,
2312 1070 2489 1140 inquit
2529 1070 2591 1135 ”,
2627 1070 2718 1122 ﬁlii
2761 1068 2918 1122 Israel
2964 1084 3181 1122 munera
3215 1070 3278 1120 ad
3319 1068 3485 1138 Eglon

1921 1181 2100 1235 regem
2126 1164 2480 1218 Moabitarum
2531 1178 2626 1231 per
2654 1176 2872 1215 manum
2907 1162 3066 1214 Aioth
3089 1205 3102 1226 ,
3135 1171 3189 1214 et
3227 1159 3350 1214 fecit
3380 1163 3482 1214 sibi

1917 1256 2078 1310 Aioth
2113 1253 2346 1324 gladium
2383 1268 2449 1308 ex
2477 1263 2707 1321 utraque
2737 1261 2891 1319 parte
2922 1263 3138 1304 acutum
3178 1252 3366 1319 palmae
3395 1268 3490 1304 ex-

1920 1351 2084 1394 tensae
2132 1341 2505 1408 longitudine,
2557 1353 2609 1394 et
2658 1341 2896 1410 alligavit
2936 1341 3038 1393 sibi
3073 1355 3193 1394 eum
3225 1341 3384 1393 Aioth
3419 1341 3485 1395 ad

1918 1432 2093 1487 femur
2143 1434 2411 1487 dextrum.
2471 1451 2489 1485 1
2548 1432 2710 1486 Vides
2751 1433 2874 1501 quia
2917 1431 3164 1485 dextrum
3215 1441 3292 1485 est
3328 1447 3488 1485 omne

1916 1525 2058 1592 quod
2088 1527 2198 1594 agit
2231 1524 2391 1578 Aioth
2425 1523 2513 1578 hic
2542 1524 2901 1588 ambidcxter,
2935 1533 2987 1577 ct
3021 1523 3268 1577 manibus
3299 1523 3489 1576 dexter

1916 1624 2019 1680 est,
2045 1626 2101 1671 et
2124 1617 2176 1670 in
2211 1615 2436 1685 pedibus
2464 1617 2654 1670 dexter
2677 1627 2781 1670 est.
2809 1616 2863 1668 lu
2888 1615 3094 1668 femore
3121 1615 3262 1668 enim
3295 1615 3487 1668 dextro

1915 1707 2151 1774 gladium
2205 1717 2419 1777 portat,
2465 1718 2524 1762 ut
2569 1710 2750 1762 veniat
2781 1709 2846 1761 ad
2885 1723 3063 1776 regem
3103 1717 3156 1760 et
3194 1707 3486 1760 interﬁciat

1913 1812 2058 1850 eum.
2097 1798 2414 1851 Dixeramus
2446 1797 2498 1850 in
2537 1799 2904 1866 superioribus
2934 1800 3076 1865 quod
3117 1796 3204 1850 isti
3241 1812 3377 1865 quos
3413 1799 3481 1852 ad

1913 1889 2141 1945 salutem
2175 1891 2378 1960 populi,
2413 1901 2466 1945 et
2498 1892 2562 1944 ad
2596 1892 2901 1945 liberandos
2935 1889 3075 1943 tilios
3112 1890 3275 1944 Israel
3312 1893 3483 1946 susci-

1926 1992 2040 2037 tare
2073 1983 2270 2036 dicitur
2297 1983 2436 2037 Deus
2467 1981 2791 2046 salvatores,
2817 1981 2900 2035 vel
2927 1981 3156 2050 judices,
3192 1981 3494 2051 imaginem.

1914 2074 2092 2128 ferant
2133 2074 2437 2144 aliquorum
2481 2073 2782 2146 principum
2819 2090 2883 2128 ex
2928 2074 3132 2128 caelesti
3178 2075 3404 2140 militia,
3430 2084 3488 2130 et

1913 2182 2272 2237 supernarum
2320 2167 2620 2233 virtutum,
2675 2181 2811 2236 quas
2864 2166 2931 2220 ad
2979 2166 3282 2220 subsidium
3338 2168 3482 2222 Deus

1912 2260 2126 2313 emittat
2169 2273 2381 2322 eorum,
2430 2258 2519 2326 qui
2562 2257 2628 2310 ad
2659 2271 2718 2311 se
2750 2264 2862 2309 toto
2890 2256 3056 2310 corde
3091 2256 3441 2310 clamaveriut
3464 2297 3483 2322 ,

1911 2358 1964 2402 et
2018 2363 2112 2418 per
2164 2348 2576 2402 conversionem
2621 2346 2955 2416 pmnitentia:
2992 2346 3232 2398 divinam
3267 2361 3392 2415 erga
3427 2361 3487 2402 se

1914 2441 2253 2496 clementiam
2305 2441 2572 2496 ﬂexerint.
2617 2441 2721 2495 Sed
2760 2440 2864 2494 hoc
2897 2449 2955 2492 ut
2989 2454 3055 2494 ne
3097 2451 3480 2511 prmsumptmn

1915 2536 2056 2602 apud
2091 2533 2370 2588 auditores
2399 2534 2646 2587 videatur
2674 2550 2702 2585 a
2734 2534 2891 2588 nobis
2912 2575 2928 2600 ,
2953 2533 3212 2587 debemus
3237 2548 3301 2586 ex
3337 2533 3486 2586 Scri-

1913 2637 2193 2695 pturarum
2271 2624 2595 2678 auctoritate
2658 2623 2896 2678 ﬁrmare.
2958 2624 3230 2691 Scriptqu
3280 2633 3364 2678 est
3427 2623 3483 2676 iu

1913 2715 2121 2782 Exodo,
2144 2717 2268 2786 quia
2298 2726 2481 2784 patres
2508 2715 2675 2769 nostri
2700 2716 2790 2769 11111
2817 2715 2980 2770 Israel
3011 2731 3132 2768 cum
3165 2715 3484 2769 multotem-

1912 2823 2044 2878 pore
2072 2807 2340 2879 Egyptiis
2373 2820 2430 2862 et
2457 2806 2726 2862 Pharaoni
2760 2809 2872 2878 regi
2898 2808 3189 2863 durissimo
3215 2810 3268 2862 in
3299 2810 3394 2864 luti
3427 2817 3485 2862 et

1915 2902 2100 2957 lateris
2127 2901 2464 2957 confectione
2492 2902 2820 2966 servissent,
2861 2900 3226 2954 clamaverunt
3265 2901 3330 2955 ad
3374 2903 3482 2956 Do-

1919 2995 2148 3060 minum,
2195 2994 2432 3061 inquit,
2464 2994 2536 3047 ita
2585 3003 2644 3047 ut
2696 2995 2810 3062 ipse
2863 2993 3124 3048 Dominus
3158 2994 3361 3048 diceret
3390 2995 3480 3048 ":

1926 3105 1944 3136 1
1975 3086 2186 3142 Clamor
2217 3085 2445 3140 filiorum
2475 3085 2637 3140 Israel
2678 3084 2792 3154 (50)
2855 3087 3096 3141 ascendit
3133 3087 3199 3140 ad
3242 3101 3346 3150 tne,
3380 3106 3400 3140 1
3430 3096 3486 3141 et

1918 3179 2083 3232 misso
2111 3179 2329 3247 quidem
2357 3178 2559 3241 Moseo,
2591 3177 2880 3232 visibililer
2909 3180 3097 3233 eduxit
3132 3194 3246 3235 eos.
3294 3179 3479 3235 Refert

1916 3279 2094 3324 autem
2125 3270 2412 3338 Scriptura
2440 3270 2581 3339 quod
2609 3269 2834 3339 angelus
2862 3270 3257 3324 exterminator
3283 3272 3484 3326 missus

1917 3361 2012 3425 sit,
2039 3361 2128 3429 qui
2156 3369 2399 3416 vastaret
2437 3361 2653 3430 quidem
2689 3361 2870 3416 omnia
2919 3361 3279 3430 primogenita
3307 3361 3479 3431 Egy-

1916 3450 2173 3520 ptiorum,
2193 3451 2558 3506 Israelitarum
2594 3465 2720 3506 vero
2744 3453 3010 3506 neminem
3041 3460 3302 3522 tangeret.
3325 3453 3388 3506 Et
3404 3453 3482 3508 sic

1915 3542 2224 3597 declaratur
2251 3543 2506 3597 virtutem
2553 3541 2720 3596 fuisse
2765 3541 3042 3597 cmlestem
3085 3559 3205 3612 qua:
3249 3544 3480 3598 vastatis

1914 3633 2191 3706 Egyptiis
2227 3647 2284 3692 et
2325 3636 2628 3704 prostratis,
2673 3632 2812 3689 ﬁlios
2848 3633 3014 3690 Israel
3055 3635 3121 3689 de
3143 3633 3274 3704 jugo
3312 3635 3484 3689 servi-

1915 3724 2045 3778 tutis
2072 3724 2279 3778 eduxit.
2311 3723 2500 3778 Simile
2523 3737 2738 3792 quoque
2781 3721 2944 3775 etiam
2994 3719 3124 3774 illud
3162 3722 3395 3774 refertur
3425 3720 3480 3774 in

1913 3815 2330 3884 historiis,quod
2370 3814 2471 3869 sub
2517 3828 2644 3882 rege
2689 3813 3035 3882 Assyriorum
3071 3811 3476 3878 Sennacherih,

1913 3907 2139 3975 angelus
2182 3907 2394 3960 Domini
2437 3905 2670 3958 mittitur
2692 3941 2707 3967 ,
2741 3904 2833 3972 qui
2861 3903 3018 3957 caesis
3050 3905 3148 3956 sub
3181 3918 3283 3955 una
3322 3912 3480 3957 nocte

1911 4007 1966 4055 et
2019 3998 2310 4063 prostratis
2359 4006 2575 4049 centum
2630 3994 2902 4063 octoginta
2953 3993 3192 4066 quinque
3241 3993 3479 4047 millibus

1912 4093 2169 4151 hostium,
2221 4099 2277 4140 et
2324 4087 2511 4140 urbem
2559 4085 2625 4138 de
2667 4084 2946 4138 obsidione
2971 4123 2986 4148 ,
3025 4096 3078 4136 et
3119 4083 3375 4152 populum
3411 4084 3479 4138 de

1913 4179 2214 4237 imminenti
2241 4177 2496 4232 liberaret
2526 4176 2746 4230 interitu
2777 4174 2843 4229 ³⁸.
2869 4174 2944 4227 Ita
2970 4188 3099 4242 ergo
3131 4177 3292 4228 etiam
3329 4190 3475 4229 nunc

1910 4277 2096 4331 eadem
2170 4269 2558 4340 consequentia
2623 4267 2884 4321 debemus
2941 4269 3266 4331 advertere,
3319 4275 3374 4320 ut
3429 4267 3476 4320 si

241 4361 484 4417 vandum
530 4361 692 4415 Israel
725 4379 736 4413 :
785 4361 919 4414 nihil
966 4361 1129 4415 habet
1172 4362 1227 4413 in
1279 4376 1336 4416 se
1375 4359 1680 4412 sinistrum.
1715 4361 1808 4413 sed
1836 4379 1883 4434 ι)
1909 4365 2122 4436 quando
2147 4376 2244 4430 pro
2277 4359 2516 4432 peccatis
2563 4358 2766 4413 nostris
2810 4357 2862 4411 in
2901 4356 3480 4426 captivitatemtradi-

232 4461 525 4517 utramque
575 4461 790 4501 manum
843 4447 1090 4500 dextram
1149 4442 1330 4498 habet.
1377 4441 1490 4498 Hoc
1529 4453 1614 4498 est
1657 4444 1799 4498 enim

233 4541 383 4610 quod
415 4540 614 4594 dicitur
644 4537 1007 4593 ambidexter.
1048 4535 1250 4606 Dignus
1279 4551 1408 4591 vero
1438 4537 1616 4606 populi
1650 4539 1800 4606 prin-

233 4645 401 4698 ceps,
451 4639 505 4684 et
550 4628 808 4683 Ecclesiae
847 4625 1012 4694 judex
1049 4628 1138 4695 qui
1171 4626 1302 4680 nihil
1341 4635 1463 4697 agat
1494 4628 1799 4692 sinistrum,

232 4724 394 4791 cujus
434 4721 562 4790 quid
613 4721 725 4790 agit
769 4720 1027 4783 dextera,
1075 4719 1285 4772 nesciat
1327 4719 1544 4773 sinistra
1580 4735 1709 4788 sua,
1748 4721 1800 4774 in

233 4826 469 4881 utraque
501 4822 655 4882 parte
689 4812 880 4867 dexter
908 4819 1010 4873 est,
1041 4809 1094 4864 in
1126 4811 1228 4864 ﬁde
1255 4809 1445 4865 dexter
1474 4821 1588 4876 est,
1621 4813 1671 4866 in
1707 4828 1800 4866 ac-

232 4908 382 4961 tibus
407 4905 598 4958 dexter
623 4913 740 4968 est,
772 4903 903 4958 nihil
930 4905 1090 4957 habet
1123 4903 1188 4957 de
1215 4903 1319 4958 illis
1349 4905 1438 4974 qui
1466 4906 1804 4959 collocantur

231 5014 260 5050 a
297 4995 573 5058 sinistris,
603 4993 799 5062 quibus
828 4993 1028 5047 dicitur
1074 4991 1119 5023 ³⁰
1165 5009 1180 5047 :
1233 5010 1253 5044 1
1297 4995 1566 5047 Discedite
1607 5010 1636 5048 a
1683 5012 1800 5061 me,

229 5085 470 5156 operarii
509 5084 836 5153 iniquitatis,
865 5083 1045 5138 nescio
1074 5099 1172 5138 vos
1195 5124 1210 5150 ,
1240 5084 1312 5138 ite
1343 5086 1395 5138 in
1429 5086 1606 5156 ignem
1640 5097 1800 5142 teter-

229 5193 364 5233 num
389 5190 550 5245 quem
574 5175 895 5245 praeparavit
918 5175 1058 5230 Deus
1080 5174 1282 5230 Zabulo
1299 5184 1354 5229 et
1378 5177 1582 5246 angelis
1603 5179 1740 5245 ejus.
1776 5197 1795 5230 1

338 5317 384 5350 ³⁵
409 5315 535 5372 Jud.
586 5331 666 5380 111,
697 5315 784 5371 12.

231 5386 420 5444 Matth.
456 5403 584 5450 xxv,
615 5387 703 5441 41.

234 5542 241 5551 '
305 5541 418 5613 (54)
449 5542 665 5625 Quare?
691 5543 855 5601 Deest
888 5542 946 5602 in
985 5551 1145 5599 antea
1180 5541 1358 5614 editt.,
1380 5550 1560 5600 exstat
1585 5558 1714 5601 vero
1745 5544 1799 5600 in

232 5623 640 5685 manuscriptts.

879 5315 924 5348 "
955 5315 1148 5384 Ephes.
1182 5331 1254 5380 tv,
1287 5315 1375 5368 27.
1454 5317 1496 5347 ’⁷
1533 5313 1654 5370 Jud.
1693 5335 1774 5382 Ill,
1809 5317 1878 5372 12
1915 5320 2028 5374 .1‘5.

785 5386 826 5417 ³⁸
857 5383 1092 5451 Jud.m,
1126 5387 1214 5448 I5,
1263 5388 1350 5451 I6,
1426 5386 1512 5441 I7.
1585 5389 1628 5418 “
1655 5389 1822 5447 Exod.
1870 5392 2044 5457 tu“,
2085 5390 2138 5446 9.

1907 4472 2053 4518 mur,
2076 4452 2372 4506 clametnus
2401 4450 2466 4504 ad
2490 4447 2798 4501 Dominum.
2826 4447 3130 4501 Clamemus
3161 4457 3337 4501 autem
3369 4462 3476 4500 non

1906 4560 2024 4606 ore,
2054 4543 2148 4597 sed
2186 4551 2397 4604 mente,
2439 4538 2510 4592 ita
2554 4547 2611 4590 ut
2642 4537 2794 4591 dolor
2821 4538 3000 4592 cordis
3043 4538 3249 4590 fontem
3296 4537 3476 4607 lacry-

1908 4652 2118 4692 marum
2144 4637 2402 4700 producat
2427 4645 2490 4684 ex
2522 4631 2718 4694 oculis,
2746 4631 2887 4684 sicut
2918 4631 3008 4683 ille
3030 4631 3120 4699 qui
3146 4629 3361 4683 dicebat
3383 4629 3428 4660 ³⁸
3459 4646 3474 4682 :

1912 4749 1931 4782 1
1977 4727 2191 4782 Lavabo
2223 4739 2318 4792 per
2343 4723 2584 4794 singulas
2610 4733 2800 4778 noctes
2835 4724 3034 4778 lectum
3069 4738 3269 4789 meum,
3301 4723 3478 4794 Iacry-

1907 4819 2012 4873 mis
2046 4817 2178 4871 meis
2203 4824 2432 4870 stratum
2471 4830 2648 4869 meum
2690 4815 2897 4884 rigaho.
2933 4833 2952 4865 1
3003 4813 3058 4868 Si
3101 4814 3172 4867 ita
3209 4817 3478 4869 converti-

1907 4922 2028 4962 mur
2056 4922 2085 4958 a
2117 4903 2293 4969 malis,
2319 4914 2378 4958 ut
2400 4905 2539 4958 ultra
2567 4920 2674 4960 non
2704 4906 3082 4972 contingamus
3127 4905 3264 4958 mala
3283 4946 3298 4969 ,
3327 4907 3370 4960 si
3403 4907 3473 4960 ita

1913 4997 2228 5054 desinamus
2279 5013 2308 5050 a
2352 4998 2642 5066 superbia,
2688 5006 2749 5050 ut
2783 4996 2919 5049 ultra
2971 4996 3102 5050 nihil
3142 4999 3473 5065 superbmn,

1906 5090 2042 5144 nihil
2066 5105 2330 5160 arrogans
2354 5091 2629 5159 sapiamus
2650 5127 2666 5152 ,
2695 5089 2873 5142 mittet
2891 5089 3052 5142 etiam
3079 5090 3337 5144 Dominus
3363 5091 3476 5143 vir—

1907 5190 2074 5236 tutem
2107 5197 2262 5236 suam
2296 5182 2568 5236 etelestem
2591 5220 2606 5245 ,
2640 5195 2736 5250 per
2760 5195 2925 5250 quam
2950 5180 3246 5235 liberemur
3283 5196 3314 5235 ι
3343 5179 3474 5252 iugo

2130 5321 2176 5352 "
2205 5320 2335 5374 ibid.
2362 5319 2450 5372 14.
2547 5320 2590 5351 ’θ
2647 5317 2773 5371 ibid.
2829 5317 2897 5370 I5
2973 5317 3016 5348 ³⁰
3039 5315 3170 5373 Luc.
3207 5330 3331 5384 xm,
3360 5315 3468 5382 I7;

2215 5391 2259 5422 ³³
2291 5389 2356 5445 IV
2393 5391 2518 5458 Reg.
2568 5403 2675 5442 xix.
2739 5387 2786 5420 "
2813 5387 2954 5442 Psal.
2990 5403 3064 5454 vl,
3103 5389 3154 5442 7.

1978 5546 2086 5615 (55)
2117 5544 2242 5600 Mss.
2277 5565 2293 5598 1
2329 5546 2543 5602 dicitur.
2578 5565 2597 5598 1
2631 5546 2786 5601 Libb.
2814 5545 2961 5610 editi,
2999 5565 3018 5598 (
3047 5545 3198 5600 dixit.
3233 5563 3251 5594 1

1983 5618 2094 5688 (56)
2122 5617 2307 5672 Israel.
2338 5618 2496 5674 Deest
2523 5619 2580 5672 in
2607 5617 2783 5684 editt.,
2815 5617 2910 5672 sed
2931 5617 3159 5673 habetur
3182 5617 3234 5670 in
3262 5630 3392 5672 mss.
