  <div class='ocr_page' id='page_1' title='image "/cluster/home/n/w/nwhite01/storage/ocr_20150623/12/mdp.39015028786690/493.png"; bbox 0 0 4046 6152; ppageno 0'>
   <div class='ocr_carea' id='block_1_1' title="bbox 551 179 656 235">
    <p class='ocr_par' dir='ltr' id='par_1_1' title="bbox 551 179 656 235">
     <span class='ocr_line' id='line_1_1' title="bbox 551 179 656 235; baseline -0.038 1"><span class='ocrx_word' id='word_1_1' title='bbox 551 179 656 235; x_wconf 84' lang='grc'><strong>967</strong></span> 
     </span>
    </p>
   </div>
   <div class='ocr_carea' id='block_1_2' title="bbox 552 260 2205 350">
    <p class='ocr_par' dir='ltr' id='par_1_2' title="bbox 552 260 2205 350">
     <span class='ocr_line' id='line_1_2' title="bbox 552 260 2205 350; baseline -0.024 -1"><span class='ocrx_word' id='word_1_2' title='bbox 552 290 832 349; x_wconf 90' lang='lat' dir='ltr'><strong>servitutis</strong></span> <span class='ocrx_word' id='word_1_3' title='bbox 878 285 1152 341; x_wconf 76' lang='lat' dir='ltr'><strong>Zahulicm</strong></span> <span class='ocrx_word' id='word_1_4' title='bbox 1201 299 1216 337; x_wconf 89' lang='lat'><strong>:</strong></span> <span class='ocrx_word' id='word_1_5' title='bbox 1260 294 1381 350; x_wconf 70' lang='lat' dir='ltr'><strong>quae</strong></span> <span class='ocrx_word' id='word_1_6' title='bbox 1425 278 1600 330; x_wconf 82' lang='lat' dir='ltr'><strong>virtus</strong></span> <span class='ocrx_word' id='word_1_7' title='bbox 1632 271 1814 327; x_wconf 84' lang='lat' dir='ltr'><strong>omnia</strong></span> <span class='ocrx_word' id='word_1_8' title='bbox 1848 281 1944 339; x_wconf 89' lang='lat' dir='ltr'><strong>pro</strong></span> <span class='ocrx_word' id='word_1_9' title='bbox 1976 260 2131 317; x_wconf 91' lang='lat' dir='ltr'><strong>nobis</strong></span> <span class='ocrx_word' id='word_1_10' title='bbox 2161 262 2205 318; x_wconf 79' lang='grc' dir='ltr'><strong>Α</strong></span> 
     </span>
    </p>
   </div>
   <div class='ocr_carea' id='block_1_3' title="bbox 555 360 2129 457">
    <p class='ocr_par' dir='ltr' id='par_1_3' title="bbox 555 360 2129 457">
     <span class='ocr_line' id='line_1_3' title="bbox 555 360 2129 457; baseline -0.021 -16"><span class='ocrx_word' id='word_1_11' title='bbox 555 398 678 457; x_wconf 84' lang='lat' dir='ltr'><strong>agat</strong></span> <span class='ocrx_word' id='word_1_12' title='bbox 701 386 888 436; x_wconf 83' lang='lat' dir='ltr'><strong>dextra</strong></span> <span class='ocrx_word' id='word_1_13' title='bbox 928 390 984 433; x_wconf 92' lang='lat' dir='ltr'><strong>et</strong></span> <span class='ocrx_word' id='word_1_14' title='bbox 1016 389 1268 447; x_wconf 88' lang='lat' dir='ltr'><strong>prospera</strong></span> <span class='ocrx_word' id='word_1_15' title='bbox 1293 413 1308 437; x_wconf 94' lang='lat'><strong>,</strong></span> <span class='ocrx_word' id='word_1_16' title='bbox 1340 386 1463 442; x_wconf 70' lang='lat' dir='ltr'><strong>quin</strong></span> <span class='ocrx_word' id='word_1_17' title='bbox 1493 368 1657 422; x_wconf 84' lang='lat' dir='ltr'><strong>faciat</strong></span> <span class='ocrx_word' id='word_1_18' title='bbox 1687 379 1788 418; x_wconf 91' lang='lat' dir='ltr'><strong>nos</strong></span> <span class='ocrx_word' id='word_1_19' title='bbox 1823 360 2129 426; x_wconf 80' lang='lat' dir='ltr'><strong>relinquere</strong></span> 
     </span>
    </p>
   </div>
   <div class='ocr_carea' id='block_1_4' title="bbox 553 453 2130 543">
    <p class='ocr_par' dir='ltr' id='par_1_4' title="bbox 553 453 2130 543">
     <span class='ocr_line' id='line_1_4' title="bbox 553 453 2130 543; baseline -0.021 -10"><span class='ocrx_word' id='word_1_20' title='bbox 553 453 698 533; x_wconf 78' lang='lat' dir='ltr'><strong>viam</strong></span> <span class='ocrx_word' id='word_1_21' title='bbox 731 473 844 543; x_wconf 78' lang='lat'><strong>(57)</strong></span> <span class='ocrx_word' id='word_1_22' title='bbox 878 471 1174 532; x_wconf 86' lang='lat' dir='ltr'><strong>sinistram,</strong></span> <span class='ocrx_word' id='word_1_23' title='bbox 1224 481 1344 535; x_wconf 69' lang='lat' dir='ltr'><strong>qua:</strong></span> <span class='ocrx_word' id='word_1_24' title='bbox 1384 461 1533 515; x_wconf 74' lang='lat' dir='ltr'><strong>ducit</strong></span> <span class='ocrx_word' id='word_1_25' title='bbox 1562 459 1614 511; x_wconf 93' lang='lat' dir='ltr'><strong>in</strong></span> <span class='ocrx_word' id='word_1_26' title='bbox 1651 453 2044 525; x_wconf 87' lang='lat' dir='ltr'><strong>perditionem,</strong></span> <span class='ocrx_word' id='word_1_27' title='bbox 2075 457 2130 502; x_wconf 85' lang='lat' dir='ltr'><strong>et</strong></span> 
     </span>
    </p>
   </div>
   <div class='ocr_carea' id='block_1_5' title="bbox 559 539 2128 625">
    <p class='ocr_par' dir='ltr' id='par_1_5' title="bbox 559 539 2128 625">
     <span class='ocr_line' id='line_1_5' title="bbox 559 539 2128 625; baseline -0.021 0"><span class='ocrx_word' id='word_1_28' title='bbox 559 575 775 625; x_wconf 76' lang='lat' dir='ltr'><strong>revocet</strong></span> <span class='ocrx_word' id='word_1_29' title='bbox 821 579 919 618; x_wconf 92' lang='lat' dir='ltr'><strong>nos</strong></span> <span class='ocrx_word' id='word_1_30' title='bbox 961 563 1028 614; x_wconf 88' lang='lat' dir='ltr'><strong>ad</strong></span> <span class='ocrx_word' id='word_1_31' title='bbox 1078 573 1264 613; x_wconf 81' lang='lat' dir='ltr'><strong>veram</strong></span> <span class='ocrx_word' id='word_1_32' title='bbox 1317 555 1500 615; x_wconf 90' lang='lat' dir='ltr'><strong>viam,</strong></span> <span class='ocrx_word' id='word_1_33' title='bbox 1558 549 1707 602; x_wconf 90' lang='lat' dir='ltr'><strong>illum</strong></span> <span class='ocrx_word' id='word_1_34' title='bbox 1737 545 1827 615; x_wconf 90' lang='lat' dir='ltr'><strong>qui</strong></span> <span class='ocrx_word' id='word_1_35' title='bbox 1883 541 2012 595; x_wconf 80' lang='lat' dir='ltr'><strong>dicit</strong></span> <span class='ocrx_word' id='word_1_36' title='bbox 2040 539 2128 592; x_wconf 74' lang='grc' dir='ltr'><strong>πε</strong></span> 
     </span>
    </p>
   </div>
   <div class='ocr_carea' id='block_1_6' title="bbox 566 630 2132 728">
    <p class='ocr_par' dir='ltr' id='par_1_6' title="bbox 566 630 2132 728">
     <span class='ocr_line' id='line_1_6' title="bbox 566 630 2132 728; baseline -0.021 -16"><span class='ocrx_word' id='word_1_37' title='bbox 566 681 584 711; x_wconf 76' lang='grc' dir='ltr'><strong>ι</strong></span> <span class='ocrx_word' id='word_1_38' title='bbox 623 659 735 728; x_wconf 85' lang='lat' dir='ltr'><strong>Ego</strong></span> <span class='ocrx_word' id='word_1_39' title='bbox 765 669 882 710; x_wconf 84' lang='lat' dir='ltr'><strong>sum</strong></span> <span class='ocrx_word' id='word_1_40' title='bbox 924 653 1036 715; x_wconf 91' lang='lat' dir='ltr'><strong>via,</strong></span> <span class='ocrx_word' id='word_1_41' title='bbox 1075 649 1301 710; x_wconf 84' lang='lat' dir='ltr'><strong>veritas,</strong></span> <span class='ocrx_word' id='word_1_42' title='bbox 1329 653 1381 699; x_wconf 91' lang='lat' dir='ltr'><strong>et</strong></span> <span class='ocrx_word' id='word_1_43' title='bbox 1413 642 1544 706; x_wconf 89' lang='lat' dir='ltr'><strong>vita,</strong></span> <span class='ocrx_word' id='word_1_44' title='bbox 1577 657 1594 690; x_wconf 77' lang='grc' dir='ltr'><strong>ι</strong></span> <span class='ocrx_word' id='word_1_45' title='bbox 1631 637 1814 692; x_wconf 84' lang='lat' dir='ltr'><strong>Jesum</strong></span> <span class='ocrx_word' id='word_1_46' title='bbox 1858 630 2132 686; x_wconf 86' lang='lat' dir='ltr'><strong>Christum</strong></span> 
     </span>
    </p>
   </div>
   <div class='ocr_carea' id='block_1_7' title="bbox 563 720 2134 806">
    <p class='ocr_par' dir='ltr' id='par_1_7' title="bbox 563 720 2134 806">
     <span class='ocr_line' id='line_1_7' title="bbox 563 720 2134 806; baseline -0.021 -1"><span class='ocrx_word' id='word_1_47' title='bbox 563 751 852 806; x_wconf 90' lang='lat' dir='ltr'><strong>Dominum</strong></span> <span class='ocrx_word' id='word_1_48' title='bbox 902 752 1170 805; x_wconf 89' lang='lat' dir='ltr'><strong>nostrum,</strong></span> <span class='ocrx_word' id='word_1_49' title='bbox 1209 739 1296 793; x_wconf 92' lang='lat' dir='ltr'><strong>cui</strong></span> <span class='ocrx_word' id='word_1_50' title='bbox 1339 744 1421 790; x_wconf 89' lang='lat' dir='ltr'><strong>est</strong></span> <span class='ocrx_word' id='word_1_51' title='bbox 1456 733 1630 803; x_wconf 82' lang='lat' dir='ltr'><strong>gloria</strong></span> <span class='ocrx_word' id='word_1_52' title='bbox 1663 737 1720 784; x_wconf 89' lang='lat' dir='ltr'><strong>et</strong></span> <span class='ocrx_word' id='word_1_53' title='bbox 1755 724 2042 794; x_wconf 84' lang='lat' dir='ltr'><strong>imperium</strong></span> <span class='ocrx_word' id='word_1_54' title='bbox 2079 720 2134 773; x_wconf 90' lang='lat' dir='ltr'><strong>in</strong></span> 
     </span>
    </p>
   </div>
   <div class='ocr_carea' id='block_1_8' title="bbox 567 832 1365 896">
    <p class='ocr_par' dir='ltr' id='par_1_8' title="bbox 567 832 1365 896">
     <span class='ocr_line' id='line_1_8' title="bbox 567 832 1365 896; baseline -0.021 0"><span class='ocrx_word' id='word_1_55' title='bbox 567 840 764 896; x_wconf 59' lang='lat' dir='ltr'><strong>secula</strong></span> <span class='ocrx_word' id='word_1_56' title='bbox 794 836 1136 893; x_wconf 74' lang='lat' dir='ltr'><strong>sicculorum.</strong></span> <span class='ocrx_word' id='word_1_57' title='bbox 1168 832 1365 884; x_wconf 84' lang='lat' dir='ltr'><strong>Amen.</strong></span> 
     </span>
    </p>
   </div>
   <div class='ocr_carea' id='block_1_9' title="bbox 1151 934 1550 998">
    <p class='ocr_par' dir='ltr' id='par_1_9' title="bbox 1151 934 1550 998">
     <span class='ocr_line' id='line_1_9' title="bbox 1151 934 1550 998; baseline -0.023 0"><span class='ocrx_word' id='word_1_58' title='bbox 1151 937 1428 998; x_wconf 81' lang='lat' dir='ltr'><strong>llOMlLlA</strong></span> <span class='ocrx_word' id='word_1_59' title='bbox 1462 934 1550 990; x_wconf 85' lang='lat' dir='ltr'><strong>lV.</strong></span> 
     </span>
    </p>
   </div>
   <div class='ocr_carea' id='block_1_10' title="bbox 567 1014 2141 1153">
    <p class='ocr_par' dir='ltr' id='par_1_10' title="bbox 567 1014 2141 1153">
     <span class='ocr_line' id='line_1_10' title="bbox 567 1014 2141 1153; baseline -0.025 -49"><span class='ocrx_word' id='word_1_60' title='bbox 567 1048 644 1102; x_wconf 84' lang='lat' dir='ltr'><strong>De</strong></span> <span class='ocrx_word' id='word_1_61' title='bbox 674 1045 958 1112; x_wconf 87' lang='lat' dir='ltr'><strong>Semegar,</strong></span> <span class='ocrx_word' id='word_1_62' title='bbox 1003 1051 1050 1092; x_wconf 87' lang='lat' dir='ltr'><strong>et</strong></span> <span class='ocrx_word' id='word_1_63' title='bbox 1088 1034 1283 1094; x_wconf 81' lang='lat' dir='ltr'><strong>Jabin,</strong></span> <span class='ocrx_word' id='word_1_64' title='bbox 1315 1041 1369 1153; x_wconf 51' lang='lat' dir='ltr'><strong>ita):</strong></span> <span class='ocrx_word' id='word_1_65' title='bbox 1407 1027 1624 1091; x_wconf 81' lang='lat' dir='ltr'><strong>Sisara,</strong></span> <span class='ocrx_word' id='word_1_66' title='bbox 1670 1031 1717 1076; x_wconf 79' lang='lat' dir='ltr'><strong>et</strong></span> <span class='ocrx_word' id='word_1_67' title='bbox 1759 1018 1957 1074; x_wconf 61' lang='lat' dir='ltr'><strong>celeris</strong></span> <span class='ocrx_word' id='word_1_68' title='bbox 1987 1014 2141 1086; x_wconf 87' lang='lat' dir='ltr'><strong>judi-</strong></span> 
     </span>
     <span class='ocr_line' id='line_1_11' title="bbox 1276 1117 1440 1153; baseline -0.012 0"><span class='ocrx_word' id='word_1_69' title='bbox 1276 1118 1321 1153; x_wconf 79' lang='grc' dir='ltr'>ει</span> <span class='ocrx_word' id='word_1_70' title='bbox 1363 1117 1440 1152; x_wconf 83' lang='lat' dir='ltr'><strong>us.</strong></span> 
     </span>
    </p>
   </div>
   <div class='ocr_carea' id='block_1_11' title="bbox 1276 1117 1440 1154">
    <p class='ocr_par' dir='ltr' id='par_1_11' title="bbox 1276 1117 1440 1154">
     <span class='ocr_line' id='line_1_12' title="bbox 1276 1117 1440 1154; baseline -0.018 0"><span class='ocrx_word' id='word_1_71' title='bbox 1276 1117 1440 1154; x_wconf 73' lang='grc' dir='ltr'>ειυιιε.</span> 
     </span>
    </p>
   </div>
   <div class='ocr_carea' id='block_1_12' title="bbox 643 1198 2140 1294">
    <p class='ocr_par' dir='ltr' id='par_1_12' title="bbox 643 1198 2140 1294">
     <span class='ocr_line' id='line_1_13' title="bbox 643 1198 2140 1294; baseline -0.025 -8"><span class='ocrx_word' id='word_1_72' title='bbox 643 1233 695 1286; x_wconf 74' lang='grc'><strong>1.</strong></span> <span class='ocrx_word' id='word_1_73' title='bbox 759 1221 1118 1294; x_wconf 81' lang='lat' dir='ltr'><strong>Conjungitur</strong></span> <span class='ocrx_word' id='word_1_74' title='bbox 1178 1213 1505 1289; x_wconf 88' lang='lat' dir='ltr'><strong>principatui</strong></span> <span class='ocrx_word' id='word_1_75' title='bbox 1558 1206 1716 1263; x_wconf 72' lang='lat' dir='ltr'><strong>Aioth</strong></span> <span class='ocrx_word' id='word_1_76' title='bbox 1777 1198 2140 1260; x_wconf 76' lang='lat' dir='ltr'><strong>amhidextri,</strong></span> 
     </span>
    </p>
   </div>
   <div class='ocr_carea' id='block_1_13' title="bbox 569 1291 2140 1395">
    <p class='ocr_par' dir='ltr' id='par_1_13' title="bbox 569 1291 2140 1395">
     <span class='ocr_line' id='line_1_14' title="bbox 569 1291 2140 1395; baseline -0.022 -19"><span class='ocrx_word' id='word_1_77' title='bbox 569 1325 904 1395; x_wconf 74' lang='lat' dir='ltr'><strong>principatus</strong></span> <span class='ocrx_word' id='word_1_78' title='bbox 933 1314 1241 1384; x_wconf 84' lang='lat' dir='ltr'><strong>Semegadi.</strong></span> <span class='ocrx_word' id='word_1_79' title='bbox 1276 1310 1382 1362; x_wconf 90' lang='lat' dir='ltr'><strong>Sed</strong></span> <span class='ocrx_word' id='word_1_80' title='bbox 1417 1305 1696 1360; x_wconf 90' lang='lat' dir='ltr'><strong>videamus</strong></span> <span class='ocrx_word' id='word_1_81' title='bbox 1725 1297 1954 1364; x_wconf 88' lang='lat' dir='ltr'><strong>qualiter</strong></span> <span class='ocrx_word' id='word_1_82' title='bbox 1981 1291 2140 1346; x_wconf 85' lang='lat' dir='ltr'><strong>Aioth</strong></span> 
     </span>
    </p>
   </div>
   <div class='ocr_carea' id='block_1_14' title="bbox 571 1385 2143 1485">
    <p class='ocr_par' dir='ltr' id='par_1_14' title="bbox 571 1385 2143 1485">
     <span class='ocr_line' id='line_1_15' title="bbox 571 1385 2143 1485; baseline -0.024 -14"><span class='ocrx_word' id='word_1_83' title='bbox 571 1417 662 1485; x_wconf 96' lang='lat' dir='ltr'><strong>qui</strong></span> <span class='ocrx_word' id='word_1_84' title='bbox 690 1385 1078 1479; x_wconf 74' lang='lat' dir='ltr'><strong>interpretatur</strong></span> <span class='ocrx_word' id='word_1_85' title='bbox 1105 1406 1223 1457; x_wconf 76' lang='lat' dir='ltr'><strong>laus</strong></span> <span class='ocrx_word' id='word_1_86' title='bbox 1257 1398 1392 1471; x_wconf 71' lang='lat'><strong>(:38),</strong></span> <span class='ocrx_word' id='word_1_87' title='bbox 1425 1391 1756 1450; x_wconf 87' lang='lat' dir='ltr'><strong>concluserit</strong></span> <span class='ocrx_word' id='word_1_88' title='bbox 1785 1385 2143 1458; x_wconf 86' lang='lat' dir='ltr'><strong>principatum</strong></span> 
     </span>
    </p>
   </div>
   <div class='ocr_carea' id='block_1_15' title="bbox 575 1479 2147 1563">
    <p class='ocr_par' dir='ltr' id='par_1_15' title="bbox 575 1479 2147 1563">
     <span class='ocr_line' id='line_1_16' title="bbox 575 1479 2147 1563; baseline -0.024 0"><span class='ocrx_word' id='word_1_89' title='bbox 575 1525 756 1563; x_wconf 92' lang='lat' dir='ltr'><strong>suum.</strong></span> <span class='ocrx_word' id='word_1_90' title='bbox 807 1501 1040 1558; x_wconf 92' lang='lat' dir='ltr'><strong>llistoria</strong></span> <span class='ocrx_word' id='word_1_91' title='bbox 1083 1513 1181 1551; x_wconf 89' lang='lat' dir='ltr'><strong>nos</strong></span> <span class='ocrx_word' id='word_1_92' title='bbox 1215 1491 1429 1548; x_wconf 84' lang='lat' dir='ltr'><strong>edocuit</strong></span> <span class='ocrx_word' id='word_1_93' title='bbox 1466 1503 1529 1542; x_wconf 90' lang='lat' dir='ltr'><strong>ea</strong></span> <span class='ocrx_word' id='word_1_94' title='bbox 1561 1501 1680 1554; x_wconf 62' lang='lat' dir='ltr'><strong>quae</strong></span> <span class='ocrx_word' id='word_1_95' title='bbox 1712 1485 1778 1536; x_wconf 91' lang='lat' dir='ltr'><strong>de</strong></span> <span class='ocrx_word' id='word_1_96' title='bbox 1811 1479 1977 1550; x_wconf 87' lang='lat' dir='ltr'><strong>Eglon</strong></span> <span class='ocrx_word' id='word_1_97' title='bbox 2019 1489 2147 1541; x_wconf 84' lang='lat' dir='ltr'><strong>rege</strong></span> 
     </span>
    </p>
   </div>
   <div class='ocr_carea' id='block_1_16' title="bbox 573 1567 2224 1670">
    <p class='ocr_par' dir='ltr' id='par_1_16' title="bbox 573 1567 2224 1670">
     <span class='ocr_line' id='line_1_17' title="bbox 573 1567 2224 1670; baseline -0.024 -14"><span class='ocrx_word' id='word_1_98' title='bbox 573 1603 775 1670; x_wconf 79' lang='lat' dir='ltr'><strong>scripta</strong></span> <span class='ocrx_word' id='word_1_99' title='bbox 854 1603 1013 1657; x_wconf 88' lang='lat' dir='ltr'><strong>sunt,</strong></span> <span class='ocrx_word' id='word_1_100' title='bbox 1070 1585 1342 1659; x_wconf 89' lang='lat' dir='ltr'><strong>quomodo</strong></span> <span class='ocrx_word' id='word_1_101' title='bbox 1386 1575 1816 1649; x_wconf 82' lang='lat' dir='ltr'><strong>sapientissimus</strong></span> <span class='ocrx_word' id='word_1_102' title='bbox 1866 1571 1954 1626; x_wconf 92' lang='lat' dir='ltr'><strong>hic</strong></span> <span class='ocrx_word' id='word_1_103' title='bbox 1991 1567 2144 1622; x_wconf 85' lang='lat' dir='ltr'><strong>Aioth</strong></span> <span class='ocrx_word' id='word_1_104' title='bbox 2181 1613 2224 1668; x_wconf 71' lang='grc' dir='ltr'><strong>Β</strong></span> 
     </span>
    </p>
   </div>
   <div class='ocr_carea' id='block_1_17' title="bbox 575 1658 2136 1760">
    <p class='ocr_par' dir='ltr' id='par_1_17' title="bbox 575 1658 2136 1760">
     <span class='ocr_line' id='line_1_18' title="bbox 575 1658 2136 1760; baseline -0.024 -13"><span class='ocrx_word' id='word_1_105' title='bbox 575 1702 691 1746; x_wconf 87' lang='lat' dir='ltr'><strong>arte</strong></span> <span class='ocrx_word' id='word_1_106' title='bbox 718 1689 973 1760; x_wconf 87' lang='lat' dir='ltr'><strong>quadam,</strong></span> <span class='ocrx_word' id='word_1_107' title='bbox 1009 1693 1098 1746; x_wconf 89' lang='lat' dir='ltr'><strong>et,</strong></span> <span class='ocrx_word' id='word_1_108' title='bbox 1137 1689 1195 1733; x_wconf 92' lang='lat' dir='ltr'><strong>ut</strong></span> <span class='ocrx_word' id='word_1_109' title='bbox 1236 1679 1306 1731; x_wconf 90' lang='lat' dir='ltr'><strong>ita</strong></span> <span class='ocrx_word' id='word_1_110' title='bbox 1338 1676 1539 1735; x_wconf 88' lang='lat' dir='ltr'><strong>dicam,</strong></span> <span class='ocrx_word' id='word_1_111' title='bbox 1574 1665 1793 1727; x_wconf 90' lang='lat' dir='ltr'><strong>callida,</strong></span> <span class='ocrx_word' id='word_1_112' title='bbox 1826 1662 1920 1717; x_wconf 91' lang='lat' dir='ltr'><strong>sed</strong></span> <span class='ocrx_word' id='word_1_113' title='bbox 1951 1658 2136 1713; x_wconf 84' lang='lat' dir='ltr'><strong>lauda-</strong></span> 
     </span>
    </p>
   </div>
   <div class='ocr_carea' id='block_1_18' title="bbox 575 1759 2140 1844">
    <p class='ocr_par' dir='ltr' id='par_1_18' title="bbox 575 1759 2140 1844">
     <span class='ocr_line' id='line_1_19' title="bbox 575 1759 2140 1844; baseline -0.025 -5"><span class='ocrx_word' id='word_1_114' title='bbox 575 1785 670 1839; x_wconf 87' lang='lat' dir='ltr'><strong>bili</strong></span> <span class='ocrx_word' id='word_1_115' title='bbox 715 1759 840 1835; x_wconf 85' lang='lat' dir='ltr'><strong>usus</strong></span> <span class='ocrx_word' id='word_1_116' title='bbox 880 1774 1198 1844; x_wconf 89' lang='lat' dir='ltr'><strong>deceptione</strong></span> <span class='ocrx_word' id='word_1_117' title='bbox 1235 1764 1573 1823; x_wconf 89' lang='lat' dir='ltr'><strong>interemerit</strong></span> <span class='ocrx_word' id='word_1_118' title='bbox 1614 1759 1784 1829; x_wconf 87' lang='lat' dir='ltr'><strong>Eglon</strong></span> <span class='ocrx_word' id='word_1_119' title='bbox 1817 1765 2140 1825; x_wconf 86' lang='lat' dir='ltr'><strong>tyrannum,</strong></span> 
     </span>
    </p>
   </div>
   <div class='ocr_carea' id='block_1_19' title="bbox 579 1842 2147 1948">
    <p class='ocr_par' dir='ltr' id='par_1_19' title="bbox 579 1842 2147 1948">
     <span class='ocr_line' id='line_1_20' title="bbox 579 1842 2147 1948; baseline -0.027 -15"><span class='ocrx_word' id='word_1_120' title='bbox 579 1877 673 1948; x_wconf 87' lang='lat' dir='ltr'><strong>qui</strong></span> <span class='ocrx_word' id='word_1_121' title='bbox 730 1842 1120 1940; x_wconf 75' lang='lat' dir='ltr'><strong>interpretatur</strong></span> <span class='ocrx_word' id='word_1_122' title='bbox 1143 1872 1345 1915; x_wconf 66' lang='lat' dir='ltr'><strong>rotatu;</strong></span> <span class='ocrx_word' id='word_1_123' title='bbox 1394 1857 1478 1908; x_wconf 72' lang='lat' dir='ltr'><strong>vel</strong></span> <span class='ocrx_word' id='word_1_124' title='bbox 1529 1852 1696 1906; x_wconf 79' lang='lat' dir='ltr'><strong>orbita</strong></span> <span class='ocrx_word' id='word_1_125' title='bbox 1744 1847 1879 1918; x_wconf 83' lang='lat'><strong>(59).</strong></span> <span class='ocrx_word' id='word_1_126' title='bbox 1923 1842 2147 1910; x_wconf 82' lang='lat' dir='ltr'><strong>Oportet</strong></span> 
     </span>
    </p>
   </div>
   <div class='ocr_carea' id='block_1_20' title="bbox 578 1927 2149 2037">
    <p class='ocr_par' dir='ltr' id='par_1_20' title="bbox 578 1927 2149 2037">
     <span class='ocr_line' id='line_1_21' title="bbox 578 1927 2149 2037; baseline -0.029 -13"><span class='ocrx_word' id='word_1_127' title='bbox 578 1927 708 2037; x_wconf 67' lang='lat' dir='ltr'><strong>ergo</strong></span> <span class='ocrx_word' id='word_1_128' title='bbox 745 1927 894 2017; x_wconf 50' lang='lat' dir='ltr'><strong>tales.</strong></span> <span class='ocrx_word' id='word_1_129' title='bbox 912 1970 1031 2014; x_wconf 89' lang='lat' dir='ltr'><strong>esse</strong></span> <span class='ocrx_word' id='word_1_130' title='bbox 1071 1965 1125 2008; x_wconf 89' lang='lat' dir='ltr'><strong>et</strong></span> <span class='ocrx_word' id='word_1_131' title='bbox 1153 1949 1324 2006; x_wconf 88' lang='lat' dir='ltr'><strong>nostri</strong></span> <span class='ocrx_word' id='word_1_132' title='bbox 1371 1943 1551 2016; x_wconf 89' lang='lat' dir='ltr'><strong>populi</strong></span> <span class='ocrx_word' id='word_1_133' title='bbox 1580 1939 1815 2010; x_wconf 71' lang='lat' dir='ltr'><strong>iudices,</strong></span> <span class='ocrx_word' id='word_1_134' title='bbox 1845 1931 2019 2002; x_wconf 80' lang='lat' dir='ltr'><strong>qualis</strong></span> <span class='ocrx_word' id='word_1_135' title='bbox 2049 1927 2149 1980; x_wconf 89' lang='lat' dir='ltr'><strong>fuit</strong></span> 
     </span>
    </p>
   </div>
   <div class='ocr_carea' id='block_1_21' title="bbox 581 2019 2147 2120">
    <p class='ocr_par' dir='ltr' id='par_1_21' title="bbox 581 2019 2147 2120">
     <span class='ocr_line' id='line_1_22' title="bbox 581 2019 2147 2120; baseline -0.028 -5"><span class='ocrx_word' id='word_1_136' title='bbox 581 2058 744 2114; x_wconf 79' lang='lat' dir='ltr'><strong>Aioth</strong></span> <span class='ocrx_word' id='word_1_137' title='bbox 779 2056 879 2109; x_wconf 89' lang='lat' dir='ltr'><strong>iste</strong></span> <span class='ocrx_word' id='word_1_138' title='bbox 911 2051 1000 2120; x_wconf 91' lang='lat' dir='ltr'><strong>qui</strong></span> <span class='ocrx_word' id='word_1_139' title='bbox 1045 2049 1438 2112; x_wconf 86' lang='lat' dir='ltr'><strong>interpretatur</strong></span> <span class='ocrx_word' id='word_1_140' title='bbox 1472 2036 1624 2094; x_wconf 80' lang='lat' dir='ltr'><strong>laus,</strong></span> <span class='ocrx_word' id='word_1_141' title='bbox 1667 2039 1724 2082; x_wconf 91' lang='lat' dir='ltr'><strong>ut</strong></span> <span class='ocrx_word' id='word_1_142' title='bbox 1761 2039 1950 2080; x_wconf 90' lang='lat' dir='ltr'><strong>omnes</strong></span> <span class='ocrx_word' id='word_1_143' title='bbox 1993 2019 2147 2073; x_wconf 84' lang='lat' dir='ltr'><strong>volu—</strong></span> 
     </span>
    </p>
   </div>
   <div class='ocr_carea' id='block_1_22' title="bbox 581 2115 2155 2205">
    <p class='ocr_par' dir='ltr' id='par_1_22' title="bbox 581 2115 2155 2205">
     <span class='ocr_line' id='line_1_23' title="bbox 581 2115 2155 2205; baseline -0.029 1"><span class='ocrx_word' id='word_1_144' title='bbox 581 2149 720 2205; x_wconf 84' lang='lat' dir='ltr'><strong>biles</strong></span> <span class='ocrx_word' id='word_1_145' title='bbox 759 2154 937 2200; x_wconf 89' lang='lat' dir='ltr'><strong>motus</strong></span> <span class='ocrx_word' id='word_1_146' title='bbox 978 2149 1031 2194; x_wconf 90' lang='lat' dir='ltr'><strong>et</strong></span> <span class='ocrx_word' id='word_1_147' title='bbox 1081 2135 1288 2189; x_wconf 86' lang='lat' dir='ltr'><strong>orbitas</strong></span> <span class='ocrx_word' id='word_1_148' title='bbox 1341 2126 1468 2181; x_wconf 89' lang='lat' dir='ltr'><strong>mali</strong></span> <span class='ocrx_word' id='word_1_149' title='bbox 1514 2120 1730 2176; x_wconf 90' lang='lat' dir='ltr'><strong>itineris</strong></span> <span class='ocrx_word' id='word_1_150' title='bbox 1773 2115 2056 2172; x_wconf 84' lang='lat' dir='ltr'><strong>excidant,</strong></span> <span class='ocrx_word' id='word_1_151' title='bbox 2099 2117 2155 2162; x_wconf 91' lang='lat' dir='ltr'><strong>et</strong></span> 
     </span>
    </p>
   </div>
   <div class='ocr_carea' id='block_1_23' title="bbox 581 2204 2156 2312">
    <p class='ocr_par' dir='ltr' id='par_1_23' title="bbox 581 2204 2156 2312">
     <span class='ocr_line' id='line_1_24' title="bbox 581 2204 2156 2312; baseline -0.029 -16"><span class='ocrx_word' id='word_1_152' title='bbox 581 2240 854 2312; x_wconf 89' lang='lat' dir='ltr'><strong>perimant</strong></span> <span class='ocrx_word' id='word_1_153' title='bbox 879 2229 1235 2286; x_wconf 81' lang='lat' dir='ltr'><strong>llloahitarunt</strong></span> <span class='ocrx_word' id='word_1_154' title='bbox 1269 2235 1473 2288; x_wconf 80' lang='lat' dir='ltr'><strong>regem.</strong></span> <span class='ocrx_word' id='word_1_155' title='bbox 1504 2213 1755 2267; x_wconf 77' lang='lat' dir='ltr'><strong>Moabita:</strong></span> <span class='ocrx_word' id='word_1_156' title='bbox 1783 2218 1962 2260; x_wconf 88' lang='lat' dir='ltr'><strong>autem</strong></span> <span class='ocrx_word' id='word_1_157' title='bbox 1996 2204 2156 2254; x_wconf 88' lang='lat' dir='ltr'><strong>inter-</strong></span> 
     </span>
    </p>
   </div>
   <div class='ocr_carea' id='block_1_24' title="bbox 583 2293 2156 2402">
    <p class='ocr_par' dir='ltr' id='par_1_24' title="bbox 583 2293 2156 2402">
     <span class='ocr_line' id='line_1_25' title="bbox 583 2293 2156 2402; baseline -0.027 -15"><span class='ocrx_word' id='word_1_158' title='bbox 583 2293 864 2402; x_wconf 67' lang='lat' dir='ltr'><strong>pretantur</strong></span> <span class='ocrx_word' id='word_1_159' title='bbox 892 2324 1068 2394; x_wconf 72' lang='lat' dir='ltr'><strong>ﬂuxus</strong></span> <span class='ocrx_word' id='word_1_160' title='bbox 1103 2316 1187 2370; x_wconf 91' lang='lat' dir='ltr'><strong>vel</strong></span> <span class='ocrx_word' id='word_1_161' title='bbox 1224 2312 1410 2382; x_wconf 75' lang='lat' dir='ltr'><strong>e/Iusio</strong></span> <span class='ocrx_word' id='word_1_162' title='bbox 1443 2307 1575 2376; x_wconf 82' lang='lat'><strong>(60).</strong></span> <span class='ocrx_word' id='word_1_163' title='bbox 1609 2302 1777 2369; x_wconf 85' lang='lat' dir='ltr'><strong>llnjus</strong></span> <span class='ocrx_word' id='word_1_164' title='bbox 1806 2298 1968 2367; x_wconf 82' lang='lat' dir='ltr'><strong>igitur</strong></span> <span class='ocrx_word' id='word_1_165' title='bbox 1999 2293 2156 2346; x_wconf 59' lang='lat' dir='ltr'><strong>fluxa</strong></span> 
     </span>
    </p>
   </div>
   <div class='ocr_carea' id='block_1_25' title="bbox 591 2379 2155 2480">
    <p class='ocr_par' dir='ltr' id='par_1_25' title="bbox 591 2379 2155 2480">
     <span class='ocr_line' id='line_1_26' title="bbox 591 2379 2155 2480; baseline -0.029 -3"><span class='ocrx_word' id='word_1_166' title='bbox 591 2379 646 2477; x_wconf 64' lang='lat' dir='ltr'><strong>et</strong></span> <span class='ocrx_word' id='word_1_167' title='bbox 670 2379 944 2475; x_wconf 60' lang='lat' dir='ltr'><strong>dissoluta:</strong></span> <span class='ocrx_word' id='word_1_168' title='bbox 967 2409 1141 2480; x_wconf 84' lang='lat' dir='ltr'><strong>gentis</strong></span> <span class='ocrx_word' id='word_1_169' title='bbox 1163 2379 1416 2474; x_wconf 79' lang='lat' dir='ltr'><strong>princeps</strong></span> <span class='ocrx_word' id='word_1_170' title='bbox 1437 2395 1519 2450; x_wconf 88' lang='lat' dir='ltr'><strong>vel</strong></span> <span class='ocrx_word' id='word_1_171' title='bbox 1542 2396 1648 2448; x_wconf 81' lang='lat' dir='ltr'><strong>dux</strong></span> <span class='ocrx_word' id='word_1_172' title='bbox 1670 2389 1759 2460; x_wconf 89' lang='lat' dir='ltr'><strong>qui</strong></span> <span class='ocrx_word' id='word_1_173' title='bbox 1781 2395 1959 2457; x_wconf 86' lang='lat' dir='ltr'><strong>potest</strong></span> <span class='ocrx_word' id='word_1_174' title='bbox 1983 2379 2155 2435; x_wconf 88' lang='lat' dir='ltr'><strong>videri</strong></span> 
     </span>
    </p>
   </div>
   <div class='ocr_carea' id='block_1_26' title="bbox 587 2475 2159 2580">
    <p class='ocr_par' dir='ltr' id='par_1_26' title="bbox 587 2475 2159 2580">
     <span class='ocr_line' id='line_1_27' title="bbox 587 2475 2159 2580; baseline -0.028 -7"><span class='ocrx_word' id='word_1_175' title='bbox 587 2475 761 2580; x_wconf 77' lang='lat' dir='ltr'><strong>alius,</strong></span> <span class='ocrx_word' id='word_1_176' title='bbox 791 2511 876 2565; x_wconf 90' lang='lat' dir='ltr'><strong>vel</strong></span> <span class='ocrx_word' id='word_1_177' title='bbox 901 2475 1151 2572; x_wconf 70' lang='lat' dir='ltr'><strong>intelligi,</strong></span> <span class='ocrx_word' id='word_1_178' title='bbox 1177 2500 1281 2554; x_wconf 92' lang='lat' dir='ltr'><strong>nisi</strong></span> <span class='ocrx_word' id='word_1_179' title='bbox 1311 2507 1492 2551; x_wconf 88' lang='lat' dir='ltr'><strong>sermo</strong></span> <span class='ocrx_word' id='word_1_180' title='bbox 1525 2489 1673 2544; x_wconf 89' lang='lat' dir='ltr'><strong>illius</strong></span> <span class='ocrx_word' id='word_1_181' title='bbox 1708 2479 2042 2554; x_wconf 86' lang='lat' dir='ltr'><strong>philosophi,</strong></span> <span class='ocrx_word' id='word_1_182' title='bbox 2065 2475 2159 2545; x_wconf 90' lang='lat' dir='ltr'><strong>qui</strong></span> 
     </span>
    </p>
   </div>
   <div class='ocr_carea' id='block_1_27' title="bbox 588 2570 2162 2667">
    <p class='ocr_par' dir='ltr' id='par_1_27' title="bbox 588 2570 2162 2667">
     <span class='ocr_line' id='line_1_28' title="bbox 588 2570 2162 2667; baseline -0.028 -2"><span class='ocrx_word' id='word_1_183' title='bbox 588 2621 860 2667; x_wconf 87' lang='lat' dir='ltr'><strong>sununum</strong></span> <span class='ocrx_word' id='word_1_184' title='bbox 880 2594 1294 2664; x_wconf 82' lang='lat' dir='ltr'><strong>bonumjudicat</strong></span> <span class='ocrx_word' id='word_1_185' title='bbox 1317 2578 1846 2654; x_wconf 83' lang='lat' dir='ltr'><strong>voluptatem?Quem</strong></span> <span class='ocrx_word' id='word_1_186' title='bbox 1866 2570 2162 2628; x_wconf 80' lang='lat' dir='ltr'><strong>interﬁciat</strong></span> 
     </span>
    </p>
   </div>
   <div class='ocr_carea' id='block_1_28' title="bbox 589 2670 2159 2772">
    <p class='ocr_par' dir='ltr' id='par_1_28' title="bbox 589 2670 2159 2772">
     <span class='ocr_line' id='line_1_29' title="bbox 589 2670 2159 2772; baseline -0.029 -13"><span class='ocrx_word' id='word_1_187' title='bbox 589 2712 648 2759; x_wconf 89' lang='lat' dir='ltr'><strong>et</strong></span> <span class='ocrx_word' id='word_1_188' title='bbox 669 2700 902 2772; x_wconf 84' lang='lat' dir='ltr'><strong>perimat</strong></span> <span class='ocrx_word' id='word_1_189' title='bbox 917 2688 1263 2760; x_wconf 89' lang='lat' dir='ltr'><strong>evangelicus</strong></span> <span class='ocrx_word' id='word_1_190' title='bbox 1279 2675 1574 2745; x_wconf 88' lang='lat' dir='ltr'><strong>sermo,qui</strong></span> <span class='ocrx_word' id='word_1_191' title='bbox 1595 2671 1770 2743; x_wconf 90' lang='lat' dir='ltr'><strong>gladio</strong></span> <span class='ocrx_word' id='word_1_192' title='bbox 1783 2670 2159 2733; x_wconf 82' lang='lat' dir='ltr'><strong>comparatur:</strong></span> 
     </span>
    </p>
   </div>
   <div class='ocr_carea' id='block_1_29' title="bbox 589 2763 2167 2866">
    <p class='ocr_par' dir='ltr' id='par_1_29' title="bbox 589 2763 2167 2866">
     <span class='ocr_line' id='line_1_30' title="bbox 589 2763 2167 2866; baseline -0.029 -15"><span class='ocrx_word' id='word_1_193' title='bbox 589 2801 646 2852; x_wconf 86' lang='lat' dir='ltr'><strong>et</strong></span> <span class='ocrx_word' id='word_1_194' title='bbox 659 2763 819 2866; x_wconf 39' lang='lat' dir='ltr'><strong>Z567</strong></span> <span class='ocrx_word' id='word_1_195' title='bbox 847 2800 1024 2844; x_wconf 88' lang='lat' dir='ltr'><strong>sermo</strong></span> <span class='ocrx_word' id='word_1_196' title='bbox 1051 2776 1397 2852; x_wconf 87' lang='lat' dir='ltr'><strong>propheticus</strong></span> <span class='ocrx_word' id='word_1_197' title='bbox 1420 2772 1535 2838; x_wconf 90' lang='lat' dir='ltr'><strong>ipse</strong></span> <span class='ocrx_word' id='word_1_198' title='bbox 1565 2768 1617 2820; x_wconf 93' lang='lat' dir='ltr'><strong>in</strong></span> <span class='ocrx_word' id='word_1_199' title='bbox 1643 2772 1829 2817; x_wconf 89' lang='lat' dir='ltr'><strong>ventre</strong></span> <span class='ocrx_word' id='word_1_200' title='bbox 1849 2772 2059 2822; x_wconf 91' lang='lat' dir='ltr'><strong>eorum,</strong></span> <span class='ocrx_word' id='word_1_201' title='bbox 2085 2763 2167 2807; x_wconf 88' lang='lat' dir='ltr'><strong>at-</strong></span> 
     </span>
    </p>
   </div>
   <div class='ocr_carea' id='block_1_30' title="bbox 590 2849 2167 2956">
    <p class='ocr_par' dir='ltr' id='par_1_30' title="bbox 590 2849 2167 2956">
     <span class='ocr_line' id='line_1_31' title="bbox 590 2849 2167 2956; baseline -0.028 -14"><span class='ocrx_word' id='word_1_202' title='bbox 590 2849 948 2956; x_wconf 54' lang='lat' dir='ltr'><strong>quein&#39;imis</strong></span> <span class='ocrx_word' id='word_1_203' title='bbox 987 2849 1302 2945; x_wconf 69' lang='lat' dir='ltr'><strong>praecordiis</strong></span> <span class='ocrx_word' id='word_1_204' title='bbox 1331 2856 1658 2956; x_wconf 57' lang='lat' dir='ltr'><strong>ambidextri</strong></span> <span class='ocrx_word' id='word_1_205' title='bbox 1697 2851 1937 2908; x_wconf 88' lang='lat' dir='ltr'><strong>doctoris</strong></span> <span class='ocrx_word' id='word_1_206' title='bbox 1977 2849 2167 2916; x_wconf 79' lang='lat' dir='ltr'><strong>dispu-</strong></span> 
     </span>
    </p>
   </div>
   <div class='ocr_carea' id='block_1_31' title="bbox 595 2935 2240 3033">
    <p class='ocr_par' dir='ltr' id='par_1_31' title="bbox 595 2935 2240 3033">
     <span class='ocr_line' id='line_1_32' title="bbox 596 2935 1002 2956; baseline -0.027 0"><span class='ocrx_word' id='word_1_207' title='bbox 596 2935 696 2956; x_wconf 59' lang='grc' dir='ltr'><strong>ηπ</strong></span> <span class='ocrx_word' id='word_1_208' title='bbox 738 2935 748 2936; x_wconf 44' lang='grc' dir='ltr'><em>κ</em></span> <span class='ocrx_word' id='word_1_209' title='bbox 989 2935 1002 2945; x_wconf 93' lang='grc'><strong>.</strong></span> 
     </span>
     <span class='ocr_line' id='line_1_33' title="bbox 595 2935 2240 3033; baseline -0.027 0"><span class='ocrx_word' id='word_1_210' title='bbox 595 2976 887 3033; x_wconf 89' lang='lat' dir='ltr'><strong>tationibus</strong></span> <span class='ocrx_word' id='word_1_211' title='bbox 931 2964 1319 3023; x_wconf 84' lang='lat' dir='ltr'><strong>concludatur:</strong></span> <span class='ocrx_word' id='word_1_212' title='bbox 1359 2967 1416 3011; x_wconf 90' lang='lat' dir='ltr'><strong>ut</strong></span> <span class='ocrx_word' id='word_1_213' title='bbox 1446 2935 1694 3008; x_wconf 59' lang='lat' dir='ltr'><strong>veritatis</strong></span> <span class='ocrx_word' id='word_1_214' title='bbox 1727 2944 2029 3000; x_wconf 86' lang='lat' dir='ltr'><strong>assertione</strong></span> <span class='ocrx_word' id='word_1_215' title='bbox 2071 2953 2166 2992; x_wconf 90' lang='lat' dir='ltr'><strong>eos</strong></span> <span class='ocrx_word' id='word_1_216' title='bbox 2193 2949 2240 3012; x_wconf 69' lang='grc' dir='ltr'>ο</span> 
     </span>
    </p>
   </div>
   <div class='ocr_carea' id='block_1_32' title="bbox 594 3030 2160 3129">
    <p class='ocr_par' dir='ltr' id='par_1_32' title="bbox 594 3030 2160 3129">
     <span class='ocr_line' id='line_1_34' title="bbox 594 3030 2160 3129; baseline -0.033 0"><span class='ocrx_word' id='word_1_217' title='bbox 594 3065 923 3129; x_wconf 84' lang='lat' dir='ltr'><strong>concludens</strong></span> <span class='ocrx_word' id='word_1_218' title='bbox 949 3101 966 3127; x_wconf 92' lang='lat'><strong>,</strong></span> <span class='ocrx_word' id='word_1_219' title='bbox 1014 3055 1326 3122; x_wconf 78' lang='lat' dir='ltr'><strong>exstinguat</strong></span> <span class='ocrx_word' id='word_1_220' title='bbox 1367 3059 1581 3102; x_wconf 87' lang='lat' dir='ltr'><strong>onmem</strong></span> <span class='ocrx_word' id='word_1_221' title='bbox 1611 3037 1763 3109; x_wconf 82' lang='lat' dir='ltr'><strong>pravi</strong></span> <span class='ocrx_word' id='word_1_222' title='bbox 1812 3030 2079 3100; x_wconf 84' lang='lat' dir='ltr'><strong>dogmatis</strong></span> <span class='ocrx_word' id='word_1_223' title='bbox 2107 3037 2160 3081; x_wconf 92' lang='lat' dir='ltr'><strong>et</strong></span> 
     </span>
    </p>
   </div>
   <div class='ocr_carea' id='block_1_33' title="bbox 597 3119 2168 3220">
    <p class='ocr_par' dir='ltr' id='par_1_33' title="bbox 597 3119 2168 3220">
     <span class='ocr_line' id='line_1_35' title="bbox 597 3119 2168 3220; baseline -0.03 -3"><span class='ocrx_word' id='word_1_224' title='bbox 597 3173 798 3217; x_wconf 77' lang='lat' dir='ltr'><strong>crassa:</strong></span> <span class='ocrx_word' id='word_1_225' title='bbox 827 3147 1194 3220; x_wconf 61' lang='lat' dir='ltr'><strong>intelligentia</strong></span> <span class='ocrx_word' id='word_1_226' title='bbox 1219 3153 1438 3196; x_wconf 85' lang='lat' dir='ltr'><strong>sensum</strong></span> <span class='ocrx_word' id='word_1_227' title='bbox 1462 3177 1474 3200; x_wconf 93' lang='lat'><strong>,</strong></span> <span class='ocrx_word' id='word_1_228' title='bbox 1507 3133 1598 3204; x_wconf 90' lang='lat' dir='ltr'><strong>qui</strong></span> <span class='ocrx_word' id='word_1_229' title='bbox 1632 3145 1692 3184; x_wconf 90' lang='lat' dir='ltr'><strong>se</strong></span> <span class='ocrx_word' id='word_1_230' title='bbox 1718 3125 1952 3192; x_wconf 79' lang='lat' dir='ltr'><strong>extollit,</strong></span> <span class='ocrx_word' id='word_1_231' title='bbox 1981 3131 2035 3174; x_wconf 91' lang='lat' dir='ltr'><strong>et</strong></span> <span class='ocrx_word' id='word_1_232' title='bbox 2061 3119 2168 3174; x_wconf 90' lang='lat' dir='ltr'><strong>eri-</strong></span> 
     </span>
    </p>
   </div>
   <div class='ocr_carea' id='block_1_34' title="bbox 600 3212 2169 3324">
    <p class='ocr_par' dir='ltr' id='par_1_34' title="bbox 600 3212 2169 3324">
     <span class='ocr_line' id='line_1_36' title="bbox 600 3212 2169 3324; baseline -0.03 -16"><span class='ocrx_word' id='word_1_233' title='bbox 600 3253 678 3324; x_wconf 92' lang='lat' dir='ltr'><strong>git</strong></span> <span class='ocrx_word' id='word_1_234' title='bbox 708 3212 1339 3308; x_wconf 41' lang='lat' dir='ltr'><strong>adversumvspiritalem</strong></span> <span class='ocrx_word' id='word_1_235' title='bbox 1382 3227 1662 3284; x_wconf 79' lang='lat' dir='ltr'><strong>scientiam</strong></span> <span class='ocrx_word' id='word_1_236' title='bbox 1703 3216 1937 3276; x_wconf 86' lang='lat' dir='ltr'><strong>Christi:</strong></span> <span class='ocrx_word' id='word_1_237' title='bbox 1970 3225 2029 3268; x_wconf 87' lang='lat' dir='ltr'><strong>ut</strong></span> <span class='ocrx_word' id='word_1_238' title='bbox 2054 3212 2169 3264; x_wconf 70' lang='lat' dir='ltr'><strong>haec</strong></span> 
     </span>
    </p>
   </div>
   <div class='ocr_carea' id='block_1_35' title="bbox 601 3305 2169 3402">
    <p class='ocr_par' dir='ltr' id='par_1_35' title="bbox 601 3305 2169 3402">
     <span class='ocr_line' id='line_1_37' title="bbox 601 3305 1083 3324; baseline -0.035 1"><span class='ocrx_word' id='word_1_239' title='bbox 601 3305 675 3324; x_wconf 57' lang='grc' dir='ltr'><strong>οη</strong></span> <span class='ocrx_word' id='word_1_240' title='bbox 1068 3305 1083 3308; x_wconf 91' lang='lat'>_</span> 
     </span>
     <span class='ocr_line' id='line_1_38' title="bbox 601 3305 2169 3402; baseline -0.03 -1"><span class='ocrx_word' id='word_1_241' title='bbox 601 3349 674 3400; x_wconf 92' lang='lat' dir='ltr'><strong>ita</strong></span> <span class='ocrx_word' id='word_1_242' title='bbox 712 3341 919 3396; x_wconf 79' lang='lat' dir='ltr'><strong>faciens</strong></span> <span class='ocrx_word' id='word_1_243' title='bbox 944 3376 959 3402; x_wconf 93' lang='lat'><strong>,</strong></span> <span class='ocrx_word' id='word_1_244' title='bbox 992 3344 1047 3388; x_wconf 91' lang='lat' dir='ltr'><strong>et</strong></span> <span class='ocrx_word' id='word_1_245' title='bbox 1089 3333 1143 3384; x_wconf 92' lang='lat' dir='ltr'><strong>in</strong></span> <span class='ocrx_word' id='word_1_246' title='bbox 1176 3329 1342 3381; x_wconf 87' lang='lat' dir='ltr'><strong>verho</strong></span> <span class='ocrx_word' id='word_1_247' title='bbox 1374 3321 1468 3375; x_wconf 88' lang='lat' dir='ltr'><strong>Dei</strong></span> <span class='ocrx_word' id='word_1_248' title='bbox 1504 3317 1767 3371; x_wconf 81' lang='lat' dir='ltr'><strong>dimicans</strong></span> <span class='ocrx_word' id='word_1_249' title='bbox 1803 3305 2169 3376; x_wconf 87' lang='lat' dir='ltr'><strong>unusquisque</strong></span> 
     </span>
    </p>
   </div>
   <div class='ocr_carea' id='block_1_36' title="bbox 601 3398 2171 3501">
    <p class='ocr_par' dir='ltr' id='par_1_36' title="bbox 601 3398 2171 3501">
     <span class='ocr_line' id='line_1_39' title="bbox 601 3398 2171 3501; baseline -0.03 -7"><span class='ocrx_word' id='word_1_250' title='bbox 601 3398 857 3494; x_wconf 71' lang='lat' dir='ltr'><strong>lilcclesiae</strong></span> <span class='ocrx_word' id='word_1_251' title='bbox 889 3398 1075 3501; x_wconf 78' lang='lat' dir='ltr'><strong>judex,</strong></span> <span class='ocrx_word' id='word_1_252' title='bbox 1111 3423 1204 3475; x_wconf 90' lang='lat' dir='ltr'><strong>ﬁat</strong></span> <span class='ocrx_word' id='word_1_253' title='bbox 1227 3417 1388 3472; x_wconf 90' lang='lat' dir='ltr'><strong>etiam</strong></span> <span class='ocrx_word' id='word_1_254' title='bbox 1429 3414 1542 3481; x_wconf 90' lang='lat' dir='ltr'><strong>ipse</strong></span> <span class='ocrx_word' id='word_1_255' title='bbox 1572 3403 1855 3462; x_wconf 85' lang='lat' dir='ltr'><strong>laudabilis</strong></span> <span class='ocrx_word' id='word_1_256' title='bbox 1887 3400 2072 3459; x_wconf 77' lang='lat' dir='ltr'><strong>Aioth,</strong></span> <span class='ocrx_word' id='word_1_257' title='bbox 2105 3398 2171 3448; x_wconf 87' lang='lat' dir='ltr'><strong>de</strong></span> 
     </span>
    </p>
   </div>
   <div class='ocr_carea' id='block_1_37' title="bbox 601 3487 2172 3598">
    <p class='ocr_par' dir='ltr' id='par_1_37' title="bbox 601 3487 2172 3598">
     <span class='ocr_line' id='line_1_40' title="bbox 601 3487 2172 3598; baseline -0.031 -13"><span class='ocrx_word' id='word_1_258' title='bbox 601 3543 710 3598; x_wconf 91' lang='lat' dir='ltr'><strong>quo</strong></span> <span class='ocrx_word' id='word_1_259' title='bbox 755 3525 901 3580; x_wconf 81' lang='lat' dir='ltr'><strong>dicat</strong></span> <span class='ocrx_word' id='word_1_260' title='bbox 939 3517 1202 3573; x_wconf 91' lang='lat' dir='ltr'><strong>Dominus</strong></span> <span class='ocrx_word' id='word_1_261' title='bbox 1228 3508 1306 3561; x_wconf 73' lang='lat' dir='ltr'><strong>&quot;z</strong></span> <span class='ocrx_word' id='word_1_262' title='bbox 1361 3524 1380 3556; x_wconf 77' lang='grc' dir='ltr'><strong>ι</strong></span> <span class='ocrx_word' id='word_1_263' title='bbox 1407 3502 1576 3568; x_wconf 85' lang='lat' dir='ltr'><strong>Euge,</strong></span> <span class='ocrx_word' id='word_1_264' title='bbox 1610 3509 1766 3552; x_wconf 87' lang='lat' dir='ltr'><strong>serve</strong></span> <span class='ocrx_word' id='word_1_265' title='bbox 1794 3493 1934 3547; x_wconf 87' lang='lat' dir='ltr'><strong>bone</strong></span> <span class='ocrx_word' id='word_1_266' title='bbox 1961 3496 2014 3543; x_wconf 90' lang='lat' dir='ltr'><strong>et</strong></span> <span class='ocrx_word' id='word_1_267' title='bbox 2045 3487 2172 3539; x_wconf 85' lang='lat' dir='ltr'><strong>lide-</strong></span> 
     </span>
    </p>
   </div>
   <div class='ocr_carea' id='block_1_38' title="bbox 603 3581 2173 3687">
    <p class='ocr_par' dir='ltr' id='par_1_38' title="bbox 603 3581 2173 3687">
     <span class='ocr_line' id='line_1_41' title="bbox 603 3581 2173 3687; baseline -0.028 -10"><span class='ocrx_word' id='word_1_268' title='bbox 603 3581 691 3684; x_wconf 69' lang='lat' dir='ltr'><strong>lis;</strong></span> <span class='ocrx_word' id='word_1_269' title='bbox 728 3617 856 3687; x_wconf 84' lang='lat' dir='ltr'><strong>quia</strong></span> <span class='ocrx_word' id='word_1_270' title='bbox 885 3625 1048 3680; x_wconf 91' lang='lat' dir='ltr'><strong>super</strong></span> <span class='ocrx_word' id='word_1_271' title='bbox 1085 3617 1253 3676; x_wconf 86' lang='lat' dir='ltr'><strong>pauca</strong></span> <span class='ocrx_word' id='word_1_272' title='bbox 1284 3597 1436 3653; x_wconf 82' lang='lat' dir='ltr'><strong>fuisti</strong></span> <span class='ocrx_word' id='word_1_273' title='bbox 1479 3592 1688 3658; x_wconf 90' lang='lat' dir='ltr'><strong>ﬁdelis,</strong></span> <span class='ocrx_word' id='word_1_274' title='bbox 1717 3600 1879 3656; x_wconf 89' lang='lat' dir='ltr'><strong>supra</strong></span> <span class='ocrx_word' id='word_1_275' title='bbox 1911 3581 2078 3636; x_wconf 79' lang='lat' dir='ltr'><strong>multa</strong></span> <span class='ocrx_word' id='word_1_276' title='bbox 2119 3587 2173 3633; x_wconf 87' lang='lat' dir='ltr'><strong>te</strong></span> 
     </span>
    </p>
   </div>
   <div class='ocr_carea' id='block_1_39' title="bbox 602 3712 1007 3770">
    <p class='ocr_par' dir='ltr' id='par_1_39' title="bbox 602 3712 1007 3770">
     <span class='ocr_line' id='line_1_42' title="bbox 602 3712 1007 3770; baseline -0.035 0"><span class='ocrx_word' id='word_1_277' title='bbox 602 3712 952 3770; x_wconf 87' lang='lat' dir='ltr'><strong>constituam.</strong></span> <span class='ocrx_word' id='word_1_278' title='bbox 988 3722 1007 3755; x_wconf 76' lang='grc' dir='ltr'><strong>ι</strong></span> 
     </span>
    </p>
   </div>
   <div class='ocr_carea' id='block_1_40' title="bbox 675 3762 2170 3856">
    <p class='ocr_par' dir='ltr' id='par_1_40' title="bbox 675 3762 2170 3856">
     <span class='ocr_line' id='line_1_43' title="bbox 675 3762 2170 3856; baseline -0.028 0"><span class='ocrx_word' id='word_1_279' title='bbox 675 3802 732 3856; x_wconf 78' lang='lat'><strong>‘2.</strong></span> <span class='ocrx_word' id='word_1_280' title='bbox 761 3798 958 3852; x_wconf 77' lang='lat' dir='ltr'><strong>Verum</strong></span> <span class='ocrx_word' id='word_1_281' title='bbox 983 3789 1219 3846; x_wconf 84' lang='lat' dir='ltr'><strong>breviter</strong></span> <span class='ocrx_word' id='word_1_282' title='bbox 1247 3781 1366 3838; x_wconf 87' lang='lat' dir='ltr'><strong>istis</strong></span> <span class='ocrx_word' id='word_1_283' title='bbox 1395 3794 1421 3832; x_wconf 88' lang='lat' dir='ltr'><strong>a</strong></span> <span class='ocrx_word' id='word_1_284' title='bbox 1450 3774 1607 3831; x_wconf 79' lang='lat' dir='ltr'><strong>nobis</strong></span> <span class='ocrx_word' id='word_1_285' title='bbox 1629 3772 1694 3826; x_wconf 90' lang='lat' dir='ltr'><strong>de</strong></span> <span class='ocrx_word' id='word_1_286' title='bbox 1721 3766 1890 3841; x_wconf 90' lang='lat' dir='ltr'><strong>priori</strong></span> <span class='ocrx_word' id='word_1_287' title='bbox 1919 3762 2170 3822; x_wconf 83' lang='lat' dir='ltr'><strong>lectione,</strong></span> 
     </span>
    </p>
   </div>
   <div class='ocr_carea' id='block_1_41' title="bbox 609 3852 2175 3955">
    <p class='ocr_par' dir='ltr' id='par_1_41' title="bbox 609 3852 2175 3955">
     <span class='ocr_line' id='line_1_44' title="bbox 609 3852 2175 3955; baseline -0.029 -4"><span class='ocrx_word' id='word_1_288' title='bbox 609 3897 662 3952; x_wconf 90' lang='lat' dir='ltr'><strong>id</strong></span> <span class='ocrx_word' id='word_1_289' title='bbox 685 3900 791 3955; x_wconf 90' lang='lat' dir='ltr'><strong>est,</strong></span> <span class='ocrx_word' id='word_1_290' title='bbox 820 3890 883 3944; x_wconf 90' lang='lat' dir='ltr'><strong>de</strong></span> <span class='ocrx_word' id='word_1_291' title='bbox 915 3884 1074 3941; x_wconf 79' lang='lat' dir='ltr'><strong>Aioth</strong></span> <span class='ocrx_word' id='word_1_292' title='bbox 1099 3882 1206 3934; x_wconf 89' lang='lat' dir='ltr'><strong>ﬁne</strong></span> <span class='ocrx_word' id='word_1_293' title='bbox 1242 3869 1507 3943; x_wconf 86' lang='lat' dir='ltr'><strong>repetitis,</strong></span> <span class='ocrx_word' id='word_1_294' title='bbox 1537 3867 1818 3939; x_wconf 76' lang='lat' dir='ltr'><strong>videamus</strong></span> <span class='ocrx_word' id='word_1_295' title='bbox 1842 3874 1982 3913; x_wconf 91' lang='lat' dir='ltr'><strong>nunc</strong></span> <span class='ocrx_word' id='word_1_296' title='bbox 2020 3852 2175 3926; x_wconf 89' lang='lat' dir='ltr'><strong>quale</strong></span> 
     </span>
    </p>
   </div>
   <div class='ocr_carea' id='block_1_42' title="bbox 609 3955 2176 4048">
    <p class='ocr_par' dir='ltr' id='par_1_42' title="bbox 609 3955 2176 4048">
     <span class='ocr_line' id='line_1_45' title="bbox 609 3955 2176 4048; baseline -0.031 -3"><span class='ocrx_word' id='word_1_297' title='bbox 609 3993 684 4046; x_wconf 88' lang='lat' dir='ltr'><strong>sit</strong></span> <span class='ocrx_word' id='word_1_298' title='bbox 718 3985 879 4042; x_wconf 88' lang='lat' dir='ltr'><strong>etiam</strong></span> <span class='ocrx_word' id='word_1_299' title='bbox 926 3973 1250 4048; x_wconf 88' lang='lat' dir='ltr'><strong>principium</strong></span> <span class='ocrx_word' id='word_1_300' title='bbox 1305 3967 1604 4031; x_wconf 82' lang='lat' dir='ltr'><strong>Semegar,</strong></span> <span class='ocrx_word' id='word_1_301' title='bbox 1651 3955 1740 4025; x_wconf 91' lang='lat' dir='ltr'><strong>qui</strong></span> <span class='ocrx_word' id='word_1_302' title='bbox 1788 3955 2176 4018; x_wconf 82' lang='lat' dir='ltr'><strong>interpretatur</strong></span> 
     </span>
    </p>
   </div>
   <div class='ocr_carea' id='block_1_43' title="bbox 608 4041 2172 4138">
    <p class='ocr_par' dir='ltr' id='par_1_43' title="bbox 608 4041 2172 4138">
     <span class='ocr_line' id='line_1_46' title="bbox 608 4041 2172 4138; baseline -0.03 -1"><span class='ocrx_word' id='word_1_303' title='bbox 723 4041 1321 4138; x_wconf 32' lang='lat' dir='ltr'><strong>aduena—(GUaVerum</strong></span> <span class='ocrx_word' id='word_1_304' title='bbox 1371 4065 1455 4111; x_wconf 88' lang='lat' dir='ltr'><strong>est</strong></span> <span class='ocrx_word' id='word_1_305' title='bbox 1495 4052 1674 4132; x_wconf 83' lang='lat' dir='ltr'><strong>enim,</strong></span> <span class='ocrx_word' id='word_1_306' title='bbox 1711 4047 1833 4114; x_wconf 87' lang='lat' dir='ltr'><strong>quia</strong></span> <span class='ocrx_word' id='word_1_307' title='bbox 1867 4055 2054 4096; x_wconf 90' lang='lat' dir='ltr'><strong>omnes</strong></span> <span class='ocrx_word' id='word_1_308' title='bbox 2083 4041 2172 4108; x_wconf 89' lang='lat' dir='ltr'><strong>qui</strong></span> 
     </span>
    </p>
   </div>
   <div class='ocr_carea' id='block_1_44' title="bbox 611 4126 2180 4229">
    <p class='ocr_par' dir='ltr' id='par_1_44' title="bbox 611 4126 2180 4229">
     <span class='ocr_line' id='line_1_47' title="bbox 611 4126 2180 4229; baseline -0.033 0"><span class='ocrx_word' id='word_1_309' title='bbox 611 4182 737 4229; x_wconf 91' lang='lat' dir='ltr'><strong>sunt</strong></span> <span class='ocrx_word' id='word_1_310' title='bbox 773 4164 1019 4223; x_wconf 88' lang='lat' dir='ltr'><strong>homines</strong></span> <span class='ocrx_word' id='word_1_311' title='bbox 1059 4154 1173 4218; x_wconf 85' lang='lat' dir='ltr'><strong>Dei,</strong></span> <span class='ocrx_word' id='word_1_312' title='bbox 1203 4151 1426 4205; x_wconf 69' lang='lat' dir='ltr'><strong>adVena:</strong></span> <span class='ocrx_word' id='word_1_313' title='bbox 1472 4153 1597 4198; x_wconf 91' lang='lat' dir='ltr'><strong>sunt</strong></span> <span class='ocrx_word' id='word_1_314' title='bbox 1628 4126 1678 4192; x_wconf 84' lang='lat' dir='ltr'><strong>in</strong></span> <span class='ocrx_word' id='word_1_315' title='bbox 1711 4138 1812 4191; x_wconf 93' lang='lat' dir='ltr'><strong>hoc</strong></span> <span class='ocrx_word' id='word_1_316' title='bbox 1840 4133 2039 4186; x_wconf 91' lang='lat' dir='ltr'><strong>mundo</strong></span> <span class='ocrx_word' id='word_1_317' title='bbox 2065 4169 2081 4192; x_wconf 92' lang='lat'><strong>,</strong></span> <span class='ocrx_word' id='word_1_318' title='bbox 2124 4136 2180 4180; x_wconf 89' lang='lat' dir='ltr'><strong>et</strong></span> 
     </span>
    </p>
   </div>
   <div class='ocr_carea' id='block_1_45' title="bbox 612 4220 2176 4324">
    <p class='ocr_par' dir='ltr' id='par_1_45' title="bbox 612 4220 2176 4324">
     <span class='ocr_line' id='line_1_48' title="bbox 612 4220 2176 4324; baseline -0.035 -2"><span class='ocrx_word' id='word_1_319' title='bbox 612 4263 802 4324; x_wconf 77' lang='lat' dir='ltr'><strong>incolae</strong></span> <span class='ocrx_word' id='word_1_320' title='bbox 822 4260 876 4310; x_wconf 93' lang='lat' dir='ltr'><strong>in</strong></span> <span class='ocrx_word' id='word_1_321' title='bbox 905 4264 1069 4313; x_wconf 89' lang='lat' dir='ltr'><strong>terra,</strong></span> <span class='ocrx_word' id='word_1_322' title='bbox 1095 4245 1236 4299; x_wconf 88' lang='lat' dir='ltr'><strong>sicut</strong></span> <span class='ocrx_word' id='word_1_323' title='bbox 1261 4250 1317 4294; x_wconf 86' lang='lat' dir='ltr'><strong>et</strong></span> <span class='ocrx_word' id='word_1_324' title='bbox 1345 4238 1455 4300; x_wconf 86' lang='lat' dir='ltr'><strong>ille,</strong></span> <span class='ocrx_word' id='word_1_325' title='bbox 1480 4234 1568 4302; x_wconf 91' lang='lat' dir='ltr'><strong>qui</strong></span> <span class='ocrx_word' id='word_1_326' title='bbox 1599 4228 1810 4285; x_wconf 89' lang='lat' dir='ltr'><strong>dicebat</strong></span> <span class='ocrx_word' id='word_1_327' title='bbox 1833 4225 1898 4290; x_wconf 83' lang='grc'><strong>³⁷,</strong></span> <span class='ocrx_word' id='word_1_328' title='bbox 1921 4220 2176 4291; x_wconf 90' lang='lat' dir='ltr'><strong>quoniam</strong></span> 
     </span>
    </p>
   </div>
   <div class='ocr_carea' id='block_1_46' title="bbox 621 4313 2181 4413">
    <p class='ocr_par' dir='ltr' id='par_1_46' title="bbox 621 4313 2181 4413">
     <span class='ocr_line' id='line_1_49' title="bbox 621 4313 2181 4413; baseline -0.033 -1"><span class='ocrx_word' id='word_1_329' title='bbox 621 4377 641 4410; x_wconf 71' lang='grc' dir='ltr'><strong>ι</strong></span> <span class='ocrx_word' id='word_1_330' title='bbox 674 4350 851 4410; x_wconf 89' lang='lat' dir='ltr'><strong>incola</strong></span> <span class='ocrx_word' id='word_1_331' title='bbox 900 4358 999 4413; x_wconf 84' lang='lat' dir='ltr'><strong>ego</strong></span> <span class='ocrx_word' id='word_1_332' title='bbox 1029 4350 1150 4393; x_wconf 89' lang='lat' dir='ltr'><strong>sum</strong></span> <span class='ocrx_word' id='word_1_333' title='bbox 1204 4329 1346 4401; x_wconf 92' lang='lat' dir='ltr'><strong>apud</strong></span> <span class='ocrx_word' id='word_1_334' title='bbox 1388 4339 1439 4382; x_wconf 90' lang='lat' dir='ltr'><strong>te</strong></span> <span class='ocrx_word' id='word_1_335' title='bbox 1490 4327 1542 4379; x_wconf 86' lang='lat' dir='ltr'><strong>iit</strong></span> <span class='ocrx_word' id='word_1_336' title='bbox 1593 4331 1735 4376; x_wconf 86' lang='lat' dir='ltr'><strong>terra</strong></span> <span class='ocrx_word' id='word_1_337' title='bbox 1765 4325 1819 4370; x_wconf 88' lang='lat' dir='ltr'><strong>et</strong></span> <span class='ocrx_word' id='word_1_338' title='bbox 1865 4313 2181 4384; x_wconf 87' lang='lat' dir='ltr'><strong>peregrinus</strong></span> 
     </span>
    </p>
   </div>
   <div class='ocr_carea' id='block_1_47' title="bbox 614 4405 2183 4506">
    <p class='ocr_par' dir='ltr' id='par_1_47' title="bbox 614 4405 2183 4506">
     <span class='ocr_line' id='line_1_50' title="bbox 614 4405 2183 4506; baseline -0.031 -1"><span class='ocrx_word' id='word_1_339' title='bbox 614 4451 760 4506; x_wconf 87' lang='lat' dir='ltr'><strong>sicut</strong></span> <span class='ocrx_word' id='word_1_340' title='bbox 804 4450 994 4495; x_wconf 89' lang='lat' dir='ltr'><strong>omnes</strong></span> <span class='ocrx_word' id='word_1_341' title='bbox 1022 4438 1206 4500; x_wconf 83' lang='lat' dir='ltr'><strong>patres</strong></span> <span class='ocrx_word' id='word_1_342' title='bbox 1241 4422 1367 4477; x_wconf 91' lang='lat' dir='ltr'><strong>mei.</strong></span> <span class='ocrx_word' id='word_1_343' title='bbox 1397 4439 1414 4470; x_wconf 80' lang='grc' dir='ltr'><strong>ι</strong></span> <span class='ocrx_word' id='word_1_344' title='bbox 1456 4419 1525 4472; x_wconf 86' lang='lat' dir='ltr'><strong>Et</strong></span> <span class='ocrx_word' id='word_1_345' title='bbox 1553 4416 1697 4468; x_wconf 90' lang='lat' dir='ltr'><strong>hunc</strong></span> <span class='ocrx_word' id='word_1_346' title='bbox 1746 4424 1874 4477; x_wconf 86' lang='lat' dir='ltr'><strong>ergo</strong></span> <span class='ocrx_word' id='word_1_347' title='bbox 1925 4405 2183 4474; x_wconf 85' lang='lat' dir='ltr'><strong>Semegar</strong></span> 
     </span>
    </p>
   </div>
   <div class='ocr_carea' id='block_1_48' title="bbox 617 4494 2182 4597">
    <p class='ocr_par' dir='ltr' id='par_1_48' title="bbox 617 4494 2182 4597">
     <span class='ocr_line' id='line_1_51' title="bbox 617 4494 2182 4597; baseline -0.034 -2"><span class='ocrx_word' id='word_1_348' title='bbox 617 4545 840 4595; x_wconf 90' lang='lat' dir='ltr'><strong>sanctus</strong></span> <span class='ocrx_word' id='word_1_349' title='bbox 868 4523 1103 4597; x_wconf 84' lang='lat' dir='ltr'><strong>Spiritus</strong></span> <span class='ocrx_word' id='word_1_350' title='bbox 1131 4517 1204 4571; x_wconf 91' lang='lat' dir='ltr'><strong>ibi</strong></span> <span class='ocrx_word' id='word_1_351' title='bbox 1235 4511 1467 4568; x_wconf 89' lang='lat' dir='ltr'><strong>incolatu</strong></span> <span class='ocrx_word' id='word_1_352' title='bbox 1503 4506 1652 4569; x_wconf 87' lang='lat' dir='ltr'><strong>dicit,</strong></span> <span class='ocrx_word' id='word_1_353' title='bbox 1697 4499 1752 4554; x_wconf 90' lang='lat' dir='ltr'><strong>id</strong></span> <span class='ocrx_word' id='word_1_354' title='bbox 1779 4507 1862 4552; x_wconf 90' lang='lat' dir='ltr'><strong>est</strong></span> <span class='ocrx_word' id='word_1_355' title='bbox 1895 4497 2000 4549; x_wconf 91' lang='lat' dir='ltr'><strong>hic.</strong></span> <span class='ocrx_word' id='word_1_356' title='bbox 2029 4494 2182 4561; x_wconf 88' lang='lat' dir='ltr'><strong>Quod</strong></span> 
     </span>
    </p>
   </div>
   <div class='ocr_carea' id='block_1_49' title="bbox 619 4585 2187 4688">
    <p class='ocr_par' dir='ltr' id='par_1_49' title="bbox 619 4585 2187 4688">
     <span class='ocr_line' id='line_1_52' title="bbox 619 4585 2187 4688; baseline -0.031 -1"><span class='ocrx_word' id='word_1_357' title='bbox 619 4630 762 4688; x_wconf 90' lang='lat' dir='ltr'><strong>enim</strong></span> <span class='ocrx_word' id='word_1_358' title='bbox 789 4585 974 4680; x_wconf 65' lang='lat' dir='ltr'><strong>sancto</strong></span> <span class='ocrx_word' id='word_1_359' title='bbox 1005 4606 1230 4684; x_wconf 89' lang='lat' dir='ltr'><strong>Spiritui</strong></span> <span class='ocrx_word' id='word_1_360' title='bbox 1257 4603 1348 4673; x_wconf 91' lang='lat' dir='ltr'><strong>qui</strong></span> <span class='ocrx_word' id='word_1_361' title='bbox 1377 4601 1430 4654; x_wconf 89' lang='lat' dir='ltr'><strong>in</strong></span> <span class='ocrx_word' id='word_1_362' title='bbox 1461 4596 1612 4652; x_wconf 68' lang='lat' dir='ltr'><strong>caelis</strong></span> <span class='ocrx_word' id='word_1_363' title='bbox 1643 4601 1760 4654; x_wconf 90' lang='lat' dir='ltr'><strong>est,</strong></span> <span class='ocrx_word' id='word_1_364' title='bbox 1795 4589 1868 4643; x_wconf 90' lang='lat' dir='ltr'><strong>ibi</strong></span> <span class='ocrx_word' id='word_1_365' title='bbox 1898 4595 2000 4650; x_wconf 88' lang='lat' dir='ltr'><strong>est,</strong></span> <span class='ocrx_word' id='word_1_366' title='bbox 2033 4585 2187 4638; x_wconf 89' lang='lat' dir='ltr'><strong>nobis</strong></span> 
     </span>
    </p>
   </div>
   <div class='ocr_carea' id='block_1_50' title="bbox 623 4678 2185 4778">
    <p class='ocr_par' dir='ltr' id='par_1_50' title="bbox 623 4678 2185 4778">
     <span class='ocr_line' id='line_1_53' title="bbox 623 4678 2185 4778; baseline -0.033 0"><span class='ocrx_word' id='word_1_367' title='bbox 623 4723 712 4778; x_wconf 92' lang='lat' dir='ltr'><strong>hic</strong></span> <span class='ocrx_word' id='word_1_368' title='bbox 740 4729 841 4773; x_wconf 85' lang='lat' dir='ltr'><strong>est.</strong></span> <span class='ocrx_word' id='word_1_369' title='bbox 869 4709 1007 4778; x_wconf 86' lang='lat' dir='ltr'><strong>Quid</strong></span> <span class='ocrx_word' id='word_1_370' title='bbox 1029 4678 1160 4774; x_wconf 75' lang='lat' dir='ltr'><strong>ergo</strong></span> <span class='ocrx_word' id='word_1_371' title='bbox 1187 4697 1388 4752; x_wconf 89' lang='lat' dir='ltr'><strong>dicitur</strong></span> <span class='ocrx_word' id='word_1_372' title='bbox 1418 4693 1485 4745; x_wconf 89' lang='lat' dir='ltr'><strong>de</strong></span> <span class='ocrx_word' id='word_1_373' title='bbox 1513 4683 1809 4754; x_wconf 83' lang='lat' dir='ltr'><strong>Setnegar?</strong></span> <span class='ocrx_word' id='word_1_374' title='bbox 1843 4699 1861 4732; x_wconf 80' lang='grc' dir='ltr'><strong>ι</strong></span> <span class='ocrx_word' id='word_1_375' title='bbox 1891 4678 2185 4742; x_wconf 85' lang='lat' dir='ltr'><strong>Percussit,</strong></span> 
     </span>
    </p>
   </div>
   <div class='ocr_carea' id='block_1_51' title="bbox 624 4770 2186 4882">
    <p class='ocr_par' dir='ltr' id='par_1_51' title="bbox 624 4770 2186 4882">
     <span class='ocr_line' id='line_1_54' title="bbox 624 4770 2186 4882; baseline -0.031 -13"><span class='ocrx_word' id='word_1_376' title='bbox 624 4811 799 4882; x_wconf 85' lang='lat' dir='ltr'><strong>inquit</strong></span> <span class='ocrx_word' id='word_1_377' title='bbox 837 4805 907 4872; x_wconf 80' lang='grc'><strong>³⁸,</strong></span> <span class='ocrx_word' id='word_1_378' title='bbox 941 4770 1254 4866; x_wconf 77' lang='lat' dir='ltr'><strong>Allophylos</strong></span> <span class='ocrx_word' id='word_1_379' title='bbox 1287 4789 1340 4842; x_wconf 93' lang='lat' dir='ltr'><strong>in</strong></span> <span class='ocrx_word' id='word_1_380' title='bbox 1384 4779 1663 4838; x_wconf 84' lang='lat' dir='ltr'><strong>sexcentis</strong></span> <span class='ocrx_word' id='word_1_381' title='bbox 1695 4777 1824 4829; x_wconf 83' lang='lat' dir='ltr'><strong>viris</strong></span> <span class='ocrx_word' id='word_1_382' title='bbox 1851 4813 1866 4837; x_wconf 90' lang='lat'><strong>,</strong></span> <span class='ocrx_word' id='word_1_383' title='bbox 1909 4773 1963 4825; x_wconf 93' lang='lat' dir='ltr'><strong>in</strong></span> <span class='ocrx_word' id='word_1_384' title='bbox 2005 4770 2144 4824; x_wconf 88' lang='lat' dir='ltr'><strong>stiva</strong></span> <span class='ocrx_word' id='word_1_385' title='bbox 2170 4807 2186 4832; x_wconf 94' lang='lat'><strong>,</strong></span> 
     </span>
    </p>
   </div>
   <div class='ocr_carea' id='block_1_52' title="bbox 626 4863 2189 4973">
    <p class='ocr_par' dir='ltr' id='par_1_52' title="bbox 626 4863 2189 4973">
     <span class='ocr_line' id='line_1_55' title="bbox 626 4863 2189 4973; baseline -0.029 -15"><span class='ocrx_word' id='word_1_386' title='bbox 626 4863 906 4973; x_wconf 29' lang='lat' dir='ltr'><strong>vei&#39;pede&#39;</strong></span> <span class='ocrx_word' id='word_1_387' title='bbox 935 4863 1170 4948; x_wconf 20' lang='lat' dir='ltr'><strong>aratris»</strong></span> <span class='ocrx_word' id='word_1_388' title='bbox 1211 4878 1372 4937; x_wconf 85' lang='lat' dir='ltr'><strong>Aliud</strong></span> <span class='ocrx_word' id='word_1_389' title='bbox 1406 4886 1574 4941; x_wconf 85' lang='lat' dir='ltr'><strong>genus</strong></span> <span class='ocrx_word' id='word_1_390' title='bbox 1621 4866 1796 4920; x_wconf 87' lang='lat' dir='ltr'><strong>laudis</strong></span> <span class='ocrx_word' id='word_1_391' title='bbox 1841 4865 1894 4918; x_wconf 93' lang='lat' dir='ltr'><strong>in</strong></span> <span class='ocrx_word' id='word_1_392' title='bbox 1927 4863 2189 4930; x_wconf 86' lang='lat' dir='ltr'><strong>Semegar</strong></span> 
     </span>
    </p>
   </div>
   <div class='ocr_carea' id='block_1_53' title="bbox 1910 4943 3807 5040">
    <p class='ocr_par' dir='ltr' id='par_1_53' title="bbox 1910 4943 3807 5040">
     <span class='ocr_line' id='line_1_56' title="bbox 1910 4943 3807 5040; baseline -0.023 -9"><span class='ocrx_word' id='word_1_393' title='bbox 1910 4978 1952 5008; x_wconf 81' lang='grc'><strong>³⁷</strong></span> <span class='ocrx_word' id='word_1_394' title='bbox 1983 4975 2127 5029; x_wconf 82' lang='lat' dir='ltr'><strong>Psal.</strong></span> <span class='ocrx_word' id='word_1_395' title='bbox 2155 4987 2300 5040; x_wconf 83' lang='lat' dir='ltr'><strong>cxix,</strong></span> <span class='ocrx_word' id='word_1_396' title='bbox 2336 4967 2436 5032; x_wconf 80' lang='lat' dir='ltr'><strong>l9;</strong></span> <span class='ocrx_word' id='word_1_397' title='bbox 2483 4962 2628 5018; x_wconf 84' lang='lat' dir='ltr'><strong>Psal.</strong></span> <span class='ocrx_word' id='word_1_398' title='bbox 2660 4975 2849 5021; x_wconf 77' lang='lat' dir='ltr'><strong>xxxix,</strong></span> <span class='ocrx_word' id='word_1_399' title='bbox 2884 4957 2966 5012; x_wconf 76' lang='lat' dir='ltr'><strong>l5.</strong></span> <span class='ocrx_word' id='word_1_400' title='bbox 3041 4953 3084 4984; x_wconf 84' lang='grc'><strong>³⁸</strong></span> <span class='ocrx_word' id='word_1_401' title='bbox 3109 4949 3230 5006; x_wconf 84' lang='lat' dir='ltr'><strong>Jud.</strong></span> <span class='ocrx_word' id='word_1_402' title='bbox 3264 4965 3346 5014; x_wconf 87' lang='lat' dir='ltr'><strong>tu,</strong></span> <span class='ocrx_word' id='word_1_403' title='bbox 3375 4949 3464 5003; x_wconf 78' lang='lat'><strong>5|.</strong></span> <span class='ocrx_word' id='word_1_404' title='bbox 3540 4946 3581 4978; x_wconf 82' lang='grc'><em>³³</em></span> <span class='ocrx_word' id='word_1_405' title='bbox 3606 4943 3718 4998; x_wconf 88' lang='lat' dir='ltr'><strong>Luc.</strong></span> <span class='ocrx_word' id='word_1_406' title='bbox 3746 4949 3807 4999; x_wconf 77' lang='lat' dir='ltr'><strong>ix,</strong></span> 
     </span>
    </p>
   </div>
   <div class='ocr_carea' id='block_1_54' title="bbox 730 4979 1816 5069">
    <p class='ocr_par' dir='ltr' id='par_1_54' title="bbox 730 4979 1816 5069">
     <span class='ocr_line' id='line_1_57' title="bbox 730 4979 1816 5069; baseline -0.041 4"><span class='ocrx_word' id='word_1_407' title='bbox 730 5019 776 5052; x_wconf 80' lang='grc'><em>³³</em></span> <span class='ocrx_word' id='word_1_408' title='bbox 839 5014 993 5069; x_wconf 83' lang='lat' dir='ltr'><strong>Joan.</strong></span> <span class='ocrx_word' id='word_1_409' title='bbox 1020 5019 1136 5066; x_wconf 86' lang='lat' dir='ltr'><strong>xiv,</strong></span> <span class='ocrx_word' id='word_1_410' title='bbox 1162 5001 1216 5054; x_wconf 86' lang='lat'><strong>6.</strong></span> <span class='ocrx_word' id='word_1_411' title='bbox 1279 4992 1530 5069; x_wconf 56' lang='lat' dir='ltr'><strong>§°_Matth.</strong></span> <span class='ocrx_word' id='word_1_412' title='bbox 1570 4999 1700 5069; x_wconf 53' lang='lat' dir='ltr'><strong>xxx,</strong></span> <span class='ocrx_word' id='word_1_413' title='bbox 1725 4979 1816 5069; x_wconf 48' lang='grc' dir='ltr'><strong>ηε</strong></span> 
     </span>
    </p>
   </div>
   <div class='ocr_carea' id='block_1_55' title="bbox 626 5046 2158 5150">
    <p class='ocr_par' dir='ltr' id='par_1_55' title="bbox 626 5046 2158 5150">
     <span class='ocr_line' id='line_1_58' title="bbox 626 5046 2158 5150; baseline -0.033 0"><span class='ocrx_word' id='word_1_414' title='bbox 626 5046 1216 5150; x_wconf 54' lang='lat' dir='ltr'><strong>62.&quot;~°&#39;53i&#39;°vi,&#39;i’af&#39;</strong></span> <span class='ocrx_word' id='word_1_415' title='bbox 1261 5067 1302 5098; x_wconf 65' lang='grc' dir='ltr'><strong>δ’</strong></span> <span class='ocrx_word' id='word_1_416' title='bbox 1335 5061 1478 5119; x_wconf 86' lang='lat' dir='ltr'><strong>Psal.</strong></span> <span class='ocrx_word' id='word_1_417' title='bbox 1509 5071 1616 5120; x_wconf 82' lang='lat' dir='ltr'><strong>xei,</strong></span> <span class='ocrx_word' id='word_1_418' title='bbox 1641 5055 1698 5107; x_wconf 89' lang='lat'><strong>7.</strong></span> <span class='ocrx_word' id='word_1_419' title='bbox 1771 5051 1817 5082; x_wconf 75' lang='lat'>“</span> <span class='ocrx_word' id='word_1_420' title='bbox 1845 5046 1966 5102; x_wconf 83' lang='lat' dir='ltr'><strong>Jud.</strong></span> <span class='ocrx_word' id='word_1_421' title='bbox 1997 5061 2073 5111; x_wconf 86' lang='lat' dir='ltr'><strong>iv,</strong></span> <span class='ocrx_word' id='word_1_422' title='bbox 2104 5046 2158 5099; x_wconf 83' lang='lat' dir='ltr'><strong>l.</strong></span> 
     </span>
    </p>
   </div>
   <div class='ocr_carea' id='block_1_56' title="bbox 698 5191 1993 5300">
    <p class='ocr_par' dir='ltr' id='par_1_56' title="bbox 698 5191 1993 5300">
     <span class='ocr_line' id='line_1_59' title="bbox 698 5191 1993 5300; baseline 0 0"><span class='ocrx_word' id='word_1_423' title='bbox 698 5230 810 5300; x_wconf 68' lang='grc' dir='ltr'><strong>(δῖ)</strong></span> <span class='ocrx_word' id='word_1_424' title='bbox 844 5222 1028 5300; x_wconf 58' lang='grc' dir='ltr'><strong>ψεκι</strong></span> <span class='ocrx_word' id='word_1_425' title='bbox 1060 5199 1660 5300; x_wconf 51' lang='grc' dir='ltr'><strong>νὶθξνῖζηῖλὲἶῗέἶῑ.ἐθίξῖξῇ</strong></span> <span class='ocrx_word' id='word_1_426' title='bbox 1685 5191 1993 5300; x_wconf 50' lang='lat' dir='ltr'><strong>tricis;</strong></span> 
     </span>
    </p>
   </div>
   <div class='ocr_carea' id='block_1_57' title="bbox 699 5258 2180 5371">
    <p class='ocr_par' dir='ltr' id='par_1_57' title="bbox 699 5258 2180 5371">
     <span class='ocr_line' id='line_1_60' title="bbox 699 5258 2180 5371; baseline -0.03 -17"><span class='ocrx_word' id='word_1_427' title='bbox 844 5258 1514 5354; x_wconf 33' lang='lat' dir='ltr'><strong>iit-:13:,quirinferprelatur</strong></span> <span class='ocrx_word' id='word_1_428' title='bbox 1543 5258 1684 5322; x_wconf 75' lang='lat' dir='ltr'><strong>laus.</strong></span> <span class='ocrx_word' id='word_1_429' title='bbox 1713 5265 1769 5317; x_wconf 94' lang='lat' dir='ltr'><strong>ln</strong></span> <span class='ocrx_word' id='word_1_430' title='bbox 1803 5261 2027 5343; x_wconf 71' lang='lat' dir='ltr'><strong>llebrzco</strong></span> <span class='ocrx_word' id='word_1_431' title='bbox 2055 5258 2180 5312; x_wconf 77' lang='lat' dir='ltr'><strong>scri-</strong></span> 
     </span>
     <span class='ocr_line' id='line_1_61' title="bbox 1137 5332 2180 5371; baseline -0.008 8"><span class='ocrx_word' id='word_1_432' title='bbox 1137 5349 1270 5371; x_wconf 66' lang='grc' dir='ltr'><strong>----.ι</strong></span> <span class='ocrx_word' id='word_1_433' title='bbox 1316 5357 1506 5371; x_wconf 59' lang='lat' dir='ltr'><strong>“mm...</strong></span> <span class='ocrx_word' id='word_1_434' title='bbox 1541 5335 1810 5371; x_wconf 78' lang='lat' dir='ltr'><strong>mmmmln</strong></span> <span class='ocrx_word' id='word_1_435' title='bbox 1842 5332 2180 5371; x_wconf 66' lang='lat' dir='ltr'><strong>iiitnrnrntnri</strong></span> 
     </span>
    </p>
   </div>
   <div class='ocr_carea' id='block_1_58' title="bbox 628 5332 2187 5444">
    <p class='ocr_par' dir='ltr' id='par_1_58' title="bbox 628 5332 2187 5444">
     <span class='ocr_line' id='line_1_62' title="bbox 628 5332 2187 5444; baseline -0.031 -17"><span class='ocrx_word' id='word_1_436' title='bbox 1129 5332 1296 5427; x_wconf 48' lang='lat' dir='ltr'><strong>quod&quot;</strong></span> <span class='ocrx_word' id='word_1_437' title='bbox 1315 5357 1508 5444; x_wconf 66' lang='lat' dir='ltr'><strong>pomen</strong></span> <span class='ocrx_word' id='word_1_438' title='bbox 1541 5335 1810 5408; x_wconf 88' lang='lat' dir='ltr'><strong>quomodo</strong></span> <span class='ocrx_word' id='word_1_439' title='bbox 1842 5332 2187 5397; x_wconf 85' lang='lat' dir='ltr'><strong>interpretari</strong></span> 
     </span>
    </p>
   </div>
   <div class='ocr_carea' id='block_1_59' title="bbox 634 5417 1424 5514">
    <p class='ocr_par' dir='ltr' id='par_1_59' title="bbox 634 5417 1424 5514">
     <span class='ocr_line' id='line_1_63' title="bbox 634 5417 1424 5514; baseline -0.043 -16"><span class='ocrx_word' id='word_1_440' title='bbox 827 5417 1034 5514; x_wconf 32' lang='lat' dir='ltr'><strong>qia-us,—</strong></span> <span class='ocrx_word' id='word_1_441' title='bbox 1051 5417 1088 5475; x_wconf 57' lang='grc' dir='ltr'><strong>ι</strong></span> <span class='ocrx_word' id='word_1_442' title='bbox 1117 5417 1222 5476; x_wconf 77' lang='lat' dir='ltr'><strong>nan</strong></span> <span class='ocrx_word' id='word_1_443' title='bbox 1248 5417 1424 5470; x_wconf 91' lang='lat' dir='ltr'><strong>video.</strong></span> 
     </span>
    </p>
   </div>
   <div class='ocr_carea' id='block_1_60' title="bbox 706 5465 2192 5581">
    <p class='ocr_par' dir='ltr' id='par_1_60' title="bbox 706 5465 2192 5581">
     <span class='ocr_line' id='line_1_64' title="bbox 706 5465 2192 5581; baseline -0.031 -19"><span class='ocrx_word' id='word_1_444' title='bbox 839 5465 1457 5581; x_wconf 51' lang='grc' dir='ltr'>ιξιιίίιῖιίιιιιιξᾳιιὶ</span> <span class='ocrx_word' id='word_1_445' title='bbox 1487 5481 1866 5581; x_wconf 43' lang='lat' dir='ltr'><strong>interpretatur</strong></span> <span class='ocrx_word' id='word_1_446' title='bbox 1893 5476 2097 5522; x_wconf 66' lang='lat' dir='ltr'><strong>rotatu:</strong></span> <span class='ocrx_word' id='word_1_447' title='bbox 2116 5465 2192 5519; x_wconf 81' lang='lat' dir='ltr'><strong>uel</strong></span> 
     </span>
    </p>
   </div>
   <div class='ocr_carea' id='block_1_61' title="bbox 637 5547 2284 5659">
    <p class='ocr_par' dir='ltr' id='par_1_61' title="bbox 637 5547 2284 5659">
     <span class='ocr_line' id='line_1_65' title="bbox 637 5547 2284 5659; baseline -0.032 0"><span class='ocrx_word' id='word_1_448' title='bbox 637 5547 826 5659; x_wconf 45' lang='lat' dir='ltr'><strong>orline].</strong></span> <span class='ocrx_word' id='word_1_449' title='bbox 859 5547 929 5649; x_wconf 58' lang='lat' dir='ltr'><strong>E:</strong></span> <span class='ocrx_word' id='word_1_450' title='bbox 954 5547 1091 5645; x_wconf 53' lang='grc' dir='ltr'><strong>’τινί</strong></span> <span class='ocrx_word' id='word_1_451' title='bbox 1133 5602 1149 5634; x_wconf 84' lang='grc' dir='ltr'><strong>ι</strong></span> <span class='ocrx_word' id='word_1_452' title='bbox 1177 5547 1458 5642; x_wconf 81' lang='lat' dir='ltr'><strong>rotundus,</strong></span> <span class='ocrx_word' id='word_1_453' title='bbox 1497 5592 1514 5625; x_wconf 72' lang='grc' dir='ltr'><strong>ι</strong></span> <span class='ocrx_word' id='word_1_454' title='bbox 1546 5580 1638 5626; x_wconf 90' lang='lat' dir='ltr'><strong>aut</strong></span> <span class='ocrx_word' id='word_1_455' title='bbox 1659 5547 1796 5635; x_wconf 57' lang='lat' dir='ltr'><strong>n‘ny</strong></span> <span class='ocrx_word' id='word_1_456' title='bbox 1825 5581 1842 5616; x_wconf 77' lang='grc' dir='ltr'><strong>ι</strong></span> <span class='ocrx_word' id='word_1_457' title='bbox 1876 5561 2192 5633; x_wconf 85' lang='lat' dir='ltr'><strong>plaustrum,</strong></span> <span class='ocrx_word' id='word_1_458' title='bbox 2278 5624 2284 5630; x_wconf 23' lang='lat'><strong>~</strong></span> 
     </span>
    </p>
   </div>
   <div class='ocr_carea' id='block_1_62' title="bbox 641 5665 1072 5739">
    <p class='ocr_par' dir='ltr' id='par_1_62' title="bbox 641 5665 1072 5739">
     <span class='ocr_line' id='line_1_66' title="bbox 641 5665 1072 5739; baseline -0.042 -10"><span class='ocrx_word' id='word_1_459' title='bbox 641 5685 779 5739; x_wconf 73' lang='lat' dir='ltr'><strong>tota,</strong></span> <span class='ocrx_word' id='word_1_460' title='bbox 812 5665 1007 5725; x_wconf 87' lang='lat' dir='ltr'><strong>orbita.</strong></span> <span class='ocrx_word' id='word_1_461' title='bbox 1053 5679 1072 5712; x_wconf 74' lang='grc' dir='ltr'><strong>ι</strong></span> 
     </span>
    </p>
   </div>
   <div class='ocr_carea' id='block_1_63' title="bbox 1996 137 2316 201">
    <p class='ocr_par' dir='ltr' id='par_1_63' title="bbox 1996 137 2316 201">
     <span class='ocr_line' id='line_1_67' title="bbox 1996 137 2316 201; baseline -0.025 0"><span class='ocrx_word' id='word_1_462' title='bbox 1996 137 2316 201; x_wconf 77' lang='lat' dir='ltr'><strong>ORIGENIS</strong></span> 
     </span>
    </p>
   </div>
   <div class='ocr_carea' id='block_1_64' title="bbox 3675 116 3765 172">
    <p class='ocr_par' dir='ltr' id='par_1_64' title="bbox 3675 116 3765 172">
     <span class='ocr_line' id='line_1_68' title="bbox 3675 116 3765 172; baseline -0.011 0"><span class='ocrx_word' id='word_1_463' title='bbox 3675 116 3765 172; x_wconf 70' lang='lat'><strong>938</strong></span> 
     </span>
    </p>
   </div>
   <div class='ocr_carea' id='block_1_65' title="bbox 2235 232 3770 311">
    <p class='ocr_par' dir='ltr' id='par_1_65' title="bbox 2235 232 3770 311">
     <span class='ocr_line' id='line_1_69' title="bbox 2235 232 3770 311; baseline -0.011 -7"><span class='ocrx_word' id='word_1_464' title='bbox 2235 255 2411 308; x_wconf 86' lang='lat' dir='ltr'><strong>video.</strong></span> <span class='ocrx_word' id='word_1_465' title='bbox 2447 251 2551 304; x_wconf 88' lang='lat' dir='ltr'><strong>lste</strong></span> <span class='ocrx_word' id='word_1_466' title='bbox 2602 249 2655 302; x_wconf 91' lang='lat' dir='ltr'><strong>in</strong></span> <span class='ocrx_word' id='word_1_467' title='bbox 2705 254 2889 300; x_wconf 86' lang='lat' dir='ltr'><strong>aratro</strong></span> <span class='ocrx_word' id='word_1_468' title='bbox 2935 249 3171 311; x_wconf 82' lang='lat' dir='ltr'><strong>pugnat,</strong></span> <span class='ocrx_word' id='word_1_469' title='bbox 3227 236 3387 290; x_wconf 85' lang='lat' dir='ltr'><strong>Aioth</strong></span> <span class='ocrx_word' id='word_1_470' title='bbox 3424 232 3684 303; x_wconf 83' lang='lat' dir='ltr'><strong>pugnabat</strong></span> <span class='ocrx_word' id='word_1_471' title='bbox 3721 232 3770 287; x_wconf 77' lang='lat' dir='ltr'><strong>in</strong></span> 
     </span>
    </p>
   </div>
   <div class='ocr_carea' id='block_1_66' title="bbox 2232 324 3775 416">
    <p class='ocr_par' dir='ltr' id='par_1_66' title="bbox 2232 324 3775 416">
     <span class='ocr_line' id='line_1_70' title="bbox 2232 324 3775 416; baseline -0.012 -18"><span class='ocrx_word' id='word_1_472' title='bbox 2232 345 2426 416; x_wconf 81' lang='lat' dir='ltr'><strong>gladio.</strong></span> <span class='ocrx_word' id='word_1_473' title='bbox 2463 343 2566 396; x_wconf 91' lang='lat' dir='ltr'><strong>lste</strong></span> <span class='ocrx_word' id='word_1_474' title='bbox 2595 341 2646 394; x_wconf 93' lang='lat' dir='ltr'><strong>in</strong></span> <span class='ocrx_word' id='word_1_475' title='bbox 2674 347 2857 391; x_wconf 89' lang='lat' dir='ltr'><strong>aratro</strong></span> <span class='ocrx_word' id='word_1_476' title='bbox 2887 333 3074 387; x_wconf 91' lang='lat' dir='ltr'><strong>vincit.</strong></span> <span class='ocrx_word' id='word_1_477' title='bbox 3110 328 3293 382; x_wconf 82' lang='lat' dir='ltr'><strong>Vincit</strong></span> <span class='ocrx_word' id='word_1_478' title='bbox 3325 337 3498 379; x_wconf 88' lang='lat' dir='ltr'><strong>tamen</strong></span> <span class='ocrx_word' id='word_1_479' title='bbox 3525 324 3700 388; x_wconf 84' lang='lat' dir='ltr'><strong>e’thic,</strong></span> <span class='ocrx_word' id='word_1_480' title='bbox 3725 336 3775 379; x_wconf 78' lang='lat' dir='ltr'><strong>et</strong></span> 
     </span>
    </p>
   </div>
   <div class='ocr_carea' id='block_1_67' title="bbox 2233 416 3776 506">
    <p class='ocr_par' dir='ltr' id='par_1_67' title="bbox 2233 416 3776 506">
     <span class='ocr_line' id='line_1_71' title="bbox 2233 416 3776 506; baseline -0.014 -16"><span class='ocrx_word' id='word_1_481' title='bbox 2233 445 2472 506; x_wconf 87' lang='lat' dir='ltr'><strong>superat,</strong></span> <span class='ocrx_word' id='word_1_482' title='bbox 2509 445 2563 487; x_wconf 92' lang='lat' dir='ltr'><strong>et</strong></span> <span class='ocrx_word' id='word_1_483' title='bbox 2592 427 2883 500; x_wconf 86' lang='lat' dir='ltr'><strong>prosternit</strong></span> <span class='ocrx_word' id='word_1_484' title='bbox 2907 421 3244 492; x_wconf 84' lang='lat' dir='ltr'><strong>Allophylos.</strong></span> <span class='ocrx_word' id='word_1_485' title='bbox 3276 418 3462 473; x_wconf 85' lang='lat' dir='ltr'><strong>Potest</strong></span> <span class='ocrx_word' id='word_1_486' title='bbox 3487 429 3611 483; x_wconf 86' lang='lat' dir='ltr'><strong>ergo</strong></span> <span class='ocrx_word' id='word_1_487' title='bbox 3642 416 3776 481; x_wconf 86' lang='lat' dir='ltr'><strong>ﬁeri,</strong></span> 
     </span>
    </p>
   </div>
   <div class='ocr_carea' id='block_1_68' title="bbox 2236 504 3778 593">
    <p class='ocr_par' dir='ltr' id='par_1_68' title="bbox 2236 504 3778 593">
     <span class='ocr_line' id='line_1_72' title="bbox 2236 504 3778 593; baseline -0.015 -10"><span class='ocrx_word' id='word_1_488' title='bbox 2236 540 2291 582; x_wconf 88' lang='lat' dir='ltr'><strong>ut</strong></span> <span class='ocrx_word' id='word_1_489' title='bbox 2322 526 2580 582; x_wconf 71' lang='lat' dir='ltr'><strong>Ecclesiae</strong></span> <span class='ocrx_word' id='word_1_490' title='bbox 2600 523 2762 593; x_wconf 81' lang='lat' dir='ltr'><strong>judex</strong></span> <span class='ocrx_word' id='word_1_491' title='bbox 2798 533 2903 571; x_wconf 90' lang='lat' dir='ltr'><strong>non</strong></span> <span class='ocrx_word' id='word_1_492' title='bbox 2935 529 3147 584; x_wconf 89' lang='lat' dir='ltr'><strong>semper</strong></span> <span class='ocrx_word' id='word_1_493' title='bbox 3178 510 3420 581; x_wconf 82' lang='lat' dir='ltr'><strong>gladium</strong></span> <span class='ocrx_word' id='word_1_494' title='bbox 3449 504 3695 575; x_wconf 88' lang='lat' dir='ltr'><strong>proferat,</strong></span> <span class='ocrx_word' id='word_1_495' title='bbox 3726 508 3778 560; x_wconf 86' lang='lat' dir='ltr'><strong>id</strong></span> 
     </span>
    </p>
   </div>
   <div class='ocr_carea' id='block_1_69' title="bbox 2234 602 3783 684">
    <p class='ocr_par' dir='ltr' id='par_1_69' title="bbox 2234 602 3783 684">
     <span class='ocr_line' id='line_1_73' title="bbox 2234 602 3783 684; baseline -0.016 -8"><span class='ocrx_word' id='word_1_496' title='bbox 2234 633 2336 684; x_wconf 88' lang='lat' dir='ltr'><strong>est,</strong></span> <span class='ocrx_word' id='word_1_497' title='bbox 2375 635 2480 674; x_wconf 92' lang='lat' dir='ltr'><strong>non</strong></span> <span class='ocrx_word' id='word_1_498' title='bbox 2521 630 2734 684; x_wconf 90' lang='lat' dir='ltr'><strong>semper</strong></span> <span class='ocrx_word' id='word_1_499' title='bbox 2764 612 3075 665; x_wconf 86' lang='lat' dir='ltr'><strong>austeritate</strong></span> <span class='ocrx_word' id='word_1_500' title='bbox 3117 605 3263 660; x_wconf 91' lang='lat' dir='ltr'><strong>verbi</strong></span> <span class='ocrx_word' id='word_1_501' title='bbox 3306 613 3360 656; x_wconf 88' lang='lat' dir='ltr'><strong>et</strong></span> <span class='ocrx_word' id='word_1_502' title='bbox 3405 602 3646 654; x_wconf 89' lang='lat' dir='ltr'><strong>acumine</strong></span> <span class='ocrx_word' id='word_1_503' title='bbox 3671 616 3783 653; x_wconf 86' lang='lat' dir='ltr'><strong>cor-</strong></span> 
     </span>
    </p>
   </div>
   <div class='ocr_carea' id='block_1_70' title="bbox 2239 693 3783 782">
    <p class='ocr_par' dir='ltr' id='par_1_70' title="bbox 2239 693 3783 782">
     <span class='ocr_line' id='line_1_74' title="bbox 2239 693 3783 782; baseline -0.016 -15"><span class='ocrx_word' id='word_1_504' title='bbox 2239 711 2502 782; x_wconf 89' lang='lat' dir='ltr'><strong>reptionis</strong></span> <span class='ocrx_word' id='word_1_505' title='bbox 2531 717 2740 767; x_wconf 88' lang='lat' dir='ltr'><strong>utatur.</strong></span> <span class='ocrx_word' id='word_1_506' title='bbox 2768 703 2861 758; x_wconf 90' lang='lat' dir='ltr'><strong>sed</strong></span> <span class='ocrx_word' id='word_1_507' title='bbox 2889 697 3181 769; x_wconf 87' lang='lat' dir='ltr'><strong>aliquando</strong></span> <span class='ocrx_word' id='word_1_508' title='bbox 3203 697 3365 750; x_wconf 88' lang='lat' dir='ltr'><strong>etiam</strong></span> <span class='ocrx_word' id='word_1_509' title='bbox 3394 693 3626 746; x_wconf 88' lang='lat' dir='ltr'><strong>imitetur</strong></span> <span class='ocrx_word' id='word_1_510' title='bbox 3650 693 3783 759; x_wconf 85' lang='lat' dir='ltr'><strong>agri-</strong></span> 
     </span>
    </p>
   </div>
   <div class='ocr_carea' id='block_1_71' title="bbox 2239 787 3784 866">
    <p class='ocr_par' dir='ltr' id='par_1_71' title="bbox 2239 787 3784 866">
     <span class='ocr_line' id='line_1_75' title="bbox 2239 787 3784 866; baseline -0.014 -8"><span class='ocrx_word' id='word_1_511' title='bbox 2239 806 2416 859; x_wconf 87' lang='lat' dir='ltr'><strong>colam</strong></span> <span class='ocrx_word' id='word_1_512' title='bbox 2447 841 2462 866; x_wconf 92' lang='lat'><strong>,</strong></span> <span class='ocrx_word' id='word_1_513' title='bbox 2491 810 2544 855; x_wconf 86' lang='lat' dir='ltr'><strong>et</strong></span> <span class='ocrx_word' id='word_1_514' title='bbox 2573 798 2717 852; x_wconf 86' lang='lat' dir='ltr'><strong>velut</strong></span> <span class='ocrx_word' id='word_1_515' title='bbox 2751 803 2936 848; x_wconf 89' lang='lat' dir='ltr'><strong>aratro</strong></span> <span class='ocrx_word' id='word_1_516' title='bbox 2970 792 3187 845; x_wconf 87' lang='lat' dir='ltr'><strong>sulcaris</strong></span> <span class='ocrx_word' id='word_1_517' title='bbox 3229 787 3427 840; x_wconf 67' lang='lat' dir='ltr'><strong>animae</strong></span> <span class='ocrx_word' id='word_1_518' title='bbox 3470 794 3691 843; x_wconf 83' lang='lat' dir='ltr'><strong>terram,</strong></span> <span class='ocrx_word' id='word_1_519' title='bbox 3720 796 3784 838; x_wconf 84' lang='lat' dir='ltr'><strong>ac</strong></span> 
     </span>
    </p>
   </div>
   <div class='ocr_carea' id='block_1_72' title="bbox 2242 876 3783 966">
    <p class='ocr_par' dir='ltr' id='par_1_72' title="bbox 2242 876 3783 966">
     <span class='ocr_line' id='line_1_76' title="bbox 2242 876 3783 966; baseline -0.018 -13"><span class='ocrx_word' id='word_1_520' title='bbox 2242 896 2437 966; x_wconf 70' lang='lat' dir='ltr'><strong>saepius</strong></span> <span class='ocrx_word' id='word_1_521' title='bbox 2456 909 2573 950; x_wconf 82' lang='lat' dir='ltr'><strong>eam</strong></span> <span class='ocrx_word' id='word_1_522' title='bbox 2592 887 2842 946; x_wconf 91' lang='lat' dir='ltr'><strong>elementi</strong></span> <span class='ocrx_word' id='word_1_523' title='bbox 2871 883 3239 940; x_wconf 89' lang='lat' dir='ltr'><strong>commotione</strong></span> <span class='ocrx_word' id='word_1_524' title='bbox 3262 876 3596 937; x_wconf 86' lang='lat' dir='ltr'><strong>rescindens,</strong></span> <span class='ocrx_word' id='word_1_525' title='bbox 3619 882 3783 943; x_wconf 82' lang='lat' dir='ltr'><strong>aptam</strong></span> 
     </span>
    </p>
   </div>
   <div class='ocr_carea' id='block_1_73' title="bbox 2241 967 3787 1053">
    <p class='ocr_par' dir='ltr' id='par_1_73' title="bbox 2241 967 3787 1053">
     <span class='ocr_line' id='line_1_77' title="bbox 2241 967 3787 1053; baseline -0.016 -10"><span class='ocrx_word' id='word_1_526' title='bbox 2241 1005 2361 1043; x_wconf 89' lang='lat' dir='ltr'><strong>eam</strong></span> <span class='ocrx_word' id='word_1_527' title='bbox 2416 982 2771 1053; x_wconf 89' lang='lat' dir='ltr'><strong>suscipiendis</strong></span> <span class='ocrx_word' id='word_1_528' title='bbox 2817 975 3117 1032; x_wconf 90' lang='lat' dir='ltr'><strong>seminibus</strong></span> <span class='ocrx_word' id='word_1_529' title='bbox 3181 980 3358 1043; x_wconf 88' lang='lat' dir='ltr'><strong>paret.</strong></span> <span class='ocrx_word' id='word_1_530' title='bbox 3419 967 3787 1022; x_wconf 79' lang='lat' dir='ltr'><strong>lnterﬁcientur</strong></span> 
     </span>
    </p>
   </div>
   <div class='ocr_carea' id='block_1_74' title="bbox 2243 1061 3788 1151">
    <p class='ocr_par' dir='ltr' id='par_1_74' title="bbox 2243 1061 3788 1151">
     <span class='ocr_line' id='line_1_78' title="bbox 2243 1061 3788 1151; baseline -0.017 -16"><span class='ocrx_word' id='word_1_531' title='bbox 2243 1095 2374 1151; x_wconf 82' lang='lat' dir='ltr'><strong>ergo</strong></span> <span class='ocrx_word' id='word_1_532' title='bbox 2399 1078 2560 1132; x_wconf 86' lang='lat' dir='ltr'><strong>etiam</strong></span> <span class='ocrx_word' id='word_1_533' title='bbox 2608 1075 2687 1128; x_wconf 90' lang='lat' dir='ltr'><strong>sic</strong></span> <span class='ocrx_word' id='word_1_534' title='bbox 2717 1068 2981 1139; x_wconf 81' lang='lat' dir='ltr'><strong>Allophyli</strong></span> <span class='ocrx_word' id='word_1_535' title='bbox 3013 1108 3028 1132; x_wconf 89' lang='lat'><strong>,</strong></span> <span class='ocrx_word' id='word_1_536' title='bbox 3063 1082 3183 1120; x_wconf 89' lang='lat' dir='ltr'><strong>cum</strong></span> <span class='ocrx_word' id='word_1_537' title='bbox 3234 1080 3340 1118; x_wconf 87' lang='lat' dir='ltr'><strong>non</strong></span> <span class='ocrx_word' id='word_1_538' title='bbox 3392 1061 3705 1131; x_wconf 86' lang='lat' dir='ltr'><strong>argumentis</strong></span> <span class='ocrx_word' id='word_1_539' title='bbox 3730 1067 3788 1109; x_wconf 85' lang='lat' dir='ltr'><strong>et</strong></span> 
     </span>
    </p>
   </div>
   <div class='ocr_carea' id='block_1_75' title="bbox 2245 1149 3789 1226">
    <p class='ocr_par' dir='ltr' id='par_1_75' title="bbox 2245 1149 3789 1226">
     <span class='ocr_line' id='line_1_79' title="bbox 2245 1149 3789 1226; baseline -0.016 -2"><span class='ocrx_word' id='word_1_540' title='bbox 2245 1171 2494 1226; x_wconf 87' lang='lat' dir='ltr'><strong>acumine</strong></span> <span class='ocrx_word' id='word_1_541' title='bbox 2529 1176 2715 1221; x_wconf 88' lang='lat' dir='ltr'><strong>contra</strong></span> <span class='ocrx_word' id='word_1_542' title='bbox 2747 1160 3093 1215; x_wconf 87' lang='lat' dir='ltr'><strong>adversarios</strong></span> <span class='ocrx_word' id='word_1_543' title='bbox 3124 1157 3323 1210; x_wconf 87' lang='lat' dir='ltr'><strong>utimur</strong></span> <span class='ocrx_word' id='word_1_544' title='bbox 3347 1195 3362 1220; x_wconf 92' lang='lat'><strong>,</strong></span> <span class='ocrx_word' id='word_1_545' title='bbox 3409 1153 3502 1207; x_wconf 89' lang='lat' dir='ltr'><strong>sed</strong></span> <span class='ocrx_word' id='word_1_546' title='bbox 3529 1149 3706 1219; x_wconf 88' lang='lat' dir='ltr'><strong>agresti</strong></span> <span class='ocrx_word' id='word_1_547' title='bbox 3731 1156 3789 1201; x_wconf 86' lang='lat' dir='ltr'><strong>et</strong></span> 
     </span>
    </p>
   </div>
   <div class='ocr_carea' id='block_1_76' title="bbox 2247 1244 3792 1331">
    <p class='ocr_par' dir='ltr' id='par_1_76' title="bbox 2247 1244 3792 1331">
     <span class='ocr_line' id='line_1_80' title="bbox 2247 1244 3792 1331; baseline -0.018 -11"><span class='ocrx_word' id='word_1_548' title='bbox 2247 1263 2476 1331; x_wconf 90' lang='lat' dir='ltr'><strong>simplici</strong></span> <span class='ocrx_word' id='word_1_549' title='bbox 2503 1255 2924 1316; x_wconf 90' lang='lat' dir='ltr'><strong>commonitione</strong></span> <span class='ocrx_word' id='word_1_550' title='bbox 2955 1254 3020 1306; x_wconf 90' lang='lat' dir='ltr'><strong>de</strong></span> <span class='ocrx_word' id='word_1_551' title='bbox 3046 1250 3245 1304; x_wconf 82' lang='lat' dir='ltr'><strong>animis</strong></span> <span class='ocrx_word' id='word_1_552' title='bbox 3272 1248 3580 1299; x_wconf 89' lang='lat' dir='ltr'><strong>auditorum</strong></span> <span class='ocrx_word' id='word_1_553' title='bbox 3605 1244 3714 1294; x_wconf 78' lang='lat' dir='ltr'><strong>vitia</strong></span> <span class='ocrx_word' id='word_1_554' title='bbox 3736 1249 3792 1293; x_wconf 86' lang='lat' dir='ltr'><strong>et</strong></span> 
     </span>
    </p>
   </div>
   <div class='ocr_carea' id='block_1_77' title="bbox 2248 1337 3793 1431">
    <p class='ocr_par' dir='ltr' id='par_1_77' title="bbox 2248 1337 3793 1431">
     <span class='ocr_line' id='line_1_81' title="bbox 2248 1337 3793 1431; baseline -0.017 -18"><span class='ocrx_word' id='word_1_555' title='bbox 2248 1365 2468 1431; x_wconf 87' lang='lat' dir='ltr'><strong>peccata</strong></span> <span class='ocrx_word' id='word_1_556' title='bbox 2496 1351 2864 1423; x_wconf 86' lang='lat' dir='ltr'><strong>propellimus.</strong></span> <span class='ocrx_word' id='word_1_557' title='bbox 2893 1346 2997 1400; x_wconf 81' lang='lat' dir='ltr'><strong>Sed</strong></span> <span class='ocrx_word' id='word_1_558' title='bbox 3027 1353 3082 1397; x_wconf 91' lang='lat' dir='ltr'><strong>et</strong></span> <span class='ocrx_word' id='word_1_559' title='bbox 3113 1354 3168 1396; x_wconf 92' lang='lat' dir='ltr'><strong>tu</strong></span> <span class='ocrx_word' id='word_1_560' title='bbox 3201 1344 3335 1412; x_wconf 92' lang='lat' dir='ltr'><strong>ipse,</strong></span> <span class='ocrx_word' id='word_1_561' title='bbox 3370 1353 3403 1392; x_wconf 97' lang='lat' dir='ltr'><strong>o</strong></span> <span class='ocrx_word' id='word_1_562' title='bbox 3433 1337 3656 1400; x_wconf 91' lang='lat' dir='ltr'><strong>auditor,</strong></span> <span class='ocrx_word' id='word_1_563' title='bbox 3681 1347 3793 1388; x_wconf 83' lang='lat' dir='ltr'><strong>esto</strong></span> 
     </span>
    </p>
   </div>
   <div class='ocr_carea' id='block_1_78' title="bbox 2248 1428 3794 1522">
    <p class='ocr_par' dir='ltr' id='par_1_78' title="bbox 2248 1428 3794 1522">
     <span class='ocr_line' id='line_1_82' title="bbox 2248 1428 3794 1522; baseline -0.018 -16"><span class='ocrx_word' id='word_1_564' title='bbox 2248 1449 2482 1522; x_wconf 87' lang='lat' dir='ltr'><strong>agricola</strong></span> <span class='ocrx_word' id='word_1_565' title='bbox 2532 1447 2726 1499; x_wconf 58' lang='lat' dir='ltr'><strong>animai</strong></span> <span class='ocrx_word' id='word_1_566' title='bbox 2771 1454 2876 1498; x_wconf 68' lang='lat' dir='ltr'><strong>tua:</strong></span> <span class='ocrx_word' id='word_1_567' title='bbox 2901 1482 2915 1505; x_wconf 92' lang='lat'><strong>,</strong></span> <span class='ocrx_word' id='word_1_568' title='bbox 2951 1451 3101 1493; x_wconf 90' lang='lat' dir='ltr'><strong>utere</strong></span> <span class='ocrx_word' id='word_1_569' title='bbox 3141 1436 3244 1490; x_wconf 87' lang='lat' dir='ltr'><strong>hoc</strong></span> <span class='ocrx_word' id='word_1_570' title='bbox 3281 1440 3463 1486; x_wconf 90' lang='lat' dir='ltr'><strong>aratro</strong></span> <span class='ocrx_word' id='word_1_571' title='bbox 3493 1444 3596 1497; x_wconf 92' lang='lat' dir='ltr'><strong>quo</strong></span> <span class='ocrx_word' id='word_1_572' title='bbox 3635 1428 3794 1478; x_wconf 81' lang='lat' dir='ltr'><strong>utitur</strong></span> 
     </span>
    </p>
   </div>
   <div class='ocr_carea' id='block_1_79' title="bbox 2251 1521 3792 1611">
    <p class='ocr_par' dir='ltr' id='par_1_79' title="bbox 2251 1521 3792 1611">
     <span class='ocr_line' id='line_1_83' title="bbox 2251 1521 3792 1611; baseline -0.021 -10"><span class='ocrx_word' id='word_1_573' title='bbox 2251 1547 2530 1611; x_wconf 82' lang='lat' dir='ltr'><strong>Semegar.</strong></span> <span class='ocrx_word' id='word_1_574' title='bbox 2567 1539 2673 1593; x_wconf 86' lang='lat' dir='ltr'><strong>Sed</strong></span> <span class='ocrx_word' id='word_1_575' title='bbox 2702 1552 2824 1588; x_wconf 90' lang='lat' dir='ltr'><strong>cum</strong></span> <span class='ocrx_word' id='word_1_576' title='bbox 2851 1531 3062 1587; x_wconf 90' lang='lat' dir='ltr'><strong>miseris</strong></span> <span class='ocrx_word' id='word_1_577' title='bbox 3098 1541 3314 1582; x_wconf 84' lang='lat' dir='ltr'><strong>manum</strong></span> <span class='ocrx_word' id='word_1_578' title='bbox 3349 1533 3496 1577; x_wconf 88' lang='lat' dir='ltr'><strong>tuam</strong></span> <span class='ocrx_word' id='word_1_579' title='bbox 3528 1521 3580 1574; x_wconf 93' lang='lat' dir='ltr'><strong>in</strong></span> <span class='ocrx_word' id='word_1_580' title='bbox 3610 1529 3792 1580; x_wconf 88' lang='lat' dir='ltr'><strong>aratro,</strong></span> 
     </span>
    </p>
   </div>
   <div class='ocr_carea' id='block_1_80' title="bbox 2251 1612 3799 1698">
    <p class='ocr_par' dir='ltr' id='par_1_80' title="bbox 2251 1612 3799 1698">
     <span class='ocr_line' id='line_1_84' title="bbox 2251 1612 3799 1698; baseline -0.021 -7"><span class='ocrx_word' id='word_1_581' title='bbox 2251 1637 2358 1691; x_wconf 92' lang='lat' dir='ltr'><strong>noli</strong></span> <span class='ocrx_word' id='word_1_582' title='bbox 2394 1646 2539 1688; x_wconf 89' lang='lat' dir='ltr'><strong>retro</strong></span> <span class='ocrx_word' id='word_1_583' title='bbox 2570 1629 2836 1698; x_wconf 82' lang='lat' dir='ltr'><strong>respicere</strong></span> <span class='ocrx_word' id='word_1_584' title='bbox 2858 1626 2937 1678; x_wconf 82' lang='lat'><strong>&quot;:</strong></span> <span class='ocrx_word' id='word_1_585' title='bbox 2976 1624 3028 1677; x_wconf 92' lang='lat' dir='ltr'><strong>id</strong></span> <span class='ocrx_word' id='word_1_586' title='bbox 3055 1631 3137 1676; x_wconf 89' lang='lat' dir='ltr'><strong>est</strong></span> <span class='ocrx_word' id='word_1_587' title='bbox 3166 1627 3452 1689; x_wconf 89' lang='lat' dir='ltr'><strong>postquam</strong></span> <span class='ocrx_word' id='word_1_588' title='bbox 3486 1612 3660 1667; x_wconf 88' lang='lat' dir='ltr'><strong>tuleris</strong></span> <span class='ocrx_word' id='word_1_589' title='bbox 3681 1626 3799 1664; x_wconf 89' lang='lat' dir='ltr'><strong>cru-</strong></span> 
     </span>
    </p>
   </div>
   <div class='ocr_carea' id='block_1_81' title="bbox 2243 1709 3796 1784">
    <p class='ocr_par' dir='ltr' id='par_1_81' title="bbox 2243 1709 3796 1784">
     <span class='ocr_line' id='line_1_85' title="bbox 2243 1709 3796 1784; baseline -0.019 -2"><span class='ocrx_word' id='word_1_590' title='bbox 2243 1743 2361 1782; x_wconf 89' lang='lat' dir='ltr'><strong>cem</strong></span> <span class='ocrx_word' id='word_1_591' title='bbox 2402 1733 2547 1778; x_wconf 88' lang='lat' dir='ltr'><strong>tuam</strong></span> <span class='ocrx_word' id='word_1_592' title='bbox 2573 1761 2589 1784; x_wconf 90' lang='lat'><strong>,</strong></span> <span class='ocrx_word' id='word_1_593' title='bbox 2627 1730 2682 1774; x_wconf 91' lang='lat' dir='ltr'><strong>et</strong></span> <span class='ocrx_word' id='word_1_594' title='bbox 2715 1725 2933 1772; x_wconf 88' lang='lat' dir='ltr'><strong>secutus</strong></span> <span class='ocrx_word' id='word_1_595' title='bbox 2971 1713 3138 1767; x_wconf 82' lang='lat' dir='ltr'><strong>fueris</strong></span> <span class='ocrx_word' id='word_1_596' title='bbox 3183 1709 3457 1763; x_wconf 87' lang='lat' dir='ltr'><strong>Christum</strong></span> <span class='ocrx_word' id='word_1_597' title='bbox 3485 1745 3500 1768; x_wconf 94' lang='lat'><strong>,</strong></span> <span class='ocrx_word' id='word_1_598' title='bbox 3535 1712 3796 1773; x_wconf 79' lang='lat' dir='ltr'><strong>postquam</strong></span> 
     </span>
    </p>
   </div>
   <div class='ocr_carea' id='block_1_82' title="bbox 2246 1793 3800 1874">
    <p class='ocr_par' dir='ltr' id='par_1_82' title="bbox 2246 1793 3800 1874">
     <span class='ocr_line' id='line_1_86' title="bbox 2246 1793 3800 1874; baseline -0.018 -1"><span class='ocrx_word' id='word_1_599' title='bbox 2246 1816 2449 1874; x_wconf 68' lang='lat' dir='ltr'><strong>sacculo</strong></span> <span class='ocrx_word' id='word_1_600' title='bbox 2481 1808 2806 1867; x_wconf 86' lang='lat' dir='ltr'><strong>renuntiasti</strong></span> <span class='ocrx_word' id='word_1_601' title='bbox 2836 1816 2892 1861; x_wconf 89' lang='lat' dir='ltr'><strong>et</strong></span> <span class='ocrx_word' id='word_1_602' title='bbox 2937 1806 3003 1860; x_wconf 90' lang='lat' dir='ltr'><strong>iis</strong></span> <span class='ocrx_word' id='word_1_603' title='bbox 3044 1819 3163 1872; x_wconf 63' lang='lat' dir='ltr'><strong>qua}</strong></span> <span class='ocrx_word' id='word_1_604' title='bbox 3191 1802 3243 1854; x_wconf 91' lang='lat' dir='ltr'><strong>in</strong></span> <span class='ocrx_word' id='word_1_605' title='bbox 3292 1797 3488 1854; x_wconf 54' lang='lat' dir='ltr'><strong>saculo</strong></span> <span class='ocrx_word' id='word_1_606' title='bbox 3515 1802 3667 1860; x_wconf 90' lang='lat' dir='ltr'><strong>sunt,</strong></span> <span class='ocrx_word' id='word_1_607' title='bbox 3699 1793 3800 1846; x_wconf 90' lang='lat' dir='ltr'><strong>noii</strong></span> 
     </span>
    </p>
   </div>
   <div class='ocr_carea' id='block_1_83' title="bbox 2248 1884 3798 1975">
    <p class='ocr_par' dir='ltr' id='par_1_83' title="bbox 2248 1884 3798 1975">
     <span class='ocr_line' id='line_1_87' title="bbox 2248 1884 3798 1975; baseline -0.021 -10"><span class='ocrx_word' id='word_1_608' title='bbox 2248 1922 2395 1965; x_wconf 87' lang='lat' dir='ltr'><strong>retro</strong></span> <span class='ocrx_word' id='word_1_609' title='bbox 2425 1905 2725 1975; x_wconf 89' lang='lat' dir='ltr'><strong>respicere,</strong></span> <span class='ocrx_word' id='word_1_610' title='bbox 2779 1899 2890 1953; x_wconf 95' lang='lat' dir='ltr'><strong>noli</strong></span> <span class='ocrx_word' id='word_1_611' title='bbox 2931 1897 3210 1966; x_wconf 87' lang='lat' dir='ltr'><strong>requirere</strong></span> <span class='ocrx_word' id='word_1_612' title='bbox 3248 1907 3367 1960; x_wconf 69' lang='lat' dir='ltr'><strong>qua:</strong></span> <span class='ocrx_word' id='word_1_613' title='bbox 3405 1899 3619 1958; x_wconf 87' lang='lat' dir='ltr'><strong>pr0pter</strong></span> <span class='ocrx_word' id='word_1_614' title='bbox 3647 1884 3798 1938; x_wconf 88' lang='lat' dir='ltr'><strong>Chri-</strong></span> 
     </span>
    </p>
   </div>
   <div class='ocr_carea' id='block_1_84' title="bbox 2252 1981 3802 2061">
    <p class='ocr_par' dir='ltr' id='par_1_84' title="bbox 2252 1981 3802 2061">
     <span class='ocr_line' id='line_1_88' title="bbox 2252 1981 3802 2061; baseline -0.025 0"><span class='ocrx_word' id='word_1_615' title='bbox 2252 2016 2394 2061; x_wconf 90' lang='lat' dir='ltr'><strong>stum</strong></span> <span class='ocrx_word' id='word_1_616' title='bbox 2425 2003 2660 2055; x_wconf 85' lang='lat' dir='ltr'><strong>duxeras</strong></span> <span class='ocrx_word' id='word_1_617' title='bbox 2700 2004 2760 2048; x_wconf 91' lang='lat' dir='ltr'><strong>ut</strong></span> <span class='ocrx_word' id='word_1_618' title='bbox 2811 2002 3096 2045; x_wconf 88' lang='lat' dir='ltr'><strong>stercora:</strong></span> <span class='ocrx_word' id='word_1_619' title='bbox 3146 1985 3271 2056; x_wconf 89' lang='lat' dir='ltr'><strong>quia</strong></span> <span class='ocrx_word' id='word_1_620' title='bbox 3325 1985 3369 2037; x_wconf 92' lang='lat' dir='ltr'><strong>si</strong></span> <span class='ocrx_word' id='word_1_621' title='bbox 3406 1982 3461 2035; x_wconf 94' lang='lat' dir='ltr'><strong>in</strong></span> <span class='ocrx_word' id='word_1_622' title='bbox 3503 1981 3603 2034; x_wconf 90' lang='lat' dir='ltr'><strong>isto</strong></span> <span class='ocrx_word' id='word_1_623' title='bbox 3631 1989 3802 2031; x_wconf 84' lang='lat' dir='ltr'><strong>aratro</strong></span> 
     </span>
    </p>
   </div>
   <div class='ocr_carea' id='block_1_85' title="bbox 2256 2065 3803 2159">
    <p class='ocr_par' dir='ltr' id='par_1_85' title="bbox 2256 2065 3803 2159">
     <span class='ocr_line' id='line_1_89' title="bbox 2256 2065 3803 2159; baseline -0.022 -8"><span class='ocrx_word' id='word_1_624' title='bbox 2256 2109 2470 2152; x_wconf 90' lang='lat' dir='ltr'><strong>manum</strong></span> <span class='ocrx_word' id='word_1_625' title='bbox 2495 2103 2712 2159; x_wconf 90' lang='lat' dir='ltr'><strong>semper</strong></span> <span class='ocrx_word' id='word_1_626' title='bbox 2735 2081 3011 2143; x_wconf 86' lang='lat' dir='ltr'><strong>habueris,</strong></span> <span class='ocrx_word' id='word_1_627' title='bbox 3037 2081 3110 2134; x_wconf 87' lang='lat' dir='ltr'><strong>ita</strong></span> <span class='ocrx_word' id='word_1_628' title='bbox 3139 2086 3198 2131; x_wconf 91' lang='lat' dir='ltr'><strong>ut</strong></span> <span class='ocrx_word' id='word_1_629' title='bbox 3225 2072 3557 2130; x_wconf 82' lang='lat' dir='ltr'><strong>conﬁdenter</strong></span> <span class='ocrx_word' id='word_1_630' title='bbox 3576 2069 3713 2122; x_wconf 88' lang='lat' dir='ltr'><strong>dicas</strong></span> <span class='ocrx_word' id='word_1_631' title='bbox 3737 2065 3803 2117; x_wconf 61' lang='grc' dir='ltr'><strong>δεῖ</strong></span> 
     </span>
    </p>
   </div>
   <div class='ocr_carea' id='block_1_86' title="bbox 2263 2159 3803 2245">
    <p class='ocr_par' dir='ltr' id='par_1_86' title="bbox 2263 2159 3803 2245">
     <span class='ocr_line' id='line_1_90' title="bbox 2263 2159 3803 2245; baseline -0.02 -4"><span class='ocrx_word' id='word_1_632' title='bbox 2263 2187 2438 2244; x_wconf 63' lang='lat' dir='ltr'><strong>«Mihi</strong></span> <span class='ocrx_word' id='word_1_633' title='bbox 2489 2193 2664 2238; x_wconf 90' lang='lat' dir='ltr'><strong>autem</strong></span> <span class='ocrx_word' id='word_1_634' title='bbox 2715 2177 2858 2232; x_wconf 90' lang='lat' dir='ltr'><strong>absit</strong></span> <span class='ocrx_word' id='word_1_635' title='bbox 2890 2171 3108 2245; x_wconf 89' lang='lat' dir='ltr'><strong>gloriari</strong></span> <span class='ocrx_word' id='word_1_636' title='bbox 3162 2168 3262 2222; x_wconf 85' lang='lat' dir='ltr'><strong>nisi</strong></span> <span class='ocrx_word' id='word_1_637' title='bbox 3307 2167 3361 2219; x_wconf 91' lang='lat' dir='ltr'><strong>in</strong></span> <span class='ocrx_word' id='word_1_638' title='bbox 3415 2177 3574 2219; x_wconf 85' lang='lat' dir='ltr'><strong>cruce</strong></span> <span class='ocrx_word' id='word_1_639' title='bbox 3608 2159 3803 2214; x_wconf 89' lang='lat' dir='ltr'><strong>Domini</strong></span> 
     </span>
    </p>
   </div>
   <div class='ocr_carea' id='block_1_87' title="bbox 2260 2252 3807 2336">
    <p class='ocr_par' dir='ltr' id='par_1_87' title="bbox 2260 2252 3807 2336">
     <span class='ocr_line' id='line_1_91' title="bbox 2260 2252 3807 2336; baseline -0.021 -2"><span class='ocrx_word' id='word_1_640' title='bbox 2260 2277 2430 2334; x_wconf 91' lang='lat' dir='ltr'><strong>nostri</strong></span> <span class='ocrx_word' id='word_1_641' title='bbox 2453 2275 2579 2331; x_wconf 82' lang='lat' dir='ltr'><strong>Jesu</strong></span> <span class='ocrx_word' id='word_1_642' title='bbox 2626 2269 2853 2333; x_wconf 86' lang='lat' dir='ltr'><strong>Christi,</strong></span> <span class='ocrx_word' id='word_1_643' title='bbox 2885 2282 2981 2336; x_wconf 89' lang='lat' dir='ltr'><strong>per</strong></span> <span class='ocrx_word' id='word_1_644' title='bbox 3009 2279 3169 2334; x_wconf 88' lang='lat' dir='ltr'><strong>quem</strong></span> <span class='ocrx_word' id='word_1_645' title='bbox 3221 2260 3352 2315; x_wconf 91' lang='lat' dir='ltr'><strong>mihi</strong></span> <span class='ocrx_word' id='word_1_646' title='bbox 3384 2254 3613 2310; x_wconf 90' lang='lat' dir='ltr'><strong>mundus</strong></span> <span class='ocrx_word' id='word_1_647' title='bbox 3642 2252 3807 2306; x_wconf 88' lang='lat' dir='ltr'><strong>cruci-</strong></span> 
     </span>
    </p>
   </div>
   <div class='ocr_carea' id='block_1_88' title="bbox 2261 2345 3807 2436">
    <p class='ocr_par' dir='ltr' id='par_1_88' title="bbox 2261 2345 3807 2436">
     <span class='ocr_line' id='line_1_92' title="bbox 2261 2345 3807 2436; baseline -0.021 -9"><span class='ocrx_word' id='word_1_648' title='bbox 2261 2372 2401 2426; x_wconf 83' lang='lat' dir='ltr'><strong>ﬁxus</strong></span> <span class='ocrx_word' id='word_1_649' title='bbox 2429 2379 2533 2432; x_wconf 90' lang='lat' dir='ltr'><strong>est,</strong></span> <span class='ocrx_word' id='word_1_650' title='bbox 2567 2377 2622 2420; x_wconf 91' lang='lat' dir='ltr'><strong>et</strong></span> <span class='ocrx_word' id='word_1_651' title='bbox 2649 2381 2748 2436; x_wconf 87' lang='lat' dir='ltr'><strong>ego</strong></span> <span class='ocrx_word' id='word_1_652' title='bbox 2776 2361 3005 2426; x_wconf 91' lang='lat' dir='ltr'><strong>mundo;</strong></span> <span class='ocrx_word' id='word_1_653' title='bbox 3036 2377 3056 2410; x_wconf 70' lang='grc' dir='ltr'><strong>ι</strong></span> <span class='ocrx_word' id='word_1_654' title='bbox 3089 2357 3202 2410; x_wconf 64' lang='lat' dir='ltr'><strong>hinc</strong></span> <span class='ocrx_word' id='word_1_655' title='bbox 3231 2352 3328 2407; x_wconf 90' lang='lat' dir='ltr'><strong>tibi</strong></span> <span class='ocrx_word' id='word_1_656' title='bbox 3357 2349 3554 2405; x_wconf 85' lang='lat' dir='ltr'><strong>dicenti</strong></span> <span class='ocrx_word' id='word_1_657' title='bbox 3586 2363 3604 2397; x_wconf 76' lang='grc' dir='ltr'><strong>ι</strong></span> <span class='ocrx_word' id='word_1_658' title='bbox 3626 2345 3807 2400; x_wconf 81' lang='lat' dir='ltr'><strong>cadent</strong></span> 
     </span>
    </p>
   </div>
   <div class='ocr_carea' id='block_1_89' title="bbox 2263 2435 3810 2516">
    <p class='ocr_par' dir='ltr' id='par_1_89' title="bbox 2263 2435 3810 2516">
     <span class='ocr_line' id='line_1_93' title="bbox 2263 2435 3810 2516; baseline -0.021 0"><span class='ocrx_word' id='word_1_659' title='bbox 2263 2480 2290 2516; x_wconf 92' lang='lat' dir='ltr'><strong>a</strong></span> <span class='ocrx_word' id='word_1_660' title='bbox 2325 2461 2533 2516; x_wconf 78' lang='lat' dir='ltr'><strong>dextris</strong></span> <span class='ocrx_word' id='word_1_661' title='bbox 2557 2460 2661 2512; x_wconf 90' lang='lat' dir='ltr'><strong>tuis</strong></span> <span class='ocrx_word' id='word_1_662' title='bbox 2691 2435 2876 2510; x_wconf 81' lang='lat' dir='ltr'><strong>decem</strong></span> <span class='ocrx_word' id='word_1_663' title='bbox 2904 2450 3094 2516; x_wconf 89' lang='lat' dir='ltr'><strong>millia,</strong></span> <span class='ocrx_word' id='word_1_664' title='bbox 3129 2455 3184 2502; x_wconf 91' lang='lat' dir='ltr'><strong>et</strong></span> <span class='ocrx_word' id='word_1_665' title='bbox 3205 2460 3236 2500; x_wconf 88' lang='lat' dir='ltr'><strong>a</strong></span> <span class='ocrx_word' id='word_1_666' title='bbox 3259 2443 3496 2500; x_wconf 91' lang='lat' dir='ltr'><strong>sinistris</strong></span> <span class='ocrx_word' id='word_1_667' title='bbox 3526 2439 3624 2492; x_wconf 89' lang='lat' dir='ltr'><strong>tuis</strong></span> <span class='ocrx_word' id='word_1_668' title='bbox 3650 2435 3810 2500; x_wconf 84' lang='lat' dir='ltr'><strong>inille,</strong></span> 
     </span>
    </p>
   </div>
   <div class='ocr_carea' id='block_1_90' title="bbox 2265 2530 3807 2616">
    <p class='ocr_par' dir='ltr' id='par_1_90' title="bbox 2265 2530 3807 2616">
     <span class='ocr_line' id='line_1_94' title="bbox 2265 2530 3807 2616; baseline -0.019 -6"><span class='ocrx_word' id='word_1_669' title='bbox 2265 2557 2332 2610; x_wconf 82' lang='lat' dir='ltr'><strong>ad</strong></span> <span class='ocrx_word' id='word_1_670' title='bbox 2368 2565 2416 2609; x_wconf 93' lang='lat' dir='ltr'><strong>te</strong></span> <span class='ocrx_word' id='word_1_671' title='bbox 2448 2567 2574 2607; x_wconf 88' lang='lat' dir='ltr'><strong>vero</strong></span> <span class='ocrx_word' id='word_1_672' title='bbox 2619 2565 2726 2603; x_wconf 92' lang='lat' dir='ltr'><strong>non</strong></span> <span class='ocrx_word' id='word_1_673' title='bbox 2763 2541 3274 2616; x_wconf 75' lang='lat' dir='ltr'><strong>oppropinquabunt</strong></span> <span class='ocrx_word' id='word_1_674' title='bbox 3304 2536 3373 2589; x_wconf 75' lang='lat'><strong>“.</strong></span> <span class='ocrx_word' id='word_1_675' title='bbox 3408 2555 3426 2586; x_wconf 77' lang='grc' dir='ltr'><strong>ι</strong></span> <span class='ocrx_word' id='word_1_676' title='bbox 3483 2533 3585 2588; x_wconf 88' lang='lat' dir='ltr'><strong>Sed</strong></span> <span class='ocrx_word' id='word_1_677' title='bbox 3617 2541 3670 2584; x_wconf 90' lang='lat' dir='ltr'><strong>et</strong></span> <span class='ocrx_word' id='word_1_678' title='bbox 3717 2530 3807 2583; x_wconf 87' lang='lat' dir='ltr'><strong>hoc</strong></span> 
     </span>
    </p>
   </div>
   <div class='ocr_carea' id='block_1_91' title="bbox 2267 2625 3814 2721">
    <p class='ocr_par' dir='ltr' id='par_1_91' title="bbox 2267 2625 3814 2721">
     <span class='ocr_line' id='line_1_95' title="bbox 2267 2625 3814 2721; baseline -0.023 -15"><span class='ocrx_word' id='word_1_679' title='bbox 2267 2653 2439 2721; x_wconf 78' lang='lat' dir='ltr'><strong>ipsum</strong></span> <span class='ocrx_word' id='word_1_680' title='bbox 2463 2647 2606 2715; x_wconf 92' lang='lat' dir='ltr'><strong>quod</strong></span> <span class='ocrx_word' id='word_1_681' title='bbox 2632 2642 2793 2706; x_wconf 81' lang='lat' dir='ltr'><strong>dixit,</strong></span> <span class='ocrx_word' id='word_1_682' title='bbox 2827 2640 2879 2693; x_wconf 94' lang='lat' dir='ltr'><strong>in</strong></span> <span class='ocrx_word' id='word_1_683' title='bbox 2910 2634 3186 2693; x_wconf 82' lang='lat' dir='ltr'><strong>sexcentis</strong></span> <span class='ocrx_word' id='word_1_684' title='bbox 3213 2629 3346 2684; x_wconf 79' lang='lat' dir='ltr'><strong>viris</strong></span> <span class='ocrx_word' id='word_1_685' title='bbox 3369 2625 3675 2695; x_wconf 81' lang='lat' dir='ltr'><strong>Allophylos</strong></span> <span class='ocrx_word' id='word_1_686' title='bbox 3705 2636 3814 2689; x_wconf 87' lang='lat' dir='ltr'><strong>per-</strong></span> 
     </span>
    </p>
   </div>
   <div class='ocr_carea' id='block_1_92' title="bbox 2268 2715 3807 2802">
    <p class='ocr_par' dir='ltr' id='par_1_92' title="bbox 2268 2715 3807 2802">
     <span class='ocr_line' id='line_1_96' title="bbox 2268 2715 3807 2802; baseline -0.023 -4"><span class='ocrx_word' id='word_1_687' title='bbox 2268 2742 2503 2797; x_wconf 78' lang='lat' dir='ltr'><strong>cussisse</strong></span> <span class='ocrx_word' id='word_1_688' title='bbox 2533 2737 2814 2802; x_wconf 86' lang='lat' dir='ltr'><strong>Semegar,</strong></span> <span class='ocrx_word' id='word_1_689' title='bbox 2850 2745 2957 2785; x_wconf 92' lang='lat' dir='ltr'><strong>non</strong></span> <span class='ocrx_word' id='word_1_690' title='bbox 2995 2726 3126 2781; x_wconf 89' lang='lat' dir='ltr'><strong>tnihi</strong></span> <span class='ocrx_word' id='word_1_691' title='bbox 3155 2725 3369 2778; x_wconf 85' lang='lat' dir='ltr'><strong>videtur</strong></span> <span class='ocrx_word' id='word_1_692' title='bbox 3397 2719 3568 2773; x_wconf 89' lang='lat' dir='ltr'><strong>otiose</strong></span> <span class='ocrx_word' id='word_1_693' title='bbox 3597 2715 3807 2768; x_wconf 88' lang='lat' dir='ltr'><strong>dictum.</strong></span> 
     </span>
    </p>
   </div>
   <div class='ocr_carea' id='block_1_93' title="bbox 2267 2802 3811 2901">
    <p class='ocr_par' dir='ltr' id='par_1_93' title="bbox 2267 2802 3811 2901">
     <span class='ocr_line' id='line_1_97' title="bbox 2267 2802 3811 2901; baseline -0.022 -14"><span class='ocrx_word' id='word_1_694' title='bbox 2267 2834 2407 2901; x_wconf 89' lang='lat' dir='ltr'><strong>Quid</strong></span> <span class='ocrx_word' id='word_1_695' title='bbox 2457 2831 2600 2883; x_wconf 90' lang='lat' dir='ltr'><strong>enim</strong></span> <span class='ocrx_word' id='word_1_696' title='bbox 2634 2839 2768 2895; x_wconf 90' lang='lat' dir='ltr'><strong>opus</strong></span> <span class='ocrx_word' id='word_1_697' title='bbox 2806 2829 2926 2876; x_wconf 88' lang='lat' dir='ltr'><strong>erat</strong></span> <span class='ocrx_word' id='word_1_698' title='bbox 2957 2819 3244 2889; x_wconf 84' lang='lat' dir='ltr'><strong>designare</strong></span> <span class='ocrx_word' id='word_1_699' title='bbox 3282 2815 3446 2870; x_wconf 74' lang='lat' dir='ltr'><strong>etiam</strong></span> <span class='ocrx_word' id='word_1_700' title='bbox 3495 2802 3811 2864; x_wconf 78' lang='lat' dir='ltr'><strong>numerum?</strong></span> 
     </span>
    </p>
   </div>
   <div class='ocr_carea' id='block_1_94' title="bbox 2267 2902 3812 2983">
    <p class='ocr_par' dir='ltr' id='par_1_94' title="bbox 2267 2902 3812 2983">
     <span class='ocr_line' id='line_1_98' title="bbox 2267 2902 3812 2983; baseline -0.02 -2"><span class='ocrx_word' id='word_1_701' title='bbox 2267 2927 2384 2981; x_wconf 64' lang='lat' dir='ltr'><strong>Nisi</strong></span> <span class='ocrx_word' id='word_1_702' title='bbox 2433 2923 2572 2978; x_wconf 82' lang='lat' dir='ltr'><strong>forte</strong></span> <span class='ocrx_word' id='word_1_703' title='bbox 2601 2920 2905 2976; x_wconf 85' lang='lat' dir='ltr'><strong>evidentius</strong></span> <span class='ocrx_word' id='word_1_704' title='bbox 2935 2919 2988 2972; x_wconf 91' lang='lat' dir='ltr'><strong>in</strong></span> <span class='ocrx_word' id='word_1_705' title='bbox 3029 2917 3146 2983; x_wconf 90' lang='lat' dir='ltr'><strong>ipso</strong></span> <span class='ocrx_word' id='word_1_706' title='bbox 3179 2921 3409 2965; x_wconf 86' lang='lat' dir='ltr'><strong>numero</strong></span> <span class='ocrx_word' id='word_1_707' title='bbox 3449 2920 3511 2959; x_wconf 89' lang='lat' dir='ltr'><strong>ea</strong></span> <span class='ocrx_word' id='word_1_708' title='bbox 3539 2903 3600 2956; x_wconf 93' lang='lat' dir='ltr'><strong>de</strong></span> <span class='ocrx_word' id='word_1_709' title='bbox 3630 2902 3812 2968; x_wconf 88' lang='lat' dir='ltr'><strong>quibus</strong></span> 
     </span>
    </p>
   </div>
   <div class='ocr_carea' id='block_1_95' title="bbox 2273 2993 3810 3088">
    <p class='ocr_par' dir='ltr' id='par_1_95' title="bbox 2273 2993 3810 3088">
     <span class='ocr_line' id='line_1_99' title="bbox 2273 2993 3810 3088; baseline -0.023 -13"><span class='ocrx_word' id='word_1_710' title='bbox 2273 3018 2519 3088; x_wconf 85' lang='lat' dir='ltr'><strong>superius</strong></span> <span class='ocrx_word' id='word_1_711' title='bbox 2552 3015 2808 3076; x_wconf 78' lang='lat' dir='ltr'><strong>diximus,</strong></span> <span class='ocrx_word' id='word_1_712' title='bbox 2853 3009 3136 3066; x_wconf 89' lang='lat' dir='ltr'><strong>indicavit.</strong></span> <span class='ocrx_word' id='word_1_713' title='bbox 3177 3005 3419 3071; x_wconf 84' lang='lat' dir='ltr'><strong>Namque</strong></span> <span class='ocrx_word' id='word_1_714' title='bbox 3455 2993 3693 3052; x_wconf 86' lang='lat' dir='ltr'><strong>senarius</strong></span> <span class='ocrx_word' id='word_1_715' title='bbox 3721 3005 3810 3042; x_wconf 83' lang='lat' dir='ltr'><strong>nu-</strong></span> 
     </span>
    </p>
   </div>
   <div class='ocr_carea' id='block_1_96' title="bbox 2269 3081 3810 3178">
    <p class='ocr_par' dir='ltr' id='par_1_96' title="bbox 2269 3081 3810 3178">
     <span class='ocr_line' id='line_1_100' title="bbox 2269 3081 3810 3178; baseline -0.022 -12"><span class='ocrx_word' id='word_1_716' title='bbox 2269 3125 2471 3174; x_wconf 85' lang='lat' dir='ltr'><strong>merus,</strong></span> <span class='ocrx_word' id='word_1_717' title='bbox 2499 3108 2588 3178; x_wconf 91' lang='lat' dir='ltr'><strong>qui</strong></span> <span class='ocrx_word' id='word_1_718' title='bbox 2621 3106 3010 3174; x_wconf 88' lang='lat' dir='ltr'><strong>multiplicatus</strong></span> <span class='ocrx_word' id='word_1_719' title='bbox 3036 3101 3185 3156; x_wconf 91' lang='lat' dir='ltr'><strong>venit</strong></span> <span class='ocrx_word' id='word_1_720' title='bbox 3220 3098 3271 3150; x_wconf 93' lang='lat' dir='ltr'><strong>in</strong></span> <span class='ocrx_word' id='word_1_721' title='bbox 3317 3099 3616 3149; x_wconf 79' lang='lat' dir='ltr'><strong>sexcentos,</strong></span> <span class='ocrx_word' id='word_1_722' title='bbox 3641 3081 3810 3137; x_wconf 88' lang='lat' dir='ltr'><strong>mundi</strong></span> 
     </span>
    </p>
   </div>
   <div class='ocr_carea' id='block_1_97' title="bbox 2270 3182 3812 3273">
    <p class='ocr_par' dir='ltr' id='par_1_97' title="bbox 2270 3182 3812 3273">
     <span class='ocr_line' id='line_1_101' title="bbox 2270 3182 3812 3273; baseline -0.021 -15"><span class='ocrx_word' id='word_1_723' title='bbox 2270 3204 2429 3273; x_wconf 73' lang='lat' dir='ltr'><strong>huius</strong></span> <span class='ocrx_word' id='word_1_724' title='bbox 2461 3202 2683 3270; x_wconf 88' lang='lat' dir='ltr'><strong>ﬁguram</strong></span> <span class='ocrx_word' id='word_1_725' title='bbox 2727 3205 2876 3251; x_wconf 89' lang='lat' dir='ltr'><strong>tenet</strong></span> <span class='ocrx_word' id='word_1_726' title='bbox 2909 3195 2997 3265; x_wconf 90' lang='lat' dir='ltr'><strong>qui</strong></span> <span class='ocrx_word' id='word_1_727' title='bbox 3036 3195 3088 3248; x_wconf 91' lang='lat' dir='ltr'><strong>in</strong></span> <span class='ocrx_word' id='word_1_728' title='bbox 3120 3207 3217 3246; x_wconf 80' lang='lat' dir='ltr'><strong>sex</strong></span> <span class='ocrx_word' id='word_1_729' title='bbox 3249 3190 3442 3244; x_wconf 87' lang='lat' dir='ltr'><strong>diebus</strong></span> <span class='ocrx_word' id='word_1_730' title='bbox 3466 3182 3654 3237; x_wconf 90' lang='lat' dir='ltr'><strong>dicitur</strong></span> <span class='ocrx_word' id='word_1_731' title='bbox 3693 3189 3812 3231; x_wconf 88' lang='lat' dir='ltr'><strong>cnn-</strong></span> 
     </span>
    </p>
   </div>
   <div class='ocr_carea' id='block_1_98' title="bbox 2271 3272 3811 3352">
    <p class='ocr_par' dir='ltr' id='par_1_98' title="bbox 2271 3272 3811 3352">
     <span class='ocr_line' id='line_1_102' title="bbox 2271 3272 3811 3352; baseline -0.021 -4"><span class='ocrx_word' id='word_1_732' title='bbox 2271 3299 2589 3349; x_wconf 79' lang='lat' dir='ltr'><strong>surnmatus.</strong></span> <span class='ocrx_word' id='word_1_733' title='bbox 2637 3289 2933 3344; x_wconf 86' lang='lat' dir='ltr'><strong>Sexcentos</strong></span> <span class='ocrx_word' id='word_1_734' title='bbox 2961 3298 3092 3352; x_wconf 89' lang='lat' dir='ltr'><strong>ergo</strong></span> <span class='ocrx_word' id='word_1_735' title='bbox 3140 3282 3194 3334; x_wconf 92' lang='lat' dir='ltr'><strong>in</strong></span> <span class='ocrx_word' id='word_1_736' title='bbox 3246 3285 3430 3332; x_wconf 89' lang='lat' dir='ltr'><strong>aratro</strong></span> <span class='ocrx_word' id='word_1_737' title='bbox 3468 3272 3654 3327; x_wconf 86' lang='lat' dir='ltr'><strong>dicitur</strong></span> <span class='ocrx_word' id='word_1_738' title='bbox 3703 3280 3811 3334; x_wconf 87' lang='lat' dir='ltr'><strong>per-</strong></span> 
     </span>
    </p>
   </div>
   <div class='ocr_carea' id='block_1_99' title="bbox 2269 3363 3809 3450">
    <p class='ocr_par' dir='ltr' id='par_1_99' title="bbox 2269 3363 3809 3450">
     <span class='ocr_line' id='line_1_103' title="bbox 2269 3363 3809 3450; baseline -0.019 -9"><span class='ocrx_word' id='word_1_739' title='bbox 2269 3387 2504 3442; x_wconf 88' lang='lat' dir='ltr'><strong>cussisse</strong></span> <span class='ocrx_word' id='word_1_740' title='bbox 2530 3383 2651 3447; x_wconf 90' lang='lat' dir='ltr'><strong>ille,</strong></span> <span class='ocrx_word' id='word_1_741' title='bbox 2684 3381 2771 3450; x_wconf 90' lang='lat' dir='ltr'><strong>qui</strong></span> <span class='ocrx_word' id='word_1_742' title='bbox 2807 3393 2902 3448; x_wconf 87' lang='lat' dir='ltr'><strong>per</strong></span> <span class='ocrx_word' id='word_1_743' title='bbox 2924 3389 3138 3431; x_wconf 88' lang='lat' dir='ltr'><strong>crucem</strong></span> <span class='ocrx_word' id='word_1_744' title='bbox 3174 3369 3385 3426; x_wconf 90' lang='lat' dir='ltr'><strong>Domini</strong></span> <span class='ocrx_word' id='word_1_745' title='bbox 3421 3363 3702 3422; x_wconf 81' lang='lat' dir='ltr'><strong>cruciﬁxus</strong></span> <span class='ocrx_word' id='word_1_746' title='bbox 3741 3366 3809 3412; x_wconf 74' lang='lat' dir='ltr'><strong>est</strong></span> 
     </span>
    </p>
   </div>
   <div class='ocr_carea' id='block_1_100' title="bbox 2273 3478 2491 3534">
    <p class='ocr_par' dir='ltr' id='par_1_100' title="bbox 2273 3478 2491 3534">
     <span class='ocr_line' id='line_1_104' title="bbox 2273 3478 2491 3534; baseline -0.023 1"><span class='ocrx_word' id='word_1_747' title='bbox 2273 3478 2491 3534; x_wconf 83' lang='lat' dir='ltr'><strong>mundo.</strong></span> 
     </span>
    </p>
   </div>
   <div class='ocr_carea' id='block_1_101' title="bbox 2345 3542 3809 3631">
    <p class='ocr_par' dir='ltr' id='par_1_101' title="bbox 2345 3542 3809 3631">
     <span class='ocr_line' id='line_1_105' title="bbox 2345 3542 3809 3631; baseline -0.023 -10"><span class='ocrx_word' id='word_1_748' title='bbox 2345 3567 2400 3621; x_wconf 82' lang='grc'><strong>5.</strong></span> <span class='ocrx_word' id='word_1_749' title='bbox 2433 3563 2539 3618; x_wconf 90' lang='lat' dir='ltr'><strong>Sed</strong></span> <span class='ocrx_word' id='word_1_750' title='bbox 2574 3559 2700 3631; x_wconf 89' lang='lat' dir='ltr'><strong>quid</strong></span> <span class='ocrx_word' id='word_1_751' title='bbox 2729 3565 2850 3629; x_wconf 88' lang='lat' dir='ltr'><strong>post</strong></span> <span class='ocrx_word' id='word_1_752' title='bbox 2879 3557 2992 3611; x_wconf 57' lang='lat' dir='ltr'><strong>haec</strong></span> <span class='ocrx_word' id='word_1_753' title='bbox 3032 3549 3292 3607; x_wconf 83' lang='lat' dir='ltr'><strong>additur?</strong></span> <span class='ocrx_word' id='word_1_754' title='bbox 3339 3566 3357 3600; x_wconf 84' lang='grc' dir='ltr'><strong>ι</strong></span> <span class='ocrx_word' id='word_1_755' title='bbox 3387 3546 3454 3601; x_wconf 83' lang='grc' dir='ltr'><strong>Ει</strong></span> <span class='ocrx_word' id='word_1_756' title='bbox 3489 3542 3809 3611; x_wconf 78' lang='lat' dir='ltr'><strong>adjecerunt,</strong></span> 
     </span>
    </p>
   </div>
   <div class='ocr_carea' id='block_1_102' title="bbox 2280 3639 3808 3728">
    <p class='ocr_par' dir='ltr' id='par_1_102' title="bbox 2280 3639 3808 3728">
     <span class='ocr_line' id='line_1_106' title="bbox 2280 3639 3808 3728; baseline -0.022 -14"><span class='ocrx_word' id='word_1_757' title='bbox 2280 3658 2460 3728; x_wconf 90' lang='lat' dir='ltr'><strong>inquit</strong></span> <span class='ocrx_word' id='word_1_758' title='bbox 2487 3657 2565 3721; x_wconf 66' lang='grc' dir='ltr'><strong>δ’,</strong></span> <span class='ocrx_word' id='word_1_759' title='bbox 2609 3654 2700 3708; x_wconf 89' lang='lat' dir='ltr'><strong>lilii</strong></span> <span class='ocrx_word' id='word_1_760' title='bbox 2734 3649 2894 3706; x_wconf 80' lang='lat' dir='ltr'><strong>Israel</strong></span> <span class='ocrx_word' id='word_1_761' title='bbox 2923 3648 3103 3702; x_wconf 85' lang='lat' dir='ltr'><strong>facere</strong></span> <span class='ocrx_word' id='word_1_762' title='bbox 3133 3643 3424 3713; x_wconf 89' lang='lat' dir='ltr'><strong>malignum</strong></span> <span class='ocrx_word' id='word_1_763' title='bbox 3470 3639 3521 3691; x_wconf 91' lang='lat' dir='ltr'><strong>in</strong></span> <span class='ocrx_word' id='word_1_764' title='bbox 3549 3642 3808 3702; x_wconf 82' lang='lat' dir='ltr'><strong>conspectu</strong></span> 
     </span>
    </p>
   </div>
   <div class='ocr_carea' id='block_1_103' title="bbox 2276 3725 3809 3818">
    <p class='ocr_par' dir='ltr' id='par_1_103' title="bbox 2276 3725 3809 3818">
     <span class='ocr_line' id='line_1_107' title="bbox 2276 3725 3809 3818; baseline -0.025 -9"><span class='ocrx_word' id='word_1_765' title='bbox 2276 3753 2514 3818; x_wconf 90' lang='lat' dir='ltr'><strong>Domini,</strong></span> <span class='ocrx_word' id='word_1_766' title='bbox 2551 3759 2606 3804; x_wconf 92' lang='lat' dir='ltr'><strong>et</strong></span> <span class='ocrx_word' id='word_1_767' title='bbox 2638 3745 2798 3800; x_wconf 89' lang='lat' dir='ltr'><strong>Aioth</strong></span> <span class='ocrx_word' id='word_1_768' title='bbox 2831 3753 3079 3796; x_wconf 82' lang='lat' dir='ltr'><strong>mortuus</strong></span> <span class='ocrx_word' id='word_1_769' title='bbox 3107 3747 3210 3792; x_wconf 91' lang='lat' dir='ltr'><strong>est.</strong></span> <span class='ocrx_word' id='word_1_770' title='bbox 3246 3753 3264 3786; x_wconf 74' lang='grc' dir='ltr'><strong>ι</strong></span> <span class='ocrx_word' id='word_1_771' title='bbox 3305 3731 3564 3788; x_wconf 85' lang='lat' dir='ltr'><strong>Servatur</strong></span> <span class='ocrx_word' id='word_1_772' title='bbox 3585 3725 3809 3779; x_wconf 86' lang='lat' dir='ltr'><strong>nimirum</strong></span> 
     </span>
    </p>
   </div>
   <div class='ocr_carea' id='block_1_104' title="bbox 2275 3815 3810 3900">
    <p class='ocr_par' dir='ltr' id='par_1_104' title="bbox 2275 3815 3810 3900">
     <span class='ocr_line' id='line_1_108' title="bbox 2275 3815 3810 3900; baseline -0.025 1"><span class='ocrx_word' id='word_1_773' title='bbox 2275 3849 2329 3900; x_wconf 90' lang='lat' dir='ltr'><strong>in</strong></span> <span class='ocrx_word' id='word_1_774' title='bbox 2360 3846 2444 3900; x_wconf 91' lang='lat' dir='ltr'><strong>his</strong></span> <span class='ocrx_word' id='word_1_775' title='bbox 2488 3843 2652 3897; x_wconf 91' lang='lat' dir='ltr'><strong>etiam</strong></span> <span class='ocrx_word' id='word_1_776' title='bbox 2694 3838 2781 3893; x_wconf 92' lang='lat' dir='ltr'><strong>illa</strong></span> <span class='ocrx_word' id='word_1_777' title='bbox 2809 3831 3115 3890; x_wconf 88' lang='lat' dir='ltr'><strong>observatio</strong></span> <span class='ocrx_word' id='word_1_778' title='bbox 3135 3869 3148 3892; x_wconf 95' lang='lat'><strong>,</strong></span> <span class='ocrx_word' id='word_1_779' title='bbox 3180 3839 3343 3896; x_wconf 90' lang='lat' dir='ltr'><strong>quam</strong></span> <span class='ocrx_word' id='word_1_780' title='bbox 3370 3823 3426 3877; x_wconf 88' lang='lat' dir='ltr'><strong>in</strong></span> <span class='ocrx_word' id='word_1_781' title='bbox 3474 3815 3810 3888; x_wconf 86' lang='lat' dir='ltr'><strong>superioribus</strong></span> 
     </span>
    </p>
   </div>
   <div class='ocr_carea' id='block_1_105' title="bbox 2277 3907 3810 4008">
    <p class='ocr_par' dir='ltr' id='par_1_105' title="bbox 2277 3907 3810 4008">
     <span class='ocr_line' id='line_1_109' title="bbox 2277 3907 3810 4008; baseline -0.023 -14"><span class='ocrx_word' id='word_1_782' title='bbox 2277 3935 2698 4008; x_wconf 85' lang='lat' dir='ltr'><strong>designavimus,</strong></span> <span class='ocrx_word' id='word_1_783' title='bbox 2725 3930 2850 3998; x_wconf 89' lang='lat' dir='ltr'><strong>quia</strong></span> <span class='ocrx_word' id='word_1_784' title='bbox 2892 3941 2990 3996; x_wconf 90' lang='lat' dir='ltr'><strong>pro</strong></span> <span class='ocrx_word' id='word_1_785' title='bbox 3015 3921 3252 3992; x_wconf 87' lang='lat' dir='ltr'><strong>peccatis</strong></span> <span class='ocrx_word' id='word_1_786' title='bbox 3281 3914 3463 3987; x_wconf 90' lang='lat' dir='ltr'><strong>populi</strong></span> <span class='ocrx_word' id='word_1_787' title='bbox 3499 3913 3712 3968; x_wconf 87' lang='lat' dir='ltr'><strong>moritur</strong></span> <span class='ocrx_word' id='word_1_788' title='bbox 3734 3907 3810 3960; x_wconf 79' lang='lat' dir='ltr'><strong>bo-</strong></span> 
     </span>
    </p>
   </div>
   <div class='ocr_carea' id='block_1_106' title="bbox 2281 4001 3809 4098">
    <p class='ocr_par' dir='ltr' id='par_1_106' title="bbox 2281 4001 3809 4098">
     <span class='ocr_line' id='line_1_110' title="bbox 2281 4001 3809 4098; baseline -0.021 -14"><span class='ocrx_word' id='word_1_789' title='bbox 2281 4046 2379 4084; x_wconf 89' lang='lat' dir='ltr'><strong>nus</strong></span> <span class='ocrx_word' id='word_1_790' title='bbox 2410 4026 2593 4098; x_wconf 84' lang='lat' dir='ltr'><strong>pOpuli</strong></span> <span class='ocrx_word' id='word_1_791' title='bbox 2621 4025 2751 4078; x_wconf 83' lang='lat' dir='ltr'><strong>dux.</strong></span> <span class='ocrx_word' id='word_1_792' title='bbox 2785 4019 2920 4074; x_wconf 90' lang='lat' dir='ltr'><strong>Cum</strong></span> <span class='ocrx_word' id='word_1_793' title='bbox 2945 4017 3086 4071; x_wconf 90' lang='lat' dir='ltr'><strong>enim</strong></span> <span class='ocrx_word' id='word_1_794' title='bbox 3112 4012 3316 4082; x_wconf 90' lang='lat' dir='ltr'><strong>indigni</strong></span> <span class='ocrx_word' id='word_1_795' title='bbox 3344 4009 3545 4063; x_wconf 90' lang='lat' dir='ltr'><strong>fuerint</strong></span> <span class='ocrx_word' id='word_1_796' title='bbox 3571 4001 3747 4064; x_wconf 74' lang='lat' dir='ltr'><strong>eﬁecti,</strong></span> <span class='ocrx_word' id='word_1_797' title='bbox 3767 4007 3809 4050; x_wconf 83' lang='lat' dir='ltr'><strong>et</strong></span> 
     </span>
    </p>
   </div>
   <div class='ocr_carea' id='block_1_107' title="bbox 2279 4098 3810 4184">
    <p class='ocr_par' dir='ltr' id='par_1_107' title="bbox 2279 4098 3810 4184">
     <span class='ocr_line' id='line_1_111' title="bbox 2279 4098 3810 4184; baseline -0.024 -3"><span class='ocrx_word' id='word_1_798' title='bbox 2279 4124 2505 4181; x_wconf 72' lang='lat' dir='ltr'><strong>fecerint</strong></span> <span class='ocrx_word' id='word_1_799' title='bbox 2535 4118 2826 4184; x_wconf 85' lang='lat' dir='ltr'><strong>malignum</strong></span> <span class='ocrx_word' id='word_1_800' title='bbox 2860 4115 2912 4167; x_wconf 91' lang='lat' dir='ltr'><strong>in</strong></span> <span class='ocrx_word' id='word_1_801' title='bbox 2959 4117 3254 4180; x_wconf 88' lang='lat' dir='ltr'><strong>conspectu</strong></span> <span class='ocrx_word' id='word_1_802' title='bbox 3289 4103 3499 4158; x_wconf 90' lang='lat' dir='ltr'><strong>Domini</strong></span> <span class='ocrx_word' id='word_1_803' title='bbox 3529 4139 3544 4165; x_wconf 91' lang='lat'><strong>,</strong></span> <span class='ocrx_word' id='word_1_804' title='bbox 3572 4098 3810 4152; x_wconf 80' lang='lat' dir='ltr'><strong>auferetur</strong></span> 
     </span>
    </p>
   </div>
   <div class='ocr_carea' id='block_1_108' title="bbox 2282 4193 3807 4270">
    <p class='ocr_par' dir='ltr' id='par_1_108' title="bbox 2282 4193 3807 4270">
     <span class='ocr_line' id='line_1_112' title="bbox 2282 4193 3807 4270; baseline -0.023 0"><span class='ocrx_word' id='word_1_805' title='bbox 2282 4219 2346 4270; x_wconf 90' lang='lat' dir='ltr'><strong>ab</strong></span> <span class='ocrx_word' id='word_1_806' title='bbox 2371 4216 2450 4268; x_wconf 91' lang='lat' dir='ltr'><strong>eis</strong></span> <span class='ocrx_word' id='word_1_807' title='bbox 2479 4214 2645 4266; x_wconf 91' lang='lat' dir='ltr'><strong>homo</strong></span> <span class='ocrx_word' id='word_1_808' title='bbox 2674 4207 2790 4262; x_wconf 89' lang='lat' dir='ltr'><strong>Dei.</strong></span> <span class='ocrx_word' id='word_1_809' title='bbox 2827 4205 2935 4260; x_wconf 90' lang='lat' dir='ltr'><strong>Sed</strong></span> <span class='ocrx_word' id='word_1_810' title='bbox 2956 4203 3086 4257; x_wconf 91' lang='lat' dir='ltr'><strong>dicit</strong></span> <span class='ocrx_word' id='word_1_811' title='bbox 3117 4200 3345 4254; x_wconf 81' lang='lat' dir='ltr'><strong>fortasse</strong></span> <span class='ocrx_word' id='word_1_812' title='bbox 3375 4193 3605 4264; x_wconf 90' lang='lat' dir='ltr'><strong>populus</strong></span> <span class='ocrx_word' id='word_1_813' title='bbox 3625 4196 3807 4243; x_wconf 90' lang='lat' dir='ltr'><strong>noster:</strong></span> 
     </span>
    </p>
   </div>
   <div class='ocr_carea' id='block_1_109' title="bbox 2211 4277 3809 4374">
    <p class='ocr_par' dir='ltr' id='par_1_109' title="bbox 2211 4277 3809 4374">
     <span class='ocr_line' id='line_1_113' title="bbox 2211 4277 3809 4374; baseline -0.019 -12"><span class='ocrx_word' id='word_1_814' title='bbox 2211 4294 2255 4348; x_wconf 81' lang='grc' dir='ltr'>ι)</span> <span class='ocrx_word' id='word_1_815' title='bbox 2285 4306 2509 4374; x_wconf 84' lang='lat' dir='ltr'><strong>Quando</strong></span> <span class='ocrx_word' id='word_1_816' title='bbox 2543 4299 2780 4354; x_wconf 81' lang='lat' dir='ltr'><strong>Ecclesia</strong></span> <span class='ocrx_word' id='word_1_817' title='bbox 2809 4295 2902 4351; x_wconf 88' lang='lat' dir='ltr'><strong>Dei</strong></span> <span class='ocrx_word' id='word_1_818' title='bbox 2931 4296 3046 4350; x_wconf 91' lang='lat' dir='ltr'><strong>sine</strong></span> <span class='ocrx_word' id='word_1_819' title='bbox 3071 4293 3254 4362; x_wconf 86' lang='lat' dir='ltr'><strong>judice</strong></span> <span class='ocrx_word' id='word_1_820' title='bbox 3286 4287 3410 4344; x_wconf 83' lang='lat' dir='ltr'><strong>est?</strong></span> <span class='ocrx_word' id='word_1_821' title='bbox 3442 4281 3659 4340; x_wconf 87' lang='lat' dir='ltr'><strong>Etiamsi</strong></span> <span class='ocrx_word' id='word_1_822' title='bbox 3686 4277 3809 4349; x_wconf 89' lang='lat' dir='ltr'><strong>prior</strong></span> 
     </span>
    </p>
   </div>
   <div class='ocr_carea' id='block_1_110' title="bbox 2287 4367 3806 4458">
    <p class='ocr_par' dir='ltr' id='par_1_110' title="bbox 2287 4367 3806 4458">
     <span class='ocr_line' id='line_1_114' title="bbox 2287 4367 3806 4458; baseline -0.022 -7"><span class='ocrx_word' id='word_1_823' title='bbox 2287 4395 2587 4458; x_wconf 79' lang='lat' dir='ltr'><strong>defecerit,</strong></span> <span class='ocrx_word' id='word_1_824' title='bbox 2625 4392 2762 4445; x_wconf 85' lang='lat' dir='ltr'><strong>alter</strong></span> <span class='ocrx_word' id='word_1_825' title='bbox 2794 4390 3100 4445; x_wconf 86' lang='lat' dir='ltr'><strong>adhibetur.</strong></span> <span class='ocrx_word' id='word_1_826' title='bbox 3151 4385 3425 4438; x_wconf 84' lang='lat' dir='ltr'><strong>Audacter</strong></span> <span class='ocrx_word' id='word_1_827' title='bbox 3473 4374 3702 4432; x_wconf 87' lang='lat' dir='ltr'><strong>fortassis</strong></span> <span class='ocrx_word' id='word_1_828' title='bbox 3727 4367 3806 4421; x_wconf 82' lang='lat' dir='ltr'><strong>ali-</strong></span> 
     </span>
    </p>
   </div>
   <div class='ocr_carea' id='block_1_111' title="bbox 2287 4464 3806 4557">
    <p class='ocr_par' dir='ltr' id='par_1_111' title="bbox 2287 4464 3806 4557">
     <span class='ocr_line' id='line_1_115' title="bbox 2287 4464 3806 4557; baseline -0.022 -14"><span class='ocrx_word' id='word_1_829' title='bbox 2287 4489 2417 4557; x_wconf 89' lang='lat' dir='ltr'><strong>quid</strong></span> <span class='ocrx_word' id='word_1_830' title='bbox 2465 4485 2721 4549; x_wconf 87' lang='lat' dir='ltr'><strong>dicimus,</strong></span> <span class='ocrx_word' id='word_1_831' title='bbox 2755 4491 2934 4534; x_wconf 91' lang='lat' dir='ltr'><strong>tamen</strong></span> <span class='ocrx_word' id='word_1_832' title='bbox 2986 4476 3127 4544; x_wconf 88' lang='lat' dir='ltr'><strong>quod</strong></span> <span class='ocrx_word' id='word_1_833' title='bbox 3173 4474 3430 4541; x_wconf 89' lang='lat' dir='ltr'><strong>scriptum</strong></span> <span class='ocrx_word' id='word_1_834' title='bbox 3471 4480 3556 4523; x_wconf 93' lang='lat' dir='ltr'><strong>est</strong></span> <span class='ocrx_word' id='word_1_835' title='bbox 3592 4464 3806 4520; x_wconf 83' lang='lat' dir='ltr'><strong>dicimus.</strong></span> 
     </span>
    </p>
   </div>
   <div class='ocr_carea' id='block_1_112' title="bbox 2288 4559 3808 4645">
    <p class='ocr_par' dir='ltr' id='par_1_112' title="bbox 2288 4559 3808 4645">
     <span class='ocr_line' id='line_1_116' title="bbox 2288 4559 3808 4645; baseline -0.021 -12"><span class='ocrx_word' id='word_1_836' title='bbox 2288 4579 2405 4634; x_wconf 72' lang='lat' dir='ltr'><strong>Non</strong></span> <span class='ocrx_word' id='word_1_837' title='bbox 2439 4590 2653 4645; x_wconf 87' lang='lat' dir='ltr'><strong>semper</strong></span> <span class='ocrx_word' id='word_1_838' title='bbox 2682 4573 2932 4642; x_wconf 88' lang='lat' dir='ltr'><strong>princeps</strong></span> <span class='ocrx_word' id='word_1_839' title='bbox 2961 4567 3141 4638; x_wconf 89' lang='lat' dir='ltr'><strong>populi</strong></span> <span class='ocrx_word' id='word_1_840' title='bbox 3179 4575 3232 4619; x_wconf 89' lang='lat' dir='ltr'><strong>et</strong></span> <span class='ocrx_word' id='word_1_841' title='bbox 3262 4562 3520 4617; x_wconf 70' lang='lat' dir='ltr'><strong>Ecclesiae</strong></span> <span class='ocrx_word' id='word_1_842' title='bbox 3560 4559 3707 4628; x_wconf 84' lang='lat' dir='ltr'><strong>judex</strong></span> <span class='ocrx_word' id='word_1_843' title='bbox 3733 4561 3808 4618; x_wconf 86' lang='lat' dir='ltr'><strong>per</strong></span> 
     </span>
    </p>
   </div>
   <div class='ocr_carea' id='block_1_113' title="bbox 2292 4646 3807 4729">
    <p class='ocr_par' dir='ltr' id='par_1_113' title="bbox 2292 4646 3807 4729">
     <span class='ocr_line' id='line_1_117' title="bbox 2292 4646 3807 4729; baseline -0.02 -3"><span class='ocrx_word' id='word_1_844' title='bbox 2292 4671 2386 4726; x_wconf 85' lang='lat' dir='ltr'><strong>Dei</strong></span> <span class='ocrx_word' id='word_1_845' title='bbox 2417 4665 2700 4722; x_wconf 88' lang='lat' dir='ltr'><strong>arbitrium</strong></span> <span class='ocrx_word' id='word_1_846' title='bbox 2731 4663 2908 4727; x_wconf 88' lang='lat' dir='ltr'><strong>datur,</strong></span> <span class='ocrx_word' id='word_1_847' title='bbox 2942 4663 3035 4715; x_wconf 88' lang='lat' dir='ltr'><strong>sed</strong></span> <span class='ocrx_word' id='word_1_848' title='bbox 3063 4666 3224 4729; x_wconf 91' lang='lat' dir='ltr'><strong>prout</strong></span> <span class='ocrx_word' id='word_1_849' title='bbox 3245 4657 3439 4709; x_wconf 90' lang='lat' dir='ltr'><strong>merita</strong></span> <span class='ocrx_word' id='word_1_850' title='bbox 3469 4663 3644 4706; x_wconf 86' lang='lat' dir='ltr'><strong>nostra</strong></span> <span class='ocrx_word' id='word_1_851' title='bbox 3670 4646 3807 4711; x_wconf 54' lang='lat' dir='ltr'><strong>depov</strong></span> 
     </span>
    </p>
   </div>
   <div class='ocr_carea' id='block_1_114' title="bbox 2294 4746 3806 4816">
    <p class='ocr_par' dir='ltr' id='par_1_114' title="bbox 2294 4746 3806 4816">
     <span class='ocr_line' id='line_1_118' title="bbox 2294 4746 3806 4816; baseline -0.022 0"><span class='ocrx_word' id='word_1_852' title='bbox 2294 4769 2472 4816; x_wconf 90' lang='lat' dir='ltr'><strong>scunt.</strong></span> <span class='ocrx_word' id='word_1_853' title='bbox 2505 4758 2562 4812; x_wconf 89' lang='lat' dir='ltr'><strong>Si</strong></span> <span class='ocrx_word' id='word_1_854' title='bbox 2594 4755 2716 4810; x_wconf 86' lang='lat' dir='ltr'><strong>mali</strong></span> <span class='ocrx_word' id='word_1_855' title='bbox 2756 4761 2880 4809; x_wconf 91' lang='lat' dir='ltr'><strong>sunt</strong></span> <span class='ocrx_word' id='word_1_856' title='bbox 2923 4761 3075 4804; x_wconf 90' lang='lat' dir='ltr'><strong>actus</strong></span> <span class='ocrx_word' id='word_1_857' title='bbox 3111 4746 3305 4811; x_wconf 89' lang='lat' dir='ltr'><strong>nostri,</strong></span> <span class='ocrx_word' id='word_1_858' title='bbox 3335 4752 3389 4798; x_wconf 92' lang='lat' dir='ltr'><strong>et</strong></span> <span class='ocrx_word' id='word_1_859' title='bbox 3419 4753 3690 4811; x_wconf 82' lang='lat' dir='ltr'><strong>operantur</strong></span> <span class='ocrx_word' id='word_1_860' title='bbox 3715 4746 3806 4786; x_wconf 87' lang='lat' dir='ltr'><strong>uta-</strong></span> 
     </span>
    </p>
   </div>
   <div class='ocr_carea' id='block_1_115' title="bbox 2295 4824 3808 4922">
    <p class='ocr_par' dir='ltr' id='par_1_115' title="bbox 2295 4824 3808 4922">
     <span class='ocr_line' id='line_1_119' title="bbox 2295 4824 3808 4922; baseline -0.02 -16"><span class='ocrx_word' id='word_1_861' title='bbox 2295 4855 2494 4922; x_wconf 86' lang='lat' dir='ltr'><strong>lignum</strong></span> <span class='ocrx_word' id='word_1_862' title='bbox 2527 4850 2582 4903; x_wconf 92' lang='lat' dir='ltr'><strong>in</strong></span> <span class='ocrx_word' id='word_1_863' title='bbox 2609 4854 2899 4915; x_wconf 84' lang='lat' dir='ltr'><strong>conspectu</strong></span> <span class='ocrx_word' id='word_1_864' title='bbox 2930 4839 3139 4897; x_wconf 89' lang='lat' dir='ltr'><strong>Domini</strong></span> <span class='ocrx_word' id='word_1_865' title='bbox 3169 4879 3182 4904; x_wconf 92' lang='lat'><strong>,</strong></span> <span class='ocrx_word' id='word_1_866' title='bbox 3228 4839 3427 4891; x_wconf 89' lang='lat' dir='ltr'><strong>dantur</strong></span> <span class='ocrx_word' id='word_1_867' title='bbox 3452 4835 3602 4888; x_wconf 88' lang='lat' dir='ltr'><strong>nobis</strong></span> <span class='ocrx_word' id='word_1_868' title='bbox 3643 4824 3808 4899; x_wconf 81' lang='lat' dir='ltr'><strong>princi-</strong></span> 
     </span>
    </p>
   </div>
   <div class='ocr_carea' id='block_1_116' title="bbox 2365 5150 3804 5255">
    <p class='ocr_par' dir='ltr' id='par_1_116' title="bbox 2365 5150 3804 5255">
     <span class='ocr_line' id='line_1_120' title="bbox 2365 5150 3804 5255; baseline -0.024 -19"><span class='ocrx_word' id='word_1_869' title='bbox 2365 5180 2479 5255; x_wconf 86' lang='lat'><strong>(60)</strong></span> <span class='ocrx_word' id='word_1_870' title='bbox 2511 5177 2604 5255; x_wconf 77' lang='lat' dir='ltr'><strong>Sic</strong></span> <span class='ocrx_word' id='word_1_871' title='bbox 2631 5163 3352 5255; x_wconf 38' lang='lat' dir='ltr'><strong>niss.._Librlautem-editi.1</strong></span> <span class='ocrx_word' id='word_1_872' title='bbox 3385 5177 3403 5209; x_wconf 77' lang='grc' dir='ltr'><strong>ι</strong></span> <span class='ocrx_word' id='word_1_873' title='bbox 3438 5150 3804 5255; x_wconf 43' lang='grc' dir='ltr'>ιιῗιιίξειὲιιῖηεὲἶ</span> 
     </span>
    </p>
   </div>
   <div class='ocr_carea' id='block_1_117' title="bbox 2296 5205 3803 5322">
    <p class='ocr_par' dir='ltr' id='par_1_117' title="bbox 2296 5205 3803 5322">
     <span class='ocr_line' id='line_1_121' title="bbox 2513 5205 3574 5230; baseline -0.022 0"><span class='ocrx_word' id='word_1_874' title='bbox 2513 5205 2604 5230; x_wconf 73' lang='grc' dir='ltr'>ῠιυ</span> <span class='ocrx_word' id='word_1_875' title='bbox 2633 5205 2761 5228; x_wconf 71' lang='lat' dir='ltr'><strong>Illaa.</strong></span> <span class='ocrx_word' id='word_1_876' title='bbox 2795 5205 2937 5222; x_wconf 80' lang='grc' dir='ltr'>υιυιι</span> <span class='ocrx_word' id='word_1_877' title='bbox 2967 5205 3143 5218; x_wconf 76' lang='grc' dir='ltr'>ιιυι-ν--ι</span> <span class='ocrx_word' id='word_1_878' title='bbox 3171 5205 3348 5222; x_wconf 69' lang='grc' dir='ltr'><strong>νι.....,</strong></span> <span class='ocrx_word' id='word_1_879' title='bbox 3389 5205 3403 5209; x_wconf 89' lang='grc'><strong>-</strong></span> <span class='ocrx_word' id='word_1_880' title='bbox 3443 5205 3525 5210; x_wconf 46' lang='grc' dir='ltr'><strong>---μ</strong></span> <span class='ocrx_word' id='word_1_881' title='bbox 3568 5205 3574 5206; x_wconf 33' lang='grc' dir='ltr'><em>κ</em></span> 
     </span>
     <span class='ocr_line' id='line_1_122' title="bbox 2296 5205 3803 5322; baseline -0.03 -13"><span class='ocrx_word' id='word_1_882' title='bbox 2296 5205 2496 5322; x_wconf 49' lang='lat' dir='ltr'><strong>regam.</strong></span> <span class='ocrx_word' id='word_1_883' title='bbox 2545 5243 2848 5322; x_wconf 72' lang='lat' dir='ltr'><strong>Madianitm</strong></span> <span class='ocrx_word' id='word_1_884' title='bbox 2881 5249 3062 5291; x_wconf 83' lang='lat' dir='ltr'><strong>autent</strong></span> <span class='ocrx_word' id='word_1_885' title='bbox 3096 5235 3523 5322; x_wconf 53' lang='lat' dir='ltr'><strong>interpret‘ant‘ur</strong></span> <span class='ocrx_word' id='word_1_886' title='bbox 3558 5205 3803 5322; x_wconf 47' lang='lat' dir='ltr'><strong>ﬁuxuspjsz</strong></span> 
     </span>
     <span class='ocr_line' id='line_1_123' title="bbox 2635 5297 3706 5322; baseline -0.018 19"><span class='ocrx_word' id='word_1_887' title='bbox 2635 5317 2644 5322; x_wconf 82' lang='grc'><strong><em>“</em></strong></span> <span class='ocrx_word' id='word_1_888' title='bbox 2839 5309 2848 5322; x_wconf 88' lang='grc'><strong>¹</strong></span> <span class='ocrx_word' id='word_1_889' title='bbox 2933 5307 2979 5322; x_wconf 79' lang='grc'><strong>“¹</strong></span> <span class='ocrx_word' id='word_1_890' title='bbox 3057 5307 3066 5322; x_wconf 88' lang='grc'>¹</span> <span class='ocrx_word' id='word_1_891' title='bbox 3092 5305 3124 5322; x_wconf 58' lang='grc' dir='ltr'><strong>θ·</strong></span> <span class='ocrx_word' id='word_1_892' title='bbox 3146 5319 3169 5322; x_wconf 55' lang='grc' dir='ltr'><strong>ν·</strong></span> <span class='ocrx_word' id='word_1_893' title='bbox 3223 5313 3302 5322; x_wconf 82' lang='lat'><strong>—---</strong></span> <span class='ocrx_word' id='word_1_894' title='bbox 3406 5313 3450 5322; x_wconf 66' lang='grc' dir='ltr'><strong>ιι.</strong></span> <span class='ocrx_word' id='word_1_895' title='bbox 3479 5297 3642 5322; x_wconf 63' lang='grc' dir='ltr'><strong>ξηιηῧιιη</strong></span> <span class='ocrx_word' id='word_1_896' title='bbox 3685 5299 3706 5322; x_wconf 82' lang='lat' dir='ltr'><strong>I‘</strong></span> 
     </span>
    </p>
   </div>
   <div class='ocr_carea' id='block_1_118' title="bbox 2294 5277 3804 5379">
    <p class='ocr_par' dir='ltr' id='par_1_118' title="bbox 2294 5277 3804 5379">
     <span class='ocr_line' id='line_1_124' title="bbox 2294 5277 3804 5379; baseline -0.026 -5"><span class='ocrx_word' id='word_1_897' title='bbox 2294 5277 2500 5377; x_wconf 59' lang='grc' dir='ltr'><strong>Σὲξιέὶᾋζ</strong></span> <span class='ocrx_word' id='word_1_898' title='bbox 2542 5277 3642 5379; x_wconf 29' lang='lat' dir='ltr'><strong>i&quot;EIB&#39;iiiIiiio&quot;ii3.i&#39;ui£;é”adiiciamus</strong></span> <span class='ocrx_word' id='word_1_899' title='bbox 3685 5277 3804 5336; x_wconf 75' lang='lat' dir='ltr'><strong>reddi</strong></span> 
     </span>
    </p>
   </div>
   <div class='ocr_carea' id='block_1_119' title="bbox 2297 5372 3413 5464">
    <p class='ocr_par' dir='ltr' id='par_1_119' title="bbox 2297 5372 3413 5464">
     <span class='ocr_line' id='line_1_125' title="bbox 2297 5372 3413 5464; baseline -0.02 -19"><span class='ocrx_word' id='word_1_900' title='bbox 2297 5372 2707 5464; x_wconf 60' lang='lat' dir='ltr'><strong>possintllufus</strong></span> <span class='ocrx_word' id='word_1_901' title='bbox 2739 5381 2820 5435; x_wconf 89' lang='lat' dir='ltr'><strong>vel</strong></span> <span class='ocrx_word' id='word_1_902' title='bbox 2855 5377 3074 5460; x_wconf 51' lang='lat' dir='ltr'><strong>effusio,</strong></span> <span class='ocrx_word' id='word_1_903' title='bbox 3106 5390 3211 5428; x_wconf 89' lang='lat' dir='ltr'><strong>non</strong></span> <span class='ocrx_word' id='word_1_904' title='bbox 3239 5372 3413 5451; x_wconf 82' lang='lat' dir='ltr'><strong>video.</strong></span> 
     </span>
    </p>
   </div>
   <div class='ocr_carea' id='block_1_120' title="bbox 2372 5423 3804 5528">
    <p class='ocr_par' dir='ltr' id='par_1_120' title="bbox 2372 5423 3804 5528">
     <span class='ocr_line' id='line_1_126' title="bbox 2372 5423 3804 5528; baseline -0.022 -13"><span class='ocrx_word' id='word_1_905' title='bbox 2372 5423 3372 5528; x_wconf 58' lang='grc' dir='ltr'><strong>ῖδῖῖέἓὶτῖζώἐξτξιιῖ’ἱιῖι”ἐῖῥι·ὲίἱι’ἱιιὶὶυι</strong></span> <span class='ocrx_word' id='word_1_906' title='bbox 3406 5437 3616 5492; x_wconf 75' lang='lat' dir='ltr'><strong>aduena.</strong></span> <span class='ocrx_word' id='word_1_907' title='bbox 3636 5425 3703 5481; x_wconf 73' lang='lat' dir='ltr'><strong>El</strong></span> <span class='ocrx_word' id='word_1_908' title='bbox 3735 5423 3804 5478; x_wconf 60' lang='grc' dir='ltr'><strong>σε</strong></span> 
     </span>
    </p>
   </div>
   <div class='ocr_carea' id='block_1_121' title="bbox 2306 5523 3027 5586">
    <p class='ocr_par' dir='ltr' id='par_1_121' title="bbox 2306 5523 3027 5586">
     <span class='ocr_line' id='line_1_127' title="bbox 2306 5523 3027 5586; baseline -0.026 1"><span class='ocrx_word' id='word_1_909' title='bbox 2306 5552 2323 5584; x_wconf 75' lang='grc' dir='ltr'><strong>ι</strong></span> <span class='ocrx_word' id='word_1_910' title='bbox 2356 5523 2424 5586; x_wconf 90' lang='lat' dir='ltr'><strong>ibi</strong></span> <span class='ocrx_word' id='word_1_911' title='bbox 2452 5523 2475 5582; x_wconf 67' lang='grc' dir='ltr'>ι’</span> <span class='ocrx_word' id='word_1_912' title='bbox 2521 5538 2575 5583; x_wconf 89' lang='lat' dir='ltr'><strong>ct</strong></span> <span class='ocrx_word' id='word_1_913' title='bbox 2601 5535 2674 5585; x_wconf 69' lang='grc' dir='ltr'><strong>’τι</strong></span> <span class='ocrx_word' id='word_1_914' title='bbox 2703 5545 2721 5576; x_wconf 79' lang='grc' dir='ltr'><strong>ι</strong></span> <span class='ocrx_word' id='word_1_915' title='bbox 2753 5523 2977 5576; x_wconf 81' lang='lat' dir='ltr'><strong>advena.</strong></span> <span class='ocrx_word' id='word_1_916' title='bbox 3008 5535 3027 5568; x_wconf 74' lang='grc' dir='ltr'><strong>ι</strong></span> 
     </span>
    </p>
   </div>
  </div>
