4046 6152
335 234 429 291 969

1382 227 1450 283 IN
1487 224 1750 284 LIBRUM
1782 222 2078 281 JUDlCUM
2107 223 2397 281 HOMILIA
2432 223 2497 278 γ.

3472 218 3577 279 970

339 372 426 428 pes
451 354 752 411 secundum
786 368 881 409 eor
917 361 1182 413 nostrum,
1215 358 1270 403 et
1309 350 1411 404 hoc
1446 348 1541 403 tibi
1569 347 1636 403 de
1666 347 1907 417 Scriptu-
1936 350 1984 409 Α
2011 343 2091 397 illi
2127 359 2246 413 quae
2278 341 2595 398 clamaverit
2628 339 2693 392 ad
2752 339 3060 407 Dominum,
3110 341 3405 397 suscitetur
3448 356 3578 413 pro-

342 452 413 505 ris
449 448 715 519 probabo.
750 448 887 502 Audi
925 462 1159 517 namque
1188 446 1331 518 quod
1364 445 1626 499 Dominus
1653 444 1790 497 dixit
1817 441 1902 494 “z

344 559 364 593 ι
394 540 655 595 Fecerunt
674 538 777 593 sibi
806 553 1008 604 regem,
1030 547 1086 592 et
1114 553 1218 592 non
1242 552 1340 607 per
1371 552 1476 602 me,
1502 543 1556 587 et
1583 532 1904 603 principem,

338 642 388 687 et
415 646 520 684 non
559 646 657 699 per
684 631 974 685 consilium
1003 645 1202 683 meum.
1236 648 1254 679 ι
1294 628 1361 682 Et
1385 628 1487 682 hoc
1515 628 1719 681 dictum
1752 626 1903 679 video

340 735 423 776 tur
456 723 523 776 de
550 719 681 775 Saul
719 721 845 784 illo,
876 736 1034 789 quem
1069 719 1255 788 utique
1290 722 1405 787 ipse
1436 717 1698 772 Dominus
1731 717 1908 787 elege-

340 827 442 881 rat,
473 823 527 868 ct
560 830 741 883 regem
796 815 911 868 fieri
936 815 1208 884 jusserat:
1252 813 1347 867 sed
1393 812 1648 882 quoniam
1685 825 1791 864 non
1823 825 1909 863 se-

339 912 571 966 cundum
602 910 933 963 voluntatem
967 908 1094 974 Dei,
1138 912 1230 961 sed
1268 909 1567 960 secumlum
1602 905 1908 973 peccatoris

336 1004 512 1076 populi
547 1005 797 1058 meritum
826 1000 1001 1055 fuerat
1039 999 1241 1053 clecms
1261 1038 1276 1060 .
1310 1007 1469 1067 negat
1498 1010 1621 1050 eum
1652 1011 1774 1050 cum
1810 1009 1906 1048 sua

337 1106 614 1152 voluntate
637 1137 653 1161 ,
686 1097 769 1148 vel
803 1093 1029 1149 consilio
1059 1091 1433 1147 constitutum.
1475 1086 1605 1141 Tale
1650 1102 1779 1157 ergo
1809 1087 1908 1141 ali-

336 1190 463 1258 quid
501 1189 871 1257 intelligamus
899 1187 1063 1240 etiam
1102 1186 1154 1238 in
1195 1184 1453 1240 Ecclesiis
1480 1182 1620 1246 fieri,
1658 1185 1781 1251 quia
1810 1197 1908 1252 pro

337 1282 546 1335 meritis
576 1280 751 1349 populi
780 1318 795 1343 ,
836 1289 929 1330 aut
957 1279 1008 1330 in
1035 1278 1202 1331 verbo
1234 1286 1286 1331 et
1320 1290 1484 1347 opere
1523 1284 1715 1345 potens
1738 1291 1767 1328 a
1799 1276 1908 1330 Deo

340 1374 594 1429 tribuitur
639 1384 821 1427 rector
847 1370 1104 1425 Ecclesia:
1132 1410 1147 1434 ,
1198 1380 1292 1423 aut
1322 1371 1366 1424 si
1400 1369 1695 1438 malignum
1745 1367 1909 1423 faciat

336 1467 567 1539 populus
597 1468 648 1519 in
695 1475 983 1532 conSpectu
1022 1462 1230 1518 Domini
1262 1502 1279 1528 ,
1310 1463 1432 1517 talis
1466 1461 1717 1516 Ecclesiae
1743 1461 1908 1528 iudex

335 1566 496 1615 datur
523 1600 539 1622 ,
575 1557 673 1612 sub
703 1571 810 1626 quo
840 1557 1035 1609 famem
1080 1564 1136 1608 et
1186 1557 1333 1609 sitim
1370 1556 1596 1624 pupulus
1633 1554 1905 1623 patiatur,

339 1671 359 1703 ‹
390 1667 498 1705 non
529 1648 726 1702 famem
759 1649 916 1716 panis
938 1688 953 1714 ,
988 1662 1163 1716 neque
1189 1648 1333 1701 sitim
1365 1639 1552 1715 aqua,
1581 1647 1673 1700 sed
1709 1645 1906 1700 famem

337 1742 592 1797 audiendi
622 1742 846 1796 verbum
881 1740 1095 1795 Domini
1125 1740 1190 1794 δι.
1224 1760 1242 1793 ι
1279 1741 1352 1794 Ita
1379 1755 1508 1811 ergo
1540 1757 1637 1794 nos
1662 1756 1905 1812 agamus,

335 1848 390 1890 et
419 1836 493 1889 ita
527 1848 768 1897 oremus,
803 1849 874 1887 ne
906 1847 1144 1901 unquam
1179 1848 1277 1888 nos
1317 1832 1498 1886 divina
1528 1832 1824 1903 indignatio
1855 1835 1907 1887 in

334 1929 486 1983 verbi
518 1929 659 1982 fame
699 1928 1024 1982 condemnet
1056 1941 1120 1980 ac
1146 1925 1271 1988 siti,
1315 1940 1382 1978 ne
1421 1940 1656 1994 unquam
1696 1922 1913 1978 aufera-

337 2031 425 2079 tur
454 2036 484 2074 a
529 2020 705 2084 nobis,
741 2020 833 2090 qui
861 2035 960 2075 nos
989 2020 1153 2073 verbo
1186 2030 1241 2073 et
1269 2032 1432 2086 opere
1457 2018 1710 2079 instruat,
1740 2018 1831 2085 qui
1857 2019 1909 2070 in

337 2113 612 2176 moribus,
645 2124 700 2167 ct
726 2115 1013 2168 honestate
1040 2153 1056 2178 ,
1086 2113 1176 2182 qui
1207 2112 1485 2180 patientia:
1513 2126 1575 2164 ac
1605 2096 1912 2163 mansuetu-

339 2208 480 2260 diuis
525 2206 824 2274 perfectum
865 2205 931 2259 de
971 2219 1031 2259 se
1061 2203 1272 2273 pepulis
1319 2211 1539 2272 praestet
1572 2201 1905 2270 exemplum.

339 2297 473 2350 Nam
492 2296 536 2350 si
557 2312 656 2363 nos
673 2295 964 2349 fecerimus
978 2292 1267 2364 malignum
1286 2293 1337 2346 in
1364 2304 1655 2362 conspectu
1678 2292 1908 2356 Domini,

341 2392 391 2444 id
426 2399 529 2454 est,
558 2390 601 2442 si
631 2388 771 2443 male
795 2388 1068 2457 egerimus
1100 2425 1116 2452 ,
1141 2387 1184 2440 si
1218 2384 1559 2440 voluntatem
1593 2394 1832 2439 nostram
1858 2395 1913 2439 et

339 2499 443 2537 non
479 2482 570 2536 Dei
605 2481 837 2535 facimus
858 2523 875 2549 ,
906 2481 1136 2535 moritur
1169 2491 1224 2534 et
1261 2479 1420 2535 nobis
1452 2478 1642 2543 Aioth,
1670 2477 1910 2532 aufertur

337 2585 390 2629 et
423 2574 707 2645 Setnegar,
738 2584 793 2629 et
819 2577 1140 2629 obscuratur
1172 2572 1288 2626 laus
1320 2581 1527 2635 nostra,
1568 2571 1833 2625 tradimur
1857 2573 1912 2624 in

340 2683 531 2720 manus
559 2667 714 2721 Jabin
747 2666 889 2736 regis
928 2666 1205 2721 Chanaan.
1242 2663 1399 2717 Jabin
1428 2676 1608 2718 autem
1641 2665 1912 2732 interpre-

338 2768 483 2812 tatur
518 2775 702 2812 sensus
734 2758 851 2812 sive
876 2758 1157 2826 prudentia
1188 2756 1321 2828 (62).
1353 2754 1407 2810 Si
1450 2770 1583 2825 ergo
1615 2769 1711 2809 nos
1753 2773 1774 2806 ι
1803 2770 1907 2828 non

337 2853 747 2923 probaverimus
780 2852 944 2906 Deum
992 2853 1191 2906 habere
1219 2853 1272 2904 in
1304 2850 1514 2913 notitia,
1545 2868 1565 2899 ι
1603 2847 1771 2903 tradit
1812 2862 1909 2902 nos

337 2948 483 3001 Dens
520 2964 540 2998 ε
599 2948 653 3000 in
689 2945 978 3015 reprobum
1023 2959 1240 3000 sensum
1264 2985 1278 3006 ,
1323 2944 1554 3011 repletos
1594 2940 1905 3009 iniquitate,

2009 435 2190 503 phctia
2236 449 2356 502 quae
2404 442 2486 489 est
2539 432 2592 486 in
2622 432 2795 503 figura
2846 432 3141 499 Debborae,
3184 443 3239 489 et
3281 436 3576 490 secundum

2009 522 2310 596 prophetia:
2342 526 2574 596 gratiam
2599 566 2613 591 ,
2646 535 2700 579 et
2732 524 3172 594 inteiligentiam,
3207 528 3287 579 vel
3318 525 3578 582 Ecclesia:

2008 620 2233 688 populus
2259 619 2612 687 gubernetur,
2637 617 2721 673 vel
2747 620 2909 671 etiam
2939 633 3130 673 sensus
3155 617 3576 688 uniuscujusque

2006 712 2203 765 mentis
2233 720 2286 763 et
2321 712 2516 764 anima:
2554 720 2792 779 regawr,
2830 726 2925 779 per
2952 708 3136 765 Jesum
3164 709 3441 766 Christum
3470 710 3573 765 Do-

2009 803 2213 857 minum
2247 814 2492 858 nostrum
2513 847 2528 870 ,
2559 798 2652 860 cui~
2675 815 2760 860 est
2789 806 2958 875 gloria
2991 814 3043 861 et
3076 805 3358 876 imperium
3392 805 3446 860 in
3477 819 3578 861 sae—

2008 893 2127 948 cula
2160 894 2503 952 szeculorum.
2541 897 2737 953 Amen.

2603 1008 2887 1065 HOMILIA
2934 1011 2998 1065 ν.

2149 1097 2225 1153 De
2252 1086 2516 1168 Debbora,
2543 1112 2587 1155 et
2621 1100 2857 1167 Barach,
2892 1115 2937 1157 et
2960 1102 3136 1171 Jaltel,
3163 1113 3208 1158 et
3237 1102 3442 1160 Sisara.

2085 1192 2132 1245 l.
2169 1191 2244 1246 De
2269 1194 2659 1261 quaestionibus
2689 1195 2754 1248 ad
2804 1196 3130 1265 quaestiones
3154 1235 3169 1261 ,
3198 1206 3253 1249 et
3285 1197 3352 1251 de
3389 1212 3579 1253 sacra-

2009 1282 2209 1335 mentis
2255 1283 2322 1336 ad
2355 1292 2697 1338 sacramenta
2748 1287 3078 1339 transimus:
3114 1294 3167 1341 et
3216 1302 3338 1342 cum
3383 1289 3469 1342 vix
3515 1305 3581 1345 ac

2010 1370 2296 1428 difficulter
2336 1374 2509 1443 prima
2543 1390 2774 1447 qumque
2826 1377 3178 1446 explanamus
3205 1418 3220 1443 ,
3274 1377 3579 1437 dilIicilibus

2011 1461 2314 1518 difﬁciliora
2346 1466 2681 1530 succedunt,
2726 1481 2845 1535 quae
2876 1483 2978 1520 non
3022 1475 3131 1521 tam
3164 1468 3363 1536 ingenii
3392 1470 3581 1526 facun-

2012 1552 2097 1606 dia
2153 1554 2472 1625 indigeant,
2523 1571 2684 1627 quam
2722 1558 2916 1613 divina:
2954 1562 3143 1630 gratiae
3192 1564 3579 1633 aspirationem

2010 1645 2309 1714 requirant.
2365 1646 2496 1703 Sine
2548 1647 2714 1702 dubio
2764 1649 2906 1704 enim
2966 1652 3198 1722 requirit
3248 1657 3579 1721 auditorem,

2010 1740 2264 1807 quoniam
2302 1741 2520 1809 quidem
2567 1743 2836 1796 sententia
2870 1753 2954 1797 est
2978 1745 3207 1815 apostoli
3241 1745 3430 1813 Pauli,
3459 1762 3581 1820 qua

2011 1831 2143 1884 dicit
2167 1830 2213 1862 "
2238 1849 2250 1884 :
2295 1850 2314 1882 ι
2339 1830 2528 1887 Omnis
2567 1834 2833 1904 scriptura
2867 1836 3124 1893 divinitus
3154 1839 3410 1911 inspirata
3431 1882 3446 1908 ,
3472 1845 3584 1897 uti-

2012 1925 2080 1979 lis
2112 1936 2198 1979 est
2227 1928 2292 1980 ad
2340 1926 2680 1995 docendum,
2714 1931 2780 1982 ad
2817 1931 3203 2002 increpandam
3228 1975 3244 1999 ,
3278 1936 3344 1990 ad
3374 1936 3578 1992 doctri-

2011 2035 2134 2072 nam
2158 2033 2278 2086 qua:
2306 2028 2389 2073 est
2422 2021 2473 2073 in
2506 2021 2737 2090 justitia.
2770 2041 2788 2073 ι
2822 2021 2960 2089 Quid
3003 2040 3132 2092 ergo
3158 2026 3353 2082 habeat
3379 2028 3431 2082 in
3458 2043 3581 2086 sese

2011 2110 2111 2163 ista
2140 2109 2440 2178 Scriptura,
2467 2128 2628 2180 quam
2654 2113 2770 2166 sine
2798 2114 2959 2168 dubio
2985 2125 3039 2170 et
3066 2116 3232 2186 ipsam
3260 2118 3578 2186 inspiratam

2010 2201 2267 2255 divinitus
2305 2200 2665 2267 confitemur,
2696 2202 2838 2270 quod
2872 2202 3027 2257 nobis
3062 2205 3126 2257 ad
3155 2203 3459 2260 doctrinam
3489 2221 3581 2263 ce-

2010 2293 2138 2357 dat,
2171 2293 2315 2362 quod
2348 2294 2414 2347 ad
2449 2293 2898 2363 increpationem,
2928 2296 3072 2363 quod
3111 2298 3179 2352 ad
3213 2297 3578 2368 disciplinam.

2010 2384 2152 2453 quod
2201 2387 2268 2438 ad
2309 2382 2619 2450 justitiam,
2683 2383 2991 2455 diligentius
3037 2399 3121 2441 est
3174 2387 3577 2458 inquirendum.

2009 2475 2148 2540 Quid
2178 2476 2323 2529 enim
2364 2476 2519 2529 nobis
2552 2489 2620 2531 ex
2654 2474 2755 2533 hoc
2789 2477 3090 2543 confertur,
3128 2478 3171 2534 si
3206 2480 3449 2550 legamus
3478 2483 3581 2539 hoc

2010 2568 2149 2635 quod
2177 2566 2456 2619 recitatum
2480 2573 2585 2631 est,
2611 2567 2659 2618 id
2691 2575 2792 2632 est,
2815 2569 2955 2634 quod
2983 2587 3002 2618 ι
3028 2570 3294 2637 Dehbora,
3321 2572 3492 2642 inquit
3512 2574 3580 2639 δ’,

2010 2658 2204 2710 mulier
2235 2657 2603 2726 prophetissa,
2638 2673 2778 2712 uxor
2800 2657 3126 2727 Laphidoth,
3158 2661 3268 2732 ipsa
3297 2662 3580 2734 judicabat

2009 2749 2172 2801 Israel
2209 2748 2296 2802 illo
2334 2760 2598 2818 tempore,
2628 2759 2682 2804 et
2730 2751 2864 2817 ipsa,
2903 2752 3101 2819 inquit,
3141 2753 3383 2810 Dehbora
3416 2760 3576 2814 sede-

2012 2840 2099 2891 bat
2134 2839 2235 2892 sub
2281 2838 2455 2908 palma
2506 2838 2649 2893 inter
2680 2840 2911 2894 medium
2965 2841 3157 2910 Rama,
3193 2857 3249 2900 et
3286 2847 3427 2904 inter
3470 2866 3585 2906 me-

2008 2929 2152 2983 dium
2187 2930 2393 2997 Bethcl,
2420 2931 2478 2999 in
2521 2943 2703 2985 monte
2747 2932 2997 3001 Ephrem,
3031 2944 3086 2988 et
3118 2938 3485 2995 ascendebant
3513 2944 3580 2997 ad

337 3040 600 3108 nequitia,
635 3038 1018 3105 fornicatione,
1055 3038 1306 3102 avaritia,
1341 3037 1529 3107 plenos
1559 3034 1780 3097 invidia,
1814 3033 1907 3085 ho-
1935 3052 1977 3109 ο
2011 3040 2128 3077 eam
2159 3023 2251 3076 ﬁlii
2276 3023 2459 3088 Israel.
2492 3033 2549 3076 ιιι
2584 3023 2992 3091 iudicarentur?
3015 3045 3032 3075 υ
3070 3026 3204 3080 Tum
3230 3028 3425 3086 deinde
3452 3033 3581 3101 quid

338 3131 593 3194 inicidiis,
643 3131 1013 3196 contentione,
1056 3129 1213 3194 dolo,
1264 3140 1677 3195 susurratores,
1729 3127 1909 3180 detra-

333 3240 541 3291 Ctores,
577 3225 690 3280 Deo
722 3224 970 3287 odibiles,
1004 3212 1452 3288 contumeliosos;
1486 3224 1771 3289 superbos,
1798 3222 1912 3276 eia-

339 3327 451 3385 tos,
480 3318 798 3389 parentibus
830 3333 934 3371 non
970 3317 1308 3379 obedientes,
1352 3316 1757 3384 incompositos,
1794 3315 1912 3368 sine

337 3410 559 3474 affectu,
592 3412 711 3473 sine
742 3409 1106 3463 misericordia
1133 3408 1200 3464 ιδ.
1226 3428 1245 3461 ι
1271 3407 1431 3461 Vides
1452 3408 1540 3475 qui
1566 3408 1675 3460 siut
1704 3418 1757 3459 et
1779 3421 1913 3474 qua-

338 3504 420 3560 les
452 3506 542 3572 qui
572 3505 858 3557 traduntur
884 3502 936 3555 in
967 3501 1251 3568 reprobum
1282 3517 1523 3563 sensum,
1552 3500 1644 3569 qui
1680 3498 1907 3553 tradun-

341 3608 433 3652 tur
458 3596 614 3651 Jabin
636 3597 863 3664 principi
890 3595 1349 3649 Chanameorum.

412 3689 579 3761 468
614 3687 665 3741 4.
710 3707 726 3738 ι
756 3688 822 3741 Ει
865 3688 1112 3756 princeps
1140 3726 1155 3749 ,
1187 3686 1363 3753 inquit
1400 3684 1467 3748 “,
1510 3685 1713 3739 militia:
1757 3683 1911 3737 Jabin

338 3794 455 3837 erat
506 3783 713 3845 Sisara,
758 3788 811 3832 et
850 3779 963 3847 ipse
995 3778 1271 3831 habitabat
1305 3776 1359 3830 in
1399 3777 1615 3831 Arisoth
1652 3777 1912 3845 gentium,

340 3882 396 3926 et
423 3880 575 3924 erant
610 3872 657 3923 ei
690 3869 944 3937 nongenti
998 3882 1189 3921 currus
1226 3865 1414 3921 ferrei.
1452 3867 1517 3920 Et
1548 3866 1917 3920 clamaveruut

342 3963 412 4018 ad
446 3963 725 4017 Dominmn
764 3961 856 4014 lilii
889 3955 1073 4013 lsr'ael.
1105 3977 1123 4010 ι
1163 3958 1334 4011 Etiam
1365 3966 1421 4011 et
1445 3957 1498 4010 in
1530 3958 1635 4011 hoc
1664 3956 1916 4009 similiter

342 4059 434 4113 illa
464 4072 626 4125 quam
676 4057 929 4123 superius
984 4055 1408 4125 designavimus,
1457 4053 1768 4107 observatio
1816 4068 1915 4104 cn-

341 4153 596 4211 Stoditur,
622 4151 748 4218 quia
778 4147 1284 4202 nesciuntclamarc
1310 4147 1375 4199 ad
1408 4146 1688 4199 Dominum
1719 4143 1810 4198 lilii
1843 4144 1918 4196 ls-

342 4242 460 4303 rael
491 4242 592 4294 nisi
637 4255 757 4294 cum
800 4238 984 4292 traditi
1026 4236 1226 4291 fuerint
1272 4238 1325 4290 in
1373 4252 1564 4291 manus
1601 4234 1763 4289 Jahin
1789 4277 1803 4300 ,
1835 4233 1918 4287 vel

342 4353 468 4392 cum
516 4335 694 4390 alllieti
726 4349 824 4403 per
865 4332 980 4399 ejus
1023 4330 1227 4385 militi-.e
1271 4330 1570 4399 principem
1622 4327 1862 4381 Sisaram
1896 4364 1910 4388 ,

2014 3117 2168 3170 nobis
2205 3117 2527 3172 eruditionis
2554 3157 2570 3182 ,
2621 3127 2717 3169 aut
2766 3116 3032 3171 doctrina?
3061 3158 3078 3182 ,
3116 3127 3207 3172 aut
3250 3120 3472 3188 iustitiae
3517 3138 3581 3179 ea

2011 3207 2298 3262 conferunt
2340 3224 2460 3279 qua:
2492 3217 2794 3279 sequuntur
2820 3248 2835 3276 ,
2881 3208 2961 3262 vel
3017 3210 3083 3264 de
3120 3208 3325 3265 Baraeh
3348 3252 3362 3277 ,
3401 3214 3484 3268 vel
3517 3217 3585 3271 de

2012 3300 2188 3363 Jabcl,
2219 3299 2300 3353 vel
2331 3300 2493 3355 etiam
2528 3300 2594 3354 de
2628 3299 2813 3354 Sisara
2852 3301 2988 3355 duce
3017 3301 3219 3356 militiae
3245 3299 3444 3356 Jabin?

2080 3391 2137 3446 2.
2172 3390 2462 3447 Videamus
2497 3404 2723 3460 ergone
2753 3389 2890 3444 forte
2925 3404 3023 3458 per
3070 3392 3185 3445 huic
3223 3390 3447 3462 dignum
3477 3395 3582 3449 ali-

2013 3488 2139 3556 quid
2169 3487 2305 3540 sicut
2335 3496 2388 3540 et
2412 3484 2708 3553 Scripturis
2743 3486 2977 3548 caeteris,
3009 3485 3076 3538 de
3103 3489 3464 3542 sacramentis
3493 3503 3580 3544 se-

2016 3579 2340 3632 cretioribus
2375 3578 2690 3631 doceamur.
2723 3575 2909 3630 Primo
2935 3575 3035 3630 hoc
3065 3576 3262 3644 ipsum,
3290 3579 3432 3648 quod
3459 3594 3581 3636 cum

2014 3669 2229 3740 plurimi
2258 3668 2470 3736 judices
2503 3667 2603 3721 viri
2647 3667 2698 3719 in
2736 3666 2901 3720 Israel
2934 3664 3103 3722 fuisse
3144 3667 3487 3737 referuntur,
3515 3670 3585 3727 de

2016 3760 2161 3814 nullo
2195 3760 2412 3813 illorum
2449 3758 2669 3824 dicitur,
2704 3758 2827 3826 quia
2862 3759 3124 3829 propheta
3158 3758 3316 3815 fuerit
3338 3800 3356 3827 ,
3384 3762 3484 3817 nisi
3517 3764 3585 3820 de

2016 3850 2260 3906 Debbora
2299 3851 2547 3904 muliere.
2588 3848 2815 3904 Praestat
2844 3861 2897 3902 et
2926 3849 2976 3903 in
3020 3852 3122 3905 hoc
3152 3868 3254 3906 non
3303 3854 3580 3913 minimam

2013 3942 2440 3997 consolationem
2472 3942 2759 3995 mulierum
2811 3940 2969 3995 sexui
3013 3943 3176 3995 etiam
3209 3944 3379 4011 prima
3416 3945 3586 4015 ipsius

2016 4040 2213 4094 littera:
2242 4037 2410 4092 facies
2430 4079 2445 4104 ,
2495 4048 2550 4093 et
2580 4047 2840 4107 provocat
2887 4053 2978 4093 eas
3011 4040 3086 4093 uti
3120 4056 3456 4110 nequaquam
3485 4060 3585 4115 pro

2016 4135 2330 4189 infirmitate
2351 4149 2514 4188 sexus
2549 4133 2840 4201 desperent
2874 4134 3037 4185 etiam
3075 4136 3369 4203 prOphctiae
3394 4139 3583 4206 gratia

2017 4244 2242 4298 capaces
2280 4243 2341 4283 se
2379 4228 2493 4281 lieri
2529 4241 2706 4296 posse,
2739 4227 2833 4280 sed
2887 4227 3226 4297 intelligant,
3263 4239 3317 4282 et
3358 4231 3586 4285 credant

2016 4320 2158 4389 quod
2203 4327 2440 4373 meretur
2477 4319 2616 4372 hanc
2667 4317 2900 4387 gratiam
2950 4319 3162 4387 puritas
3197 4322 3427 4383 mentis,
3474 4338 3581 4377 non

349 4449 369 4482 ι
397 4430 485 4484 cui
513 4436 687 4490 erant,
717 4426 908 4495 iuQuiI,
939 4422 1192 4493 nongenti
1223 4435 1421 4476 currus
1452 4419 1637 4486 ferrei,
1669 4438 1686 4468 ι
1717 4417 1912 4485 quibus
1944 4403 1987 4457 Ῑ)
2018 4412 2304 4467 diversitas
2333 4425 2516 4464 sexus.
2549 4410 2655 4464 Sed
2687 4409 2966 4463 videamus
2996 4412 3127 4479 quid
3155 4412 3319 4465 etiam
3364 4412 3585 4466 interio-

339 4524 556 4581 scilicet
599 4520 930 4589 afﬂigeretur
972 4515 1197 4587 populus
1230 4514 1378 4567 durie
1426 4512 1674 4564 cervicis.
1726 4511 1909 4563 Sisara

339 4631 527 4676 autem
574 4621 964 4688 interpretatur
1009 4617 1137 4669 visio
1167 4614 1285 4684 equi
1316 4611 1449 4684 (6'5).
1504 4609 1611 4664 Iste
1648 4619 1729 4663 est
1767 4609 1909 4663 enim

338 4711 601 4768 animalis
622 4748 638 4775 ,
673 4727 777 4763 non
808 4707 1088 4777 spiritalis,
1118 4707 1211 4775 qui
1253 4720 1359 4758 non
1393 4703 1536 4756 videt
1565 4701 1669 4755 nisi
1702 4715 1764 4752 ea
1792 4715 1913 4769 qua:

338 4803 599 4858 animalis
624 4812 770 4858 sunt.
794 4802 911 4870 Ipse
935 4809 1021 4856 est
1048 4797 1166 4867 ejus
1189 4798 1347 4861 visio,
1376 4797 1489 4866 ipse
1515 4809 1727 4864 semper
1747 4793 1913 4847 intui-

341 4908 457 4952 tus.
492 4897 557 4951 Et
593 4898 714 4950 ideo
743 4911 953 4965 semper
1004 4891 1258 4947 animalis
1305 4893 1465 4947 homo
1490 4928 1506 4955 ,
1538 4898 1594 4945 et
1631 4889 1678 4943 is
1711 4889 1803 4958 qui
1832 4900 1919 4940 se-

341 4991 584 5048 cundum
610 5006 833 5045 carnem
863 4998 967 5053 est,
993 4987 1342 5057 persequitur
1362 4999 1484 5038 eum
1507 4983 1596 5053 qui
1620 4980 1916 5036 secundum

341 5083 601 5155 spiritum
634 5091 740 5147 est,
779 5084 955 5137 donec
985 5081 1249 5149 spiritalis
1276 5077 1575 5144 intelligat,
1615 5083 1672 5128 et
1713 5070 1915 5127 exami-

342 5184 445 5230 net
466 5173 647 5229 omnia
677 5173 804 5236 ",et
833 5174 1100 5245 intelligat
1130 5173 1277 5226 unde
1302 5170 1403 5224 sibi
1435 5168 1507 5224 sit
1533 5166 1790 5220 auxilium
1823 5163 1919 5217 de-

342 5269 678 5329 noscendum
702 5309 716 5333 ,
749 5278 802 5322 et
836 5268 1034 5321 clamet
1063 5267 1127 5319 ad
1161 5264 1443 5319 Dominum
1473 5276 1486 5312 :
1525 5261 1695 5315 donec
1723 5255 1917 5309 anima:

418 5365 465 5395 “
495 5369 620 5418 Use.
681 5377 804 5420 vin.
840 5360 896 5414 ᾗ.
1009 5360 1056 5391 ⁸⁵
1082 5360 1247 5412 Amos
1277 5371 1397 5420 vin,
1450 5353 1533 5409 1|.

341 5435 393 5468 "'
417 5435 456 5487 ll
486 5434 629 5487 Tini.
661 5431 847 5496 ιιι,16.
923 5430 966 5462 ⁸⁸
993 5428 1115 5485 Jud.
1149 5444 1223 5494 tv,
1253 5427 1308 5494 4,
1345 5426 1397 5481 5.

421 5531 534 5604 (69.)
578 5530 736 5584 Jabin
767 5530 1372 5604 autentuinterpretatur
1402 5536 1582 5575 remus
1627 5519 1733 5572 sive
1780 5531 1910 5584 pru-

343 5595 552 5659 dentia.
592 5605 629 5654 Α
663 5610 753 5687 τπι
779 5619 796 5652 ι
833 5598 1150 5668 intelligere,
1188 5595 1407 5648 sentire.
1442 5612 1460 5642 ι

425 5694 540 5766 (65)
568 5679 750 5748 Sisara
781 5700 955 5742 autem
991 5688 1368 5740 interuretalur
1405 5682 1533 5738 visio
1556 5679 1697 5747 equi.
1726 5679 1766 5733 A
1798 5687 1916 5739 nm

710 5789 981 5849 ΡΑτιιοι..
1024 5782 1141 5843 Gn.
1188 5779 1328 5842 ΧΠ.

1640 5350 1687 5382 ⁸⁵⁸
1726 5348 1886 5402 Rom.
1913 5360 1926 5400 I
1957 5386 1972 5410 ,
2020 5341 2217 5410 28-3l.

1474 5424 1518 5456 ⁸⁰
1548 5422 1694 5477 Psal.
1725 5435 1873 5482 crux,
1901 5418 2022 5471 105.

2023 4506 2098 4558 ris
2146 4500 2514 4571 intelligentia:
2566 4499 2797 4568 respirat
2843 4514 3123 4553 arcanum.
3174 4500 3419 4555 Dehbora
3471 4504 3584 4571 apis

2023 4600 2407 4667 interpretatur
2436 4595 2552 4649 sive
2600 4593 2807 4664 loquela
2836 4589 2972 4662 (64).
3007 4591 3112 4648 Sed
3157 4595 3268 4663 jam
3313 4604 3367 4648 et
3400 4595 3452 4648 in
3495 4610 3589 4650 su-

2019 4689 2319 4760 perioribus
2344 4687 2578 4741 diximus
2612 4686 2755 4756 quod
2787 4683 3030 4738 Debbora
3059 4684 3109 4737 in
3145 4685 3439 4755 propin-tite
3474 4685 3586 4741 for-

2020 4800 2105 4838 ma
2142 4780 2452 4849 accipienda
2488 4780 2592 4843 sit,
2635 4793 2757 4848 quae
2785 4788 2865 4833 est
2898 4779 3033 4848 apis.
3074 4778 3297 4833 Certum
3350 4793 3587 4848 namque

2018 4885 2102 4931 est
2138 4876 2279 4944 quod
2309 4873 2484 4929 omnis
2510 4871 2798 4941 pr0pbetia
2832 4885 3026 4925 suaves
3052 4870 3298 4924 ctelestis
3328 4871 3585 4924 doctrina:

2024 4969 2213 5029 favos,
2250 4973 2306 5020 et
2351 4963 2530 5019 dulcia
2591 4961 2761 5015 divini
2813 4960 3009 5031 eloquii
3064 4959 3583 5030 mellacomponat.

2021 5059 2174 5116 Unde
2222 5069 2277 5111 et
2310 5055 2476 5110 David
2514 5056 2744 5108 canebat
2778 5053 2967 5107 dicens
3015 5052 3094 5106 ‘°:
3132 5070 3152 5103 ι
3189 5052 3359 5118 Quam
3406 5051 3582 5106 dulcia

2018 5154 2262 5210 faucibus
2292 5150 2428 5204 meis
2466 5147 2681 5216 eloquia
2714 5156 2835 5212 tua,
2876 5160 3039 5213 super
3072 5144 3174 5198 mel
3205 5154 3261 5198 et
3288 5145 3470 5197 favum
3499 5145 3583 5199 ori

2021 5261 2161 5301 meo.
2186 5264 2206 5297 ι
2241 5243 2309 5298 Et
2332 5243 2527 5296 iterum
2554 5237 2680 5291 alibi
2706 5234 2834 5290 dicit
2859 5235 2926 5299 “,
2950 5233 3149 5301 judicia
3178 5232 3268 5288 Dei
3300 5249 3320 5283 ι
3344 5233 3579 5301 pretiOSa

2318 5335 2364 5366 “
2408 5332 2531 5385 Jud.
2589 5345 2663 5392 iv,
2712 5326 2766 5394 2,
2822 5323 2877 5378 5.
3017 5322 3063 5354 ⁸⁷
3117 5322 3138 5374 l
3184 5321 3308 5377 Cor.
3366 5336 3427 5388 ιι,
3490 5321 3580 5377 15.

2100 5412 2143 5444 ⁸¹
2166 5407 2309 5463 Psal.
2335 5420 2449 5467 nx,
2484 5402 2571 5455 11.
3524 5406 3535 5417 ‘

2022 5528 2042 5562 ι
2077 5506 2215 5561 vidit
2236 5523 2254 5555 ι
2289 5513 2346 5555 et
2377 5508 2479 5559 mo
2524 5513 2543 5547 ι
2572 5508 2761 5563 equus.
2793 5508 2811 5542 ι

2040 5628 2044 5633 .
2091 5598 2203 5670 (sit)
2238 5593 2479 5670 Delibera
2500 5588 2613 5650 apis
2655 5587 3029 5670 ipterpretttlur
3053 5580 3159 5670 sine
3187 5578 3413 5649 loquela.
3451 5576 3583 5646 Apls

2024 5653 2248 5733 ar‘i'ﬁ't,
2302 5664 2516 5737 loquela
2544 5676 2574 5715 a
2627 5665 2738 5714 n21
2776 5672 2793 5704 ι
2840 5653 3048 5708 locutus
3074 5660 3177 5705 est.
3226 5671 3242 5701 ›

3150 5747 3222 5805 31
