4046 6152
479 244 575 300 971

1924 236 2249 296 ORIGENIS

3618 231 3736 292 972

476 372 600 413 esse
631 370 793 426 super
820 368 1010 409 aurum
1041 393 1055 418 ,
1092 361 1147 408 et
1178 352 1411 423 lapidem
1441 353 1739 422 pretiosum
1769 350 1998 407 multum
2026 391 2041 417 ,
2072 357 2122 414 Α
2147 364 2270 405 cum
2302 348 2588 420 prophetia
2637 348 2836 404 falsum
2885 355 2991 405 est.
3032 348 3151 404 Non
3195 348 3338 403 enim
3371 347 3544 402 secuti
3598 357 3735 403 sunt

475 459 531 504 et
558 449 797 504 dulciora
829 459 991 514 super
1016 443 1120 499 mel
1151 452 1205 499 et
1232 443 1434 499 favum.
1485 462 1503 496 ι

549 540 603 593 5.
638 538 743 593 Sed
768 546 821 592 et
846 536 975 589 illud
1003 535 1431 600 consideremus,
1462 535 1549 589 ubi
1584 535 1826 590 residere
1847 534 2047 590 dicitur

476 630 780 703 prophetia,
814 639 869 682 et
899 627 988 681 ubi
1030 627 1180 682 locus
1205 625 1322 694 ejus
1349 641 1468 681 esse
1493 626 1844 681 describitur.
1882 643 1901 677 ι
1935 625 2047 681 Sub

481 722 678 791 palma,
715 718 891 788 inquit
916 719 985 781 δ’,
1016 718 1154 772 inter
1184 718 1419 772 medium
1449 716 1643 781 Rama,
1675 726 1731 772 et
1769 716 1910 771 inter
1937 731 2049 771 me-

483 813 627 866 dium
665 808 868 864 Ilethel.
896 827 913 859 ι
949 806 1061 863 Sub
1097 806 1275 877 palma
1309 808 1491 863 sedem
1537 807 1699 862 habet
1728 806 2004 876 prophetia
2031 845 2045 870 ,

483 904 604 974 quia
640 921 658 952 ι
682 901 877 968 justus,
906 899 1080 969 inquit
1104 899 1271 953 David
1293 899 1361 962 ⁸³,
1395 899 1533 953 sicut
1556 898 1732 968 palma
1759 897 1992 963 florebit,
2024 917 2043 950 ι

481 1013 577 1067 per
609 997 712 1049 hoc
745 993 887 1060 quod
917 993 1028 1047 suis
1059 991 1485 1046 institutionibus
1514 990 1787 1044 eruditum
1819 991 2051 1059 prophe-

484 1090 554 1141 tia
590 1085 837 1157 perdueit
871 1085 935 1138 ad
970 1083 1201 1154 palmam
1236 1096 1480 1152 superna:
1513 1080 1814 1136 vocationis
1846 1081 1960 1145 Dei,
1996 1081 2048 1134 in

480 1179 698 1236 Christo
741 1176 866 1231 Jesn
902 1177 1128 1229 Domino
1163 1184 1368 1230 nostro.
1409 1175 1557 1229 Inter
1604 1175 1837 1229 medium
1868 1184 2049 1229 autem

486 1271 675 1334 ﬂama,
708 1278 761 1322 et
796 1269 938 1322 inler
967 1266 1202 1321 medium
1239 1266 1428 1321 Belhel
1470 1266 1659 1320 sedere
1691 1267 1913 1321 dicitur.
1944 1264 2053 1318 Ra-

484 1379 570 1417 ma
599 1363 983 1428 interpretatur
1004 1358 1228 1424 excelsa,
1247 1356 1641 1411 Bethel'domus
1676 1356 1768 1411 Dei
1796 1356 1930 1428 (65).
1961 1355 2055 1410 Vi-

482 1456 604 1509 dete
626 1454 678 1507 in
706 1451 903 1521 quibus
928 1450 1060 1505 locis
1086 1448 1324 1503 residere
1348 1448 1544 1501 dicitur
1571 1449 1879 1518 prophetia,
1911 1449 2054 1502 inter

483 1543 696 1601 excelsa
746 1550 802 1596 et
845 1541 1063 1595 domum
1114 1539 1227 1593 Dei.
1281 1537 1425 1592 Nihil
1454 1538 1599 1593 enim
1645 1538 1890 1605 humile,
1919 1540 2056 1595 nihil

484 1636 781 1705 dejectum,
822 1630 956 1685 nihil
986 1630 1091 1685 vile
1122 1644 1249 1700 erga
1281 1629 1579 1699 prophetia:
1609 1630 1792 1684 sedem
1826 1632 2055 1701 reperiri

2150 444 2515 514 prophetiam,
2538 451 2596 497 ut
2624 444 2912 498 crederent
2933 443 2981 496 ei
3007 444 3073 497 de
3095 457 3202 512 quo
3238 442 3416 497 omnis
3444 442 3733 511 prophetia

2151 537 2467 605 praescripta
2496 542 2579 591 est
2611 551 2641 590 a
2666 534 2906 591 Christo.
2972 534 3267 606 Propterea
3312 551 3444 602 ergo
3475 534 3612 591 dicit
3657 533 3755 627 ad;

2152 646 2275 686 eum
2311 631 2557 685 Debbora
2595 629 2643 661 ⁵⁸
2674 647 2686 682 :
2731 646 2749 679 ι
2779 627 2870 683 Ibo
2912 637 3109 683 tecum.
3143 625 3532 681 Verumtamen
3564 628 3732 691 scito,

2154 718 2279 783 quia
2306 732 2414 771 non
2447 717 2553 772 erit
2592 716 2861 785 primatus
2887 724 3011 771 tuus
3046 715 3099 770 in
3131 717 3213 770 via
3246 719 3349 771 hac
3378 731 3542 785 quam
3581 717 3728 770 inceo

2155 809 2258 873 dis,
2282 809 2373 862 sed
2396 809 2449 862 in
2474 824 2634 862 manu
2658 807 2903 862 mulieris
2928 808 3104 861 tradet
3129 805 3386 860 Dominus
3413 804 3681 859 Sisaram.
3707 823 3727 854 ι

2159 896 2452 952 Evidenter
2481 898 2719 952 ostendit
2746 896 2874 966 quia
2918 912 3023 950 non
3060 898 3168 950 erit
3208 896 3346 964 apud
3379 895 3527 949 illum
3556 910 3731 965 popu—

2158 987 2266 1040 lum
2298 987 2587 1057 primatus,
2622 1000 2721 1041 nec
2750 984 3088 1056 permanebit
3140 986 3275 1054 apud
3320 1001 3441 1039 eum
3486 986 3768 1039 victoriae‘

2159 1080 2359 1148 palma,
2404 1079 2497 1133 sed
2549 1080 2601 1132 in
2651 1094 2814 1133 manu
2848 1078 3125 1145 mulieris,
3175 1076 3260 1131 cui
3315 1093 3506 1132 nomen
3552 1076 3735 1139 .Iahcl,

2166 1173 2414 1227 tradetur
2440 1172 2648 1225 Sisara.
2680 1171 3015 1226 Describitur
3047 1180 3227 1224 autem
3257 1172 3400 1239 quod
3430 1173 3735 1225 secundum

2162 1263 2637 1317 commonitionem
2676 1261 2959 1325 Debborae,
3011 1263 3063 1315 id
3100 1270 3185 1315 est
3213 1264 3535 1332 propbetim,
3590 1263 3737 1317 inse-

2160 1365 2420 1426 queretur
2454 1354 2661 1409 Barach
2686 1354 2985 1424 principem
3007 1354 3414 1425 Allopbylorum
3450 1354 3737 1410 Sis-aram:

2162 1458 2217 1503 et
2249 1448 2362 1517 ipse
2387 1448 2601 1516 quidem
2624 1460 2749 1501 eum
2778 1447 3243 1515 comprehendere
3273 1462 3377 1500 non
3411 1447 3614 1515 potuit,
3642 1445 3738 1503 sed

2163 1542 2405 1596 occurrit
2442 1540 2491 1594 ei
2537 1538 2766 1611 fugienti
2824 1539 3018 1593 mulier
3059 1540 3363 1607 alienigena
3394 1537 3589 1604 Jahel,
3620 1555 3742 1609 que

2165 1632 2358 1686 mulier
2384 1632 2535 1702 prius
2582 1646 2703 1686 cum
2737 1645 2803 1685 eo
2831 1632 3197 1686 amicitiarum
3237 1631 3414 1685 fmdus
3446 1631 3736 1686 habuerat.

485 1734 661 1796 potest
691 1746 702 1778 ;
736 1721 879 1777 sicut
904 1729 957 1774 et
984 1719 1240 1775 Salomon
1274 1718 1624 1774 nihilominus
1654 1721 1934 1789 sapientiae
1963 1737 2051 1776 se-
2087 1720 2129 1779 Β
2157 1724 2236 1776 Ad
2275 1737 2435 1791 quam
2465 1722 2552 1774 ille
2577 1737 2701 1776 cmn
2729 1720 3057 1775 declinasset
3087 1720 3287 1775 latendi
3310 1721 3509 1791 gratia,
3541 1736 3739 1791 aquam

486 1819 607 1873 dem
653 1814 967 1869 describens
992 1851 1007 1878 ,
1039 1812 1173 1867 dicit
1202 1812 1270 1866 de
1293 1826 1377 1878 ea,
1411 1813 1553 1881 quod
1584 1812 1668 1867 vel
1697 1814 1746 1866 in
1778 1816 1947 1883 portis
1979 1817 2056 1871 ci-

483 1910 711 1964 vitatum
748 1905 992 1969 assistat,
1027 1903 1109 1957 vel
1142 1905 1195 1958 in
1224 1919 1503 1959 murorum
1528 1904 1798 1961 mtenibus
1828 1908 2055 1974 habitet,

484 1999 571 2053 vel
626 1999 680 2051 in
716 1996 838 2051 altis
889 1995 1127 2051 turribus
1177 1996 1347 2051 libere
1388 2005 1530 2064 agat.
1568 1996 1681 2050 Iloc
1726 2012 1855 2068 ergo
1900 2000 2057 2053 modo

485 2089 790 2163 pr0pbetia,
832 2103 952 2158 quae
987 2102 1131 2141 nunc
1166 2087 1219 2140 in
1259 2086 1502 2142 Debbora
1538 2089 1887 2155 describitur,
1918 2092 2079 2150 inter_

487 2182 704 2236 domum
738 2178 856 2244 Dei,
885 2186 940 2231 et
974 2178 1119 2232 inter
1148 2178 1363 2233 excelsa
1407 2178 1608 2233 dicitur
1637 2181 1906 2235 habitare.
1941 2182 2055 2236 Non

487 2271 630 2325 enim
660 2285 758 2324 nos
808 2270 965 2323 docet
1005 2284 1124 2341 qua:
1153 2284 1318 2338 super
1349 2281 1545 2324 terram
1599 2281 1722 2327 sunt
1771 2288 2015 2343 quaerere
2038 2313 2055 2338 ,

485 2364 580 2418 sed
606 2377 724 2431 qua:
752 2361 803 2414 in
832 2360 988 2415 cmlis
1021 2369 1146 2414 sunt
1169 2370 1224 2413 et
1254 2360 1305 2414 in
1336 2362 1589 2425 excelsis,
1637 2382 1654 2415 ι
1686 2364 1772 2418 ubi
1811 2364 2057 2420 Christus

486 2464 571 2510 est
614 2454 666 2507 in
705 2452 892 2507 dextra
924 2452 1016 2506 Dei
1047 2451 1241 2505 sedens
1280 2452 1362 2508 ’δε
1397 2473 1415 2505 ι
1470 2455 1599 2509 illnc
1643 2470 1739 2509 nos
1777 2457 2058 2525 prophetia

493 2545 750 2598 hortatur
793 2542 1128 2608 ascendere,
1171 2543 1296 2599 illuc
1351 2543 1646 2615 discipulos
1691 2547 1907 2601 n‘iolitur
1957 2548 2057 2602 im-

487 2650 713 2705 ponere.

558 2728 613 2782 5.
657 2727 781 2782 Ilaec
828 2742 957 2798 ergo
991 2726 1168 2797 primo
1211 2727 1476 2793 omnium,
1514 2729 1690 2798 inquit
1713 2731 1784 2803 ",
1838 2747 1857 2783 ι
1887 2733 2055 2800 misit,

488 2833 543 2876 et
582 2821 797 2875 vocavit
839 2821 907 2874 ad
953 2833 1013 2873 se
1062 2817 1290 2873 Barach.
1343 2838 1363 2872 ι
1416 2820 1621 2875 Barach
1670 2824 2061 2894 interpretatur

490 2912 787 2966 coruscatio
824 2910 957 2981 (66).
991 2910 1310 2965 Cornscatio
1336 2926 1466 2966 vero
1492 2922 1575 2966 est
1602 2929 1721 2982 qua:
1756 2915 1916 2969 habet
1944 2916 2060 2986 qui-

488 3005 611 3058 dem
670 3002 878 3067 lucem,
936 3001 1029 3056 sed
1082 3016 1187 3054 non
1247 3012 1571 3056 manentem.
1639 3004 1717 3057 Ad
1791 3007 2055 3062 modicum

487 3092 653 3167 ‘69
708 3093 853 3146 enim
900 3094 1159 3161 temporis
1212 3092 1515 3160 resplendet
1575 3104 1632 3149 et
1687 3095 1905 3152 desinit.
1963 3099 2060 3155 IIic

487 3200 617 3252 ergo
660 3180 866 3235 Barach
903 3182 1033 3234 mihi
1084 3181 1295 3234 videtur
1342 3180 1572 3235 fortnam
1622 3197 1815 3253 gerere
1870 3188 2058 3255 populi

490 3274 711 3344 prioris,
744 3273 833 3341 qui
866 3271 1038 3340 primo
1071 3270 1312 3324 onmium
1348 3287 1443 3340 per
1472 3274 1809 3341 prophetiam
1836 3288 2062 3334 vocatus

492 3374 597 3429 est,
625 3371 680 3417 et
709 3363 968 3415 invitatur
1001 3360 1065 3413 ad
1092 3360 1358 3414 audienda
1389 3363 1608 3432 eloquia
1639 3367 1753 3434 Dei,
1780 3377 1835 3422 et
1866 3370 2062 3426 divina:

492 3456 628 3525 legis
652 3468 875 3508 munera
907 3454 1194 3521 capienda,
1236 3455 1328 3523 qui
1367 3456 1577 3512 refulsit
1600 3460 1852 3528 quidem,
1894 3470 1949 3516 et
1995 3464 2062 3518 ad

492 3548 627 3619 legis
666 3547 1008 3617 splendorem
1046 3546 1113 3599 ad
1154 3548 1318 3603 breve
1354 3559 1565 3620 tempus
1601 3555 1932 3618 coruscavit,
1965 3556 2059 3610 sed

492 3655 602 3694 non
656 3639 745 3692 diu
807 3637 1129 3706 permansit,
1190 3654 1291 3695 nec
1342 3644 1656 3696 continuum
1702 3644 1839 3698 Incis
1888 3647 2064 3714 potuit

495 3733 748 3786 obtinere
783 3731 1067 3802 fulgorem.
1112 3733 1247 3788 Cum
1289 3751 1417 3806 ergo
1448 3736 1673 3792 dixisset
1714 3739 1959 3793 Debbora
1992 3744 2061 3794 ad

493 3821 725 3885 Baracb,
754 3821 805 3874 id
833 3831 914 3876 est
938 3823 1219 3891 prophetia
1250 3824 1316 3878 ad
1356 3825 1592 3894 priorem
1621 3825 1896 3893 pupulum,
1935 3827 2059 3896 quia

502 3930 522 3964 ι
557 3911 651 3966 tibi
683 3916 937 3982 praecepit
967 3914 1223 3970 Dominus
1251 3917 1391 3972 Deus
1423 3916 1623 3983 Israel,
1654 3929 1704 3971 et
1738 3929 1788 3985 tu
1832 3923 2063 3974 ascende

494 4006 550 4059 in
588 4013 821 4058 montem
858 4004 1095 4071 Thabor,
1152 4018 1207 4061 et
1262 4010 1449 4077 accipe
1502 4012 1688 4063 decem
1739 4011 1908 4064 millia
1949 4010 2060 4082 (67)

493 4098 737 4152 virorum
795 4097 865 4161 ⁵⁸,
896 4117 914 4148 ι
971 4109 1024 4151 et
1071 4101 1275 4168 reliqua
1327 4117 1445 4170 qua:
1501 4103 1704 4170 scripta
1734 4114 1895 4168 sunt,
1932 4106 2063 4172 quid

493 4190 839 4259 responderit
868 4188 1077 4241 Baracb
1114 4206 1177 4244 ex
1210 4208 1441 4259 persona
1483 4194 1661 4263 populi
1716 4195 1782 4246 ad
1819 4198 2061 4264 prophe-

496 4283 627 4336 tiam
681 4283 1000 4336 videamus:
1037 4298 1055 4332 ι
1084 4280 1200 4335 Νοιι
1228 4323 1243 4347 ,
1280 4285 1454 4353 inquit
1491 4285 1558 4348 ⁸⁷,
1618 4287 1929 4355 ascendam,
1955 4287 2060 4341 nisi

495 4384 549 4429 tu
575 4376 884 4429 ascenderis
908 4388 1139 4437 mecum,
1172 4377 1298 4443 quia
1329 4378 1511 4431 nescio
1550 4378 1690 4431 diem
1719 4379 1769 4431 in
1797 4393 1900 4448 qua
1934 4379 2061 4432 mit-

498 4477 573 4520 tet
612 4468 871 4521 Dominus
923 4468 1171 4537 angelum
1215 4485 1368 4522 sunm
1420 4488 1691 4525 meeum.»
1739 4469 1899 4524 Vides
1932 4486 2061 4540 ergo

496 4560 768 4627 quomodo
817 4558 924 4613 illis
959 4562 1232 4628 prioribus
1277 4562 1559 4628 prophetia
1608 4560 1803 4616 detulit
1842 4561 2061 4630 eloquia

496 4650 615 4713 Dei,
646 4660 700 4704 et
743 4651 847 4704 illis
879 4652 1009 4706 dicit
1047 4652 1169 4705 data
1202 4665 1321 4705 esse
1350 4662 1611 4723 praecepta
1661 4663 1718 4706 ut
1760 4654 2063 4707 ascendant

497 4742 550 4796 in
577 4753 809 4796 montem
838 4758 849 4794 :
888 4744 981 4797 sed
1006 4754 1267 4797 excusant
1303 4751 1359 4797 et
1385 4743 1589 4808 dicunt,
1610 4745 1725 4799 Non
1752 4747 2063 4810 ascendam,

502 4834 603 4887 nisi
626 4832 938 4888 ascenderis
976 4843 1027 4888 et
1080 4842 1135 4887 tu
1180 4849 1415 4887 mecum.
1479 4833 1547 4888 Et
1586 4836 1654 4888 de
1711 4838 2065 4891 excusatione

498 4926 714 4994 quidem
741 4939 924 4977 verum
967 4934 1069 4989 est,
1128 4926 1220 4978 sed
1269 4925 1337 4978 de
1390 4924 1815 4987 repromissione
1868 4926 2062 4982 falsum

499 5028 601 5072 est.
659 5018 811 5081 Quod
846 5020 990 5072 enim
1021 5033 1125 5072 non
1180 5020 1545 5072 aseemleruut
1584 5018 1636 5071 in
1684 5028 1919 5072 montem
1947 5020 2063 5083 Dei,

499 5123 687 5161 verum
726 5119 839 5173 est;
885 5110 1026 5177 quod
1076 5119 1256 5163 autem
1296 5110 1621 5179 pollicentur
1650 5125 1709 5164 se
1748 5124 2067 5167 ascensuros

573 5201 760 5256 “Jud.
797 5218 868 5269 tv,
905 5204 957 5256 5.
1050 5203 1094 5234 ⁵³
1120 5203 1261 5257 Psal.
1289 5219 1415 5269 xett,
1440 5204 1524 5257 I2.

499 5273 546 5305 "
576 5273 895 5339 Psal.xxxtt,
952 5272 1003 5327 9.
1083 5274 1126 5305 ‘°
1191 5273 1375 5327 Matth.
1416 5290 1510 5341 vn,
1566 5274 1653 5328 id.

571 5369 683 5437 (65)
733 5368 898 5422 Romo
946 5372 1319 5438 interpretatur
1357 5372 1606 5429 excelsa:
1657 5370 1839 5425 Bethel
1880 5376 2066 5428 domus

498 5440 618 5492 Dei.
649 5438 816 5492 Rama
838 5442 1053 5495 excelsa
1085 5459 1113 5493 a
1136 5451 1293 5502 nm;
1326 5439 1512 5495 Betbel
1548 5453 1725 5497 autent
1750 5444 1944 5498 domus
1969 5444 2064 5500 Dei

500 5544 530 5583 a
550 5539 653 5591 nt:
674 5534 813 5600 quod
845 5545 945 5599 est,
980 5552 997 5583 ι
1029 5536 1239 5599 domus,
1268 5555 1286 5584 ι
1315 5544 1367 5588 et
1390 5518 1462 5592 ΗΝ
1488 5554 1505 5585 ι
1541 5537 1694 5591 Deus.
1726 5555 1744 5588 ›

500 5574 945 5727 ωέϋῖίιῗανανεῦί
960 5574 1694 5675 irtt‘eriiieutritarcanae-aii:
1713 5574 1758 5663 Ᾰ
1774 5618 1893 5689 ΡἫ.
1920 5608 2063 5676 quod

592 5689 641 5727 tn
673 5688 732 5727 es
760 5712 772 5725 .

592 5690 641 5727 III
673 5690 772 5728 CSI.

1602 5204 1648 5235 “
1674 5202 1881 5259 Coloss.
1907 5222 1990 5271 ιιι,
2010 5207 2063 5273 1,
2083 5207 2138 5262 2.

2161 1814 2408 1883 poposcit
2463 1820 2523 1866 ut
2568 1812 2800 1880 biberet,
2836 1812 2930 1867 sed
2960 1813 3028 1866 ab
3062 1810 3153 1866 illa
3201 1811 3345 1867 lacte
3378 1820 3609 1881 potatus
3638 1820 3738 1865 est.

2160 1908 2226 1962 Et
2278 1921 2401 1961 cum
2450 1920 2572 1959 eum
2622 1905 2675 1958 in
2731 1904 2952 1958 latebris
2999 1904 3341 1968 collocasset,
3394 1919 3459 1958 ac
3507 1904 3745 1973 pellibus

2160 1992 2569 2066 adoperuisSet,
2608 2003 2730 2063 post
2774 1994 2889 2048 hinc
2917 1993 3098 2064 palum
3136 1993 3330 2049 malleo
3360 1995 3616 2049 adactum
3649 2008 3744 2062 per

2160 2085 2276 2154 ejus
2310 2085 2476 2140 malas
2516 2083 2597 2138 vel
2645 2085 2895 2139 maxillas
2920 2084 3130 2138 defixit.
3179 2084 3245 2139 Et
3278 2094 3405 2141 tunc
3443 2100 3743 2140 occurrens

2161 2177 2447 2232 insectanti
2507 2175 2713 2230 Barach
2767 2188 3040 2231 mortuum
3102 2176 3216 2245 jam
3282 2189 3338 2232 et
3399 2187 3741 2247 prostratum

2163 2269 2405 2325 ostendit
2436 2267 2697 2324 Sisaram.

2231 2363 2285 2421 5.
2326 2362 2465 2429 Quid
2496 2376 2626 2432 ergo
2655 2362 2809 2417 nobis
2851 2366 3179 2418 sacramenti
3211 2364 3387 2419 omnis
3425 2364 3530 2419 iste
3556 2363 3740 2419 histo-

2160 2455 2254 2509 ria:
2305 2464 2486 2509 textus
2527 2453 2803 2509 ostendit?
2844 2451 2999 2507 Jahel
3060 2453 3254 2508 mulier
3299 2453 3626 2524 alienigena,
3677 2453 3744 2507 de

2159 2562 2264 2617 qua
2301 2546 2582 2617 prophetia
2614 2545 2752 2599 dixit
2773 2545 2913 2615 quod
2940 2545 2991 2598 in
3015 2560 3175 2599 manu
3201 2546 3441 2599 mulieris
3465 2545 3560 2599 fiet
3581 2545 3745 2598 victo-

2162 2641 2265 2705 ria,
2294 2639 2521 2709 figuram
2553 2646 2699 2692 tenet
2720 2636 2994 2701 Ecclesiae,
3018 2651 3142 2704 quae
3165 2651 3227 2691 ex
3256 2636 3450 2690 alienis
3480 2636 3738 2705 gentibus

2161 2741 2490 2803 congregata
2539 2740 2644 2786 est.
2679 2728 3075 2801 Interpretatur
3122 2739 3301 2785 autem
3349 2728 3503 2785 Jabel
3549 2744 3739 2784 ascen-

2159 2825 2237 2878 sio
2287 2822 2398 2896 (68)
2429 2843 2443 2878 :
2476 2823 2602 2893 quia
2643 2836 2835 2877 revera
2888 2837 2993 2875 non
3036 2831 3116 2877 est
3160 2823 3268 2875 alia
3313 2822 3566 2877 ascensio
3618 2836 3727 2890 qua

2161 2917 2485 2971 ascendatur
2511 2916 2576 2970 ad
2602 2916 2819 2980 coelum,
2854 2916 2953 2970 nisi
2998 2929 3094 2984 per
3125 2914 3424 2968 Ecclesiam
3459 2913 3734 2967 multifor‘

2163 3007 2267 3062 mis
2298 3007 2584 3076 sapientia:
2614 3006 2733 3061 Dei.
2765 3005 2884 3076 Ipsa
2928 3016 3010 3061 est
3043 3020 3197 3073 ergo,
3228 3021 3345 3075 qua:
3382 3005 3507 3059 dum
3541 3020 3572 3058 a
3607 3020 3736 3060 cor-

2168 3098 2445 3167 poralibus
2498 3100 2564 3151 ad
2615 3098 2924 3167 spiritalia,
2973 3107 3025 3153 et
3060 3113 3089 3151 a
3121 3098 3349 3153 terrenis
3380 3096 3626 3150 ascendit
3670 3096 3738 3149 ad

2169 3190 2440 3254 caelestia,
2470 3190 2745 3244 interfecit
2788 3190 3028 3245 Sisaram
3056 3229 3072 3254 ,
3111 3191 3178 3245 de
3210 3204 3316 3259 quo
3355 3187 3460 3255 iam
3493 3188 3738 3257 superius

2169 3281 2424 3345 diximus,
2452 3280 2592 3349 quod
2619 3279 2915 3335 carnalium
2943 3279 3221 3345 vitiorum,
3257 3289 3311 3333 et
3333 3278 3623 3342 animalis,
3653 3276 3737 3332 veI

2167 3374 2348 3429 stolidi
2407 3373 2518 3444 (69)
2559 3373 2795 3428 hominis
2856 3382 3003 3428 tenet
3054 3373 3281 3443 ﬁguram
3311 3413 3325 3436 ,
3377 3375 3502 3442 quia
3551 3372 3735 3425 Sisara

2169 3464 2299 3519 visio
2343 3465 2460 3533 equi
2510 3465 2926 3532 interpretatur.
2964 3465 3038 3517 De
3069 3478 3178 3533 quo
3207 3462 3485 3531 Scriptura
3509 3462 3638 3516 dicit
3665 3461 3734 3516 ”:

2174 3574 2192 3605 ι
2222 3553 2397 3607 Nolite
2421 3554 2533 3607 fieri
2568 3554 2713 3607 sicut
2744 3568 2920 3623 equus
2957 3563 3013 3608 et
3047 3553 3224 3607 mulus
3249 3591 3263 3616 ,
3299 3554 3496 3621 quibus
3525 3567 3627 3605 non
3653 3560 3738 3607 est

2170 3647 2493 3701 intellectus.
2525 3666 2543 3698 ι
2579 3644 2709 3700 Palo
2738 3660 2868 3716 ergo
2901 3661 3021 3700 eum
3058 3645 3365 3709 interfecit,
3412 3646 3463 3699 id
3494 3655 3574 3699 est
3602 3645 3734 3713 ligni

2169 3739 2348 3791 crucis
2373 3737 2641 3801 acumine,
2682 3746 2736 3789 et
2761 3737 2962 3790 virtute
2990 3751 3114 3790 eum
3161 3736 3482 3805 prosternit.
3527 3734 3588 3787 Et
3625 3749 3731 3788 nou

2169 3831 2287 3883 sine
2344 3843 2508 3882 causa
2571 3827 2845 3881 maxillam
2900 3827 3018 3897 ejus
3080 3827 3204 3895 palo
3270 3825 3733 3880 transverberasse

2171 3921 2521 3975 describitur.
2572 3917 2706 3974 Illud
2737 3920 2882 3974 enim
2933 3935 3040 3984 os,
3090 3920 3239 3988 quod
3298 3919 3365 3973 de
3424 3918 3735 3973 carnalibus

2170 4010 2508 4078 loquebatur,
2567 4020 2622 4064 et
2680 4010 2767 4064 illa
2814 4011 3054 4064 doctrina
3108 4024 3229 4079 qure
3273 4008 3453 4064 carnis
3509 4009 3730 4080 gloriam

2169 4101 2511 4171 prml'erebat,
2539 4101 2665 4170 quia
2703 4101 2755 4154 in
2798 4100 3008 4156 deliciis
3058 4112 3113 4155 et
3153 4100 3428 4171 voluptate
3454 4100 3731 4154 vivendum

2170 4193 2503 4260 sapientibus
2533 4191 2712 4245 saeculi
2745 4193 3135 4260 persuadebat,
3161 4203 3217 4247 et
3248 4193 3543 4246 humanum
3568 4207 3733 4263 genus

2171 4283 2399 4338 luxuriae
2452 4284 2760 4339 adulatione
2794 4285 3085 4355 deceperat
3113 4300 3127 4336 :
3163 4264 3330 4351 illud,
3377 4285 3595 4355 inquam
3625 4322 3640 4346 ,
3674 4298 3733 4337 os

2172 4375 2318 4444 ligno
2368 4376 2550 4429 crucis
2589 4374 2897 4430 confoditur
2942 4384 2997 4430 et
3039 4376 3370 4441 terebratur,
3415 4378 3541 4443 quia
3596 4375 3730 4430 illam

2173 4469 2333 4531 viam,
2364 4485 2523 4539 quam
2566 4467 2904 4537 philosophia
2928 4470 3094 4524 latam
3123 4480 3178 4523 et
3205 4471 3501 4540 spatiosum
3537 4468 3727 4540 praedi-

2168 4562 2726 4630 caveratvoluptatis,
2778 4561 2919 4615 hanc
2969 4562 3223 4618 Christus
3265 4572 3473 4616 arctam
3525 4573 3582 4617 et
3637 4577 3729 4613 ao-

2168 4662 2380 4723 gustam
2438 4654 2596 4707 nobis
2650 4654 2792 4706 viam
2853 4653 3040 4708 salutis
3090 4656 3329 4709 ostendit
3366 4656 3436 4709 “.
3469 4653 3563 4709 Sic
3613 4670 3732 4724 ergo

2168 4743 2341 4806 Jahel,
2380 4745 2431 4798 id
2463 4756 2546 4799 est
2584 4746 2857 4812 Ecclesia,
2889 4747 3145 4801 vitiorum
3171 4749 3471 4818 principem
3499 4750 3730 4801 Sisaram

2169 4840 2441 4893 obtectum
2476 4839 2701 4907 pellibus
2728 4882 2741 4904 ,
2774 4840 2824 4893 id
2884 4851 2966 4895 est
3023 4843 3385 4895 membrorum
3448 4840 3733 4894 mortifica-

2171 4933 2318 4985 tione
2351 4931 2604 5000 sopitum.
2629 4941 2834 4985 aeterno
2860 4933 3022 4986 tradit
3041 4948 3251 4985 somno.
3282 4932 3755 5008 Occurrit‘tameu'

2171 5020 2343 5085 .Iahel,
2390 5021 2443 5075 id
2479 5031 2563 5075 est
2610 5021 2874 5086 Ecclesia,
2910 5032 3029 5091 post
3066 5024 3168 5077 hoc
3214 5033 3269 5075 et
3318 5023 3487 5093 priori
3546 5019 3732 5090 p0pul0

2172 5112 2461 5167 insectanti
2540 5113 2802 5168 Sisaram.
2886 5113 3261 5168 Insectabatur
3344 5115 3491 5167 enim
3576 5110 3732 5166 Israel

2214 5208 2260 5239 "
2286 5208 2407 5263 Jud.
2438 5224 2514 5273 tv,
2540 5206 2595 5261 5.
2671 5207 2717 5239 “
2739 5207 2860 5263 Jud.
2885 5224 2958 5274 tv,
2987 5210 3037 5263 6.
3115 5211 3156 5241 ⁸⁷
3179 5210 3303 5264 ibid.
3326 5211 3379 5265 8.
3458 5209 3504 5241 ⁸⁸
3529 5211 3660 5267 ibid.
3684 5209 3733 5266 9.

2245 5376 2358 5446 (67)
2400 5375 2531 5433 Mss.
2581 5394 2600 5426 ι
2627 5374 2809 5429 decem
2864 5375 3048 5432 millia.
3078 5394 3097 5429 ι
3142 5374 3297 5429 Libb.
3360 5374 3516 5438 editi,
3563 5389 3585 5426 ι
3612 5374 3734 5428 duo-

2174 5444 2347 5501 (ἰεὸίηι
2378 5449 2560 5500 millia.
2593 5466 2612 5497 ι

2247 5496 2775 5637 (68)—(nierpretalur
2798 5524 2971 5571 autem
3009 5514 3169 5568 λιι]ιεί
3213 5517 3468 5570 ascensio.
3515 5515 3597 5569 Ab

2247 5602 2409 5637 Isccttt
2434 5600 2491 5637 ιι.
2519 5606 2537 5635 ι

2182 5604 2201 5638 ί
2231 5600 2491 5640 ascendit.
2519 5606 2537 5635 ι

2249 5657 2358 5729 ((19)
2409 5655 2497 5711 γει
2527 5657 2729 5712 stolidi.
2780 5654 2925 5712 Unus
2966 5658 3133 5711 codex
3178 5673 3277 5711 tus.
3328 5671 3348 5706 ι
3379 5655 3459 5710 vel
3488 5652 3676 5709 choici-
3702 5667 3723 5702 ο
