4046 6152
306 237 405 297 9η

1360 229 1431 288 IN
1463 229 1727 287 LIBRUM
1753 226 2059 286 JUDICUM
2098 226 2387 283 HOMILIA
2418 228 2504 283 VI.

3441 228 3550 289 974

311 357 470 428 legem
492 354 742 427 iustitiae.
770 354 864 411 sed
888 354 944 410 in
975 353 1151 425 legem
1182 365 1290 407 non
1319 352 1592 422 pervenit.
1628 349 1882 406 Occurrit
1907 353 1952 410 Α
1980 357 2037 403 et
2091 356 2288 404 caetera
2339 362 2462 417 quas
2515 351 2735 402 sanctus
2785 343 3076 414 Apostolus
3131 355 3422 401 enumerat
3481 348 3554 409 “.

311 462 430 519 ergo
460 447 705 504 Ecclesia
738 449 905 504 etiam
936 448 1072 519 ipsi,
1101 457 1156 502 et
1181 447 1421 503 ostendit
1447 445 1497 501 ei
1524 459 1661 514 opus
1692 459 1870 509 suum,

310 542 543 602 ostendit
577 542 868 596 victoriam
900 550 1331 596 consummatam
1353 579 1370 605 ,
1427 548 1590 609 atque
1619 539 1672 592 in
1709 538 1877 593 socie-

312 644 473 690 tatem
540 647 667 687 eum
721 633 977 703 prostrati
1038 633 1212 688 hostis
1279 631 1492 685 invitat.
1548 628 1746 683 Verum
1792 638 1876 683 est

308 721 444 783 enim
474 725 629 790 illud,
678 726 825 795 quod
858 724 1150 794 Apostolus
1197 723 1252 778 in
1301 722 1599 778 novissimo
1632 730 1875 790 tempore

308 819 433 873 dicit
459 816 734 881 futurum,
766 817 892 885 quia
925 831 1048 871 cum
1085 815 1365 885 plenitudo
1413 814 1652 883 gentium
1684 812 1874 866 subin-

310 909 538 973 troierit,
573 916 701 964 tunc
729 909 909 963 omnis
956 907 1120 963 Israel
1167 907 1350 962 salvus
1390 905 1481 961 ﬁet
1508 905 1574 956 “.
1627 903 1714 958 Fit
1745 918 1877 972 ergo

309 1003 521 1072 quidem
557 1001 890 1073 primatusin
917 1016 1077 1054 manu
1114 1000 1354 1054 mulieris
1384 998 1724 1067 alienigenae,
1770 1010 1875 1049 non

311 1104 491 1148 tamen
521 1091 828 1147 excluditur
858 1106 887 1144 a
915 1089 1194 1144 consortio
1220 1087 1405 1157 gloria:
1433 1085 1598 1140 etiam
1629 1082 1837 1136 Barach
1860 1120 1875 1144 ,

310 1186 397 1255 qui
428 1185 578 1254 prior
605 1183 821 1254 quidem
855 1190 1116 1252 coeperat,
1146 1181 1240 1236 sed
1270 1180 1600 1234 novissimus
1626 1175 1880 1246 pervenit

312 1279 377 1332 ad
403 1277 590 1331 ﬁnem.
647 1276 759 1330 Imo
790 1276 915 1329 dum
945 1272 1033 1328 ille
1067 1271 1338 1342 pervenit,
1388 1269 1545 1325 Jahel
1578 1268 1879 1336 alienigena

310 1379 723 1443 praetereuntem
751 1365 1147 1437 quodammodo
1177 1365 1458 1419 victoriam
1487 1363 1647 1431 rapit.
1677 1359 1879 1413 Eadem

311 1459 484 1518 forma
515 1458 793 1529 praecessit
823 1459 989 1512 etiam
1036 1457 1089 1510 in
1131 1455 1275 1511 Esau
1318 1463 1373 1511 et
1404 1453 1571 1510 Jacob
1599 1450 1884 1507 fratribus.

315 1554 452 1611 Dum
485 1552 631 1607 enim
658 1550 802 1604 Esau
828 1557 1066 1604 sectatur
1088 1548 1349 1618 agrestia,
1391 1547 1518 1601 dum
1548 1553 1792 1599 moratur
1826 1542 1879 1595 in

321 1643 574 1707 saltibus,
607 1641 941 1712 praeveniens
964 1640 1151 1706 Jacob,
1182 1648 1236 1695 et
1258 1638 1500 1694 mulieris
1526 1635 1795 1698 consiliis,
1826 1631 1877 1687 id

311 1748 397 1795 est
432 1736 649 1799 matris,
696 1735 1023 1805 compositos
1058 1733 1198 1804 patri
1228 1731 1465 1789 offerens
1495 1731 1671 1792 cibos,
1704 1730 1878 1785 bene-

315 1826 575 1883 dictionis
596 1824 863 1894 primatus
893 1824 1123 1893 aceepit.
1149 1823 1242 1877 Sic
1272 1833 1327 1878 et
1354 1823 1405 1876 in
1439 1821 1732 1891 Evangelio
1756 1838 1881 1890 per-

315 1930 474 1991 gente
516 1918 743 1974 Domino
771 1918 836 1972 ad
887 1916 1054 1971 ﬁliam
1085 1915 1351 1985 principis
1388 1929 1679 1984 synagoga:
1707 1917 1883 1971 susci-

318 2013 575 2074 tandam,
626 2010 961 2081 praeveniens
1010 2007 1205 2061 mulier
1252 2021 1373 2076 quae
1415 2004 1558 2058 ﬂuxu
1604 2005 1882 2075 sanguinis

315 2103 617 2169 laborabat,
670 2101 813 2159 ﬁdeli
867 2108 1008 2155 tactu
1062 2099 1213 2169 prior
1268 2099 1620 2166 consequitur
1675 2099 1886 2153 sanita-

315 2202 447 2250 tem.
1112 2242 1117 2247 .

384 2286 438 2342 6.
481 2286 636 2353 Quod
667 2285 712 2340 si
749 2285 913 2340 etiam
944 2283 1072 2337 inde
1098 2281 1478 2351 requirendum
1503 2279 1705 2350 aliquid
1737 2278 1889 2334 vide-

317 2386 410 2433 tur
431 2395 461 2432 a
491 2377 841 2448 diligentibus
868 2374 1229 2439 auditoribus,
1264 2374 1410 2442 quod
1463 2374 1599 2427 lacte
1630 2387 1751 2427 eum
1790 2386 1887 2441 po-

319 2481 466 2526 tasse
493 2470 719 2536 dicitur,
756 2484 876 2524 cum
910 2467 1000 2522 ille
1049 2480 1245 2536 aquam
1282 2465 1643 2535 poposcisset,
1697 2465 1886 2518 videa-

317 2578 439 2619 mus
480 2580 547 2617 ne
598 2561 737 2616 forte
787 2560 1086 2616 secundum
1125 2558 1383 2628 mysticas
1436 2556 1518 2610 vel
1569 2555 1888 2625 allegoricos

318 2656 451 2725 legis
499 2653 1015 2722 interpretationes,
1070 2649 1177 2703 tale
1206 2647 1409 2717 aliquid
1474 2647 1637 2701 etiam
1681 2648 1746 2701 de
1788 2646 1889 2700 hoc

318 2749 488 2820 possit
518 2747 751 2803 ostendi.
783 2744 964 2800 Laetis
998 2743 1149 2797 cibus
1174 2756 1296 2795 esse
1327 2740 1529 2794 dicitur
1562 2740 1617 2793 in
1651 2736 1891 2805 Scriptu-

319 2844 396 2899 ris
423 2839 629 2896 sanctis
667 2837 735 2903 ⁶¹,
771 2838 941 2907 prima
984 2835 1100 2889 haec
1154 2831 1378 2887 moralis
1410 2830 1718 2893 institutio,
1768 2843 1890 2897 qua:

321 2932 708 3002 incipientibus
765 2928 912 2983 velut
956 2924 1199 2995 parvulis
1281 2922 1538 2977 traditur.
1585 2920 1703 2975 Non
1744 2921 1887 2974 enim

321 3031 375 3084 in
406 3026 586 3082 initiis
601 3024 785 3078 statim
821 3019 1107 3089 discipulis
1141 3018 1207 3072 de
1237 3016 1516 3087 profundis
1550 3022 1604 3069 et
1633 3014 1890 3069 secretio-
1917 3040 1961 3097 ο

320 3122 473 3176 ribus
497 3117 818 3173 tradendum
861 3123 947 3170 est
979 3110 1359 3173 sacramentis,
1402 3110 1495 3165 sed
1531 3124 1741 3163 morum
1772 3124 1894 3163 cor-

324 3213 532 3283 reptio,
564 3209 873 3266 emendatio
919 3205 1236 3274 disciplinae,
1276 3202 1542 3272 religiosae
1596 3214 1896 3255 conversa-

324 3304 509 3370 tionis,
532 3312 587 3356 et
615 3299 875 3368 simplicis
902 3298 1023 3351 ﬁdei
1061 3297 1235 3366 prima
1263 3296 1343 3349 eis
1369 3295 1638 3347 elementa
1670 3293 1898 3346 tradun-

327 3408 432 3455 tur.
477 3395 621 3451 Istud
656 3405 737 3449 est
765 3391 1021 3449 Ecclesia:
1053 3391 1156 3454 lac,
1191 3389 1305 3443 hth
1351 3387 1740 3457 incipientibus
1776 3402 1900 3455 par-

325 3492 567 3546 vulorum
600 3486 770 3558 prima
795 3493 921 3541 sunt
956 3484 1250 3538 elementa.
1310 3480 1418 3535 Sed
1473 3482 1577 3534 iste
1633 3479 1788 3534 cibus
1829 3479 1896 3533 iis

325 3581 491 3656 ἧσο
511 3581 727 3651 quidem
767 3577 855 3647 qui
884 3577 952 3631 ad
983 3578 1181 3631 bonum
1210 3573 1529 3643 proﬁciendi
1560 3572 1899 3641 propositum

327 3686 545 3746 gerunt,
575 3671 738 3725 vitam
794 3668 982 3723 tribuit
1020 3675 1075 3721 et
1121 3666 1350 3719 salutem
1385 3681 1399 3717 :
1431 3665 1498 3719 iis
1529 3679 1658 3718 vero
1706 3664 1903 3731 quibus

327 3764 605 3824 contraria
653 3761 888 3832 placent,
922 3758 1118 3827 quibus
1154 3756 1391 3819 luxuria,
1417 3756 1604 3819 libido,
1649 3755 1901 3818 avaritia,

330 3871 386 3914 et
433 3857 614 3913 omnis
652 3853 916 3923 impietas
967 3848 1120 3905 cordi
1166 3858 1271 3911 est,
1303 3845 1607 3915 hujusmodi
1658 3846 1904 3901 doctrina

334 3965 523 4006 necem
546 3958 601 4002 et
631 3945 913 4001 interitum
951 3948 1190 4010 praestat.
1222 3938 1314 3993 Sic
1335 3953 1466 4008 ergo
1508 3938 1588 4002 ﬁt,
1617 3948 1673 3990 ut
1702 3951 1765 3989 ex
1797 3935 1900 3997 his,

332 4052 496 4112 atque
524 4039 710 4095 iisdem
741 4036 880 4091 cibis
902 4032 1100 4102 quibus
1127 4029 1347 4084 aluntur
1387 4028 1536 4092 boni,
1571 4025 1905 4081 suﬁ‘ocentur

334 4136 498 4201 mali;
545 4141 597 4188 et
652 4131 706 4185 in
743 4144 849 4201 quo
878 4127 983 4198 piis
1019 4124 1128 4179 vita
1174 4131 1280 4188 est,
1315 4122 1386 4176 ibi
1415 4123 1487 4175 sit
1519 4121 1699 4189 impiis
1733 4135 1900 4173 mors.

334 4228 577 4297 Denique
610 4233 668 4278 ut
689 4219 936 4290 exemplo
971 4231 1060 4271 res
1087 4230 1249 4284 quam
1279 4214 1508 4268 dicimus
1540 4213 1755 4282 planior
1789 4211 1903 4276 ﬁat,

340 4339 362 4374 ι
390 4321 620 4374 vinum:
683 4329 847 4371 sanos
901 4321 957 4367 et
1008 4310 1291 4366 commode
1330 4306 1587 4375 degentes
1629 4305 1815 4373 juvat,
1851 4313 1906 4358 et

1977 438 2219 495 Sisaram
2244 440 2296 493 in
2328 436 2620 507 semetipso
2649 436 2923 490 videbitur
2953 438 3252 507 peremisse
3276 477 3293 502 ,
3339 448 3399 492 ut
3438 440 3555 494 haec

1976 547 2079 586 non
2113 531 2282 585 solum
2315 531 2367 584 in
2399 545 2628 600 persona
2658 528 2913 583 Ecclesiae
2936 531 3322 594 consummari,
3356 545 3547 584 verum

1976 620 2137 674 etiam
2170 622 2544 689 unusquisque
2580 620 2632 673 in
2668 631 2765 672 sua
2793 617 2975 671 anima
3008 620 3260 674 ostendat
3286 618 3500 688 impleri
3532 633 3551 678 :

1976 712 2142 782 quia,
2188 712 2329 766 sicut
2366 712 2618 776 diximus,
2686 718 2896 778 cceptus
2946 720 3031 764 est
3085 710 3304 780 quidem
3359 712 3548 768 Sisara

1978 804 2233 859 insectari
2258 820 2287 857 a
2322 804 2516 873 populo
2546 803 2736 871 priori,
2766 803 3127 873 interemptus
3156 816 3337 859 autem
3370 821 3400 859 a
3429 822 3553 860 mu-

1978 892 2109 948 liere
2131 908 2193 949 ac
2225 894 2468 948 Ecclesia
2506 892 2745 962 gentium
2769 931 2784 956 ,
2818 901 2873 947 et
2904 894 2956 946 in
2983 910 3142 948 manu
3173 894 3288 964 ejus
3310 896 3435 951 data
3467 903 3555 950 est
3642 956 3645 957 ν

1983 986 2160 1055 palma
2199 987 2464 1041 victoriae.
2492 987 2547 1039 In
2579 987 3049 1042 consummatione
3075 991 3342 1054 omnium,
3369 989 3421 1044 id
3469 997 3556 1044 est

1981 1076 2162 1130 infine
2190 1076 2389 1141 saeculi,
2423 1077 2584 1131 etiam
2630 1077 2903 1131 canticum
2950 1078 3177 1132 Domino
3231 1081 3549 1134 cantabitur

1981 1184 2076 1236 per
2128 1169 2445 1233 Debboram,
2498 1170 2548 1222 in
2590 1184 2698 1239 quo
2743 1168 3008 1238 primatus
3062 1171 3277 1239 quidem
3332 1172 3551 1227 dabitur

1980 1258 2131 1315 Jahel
2167 1261 2424 1316 Ecclesia:
2462 1264 2701 1332 gentium
2736 1275 2752 1312 :
2789 1276 2887 1315 nec
2922 1271 3097 1317 tamen
3139 1262 3402 1318 Debborae
3430 1263 3553 1321 laus

1983 1353 2230 1408 silebitur
2258 1369 2271 1405 :
2311 1356 2403 1408 sed
2434 1366 2486 1409 et
2513 1355 2701 1424 primis
2722 1363 2778 1409 et
2807 1355 3116 1410 novissimis
3144 1356 3385 1411 victorias
3412 1371 3554 1428 prre-

1985 1446 2151 1499 ntium
2203 1444 2438 1510 dabitur,
2509 1461 2604 1515 per
2670 1444 2854 1502 Jesum
2920 1448 3195 1503 Christum
3263 1450 3547 1505 Dominum

1985 1545 2255 1602 nostrum,
2301 1536 2388 1592 cui
2440 1546 2523 1591 est
2562 1538 2735 1608 gloria
2788 1547 2844 1593 et
2895 1539 3183 1609 imperium
3238 1540 3291 1595 iu
3353 1541 3551 1601 saecula

1985 1628 2328 1682 saeculorum.
2370 1629 2565 1683 Amen.

2566 1718 2845 1776 HOMILIA
2889 1721 2972 1777 VI.

2234 1811 2310 1865 De
2350 1813 2553 1866 cantico
2592 1813 2729 1882 quod
2769 1815 2998 1869 cantavit
3038 1813 3295 1871 Debbora.

2057 1904 2105 1957 I.
2152 1902 2337 1957 Sisara
2381 1918 2504 1958 cum
2537 1904 2785 1959 exercitu
2830 1918 2927 1960 suo
2976 1913 3031 1961 et
3061 1907 3315 1963 curribus
3359 1907 3556 1965 ferreis

1986 1994 2179 2062 quibus
2206 1995 2484 2063 impugnat
2510 1995 2764 2065 populum
2802 1995 2918 2061 Dei,
2950 2008 3240 2067 superatus
3271 2010 3379 2066 est,
3414 2003 3557 2071 quod

1988 2086 2059 2137 ita
2100 2084 2339 2144 futurum
2387 2087 2669 2156 prophetia
2725 2088 3040 2157 praececinit
3085 2105 3183 2160 per
3226 2092 3552 2148 Debboram.

1987 2175 2055 2228 Et
2075 2187 2422 2247 posteaquam
2453 2180 2506 2232 in
2538 2193 2696 2232 manu
2726 2180 2966 2235 mulieris
2996 2181 3138 2237 facta
3186 2184 3412 2239 victoria
3450 2196 3556 2256 est,

1987 2268 2256 2322 canticum
2287 2268 2426 2322 istud
2456 2270 2699 2324 Debbora
2723 2308 2737 2332 ,
2774 2270 2922 2324 velut
2954 2273 3196 2329 victoria)
3227 2275 3397 2345 ipsius
3434 2277 3557 2333 Iau.

1989 2357 2132 2425 dem,
2162 2361 2426 2414 cecinisse
2463 2363 2851 2430 praescribitur.
2887 2365 3081 2419 Verum
3123 2367 3169 2421 si
3213 2370 3563 2427 meminimus

1988 2463 2172 2503 eorum
2206 2466 2324 2520 qua:
2369 2450 2422 2505 in
2472 2452 2841 2521 superioribus
2896 2455 3045 2510 dicta
3093 2466 3220 2512 sunt
3262 2462 3559 2515 secundum

1991 2539 2275 2609 mysticam
2311 2542 2563 2609 formam,
2601 2560 2721 2613 quae
2769 2555 2852 2600 est
2898 2546 3069 2615 ﬁgura
3117 2546 3409 2616 Debborae,
3442 2565 3563 2620 qua;

1989 2633 2150 2686 etiam
2187 2634 2414 2700 Barach,
2454 2637 2583 2704 quid
2635 2637 2888 2707 imaginis
2938 2647 3121 2695 teneat
3156 2640 3313 2697 Jahel
3344 2644 3558 2708 mulier,

1991 2740 2110 2794 qme
2132 2726 2502 2782 adversarium
2536 2728 2716 2797 populi
2744 2729 2839 2784 Dei
2871 2731 2985 2784 sola
3013 2731 3224 2802 dejecit,
3258 2748 3375 2803 quze
3397 2735 3562 2791 etiam

1993 2824 2171 2892 imago
2201 2822 2271 2877 sit
2303 2821 2501 2877 Sisara:
2530 2823 2721 2889 ipsius,
2779 2824 2869 2892 qui
2920 2839 2949 2878 a
2991 2825 3220 2880 muliere
3260 2827 3564 2899 alienigena

1993 2913 2121 2984 ligni
2160 2914 2359 2969 virtute
2404 2920 2711 2984 prostratus
2758 2925 2844 2969 est
2876 2933 2889 2969 :
2921 2915 3273 2985 intelligimus
3304 2918 3420 2973 haec
3441 2934 3560 2974 om-

1993 3009 2082 3059 nia
2134 3016 2474 3061 sacramenta
2509 3023 2631 3063 esse
2653 3049 2668 3074 ,
2701 3023 2822 3077 quae
2869 3007 2920 3060 in
2959 3008 3272 3064 novissimis
3303 3011 3565 3079 tempori-

1998 3098 2119 3160 bus,
2151 3105 2205 3150 et
2240 3096 2292 3150 in
2323 3098 2427 3151 line
2464 3098 2646 3153 saeculi
2694 3113 2790 3167 per
2821 3098 3125 3154 Ecclesium
3175 3112 3562 3154 consumman-

2003 3199 2107 3254 tur,
2138 3199 2193 3243 et
2238 3190 2291 3244 in
2321 3191 2533 3247 cantico
2587 3193 2688 3246 hoc
2726 3191 2869 3246 velut
2914 3192 3143 3260 epinicia
3189 3191 3328 3261 ejus,
3389 3193 3440 3247 id
3487 3203 3571 3248 est

2001 3282 2237 3336 victoria:
2306 3282 2517 3337 laudem
2579 3297 2697 3338 esse
2757 3284 3106 3350 descriptam,
3170 3283 3312 3339 illius
3367 3285 3574 3341 scilicet

2002 3373 2260 3441 temporis
2316 3388 2437 3426 cum
2499 3374 2876 3429 «novissimus
2942 3375 3192 3431 inimicus
3259 3377 3572 3432 destruetur

2005 3481 2150 3519 mors
2179 3465 2223 3496 θ’
2258 3504 2271 3518 .
2310 3482 2330 3515 ι
2387 3461 2541 3518 Tunc
2566 3465 2710 3519 enim
2750 3465 3041 3519 exsultabit
3076 3467 3340 3533 Debbora,
3388 3467 3443 3522 id
3488 3477 3572 3525 est

2003 3556 2299 3610 exsultabit
2345 3554 2514 3623 gloria
2570 3557 2907 3625 prophetiae,
2952 3558 3077 3625 quia
3128 3573 3250 3626 quae
3298 3560 3567 3627 prtedixit,

2004 3647 2220 3717 impleta
2281 3654 2423 3701 sunt.
2492 3649 2644 3702 'l'nne
2698 3647 2890 3712 Jahel,
2940 3648 2992 3701 id
3038 3657 3122 3703 est
3167 3649 3404 3705 Ecclesia
3457 3650 3573 3722 (70)

2009 3740 2214 3792 hostem
2266 3755 2603 3793 connnunem
2638 3739 2878 3792 omnium
2920 3739 3238 3805 superabit:
3273 3750 3325 3792 et
3357 3748 3573 3807 postca-

2006 3846 2170 3899 qnam
2196 3831 2472 3899 plenitudo
2497 3832 2735 3900 gentium
2772 3830 3064 3892 introierit,
3095 3839 3222 3885 tunc
3252 3839 3307 3885 et
3337 3831 3570 3892 Barach,

2008 3923 2061 3977 id
2092 3936 2176 3979 est
2205 3925 2441 3992 reliquus
2466 3923 2631 3977 Israel
2656 3967 2669 3987 ,
2700 3923 2882 3977 salvus
2906 3922 2996 3976 ﬁet
3025 3922 3071 3955 “
3099 3931 3154 3976 et
3179 3923 3230 3976 in
3257 3924 3574 3979 societatem

2011 4017 2249 4070 victoria:
2283 4016 2591 4083 reeipietur.
2652 4013 2805 4068 Tunc
2853 4028 3003 4084 ergo,
3039 4015 3081 4069 si
3126 4017 3270 4086 digni
3295 4017 3574 4084 fuerimus,

2008 4110 2173 4167 etiam
2247 4125 2344 4163 nos
2414 4107 2754 4163 cantabimus
2806 4108 3079 4161 canticum
3131 4108 3270 4163 istud
3318 4109 3578 4165 refertum

2011 4204 2256 4275 mysticis
2282 4212 2336 4255 et
2364 4201 2698 4272 propheticis
2742 4199 3099 4254 sacramentis
3120 4241 3135 4263 ,
3165 4214 3232 4253 ex
3259 4199 3458 4269 quibus
3485 4217 3582 4269 per

2012 4297 2219 4367 singula
2244 4296 2516 4350 discutere
2543 4302 2737 4348 cuneta
2773 4293 3032 4360 temporis
3078 4306 3182 4345 non
3224 4301 3332 4347 est.
3373 4292 3569 4348 Brevi-

296 4408 302 4413 ’
338 4368 982 4479 sicu'th—cripturadicit
1006 4401 1076 4466 ⁸³,
1127 4418 1146 4451 ι
1175 4415 1272 4454 cor
1316 4368 1547 4453 hominis
1576 4417 1595 4450 ι
1629 4368 1909 4451 ⁷(ιιηιιεέιωι
1938 4368 1987 4428 Ῑ)
2015 4401 2183 4450 tatem
2246 4401 2480 4458 namque
2511 4386 2786 4441 auditores
2814 4384 3071 4439 Ecclesiae
3097 4384 3346 4453 diligunt.
3396 4383 3578 4441 Pauca

344 4503 710 4568 claitiﬁcat”
765 4492 1199 4551 febricitantibus
1256 4506 1406 4553 vero,
1442 4490 1486 4545 si
1537 4487 1905 4559 sumpserint,

341 4595 635 4667 perniciem
688 4588 942 4646 continuo
991 4597 1046 4642 et
1079 4584 1359 4641 interitum
1419 4582 1576 4653 parit.
1634 4581 1799 4635 Italit
1849 4591 1906 4635 ut

341 4687 529 4740 eadem
560 4696 649 4737 res
679 4682 868 4736 eodem
896 4678 1053 4732 modo
1087 4687 1323 4744 sumpta,
1353 4674 1445 4728 uni
1480 4672 1694 4742 quidem
1721 4671 1908 4737 vitam,

343 4779 438 4834 alii
468 4787 650 4831 autem
675 4771 926 4829 conferat
952 4782 1199 4829 mortem.
1227 4770 1317 4824 Sic
1345 4780 1474 4836 ergo
1499 4760 1908 4831 intelligendum

344 4882 428 4928 est
459 4880 514 4924 et
537 4869 779 4927 Sisaram
809 4868 971 4921 istum
1002 4863 1291 4920 animalem
1323 4859 1631 4923 hominem,
1667 4865 1720 4910 et
1752 4853 1909 4907 vitio-

350 4980 467 5021 rum
494 4962 812 5033 principem,
839 4974 935 5030 per
956 4957 1258 5012 doctrinam
1282 4950 1559 5015 Ecclesiae,
1597 4962 1760 5018 quam
1798 4959 1907 4999 non

346 5072 417 5115 ex
458 5057 564 5111 ﬁde
602 5053 878 5122 suscepit,
919 5051 1266 5104 exstinctum.
1323 5042 1428 5098 Sed
1476 5049 1532 5096 et
1580 5050 1918 5106 unaquaeque

347 5150 532 5206 anima
572 5147 704 5202 satis
732 5153 854 5215 agat
884 5142 1022 5198 lacte
1051 5136 1365 5207 evangelico
1412 5141 1573 5202 atque
1615 5129 1915 5200 apostolico

349 5240 534 5310 sopire
557 5238 611 5293 in
629 5235 919 5305 semetipso
937 5242 993 5288 et
1017 5230 1367 5297 exstinguere
1398 5224 1663 5280 Sisaram.
1689 5221 1748 5275 Si
1771 5221 1915 5273 enim

351 5348 448 5403 per
480 5331 599 5385 haec
626 5328 852 5384 edoctus
900 5326 1024 5396 quis
1074 5318 1492 5379 mortiﬁcaverit
1542 5314 1785 5369 membra
1824 5328 1919 5368 sua

352 5440 475 5496 qua:
502 5432 631 5479 sunt
670 5436 835 5490 super
877 5428 1099 5479 terram,
1140 5414 1447 5476 avaritiam,
1481 5407 1920 5470 fornicationem,

426 5516 468 5548 "
499 5515 662 5570 Rom.
690 5529 772 5578 χι,
800 5512 891 5566 26.
983 5509 1027 5545 ⁶²
1058 5506 1226 5563 lCor.
1254 5520 1341 5573 ιιι,
1363 5504 1419 5558 2.

355 5587 402 5624 ⁸²
431 5586 556 5642 Jud.
581 5601 635 5647 v,
669 5584 727 5640 2.

1513 5500 1559 5535 ⁸³
1584 5498 1728 5557 Psal.
1761 5513 1867 5565 CIV,
1908 5498 1995 5555 I5.

2015 4493 2191 4537 tamen
2223 4480 2306 4535 vel
2328 4482 2393 4534 de
2418 4477 2695 4548 principiis
2723 4475 2837 4544 ejus
2863 4475 3212 4539 disserentes,
3238 4477 3320 4530 vel
3345 4479 3578 4542 sparsim

2014 4592 2078 4630 ex
2106 4590 2170 4629 eo
2191 4572 2443 4627 ﬂosculos
2473 4571 2751 4640 eligentes,
2781 4567 3172 4623 consolationis
3196 4568 3400 4637 aliquid
3431 4573 3585 4624 audio

2018 4668 2228 4722 toribus
2256 4664 2448 4720 ail'erre
2493 4664 2855 4725 tentabimus,
2895 4661 2976 4715 vel
3023 4662 3383 4729 nosmetipsos
3421 4677 3585 4716 exer-

2016 4774 2164 4824 cere,
2219 4767 2273 4812 et
2328 4755 2578 4810 meditari
2640 4762 2698 4807 ut
2745 4753 2857 4823 apti
2907 4753 3207 4809 efficiamur
3228 4754 3295 4807 ad
3324 4754 3585 4808 Debborm

2016 4852 2285 4908 canticum
2316 4847 2732 4904 decantandum.

2087 4945 2143 4999 2.
2180 4962 2197 4995 t
2226 4941 2281 4996 In
2309 4940 2637 5010 incipiendo,
2669 4938 2941 5008 principes
2968 4937 3020 4993 in
3054 4937 3238 5003 Israel,
3261 4938 3312 4991 in
3341 4935 3588 4991 voluntav

2022 5041 2187 5102 tibus,
2223 5033 2430 5106 papuli,
2458 5030 2760 5086 benedicite
2800 5029 3087 5085 Dominum
3114 5029 3212 5083 ".i
3251 5028 3586 5095 Benedictio,

2021 5130 2213 5199 inquit,
2245 5139 2350 5196 qua
2383 5123 2750 5178 benedicimus
2789 5122 3114 5189 Dominum,
3155 5122 3227 5175 sit
3267 5121 3320 5174 in
3362 5119 3589 5174 exordio

2022 5222 2326 5293 principum
2368 5216 2420 5270 in
2445 5214 2627 5281 Israel,
2661 5224 2772 5267 tum
2804 5215 2997 5269 deinde
3023 5225 3078 5269 et
3116 5214 3170 5269 in
3216 5211 3586 5268 voluntatibus

2024 5312 2223 5386 populi.
2262 5309 2418 5366 Verbi
2449 5306 2621 5379 gratia
2650 5319 2803 5359 :cum
2829 5307 3063 5377 primum
3089 5304 3375 5373 incipimus
3401 5302 3588 5359 venire

2027 5406 2095 5460 ad
2126 5402 2220 5456 [)‹·ὶ
2242 5400 2474 5463 cultum,
2506 5412 2631 5452 cum
2662 5398 2874 5452 initium
2926 5396 3078 5451 verbi
3120 5395 3215 5450 Dei
3246 5404 3301 5449 et
3329 5395 3587 5455 doctrina:

2084 5497 2131 5531 "'
2158 5494 2274 5552 Col.
2307 5508 2387 5559 III,
2416 5489 2471 5547 5.
2548 5488 2593 5526 ⁸⁸
2623 5487 2643 5544 I
2675 5489 2801 5544 Cor.
2836 5503 2922 5556 xv,
2952 5486 3042 5544 26.
3118 5488 3165 5521 “
3198 5486 3355 5547 Rom.
3390 5501 3467 5552 κιρ
3495 5484 3587 5551 26.

427 5676 543 5754 (70)
585 5675 712 5733 Mss.
750 5693 768 5728 ι
802 5672 952 5730 Tune
976 5669 1157 5740 Jabel,
1187 5668 1242 5727 id
1275 5675 1357 5725 est
1391 5661 1655 5723 Ecclesia.
1688 5680 1706 5715 ι
1737 5659 1892 5720 Libb.
1925 5652 2077 5727 editi,
2114 5675 2132 5713 ι
2166 5667 2292 5716 tunc
2318 5657 2505 5735 itaque
2537 5651 2801 5711 Ecclesia.
2837 5671 2856 5710 ι
