  <div class='ocr_page' id='page_1' title='image "/cluster/home/n/w/nwhite01/storage/ocr_20150623/12/mdp.39015028786690/497.png"; bbox 0 0 4046 6152; ppageno 0'>
   <div class='ocr_carea' id='block_1_1' title="bbox 467 257 576 310">
    <p class='ocr_par' dir='ltr' id='par_1_1' title="bbox 467 257 576 310">
     <span class='ocr_line' id='line_1_1' title="bbox 467 257 576 310; baseline 0 -1"><span class='ocrx_word' id='word_1_1' title='bbox 467 257 576 310; x_wconf 78' lang='lat'><strong>975</strong></span> 
     </span>
    </p>
   </div>
   <div class='ocr_carea' id='block_1_2' title="bbox 1912 245 2240 306">
    <p class='ocr_par' dir='ltr' id='par_1_2' title="bbox 1912 245 2240 306">
     <span class='ocr_line' id='line_1_2' title="bbox 1912 245 2240 306; baseline 0 0"><span class='ocrx_word' id='word_1_2' title='bbox 1912 245 2240 306; x_wconf 77' lang='lat' dir='ltr'><strong>ORIGENIS</strong></span> 
     </span>
    </p>
   </div>
   <div class='ocr_carea' id='block_1_3' title="bbox 3614 260 3727 316">
    <p class='ocr_par' dir='ltr' id='par_1_3' title="bbox 3614 260 3727 316">
     <span class='ocr_line' id='line_1_3' title="bbox 3614 260 3727 316; baseline -0.027 -1"><span class='ocrx_word' id='word_1_3' title='bbox 3614 260 3727 316; x_wconf 84' lang='lat'><strong>976</strong></span> 
     </span>
    </p>
   </div>
   <div class='ocr_carea' id='block_1_4' title="bbox 467 364 3729 438">
    <p class='ocr_par' dir='ltr' id='par_1_4' title="bbox 467 364 3729 438">
     <span class='ocr_line' id='line_1_4' title="bbox 467 364 3729 438; baseline -0 -11"><span class='ocrx_word' id='word_1_4' title='bbox 467 373 714 429; x_wconf 68' lang='lat' dir='ltr'><strong>cmlestis</strong></span> <span class='ocrx_word' id='word_1_5' title='bbox 761 371 1076 438; x_wconf 83' lang='lat' dir='ltr'><strong>accipimus,</strong></span> <span class='ocrx_word' id='word_1_6' title='bbox 1114 383 1142 421; x_wconf 89' lang='lat' dir='ltr'><strong>a</strong></span> <span class='ocrx_word' id='word_1_7' title='bbox 1177 365 1514 437; x_wconf 89' lang='lat' dir='ltr'><strong>principibus</strong></span> <span class='ocrx_word' id='word_1_8' title='bbox 1545 364 1710 421; x_wconf 90' lang='lat' dir='ltr'><strong>Israel</strong></span> <span class='ocrx_word' id='word_1_9' title='bbox 1741 367 1842 422; x_wconf 88' lang='lat' dir='ltr'><strong>ista</strong></span> <span class='ocrx_word' id='word_1_10' title='bbox 1887 365 2046 420; x_wconf 88' lang='lat' dir='ltr'><strong>nobis</strong></span> <span class='ocrx_word' id='word_1_11' title='bbox 2072 364 2122 420; x_wconf 87' lang='lat' dir='ltr'><strong>A</strong></span> <span class='ocrx_word' id='word_1_12' title='bbox 2146 364 2452 429; x_wconf 89' lang='lat' dir='ltr'><strong>charitatis,</strong></span> <span class='ocrx_word' id='word_1_13' title='bbox 2485 382 2506 418; x_wconf 86' lang='grc'><em>‹</em></span> <span class='ocrx_word' id='word_1_14' title='bbox 2536 372 2591 420; x_wconf 90' lang='lat' dir='ltr'><strong>et</strong></span> <span class='ocrx_word' id='word_1_15' title='bbox 2621 365 2828 436; x_wconf 83' lang='lat' dir='ltr'><strong>galeam</strong></span> <span class='ocrx_word' id='word_1_16' title='bbox 2863 385 2883 420; x_wconf 75' lang='grc' dir='ltr'><strong>ι</strong></span> <span class='ocrx_word' id='word_1_17' title='bbox 2920 367 3273 423; x_wconf 82' lang='lat' dir='ltr'><strong>nihilominus</strong></span> <span class='ocrx_word' id='word_1_18' title='bbox 3306 387 3324 420; x_wconf 70' lang='grc' dir='ltr'><strong>ε</strong></span> <span class='ocrx_word' id='word_1_19' title='bbox 3358 369 3549 426; x_wconf 86' lang='lat' dir='ltr'><strong>salutis</strong></span> <span class='ocrx_word' id='word_1_20' title='bbox 3579 376 3729 428; x_wconf 87' lang='lat' dir='ltr'><strong>acci-</strong></span> 
     </span>
    </p>
   </div>
   <div class='ocr_carea' id='block_1_5' title="bbox 467 453 2038 531">
    <p class='ocr_par' dir='ltr' id='par_1_5' title="bbox 467 453 2038 531">
     <span class='ocr_line' id='line_1_5' title="bbox 467 453 2038 531; baseline -0.007 -13"><span class='ocrx_word' id='word_1_21' title='bbox 467 465 624 519; x_wconf 89' lang='lat' dir='ltr'><strong>initia</strong></span> <span class='ocrx_word' id='word_1_22' title='bbox 659 459 989 531; x_wconf 87' lang='lat' dir='ltr'><strong>capessenda</strong></span> <span class='ocrx_word' id='word_1_23' title='bbox 1025 467 1172 512; x_wconf 89' lang='lat' dir='ltr'><strong>sunt.</strong></span> <span class='ocrx_word' id='word_1_24' title='bbox 1214 456 1489 524; x_wconf 83' lang='lat' dir='ltr'><strong>Principes</strong></span> <span class='ocrx_word' id='word_1_25' title='bbox 1519 465 1700 510; x_wconf 91' lang='lat' dir='ltr'><strong>autem</strong></span> <span class='ocrx_word' id='word_1_26' title='bbox 1738 453 1903 509; x_wconf 93' lang='lat' dir='ltr'><strong>Israel</strong></span> <span class='ocrx_word' id='word_1_27' title='bbox 1927 495 1942 521; x_wconf 95' lang='lat'><strong>,</strong></span> <span class='ocrx_word' id='word_1_28' title='bbox 1985 453 2038 508; x_wconf 91' lang='lat' dir='ltr'><strong>id</strong></span> 
     </span>
    </p>
   </div>
   <div class='ocr_carea' id='block_1_6' title="bbox 469 547 2036 626">
    <p class='ocr_par' dir='ltr' id='par_1_6' title="bbox 469 547 2036 626">
     <span class='ocr_line' id='line_1_6' title="bbox 469 547 2036 626; baseline -0.008 -13"><span class='ocrx_word' id='word_1_29' title='bbox 469 568 552 613; x_wconf 82' lang='lat' dir='ltr'><strong>est</strong></span> <span class='ocrx_word' id='word_1_30' title='bbox 607 553 787 626; x_wconf 83' lang='lat' dir='ltr'><strong>populi</strong></span> <span class='ocrx_word' id='word_1_31' title='bbox 841 550 1161 614; x_wconf 81' lang='lat' dir='ltr'><strong>Christiani,</strong></span> <span class='ocrx_word' id='word_1_32' title='bbox 1219 551 1440 621; x_wconf 80' lang='lat' dir='ltr'><strong>angelos</strong></span> <span class='ocrx_word' id='word_1_33' title='bbox 1478 547 1824 617; x_wconf 87' lang='lat' dir='ltr'><strong>accipiendos</strong></span> <span class='ocrx_word' id='word_1_34' title='bbox 1866 556 2036 617; x_wconf 88' lang='lat' dir='ltr'><strong>puto,</strong></span> 
     </span>
    </p>
   </div>
   <div class='ocr_carea' id='block_1_7' title="bbox 470 641 2036 717">
    <p class='ocr_par' dir='ltr' id='par_1_7' title="bbox 470 641 2036 717">
     <span class='ocr_line' id='line_1_7' title="bbox 470 641 2036 717; baseline -0.001 -19"><span class='ocrx_word' id='word_1_35' title='bbox 470 664 605 717; x_wconf 84' lang='lat' dir='ltr'><strong>quos</strong></span> <span class='ocrx_word' id='word_1_36' title='bbox 649 648 837 700; x_wconf 77' lang='lat' dir='ltr'><strong>adesse</strong></span> <span class='ocrx_word' id='word_1_37' title='bbox 884 643 1145 698; x_wconf 81' lang='lat' dir='ltr'><strong>Dominus</strong></span> <span class='ocrx_word' id='word_1_38' title='bbox 1199 644 1330 698; x_wconf 91' lang='lat' dir='ltr'><strong>dicit</strong></span> <span class='ocrx_word' id='word_1_39' title='bbox 1369 642 1662 711; x_wconf 82' lang='lat' dir='ltr'><strong>unicuique</strong></span> <span class='ocrx_word' id='word_1_40' title='bbox 1701 641 1921 696; x_wconf 89' lang='lat' dir='ltr'><strong>minimo</strong></span> <span class='ocrx_word' id='word_1_41' title='bbox 1983 643 2036 696; x_wconf 88' lang='lat' dir='ltr'><strong>itt</strong></span> 
     </span>
    </p>
   </div>
   <div class='ocr_carea' id='block_1_8' title="bbox 471 734 2035 804">
    <p class='ocr_par' dir='ltr' id='par_1_8' title="bbox 471 734 2035 804">
     <span class='ocr_line' id='line_1_8' title="bbox 471 734 2035 804; baseline -0.004 -10"><span class='ocrx_word' id='word_1_42' title='bbox 471 739 735 801; x_wconf 87' lang='lat' dir='ltr'><strong>Ecclesia,</strong></span> <span class='ocrx_word' id='word_1_43' title='bbox 772 739 861 804; x_wconf 88' lang='lat' dir='ltr'><strong>qui</strong></span> <span class='ocrx_word' id='word_1_44' title='bbox 893 736 1054 790; x_wconf 91' lang='lat' dir='ltr'><strong>etiam</strong></span> <span class='ocrx_word' id='word_1_45' title='bbox 1091 750 1307 803; x_wconf 85' lang='lat' dir='ltr'><strong>semper</strong></span> <span class='ocrx_word' id='word_1_46' title='bbox 1345 735 1527 789; x_wconf 88' lang='lat' dir='ltr'><strong>videre</strong></span> <span class='ocrx_word' id='word_1_47' title='bbox 1559 735 1815 790; x_wconf 91' lang='lat' dir='ltr'><strong>dicuntur</strong></span> <span class='ocrx_word' id='word_1_48' title='bbox 1842 734 2035 790; x_wconf 80' lang='lat' dir='ltr'><strong>faciem</strong></span> 
     </span>
    </p>
   </div>
   <div class='ocr_carea' id='block_1_9' title="bbox 470 826 2033 898">
    <p class='ocr_par' dir='ltr' id='par_1_9' title="bbox 470 826 2033 898">
     <span class='ocr_line' id='line_1_9' title="bbox 470 826 2033 898; baseline -0.005 -11"><span class='ocrx_word' id='word_1_49' title='bbox 470 832 647 887; x_wconf 86' lang='lat' dir='ltr'><strong>Patris</strong></span> <span class='ocrx_word' id='word_1_50' title='bbox 676 829 765 898; x_wconf 86' lang='lat' dir='ltr'><strong>qui</strong></span> <span class='ocrx_word' id='word_1_51' title='bbox 805 829 856 882; x_wconf 91' lang='lat' dir='ltr'><strong>in</strong></span> <span class='ocrx_word' id='word_1_52' title='bbox 890 827 1044 881; x_wconf 71' lang='lat' dir='ltr'><strong>cwlis</strong></span> <span class='ocrx_word' id='word_1_53' title='bbox 1076 836 1160 880; x_wconf 90' lang='lat' dir='ltr'><strong>est</strong></span> <span class='ocrx_word' id='word_1_54' title='bbox 1191 828 1256 880; x_wconf 63' lang='grc'><strong>⁵⁸.</strong></span> <span class='ocrx_word' id='word_1_55' title='bbox 1296 827 1396 896; x_wconf 90' lang='lat' dir='ltr'><strong>lpsi</strong></span> <span class='ocrx_word' id='word_1_56' title='bbox 1427 842 1556 896; x_wconf 92' lang='lat' dir='ltr'><strong>ergo</strong></span> <span class='ocrx_word' id='word_1_57' title='bbox 1587 836 1711 880; x_wconf 92' lang='lat' dir='ltr'><strong>sunt</strong></span> <span class='ocrx_word' id='word_1_58' title='bbox 1738 826 2033 896; x_wconf 87' lang='lat' dir='ltr'><strong>principes,</strong></span> 
     </span>
    </p>
   </div>
   <div class='ocr_carea' id='block_1_10' title="bbox 470 920 2033 990">
    <p class='ocr_par' dir='ltr' id='par_1_10' title="bbox 470 920 2033 990">
     <span class='ocr_line' id='line_1_10' title="bbox 470 920 2033 990; baseline -0.002 -12"><span class='ocrx_word' id='word_1_59' title='bbox 470 937 523 978; x_wconf 92' lang='lat' dir='ltr'><strong>et</strong></span> <span class='ocrx_word' id='word_1_60' title='bbox 571 924 638 977; x_wconf 88' lang='lat' dir='ltr'><strong>ab</strong></span> <span class='ocrx_word' id='word_1_61' title='bbox 697 922 828 990; x_wconf 89' lang='lat' dir='ltr'><strong>ipsis</strong></span> <span class='ocrx_word' id='word_1_62' title='bbox 871 920 1025 975; x_wconf 91' lang='lat' dir='ltr'><strong>nobis</strong></span> <span class='ocrx_word' id='word_1_63' title='bbox 1073 930 1200 974; x_wconf 92' lang='lat' dir='ltr'><strong>sunt</strong></span> <span class='ocrx_word' id='word_1_64' title='bbox 1254 921 1516 975; x_wconf 90' lang='lat' dir='ltr'><strong>sumenda</strong></span> <span class='ocrx_word' id='word_1_65' title='bbox 1550 921 1836 990; x_wconf 91' lang='lat' dir='ltr'><strong>principia.</strong></span> <span class='ocrx_word' id='word_1_66' title='bbox 1875 921 2033 975; x_wconf 90' lang='lat' dir='ltr'><strong>Verbi</strong></span> 
     </span>
    </p>
   </div>
   <div class='ocr_carea' id='block_1_11' title="bbox 468 1011 2034 1089">
    <p class='ocr_par' dir='ltr' id='par_1_11' title="bbox 468 1011 2034 1089">
     <span class='ocr_line' id='line_1_11' title="bbox 468 1011 2034 1089; baseline -0.003 -18"><span class='ocrx_word' id='word_1_67' title='bbox 468 1017 645 1089; x_wconf 85' lang='lat' dir='ltr'><strong>gratia</strong></span> <span class='ocrx_word' id='word_1_68' title='bbox 679 1034 692 1070; x_wconf 92' lang='lat'>:</span> <span class='ocrx_word' id='word_1_69' title='bbox 726 1015 771 1070; x_wconf 88' lang='lat' dir='ltr'><strong>si</strong></span> <span class='ocrx_word' id='word_1_70' title='bbox 823 1023 910 1067; x_wconf 85' lang='lat' dir='ltr'><strong>eat</strong></span> <span class='ocrx_word' id='word_1_71' title='bbox 943 1013 1066 1083; x_wconf 89' lang='lat' dir='ltr'><strong>quis</strong></span> <span class='ocrx_word' id='word_1_72' title='bbox 1105 1026 1239 1082; x_wconf 90' lang='lat' dir='ltr'><strong>puer</strong></span> <span class='ocrx_word' id='word_1_73' title='bbox 1288 1011 1356 1066; x_wconf 89' lang='lat' dir='ltr'><strong>ad</strong></span> <span class='ocrx_word' id='word_1_74' title='bbox 1405 1011 1642 1076; x_wconf 89' lang='lat' dir='ltr'><strong>scholas,</strong></span> <span class='ocrx_word' id='word_1_75' title='bbox 1697 1029 1727 1067; x_wconf 90' lang='lat' dir='ltr'><strong>a</strong></span> <span class='ocrx_word' id='word_1_76' title='bbox 1776 1011 2034 1081; x_wconf 84' lang='lat' dir='ltr'><strong>magistro</strong></span> 
     </span>
    </p>
   </div>
   <div class='ocr_carea' id='block_1_12' title="bbox 468 1103 2035 1178">
    <p class='ocr_par' dir='ltr' id='par_1_12' title="bbox 468 1103 2035 1178">
     <span class='ocr_line' id='line_1_12' title="bbox 468 1103 2035 1178; baseline -0.004 -16"><span class='ocrx_word' id='word_1_77' title='bbox 468 1108 684 1178; x_wconf 90' lang='lat' dir='ltr'><strong>quidem</strong></span> <span class='ocrx_word' id='word_1_78' title='bbox 722 1105 1040 1175; x_wconf 87' lang='lat' dir='ltr'><strong>suscipitur,</strong></span> <span class='ocrx_word' id='word_1_79' title='bbox 1067 1114 1122 1158; x_wconf 90' lang='lat' dir='ltr'><strong>et</strong></span> <span class='ocrx_word' id='word_1_80' title='bbox 1168 1104 1400 1159; x_wconf 84' lang='lat' dir='ltr'><strong>ellicitur</strong></span> <span class='ocrx_word' id='word_1_81' title='bbox 1426 1103 1570 1157; x_wconf 87' lang='lat' dir='ltr'><strong>illius</strong></span> <span class='ocrx_word' id='word_1_82' title='bbox 1609 1104 1847 1159; x_wconf 92' lang='lat' dir='ltr'><strong>doctoris</strong></span> <span class='ocrx_word' id='word_1_83' title='bbox 1873 1104 2035 1158; x_wconf 86' lang='lat' dir='ltr'><strong>disci-</strong></span> 
     </span>
    </p>
   </div>
   <div class='ocr_carea' id='block_1_13' title="bbox 466 1195 2034 1272">
    <p class='ocr_par' dir='ltr' id='par_1_13' title="bbox 466 1195 2034 1272">
     <span class='ocr_line' id='line_1_13' title="bbox 466 1195 2034 1272; baseline -0.005 -17"><span class='ocrx_word' id='word_1_84' title='bbox 466 1201 650 1272; x_wconf 91' lang='lat' dir='ltr'><strong>pulus,</strong></span> <span class='ocrx_word' id='word_1_85' title='bbox 694 1199 788 1254; x_wconf 91' lang='lat' dir='ltr'><strong>sed</strong></span> <span class='ocrx_word' id='word_1_86' title='bbox 832 1214 935 1252; x_wconf 93' lang='lat' dir='ltr'><strong>non</strong></span> <span class='ocrx_word' id='word_1_87' title='bbox 967 1197 1148 1252; x_wconf 93' lang='lat' dir='ltr'><strong>statim</strong></span> <span class='ocrx_word' id='word_1_88' title='bbox 1194 1195 1433 1251; x_wconf 88' lang='lat' dir='ltr'><strong>discendi</strong></span> <span class='ocrx_word' id='word_1_89' title='bbox 1464 1196 1530 1249; x_wconf 92' lang='lat' dir='ltr'><strong>ab</strong></span> <span class='ocrx_word' id='word_1_90' title='bbox 1553 1195 1669 1262; x_wconf 91' lang='lat' dir='ltr'><strong>ipso</strong></span> <span class='ocrx_word' id='word_1_91' title='bbox 1704 1204 2034 1264; x_wconf 59' lang='lat' dir='ltr'><strong>praceptore</strong></span> 
     </span>
    </p>
   </div>
   <div class='ocr_carea' id='block_1_14' title="bbox 467 1289 2032 1357">
    <p class='ocr_par' dir='ltr' id='par_1_14' title="bbox 467 1289 2032 1357">
     <span class='ocr_line' id='line_1_14' title="bbox 467 1289 2032 1357; baseline -0.007 -7"><span class='ocrx_word' id='word_1_92' title='bbox 467 1294 636 1350; x_wconf 87' lang='lat' dir='ltr'><strong>sumit</strong></span> <span class='ocrx_word' id='word_1_93' title='bbox 681 1293 965 1347; x_wconf 80' lang='lat' dir='ltr'><strong>exordium</strong></span> <span class='ocrx_word' id='word_1_94' title='bbox 999 1309 1012 1343; x_wconf 87' lang='lat'><strong>:</strong></span> <span class='ocrx_word' id='word_1_95' title='bbox 1046 1291 1139 1345; x_wconf 90' lang='lat' dir='ltr'><strong>sed</strong></span> <span class='ocrx_word' id='word_1_96' title='bbox 1205 1305 1328 1344; x_wconf 89' lang='lat' dir='ltr'><strong>cum</strong></span> <span class='ocrx_word' id='word_1_97' title='bbox 1356 1289 1425 1342; x_wconf 88' lang='lat' dir='ltr'><strong>ab</strong></span> <span class='ocrx_word' id='word_1_98' title='bbox 1477 1303 1542 1342; x_wconf 88' lang='lat' dir='ltr'><strong>eo</strong></span> <span class='ocrx_word' id='word_1_99' title='bbox 1585 1289 1762 1357; x_wconf 89' lang='lat' dir='ltr'><strong>prima</strong></span> <span class='ocrx_word' id='word_1_100' title='bbox 1820 1295 2032 1342; x_wconf 86' lang='lat' dir='ltr'><strong>tantum</strong></span> 
     </span>
    </p>
   </div>
   <div class='ocr_carea' id='block_1_15' title="bbox 467 1378 2032 1448">
    <p class='ocr_par' dir='ltr' id='par_1_15' title="bbox 467 1378 2032 1448">
     <span class='ocr_line' id='line_1_15' title="bbox 467 1378 2032 1448; baseline -0.003 -10"><span class='ocrx_word' id='word_1_101' title='bbox 467 1384 732 1438; x_wconf 86' lang='lat' dir='ltr'><strong>elementa</strong></span> <span class='ocrx_word' id='word_1_102' title='bbox 752 1379 1074 1448; x_wconf 89' lang='lat' dir='ltr'><strong>susceperit,</strong></span> <span class='ocrx_word' id='word_1_103' title='bbox 1098 1379 1329 1434; x_wconf 82' lang='lat' dir='ltr'><strong>traditur</strong></span> <span class='ocrx_word' id='word_1_104' title='bbox 1359 1379 1481 1433; x_wconf 91' lang='lat' dir='ltr'><strong>aliis</strong></span> <span class='ocrx_word' id='word_1_105' title='bbox 1504 1378 1851 1442; x_wconf 88' lang='lat' dir='ltr'><strong>erudiendus,</strong></span> <span class='ocrx_word' id='word_1_106' title='bbox 1875 1390 1934 1434; x_wconf 91' lang='lat' dir='ltr'><strong>ut</strong></span> <span class='ocrx_word' id='word_1_107' title='bbox 1962 1382 2032 1434; x_wconf 83' lang='lat' dir='ltr'><strong>ita</strong></span> 
     </span>
    </p>
   </div>
   <div class='ocr_carea' id='block_1_16' title="bbox 467 1470 2033 1540">
    <p class='ocr_par' dir='ltr' id='par_1_16' title="bbox 467 1470 2033 1540">
     <span class='ocr_line' id='line_1_16' title="bbox 467 1470 2033 1540; baseline -0.003 -10"><span class='ocrx_word' id='word_1_108' title='bbox 467 1477 664 1539; x_wconf 83' lang='lat' dir='ltr'><strong>dicam,</strong></span> <span class='ocrx_word' id='word_1_109' title='bbox 689 1472 888 1528; x_wconf 74' lang='lat' dir='ltr'><strong>schola:</strong></span> <span class='ocrx_word' id='word_1_110' title='bbox 921 1473 1088 1540; x_wconf 90' lang='lat' dir='ltr'><strong>ipsius</strong></span> <span class='ocrx_word' id='word_1_111' title='bbox 1141 1470 1481 1540; x_wconf 88' lang='lat' dir='ltr'><strong>principibus</strong></span> <span class='ocrx_word' id='word_1_112' title='bbox 1515 1488 1529 1525; x_wconf 89' lang='lat'>:</span> <span class='ocrx_word' id='word_1_113' title='bbox 1563 1481 1622 1524; x_wconf 91' lang='lat' dir='ltr'><strong>ut</strong></span> <span class='ocrx_word' id='word_1_114' title='bbox 1649 1487 1772 1525; x_wconf 92' lang='lat' dir='ltr'><strong>cum</strong></span> <span class='ocrx_word' id='word_1_115' title='bbox 1820 1472 1888 1536; x_wconf 88' lang='lat' dir='ltr'><strong>ab</strong></span> <span class='ocrx_word' id='word_1_116' title='bbox 1927 1471 2033 1527; x_wconf 91' lang='lat' dir='ltr'><strong>illis</strong></span> 
     </span>
    </p>
   </div>
   <div class='ocr_carea' id='block_1_17' title="bbox 465 1561 2031 1636">
    <p class='ocr_par' dir='ltr' id='par_1_17' title="bbox 465 1561 2031 1636">
     <span class='ocr_line' id='line_1_17' title="bbox 465 1561 2031 1636; baseline -0.001 -15"><span class='ocrx_word' id='word_1_117' title='bbox 465 1577 727 1636; x_wconf 88' lang='lat' dir='ltr'><strong>quantum</strong></span> <span class='ocrx_word' id='word_1_118' title='bbox 766 1568 820 1620; x_wconf 88' lang='lat' dir='ltr'><strong>itt</strong></span> <span class='ocrx_word' id='word_1_119' title='bbox 851 1564 959 1618; x_wconf 89' lang='lat' dir='ltr'><strong>illis</strong></span> <span class='ocrx_word' id='word_1_120' title='bbox 990 1572 1076 1618; x_wconf 91' lang='lat' dir='ltr'><strong>est</strong></span> <span class='ocrx_word' id='word_1_121' title='bbox 1101 1561 1263 1617; x_wconf 91' lang='lat' dir='ltr'><strong>fuerit</strong></span> <span class='ocrx_word' id='word_1_122' title='bbox 1294 1563 1550 1630; x_wconf 89' lang='lat' dir='ltr'><strong>edoctus,</strong></span> <span class='ocrx_word' id='word_1_123' title='bbox 1602 1572 1657 1618; x_wconf 93' lang='lat' dir='ltr'><strong>et</strong></span> <span class='ocrx_word' id='word_1_124' title='bbox 1697 1580 1820 1618; x_wconf 92' lang='lat' dir='ltr'><strong>cum</strong></span> <span class='ocrx_word' id='word_1_125' title='bbox 1859 1566 2031 1634; x_wconf 88' lang='lat' dir='ltr'><strong>prima</strong></span> 
     </span>
    </p>
   </div>
   <div class='ocr_carea' id='block_1_18' title="bbox 465 1656 2032 1729">
    <p class='ocr_par' dir='ltr' id='par_1_18' title="bbox 465 1656 2032 1729">
     <span class='ocr_line' id='line_1_18' title="bbox 465 1656 2032 1729; baseline 0.001 -17"><span class='ocrx_word' id='word_1_126' title='bbox 465 1659 606 1729; x_wconf 91' lang='lat' dir='ltr'><strong>apud</strong></span> <span class='ocrx_word' id='word_1_127' title='bbox 641 1674 732 1714; x_wconf 91' lang='lat' dir='ltr'><strong>eos</strong></span> <span class='ocrx_word' id='word_1_128' title='bbox 759 1657 1064 1726; x_wconf 85' lang='lat' dir='ltr'><strong>deposuerit</strong></span> <span class='ocrx_word' id='word_1_129' title='bbox 1097 1656 1402 1710; x_wconf 89' lang='lat' dir='ltr'><strong>rudimenta</strong></span> <span class='ocrx_word' id='word_1_130' title='bbox 1424 1695 1438 1718; x_wconf 89' lang='lat'><strong>,</strong></span> <span class='ocrx_word' id='word_1_131' title='bbox 1469 1666 1579 1710; x_wconf 94' lang='lat' dir='ltr'><strong>tum</strong></span> <span class='ocrx_word' id='word_1_132' title='bbox 1611 1657 1827 1711; x_wconf 92' lang='lat' dir='ltr'><strong>demum</strong></span> <span class='ocrx_word' id='word_1_133' title='bbox 1864 1659 2032 1729; x_wconf 88' lang='lat' dir='ltr'><strong>ipsius</strong></span> 
     </span>
    </p>
   </div>
   <div class='ocr_carea' id='block_1_19' title="bbox 467 1749 2030 1822">
    <p class='ocr_par' dir='ltr' id='par_1_19' title="bbox 467 1749 2030 1822">
     <span class='ocr_line' id='line_1_19' title="bbox 467 1749 2030 1822; baseline -0.001 -15"><span class='ocrx_word' id='word_1_134' title='bbox 467 1753 705 1808; x_wconf 84' lang='lat' dir='ltr'><strong>doctoris</strong></span> <span class='ocrx_word' id='word_1_135' title='bbox 751 1749 1075 1822; x_wconf 80' lang='lat' dir='ltr'><strong>perfectiora</strong></span> <span class='ocrx_word' id='word_1_136' title='bbox 1135 1757 1402 1817; x_wconf 67' lang='lat' dir='ltr'><strong>praecepta</strong></span> <span class='ocrx_word' id='word_1_137' title='bbox 1450 1751 1729 1818; x_wconf 83' lang='lat' dir='ltr'><strong>suscipiat.</strong></span> <span class='ocrx_word' id='word_1_138' title='bbox 1785 1751 1860 1805; x_wconf 90' lang='lat' dir='ltr'><strong>lla</strong></span> <span class='ocrx_word' id='word_1_139' title='bbox 1901 1767 2030 1822; x_wconf 89' lang='lat' dir='ltr'><strong>ergo</strong></span> 
     </span>
    </p>
   </div>
   <div class='ocr_carea' id='block_1_20' title="bbox 465 1841 2031 1912">
    <p class='ocr_par' dir='ltr' id='par_1_20' title="bbox 465 1841 2031 1912">
     <span class='ocr_line' id='line_1_20' title="bbox 465 1841 2031 1912; baseline -0.001 -12"><span class='ocrx_word' id='word_1_140' title='bbox 465 1847 632 1900; x_wconf 87' lang='lat' dir='ltr'><strong>etiam</strong></span> <span class='ocrx_word' id='word_1_141' title='bbox 669 1858 813 1898; x_wconf 89' lang='lat' dir='ltr'><strong>nunc</strong></span> <span class='ocrx_word' id='word_1_142' title='bbox 841 1841 1241 1895; x_wconf 82' lang='lat' dir='ltr'><strong>institutionum</strong></span> <span class='ocrx_word' id='word_1_143' title='bbox 1265 1851 1574 1895; x_wconf 86' lang='lat' dir='ltr'><strong>nostrarum</strong></span> <span class='ocrx_word' id='word_1_144' title='bbox 1598 1842 1750 1896; x_wconf 89' lang='lat' dir='ltr'><strong>initia</strong></span> <span class='ocrx_word' id='word_1_145' title='bbox 1780 1852 2031 1912; x_wconf 91' lang='lat' dir='ltr'><strong>repetens</strong></span> 
     </span>
    </p>
   </div>
   <div class='ocr_carea' id='block_1_21' title="bbox 463 1933 2032 2009">
    <p class='ocr_par' dir='ltr' id='par_1_21' title="bbox 463 1933 2032 2009">
     <span class='ocr_line' id='line_1_21' title="bbox 463 1933 2032 2009; baseline -0.003 -15"><span class='ocrx_word' id='word_1_146' title='bbox 463 1938 741 2009; x_wconf 86' lang='lat' dir='ltr'><strong>prophetia</strong></span> <span class='ocrx_word' id='word_1_147' title='bbox 776 1935 940 2001; x_wconf 88' lang='lat' dir='ltr'><strong>dicit,</strong></span> <span class='ocrx_word' id='word_1_148' title='bbox 977 1933 1118 2004; x_wconf 90' lang='lat' dir='ltr'><strong>quod</strong></span> <span class='ocrx_word' id='word_1_149' title='bbox 1154 1947 1278 1986; x_wconf 90' lang='lat' dir='ltr'><strong>cum</strong></span> <span class='ocrx_word' id='word_1_150' title='bbox 1329 1949 1357 1986; x_wconf 83' lang='lat' dir='ltr'><strong>a</strong></span> <span class='ocrx_word' id='word_1_151' title='bbox 1410 1933 1748 2003; x_wconf 91' lang='lat' dir='ltr'><strong>principibus</strong></span> <span class='ocrx_word' id='word_1_152' title='bbox 1798 1936 2032 2004; x_wconf 66' lang='lat' dir='ltr'><strong>carperi-</strong></span> 
     </span>
    </p>
   </div>
   <div class='ocr_carea' id='block_1_22' title="bbox 463 2025 2026 2103">
    <p class='ocr_par' dir='ltr' id='par_1_22' title="bbox 463 2025 2026 2103">
     <span class='ocr_line' id='line_1_22' title="bbox 463 2025 2026 2103; baseline -0.004 -15"><span class='ocrx_word' id='word_1_153' title='bbox 463 2048 585 2088; x_wconf 87' lang='lat' dir='ltr'><strong>mus</strong></span> <span class='ocrx_word' id='word_1_154' title='bbox 622 2029 756 2103; x_wconf 80' lang='lat' dir='ltr'><strong>(7i),</strong></span> <span class='ocrx_word' id='word_1_155' title='bbox 798 2028 884 2082; x_wconf 92' lang='lat' dir='ltr'><strong>vel</strong></span> <span class='ocrx_word' id='word_1_156' title='bbox 915 2026 1188 2097; x_wconf 90' lang='lat' dir='ltr'><strong>principes</strong></span> <span class='ocrx_word' id='word_1_157' title='bbox 1213 2025 1482 2093; x_wconf 61' lang='lat' dir='ltr'><strong>coeperint</strong></span> <span class='ocrx_word' id='word_1_158' title='bbox 1511 2027 1725 2096; x_wconf 90' lang='lat' dir='ltr'><strong>operari</strong></span> <span class='ocrx_word' id='word_1_159' title='bbox 1762 2027 1816 2080; x_wconf 95' lang='lat' dir='ltr'><strong>in</strong></span> <span class='ocrx_word' id='word_1_160' title='bbox 1847 2029 2026 2093; x_wconf 89' lang='lat' dir='ltr'><strong>nobis,</strong></span> 
     </span>
    </p>
   </div>
   <div class='ocr_carea' id='block_1_23' title="bbox 461 2117 2030 2187">
    <p class='ocr_par' dir='ltr' id='par_1_23' title="bbox 461 2117 2030 2187">
     <span class='ocr_line' id='line_1_23' title="bbox 461 2117 2030 2187; baseline -0.006 -4"><span class='ocrx_word' id='word_1_161' title='bbox 461 2125 658 2182; x_wconf 85' lang='lat' dir='ltr'><strong>deinde</strong></span> <span class='ocrx_word' id='word_1_162' title='bbox 690 2137 789 2176; x_wconf 91' lang='lat' dir='ltr'><strong>nos</strong></span> <span class='ocrx_word' id='word_1_163' title='bbox 829 2119 1102 2173; x_wconf 77' lang='lat' dir='ltr'><strong>voluntate</strong></span> <span class='ocrx_word' id='word_1_164' title='bbox 1127 2127 1178 2171; x_wconf 90' lang='lat' dir='ltr'><strong>et</strong></span> <span class='ocrx_word' id='word_1_165' title='bbox 1211 2117 1488 2186; x_wconf 89' lang='lat' dir='ltr'><strong>proposito</strong></span> <span class='ocrx_word' id='word_1_166' title='bbox 1513 2119 1908 2187; x_wconf 88' lang='lat' dir='ltr'><strong>subsequamur</strong></span> <span class='ocrx_word' id='word_1_167' title='bbox 1936 2137 1948 2173; x_wconf 95' lang='lat'>:</span> <span class='ocrx_word' id='word_1_168' title='bbox 1977 2130 2030 2174; x_wconf 90' lang='lat' dir='ltr'><strong>et</strong></span> 
     </span>
    </p>
   </div>
   <div class='ocr_carea' id='block_1_24' title="bbox 461 2209 2027 2284">
    <p class='ocr_par' dir='ltr' id='par_1_24' title="bbox 461 2209 2027 2284">
     <span class='ocr_line' id='line_1_24' title="bbox 461 2209 2027 2284; baseline -0.004 -13"><span class='ocrx_word' id='word_1_169' title='bbox 461 2215 604 2271; x_wconf 82' lang='lat' dir='ltr'><strong>aucti</strong></span> <span class='ocrx_word' id='word_1_170' title='bbox 633 2212 986 2284; x_wconf 80' lang='lat' dir='ltr'><strong>profectibus,</strong></span> <span class='ocrx_word' id='word_1_171' title='bbox 1019 2211 1099 2264; x_wconf 92' lang='lat' dir='ltr'><strong>sic</strong></span> <span class='ocrx_word' id='word_1_172' title='bbox 1139 2211 1205 2264; x_wconf 94' lang='lat' dir='ltr'><strong>ad</strong></span> <span class='ocrx_word' id='word_1_173' title='bbox 1251 2209 1677 2263; x_wconf 84' lang='lat' dir='ltr'><strong>benedicendum</strong></span> <span class='ocrx_word' id='word_1_174' title='bbox 1703 2209 1815 2277; x_wconf 88' lang='lat' dir='ltr'><strong>jam</strong></span> <span class='ocrx_word' id='word_1_175' title='bbox 1852 2211 2027 2279; x_wconf 92' lang='lat' dir='ltr'><strong>ipsum</strong></span> 
     </span>
    </p>
   </div>
   <div class='ocr_carea' id='block_1_25' title="bbox 465 2301 2027 2369">
    <p class='ocr_par' dir='ltr' id='par_1_25' title="bbox 465 2301 2027 2369">
     <span class='ocr_line' id='line_1_25' title="bbox 465 2301 2027 2369; baseline -0.003 -6"><span class='ocrx_word' id='word_1_176' title='bbox 465 2309 750 2363; x_wconf 68' lang='lat' dir='ltr'><strong>Dominum</strong></span> <span class='ocrx_word' id='word_1_177' title='bbox 780 2305 1079 2359; x_wconf 87' lang='lat' dir='ltr'><strong>veniamus.</strong></span> <span class='ocrx_word' id='word_1_178' title='bbox 1123 2301 1228 2356; x_wconf 90' lang='lat' dir='ltr'><strong>Sed</strong></span> <span class='ocrx_word' id='word_1_179' title='bbox 1255 2302 1532 2355; x_wconf 78' lang='lat' dir='ltr'><strong>videamus</strong></span> <span class='ocrx_word' id='word_1_180' title='bbox 1564 2302 1691 2369; x_wconf 90' lang='lat' dir='ltr'><strong>quid</strong></span> <span class='ocrx_word' id='word_1_181' title='bbox 1717 2304 1846 2356; x_wconf 90' lang='lat' dir='ltr'><strong>dicit</strong></span> <span class='ocrx_word' id='word_1_182' title='bbox 1875 2323 1885 2356; x_wconf 96' lang='lat'>:</span> <span class='ocrx_word' id='word_1_183' title='bbox 1925 2324 1943 2354; x_wconf 69' lang='grc' dir='ltr'>ι</span> <span class='ocrx_word' id='word_1_184' title='bbox 1971 2303 2027 2358; x_wconf 93' lang='lat' dir='ltr'><strong>ln</strong></span> 
     </span>
    </p>
   </div>
   <div class='ocr_carea' id='block_1_26' title="bbox 460 2382 2025 2468">
    <p class='ocr_par' dir='ltr' id='par_1_26' title="bbox 460 2382 2025 2468">
     <span class='ocr_line' id='line_1_26' title="bbox 460 2382 2025 2468; baseline -0.003 -15"><span class='ocrx_word' id='word_1_185' title='bbox 460 2398 794 2468; x_wconf 88' lang='lat' dir='ltr'><strong>incipiendo,</strong></span> <span class='ocrx_word' id='word_1_186' title='bbox 830 2395 1002 2463; x_wconf 89' lang='lat' dir='ltr'><strong>inquit</strong></span> <span class='ocrx_word' id='word_1_187' title='bbox 1037 2395 1101 2456; x_wconf 71' lang='lat'><strong>‘9,</strong></span> <span class='ocrx_word' id='word_1_188' title='bbox 1129 2393 1402 2462; x_wconf 87' lang='lat' dir='ltr'><strong>principes</strong></span> <span class='ocrx_word' id='word_1_189' title='bbox 1437 2382 1490 2446; x_wconf 90' lang='lat' dir='ltr'><strong>in</strong></span> <span class='ocrx_word' id='word_1_190' title='bbox 1522 2393 1737 2448; x_wconf 56' lang='lat' dir='ltr'><strong>Israelu</strong></span> <span class='ocrx_word' id='word_1_191' title='bbox 1769 2395 2025 2466; x_wconf 84' lang='lat' dir='ltr'><strong>lnitiaju-</strong></span> 
     </span>
    </p>
   </div>
   <div class='ocr_carea' id='block_1_27' title="bbox 460 2486 2028 2559">
    <p class='ocr_par' dir='ltr' id='par_1_27' title="bbox 460 2486 2028 2559">
     <span class='ocr_line' id='line_1_27' title="bbox 460 2486 2028 2559; baseline -0.003 -14"><span class='ocrx_word' id='word_1_192' title='bbox 460 2491 577 2545; x_wconf 85' lang='lat' dir='ltr'><strong>vari</strong></span> <span class='ocrx_word' id='word_1_193' title='bbox 599 2507 627 2543; x_wconf 91' lang='lat' dir='ltr'><strong>a</strong></span> <span class='ocrx_word' id='word_1_194' title='bbox 646 2488 978 2559; x_wconf 91' lang='lat' dir='ltr'><strong>principibus</strong></span> <span class='ocrx_word' id='word_1_195' title='bbox 990 2486 1270 2538; x_wconf 88' lang='lat' dir='ltr'><strong>dicuntur:</strong></span> <span class='ocrx_word' id='word_1_196' title='bbox 1289 2494 1409 2553; x_wconf 88' lang='lat' dir='ltr'><strong>post</strong></span> <span class='ocrx_word' id='word_1_197' title='bbox 1435 2486 1548 2540; x_wconf 73' lang='lat' dir='ltr'><strong>[nec</strong></span> <span class='ocrx_word' id='word_1_198' title='bbox 1566 2500 1692 2539; x_wconf 89' lang='lat' dir='ltr'><strong>vero</strong></span> <span class='ocrx_word' id='word_1_199' title='bbox 1706 2487 1815 2553; x_wconf 83' lang='lat' dir='ltr'><strong>jam</strong></span> <span class='ocrx_word' id='word_1_200' title='bbox 1837 2490 2028 2541; x_wconf 82' lang='lat' dir='ltr'><strong>volun-</strong></span> 
     </span>
    </p>
   </div>
   <div class='ocr_carea' id='block_1_28' title="bbox 460 2575 2026 2650">
    <p class='ocr_par' dir='ltr' id='par_1_28' title="bbox 460 2575 2026 2650">
     <span class='ocr_line' id='line_1_28' title="bbox 460 2575 2026 2650; baseline -0.004 -13"><span class='ocrx_word' id='word_1_201' title='bbox 460 2593 570 2638; x_wconf 89' lang='lat' dir='ltr'><strong>tate</strong></span> <span class='ocrx_word' id='word_1_202' title='bbox 595 2581 807 2650; x_wconf 89' lang='lat' dir='ltr'><strong>propria</strong></span> <span class='ocrx_word' id='word_1_203' title='bbox 837 2591 892 2631; x_wconf 89' lang='lat' dir='ltr'><strong>et</strong></span> <span class='ocrx_word' id='word_1_204' title='bbox 921 2577 1198 2646; x_wconf 87' lang='lat' dir='ltr'><strong>proposito</strong></span> <span class='ocrx_word' id='word_1_205' title='bbox 1232 2575 1511 2630; x_wconf 90' lang='lat' dir='ltr'><strong>nitendum</strong></span> <span class='ocrx_word' id='word_1_206' title='bbox 1539 2586 1622 2631; x_wconf 81' lang='lat' dir='ltr'><strong>est</strong></span> <span class='ocrx_word' id='word_1_207' title='bbox 1644 2617 1658 2641; x_wconf 96' lang='lat'><strong>,</strong></span> <span class='ocrx_word' id='word_1_208' title='bbox 1703 2585 1762 2630; x_wconf 91' lang='lat' dir='ltr'><strong>ut</strong></span> <span class='ocrx_word' id='word_1_209' title='bbox 1803 2577 2026 2632; x_wconf 92' lang='lat' dir='ltr'><strong>benedi-</strong></span> 
     </span>
    </p>
   </div>
   <div class='ocr_carea' id='block_1_29' title="bbox 459 2670 2026 2742">
    <p class='ocr_par' dir='ltr' id='par_1_29' title="bbox 459 2670 2026 2742">
     <span class='ocr_line' id='line_1_29' title="bbox 459 2670 2026 2742; baseline -0.004 -10"><span class='ocrx_word' id='word_1_210' title='bbox 459 2693 587 2732; x_wconf 85' lang='lat' dir='ltr'><strong>cere</strong></span> <span class='ocrx_word' id='word_1_211' title='bbox 603 2677 888 2732; x_wconf 89' lang='lat' dir='ltr'><strong>Dominurn</strong></span> <span class='ocrx_word' id='word_1_212' title='bbox 910 2687 1237 2726; x_wconf 78' lang='lat' dir='ltr'><strong>mereantur.</strong></span> <span class='ocrx_word' id='word_1_213' title='bbox 1255 2670 1388 2725; x_wconf 87' lang='lat' dir='ltr'><strong>Nam</strong></span> <span class='ocrx_word' id='word_1_214' title='bbox 1408 2683 1461 2726; x_wconf 94' lang='lat' dir='ltr'><strong>et</strong></span> <span class='ocrx_word' id='word_1_215' title='bbox 1475 2673 1699 2742; x_wconf 92' lang='lat' dir='ltr'><strong>populus</strong></span> <span class='ocrx_word' id='word_1_216' title='bbox 1721 2673 1884 2728; x_wconf 92' lang='lat' dir='ltr'><strong>Israel</strong></span> <span class='ocrx_word' id='word_1_217' title='bbox 1904 2689 2026 2727; x_wconf 90' lang='lat' dir='ltr'><strong>cum</strong></span> 
     </span>
    </p>
   </div>
   <div class='ocr_carea' id='block_1_30' title="bbox 457 2764 2026 2837">
    <p class='ocr_par' dir='ltr' id='par_1_30' title="bbox 457 2764 2026 2837">
     <span class='ocr_line' id='line_1_30' title="bbox 457 2764 2026 2837; baseline -0.004 -13"><span class='ocrx_word' id='word_1_218' title='bbox 457 2770 724 2837; x_wconf 90' lang='lat' dir='ltr'><strong>inciperet</strong></span> <span class='ocrx_word' id='word_1_219' title='bbox 740 2768 893 2821; x_wconf 81' lang='lat' dir='ltr'><strong>exire</strong></span> <span class='ocrx_word' id='word_1_220' title='bbox 910 2766 974 2820; x_wconf 91' lang='lat' dir='ltr'><strong>de</strong></span> <span class='ocrx_word' id='word_1_221' title='bbox 987 2764 1239 2834; x_wconf 66' lang='lat' dir='ltr'><strong>Egypto,</strong></span> <span class='ocrx_word' id='word_1_222' title='bbox 1257 2774 1308 2819; x_wconf 92' lang='lat' dir='ltr'><strong>et</strong></span> <span class='ocrx_word' id='word_1_223' title='bbox 1331 2765 1565 2819; x_wconf 87' lang='lat' dir='ltr'><strong>transire</strong></span> <span class='ocrx_word' id='word_1_224' title='bbox 1594 2781 1743 2820; x_wconf 91' lang='lat' dir='ltr'><strong>mare</strong></span> <span class='ocrx_word' id='word_1_225' title='bbox 1761 2766 2026 2829; x_wconf 81' lang='lat' dir='ltr'><strong>Rubrum,</strong></span> 
     </span>
    </p>
   </div>
   <div class='ocr_carea' id='block_1_31' title="bbox 457 2857 2024 2930">
    <p class='ocr_par' dir='ltr' id='par_1_31' title="bbox 457 2857 2024 2930">
     <span class='ocr_line' id='line_1_31' title="bbox 457 2857 2024 2930; baseline -0.005 -12"><span class='ocrx_word' id='word_1_226' title='bbox 457 2862 596 2918; x_wconf 87' lang='lat' dir='ltr'><strong>nihil</strong></span> <span class='ocrx_word' id='word_1_227' title='bbox 621 2861 788 2930; x_wconf 90' lang='lat' dir='ltr'><strong>ipsius</strong></span> <span class='ocrx_word' id='word_1_228' title='bbox 820 2859 1035 2928; x_wconf 90' lang='lat' dir='ltr'><strong>proprio</strong></span> <span class='ocrx_word' id='word_1_229' title='bbox 1064 2857 1268 2921; x_wconf 90' lang='lat' dir='ltr'><strong>labore,</strong></span> <span class='ocrx_word' id='word_1_230' title='bbox 1289 2857 1381 2911; x_wconf 88' lang='lat' dir='ltr'><strong>sed</strong></span> <span class='ocrx_word' id='word_1_231' title='bbox 1406 2866 1574 2910; x_wconf 90' lang='lat' dir='ltr'><strong>totum</strong></span> <span class='ocrx_word' id='word_1_232' title='bbox 1606 2872 1704 2924; x_wconf 89' lang='lat' dir='ltr'><strong>per</strong></span> <span class='ocrx_word' id='word_1_233' title='bbox 1731 2857 2024 2925; x_wconf 88' lang='lat' dir='ltr'><strong>principes,</strong></span> 
     </span>
    </p>
   </div>
   <div class='ocr_carea' id='block_1_32' title="bbox 458 2948 2026 3021">
    <p class='ocr_par' dir='ltr' id='par_1_32' title="bbox 458 2948 2026 3021">
     <span class='ocr_line' id='line_1_32' title="bbox 458 2948 2026 3021; baseline -0.004 -13"><span class='ocrx_word' id='word_1_234' title='bbox 458 2956 511 3008; x_wconf 89' lang='lat' dir='ltr'><strong>id</strong></span> <span class='ocrx_word' id='word_1_235' title='bbox 537 2962 618 3008; x_wconf 91' lang='lat' dir='ltr'><strong>est</strong></span> <span class='ocrx_word' id='word_1_236' title='bbox 637 2968 730 3021; x_wconf 85' lang='lat' dir='ltr'><strong>per</strong></span> <span class='ocrx_word' id='word_1_237' title='bbox 754 2950 973 3021; x_wconf 83' lang='lat' dir='ltr'><strong>angelos</strong></span> <span class='ocrx_word' id='word_1_238' title='bbox 996 2951 1278 3019; x_wconf 84' lang='lat' dir='ltr'><strong>agebatur.</strong></span> <span class='ocrx_word' id='word_1_239' title='bbox 1301 2949 1543 3016; x_wconf 87' lang='lat' dir='ltr'><strong>Denique</strong></span> <span class='ocrx_word' id='word_1_240' title='bbox 1563 2949 1640 3002; x_wconf 92' lang='lat' dir='ltr'><strong>sic</strong></span> <span class='ocrx_word' id='word_1_241' title='bbox 1665 2949 1794 3002; x_wconf 84' lang='lat' dir='ltr'><strong>dicit</strong></span> <span class='ocrx_word' id='word_1_242' title='bbox 1813 2948 2026 3017; x_wconf 80' lang='lat' dir='ltr'><strong>Moyses</strong></span> 
     </span>
    </p>
   </div>
   <div class='ocr_carea' id='block_1_33' title="bbox 458 3039 2026 3116">
    <p class='ocr_par' dir='ltr' id='par_1_33' title="bbox 458 3039 2026 3116">
     <span class='ocr_line' id='line_1_33' title="bbox 458 3039 2026 3116; baseline -0.003 -18"><span class='ocrx_word' id='word_1_243' title='bbox 458 3045 524 3099; x_wconf 88' lang='lat' dir='ltr'><strong>ad</strong></span> <span class='ocrx_word' id='word_1_244' title='bbox 545 3044 703 3116; x_wconf 63' lang='grc'><strong>47],</strong></span> <span class='ocrx_word' id='word_1_245' title='bbox 737 3041 987 3112; x_wconf 90' lang='lat' dir='ltr'><strong>populum</strong></span> <span class='ocrx_word' id='word_1_246' title='bbox 1017 3059 1030 3093; x_wconf 90' lang='lat'>:</span> <span class='ocrx_word' id='word_1_247' title='bbox 1069 3059 1087 3088; x_wconf 73' lang='grc' dir='ltr'>ι</span> <span class='ocrx_word' id='word_1_248' title='bbox 1111 3039 1243 3104; x_wconf 68' lang='lat' dir='ltr'><strong>Vos,</strong></span> <span class='ocrx_word' id='word_1_249' title='bbox 1275 3039 1530 3107; x_wconf 74' lang='lat' dir='ltr'><strong>inquit&quot;,</strong></span> <span class='ocrx_word' id='word_1_250' title='bbox 1551 3040 1818 3102; x_wconf 84' lang='lat' dir='ltr'><strong>tacebitis,</strong></span> <span class='ocrx_word' id='word_1_251' title='bbox 1842 3049 1894 3093; x_wconf 92' lang='lat' dir='ltr'><strong>et</strong></span> <span class='ocrx_word' id='word_1_252' title='bbox 1921 3039 2026 3094; x_wconf 92' lang='lat' dir='ltr'><strong>Do-</strong></span> 
     </span>
    </p>
   </div>
   <div class='ocr_carea' id='block_1_34' title="bbox 457 3129 2027 3202">
    <p class='ocr_par' dir='ltr' id='par_1_34' title="bbox 457 3129 2027 3202">
     <span class='ocr_line' id='line_1_34' title="bbox 457 3129 2027 3202; baseline -0.003 -14"><span class='ocrx_word' id='word_1_253' title='bbox 457 3136 637 3189; x_wconf 90' lang='lat' dir='ltr'><strong>minus</strong></span> <span class='ocrx_word' id='word_1_254' title='bbox 675 3131 932 3202; x_wconf 83' lang='lat' dir='ltr'><strong>pugnabit</strong></span> <span class='ocrx_word' id='word_1_255' title='bbox 976 3144 1071 3198; x_wconf 89' lang='lat' dir='ltr'><strong>pro</strong></span> <span class='ocrx_word' id='word_1_256' title='bbox 1103 3129 1277 3188; x_wconf 86' lang='lat' dir='ltr'><strong>vobis.</strong></span> <span class='ocrx_word' id='word_1_257' title='bbox 1321 3147 1339 3180; x_wconf 72' lang='grc' dir='ltr'><strong><em>ι</em></strong></span> <span class='ocrx_word' id='word_1_258' title='bbox 1371 3131 1569 3198; x_wconf 86' lang='lat' dir='ltr'><strong>Aperte</strong></span> <span class='ocrx_word' id='word_1_259' title='bbox 1617 3131 1760 3182; x_wconf 93' lang='lat' dir='ltr'><strong>enim</strong></span> <span class='ocrx_word' id='word_1_260' title='bbox 1806 3130 2027 3197; x_wconf 83' lang='lat' dir='ltr'><strong>angelus</strong></span> 
     </span>
    </p>
   </div>
   <div class='ocr_carea' id='block_1_35' title="bbox 457 3221 2018 3292">
    <p class='ocr_par' dir='ltr' id='par_1_35' title="bbox 457 3221 2018 3292">
     <span class='ocr_line' id='line_1_35' title="bbox 457 3221 2018 3292; baseline -0.002 -14"><span class='ocrx_word' id='word_1_261' title='bbox 457 3235 695 3278; x_wconf 77' lang='lat' dir='ltr'><strong>vastator</strong></span> <span class='ocrx_word' id='word_1_262' title='bbox 725 3237 822 3290; x_wconf 89' lang='lat' dir='ltr'><strong>pro</strong></span> <span class='ocrx_word' id='word_1_263' title='bbox 849 3222 930 3274; x_wconf 90' lang='lat' dir='ltr'><strong>eis</strong></span> <span class='ocrx_word' id='word_1_264' title='bbox 973 3235 1240 3289; x_wconf 83' lang='lat' dir='ltr'><strong>pugnasse</strong></span> <span class='ocrx_word' id='word_1_265' title='bbox 1280 3221 1606 3274; x_wconf 88' lang='lat' dir='ltr'><strong>describitur</strong></span> <span class='ocrx_word' id='word_1_266' title='bbox 1637 3221 1704 3286; x_wconf 77' lang='grc' dir='ltr'><strong>τί,</strong></span> <span class='ocrx_word' id='word_1_267' title='bbox 1731 3221 1827 3290; x_wconf 87' lang='lat' dir='ltr'><strong>qui</strong></span> <span class='ocrx_word' id='word_1_268' title='bbox 1861 3221 2018 3292; x_wconf 58' lang='lat' dir='ltr'><strong>:Egy-</strong></span> 
     </span>
    </p>
   </div>
   <div class='ocr_carea' id='block_1_36' title="bbox 456 3310 2027 3385">
    <p class='ocr_par' dir='ltr' id='par_1_36' title="bbox 456 3310 2027 3385">
     <span class='ocr_line' id='line_1_36' title="bbox 456 3310 2027 3385; baseline -0.001 -17"><span class='ocrx_word' id='word_1_269' title='bbox 456 3316 688 3385; x_wconf 86' lang='lat' dir='ltr'><strong>ptiorum</strong></span> <span class='ocrx_word' id='word_1_270' title='bbox 713 3313 928 3380; x_wconf 90' lang='lat' dir='ltr'><strong>quidem</strong></span> <span class='ocrx_word' id='word_1_271' title='bbox 955 3311 1308 3380; x_wconf 78' lang='lat' dir='ltr'><strong>primogenita</strong></span> <span class='ocrx_word' id='word_1_272' title='bbox 1334 3310 1640 3364; x_wconf 91' lang='lat' dir='ltr'><strong>interemit:</strong></span> <span class='ocrx_word' id='word_1_273' title='bbox 1667 3310 2027 3367; x_wconf 89' lang='lat' dir='ltr'><strong>lsraelitarum</strong></span> 
     </span>
    </p>
   </div>
   <div class='ocr_carea' id='block_1_37' title="bbox 456 3401 2030 3472">
    <p class='ocr_par' dir='ltr' id='par_1_37' title="bbox 456 3401 2030 3472">
     <span class='ocr_line' id='line_1_37' title="bbox 456 3401 2030 3472; baseline 0.002 -16"><span class='ocrx_word' id='word_1_274' title='bbox 456 3421 584 3458; x_wconf 79' lang='lat' dir='ltr'><strong>vero</strong></span> <span class='ocrx_word' id='word_1_275' title='bbox 634 3419 732 3457; x_wconf 89' lang='lat' dir='ltr'><strong>nec</strong></span> <span class='ocrx_word' id='word_1_276' title='bbox 773 3417 939 3472; x_wconf 86' lang='lat' dir='ltr'><strong>pecus</strong></span> <span class='ocrx_word' id='word_1_277' title='bbox 985 3401 1200 3470; x_wconf 89' lang='lat' dir='ltr'><strong>quidem</strong></span> <span class='ocrx_word' id='word_1_278' title='bbox 1244 3401 1440 3454; x_wconf 88' lang='lat' dir='ltr'><strong>mutire</strong></span> <span class='ocrx_word' id='word_1_279' title='bbox 1486 3401 1634 3456; x_wconf 88' lang='lat' dir='ltr'><strong>fecit.</strong></span> <span class='ocrx_word' id='word_1_280' title='bbox 1670 3404 1870 3458; x_wconf 78' lang='lat' dir='ltr'><strong>Verum</strong></span> <span class='ocrx_word' id='word_1_281' title='bbox 1923 3421 2030 3459; x_wconf 90' lang='lat' dir='ltr'><strong>non</strong></span> 
     </span>
    </p>
   </div>
   <div class='ocr_carea' id='block_1_38' title="bbox 458 3493 2030 3566">
    <p class='ocr_par' dir='ltr' id='par_1_38' title="bbox 458 3493 2030 3566">
     <span class='ocr_line' id='line_1_38' title="bbox 458 3493 2030 3566; baseline -0.002 -14"><span class='ocrx_word' id='word_1_282' title='bbox 458 3512 669 3564; x_wconf 81' lang='lat' dir='ltr'><strong>semper</strong></span> <span class='ocrx_word' id='word_1_283' title='bbox 696 3497 1110 3563; x_wconf 88' lang='lat' dir='ltr'><strong>exspectandum</strong></span> <span class='ocrx_word' id='word_1_284' title='bbox 1157 3502 1240 3546; x_wconf 86' lang='lat' dir='ltr'><strong>est</strong></span> <span class='ocrx_word' id='word_1_285' title='bbox 1274 3502 1331 3546; x_wconf 91' lang='lat' dir='ltr'><strong>ut</strong></span> <span class='ocrx_word' id='word_1_286' title='bbox 1379 3493 1550 3562; x_wconf 82' lang='lat' dir='ltr'><strong>angeli</strong></span> <span class='ocrx_word' id='word_1_287' title='bbox 1600 3509 1697 3562; x_wconf 90' lang='lat' dir='ltr'><strong>pro</strong></span> <span class='ocrx_word' id='word_1_288' title='bbox 1741 3496 1897 3549; x_wconf 90' lang='lat' dir='ltr'><strong>nobis</strong></span> <span class='ocrx_word' id='word_1_289' title='bbox 1931 3514 2030 3566; x_wconf 87' lang='lat' dir='ltr'><strong>pu-</strong></span> 
     </span>
    </p>
   </div>
   <div class='ocr_carea' id='block_1_39' title="bbox 457 3586 2028 3659">
    <p class='ocr_par' dir='ltr' id='par_1_39' title="bbox 457 3586 2028 3659">
     <span class='ocr_line' id='line_1_39' title="bbox 457 3586 2028 3659; baseline 0.001 -18"><span class='ocrx_word' id='word_1_290' title='bbox 457 3600 653 3659; x_wconf 80' lang='lat' dir='ltr'><strong>gnent,</strong></span> <span class='ocrx_word' id='word_1_291' title='bbox 694 3591 787 3641; x_wconf 90' lang='lat' dir='ltr'><strong>sed</strong></span> <span class='ocrx_word' id='word_1_292' title='bbox 845 3588 899 3640; x_wconf 88' lang='lat' dir='ltr'><strong>in</strong></span> <span class='ocrx_word' id='word_1_293' title='bbox 946 3586 1250 3654; x_wconf 89' lang='lat' dir='ltr'><strong>incipiendo</strong></span> <span class='ocrx_word' id='word_1_294' title='bbox 1307 3588 1698 3652; x_wconf 89' lang='lat' dir='ltr'><strong>tantummodo,</strong></span> <span class='ocrx_word' id='word_1_295' title='bbox 1753 3588 1804 3641; x_wconf 89' lang='lat' dir='ltr'><strong>id</strong></span> <span class='ocrx_word' id='word_1_296' title='bbox 1846 3598 1930 3642; x_wconf 91' lang='lat' dir='ltr'><strong>est</strong></span> <span class='ocrx_word' id='word_1_297' title='bbox 1975 3591 2028 3643; x_wconf 92' lang='lat' dir='ltr'><strong>in</strong></span> 
     </span>
    </p>
   </div>
   <div class='ocr_carea' id='block_1_40' title="bbox 459 3678 2026 3750">
    <p class='ocr_par' dir='ltr' id='par_1_40' title="bbox 459 3678 2026 3750">
     <span class='ocr_line' id='line_1_40' title="bbox 459 3678 2026 3750; baseline 0 -16"><span class='ocrx_word' id='word_1_298' title='bbox 459 3681 626 3734; x_wconf 85' lang='lat' dir='ltr'><strong>initiis</strong></span> <span class='ocrx_word' id='word_1_299' title='bbox 676 3681 909 3742; x_wconf 89' lang='lat' dir='ltr'><strong>nostris,</strong></span> <span class='ocrx_word' id='word_1_300' title='bbox 968 3695 999 3733; x_wconf 88' lang='lat' dir='ltr'><strong>a</strong></span> <span class='ocrx_word' id='word_1_301' title='bbox 1052 3678 1385 3747; x_wconf 89' lang='lat' dir='ltr'><strong>principibus</strong></span> <span class='ocrx_word' id='word_1_302' title='bbox 1437 3679 1643 3748; x_wconf 81' lang='lat' dir='ltr'><strong>angelis</strong></span> <span class='ocrx_word' id='word_1_303' title='bbox 1689 3680 2026 3750; x_wconf 78' lang='lat' dir='ltr'><strong>adjuvantur.</strong></span> 
     </span>
    </p>
   </div>
   <div class='ocr_carea' id='block_1_41' title="bbox 458 3770 2032 3842">
    <p class='ocr_par' dir='ltr' id='par_1_41' title="bbox 458 3770 2032 3842">
     <span class='ocr_line' id='line_1_41' title="bbox 458 3770 2032 3842; baseline 0.001 -16"><span class='ocrx_word' id='word_1_304' title='bbox 458 3773 725 3826; x_wconf 75' lang='lat' dir='ltr'><strong>Caeterum</strong></span> <span class='ocrx_word' id='word_1_305' title='bbox 757 3787 1010 3839; x_wconf 90' lang='lat' dir='ltr'><strong>processu</strong></span> <span class='ocrx_word' id='word_1_306' title='bbox 1039 3770 1298 3839; x_wconf 83' lang='lat' dir='ltr'><strong>temporis</strong></span> <span class='ocrx_word' id='word_1_307' title='bbox 1325 3779 1536 3838; x_wconf 91' lang='lat' dir='ltr'><strong>oportet</strong></span> <span class='ocrx_word' id='word_1_308' title='bbox 1565 3771 1728 3824; x_wconf 91' lang='lat' dir='ltr'><strong>etiam</strong></span> <span class='ocrx_word' id='word_1_309' title='bbox 1759 3787 1856 3826; x_wconf 90' lang='lat' dir='ltr'><strong>nos</strong></span> <span class='ocrx_word' id='word_1_310' title='bbox 1884 3773 2032 3842; x_wconf 90' lang='lat' dir='ltr'><strong>ipsos</strong></span> 
     </span>
    </p>
   </div>
   <div class='ocr_carea' id='block_1_42' title="bbox 458 3859 2030 3932">
    <p class='ocr_par' dir='ltr' id='par_1_42' title="bbox 458 3859 2030 3932">
     <span class='ocr_line' id='line_1_42' title="bbox 458 3859 2030 3932; baseline -0.001 -13"><span class='ocrx_word' id='word_1_311' title='bbox 458 3865 611 3919; x_wconf 69' lang='lat' dir='ltr'><strong>exire</strong></span> <span class='ocrx_word' id='word_1_312' title='bbox 659 3871 895 3917; x_wconf 90' lang='lat' dir='ltr'><strong>armatos</strong></span> <span class='ocrx_word' id='word_1_313' title='bbox 944 3865 1007 3917; x_wconf 93' lang='lat' dir='ltr'><strong>ad</strong></span> <span class='ocrx_word' id='word_1_314' title='bbox 1052 3862 1258 3932; x_wconf 68' lang='lat' dir='ltr'><strong>praelia.</strong></span> <span class='ocrx_word' id='word_1_315' title='bbox 1309 3864 1449 3916; x_wconf 87' lang='lat' dir='ltr'><strong>Ante</strong></span> <span class='ocrx_word' id='word_1_316' title='bbox 1501 3859 1852 3932; x_wconf 68' lang='lat' dir='ltr'><strong>enim&#39;quatn</strong></span> <span class='ocrx_word' id='word_1_317' title='bbox 1892 3865 2030 3918; x_wconf 89' lang='lat' dir='ltr'><strong>bella</strong></span> 
     </span>
    </p>
   </div>
   <div class='ocr_carea' id='block_1_43' title="bbox 459 3952 2030 4024">
    <p class='ocr_par' dir='ltr' id='par_1_43' title="bbox 459 3952 2030 4024">
     <span class='ocr_line' id='line_1_43' title="bbox 459 3952 2030 4024; baseline 0.001 -17"><span class='ocrx_word' id='word_1_318' title='bbox 459 3956 754 4017; x_wconf 88' lang='lat' dir='ltr'><strong>discamus,</strong></span> <span class='ocrx_word' id='word_1_319' title='bbox 789 3964 1076 4021; x_wconf 88' lang='lat' dir='ltr'><strong>antequam</strong></span> <span class='ocrx_word' id='word_1_320' title='bbox 1127 3969 1331 4023; x_wconf 86' lang='lat' dir='ltr'><strong>pugnas</strong></span> <span class='ocrx_word' id='word_1_321' title='bbox 1379 3952 1590 4007; x_wconf 88' lang='lat' dir='ltr'><strong>Domini</strong></span> <span class='ocrx_word' id='word_1_322' title='bbox 1638 3970 1828 4024; x_wconf 88' lang='lat' dir='ltr'><strong>parare</strong></span> <span class='ocrx_word' id='word_1_323' title='bbox 1864 3957 2030 4010; x_wconf 91' lang='lat' dir='ltr'><strong>medi-</strong></span> 
     </span>
    </p>
   </div>
   <div class='ocr_carea' id='block_1_44' title="bbox 460 4045 2032 4114">
    <p class='ocr_par' dir='ltr' id='par_1_44' title="bbox 460 4045 2032 4114">
     <span class='ocr_line' id='line_1_44' title="bbox 460 4045 2032 4114; baseline 0 -14"><span class='ocrx_word' id='word_1_324' title='bbox 460 4059 660 4111; x_wconf 87' lang='lat' dir='ltr'><strong>temur,</strong></span> <span class='ocrx_word' id='word_1_325' title='bbox 709 4060 738 4096; x_wconf 90' lang='lat' dir='ltr'><strong>a</strong></span> <span class='ocrx_word' id='word_1_326' title='bbox 795 4045 1136 4112; x_wconf 86' lang='lat' dir='ltr'><strong>principibus</strong></span> <span class='ocrx_word' id='word_1_327' title='bbox 1185 4045 1389 4114; x_wconf 88' lang='lat' dir='ltr'><strong>angelis</strong></span> <span class='ocrx_word' id='word_1_328' title='bbox 1441 4047 1824 4112; x_wconf 86' lang='lat' dir='ltr'><strong>sublevatnur;</strong></span> <span class='ocrx_word' id='word_1_329' title='bbox 1879 4058 2032 4100; x_wconf 87' lang='lat' dir='ltr'><strong>ante-</strong></span> 
     </span>
    </p>
   </div>
   <div class='ocr_carea' id='block_1_45' title="bbox 460 4135 2032 4206">
    <p class='ocr_par' dir='ltr' id='par_1_45' title="bbox 460 4135 2032 4206">
     <span class='ocr_line' id='line_1_45' title="bbox 460 4135 2032 4206; baseline 0.001 -15"><span class='ocrx_word' id='word_1_330' title='bbox 460 4153 619 4206; x_wconf 90' lang='lat' dir='ltr'><strong>quam</strong></span> <span class='ocrx_word' id='word_1_331' title='bbox 684 4136 840 4204; x_wconf 88' lang='lat' dir='ltr'><strong>panis</strong></span> <span class='ocrx_word' id='word_1_332' title='bbox 894 4135 1133 4188; x_wconf 77' lang='lat' dir='ltr'><strong>ccelestis</strong></span> <span class='ocrx_word' id='word_1_333' title='bbox 1185 4152 1579 4203; x_wconf 88' lang='lat' dir='ltr'><strong>consequamur</strong></span> <span class='ocrx_word' id='word_1_334' title='bbox 1627 4154 1920 4205; x_wconf 89' lang='lat' dir='ltr'><strong>annonam,</strong></span> <span class='ocrx_word' id='word_1_335' title='bbox 1977 4149 2032 4193; x_wconf 90' lang='lat' dir='ltr'><strong>et</strong></span> 
     </span>
    </p>
   </div>
   <div class='ocr_carea' id='block_1_46' title="bbox 461 4227 2033 4300">
    <p class='ocr_par' dir='ltr' id='par_1_46' title="bbox 461 4227 2033 4300">
     <span class='ocr_line' id='line_1_46' title="bbox 461 4227 2033 4300; baseline 0.001 -16"><span class='ocrx_word' id='word_1_336' title='bbox 461 4231 713 4284; x_wconf 86' lang='lat' dir='ltr'><strong>carnibus</strong></span> <span class='ocrx_word' id='word_1_337' title='bbox 739 4228 872 4297; x_wconf 85' lang='lat' dir='ltr'><strong>Agni</strong></span> <span class='ocrx_word' id='word_1_338' title='bbox 903 4227 1229 4280; x_wconf 86' lang='lat' dir='ltr'><strong>immaculati</strong></span> <span class='ocrx_word' id='word_1_339' title='bbox 1267 4229 1548 4292; x_wconf 89' lang='lat' dir='ltr'><strong>satientur,</strong></span> <span class='ocrx_word' id='word_1_340' title='bbox 1579 4239 1864 4300; x_wconf 89' lang='lat' dir='ltr'><strong>antequam</strong></span> <span class='ocrx_word' id='word_1_341' title='bbox 1891 4247 2033 4286; x_wconf 76' lang='lat' dir='ltr'><strong>verte</strong></span> 
     </span>
    </p>
   </div>
   <div class='ocr_carea' id='block_1_47' title="bbox 460 4319 2033 4393">
    <p class='ocr_par' dir='ltr' id='par_1_47' title="bbox 460 4319 2033 4393">
     <span class='ocr_line' id='line_1_47' title="bbox 460 4319 2033 4393; baseline 0.002 -18"><span class='ocrx_word' id='word_1_342' title='bbox 460 4323 584 4376; x_wconf 82' lang='lat' dir='ltr'><strong>vitis</strong></span> <span class='ocrx_word' id='word_1_343' title='bbox 626 4337 746 4390; x_wconf 71' lang='lat' dir='ltr'><strong>qua:</strong></span> <span class='ocrx_word' id='word_1_344' title='bbox 795 4319 1038 4374; x_wconf 87' lang='lat' dir='ltr'><strong>ascendit</strong></span> <span class='ocrx_word' id='word_1_345' title='bbox 1080 4319 1146 4372; x_wconf 90' lang='lat' dir='ltr'><strong>de</strong></span> <span class='ocrx_word' id='word_1_346' title='bbox 1192 4321 1372 4374; x_wconf 86' lang='lat' dir='ltr'><strong>radice</strong></span> <span class='ocrx_word' id='word_1_347' title='bbox 1424 4321 1592 4375; x_wconf 86' lang='lat' dir='ltr'><strong>David</strong></span> <span class='ocrx_word' id='word_1_348' title='bbox 1639 4324 1899 4393; x_wconf 88' lang='lat' dir='ltr'><strong>sanguine</strong></span> <span class='ocrx_word' id='word_1_349' title='bbox 1950 4325 2033 4378; x_wconf 93' lang='lat' dir='ltr'><strong>in-</strong></span> 
     </span>
    </p>
   </div>
   <div class='ocr_carea' id='block_1_48' title="bbox 460 4411 2105 4503">
    <p class='ocr_par' dir='ltr' id='par_1_48' title="bbox 460 4411 2105 4503">
     <span class='ocr_line' id='line_1_48' title="bbox 460 4411 2105 4503; baseline 0.001 -36"><span class='ocrx_word' id='word_1_350' title='bbox 460 4414 754 4473; x_wconf 90' lang='lat' dir='ltr'><strong>ebriemur,</strong></span> <span class='ocrx_word' id='word_1_351' title='bbox 797 4413 968 4465; x_wconf 89' lang='lat' dir='ltr'><strong>donec</strong></span> <span class='ocrx_word' id='word_1_352' title='bbox 1023 4411 1228 4478; x_wconf 86' lang='lat' dir='ltr'><strong>parvuli</strong></span> <span class='ocrx_word' id='word_1_353' title='bbox 1279 4426 1486 4477; x_wconf 90' lang='lat' dir='ltr'><strong>sumus,</strong></span> <span class='ocrx_word' id='word_1_354' title='bbox 1540 4422 1588 4467; x_wconf 91' lang='lat' dir='ltr'><strong>et</strong></span> <span class='ocrx_word' id='word_1_355' title='bbox 1629 4413 1767 4468; x_wconf 88' lang='lat' dir='ltr'><strong>lacte</strong></span> <span class='ocrx_word' id='word_1_356' title='bbox 1807 4415 2022 4479; x_wconf 81' lang='lat' dir='ltr'><strong>alimur,</strong></span> <span class='ocrx_word' id='word_1_357' title='bbox 2063 4448 2105 4503; x_wconf 69' lang='grc' dir='ltr'><strong>ι)</strong></span> 
     </span>
    </p>
   </div>
   <div class='ocr_carea' id='block_1_49' title="bbox 462 4503 2027 4576">
    <p class='ocr_par' dir='ltr' id='par_1_49' title="bbox 462 4503 2027 4576">
     <span class='ocr_line' id='line_1_49' title="bbox 462 4503 2027 4576; baseline 0.001 -15"><span class='ocrx_word' id='word_1_358' title='bbox 462 4518 516 4561; x_wconf 90' lang='lat' dir='ltr'><strong>et</strong></span> <span class='ocrx_word' id='word_1_359' title='bbox 562 4505 837 4560; x_wconf 90' lang='lat' dir='ltr'><strong>initiorum</strong></span> <span class='ocrx_word' id='word_1_360' title='bbox 885 4503 1084 4556; x_wconf 79' lang='lat' dir='ltr'><strong>Christi</strong></span> <span class='ocrx_word' id='word_1_361' title='bbox 1121 4517 1424 4556; x_wconf 90' lang='lat' dir='ltr'><strong>sermonem</strong></span> <span class='ocrx_word' id='word_1_362' title='bbox 1473 4516 1736 4571; x_wconf 90' lang='lat' dir='ltr'><strong>tenemus,</strong></span> <span class='ocrx_word' id='word_1_363' title='bbox 1773 4517 2027 4576; x_wconf 89' lang='lat' dir='ltr'><strong>tanquam</strong></span> 
     </span>
    </p>
   </div>
   <div class='ocr_carea' id='block_1_50' title="bbox 462 4593 2032 4667">
    <p class='ocr_par' dir='ltr' id='par_1_50' title="bbox 462 4593 2032 4667">
     <span class='ocr_line' id='line_1_50' title="bbox 462 4593 2032 4667; baseline 0.001 -16"><span class='ocrx_word' id='word_1_364' title='bbox 462 4597 668 4667; x_wconf 86' lang='lat' dir='ltr'><strong>parvuli</strong></span> <span class='ocrx_word' id='word_1_365' title='bbox 698 4595 796 4649; x_wconf 87' lang='lat' dir='ltr'><strong>sub</strong></span> <span class='ocrx_word' id='word_1_366' title='bbox 823 4593 1262 4663; x_wconf 80' lang='lat' dir='ltr'><strong>procuratoribus</strong></span> <span class='ocrx_word' id='word_1_367' title='bbox 1287 4595 1520 4664; x_wconf 90' lang='lat' dir='ltr'><strong>agimus,</strong></span> <span class='ocrx_word' id='word_1_368' title='bbox 1549 4609 1606 4651; x_wconf 91' lang='lat' dir='ltr'><strong>et</strong></span> <span class='ocrx_word' id='word_1_369' title='bbox 1629 4598 1902 4654; x_wconf 89' lang='lat' dir='ltr'><strong>actoribus</strong></span> <span class='ocrx_word' id='word_1_370' title='bbox 1933 4616 2032 4653; x_wconf 82' lang='lat' dir='ltr'><strong>an-</strong></span> 
     </span>
    </p>
   </div>
   <div class='ocr_carea' id='block_1_51' title="bbox 461 4686 2031 4759">
    <p class='ocr_par' dir='ltr' id='par_1_51' title="bbox 461 4686 2031 4759">
     <span class='ocr_line' id='line_1_51' title="bbox 461 4686 2031 4759; baseline 0.003 -17"><span class='ocrx_word' id='word_1_371' title='bbox 461 4689 617 4759; x_wconf 82' lang='lat' dir='ltr'><strong>gelis.</strong></span> <span class='ocrx_word' id='word_1_372' title='bbox 654 4686 754 4741; x_wconf 87' lang='lat' dir='ltr'><strong>Ubi</strong></span> <span class='ocrx_word' id='word_1_373' title='bbox 803 4703 932 4740; x_wconf 85' lang='lat' dir='ltr'><strong>vero</strong></span> <span class='ocrx_word' id='word_1_374' title='bbox 985 4687 1096 4756; x_wconf 89' lang='lat' dir='ltr'><strong>jam</strong></span> <span class='ocrx_word' id='word_1_375' title='bbox 1142 4686 1346 4741; x_wconf 67' lang='lat' dir='ltr'><strong>militia:</strong></span> <span class='ocrx_word' id='word_1_376' title='bbox 1395 4688 1634 4744; x_wconf 78' lang='lat' dir='ltr'><strong>crelestis</strong></span> <span class='ocrx_word' id='word_1_377' title='bbox 1690 4703 2031 4747; x_wconf 84' lang='lat' dir='ltr'><strong>sacramenta</strong></span> 
     </span>
    </p>
   </div>
   <div class='ocr_carea' id='block_1_52' title="bbox 461 4779 2032 4852">
    <p class='ocr_par' dir='ltr' id='par_1_52' title="bbox 461 4779 2032 4852">
     <span class='ocr_line' id='line_1_52' title="bbox 461 4779 2032 4852; baseline 0.004 -20"><span class='ocrx_word' id='word_1_378' title='bbox 461 4781 815 4849; x_wconf 87' lang='lat' dir='ltr'><strong>gustavimus,</strong></span> <span class='ocrx_word' id='word_1_379' title='bbox 848 4789 902 4832; x_wconf 92' lang='lat' dir='ltr'><strong>et</strong></span> <span class='ocrx_word' id='word_1_380' title='bbox 938 4795 1076 4849; x_wconf 90' lang='lat' dir='ltr'><strong>pane</strong></span> <span class='ocrx_word' id='word_1_381' title='bbox 1114 4779 1234 4831; x_wconf 69' lang='lat' dir='ltr'><strong>vita:</strong></span> <span class='ocrx_word' id='word_1_382' title='bbox 1275 4779 1458 4833; x_wconf 85' lang='lat' dir='ltr'><strong>refecti</strong></span> <span class='ocrx_word' id='word_1_383' title='bbox 1489 4795 1694 4846; x_wconf 91' lang='lat' dir='ltr'><strong>sumus,</strong></span> <span class='ocrx_word' id='word_1_384' title='bbox 1723 4784 1846 4837; x_wconf 90' lang='lat' dir='ltr'><strong>audi</strong></span> <span class='ocrx_word' id='word_1_385' title='bbox 1895 4799 2032 4852; x_wconf 91' lang='lat' dir='ltr'><strong>quo-</strong></span> 
     </span>
    </p>
   </div>
   <div class='ocr_carea' id='block_1_53' title="bbox 462 4866 2028 4938">
    <p class='ocr_par' dir='ltr' id='par_1_53' title="bbox 462 4866 2028 4938">
     <span class='ocr_line' id='line_1_53' title="bbox 462 4866 2028 4938; baseline 0.001 -17"><span class='ocrx_word' id='word_1_386' title='bbox 462 4869 621 4924; x_wconf 90' lang='lat' dir='ltr'><strong>modo</strong></span> <span class='ocrx_word' id='word_1_387' title='bbox 649 4884 745 4936; x_wconf 89' lang='lat' dir='ltr'><strong>per</strong></span> <span class='ocrx_word' id='word_1_388' title='bbox 768 4868 1124 4936; x_wconf 88' lang='lat' dir='ltr'><strong>apostolicam</strong></span> <span class='ocrx_word' id='word_1_389' title='bbox 1162 4866 1345 4920; x_wconf 87' lang='lat' dir='ltr'><strong>tubam</strong></span> <span class='ocrx_word' id='word_1_390' title='bbox 1379 4869 1706 4922; x_wconf 79' lang='lat' dir='ltr'><strong>suscitantur</strong></span> <span class='ocrx_word' id='word_1_391' title='bbox 1730 4871 1794 4922; x_wconf 90' lang='lat' dir='ltr'><strong>ad</strong></span> <span class='ocrx_word' id='word_1_392' title='bbox 1824 4870 2028 4938; x_wconf 67' lang='lat' dir='ltr'><strong>prtulia.</strong></span> 
     </span>
    </p>
   </div>
   <div class='ocr_carea' id='block_1_54' title="bbox 462 4958 2026 5030">
    <p class='ocr_par' dir='ltr' id='par_1_54' title="bbox 462 4958 2026 5030">
     <span class='ocr_line' id='line_1_54' title="bbox 462 4958 2026 5030; baseline -0.002 -13"><span class='ocrx_word' id='word_1_393' title='bbox 462 4961 668 5029; x_wconf 87' lang='lat' dir='ltr'><strong>lugenti</strong></span> <span class='ocrx_word' id='word_1_394' title='bbox 693 4975 924 5030; x_wconf 87' lang='lat' dir='ltr'><strong>namque</strong></span> <span class='ocrx_word' id='word_1_395' title='bbox 943 4975 1074 5014; x_wconf 89' lang='lat' dir='ltr'><strong>voce</strong></span> <span class='ocrx_word' id='word_1_396' title='bbox 1097 4959 1292 5013; x_wconf 88' lang='lat' dir='ltr'><strong>Paulus</strong></span> <span class='ocrx_word' id='word_1_397' title='bbox 1311 4958 1506 5013; x_wconf 84' lang='lat' dir='ltr'><strong>clamat</strong></span> <span class='ocrx_word' id='word_1_398' title='bbox 1528 4959 1594 5014; x_wconf 89' lang='lat' dir='ltr'><strong>ad</strong></span> <span class='ocrx_word' id='word_1_399' title='bbox 1621 4975 1717 5014; x_wconf 90' lang='lat' dir='ltr'><strong>nos</strong></span> <span class='ocrx_word' id='word_1_400' title='bbox 1745 4961 1928 5016; x_wconf 84' lang='lat' dir='ltr'><strong>dicens</strong></span> <span class='ocrx_word' id='word_1_401' title='bbox 1949 4963 2026 5014; x_wconf 71' lang='grc' dir='ltr'><strong>τίς</strong></span> 
     </span>
    </p>
   </div>
   <div class='ocr_carea' id='block_1_55' title="bbox 466 5051 2031 5120">
    <p class='ocr_par' dir='ltr' id='par_1_55' title="bbox 466 5051 2031 5120">
     <span class='ocr_line' id='line_1_55' title="bbox 466 5051 2031 5120; baseline 0.001 -16"><span class='ocrx_word' id='word_1_402' title='bbox 466 5073 484 5104; x_wconf 71' lang='grc' dir='ltr'>ι</span> <span class='ocrx_word' id='word_1_403' title='bbox 523 5053 732 5107; x_wconf 90' lang='lat' dir='ltr'><strong>lnduite</strong></span> <span class='ocrx_word' id='word_1_404' title='bbox 770 5067 865 5106; x_wconf 89' lang='lat' dir='ltr'><strong>vos</strong></span> <span class='ocrx_word' id='word_1_405' title='bbox 895 5067 1044 5105; x_wconf 92' lang='lat' dir='ltr'><strong>arma</strong></span> <span class='ocrx_word' id='word_1_406' title='bbox 1082 5051 1193 5116; x_wconf 89' lang='lat' dir='ltr'><strong>Dei,</strong></span> <span class='ocrx_word' id='word_1_407' title='bbox 1237 5061 1295 5105; x_wconf 94' lang='lat' dir='ltr'><strong>ut</strong></span> <span class='ocrx_word' id='word_1_408' title='bbox 1343 5051 1562 5120; x_wconf 77' lang='lat' dir='ltr'><strong>possitis</strong></span> <span class='ocrx_word' id='word_1_409' title='bbox 1592 5061 1739 5106; x_wconf 89' lang='lat' dir='ltr'><strong>stare</strong></span> <span class='ocrx_word' id='word_1_410' title='bbox 1771 5053 2031 5107; x_wconf 87' lang='lat' dir='ltr'><strong>adversus</strong></span> 
     </span>
    </p>
   </div>
   <div class='ocr_carea' id='block_1_56' title="bbox 462 5143 2031 5212">
    <p class='ocr_par' dir='ltr' id='par_1_56' title="bbox 462 5143 2031 5212">
     <span class='ocr_line' id='line_1_56' title="bbox 462 5143 2031 5212; baseline -0.001 -12"><span class='ocrx_word' id='word_1_411' title='bbox 462 5147 717 5201; x_wconf 87' lang='lat' dir='ltr'><strong>astutiam</strong></span> <span class='ocrx_word' id='word_1_412' title='bbox 750 5146 968 5201; x_wconf 87' lang='lat' dir='ltr'><strong>diaboli.</strong></span> <span class='ocrx_word' id='word_1_413' title='bbox 1007 5164 1026 5196; x_wconf 83' lang='grc'><strong>›</strong></span> <span class='ocrx_word' id='word_1_414' title='bbox 1055 5143 1168 5199; x_wconf 91' lang='lat' dir='ltr'><strong>Non</strong></span> <span class='ocrx_word' id='word_1_415' title='bbox 1210 5160 1309 5198; x_wconf 91' lang='lat' dir='ltr'><strong>nos</strong></span> <span class='ocrx_word' id='word_1_416' title='bbox 1338 5143 1477 5198; x_wconf 90' lang='lat' dir='ltr'><strong>ultra</strong></span> <span class='ocrx_word' id='word_1_417' title='bbox 1509 5144 1710 5212; x_wconf 89' lang='lat' dir='ltr'><strong>patitur</strong></span> <span class='ocrx_word' id='word_1_418' title='bbox 1751 5143 1897 5196; x_wconf 91' lang='lat' dir='ltr'><strong>velut</strong></span> <span class='ocrx_word' id='word_1_419' title='bbox 1932 5146 2031 5200; x_wconf 85' lang='lat' dir='ltr'><strong>sub</strong></span> 
     </span>
    </p>
   </div>
   <div class='ocr_carea' id='block_1_57' title="bbox 462 5237 2032 5308">
    <p class='ocr_par' dir='ltr' id='par_1_57' title="bbox 462 5237 2032 5308">
     <span class='ocr_line' id='line_1_57' title="bbox 462 5237 2032 5308; baseline -0.005 -13"><span class='ocrx_word' id='word_1_420' title='bbox 462 5244 563 5297; x_wconf 89' lang='lat' dir='ltr'><strong>alis</strong></span> <span class='ocrx_word' id='word_1_421' title='bbox 597 5241 913 5296; x_wconf 90' lang='lat' dir='ltr'><strong>laetantium</strong></span> <span class='ocrx_word' id='word_1_422' title='bbox 950 5239 1062 5308; x_wconf 76' lang='lat'><strong>(79.)</strong></span> <span class='ocrx_word' id='word_1_423' title='bbox 1099 5239 1336 5304; x_wconf 88' lang='lat' dir='ltr'><strong>latitare,</strong></span> <span class='ocrx_word' id='word_1_424' title='bbox 1381 5237 1567 5290; x_wconf 85' lang='lat' dir='ltr'><strong>invitat</strong></span> <span class='ocrx_word' id='word_1_425' title='bbox 1604 5251 1700 5290; x_wconf 94' lang='lat' dir='ltr'><strong>nos</strong></span> <span class='ocrx_word' id='word_1_426' title='bbox 1744 5237 1810 5288; x_wconf 90' lang='lat' dir='ltr'><strong>ad</strong></span> <span class='ocrx_word' id='word_1_427' title='bbox 1857 5244 2032 5290; x_wconf 88' lang='lat' dir='ltr'><strong>certa-</strong></span> 
     </span>
    </p>
   </div>
   <div class='ocr_carea' id='block_1_58' title="bbox 460 5326 2026 5402">
    <p class='ocr_par' dir='ltr' id='par_1_58' title="bbox 460 5326 2026 5402">
     <span class='ocr_line' id='line_1_58' title="bbox 460 5326 2026 5402; baseline -0.007 -13"><span class='ocrx_word' id='word_1_428' title='bbox 460 5337 663 5389; x_wconf 86' lang='lat' dir='ltr'><strong>minum</strong></span> <span class='ocrx_word' id='word_1_429' title='bbox 681 5348 900 5402; x_wconf 88' lang='lat' dir='ltr'><strong>campos</strong></span> <span class='ocrx_word' id='word_1_430' title='bbox 923 5349 936 5398; x_wconf 92' lang='lat'><strong>;</strong></span> <span class='ocrx_word' id='word_1_431' title='bbox 963 5350 979 5382; x_wconf 78' lang='grc' dir='ltr'>ι</span> <span class='ocrx_word' id='word_1_432' title='bbox 1003 5331 1228 5396; x_wconf 86' lang='lat' dir='ltr'><strong>induite,</strong></span> <span class='ocrx_word' id='word_1_433' title='bbox 1253 5349 1270 5382; x_wconf 72' lang='grc' dir='ltr'><strong><em>ι</em></strong></span> <span class='ocrx_word' id='word_1_434' title='bbox 1295 5329 1466 5399; x_wconf 89' lang='lat' dir='ltr'><strong>inquit</strong></span> <span class='ocrx_word' id='word_1_435' title='bbox 1494 5329 1562 5394; x_wconf 85' lang='grc'><strong>⁷³,</strong></span> <span class='ocrx_word' id='word_1_436' title='bbox 1586 5342 1679 5382; x_wconf 84' lang='lat' dir='ltr'><strong>vos</strong></span> <span class='ocrx_word' id='word_1_437' title='bbox 1706 5343 1725 5377; x_wconf 86' lang='grc'><em>‹</em></span> <span class='ocrx_word' id='word_1_438' title='bbox 1757 5326 1976 5379; x_wconf 90' lang='lat' dir='ltr'><strong>loricam</strong></span> <span class='ocrx_word' id='word_1_439' title='bbox 2006 5344 2026 5378; x_wconf 86' lang='grc'><strong>›</strong></span> 
     </span>
    </p>
   </div>
   <div class='ocr_carea' id='block_1_59' title="bbox 527 5442 1566 5509">
    <p class='ocr_par' dir='ltr' id='par_1_59' title="bbox 527 5442 1566 5509">
     <span class='ocr_line' id='line_1_59' title="bbox 527 5442 1566 5509; baseline -0.004 -10"><span class='ocrx_word' id='word_1_440' title='bbox 527 5446 572 5478; x_wconf 69' lang='grc'>⁸⁸</span> <span class='ocrx_word' id='word_1_441' title='bbox 594 5446 784 5500; x_wconf 86' lang='lat' dir='ltr'><strong>Matth.</strong></span> <span class='ocrx_word' id='word_1_442' title='bbox 826 5463 980 5509; x_wconf 85' lang='lat' dir='ltr'><strong>xvttt,</strong></span> <span class='ocrx_word' id='word_1_443' title='bbox 1014 5445 1101 5499; x_wconf 81' lang='grc'><strong>10.</strong></span> <span class='ocrx_word' id='word_1_444' title='bbox 1189 5444 1231 5475; x_wconf 69' lang='grc' dir='ltr'><strong>θ’</strong></span> <span class='ocrx_word' id='word_1_445' title='bbox 1266 5442 1388 5497; x_wconf 79' lang='lat' dir='ltr'><strong>Jud.</strong></span> <span class='ocrx_word' id='word_1_446' title='bbox 1426 5458 1479 5505; x_wconf 78' lang='grc' dir='ltr'><strong>ν,</strong></span> <span class='ocrx_word' id='word_1_447' title='bbox 1511 5443 1566 5496; x_wconf 69' lang='grc'><strong>2.</strong></span> 
     </span>
    </p>
   </div>
   <div class='ocr_carea' id='block_1_60' title="bbox 461 5512 1693 5585">
    <p class='ocr_par' dir='ltr' id='par_1_60' title="bbox 461 5512 1693 5585">
     <span class='ocr_line' id='line_1_60' title="bbox 461 5512 1693 5585; baseline -0.003 -16"><span class='ocrx_word' id='word_1_448' title='bbox 461 5513 655 5570; x_wconf 68' lang='lat' dir='ltr'><strong>&quot;Jud.</strong></span> <span class='ocrx_word' id='word_1_449' title='bbox 682 5533 735 5580; x_wconf 85' lang='grc' dir='ltr'><strong>ν,</strong></span> <span class='ocrx_word' id='word_1_450' title='bbox 769 5518 823 5570; x_wconf 73' lang='lat'><strong>2.</strong></span> <span class='ocrx_word' id='word_1_451' title='bbox 898 5518 1186 5585; x_wconf 79' lang='lat' dir='ltr'><strong>&quot;ibid._5.</strong></span> <span class='ocrx_word' id='word_1_452' title='bbox 1264 5513 1504 5567; x_wconf 63' lang='grc' dir='ltr'><strong>τείρει.</strong></span> <span class='ocrx_word' id='word_1_453' title='bbox 1544 5529 1604 5578; x_wconf 83' lang='grc' dir='ltr'><strong>ιι,</strong></span> <span class='ocrx_word' id='word_1_454' title='bbox 1639 5512 1693 5567; x_wconf 90' lang='lat'><strong>9.</strong></span> 
     </span>
    </p>
   </div>
   <div class='ocr_carea' id='block_1_61' title="bbox 532 5629 2012 5705">
    <p class='ocr_par' dir='ltr' id='par_1_61' title="bbox 532 5629 2012 5705">
     <span class='ocr_line' id='line_1_61' title="bbox 532 5629 2012 5705; baseline -0.001 -21"><span class='ocrx_word' id='word_1_455' title='bbox 532 5633 643 5700; x_wconf 64' lang='grc' dir='ltr'><strong>(Ἠ)</strong></span> <span class='ocrx_word' id='word_1_456' title='bbox 681 5633 1018 5705; x_wconf 75' lang='lat' dir='ltr'><strong>prerimus.</strong></span> <span class='ocrx_word' id='word_1_457' title='bbox 1079 5633 1239 5687; x_wconf 84' lang='lat' dir='ltr'><strong>Deest</strong></span> <span class='ocrx_word' id='word_1_458' title='bbox 1276 5632 1326 5684; x_wconf 94' lang='lat' dir='ltr'><strong>in</strong></span> <span class='ocrx_word' id='word_1_459' title='bbox 1361 5629 1490 5686; x_wconf 86' lang='lat' dir='ltr'><strong>libb.</strong></span> <span class='ocrx_word' id='word_1_460' title='bbox 1521 5629 1702 5696; x_wconf 86' lang='lat' dir='ltr'><strong>editis,</strong></span> <span class='ocrx_word' id='word_1_461' title='bbox 1741 5637 1916 5685; x_wconf 84' lang='lat' dir='ltr'><strong>exstat</strong></span> <span class='ocrx_word' id='word_1_462' title='bbox 1960 5629 2012 5684; x_wconf 92' lang='lat' dir='ltr'><strong>in</strong></span> 
     </span>
    </p>
   </div>
   <div class='ocr_carea' id='block_1_62' title="bbox 462 5719 592 5757">
    <p class='ocr_par' dir='ltr' id='par_1_62' title="bbox 462 5719 592 5757">
     <span class='ocr_line' id='line_1_62' title="bbox 462 5719 592 5757; baseline 0.008 -1"><span class='ocrx_word' id='word_1_463' title='bbox 462 5719 592 5757; x_wconf 60' lang='grc' dir='ltr'><strong>ωδε.</strong></span> 
     </span>
    </p>
   </div>
   <div class='ocr_carea' id='block_1_63' title="bbox 1651 5439 2634 5504">
    <p class='ocr_par' dir='ltr' id='par_1_63' title="bbox 1651 5439 2634 5504">
     <span class='ocr_line' id='line_1_63' title="bbox 1651 5439 2634 5504; baseline -0.002 -10"><span class='ocrx_word' id='word_1_464' title='bbox 1651 5441 1698 5472; x_wconf 78' lang='grc'><strong>⁷⁸</strong></span> <span class='ocrx_word' id='word_1_465' title='bbox 1737 5439 1902 5494; x_wconf 83' lang='lat' dir='ltr'><strong>Exod.</strong></span> <span class='ocrx_word' id='word_1_466' title='bbox 1950 5441 2172 5504; x_wconf 64' lang='lat' dir='ltr'><strong>wab&#39;.</strong></span> <span class='ocrx_word' id='word_1_467' title='bbox 2245 5443 2286 5473; x_wconf 84' lang='lat'><strong>&#39;“</strong></span> <span class='ocrx_word' id='word_1_468' title='bbox 2329 5441 2499 5495; x_wconf 87' lang='lat' dir='ltr'><strong>Exod.</strong></span> <span class='ocrx_word' id='word_1_469' title='bbox 2539 5455 2634 5494; x_wconf 71' lang='grc' dir='ltr'><strong>χιι.</strong></span> 
     </span>
    </p>
   </div>
   <div class='ocr_carea' id='block_1_64' title="bbox 1769 5511 2278 5579">
    <p class='ocr_par' dir='ltr' id='par_1_64' title="bbox 1769 5511 2278 5579">
     <span class='ocr_line' id='line_1_64' title="bbox 1769 5511 2278 5579; baseline 0.006 -16"><span class='ocrx_word' id='word_1_470' title='bbox 1769 5511 1812 5542; x_wconf 82' lang='grc'><strong>⁷⁷</strong></span> <span class='ocrx_word' id='word_1_471' title='bbox 1845 5514 2013 5579; x_wconf 86' lang='lat' dir='ltr'><strong>Apoc.</strong></span> <span class='ocrx_word' id='word_1_472' title='bbox 2043 5527 2158 5579; x_wconf 74' lang='lat' dir='ltr'><strong>nx,</strong></span> <span class='ocrx_word' id='word_1_473' title='bbox 2191 5512 2278 5566; x_wconf 86' lang='grc'><strong>16.</strong></span> 
     </span>
    </p>
   </div>
   <div class='ocr_carea' id='block_1_65' title="bbox 2141 455 3730 530">
    <p class='ocr_par' dir='ltr' id='par_1_65' title="bbox 2141 455 3730 530">
     <span class='ocr_line' id='line_1_65' title="bbox 2141 455 3730 530; baseline 0.007 -22"><span class='ocrx_word' id='word_1_474' title='bbox 2141 455 2272 525; x_wconf 89' lang='lat' dir='ltr'><strong>pite,</strong></span> <span class='ocrx_word' id='word_1_475' title='bbox 2298 458 2390 510; x_wconf 92' lang='lat' dir='ltr'><strong>sed</strong></span> <span class='ocrx_word' id='word_1_476' title='bbox 2417 465 2471 510; x_wconf 91' lang='lat' dir='ltr'><strong>et</strong></span> <span class='ocrx_word' id='word_1_477' title='bbox 2497 455 2753 524; x_wconf 83' lang='lat' dir='ltr'><strong>gladium,</strong></span> <span class='ocrx_word' id='word_1_478' title='bbox 2783 458 2975 527; x_wconf 91' lang='lat' dir='ltr'><strong>inquit,</strong></span> <span class='ocrx_word' id='word_1_479' title='bbox 2999 460 3244 529; x_wconf 88' lang='lat' dir='ltr'><strong>spiritus,</strong></span> <span class='ocrx_word' id='word_1_480' title='bbox 3283 477 3303 511; x_wconf 69' lang='grc' dir='ltr'><strong>ι</strong></span> <span class='ocrx_word' id='word_1_481' title='bbox 3327 471 3383 516; x_wconf 92' lang='lat' dir='ltr'><strong>et</strong></span> <span class='ocrx_word' id='word_1_482' title='bbox 3407 476 3574 530; x_wconf 87' lang='lat' dir='ltr'><strong>super</strong></span> <span class='ocrx_word' id='word_1_483' title='bbox 3605 482 3730 518; x_wconf 80' lang='lat' dir='ltr'><strong>om-</strong></span> 
     </span>
    </p>
   </div>
   <div class='ocr_carea' id='block_1_66' title="bbox 2141 551 3728 627">
    <p class='ocr_par' dir='ltr' id='par_1_66' title="bbox 2141 551 3728 627">
     <span class='ocr_line' id='line_1_66' title="bbox 2141 551 3728 627; baseline 0.006 -24"><span class='ocrx_word' id='word_1_484' title='bbox 2141 551 2228 603; x_wconf 89' lang='lat' dir='ltr'><strong>nia</strong></span> <span class='ocrx_word' id='word_1_485' title='bbox 2253 566 2273 600; x_wconf 80' lang='lat' dir='ltr'><strong>t</strong></span> <span class='ocrx_word' id='word_1_486' title='bbox 2303 561 2515 604; x_wconf 89' lang='lat' dir='ltr'><strong>scutum</strong></span> <span class='ocrx_word' id='word_1_487' title='bbox 2551 551 2696 614; x_wconf 78' lang='lat' dir='ltr'><strong>fidei,</strong></span> <span class='ocrx_word' id='word_1_488' title='bbox 2727 553 2782 604; x_wconf 89' lang='lat' dir='ltr'><strong>in</strong></span> <span class='ocrx_word' id='word_1_489' title='bbox 2811 566 2920 620; x_wconf 89' lang='lat' dir='ltr'><strong>quo</strong></span> <span class='ocrx_word' id='word_1_490' title='bbox 2941 553 3182 621; x_wconf 86' lang='lat' dir='ltr'><strong>possitis,</strong></span> <span class='ocrx_word' id='word_1_491' title='bbox 3209 553 3305 619; x_wconf 83' lang='lat' dir='ltr'><strong>ait,</strong></span> <span class='ocrx_word' id='word_1_492' title='bbox 3334 556 3515 609; x_wconf 89' lang='lat' dir='ltr'><strong>omnia</strong></span> <span class='ocrx_word' id='word_1_493' title='bbox 3539 557 3728 627; x_wconf 85' lang='lat' dir='ltr'><strong>jacula</strong></span> 
     </span>
    </p>
   </div>
   <div class='ocr_carea' id='block_1_67' title="bbox 2139 645 3728 720">
    <p class='ocr_par' dir='ltr' id='par_1_67' title="bbox 2139 645 3728 720">
     <span class='ocr_line' id='line_1_67' title="bbox 2139 645 3728 720; baseline 0.004 -20"><span class='ocrx_word' id='word_1_494' title='bbox 2139 645 2362 716; x_wconf 89' lang='lat' dir='ltr'><strong>maligni</strong></span> <span class='ocrx_word' id='word_1_495' title='bbox 2414 646 2570 716; x_wconf 85' lang='lat' dir='ltr'><strong>ignea</strong></span> <span class='ocrx_word' id='word_1_496' title='bbox 2627 648 2988 717; x_wconf 77' lang='lat' dir='ltr'><strong>exstinguere.</strong></span> <span class='ocrx_word' id='word_1_497' title='bbox 3035 667 3054 699; x_wconf 72' lang='grc' dir='ltr'><strong><em>ι</em></strong></span> <span class='ocrx_word' id='word_1_498' title='bbox 3091 647 3252 704; x_wconf 77' lang='lat' dir='ltr'><strong>Vides</strong></span> <span class='ocrx_word' id='word_1_499' title='bbox 3283 664 3414 720; x_wconf 85' lang='lat' dir='ltr'><strong>ergo</strong></span> <span class='ocrx_word' id='word_1_500' title='bbox 3449 650 3728 720; x_wconf 87' lang='lat' dir='ltr'><strong>quomodo</strong></span> 
     </span>
    </p>
   </div>
   <div class='ocr_carea' id='block_1_68' title="bbox 2137 740 3726 813">
    <p class='ocr_par' dir='ltr' id='par_1_68' title="bbox 2137 740 3726 813">
     <span class='ocr_line' id='line_1_68' title="bbox 2137 740 3726 813; baseline 0.005 -23"><span class='ocrx_word' id='word_1_501' title='bbox 2137 741 2314 791; x_wconf 88' lang='lat' dir='ltr'><strong>omnia</strong></span> <span class='ocrx_word' id='word_1_502' title='bbox 2345 754 2441 807; x_wconf 91' lang='lat' dir='ltr'><strong>per</strong></span> <span class='ocrx_word' id='word_1_503' title='bbox 2472 740 2718 793; x_wconf 88' lang='lat' dir='ltr'><strong>ordinem</strong></span> <span class='ocrx_word' id='word_1_504' title='bbox 2755 741 2907 804; x_wconf 84' lang='lat' dir='ltr'><strong>fiunt,</strong></span> <span class='ocrx_word' id='word_1_505' title='bbox 2942 751 2997 797; x_wconf 91' lang='lat' dir='ltr'><strong>et</strong></span> <span class='ocrx_word' id='word_1_506' title='bbox 3040 741 3172 795; x_wconf 86' lang='lat' dir='ltr'><strong>nihil</strong></span> <span class='ocrx_word' id='word_1_507' title='bbox 3209 742 3494 797; x_wconf 91' lang='lat' dir='ltr'><strong>confusum</strong></span> <span class='ocrx_word' id='word_1_508' title='bbox 3531 743 3587 797; x_wconf 92' lang='lat' dir='ltr'><strong>in</strong></span> <span class='ocrx_word' id='word_1_509' title='bbox 3622 759 3726 813; x_wconf 78' lang='lat' dir='ltr'><strong>po-</strong></span> 
     </span>
    </p>
   </div>
   <div class='ocr_carea' id='block_1_69' title="bbox 2137 829 3725 904">
    <p class='ocr_par' dir='ltr' id='par_1_69' title="bbox 2137 829 3725 904">
     <span class='ocr_line' id='line_1_69' title="bbox 2137 829 3725 904; baseline 0.004 -23"><span class='ocrx_word' id='word_1_510' title='bbox 2137 829 2263 898; x_wconf 90' lang='lat' dir='ltr'><strong>pulo</strong></span> <span class='ocrx_word' id='word_1_511' title='bbox 2297 829 2410 896; x_wconf 92' lang='lat' dir='ltr'><strong>Dei,</strong></span> <span class='ocrx_word' id='word_1_512' title='bbox 2441 831 2574 884; x_wconf 88' lang='lat' dir='ltr'><strong>nihil</strong></span> <span class='ocrx_word' id='word_1_513' title='bbox 2606 831 3020 900; x_wconf 90' lang='lat' dir='ltr'><strong>incompositum</strong></span> <span class='ocrx_word' id='word_1_514' title='bbox 3061 841 3157 884; x_wconf 91' lang='lat' dir='ltr'><strong>aut</strong></span> <span class='ocrx_word' id='word_1_515' title='bbox 3193 842 3582 902; x_wconf 64' lang='lat' dir='ltr'><strong>pra&#39;posterum</strong></span> <span class='ocrx_word' id='word_1_516' title='bbox 3627 848 3725 904; x_wconf 87' lang='lat' dir='ltr'><strong>ge-</strong></span> 
     </span>
    </p>
   </div>
   <div class='ocr_carea' id='block_1_70' title="bbox 2140 920 3727 993">
    <p class='ocr_par' dir='ltr' id='par_1_70' title="bbox 2140 920 3727 993">
     <span class='ocr_line' id='line_1_70' title="bbox 2140 920 3727 993; baseline 0.005 -20"><span class='ocrx_word' id='word_1_517' title='bbox 2140 921 2294 974; x_wconf 91' lang='lat' dir='ltr'><strong>ritur.</strong></span> <span class='ocrx_word' id='word_1_518' title='bbox 2339 920 2394 973; x_wconf 93' lang='lat' dir='ltr'><strong>ln</strong></span> <span class='ocrx_word' id='word_1_519' title='bbox 2445 923 2752 992; x_wconf 89' lang='lat' dir='ltr'><strong>incipiendo</strong></span> <span class='ocrx_word' id='word_1_520' title='bbox 2783 924 3055 993; x_wconf 90' lang='lat' dir='ltr'><strong>principes</strong></span> <span class='ocrx_word' id='word_1_521' title='bbox 3089 923 3323 991; x_wconf 89' lang='lat' dir='ltr'><strong>juvant:</strong></span> <span class='ocrx_word' id='word_1_522' title='bbox 3353 940 3474 978; x_wconf 93' lang='lat' dir='ltr'><strong>cum</strong></span> <span class='ocrx_word' id='word_1_523' title='bbox 3508 926 3727 992; x_wconf 83' lang='lat' dir='ltr'><strong>adjutus</strong></span> 
     </span>
    </p>
   </div>
   <div class='ocr_carea' id='block_1_71' title="bbox 2136 1000 3792 1086">
    <p class='ocr_par' dir='ltr' id='par_1_71' title="bbox 2136 1000 3792 1086">
     <span class='ocr_line' id='line_1_71' title="bbox 2136 1000 3792 1086; baseline 0.002 -17"><span class='ocrx_word' id='word_1_524' title='bbox 2136 1015 2341 1081; x_wconf 90' lang='lat' dir='ltr'><strong>fueris,</strong></span> <span class='ocrx_word' id='word_1_525' title='bbox 2395 1028 2450 1070; x_wconf 90' lang='lat' dir='ltr'><strong>et</strong></span> <span class='ocrx_word' id='word_1_526' title='bbox 2513 1032 2542 1069; x_wconf 91' lang='lat' dir='ltr'><strong>a</strong></span> <span class='ocrx_word' id='word_1_527' title='bbox 2603 1017 2936 1084; x_wconf 87' lang='lat' dir='ltr'><strong>principibus</strong></span> <span class='ocrx_word' id='word_1_528' title='bbox 2995 1019 3260 1079; x_wconf 89' lang='lat' dir='ltr'><strong>eruditus,</strong></span> <span class='ocrx_word' id='word_1_529' title='bbox 3309 1017 3420 1084; x_wconf 89' lang='lat' dir='ltr'><strong>jam</strong></span> <span class='ocrx_word' id='word_1_530' title='bbox 3472 1018 3569 1071; x_wconf 87' lang='lat' dir='ltr'><strong>tibi</strong></span> <span class='ocrx_word' id='word_1_531' title='bbox 3606 1019 3726 1086; x_wconf 89' lang='lat' dir='ltr'><strong>ipse</strong></span> <span class='ocrx_word' id='word_1_532' title='bbox 3789 1000 3792 1002; x_wconf 11' lang='lat' dir='ltr'><strong>i</strong></span> 
     </span>
    </p>
   </div>
   <div class='ocr_carea' id='block_1_72' title="bbox 2137 1106 3723 1179">
    <p class='ocr_par' dir='ltr' id='par_1_72' title="bbox 2137 1106 3723 1179">
     <span class='ocr_line' id='line_1_72' title="bbox 2137 1106 3723 1179; baseline 0.003 -20"><span class='ocrx_word' id='word_1_533' title='bbox 2137 1117 2329 1175; x_wconf 89' lang='lat' dir='ltr'><strong>sponte</strong></span> <span class='ocrx_word' id='word_1_534' title='bbox 2363 1117 2417 1160; x_wconf 91' lang='lat' dir='ltr'><strong>et</strong></span> <span class='ocrx_word' id='word_1_535' title='bbox 2457 1106 2736 1160; x_wconf 87' lang='lat' dir='ltr'><strong>voluntate</strong></span> <span class='ocrx_word' id='word_1_536' title='bbox 2772 1116 2884 1170; x_wconf 89' lang='lat' dir='ltr'><strong>tua,</strong></span> <span class='ocrx_word' id='word_1_537' title='bbox 2935 1123 3055 1175; x_wconf 64' lang='lat' dir='ltr'><strong>qua:</strong></span> <span class='ocrx_word' id='word_1_538' title='bbox 3088 1109 3321 1162; x_wconf 90' lang='lat' dir='ltr'><strong>didicisti</strong></span> <span class='ocrx_word' id='word_1_539' title='bbox 3374 1123 3406 1161; x_wconf 89' lang='lat' dir='ltr'><strong>a</strong></span> <span class='ocrx_word' id='word_1_540' title='bbox 3453 1110 3723 1179; x_wconf 89' lang='lat' dir='ltr'><strong>principi-</strong></span> 
     </span>
    </p>
   </div>
   <div class='ocr_carea' id='block_1_73' title="bbox 2136 1195 3723 1267">
    <p class='ocr_par' dir='ltr' id='par_1_73' title="bbox 2136 1195 3723 1267">
     <span class='ocr_line' id='line_1_73' title="bbox 2136 1195 3723 1267; baseline 0 -17"><span class='ocrx_word' id='word_1_541' title='bbox 2136 1198 2261 1260; x_wconf 87' lang='lat' dir='ltr'><strong>bus,</strong></span> <span class='ocrx_word' id='word_1_542' title='bbox 2298 1211 2442 1267; x_wconf 87' lang='lat' dir='ltr'><strong>gere.</strong></span> <span class='ocrx_word' id='word_1_543' title='bbox 2482 1195 2646 1250; x_wconf 81' lang='lat' dir='ltr'><strong>Recte</strong></span> <span class='ocrx_word' id='word_1_544' title='bbox 2683 1197 2826 1250; x_wconf 91' lang='lat' dir='ltr'><strong>enim</strong></span> <span class='ocrx_word' id='word_1_545' title='bbox 2863 1197 3100 1251; x_wconf 88' lang='lat' dir='ltr'><strong>decoctis</strong></span> <span class='ocrx_word' id='word_1_546' title='bbox 3138 1196 3450 1265; x_wconf 89' lang='lat' dir='ltr'><strong>principiis,</strong></span> <span class='ocrx_word' id='word_1_547' title='bbox 3499 1198 3723 1264; x_wconf 88' lang='lat' dir='ltr'><strong>deposi-</strong></span> 
     </span>
    </p>
   </div>
   <div class='ocr_carea' id='block_1_74' title="bbox 2137 1289 3720 1357">
    <p class='ocr_par' dir='ltr' id='par_1_74' title="bbox 2137 1289 3720 1357">
     <span class='ocr_line' id='line_1_74' title="bbox 2137 1289 3720 1357; baseline -0.001 -14"><span class='ocrx_word' id='word_1_548' title='bbox 2137 1291 2311 1357; x_wconf 87' lang='lat' dir='ltr'><strong>tisque</strong></span> <span class='ocrx_word' id='word_1_549' title='bbox 2371 1289 2690 1344; x_wconf 83' lang='lat' dir='ltr'><strong>rudimentis</strong></span> <span class='ocrx_word' id='word_1_550' title='bbox 2740 1301 2938 1344; x_wconf 71' lang='lat' dir='ltr'><strong>nostra:</strong></span> <span class='ocrx_word' id='word_1_551' title='bbox 2985 1291 3378 1344; x_wconf 78' lang='lat' dir='ltr'><strong>committimur</strong></span> <span class='ocrx_word' id='word_1_552' title='bbox 3428 1291 3720 1352; x_wconf 88' lang='lat' dir='ltr'><strong>voluntati,</strong></span> 
     </span>
    </p>
   </div>
   <div class='ocr_carea' id='block_1_75' title="bbox 2134 1380 3719 1451">
    <p class='ocr_par' dir='ltr' id='par_1_75' title="bbox 2134 1380 3719 1451">
     <span class='ocr_line' id='line_1_75' title="bbox 2134 1380 3719 1451; baseline 0.001 -19"><span class='ocrx_word' id='word_1_553' title='bbox 2134 1391 2192 1434; x_wconf 92' lang='lat' dir='ltr'><strong>ut</strong></span> <span class='ocrx_word' id='word_1_554' title='bbox 2221 1380 2302 1435; x_wconf 90' lang='lat' dir='ltr'><strong>vel</strong></span> <span class='ocrx_word' id='word_1_555' title='bbox 2342 1380 2458 1434; x_wconf 84' lang='lat' dir='ltr'><strong>laus</strong></span> <span class='ocrx_word' id='word_1_556' title='bbox 2502 1381 2676 1434; x_wconf 90' lang='lat' dir='ltr'><strong>meriti</strong></span> <span class='ocrx_word' id='word_1_557' title='bbox 2733 1383 2828 1446; x_wconf 88' lang='lat' dir='ltr'><strong>sit,</strong></span> <span class='ocrx_word' id='word_1_558' title='bbox 2867 1396 2986 1451; x_wconf 75' lang='lat' dir='ltr'><strong>qua:</strong></span> <span class='ocrx_word' id='word_1_559' title='bbox 3027 1390 3210 1436; x_wconf 90' lang='lat' dir='ltr'><strong>nostra</strong></span> <span class='ocrx_word' id='word_1_560' title='bbox 3248 1382 3448 1435; x_wconf 91' lang='lat' dir='ltr'><strong>virtute</strong></span> <span class='ocrx_word' id='word_1_561' title='bbox 3485 1384 3719 1451; x_wconf 62' lang='lat' dir='ltr'><strong>quaesita</strong></span> 
     </span>
    </p>
   </div>
   <div class='ocr_carea' id='block_1_76' title="bbox 2133 1474 3718 1544">
    <p class='ocr_par' dir='ltr' id='par_1_76' title="bbox 2133 1474 3718 1544">
     <span class='ocr_line' id='line_1_76' title="bbox 2133 1474 3718 1544; baseline -0.001 -16"><span class='ocrx_word' id='word_1_562' title='bbox 2133 1483 2235 1537; x_wconf 90' lang='lat' dir='ltr'><strong>est,</strong></span> <span class='ocrx_word' id='word_1_563' title='bbox 2269 1474 2354 1529; x_wconf 86' lang='lat' dir='ltr'><strong>vel</strong></span> <span class='ocrx_word' id='word_1_564' title='bbox 2406 1474 2563 1542; x_wconf 87' lang='lat' dir='ltr'><strong>culpa</strong></span> <span class='ocrx_word' id='word_1_565' title='bbox 2621 1475 2742 1544; x_wconf 85' lang='lat' dir='ltr'><strong>jure</strong></span> <span class='ocrx_word' id='word_1_566' title='bbox 2793 1475 2866 1528; x_wconf 89' lang='lat' dir='ltr'><strong>sit</strong></span> <span class='ocrx_word' id='word_1_567' title='bbox 2907 1483 3112 1539; x_wconf 88' lang='lat' dir='ltr'><strong>nostra,</strong></span> <span class='ocrx_word' id='word_1_568' title='bbox 3160 1489 3280 1544; x_wconf 71' lang='lat' dir='ltr'><strong>qua:</strong></span> <span class='ocrx_word' id='word_1_569' title='bbox 3327 1489 3424 1543; x_wconf 87' lang='lat' dir='ltr'><strong>per</strong></span> <span class='ocrx_word' id='word_1_570' title='bbox 3471 1486 3718 1528; x_wconf 88' lang='lat' dir='ltr'><strong>nostram</strong></span> 
     </span>
    </p>
   </div>
   <div class='ocr_carea' id='block_1_77' title="bbox 2131 1567 3720 1637">
    <p class='ocr_par' dir='ltr' id='par_1_77' title="bbox 2131 1567 3720 1637">
     <span class='ocr_line' id='line_1_77' title="bbox 2131 1567 3720 1637; baseline 0.001 -18"><span class='ocrx_word' id='word_1_571' title='bbox 2131 1569 2279 1622; x_wconf 88' lang='lat' dir='ltr'><strong>venit</strong></span> <span class='ocrx_word' id='word_1_572' title='bbox 2309 1568 2600 1637; x_wconf 86' lang='lat' dir='ltr'><strong>ignaviam.</strong></span> <span class='ocrx_word' id='word_1_573' title='bbox 2638 1567 2762 1622; x_wconf 79' lang='lat' dir='ltr'><strong>Hzec</strong></span> <span class='ocrx_word' id='word_1_574' title='bbox 2800 1582 2899 1636; x_wconf 91' lang='lat' dir='ltr'><strong>pro</strong></span> <span class='ocrx_word' id='word_1_575' title='bbox 2937 1582 3004 1622; x_wconf 90' lang='lat' dir='ltr'><strong>eo</strong></span> <span class='ocrx_word' id='word_1_576' title='bbox 3050 1568 3195 1636; x_wconf 89' lang='lat' dir='ltr'><strong>quod</strong></span> <span class='ocrx_word' id='word_1_577' title='bbox 3223 1568 3483 1637; x_wconf 87' lang='lat' dir='ltr'><strong>scriptum</strong></span> <span class='ocrx_word' id='word_1_578' title='bbox 3511 1577 3597 1622; x_wconf 91' lang='lat' dir='ltr'><strong>est</strong></span> <span class='ocrx_word' id='word_1_579' title='bbox 3620 1567 3671 1598; x_wconf 70' lang='grc' dir='ltr'><strong>’δ</strong></span> <span class='ocrx_word' id='word_1_580' title='bbox 3705 1577 3720 1614; x_wconf 73' lang='grc' dir='ltr'><strong>ε</strong></span> 
     </span>
    </p>
   </div>
   <div class='ocr_carea' id='block_1_78' title="bbox 2138 1656 3718 1728">
    <p class='ocr_par' dir='ltr' id='par_1_78' title="bbox 2138 1656 3718 1728">
     <span class='ocr_line' id='line_1_78' title="bbox 2138 1656 3718 1728; baseline 0.002 -19"><span class='ocrx_word' id='word_1_581' title='bbox 2138 1677 2156 1709; x_wconf 72' lang='grc' dir='ltr'>ι</span> <span class='ocrx_word' id='word_1_582' title='bbox 2187 1657 2244 1712; x_wconf 83' lang='grc' dir='ltr'><strong>1η</strong></span> <span class='ocrx_word' id='word_1_583' title='bbox 2282 1659 2606 1726; x_wconf 89' lang='lat' dir='ltr'><strong>incipiendo,</strong></span> <span class='ocrx_word' id='word_1_584' title='bbox 2640 1659 2912 1728; x_wconf 78' lang='lat' dir='ltr'><strong>principes</strong></span> <span class='ocrx_word' id='word_1_585' title='bbox 2938 1659 2989 1711; x_wconf 95' lang='lat' dir='ltr'><strong>in</strong></span> <span class='ocrx_word' id='word_1_586' title='bbox 3021 1656 3207 1726; x_wconf 84' lang='lat' dir='ltr'><strong>Israel,</strong></span> <span class='ocrx_word' id='word_1_587' title='bbox 3236 1659 3290 1712; x_wconf 90' lang='lat' dir='ltr'><strong>in</strong></span> <span class='ocrx_word' id='word_1_588' title='bbox 3321 1658 3718 1718; x_wconf 90' lang='lat' dir='ltr'><strong>voluntatibus.</strong></span> 
     </span>
    </p>
   </div>
   <div class='ocr_carea' id='block_1_79' title="bbox 2062 1729 3071 1821">
    <p class='ocr_par' dir='ltr' id='par_1_79' title="bbox 2062 1729 3071 1821">
     <span class='ocr_line' id='line_1_79' title="bbox 2062 1729 3071 1821; baseline 0 -18"><span class='ocrx_word' id='word_1_589' title='bbox 2062 1729 2104 1784; x_wconf 78' lang='grc' dir='ltr'><strong>Β</strong></span> <span class='ocrx_word' id='word_1_590' title='bbox 2140 1751 2343 1821; x_wconf 87' lang='lat' dir='ltr'><strong>populi,</strong></span> <span class='ocrx_word' id='word_1_591' title='bbox 2371 1751 2674 1806; x_wconf 90' lang='lat' dir='ltr'><strong>benedicite</strong></span> <span class='ocrx_word' id='word_1_592' title='bbox 2704 1751 3013 1806; x_wconf 89' lang='lat' dir='ltr'><strong>Dominum.</strong></span> <span class='ocrx_word' id='word_1_593' title='bbox 3051 1769 3071 1803; x_wconf 72' lang='grc' dir='ltr'><strong>ι</strong></span> 
     </span>
    </p>
   </div>
   <div class='ocr_carea' id='block_1_80' title="bbox 2208 1840 3721 1912">
    <p class='ocr_par' dir='ltr' id='par_1_80' title="bbox 2208 1840 3721 1912">
     <span class='ocr_line' id='line_1_80' title="bbox 2208 1840 3721 1912; baseline -0.001 -15"><span class='ocrx_word' id='word_1_594' title='bbox 2208 1843 2262 1897; x_wconf 77' lang='lat'><strong>5.</strong></span> <span class='ocrx_word' id='word_1_595' title='bbox 2295 1840 2423 1896; x_wconf 87' lang='lat' dir='ltr'><strong>Post</strong></span> <span class='ocrx_word' id='word_1_596' title='bbox 2460 1841 2576 1896; x_wconf 67' lang='lat' dir='ltr'><strong>haec</strong></span> <span class='ocrx_word' id='word_1_597' title='bbox 2621 1852 2799 1896; x_wconf 84' lang='lat' dir='ltr'><strong>autem</strong></span> <span class='ocrx_word' id='word_1_598' title='bbox 2845 1842 2979 1895; x_wconf 90' lang='lat' dir='ltr'><strong>dicit</strong></span> <span class='ocrx_word' id='word_1_599' title='bbox 3004 1842 3049 1874; x_wconf 85' lang='lat'>&quot;</span> <span class='ocrx_word' id='word_1_600' title='bbox 3079 1861 3092 1896; x_wconf 90' lang='lat'><strong>:</strong></span> <span class='ocrx_word' id='word_1_601' title='bbox 3125 1859 3146 1893; x_wconf 83' lang='grc'><strong><em>‹</em></strong></span> <span class='ocrx_word' id='word_1_602' title='bbox 3184 1842 3396 1906; x_wconf 80' lang='lat' dir='ltr'><strong>Audite,</strong></span> <span class='ocrx_word' id='word_1_603' title='bbox 3443 1856 3636 1912; x_wconf 87' lang='lat' dir='ltr'><strong>reges,</strong></span> <span class='ocrx_word' id='word_1_604' title='bbox 3671 1850 3721 1895; x_wconf 74' lang='lat' dir='ltr'><strong>et</strong></span> 
     </span>
    </p>
   </div>
   <div class='ocr_carea' id='block_1_81' title="bbox 2137 1933 3721 2004">
    <p class='ocr_par' dir='ltr' id='par_1_81' title="bbox 2137 1933 3721 2004">
     <span class='ocr_line' id='line_1_81' title="bbox 2137 1933 3721 2004; baseline -0.001 -17"><span class='ocrx_word' id='word_1_605' title='bbox 2137 1934 2358 1987; x_wconf 89' lang='lat' dir='ltr'><strong>auribus</strong></span> <span class='ocrx_word' id='word_1_606' title='bbox 2391 1933 2676 2003; x_wconf 89' lang='lat' dir='ltr'><strong>percipite,</strong></span> <span class='ocrx_word' id='word_1_607' title='bbox 2711 1944 2962 2004; x_wconf 68' lang='lat' dir='ltr'><strong>satrapae.</strong></span> <span class='ocrx_word' id='word_1_608' title='bbox 3015 1935 3246 1990; x_wconf 92' lang='lat' dir='ltr'><strong>Domino</strong></span> <span class='ocrx_word' id='word_1_609' title='bbox 3287 1937 3541 1997; x_wconf 88' lang='lat' dir='ltr'><strong>cantabo,</strong></span> <span class='ocrx_word' id='word_1_610' title='bbox 3575 1935 3721 2002; x_wconf 84' lang='lat' dir='ltr'><strong>psal-</strong></span> 
     </span>
    </p>
   </div>
   <div class='ocr_carea' id='block_1_82' title="bbox 2135 2026 3722 2099">
    <p class='ocr_par' dir='ltr' id='par_1_82' title="bbox 2135 2026 3722 2099">
     <span class='ocr_line' id='line_1_82' title="bbox 2135 2026 3722 2099; baseline 0.001 -19"><span class='ocrx_word' id='word_1_611' title='bbox 2135 2027 2241 2080; x_wconf 89' lang='lat' dir='ltr'><strong>lam</strong></span> <span class='ocrx_word' id='word_1_612' title='bbox 2276 2026 2382 2082; x_wconf 90' lang='lat' dir='ltr'><strong>Deo</strong></span> <span class='ocrx_word' id='word_1_613' title='bbox 2410 2027 2594 2082; x_wconf 90' lang='lat' dir='ltr'><strong>Israel.</strong></span> <span class='ocrx_word' id='word_1_614' title='bbox 2621 2045 2643 2080; x_wconf 65' lang='grc' dir='ltr'><strong>ν</strong></span> <span class='ocrx_word' id='word_1_615' title='bbox 2677 2027 2893 2090; x_wconf 84' lang='lat' dir='ltr'><strong>Audite,</strong></span> <span class='ocrx_word' id='word_1_616' title='bbox 2942 2029 3138 2097; x_wconf 89' lang='lat' dir='ltr'><strong>inquit,</strong></span> <span class='ocrx_word' id='word_1_617' title='bbox 3184 2043 3358 2098; x_wconf 85' lang='lat' dir='ltr'><strong>reges.</strong></span> <span class='ocrx_word' id='word_1_618' title='bbox 3408 2028 3584 2099; x_wconf 77' lang='lat' dir='ltr'><strong>Reges</strong></span> <span class='ocrx_word' id='word_1_619' title='bbox 3625 2043 3722 2096; x_wconf 86' lang='lat' dir='ltr'><strong>ap-</strong></span> 
     </span>
    </p>
   </div>
   <div class='ocr_carea' id='block_1_83' title="bbox 2135 2118 3720 2187">
    <p class='ocr_par' dir='ltr' id='par_1_83' title="bbox 2135 2118 3720 2187">
     <span class='ocr_line' id='line_1_83' title="bbox 2135 2118 3720 2187; baseline 0.001 -16"><span class='ocrx_word' id='word_1_620' title='bbox 2135 2118 2299 2185; x_wconf 82' lang='lat' dir='ltr'><strong>pellat</strong></span> <span class='ocrx_word' id='word_1_621' title='bbox 2345 2133 2438 2172; x_wconf 90' lang='lat' dir='ltr'><strong>eos</strong></span> <span class='ocrx_word' id='word_1_622' title='bbox 2478 2119 2566 2187; x_wconf 91' lang='lat' dir='ltr'><strong>qui</strong></span> <span class='ocrx_word' id='word_1_623' title='bbox 2602 2126 2974 2173; x_wconf 91' lang='lat' dir='ltr'><strong>convocantur</strong></span> <span class='ocrx_word' id='word_1_624' title='bbox 3022 2119 3088 2172; x_wconf 87' lang='lat' dir='ltr'><strong>ad</strong></span> <span class='ocrx_word' id='word_1_625' title='bbox 3134 2120 3454 2173; x_wconf 89' lang='lat' dir='ltr'><strong>audiendum</strong></span> <span class='ocrx_word' id='word_1_626' title='bbox 3487 2119 3720 2173; x_wconf 90' lang='lat' dir='ltr'><strong>verbum</strong></span> 
     </span>
    </p>
   </div>
   <div class='ocr_carea' id='block_1_84' title="bbox 2135 2208 3721 2278">
    <p class='ocr_par' dir='ltr' id='par_1_84' title="bbox 2135 2208 3721 2278">
     <span class='ocr_line' id='line_1_84' title="bbox 2135 2208 3721 2278; baseline 0.001 -17"><span class='ocrx_word' id='word_1_627' title='bbox 2135 2208 2251 2261; x_wconf 91' lang='lat' dir='ltr'><strong>Dei.</strong></span> <span class='ocrx_word' id='word_1_628' title='bbox 2293 2208 2534 2272; x_wconf 75' lang='lat' dir='ltr'><strong>Exsulta,</strong></span> <span class='ocrx_word' id='word_1_629' title='bbox 2582 2209 2778 2278; x_wconf 90' lang='lat' dir='ltr'><strong>popule</strong></span> <span class='ocrx_word' id='word_1_630' title='bbox 2834 2209 2951 2274; x_wconf 88' lang='lat' dir='ltr'><strong>Dei,</strong></span> <span class='ocrx_word' id='word_1_631' title='bbox 3003 2210 3228 2265; x_wconf 90' lang='lat' dir='ltr'><strong>audiens</strong></span> <span class='ocrx_word' id='word_1_632' title='bbox 3275 2221 3378 2263; x_wconf 65' lang='lat' dir='ltr'><strong>tuae</strong></span> <span class='ocrx_word' id='word_1_633' title='bbox 3419 2209 3721 2263; x_wconf 86' lang='lat' dir='ltr'><strong>nobilitatis</strong></span> 
     </span>
    </p>
   </div>
   <div class='ocr_carea' id='block_1_85' title="bbox 2136 2301 3720 2370">
    <p class='ocr_par' dir='ltr' id='par_1_85' title="bbox 2136 2301 3720 2370">
     <span class='ocr_line' id='line_1_85' title="bbox 2136 2301 3720 2370; baseline -0.001 -16"><span class='ocrx_word' id='word_1_634' title='bbox 2136 2301 2390 2370; x_wconf 85' lang='lat' dir='ltr'><strong>insignia.</strong></span> <span class='ocrx_word' id='word_1_635' title='bbox 2425 2301 2506 2354; x_wconf 91' lang='lat' dir='ltr'><strong>Tu</strong></span> <span class='ocrx_word' id='word_1_636' title='bbox 2536 2301 2746 2354; x_wconf 85' lang='lat' dir='ltr'><strong>vocaris</strong></span> <span class='ocrx_word' id='word_1_637' title='bbox 2784 2301 2850 2354; x_wconf 90' lang='lat' dir='ltr'><strong>ad</strong></span> <span class='ocrx_word' id='word_1_638' title='bbox 2894 2302 3221 2355; x_wconf 89' lang='lat' dir='ltr'><strong>audiendum</strong></span> <span class='ocrx_word' id='word_1_639' title='bbox 3254 2301 3476 2355; x_wconf 86' lang='lat' dir='ltr'><strong>verbum</strong></span> <span class='ocrx_word' id='word_1_640' title='bbox 3510 2302 3626 2366; x_wconf 89' lang='lat' dir='ltr'><strong>Dei,</strong></span> <span class='ocrx_word' id='word_1_641' title='bbox 3665 2311 3720 2355; x_wconf 92' lang='lat' dir='ltr'><strong>et</strong></span> 
     </span>
    </p>
   </div>
   <div class='ocr_carea' id='block_1_86' title="bbox 2136 2392 3716 2462">
    <p class='ocr_par' dir='ltr' id='par_1_86' title="bbox 2136 2392 3716 2462">
     <span class='ocr_line' id='line_1_86' title="bbox 2136 2392 3716 2462; baseline 0.002 -19"><span class='ocrx_word' id='word_1_642' title='bbox 2136 2406 2240 2444; x_wconf 90' lang='lat' dir='ltr'><strong>non</strong></span> <span class='ocrx_word' id='word_1_643' title='bbox 2268 2404 2326 2446; x_wconf 92' lang='lat' dir='ltr'><strong>ut</strong></span> <span class='ocrx_word' id='word_1_644' title='bbox 2364 2393 2534 2462; x_wconf 89' lang='lat' dir='ltr'><strong>plebs,</strong></span> <span class='ocrx_word' id='word_1_645' title='bbox 2570 2393 2662 2447; x_wconf 89' lang='lat' dir='ltr'><strong>sed</strong></span> <span class='ocrx_word' id='word_1_646' title='bbox 2698 2403 2756 2446; x_wconf 91' lang='lat' dir='ltr'><strong>ut</strong></span> <span class='ocrx_word' id='word_1_647' title='bbox 2787 2408 2882 2447; x_wconf 93' lang='lat' dir='ltr'><strong>rex</strong></span> <span class='ocrx_word' id='word_1_648' title='bbox 2915 2393 3146 2447; x_wconf 84' lang='lat' dir='ltr'><strong>vocaris.</strong></span> <span class='ocrx_word' id='word_1_649' title='bbox 3180 2392 3298 2447; x_wconf 90' lang='lat' dir='ltr'><strong>Tibi</strong></span> <span class='ocrx_word' id='word_1_650' title='bbox 3339 2396 3482 2448; x_wconf 90' lang='lat' dir='ltr'><strong>enim</strong></span> <span class='ocrx_word' id='word_1_651' title='bbox 3512 2395 3716 2447; x_wconf 85' lang='lat' dir='ltr'><strong>dictum</strong></span> 
     </span>
    </p>
   </div>
   <div class='ocr_carea' id='block_1_87' title="bbox 2134 2483 3716 2554">
    <p class='ocr_par' dir='ltr' id='par_1_87' title="bbox 2134 2483 3716 2554">
     <span class='ocr_line' id='line_1_87' title="bbox 2134 2483 3716 2554; baseline 0.001 -16"><span class='ocrx_word' id='word_1_652' title='bbox 2134 2493 2217 2538; x_wconf 87' lang='lat' dir='ltr'><strong>est</strong></span> <span class='ocrx_word' id='word_1_653' title='bbox 2241 2483 2287 2514; x_wconf 80' lang='grc'>⁷⁸</span> <span class='ocrx_word' id='word_1_654' title='bbox 2317 2501 2330 2536; x_wconf 89' lang='lat'><strong>:</strong></span> <span class='ocrx_word' id='word_1_655' title='bbox 2359 2502 2378 2534; x_wconf 74' lang='grc' dir='ltr'>ι</span> <span class='ocrx_word' id='word_1_656' title='bbox 2414 2483 2596 2539; x_wconf 86' lang='lat' dir='ltr'><strong>Genus</strong></span> <span class='ocrx_word' id='word_1_657' title='bbox 2649 2483 2832 2554; x_wconf 80' lang='lat' dir='ltr'><strong>regale</strong></span> <span class='ocrx_word' id='word_1_658' title='bbox 2884 2494 2939 2537; x_wconf 91' lang='lat' dir='ltr'><strong>et</strong></span> <span class='ocrx_word' id='word_1_659' title='bbox 2987 2485 3361 2548; x_wconf 84' lang='lat' dir='ltr'><strong>sacerdotale;</strong></span> <span class='ocrx_word' id='word_1_660' title='bbox 3391 2488 3618 2554; x_wconf 88' lang='lat' dir='ltr'><strong>populus</strong></span> <span class='ocrx_word' id='word_1_661' title='bbox 3662 2487 3716 2540; x_wconf 91' lang='lat' dir='ltr'><strong>in</strong></span> 
     </span>
    </p>
   </div>
   <div class='ocr_carea' id='block_1_88' title="bbox 2135 2575 3718 2645">
    <p class='ocr_par' dir='ltr' id='par_1_88' title="bbox 2135 2575 3718 2645">
     <span class='ocr_line' id='line_1_88' title="bbox 2135 2575 3718 2645; baseline 0.004 -17"><span class='ocrx_word' id='word_1_662' title='bbox 2135 2575 2574 2644; x_wconf 80' lang='lat' dir='ltr'><strong>acquisitionem.</strong></span> <span class='ocrx_word' id='word_1_663' title='bbox 2618 2594 2638 2628; x_wconf 67' lang='grc' dir='ltr'><strong>ι</strong></span> <span class='ocrx_word' id='word_1_664' title='bbox 2675 2577 2798 2630; x_wconf 91' lang='lat' dir='ltr'><strong>Ideo</strong></span> <span class='ocrx_word' id='word_1_665' title='bbox 2840 2577 2962 2645; x_wconf 85' lang='lat' dir='ltr'><strong>quia</strong></span> <span class='ocrx_word' id='word_1_666' title='bbox 3009 2592 3101 2631; x_wconf 91' lang='lat' dir='ltr'><strong>vos</strong></span> <span class='ocrx_word' id='word_1_667' title='bbox 3146 2593 3301 2645; x_wconf 79' lang='lat' dir='ltr'><strong>reges</strong></span> <span class='ocrx_word' id='word_1_668' title='bbox 3333 2580 3487 2641; x_wconf 82' lang='lat' dir='ltr'><strong>estis,</strong></span> <span class='ocrx_word' id='word_1_669' title='bbox 3521 2581 3718 2634; x_wconf 89' lang='lat' dir='ltr'><strong>merito</strong></span> 
     </span>
    </p>
   </div>
   <div class='ocr_carea' id='block_1_89' title="bbox 2135 2666 3714 2725">
    <p class='ocr_par' dir='ltr' id='par_1_89' title="bbox 2135 2666 3714 2725">
     <span class='ocr_line' id='line_1_89' title="bbox 2135 2666 3714 2725; baseline 0.003 -5"><span class='ocrx_word' id='word_1_670' title='bbox 2135 2682 2228 2720; x_wconf 84' lang='lat' dir='ltr'><strong>rex</strong></span> <span class='ocrx_word' id='word_1_671' title='bbox 2257 2677 2440 2721; x_wconf 90' lang='lat' dir='ltr'><strong>noster</strong></span> <span class='ocrx_word' id='word_1_672' title='bbox 2458 2666 2708 2722; x_wconf 88' lang='lat' dir='ltr'><strong>Christus</strong></span> <span class='ocrx_word' id='word_1_673' title='bbox 2739 2667 2994 2722; x_wconf 88' lang='lat' dir='ltr'><strong>Dominus</strong></span> <span class='ocrx_word' id='word_1_674' title='bbox 3029 2687 3046 2719; x_wconf 74' lang='grc' dir='ltr'>ι</span> <span class='ocrx_word' id='word_1_675' title='bbox 3085 2684 3174 2722; x_wconf 90' lang='lat' dir='ltr'><strong>rex</strong></span> <span class='ocrx_word' id='word_1_676' title='bbox 3213 2689 3232 2720; x_wconf 71' lang='grc' dir='ltr'><strong>ι</strong></span> <span class='ocrx_word' id='word_1_677' title='bbox 3268 2670 3463 2724; x_wconf 90' lang='lat' dir='ltr'><strong>dicitur</strong></span> <span class='ocrx_word' id='word_1_678' title='bbox 3490 2669 3537 2704; x_wconf 71' lang='grc' dir='ltr'><strong>τ’</strong></span> <span class='ocrx_word' id='word_1_679' title='bbox 3572 2687 3593 2722; x_wconf 76' lang='lat' dir='ltr'><strong>t</strong></span> <span class='ocrx_word' id='word_1_680' title='bbox 3626 2685 3714 2725; x_wconf 83' lang='lat' dir='ltr'><strong>re-</strong></span> 
     </span>
    </p>
   </div>
   <div class='ocr_carea' id='block_1_90' title="bbox 2134 2759 3713 2830">
    <p class='ocr_par' dir='ltr' id='par_1_90' title="bbox 2134 2759 3713 2830">
     <span class='ocr_line' id='line_1_90' title="bbox 2134 2759 3713 2830; baseline 0.003 -20"><span class='ocrx_word' id='word_1_681' title='bbox 2134 2775 2280 2830; x_wconf 79' lang='lat' dir='ltr'><strong>gum,</strong></span> <span class='ocrx_word' id='word_1_682' title='bbox 2309 2769 2363 2813; x_wconf 93' lang='lat' dir='ltr'><strong>et</strong></span> <span class='ocrx_word' id='word_1_683' title='bbox 2393 2759 2650 2813; x_wconf 89' lang='lat' dir='ltr'><strong>Dominus</strong></span> <span class='ocrx_word' id='word_1_684' title='bbox 2684 2760 3098 2814; x_wconf 89' lang='lat' dir='ltr'><strong>dominantium.</strong></span> <span class='ocrx_word' id='word_1_685' title='bbox 3141 2779 3161 2812; x_wconf 67' lang='grc' dir='ltr'>ι</span> <span class='ocrx_word' id='word_1_686' title='bbox 3191 2762 3298 2815; x_wconf 89' lang='lat' dir='ltr'><strong>Sed</strong></span> <span class='ocrx_word' id='word_1_687' title='bbox 3349 2762 3491 2814; x_wconf 90' lang='lat' dir='ltr'><strong>sicut</strong></span> <span class='ocrx_word' id='word_1_688' title='bbox 3535 2761 3713 2816; x_wconf 86' lang='lat' dir='ltr'><strong>exsul-</strong></span> 
     </span>
    </p>
   </div>
   <div class='ocr_carea' id='block_1_91' title="bbox 2137 2848 3709 2918">
    <p class='ocr_par' dir='ltr' id='par_1_91' title="bbox 2137 2848 3709 2918">
     <span class='ocr_line' id='line_1_91' title="bbox 2137 2848 3709 2918; baseline 0.003 -16"><span class='ocrx_word' id='word_1_689' title='bbox 2137 2853 2266 2903; x_wconf 90' lang='lat' dir='ltr'><strong>tatis</strong></span> <span class='ocrx_word' id='word_1_690' title='bbox 2299 2851 2363 2902; x_wconf 91' lang='lat' dir='ltr'><strong>de</strong></span> <span class='ocrx_word' id='word_1_691' title='bbox 2395 2850 2691 2904; x_wconf 90' lang='lat' dir='ltr'><strong>nobilitatis</strong></span> <span class='ocrx_word' id='word_1_692' title='bbox 2719 2848 2916 2904; x_wconf 66' lang='lat' dir='ltr'><strong>vestrae</strong></span> <span class='ocrx_word' id='word_1_693' title='bbox 2946 2851 3122 2918; x_wconf 90' lang='lat' dir='ltr'><strong>titulo,</strong></span> <span class='ocrx_word' id='word_1_694' title='bbox 3156 2852 3228 2904; x_wconf 90' lang='lat' dir='ltr'><strong>ita</strong></span> <span class='ocrx_word' id='word_1_695' title='bbox 3255 2852 3466 2905; x_wconf 88' lang='lat' dir='ltr'><strong>discere</strong></span> <span class='ocrx_word' id='word_1_696' title='bbox 3503 2853 3709 2907; x_wconf 88' lang='lat' dir='ltr'><strong>debetis</strong></span> 
     </span>
    </p>
   </div>
   <div class='ocr_carea' id='block_1_92' title="bbox 2134 2939 3708 3011">
    <p class='ocr_par' dir='ltr' id='par_1_92' title="bbox 2134 2939 3708 3011">
     <span class='ocr_line' id='line_1_92' title="bbox 2134 2939 3708 3011; baseline 0.004 -19"><span class='ocrx_word' id='word_1_697' title='bbox 2134 2940 2262 3009; x_wconf 91' lang='lat' dir='ltr'><strong>quid</strong></span> <span class='ocrx_word' id='word_1_698' title='bbox 2303 2939 2509 3009; x_wconf 88' lang='lat' dir='ltr'><strong>agendo</strong></span> <span class='ocrx_word' id='word_1_699' title='bbox 2559 2942 2923 3009; x_wconf 90' lang='lat' dir='ltr'><strong>unusquisque</strong></span> <span class='ocrx_word' id='word_1_700' title='bbox 2971 2949 3208 2996; x_wconf 90' lang='lat' dir='ltr'><strong>vestrum</strong></span> <span class='ocrx_word' id='word_1_701' title='bbox 3258 2942 3352 2997; x_wconf 86' lang='lat' dir='ltr'><strong>fiat</strong></span> <span class='ocrx_word' id='word_1_702' title='bbox 3399 2957 3514 2997; x_wconf 90' lang='lat' dir='ltr'><strong>rex.</strong></span> <span class='ocrx_word' id='word_1_703' title='bbox 3558 2943 3708 3011; x_wconf 88' lang='lat' dir='ltr'><strong>Quod</strong></span> 
     </span>
    </p>
   </div>
   <div class='ocr_carea' id='block_1_93' title="bbox 2135 3033 3709 3103">
    <p class='ocr_par' dir='ltr' id='par_1_93' title="bbox 2135 3033 3709 3103">
     <span class='ocr_line' id='line_1_93' title="bbox 2135 3033 3709 3103; baseline 0.003 -17"><span class='ocrx_word' id='word_1_704' title='bbox 2135 3033 2286 3086; x_wconf 89' lang='lat' dir='ltr'><strong>vobis</strong></span> <span class='ocrx_word' id='word_1_705' title='bbox 2322 3033 2391 3086; x_wconf 90' lang='lat' dir='ltr'><strong>ita</strong></span> <span class='ocrx_word' id='word_1_706' title='bbox 2427 3033 2665 3088; x_wconf 89' lang='lat' dir='ltr'><strong>breviter</strong></span> <span class='ocrx_word' id='word_1_707' title='bbox 2699 3033 2970 3087; x_wconf 85' lang='lat' dir='ltr'><strong>deﬁniam.</strong></span> <span class='ocrx_word' id='word_1_708' title='bbox 3001 3033 3199 3103; x_wconf 69' lang='lat' dir='ltr'><strong>[legem</strong></span> <span class='ocrx_word' id='word_1_709' title='bbox 3236 3044 3286 3087; x_wconf 92' lang='lat' dir='ltr'><strong>te</strong></span> <span class='ocrx_word' id='word_1_710' title='bbox 3321 3037 3562 3090; x_wconf 88' lang='lat' dir='ltr'><strong>onmium</strong></span> <span class='ocrx_word' id='word_1_711' title='bbox 3594 3053 3709 3091; x_wconf 91' lang='lat' dir='ltr'><strong>esse</strong></span> 
     </span>
    </p>
   </div>
   <div class='ocr_carea' id='block_1_94' title="bbox 2132 3124 3710 3194">
    <p class='ocr_par' dir='ltr' id='par_1_94' title="bbox 2132 3124 3710 3194">
     <span class='ocr_line' id='line_1_94' title="bbox 2132 3124 3710 3194; baseline 0.004 -20"><span class='ocrx_word' id='word_1_712' title='bbox 2132 3124 2280 3190; x_wconf 76' lang='lat' dir='ltr'><strong>facit,</strong></span> <span class='ocrx_word' id='word_1_713' title='bbox 2308 3125 2350 3178; x_wconf 90' lang='lat' dir='ltr'><strong>si</strong></span> <span class='ocrx_word' id='word_1_714' title='bbox 2387 3134 2572 3194; x_wconf 86' lang='lat' dir='ltr'><strong>regnet</strong></span> <span class='ocrx_word' id='word_1_715' title='bbox 2595 3125 2842 3178; x_wconf 84' lang='lat' dir='ltr'><strong>Christus</strong></span> <span class='ocrx_word' id='word_1_716' title='bbox 2877 3126 2928 3177; x_wconf 92' lang='lat' dir='ltr'><strong>in</strong></span> <span class='ocrx_word' id='word_1_717' title='bbox 2983 3133 3054 3178; x_wconf 92' lang='lat' dir='ltr'><strong>te.</strong></span> <span class='ocrx_word' id='word_1_718' title='bbox 3109 3126 3221 3178; x_wconf 79' lang='lat' dir='ltr'><strong>Rex</strong></span> <span class='ocrx_word' id='word_1_719' title='bbox 3264 3142 3496 3180; x_wconf 77' lang='lat' dir='ltr'><strong>namque</strong></span> <span class='ocrx_word' id='word_1_720' title='bbox 3547 3143 3576 3180; x_wconf 91' lang='lat' dir='ltr'><strong>a</strong></span> <span class='ocrx_word' id='word_1_721' title='bbox 3628 3144 3710 3181; x_wconf 88' lang='lat' dir='ltr'><strong>re-</strong></span> 
     </span>
    </p>
   </div>
   <div class='ocr_carea' id='block_1_95' title="bbox 2129 3216 3710 3287">
    <p class='ocr_par' dir='ltr' id='par_1_95' title="bbox 2129 3216 3710 3287">
     <span class='ocr_line' id='line_1_95' title="bbox 2129 3216 3710 3287; baseline 0.001 -17"><span class='ocrx_word' id='word_1_722' title='bbox 2129 3220 2300 3285; x_wconf 84' lang='lat' dir='ltr'><strong>gendo</strong></span> <span class='ocrx_word' id='word_1_723' title='bbox 2330 3218 2504 3271; x_wconf 82' lang='lat' dir='ltr'><strong>dictus</strong></span> <span class='ocrx_word' id='word_1_724' title='bbox 2537 3227 2638 3270; x_wconf 89' lang='lat' dir='ltr'><strong>est.</strong></span> <span class='ocrx_word' id='word_1_725' title='bbox 2667 3216 2723 3270; x_wconf 88' lang='lat' dir='ltr'><strong>Si</strong></span> <span class='ocrx_word' id='word_1_726' title='bbox 2753 3232 2884 3287; x_wconf 89' lang='lat' dir='ltr'><strong>ergo</strong></span> <span class='ocrx_word' id='word_1_727' title='bbox 2913 3227 2967 3271; x_wconf 91' lang='lat' dir='ltr'><strong>et</strong></span> <span class='ocrx_word' id='word_1_728' title='bbox 2997 3218 3048 3270; x_wconf 87' lang='lat' dir='ltr'><strong>itt</strong></span> <span class='ocrx_word' id='word_1_729' title='bbox 3090 3226 3145 3271; x_wconf 91' lang='lat' dir='ltr'><strong>te</strong></span> <span class='ocrx_word' id='word_1_730' title='bbox 3172 3218 3385 3271; x_wconf 80' lang='lat' dir='ltr'><strong>animus</strong></span> <span class='ocrx_word' id='word_1_731' title='bbox 3420 3231 3633 3287; x_wconf 89' lang='lat' dir='ltr'><strong>regnat,</strong></span> <span class='ocrx_word' id='word_1_732' title='bbox 3657 3227 3710 3271; x_wconf 88' lang='lat' dir='ltr'><strong>et</strong></span> 
     </span>
    </p>
   </div>
   <div class='ocr_carea' id='block_1_96' title="bbox 2129 3309 3709 3378">
    <p class='ocr_par' dir='ltr' id='par_1_96' title="bbox 2129 3309 3709 3378">
     <span class='ocr_line' id='line_1_96' title="bbox 2129 3309 3709 3378; baseline 0.001 -17"><span class='ocrx_word' id='word_1_733' title='bbox 2129 3325 2322 3378; x_wconf 88' lang='lat' dir='ltr'><strong>corpus</strong></span> <span class='ocrx_word' id='word_1_734' title='bbox 2368 3309 2725 3375; x_wconf 90' lang='lat' dir='ltr'><strong>obtemperat,</strong></span> <span class='ocrx_word' id='word_1_735' title='bbox 2774 3309 2818 3362; x_wconf 89' lang='lat' dir='ltr'><strong>si</strong></span> <span class='ocrx_word' id='word_1_736' title='bbox 2868 3309 3339 3378; x_wconf 89' lang='lat' dir='ltr'><strong>concupiscentias</strong></span> <span class='ocrx_word' id='word_1_737' title='bbox 3388 3312 3575 3364; x_wconf 90' lang='lat' dir='ltr'><strong>carnis</strong></span> <span class='ocrx_word' id='word_1_738' title='bbox 3615 3312 3709 3363; x_wconf 88' lang='lat' dir='ltr'><strong>sub</strong></span> 
     </span>
    </p>
   </div>
   <div class='ocr_carea' id='block_1_97' title="bbox 2125 3401 3710 3471">
    <p class='ocr_par' dir='ltr' id='par_1_97' title="bbox 2125 3401 3710 3471">
     <span class='ocr_line' id='line_1_97' title="bbox 2125 3401 3710 3471; baseline 0.003 -19"><span class='ocrx_word' id='word_1_739' title='bbox 2125 3404 2307 3470; x_wconf 85' lang='lat' dir='ltr'><strong>jugum</strong></span> <span class='ocrx_word' id='word_1_740' title='bbox 2341 3401 2549 3470; x_wconf 89' lang='lat' dir='ltr'><strong>imperii</strong></span> <span class='ocrx_word' id='word_1_741' title='bbox 2580 3402 2653 3453; x_wconf 91' lang='lat' dir='ltr'><strong>tui</strong></span> <span class='ocrx_word' id='word_1_742' title='bbox 2691 3402 2890 3464; x_wconf 81' lang='lat' dir='ltr'><strong>mittas,</strong></span> <span class='ocrx_word' id='word_1_743' title='bbox 2923 3402 2967 3455; x_wconf 88' lang='lat' dir='ltr'><strong>si</strong></span> <span class='ocrx_word' id='word_1_744' title='bbox 2998 3403 3244 3454; x_wconf 88' lang='lat' dir='ltr'><strong>vitiorum</strong></span> <span class='ocrx_word' id='word_1_745' title='bbox 3273 3412 3462 3471; x_wconf 85' lang='lat' dir='ltr'><strong>gentes</strong></span> <span class='ocrx_word' id='word_1_746' title='bbox 3500 3403 3710 3456; x_wconf 87' lang='lat' dir='ltr'><strong>sobrie-</strong></span> 
     </span>
    </p>
   </div>
   <div class='ocr_carea' id='block_1_98' title="bbox 2134 3492 3710 3562">
    <p class='ocr_par' dir='ltr' id='par_1_98' title="bbox 2134 3492 3710 3562">
     <span class='ocr_line' id='line_1_98' title="bbox 2134 3492 3710 3562; baseline 0.001 -16"><span class='ocrx_word' id='word_1_747' title='bbox 2134 3494 2260 3547; x_wconf 89' lang='lat' dir='ltr'><strong>tatis</strong></span> <span class='ocrx_word' id='word_1_748' title='bbox 2301 3504 2401 3546; x_wconf 65' lang='lat' dir='ltr'><strong>tttaz</strong></span> <span class='ocrx_word' id='word_1_749' title='bbox 2436 3492 2606 3548; x_wconf 87' lang='lat' dir='ltr'><strong>frenis</strong></span> <span class='ocrx_word' id='word_1_750' title='bbox 2636 3493 2960 3547; x_wconf 86' lang='lat' dir='ltr'><strong>arctioribus</strong></span> <span class='ocrx_word' id='word_1_751' title='bbox 3000 3509 3247 3562; x_wconf 82' lang='lat' dir='ltr'><strong>premas,</strong></span> <span class='ocrx_word' id='word_1_752' title='bbox 3283 3495 3478 3547; x_wconf 90' lang='lat' dir='ltr'><strong>merito</strong></span> <span class='ocrx_word' id='word_1_753' title='bbox 3510 3509 3600 3548; x_wconf 91' lang='lat' dir='ltr'><strong>rex</strong></span> <span class='ocrx_word' id='word_1_754' title='bbox 3634 3495 3710 3547; x_wconf 85' lang='lat' dir='ltr'><strong>di-</strong></span> 
     </span>
    </p>
   </div>
   <div class='ocr_carea' id='block_1_99' title="bbox 2132 3584 3707 3656">
    <p class='ocr_par' dir='ltr' id='par_1_99' title="bbox 2132 3584 3707 3656">
     <span class='ocr_line' id='line_1_99' title="bbox 2132 3584 3707 3656; baseline 0.001 -19"><span class='ocrx_word' id='word_1_755' title='bbox 2132 3587 2292 3650; x_wconf 89' lang='lat' dir='ltr'><strong>ceris,</strong></span> <span class='ocrx_word' id='word_1_756' title='bbox 2317 3585 2405 3652; x_wconf 88' lang='lat' dir='ltr'><strong>qui</strong></span> <span class='ocrx_word' id='word_1_757' title='bbox 2447 3595 2499 3639; x_wconf 90' lang='lat' dir='ltr'><strong>te</strong></span> <span class='ocrx_word' id='word_1_758' title='bbox 2535 3593 2680 3638; x_wconf 85' lang='lat' dir='ltr'><strong>recte</strong></span> <span class='ocrx_word' id='word_1_759' title='bbox 2724 3595 2887 3654; x_wconf 85' lang='lat' dir='ltr'><strong>agere</strong></span> <span class='ocrx_word' id='word_1_760' title='bbox 2943 3586 3178 3639; x_wconf 87' lang='lat' dir='ltr'><strong>noveris.</strong></span> <span class='ocrx_word' id='word_1_761' title='bbox 3227 3584 3361 3639; x_wconf 90' lang='lat' dir='ltr'><strong>Cum</strong></span> <span class='ocrx_word' id='word_1_762' title='bbox 3407 3601 3537 3656; x_wconf 83' lang='lat' dir='ltr'><strong>ergo</strong></span> <span class='ocrx_word' id='word_1_763' title='bbox 3591 3586 3707 3639; x_wconf 85' lang='lat' dir='ltr'><strong>talis</strong></span> 
     </span>
    </p>
   </div>
   <div class='ocr_carea' id='block_1_100' title="bbox 2133 3673 3705 3745">
    <p class='ocr_par' dir='ltr' id='par_1_100' title="bbox 2133 3673 3705 3745">
     <span class='ocr_line' id='line_1_100' title="bbox 2133 3673 3705 3745; baseline 0.003 -17"><span class='ocrx_word' id='word_1_764' title='bbox 2133 3677 2299 3729; x_wconf 88' lang='lat' dir='ltr'><strong>fueris</strong></span> <span class='ocrx_word' id='word_1_765' title='bbox 2332 3673 2586 3740; x_wconf 79' lang='lat' dir='ltr'><strong>effectus,</strong></span> <span class='ocrx_word' id='word_1_766' title='bbox 2638 3676 2800 3745; x_wconf 87' lang='lat' dir='ltr'><strong>digne</strong></span> <span class='ocrx_word' id='word_1_767' title='bbox 2845 3685 2902 3730; x_wconf 92' lang='lat' dir='ltr'><strong>ut</strong></span> <span class='ocrx_word' id='word_1_768' title='bbox 2958 3692 3049 3730; x_wconf 91' lang='lat' dir='ltr'><strong>rex</strong></span> <span class='ocrx_word' id='word_1_769' title='bbox 3095 3678 3162 3730; x_wconf 84' lang='lat' dir='ltr'><strong>ad</strong></span> <span class='ocrx_word' id='word_1_770' title='bbox 3216 3678 3482 3731; x_wconf 85' lang='lat' dir='ltr'><strong>audienda</strong></span> <span class='ocrx_word' id='word_1_771' title='bbox 3531 3679 3705 3732; x_wconf 82' lang='lat' dir='ltr'><strong>divina</strong></span> 
     </span>
    </p>
   </div>
   <div class='ocr_carea' id='block_1_101' title="bbox 2135 3765 3709 3837">
    <p class='ocr_par' dir='ltr' id='par_1_101' title="bbox 2135 3765 3709 3837">
     <span class='ocr_line' id='line_1_101' title="bbox 2135 3765 3709 3837; baseline 0.004 -21"><span class='ocrx_word' id='word_1_772' title='bbox 2135 3765 2303 3818; x_wconf 85' lang='lat' dir='ltr'><strong>verba</strong></span> <span class='ocrx_word' id='word_1_773' title='bbox 2339 3765 2637 3820; x_wconf 87' lang='lat' dir='ltr'><strong>vocaberis.</strong></span> <span class='ocrx_word' id='word_1_774' title='bbox 2671 3766 2782 3820; x_wconf 90' lang='lat' dir='ltr'><strong>lloc</strong></span> <span class='ocrx_word' id='word_1_775' title='bbox 2817 3783 2946 3821; x_wconf 90' lang='lat' dir='ltr'><strong>vero</strong></span> <span class='ocrx_word' id='word_1_776' title='bbox 2975 3770 3115 3836; x_wconf 90' lang='lat' dir='ltr'><strong>quod</strong></span> <span class='ocrx_word' id='word_1_777' title='bbox 3143 3770 3510 3837; x_wconf 89' lang='lat' dir='ltr'><strong>subsequitur,</strong></span> <span class='ocrx_word' id='word_1_778' title='bbox 3547 3772 3709 3837; x_wconf 74' lang='lat' dir='ltr'><strong>magis</strong></span> 
     </span>
    </p>
   </div>
   <div class='ocr_carea' id='block_1_102' title="bbox 2131 3858 3712 3928">
    <p class='ocr_par' dir='ltr' id='par_1_102' title="bbox 2131 3858 3712 3928">
     <span class='ocr_line' id='line_1_102' title="bbox 2131 3858 3712 3928; baseline 0.004 -17"><span class='ocrx_word' id='word_1_779' title='bbox 2131 3872 2456 3925; x_wconf 88' lang='lat' dir='ltr'><strong>corporeum</strong></span> <span class='ocrx_word' id='word_1_780' title='bbox 2493 3858 2692 3926; x_wconf 91' lang='lat' dir='ltr'><strong>aliquid</strong></span> <span class='ocrx_word' id='word_1_781' title='bbox 2736 3859 2959 3923; x_wconf 87' lang='lat' dir='ltr'><strong>indicat,</strong></span> <span class='ocrx_word' id='word_1_782' title='bbox 3005 3862 3144 3928; x_wconf 89' lang='lat' dir='ltr'><strong>quod</strong></span> <span class='ocrx_word' id='word_1_783' title='bbox 3188 3861 3359 3915; x_wconf 90' lang='lat' dir='ltr'><strong>dicit:</strong></span> <span class='ocrx_word' id='word_1_784' title='bbox 3408 3879 3428 3913; x_wconf 86' lang='grc'><strong><em>‹</em></strong></span> <span class='ocrx_word' id='word_1_785' title='bbox 3479 3863 3712 3918; x_wconf 88' lang='lat' dir='ltr'><strong>Auribus</strong></span> 
     </span>
    </p>
   </div>
   <div class='ocr_carea' id='block_1_103' title="bbox 2132 3950 3711 4021">
    <p class='ocr_par' dir='ltr' id='par_1_103' title="bbox 2132 3950 3711 4021">
     <span class='ocr_line' id='line_1_103' title="bbox 2132 3950 3711 4021; baseline 0.006 -20"><span class='ocrx_word' id='word_1_786' title='bbox 2132 3950 2416 4019; x_wconf 87' lang='lat' dir='ltr'><strong>percipite,</strong></span> <span class='ocrx_word' id='word_1_787' title='bbox 2463 3966 2655 4004; x_wconf 89' lang='lat' dir='ltr'><strong>omnes</strong></span> <span class='ocrx_word' id='word_1_788' title='bbox 2698 3961 2947 4021; x_wconf 67' lang='lat' dir='ltr'><strong>satrapae.</strong></span> <span class='ocrx_word' id='word_1_789' title='bbox 2993 3972 3012 4004; x_wconf 75' lang='grc' dir='ltr'><strong><em>ι</em></strong></span> <span class='ocrx_word' id='word_1_790' title='bbox 3054 3952 3204 4007; x_wconf 90' lang='lat' dir='ltr'><strong>Sicut</strong></span> <span class='ocrx_word' id='word_1_791' title='bbox 3242 3955 3385 4007; x_wconf 91' lang='lat' dir='ltr'><strong>enim</strong></span> <span class='ocrx_word' id='word_1_792' title='bbox 3427 3956 3711 4010; x_wconf 89' lang='lat' dir='ltr'><strong>inferiores</strong></span> 
     </span>
    </p>
   </div>
   <div class='ocr_carea' id='block_1_104' title="bbox 2134 4041 3710 4113">
    <p class='ocr_par' dir='ltr' id='par_1_104' title="bbox 2134 4041 3710 4113">
     <span class='ocr_line' id='line_1_104' title="bbox 2134 4041 3710 4113; baseline 0.003 -20"><span class='ocrx_word' id='word_1_793' title='bbox 2134 4050 2260 4093; x_wconf 92' lang='lat' dir='ltr'><strong>sunt</strong></span> <span class='ocrx_word' id='word_1_794' title='bbox 2293 4041 2508 4108; x_wconf 88' lang='lat' dir='ltr'><strong>regibus</strong></span> <span class='ocrx_word' id='word_1_795' title='bbox 2538 4052 2789 4110; x_wconf 63' lang='lat' dir='ltr'><strong>satrapte,</strong></span> <span class='ocrx_word' id='word_1_796' title='bbox 2822 4041 2890 4095; x_wconf 88' lang='lat' dir='ltr'><strong>ita</strong></span> <span class='ocrx_word' id='word_1_797' title='bbox 2927 4051 2982 4095; x_wconf 93' lang='lat' dir='ltr'><strong>et</strong></span> <span class='ocrx_word' id='word_1_798' title='bbox 3015 4043 3238 4098; x_wconf 89' lang='lat' dir='ltr'><strong>auribus</strong></span> <span class='ocrx_word' id='word_1_799' title='bbox 3265 4045 3546 4113; x_wconf 89' lang='lat' dir='ltr'><strong>percipere</strong></span> <span class='ocrx_word' id='word_1_800' title='bbox 3582 4046 3710 4098; x_wconf 81' lang='lat' dir='ltr'><strong>infe-</strong></span> 
     </span>
    </p>
   </div>
   <div class='ocr_carea' id='block_1_105' title="bbox 2134 4132 3709 4206">
    <p class='ocr_par' dir='ltr' id='par_1_105' title="bbox 2134 4132 3709 4206">
     <span class='ocr_line' id='line_1_105' title="bbox 2134 4132 3709 4206; baseline 0.003 -21"><span class='ocrx_word' id='word_1_801' title='bbox 2134 4132 2247 4185; x_wconf 91' lang='lat' dir='ltr'><strong>rius</strong></span> <span class='ocrx_word' id='word_1_802' title='bbox 2284 4133 2495 4186; x_wconf 89' lang='lat' dir='ltr'><strong>videtur</strong></span> <span class='ocrx_word' id='word_1_803' title='bbox 2524 4147 2644 4187; x_wconf 87' lang='lat' dir='ltr'><strong>esse</strong></span> <span class='ocrx_word' id='word_1_804' title='bbox 2686 4149 2849 4202; x_wconf 89' lang='lat' dir='ltr'><strong>quam</strong></span> <span class='ocrx_word' id='word_1_805' title='bbox 2904 4135 3108 4190; x_wconf 80' lang='lat' dir='ltr'><strong>audire.</strong></span> <span class='ocrx_word' id='word_1_806' title='bbox 3145 4136 3342 4190; x_wconf 80' lang='lat' dir='ltr'><strong>Audire</strong></span> <span class='ocrx_word' id='word_1_807' title='bbox 3387 4153 3623 4206; x_wconf 89' lang='lat' dir='ltr'><strong>nat-nque</strong></span> <span class='ocrx_word' id='word_1_808' title='bbox 3648 4140 3709 4190; x_wconf 85' lang='lat' dir='ltr'><strong>ad</strong></span> 
     </span>
    </p>
   </div>
   <div class='ocr_carea' id='block_1_106' title="bbox 2136 4224 3711 4293">
    <p class='ocr_par' dir='ltr' id='par_1_106' title="bbox 2136 4224 3711 4293">
     <span class='ocr_line' id='line_1_106' title="bbox 2136 4224 3711 4293; baseline 0.004 -17"><span class='ocrx_word' id='word_1_809' title='bbox 2136 4224 2448 4278; x_wconf 90' lang='lat' dir='ltr'><strong>interiorem</strong></span> <span class='ocrx_word' id='word_1_810' title='bbox 2489 4227 2724 4293; x_wconf 89' lang='lat' dir='ltr'><strong>pertinet</strong></span> <span class='ocrx_word' id='word_1_811' title='bbox 2765 4227 3058 4290; x_wconf 90' lang='lat' dir='ltr'><strong>hominem,</strong></span> <span class='ocrx_word' id='word_1_812' title='bbox 3093 4227 3231 4281; x_wconf 87' lang='lat' dir='ltr'><strong>sicut</strong></span> <span class='ocrx_word' id='word_1_813' title='bbox 3257 4237 3311 4281; x_wconf 93' lang='lat' dir='ltr'><strong>et</strong></span> <span class='ocrx_word' id='word_1_814' title='bbox 3345 4227 3603 4282; x_wconf 91' lang='lat' dir='ltr'><strong>Dominus</strong></span> <span class='ocrx_word' id='word_1_815' title='bbox 3631 4230 3711 4282; x_wconf 82' lang='lat' dir='ltr'><strong>di-</strong></span> 
     </span>
    </p>
   </div>
   <div class='ocr_carea' id='block_1_107' title="bbox 2133 4315 3712 4383">
    <p class='ocr_par' dir='ltr' id='par_1_107' title="bbox 2133 4315 3712 4383">
     <span class='ocr_line' id='line_1_107' title="bbox 2133 4315 3712 4383; baseline 0.004 -15"><span class='ocrx_word' id='word_1_816' title='bbox 2133 4315 2288 4368; x_wconf 90' lang='lat' dir='ltr'><strong>cebat</strong></span> <span class='ocrx_word' id='word_1_817' title='bbox 2309 4315 2422 4348; x_wconf 66' lang='lat'><strong>7&quot;&quot;</strong></span> <span class='ocrx_word' id='word_1_818' title='bbox 2447 4334 2457 4368; x_wconf 95' lang='lat'>:</span> <span class='ocrx_word' id='word_1_819' title='bbox 2489 4335 2505 4366; x_wconf 77' lang='grc' dir='ltr'>ι</span> <span class='ocrx_word' id='word_1_820' title='bbox 2532 4316 2632 4382; x_wconf 85' lang='lat' dir='ltr'><strong>Qui</strong></span> <span class='ocrx_word' id='word_1_821' title='bbox 2669 4317 2829 4371; x_wconf 90' lang='lat' dir='ltr'><strong>habet</strong></span> <span class='ocrx_word' id='word_1_822' title='bbox 2859 4333 3016 4373; x_wconf 90' lang='lat' dir='ltr'><strong>aures</strong></span> <span class='ocrx_word' id='word_1_823' title='bbox 3037 4318 3309 4383; x_wconf 89' lang='lat' dir='ltr'><strong>audiendi,</strong></span> <span class='ocrx_word' id='word_1_824' title='bbox 3334 4320 3537 4376; x_wconf 84' lang='lat' dir='ltr'><strong>audiat.</strong></span> <span class='ocrx_word' id='word_1_825' title='bbox 3566 4339 3586 4372; x_wconf 72' lang='grc' dir='ltr'><strong><em>ι</em></strong></span> <span class='ocrx_word' id='word_1_826' title='bbox 3606 4323 3712 4374; x_wconf 80' lang='lat' dir='ltr'><strong>Au-</strong></span> 
     </span>
    </p>
   </div>
   <div class='ocr_carea' id='block_1_108' title="bbox 2135 4409 3710 4480">
    <p class='ocr_par' dir='ltr' id='par_1_108' title="bbox 2135 4409 3710 4480">
     <span class='ocr_line' id='line_1_108' title="bbox 2135 4409 3710 4480; baseline 0.004 -20"><span class='ocrx_word' id='word_1_827' title='bbox 2135 4410 2285 4462; x_wconf 89' lang='lat' dir='ltr'><strong>ribus</strong></span> <span class='ocrx_word' id='word_1_828' title='bbox 2315 4424 2443 4462; x_wconf 87' lang='lat' dir='ltr'><strong>vero</strong></span> <span class='ocrx_word' id='word_1_829' title='bbox 2479 4409 2770 4478; x_wconf 88' lang='lat' dir='ltr'><strong>percipere,</strong></span> <span class='ocrx_word' id='word_1_830' title='bbox 2811 4409 2875 4462; x_wconf 88' lang='lat' dir='ltr'><strong>ad</strong></span> <span class='ocrx_word' id='word_1_831' title='bbox 2916 4411 3243 4464; x_wconf 87' lang='lat' dir='ltr'><strong>exteriorem</strong></span> <span class='ocrx_word' id='word_1_832' title='bbox 3287 4422 3342 4465; x_wconf 92' lang='lat' dir='ltr'><strong>et</strong></span> <span class='ocrx_word' id='word_1_833' title='bbox 3371 4414 3710 4480; x_wconf 90' lang='lat' dir='ltr'><strong>corporalem</strong></span> 
     </span>
    </p>
   </div>
   <div class='ocr_carea' id='block_1_109' title="bbox 2135 4501 3714 4572">
    <p class='ocr_par' dir='ltr' id='par_1_109' title="bbox 2135 4501 3714 4572">
     <span class='ocr_line' id='line_1_109' title="bbox 2135 4501 3714 4572; baseline 0.001 -16"><span class='ocrx_word' id='word_1_834' title='bbox 2135 4504 2370 4572; x_wconf 90' lang='lat' dir='ltr'><strong>pertinet</strong></span> <span class='ocrx_word' id='word_1_835' title='bbox 2403 4501 2666 4555; x_wconf 79' lang='lat' dir='ltr'><strong>auditum.</strong></span> <span class='ocrx_word' id='word_1_836' title='bbox 2703 4501 2826 4557; x_wconf 87' lang='lat' dir='ltr'><strong>ideo</strong></span> <span class='ocrx_word' id='word_1_837' title='bbox 2871 4516 3001 4572; x_wconf 88' lang='lat' dir='ltr'><strong>ergo</strong></span> <span class='ocrx_word' id='word_1_838' title='bbox 3048 4511 3103 4556; x_wconf 91' lang='lat' dir='ltr'><strong>et</strong></span> <span class='ocrx_word' id='word_1_839' title='bbox 3145 4502 3233 4556; x_wconf 89' lang='lat' dir='ltr'><strong>hic</strong></span> <span class='ocrx_word' id='word_1_840' title='bbox 3283 4503 3356 4556; x_wconf 93' lang='lat' dir='ltr'><strong>illi</strong></span> <span class='ocrx_word' id='word_1_841' title='bbox 3397 4504 3488 4572; x_wconf 92' lang='lat' dir='ltr'><strong>qui</strong></span> <span class='ocrx_word' id='word_1_842' title='bbox 3531 4506 3714 4558; x_wconf 90' lang='lat' dir='ltr'><strong>audite</strong></span> 
     </span>
    </p>
   </div>
   <div class='ocr_carea' id='block_1_110' title="bbox 2137 4593 3712 4664">
    <p class='ocr_par' dir='ltr' id='par_1_110' title="bbox 2137 4593 3712 4664">
     <span class='ocr_line' id='line_1_110' title="bbox 2137 4593 3712 4664; baseline -0.001 -14"><span class='ocrx_word' id='word_1_843' title='bbox 2137 4597 2401 4650; x_wconf 90' lang='lat' dir='ltr'><strong>deberent</strong></span> <span class='ocrx_word' id='word_1_844' title='bbox 2426 4609 2578 4664; x_wconf 89' lang='lat' dir='ltr'><strong>reges</strong></span> <span class='ocrx_word' id='word_1_845' title='bbox 2599 4593 2870 4658; x_wconf 90' lang='lat' dir='ltr'><strong>dicuntur,</strong></span> <span class='ocrx_word' id='word_1_846' title='bbox 2899 4596 2991 4662; x_wconf 83' lang='lat' dir='ltr'><strong>qui</strong></span> <span class='ocrx_word' id='word_1_847' title='bbox 3017 4609 3147 4649; x_wconf 90' lang='lat' dir='ltr'><strong>vero</strong></span> <span class='ocrx_word' id='word_1_848' title='bbox 3167 4594 3391 4649; x_wconf 90' lang='lat' dir='ltr'><strong>auribus</strong></span> <span class='ocrx_word' id='word_1_849' title='bbox 3417 4595 3712 4664; x_wconf 90' lang='lat' dir='ltr'><strong>percipere,</strong></span> 
     </span>
    </p>
   </div>
   <div class='ocr_carea' id='block_1_111' title="bbox 2137 4683 3714 4755">
    <p class='ocr_par' dir='ltr' id='par_1_111' title="bbox 2137 4683 3714 4755">
     <span class='ocr_line' id='line_1_111' title="bbox 2137 4683 3714 4755; baseline -0.001 -16"><span class='ocrx_word' id='word_1_850' title='bbox 2137 4697 2374 4754; x_wconf 70' lang='lat' dir='ltr'><strong>satrapa:</strong></span> <span class='ocrx_word' id='word_1_851' title='bbox 2401 4685 2760 4755; x_wconf 89' lang='lat' dir='ltr'><strong>appellantur.</strong></span> <span class='ocrx_word' id='word_1_852' title='bbox 2805 4703 2822 4735; x_wconf 77' lang='grc' dir='ltr'>ι</span> <span class='ocrx_word' id='word_1_853' title='bbox 2860 4683 2969 4754; x_wconf 83' lang='lat' dir='ltr'><strong>Ego</strong></span> <span class='ocrx_word' id='word_1_854' title='bbox 3011 4685 3236 4738; x_wconf 88' lang='lat' dir='ltr'><strong>Domino</strong></span> <span class='ocrx_word' id='word_1_855' title='bbox 3268 4686 3529 4751; x_wconf 74' lang='lat' dir='ltr'><strong>cantabo,</strong></span> <span class='ocrx_word' id='word_1_856' title='bbox 3573 4686 3714 4755; x_wconf 85' lang='lat' dir='ltr'><strong>psal-</strong></span> 
     </span>
    </p>
   </div>
   <div class='ocr_carea' id='block_1_112' title="bbox 2137 4773 3716 4846">
    <p class='ocr_par' dir='ltr' id='par_1_112' title="bbox 2137 4773 3716 4846">
     <span class='ocr_line' id='line_1_112' title="bbox 2137 4773 3716 4846; baseline 0.001 -16"><span class='ocrx_word' id='word_1_857' title='bbox 2137 4777 2244 4830; x_wconf 91' lang='lat' dir='ltr'><strong>lam</strong></span> <span class='ocrx_word' id='word_1_858' title='bbox 2300 4777 2409 4829; x_wconf 92' lang='lat' dir='ltr'><strong>Deo</strong></span> <span class='ocrx_word' id='word_1_859' title='bbox 2445 4775 2630 4830; x_wconf 88' lang='lat' dir='ltr'><strong>Israel.</strong></span> <span class='ocrx_word' id='word_1_860' title='bbox 2667 4794 2685 4826; x_wconf 75' lang='grc' dir='ltr'><strong><em>ι</em></strong></span> <span class='ocrx_word' id='word_1_861' title='bbox 2717 4773 2866 4829; x_wconf 87' lang='lat' dir='ltr'><strong>Beati</strong></span> <span class='ocrx_word' id='word_1_862' title='bbox 2912 4785 3038 4832; x_wconf 90' lang='lat' dir='ltr'><strong>sunt</strong></span> <span class='ocrx_word' id='word_1_863' title='bbox 3079 4777 3170 4846; x_wconf 93' lang='lat' dir='ltr'><strong>qui</strong></span> <span class='ocrx_word' id='word_1_864' title='bbox 3224 4788 3454 4844; x_wconf 90' lang='lat' dir='ltr'><strong>possunt</strong></span> <span class='ocrx_word' id='word_1_865' title='bbox 3495 4791 3716 4832; x_wconf 87' lang='lat' dir='ltr'><strong>cantare</strong></span> 
     </span>
    </p>
   </div>
   <div class='ocr_carea' id='block_1_113' title="bbox 2139 4866 3712 4936">
    <p class='ocr_par' dir='ltr' id='par_1_113' title="bbox 2139 4866 3712 4936">
     <span class='ocr_line' id='line_1_113' title="bbox 2139 4866 3712 4936; baseline -0.001 -15"><span class='ocrx_word' id='word_1_866' title='bbox 2139 4867 2409 4921; x_wconf 88' lang='lat' dir='ltr'><strong>canticum</strong></span> <span class='ocrx_word' id='word_1_867' title='bbox 2471 4866 2716 4920; x_wconf 91' lang='lat' dir='ltr'><strong>Domino.</strong></span> <span class='ocrx_word' id='word_1_868' title='bbox 2777 4867 2911 4922; x_wconf 85' lang='lat' dir='ltr'><strong>Cum</strong></span> <span class='ocrx_word' id='word_1_869' title='bbox 2964 4868 3204 4921; x_wconf 90' lang='lat' dir='ltr'><strong>redimus</strong></span> <span class='ocrx_word' id='word_1_870' title='bbox 3257 4867 3323 4920; x_wconf 90' lang='lat' dir='ltr'><strong>ad</strong></span> <span class='ocrx_word' id='word_1_871' title='bbox 3383 4867 3712 4936; x_wconf 86' lang='lat' dir='ltr'><strong>Scripturas,</strong></span> 
     </span>
    </p>
   </div>
   <div class='ocr_carea' id='block_1_114' title="bbox 2140 4957 3711 5014">
    <p class='ocr_par' dir='ltr' id='par_1_114' title="bbox 2140 4957 3711 5014">
     <span class='ocr_line' id='line_1_114' title="bbox 2140 4957 3711 5014; baseline -0.001 -2"><span class='ocrx_word' id='word_1_872' title='bbox 2140 4957 2308 5012; x_wconf 85' lang='lat' dir='ltr'><strong>multa</strong></span> <span class='ocrx_word' id='word_1_873' title='bbox 2337 4959 2545 5013; x_wconf 90' lang='lat' dir='ltr'><strong>cantica</strong></span> <span class='ocrx_word' id='word_1_874' title='bbox 2587 4959 2758 5012; x_wconf 89' lang='lat' dir='ltr'><strong>sacris</strong></span> <span class='ocrx_word' id='word_1_875' title='bbox 2797 4960 3050 5012; x_wconf 89' lang='lat' dir='ltr'><strong>mandata</strong></span> <span class='ocrx_word' id='word_1_876' title='bbox 3089 4960 3457 5014; x_wconf 89' lang='lat' dir='ltr'><strong>voluminibus</strong></span> <span class='ocrx_word' id='word_1_877' title='bbox 3506 4960 3711 5012; x_wconf 88' lang='lat' dir='ltr'><strong>inveni-</strong></span> 
     </span>
    </p>
   </div>
   <div class='ocr_carea' id='block_1_115' title="bbox 2138 5052 3711 5122">
    <p class='ocr_par' dir='ltr' id='par_1_115' title="bbox 2138 5052 3711 5122">
     <span class='ocr_line' id='line_1_115' title="bbox 2138 5052 3711 5122; baseline -0.003 -14"><span class='ocrx_word' id='word_1_878' title='bbox 2138 5068 2281 5108; x_wconf 87' lang='lat' dir='ltr'><strong>mus.</strong></span> <span class='ocrx_word' id='word_1_879' title='bbox 2317 5052 2589 5107; x_wconf 84' lang='lat' dir='ltr'><strong>llabemus</strong></span> <span class='ocrx_word' id='word_1_880' title='bbox 2623 5053 2890 5122; x_wconf 81' lang='lat' dir='ltr'><strong>integrum</strong></span> <span class='ocrx_word' id='word_1_881' title='bbox 2919 5052 3168 5108; x_wconf 87' lang='lat' dir='ltr'><strong>volumen</strong></span> <span class='ocrx_word' id='word_1_882' title='bbox 3208 5057 3273 5108; x_wconf 90' lang='lat' dir='ltr'><strong>de</strong></span> <span class='ocrx_word' id='word_1_883' title='bbox 3315 5053 3554 5108; x_wconf 89' lang='lat' dir='ltr'><strong>Canticis</strong></span> <span class='ocrx_word' id='word_1_884' title='bbox 3583 5069 3711 5106; x_wconf 88' lang='lat' dir='ltr'><strong>can-</strong></span> 
     </span>
    </p>
   </div>
   <div class='ocr_carea' id='block_1_116' title="bbox 2137 5142 3711 5212">
    <p class='ocr_par' dir='ltr' id='par_1_116' title="bbox 2137 5142 3711 5212">
     <span class='ocr_line' id='line_1_116' title="bbox 2137 5142 3711 5212; baseline -0.001 -15"><span class='ocrx_word' id='word_1_885' title='bbox 2137 5145 2365 5198; x_wconf 91' lang='lat' dir='ltr'><strong>ticorum</strong></span> <span class='ocrx_word' id='word_1_886' title='bbox 2408 5144 2692 5212; x_wconf 90' lang='lat' dir='ltr'><strong>scriptum.</strong></span> <span class='ocrx_word' id='word_1_887' title='bbox 2748 5143 2890 5198; x_wconf 89' lang='lat' dir='ltr'><strong>Ecce</strong></span> <span class='ocrx_word' id='word_1_888' title='bbox 2932 5152 2988 5197; x_wconf 90' lang='lat' dir='ltr'><strong>et</strong></span> <span class='ocrx_word' id='word_1_889' title='bbox 3037 5145 3088 5197; x_wconf 90' lang='lat' dir='ltr'><strong>in</strong></span> <span class='ocrx_word' id='word_1_890' title='bbox 3136 5146 3238 5198; x_wconf 85' lang='lat' dir='ltr'><strong>hoc</strong></span> <span class='ocrx_word' id='word_1_891' title='bbox 3285 5143 3424 5198; x_wconf 89' lang='lat' dir='ltr'><strong>libro</strong></span> <span class='ocrx_word' id='word_1_892' title='bbox 3468 5142 3711 5197; x_wconf 78' lang='lat' dir='ltr'><strong>Judicuzu</strong></span> 
     </span>
    </p>
   </div>
   <div class='ocr_carea' id='block_1_117' title="bbox 2139 5234 3711 5298">
    <p class='ocr_par' dir='ltr' id='par_1_117' title="bbox 2139 5234 3711 5298">
     <span class='ocr_line' id='line_1_117' title="bbox 2139 5234 3711 5298; baseline -0.002 -9"><span class='ocrx_word' id='word_1_893' title='bbox 2139 5235 2401 5290; x_wconf 90' lang='lat' dir='ltr'><strong>habemus</strong></span> <span class='ocrx_word' id='word_1_894' title='bbox 2443 5235 2746 5298; x_wconf 89' lang='lat' dir='ltr'><strong>canticum,</strong></span> <span class='ocrx_word' id='word_1_895' title='bbox 2788 5244 2844 5289; x_wconf 91' lang='lat' dir='ltr'><strong>et</strong></span> <span class='ocrx_word' id='word_1_896' title='bbox 2887 5236 2941 5288; x_wconf 89' lang='lat' dir='ltr'><strong>in</strong></span> <span class='ocrx_word' id='word_1_897' title='bbox 2979 5234 3229 5289; x_wconf 85' lang='lat' dir='ltr'><strong>Numeris</strong></span> <span class='ocrx_word' id='word_1_898' title='bbox 3260 5235 3532 5289; x_wconf 90' lang='lat' dir='ltr'><strong>canticum</strong></span> <span class='ocrx_word' id='word_1_899' title='bbox 3578 5234 3711 5288; x_wconf 85' lang='lat' dir='ltr'><strong>scri-</strong></span> 
     </span>
    </p>
   </div>
   <div class='ocr_carea' id='block_1_118' title="bbox 2139 5326 3713 5397">
    <p class='ocr_par' dir='ltr' id='par_1_118' title="bbox 2139 5326 3713 5397">
     <span class='ocr_line' id='line_1_118' title="bbox 2139 5326 3713 5397; baseline 0 -17"><span class='ocrx_word' id='word_1_900' title='bbox 2139 5337 2287 5397; x_wconf 91' lang='lat' dir='ltr'><strong>ptum</strong></span> <span class='ocrx_word' id='word_1_901' title='bbox 2315 5336 2420 5390; x_wconf 91' lang='lat' dir='ltr'><strong>est,</strong></span> <span class='ocrx_word' id='word_1_902' title='bbox 2450 5337 2506 5381; x_wconf 94' lang='lat' dir='ltr'><strong>et</strong></span> <span class='ocrx_word' id='word_1_903' title='bbox 2539 5328 2591 5380; x_wconf 93' lang='lat' dir='ltr'><strong>in</strong></span> <span class='ocrx_word' id='word_1_904' title='bbox 2625 5327 3076 5393; x_wconf 88' lang='lat' dir='ltr'><strong>Deuteronomio,</strong></span> <span class='ocrx_word' id='word_1_905' title='bbox 3113 5337 3168 5380; x_wconf 93' lang='lat' dir='ltr'><strong>et</strong></span> <span class='ocrx_word' id='word_1_906' title='bbox 3214 5329 3265 5380; x_wconf 94' lang='lat' dir='ltr'><strong>in</strong></span> <span class='ocrx_word' id='word_1_907' title='bbox 3311 5327 3528 5391; x_wconf 80' lang='lat' dir='ltr'><strong>Exodo,</strong></span> <span class='ocrx_word' id='word_1_908' title='bbox 3566 5335 3621 5380; x_wconf 91' lang='lat' dir='ltr'><strong>et</strong></span> <span class='ocrx_word' id='word_1_909' title='bbox 3663 5326 3713 5380; x_wconf 86' lang='lat' dir='ltr'><strong>in</strong></span> 
     </span>
    </p>
   </div>
   <div class='ocr_carea' id='block_1_119' title="bbox 2713 5437 3712 5508">
    <p class='ocr_par' dir='ltr' id='par_1_119' title="bbox 2713 5437 3712 5508">
     <span class='ocr_line' id='line_1_119' title="bbox 2713 5437 3712 5508; baseline 0 -16"><span class='ocrx_word' id='word_1_910' title='bbox 2713 5442 2758 5472; x_wconf 79' lang='grc'><strong>⁷³</strong></span> <span class='ocrx_word' id='word_1_911' title='bbox 2788 5441 2980 5508; x_wconf 81' lang='lat' dir='ltr'><strong>Ephes.</strong></span> <span class='ocrx_word' id='word_1_912' title='bbox 3020 5456 3096 5506; x_wconf 73' lang='lat' dir='ltr'><strong>Vl,</strong></span> <span class='ocrx_word' id='word_1_913' title='bbox 3126 5441 3211 5494; x_wconf 83' lang='lat' dir='ltr'><strong>ll.</strong></span> <span class='ocrx_word' id='word_1_914' title='bbox 3285 5439 3330 5471; x_wconf 86' lang='grc'>⁷⁸</span> <span class='ocrx_word' id='word_1_915' title='bbox 3364 5439 3498 5494; x_wconf 88' lang='lat' dir='ltr'><strong>ibid.</strong></span> <span class='ocrx_word' id='word_1_916' title='bbox 3531 5437 3712 5492; x_wconf 68' lang='lat'><strong>13-16.</strong></span> 
     </span>
    </p>
   </div>
   <div class='ocr_carea' id='block_1_120' title="bbox 2354 5510 2906 5575">
    <p class='ocr_par' dir='ltr' id='par_1_120' title="bbox 2354 5510 2906 5575">
     <span class='ocr_line' id='line_1_120' title="bbox 2354 5510 2906 5575; baseline 0 -10"><span class='ocrx_word' id='word_1_917' title='bbox 2354 5513 2472 5544; x_wconf 73' lang='grc'><strong>⁷⁸⁸⁷⁸</strong></span> <span class='ocrx_word' id='word_1_918' title='bbox 2495 5510 2684 5566; x_wconf 84' lang='lat' dir='ltr'><strong>Matth.</strong></span> <span class='ocrx_word' id='word_1_919' title='bbox 2711 5527 2789 5575; x_wconf 88' lang='lat' dir='ltr'><strong>xI,</strong></span> <span class='ocrx_word' id='word_1_920' title='bbox 2821 5511 2906 5565; x_wconf 76' lang='lat' dir='ltr'><strong>l5.</strong></span> 
     </span>
    </p>
   </div>
   <div class='ocr_carea' id='block_1_121' title="bbox 2193 5622 3712 5698">
    <p class='ocr_par' dir='ltr' id='par_1_121' title="bbox 2193 5622 3712 5698">
     <span class='ocr_line' id='line_1_121' title="bbox 2193 5622 3712 5698; baseline -0.003 -19"><span class='ocrx_word' id='word_1_921' title='bbox 2193 5627 2305 5698; x_wconf 69' lang='grc' dir='ltr'><strong>(τὲ.)</strong></span> <span class='ocrx_word' id='word_1_922' title='bbox 2350 5626 2497 5680; x_wconf 81' lang='lat' dir='ltr'><strong>Velut</strong></span> <span class='ocrx_word' id='word_1_923' title='bbox 2531 5627 2625 5679; x_wconf 78' lang='lat' dir='ltr'><strong>sub</strong></span> <span class='ocrx_word' id='word_1_924' title='bbox 2660 5625 2761 5679; x_wconf 81' lang='lat' dir='ltr'><strong>alis</strong></span> <span class='ocrx_word' id='word_1_925' title='bbox 2793 5625 3128 5678; x_wconf 78' lang='lat' dir='ltr'><strong>laetantium.</strong></span> <span class='ocrx_word' id='word_1_926' title='bbox 3177 5624 3299 5678; x_wconf 65' lang='lat' dir='ltr'><strong>llaec</strong></span> <span class='ocrx_word' id='word_1_927' title='bbox 3337 5622 3712 5678; x_wconf 75' lang='lat' dir='ltr'><strong>desiderantur</strong></span> 
     </span>
    </p>
   </div>
   <div class='ocr_carea' id='block_1_122' title="bbox 2138 5697 3431 5759">
    <p class='ocr_par' dir='ltr' id='par_1_122' title="bbox 2138 5697 3431 5759">
     <span class='ocr_line' id='line_1_122' title="bbox 2138 5697 3431 5759; baseline -0.005 -7"><span class='ocrx_word' id='word_1_928' title='bbox 2138 5697 2387 5752; x_wconf 81' lang='lat' dir='ltr'><strong>inlibris</strong></span> <span class='ocrx_word' id='word_1_929' title='bbox 2422 5707 2578 5752; x_wconf 85' lang='lat' dir='ltr'><strong>antea</strong></span> <span class='ocrx_word' id='word_1_930' title='bbox 2619 5699 2796 5759; x_wconf 87' lang='lat' dir='ltr'><strong>editis,</strong></span> <span class='ocrx_word' id='word_1_931' title='bbox 2841 5697 2933 5751; x_wconf 87' lang='lat' dir='ltr'><strong>sed</strong></span> <span class='ocrx_word' id='word_1_932' title='bbox 2964 5706 3179 5750; x_wconf 83' lang='lat' dir='ltr'><strong>exstant</strong></span> <span class='ocrx_word' id='word_1_933' title='bbox 3213 5700 3264 5748; x_wconf 89' lang='lat' dir='ltr'><strong>in</strong></span> <span class='ocrx_word' id='word_1_934' title='bbox 3298 5711 3431 5748; x_wconf 87' lang='lat' dir='ltr'><strong>mss.</strong></span> 
     </span>
    </p>
   </div>
  </div>
