4046 6152
317 225 414 284 97⁸1

1377 233 1444 289 ΙΝ
1483 236 1743 293 LIBRUM
1775 236 1853 292 Π]
1869 234 2082 290 DICUM
2110 235 2396 291 IIOMILIA
2417 236 2530 291 VII.

3460 219 3568 299 973

319 347 483 418 primo
525 345 838 418 Regnorum
879 350 1034 406 libro.
1087 353 1146 406 In
1191 355 1365 421 primo
1411 357 1573 410 etiam
1612 355 1890 423 Paralipo-
1919 358 1966 410 Α
1993 354 2188 409 sedens
2215 370 2378 424 super
2404 357 2614 411 asinam
2640 354 3067 424 resplendentem
3094 358 3376 415 Dominum
3415 362 3572 416 bene-

319 454 526 503 menon,
584 449 640 494 et
699 441 753 495 in
795 441 918 497 allis
976 443 1158 500 multis
1216 446 1348 501 locis
1393 448 1636 503 invenies
1677 449 1885 502 cantica

319 534 488 587 divina
509 548 632 589 esse
661 534 948 603 descripta.
971 524 1058 590 Ait
1082 554 1212 609 ergo
1234 541 1347 595 haec
1372 556 1472 594 vox
1493 541 1624 606 justi
1656 558 1670 593 :
1704 559 1722 592 ι
1756 541 1868 610 Ego

318 625 540 681 Domino
585 627 847 694 cantabo,
903 629 1126 696 psallam
1170 631 1278 685 Deo
1320 630 1505 686 Israel.
1565 649 1584 682 ι
1617 630 1748 697 Quis
1786 645 1887 700 pu-

321 725 395 770 tas
435 718 509 770 ita
549 732 766 774 canora:
798 723 944 776 vocis
983 732 1088 786 est,
1119 731 1173 775 et
1214 722 1288 776 ita
1329 724 1550 791 Spiritus
1582 724 1702 793 puri
1733 738 1886 776 men-

291 807 492 871 ,tisque
517 809 764 872 sincerae,
800 823 859 865 ut
887 813 999 880 (75)
1023 813 1291 868 cantilena
1326 815 1446 883 ejus
1482 815 1718 868 divinum
1745 815 1890 870 dele-

318 907 462 952 ctare
494 901 666 968 possit
691 901 969 956 auditum?
1004 903 1096 958 Ille
1133 905 1375 974 profecto
1417 916 1520 970 est,
1561 909 1648 973 qui
1682 907 1885 961 nullum

321 1002 538 1044 raucum
573 991 734 1046 habet
771 994 822 1046 in
847 1009 906 1049 se
932 997 1138 1063 peccati
1178 1011 1390 1062 sonum,
1416 999 1506 1066 qui
1553 999 1683 1053 nihil
1715 999 1887 1054 oﬂ‘eu-

318 1080 488 1135 sionis
517 1081 568 1134 in
601 1082 803 1152 lingua,
831 1085 964 1139 nihil
1004 1087 1381 1142 crassitudinis
1415 1088 1467 1141 in
1506 1088 1696 1156 spiritu
1725 1091 1885 1159 gerit,

319 1176 403 1230 ille
441 1182 620 1245 potest
644 1179 832 1234 dicere
857 1197 870 1233 :
900 1198 920 1231 ι
961 1181 1072 1250 Ego
1113 1181 1340 1237 Domino
1381 1185 1630 1247 cantabo,
1665 1184 1885 1253 psallam

317 1265 426 1323 Deo
449 1269 640 1326 Israel.
673 1291 692 1322 ι

383 1361 435 1414 4.
463 1361 662 1417 Verum
685 1365 810 1432 quia
840 1365 1302 1421 continuationem
1327 1367 1524 1420 cantici
1551 1380 1648 1436 per
1677 1367 1888 1436 singula

317 1468 420 1508 non
453 1456 794 1511 occurrimus
824 1457 1117 1526 explicare,
1151 1457 1527 1526 interpolaudo
1567 1459 1755 1514 saltem
1805 1475 1889 1514 se-

315 1545 446 1599 riem
499 1546 770 1610 lectionis,
818 1549 1094 1605 videamus
1123 1551 1250 1619 quid
1281 1560 1365 1604 cst
1400 1551 1542 1619 quod
1569 1551 1700 1606 dicit
1722 1552 1836 1585 ⁸οο⁸¹
1872 1571 1884 1606 :

319 1655 337 1687 ι
373 1637 480 1692 Cor
503 1654 680 1694 meum
709 1640 776 1693 ad
803 1654 866 1694 ea
891 1657 1010 1710 qua:
1037 1643 1296 1712 disposita
1331 1656 1458 1698 sunt
1489 1645 1614 1699 huic
1647 1645 1830 1699 Israel.
1863 1666 1882 1698 ι

315 1727 425 1782 Hoc
454 1730 613 1783 modo
637 1731 848 1785 videtur
877 1732 1020 1800 quod
1047 1733 1178 1787 dicit
1207 1749 1220 1786 :
1245 1735 1352 1789 Cor
1383 1753 1579 1802 meum,
1598 1747 1652 1792 et
1677 1738 1887 1792 animus

316 1835 484 1885 ruens,
508 1831 562 1877 et
591 1837 786 1878 sensus
813 1839 984 1890 meus,
1013 1835 1066 1880 et
1089 1836 1198 1881 tota
1233 1843 1385 1883 mens
1414 1844 1530 1882 mea
1560 1833 1625 1885 ad
1652 1829 1779 1884 illud
1807 1831 1888 1884 in-

315 1913 505 1977 tendit,
551 1921 606 1966 et
646 1914 777 1969 illud
823 1917 1080 1984 prospicit
1125 1918 1267 1984 quod
1321 1921 1642 1988 dispositum
1695 1932 1800 1984 est,
1835 1932 1890 1975 et

311 2003 451 2070 quod
483 2017 838 2072 przrparatum
869 2017 952 2062 est
987 2009 1148 2062 Israel
1177 2027 1191 2063 :
1228 2009 1355 2064 illud
1396 2019 1502 2065 tota
1539 2024 1720 2067 mente
1757 2030 1885 2081 pro-

310 2093 482 2160 spicio
504 2095 648 2162 quod
676 2095 916 2152 futurum
947 2109 1047 2152 est.
1077 2100 1133 2154 Si
1167 2103 1310 2155 enim
1345 2105 1410 2156 ad
1444 2103 1570 2157 illud
1606 2105 1888 2159 intendere

312 2185 574 2249 animum,
610 2187 790 2242 omnia
833 2204 956 2258 qua:
999 2193 1050 2245 in
1110 2193 1211 2247 hoc
1266 2195 1465 2248 mundo
1516 2205 1660 2257 sunt,
1694 2195 1885 2250 ducam

317 2291 338 2326 ι
400 2285 748 2342 utstercora,
793 2289 850 2334 ut
893 2281 1170 2336 Christum
1217 2283 1553 2339 lucrifaciam
1605 2286 1674 2350 ⁸³,
1729 2305 1748 2338 ι
1795 2288 1886 2356 qui

314 2369 636 2437 przeparavit
664 2369 752 2423 illa
781 2374 960 2426 omnia
1005 2389 1123 2443 quze
1156 2393 1174 2426 ι
1206 2376 1393 2430 oculus
1443 2391 1547 2430 non
1592 2378 1744 2444 vidit,
1789 2394 1888 2434 nec

315 2459 460 2511 auris
497 2460 725 2525 audivit,
765 2477 862 2516 nec
893 2463 944 2517 in
990 2480 1084 2518 cor
1115 2466 1346 2522 hominis
1387 2468 1649 2532 ascendit,
1678 2470 1746 2524 iis
1794 2471 1885 2538 qui

314 2548 540 2616 diligunt
569 2564 690 2603 eum
717 2551 782 2608 ⁸³.
825 2571 845 2604 ι
879 2553 986 2608 Cor
1036 2570 1188 2625 ergo,
1231 2557 1441 2627 inquit,
1475 2574 1651 2614 meum
1697 2561 1763 2615 ad
1795 2561 1885 2615 illa

314 2643 644 2696 extenditur.
692 2643 805 2698 Non
840 2647 982 2700 enim
1036 2650 1211 2703 adhuc
1258 2651 1552 2705 humanum
1594 2668 1692 2706 cor
1734 2669 1884 2724 gero,

318 2748 492 2802 neque
526 2751 645 2805 quae
671 2740 872 2807 cogito,
913 2742 1207 2816 secundum
1237 2744 1507 2799 hominem
1546 2747 1754 2815 cogito;
1793 2750 1887 2801 sed

316 2827 440 2893 quia
468 2831 762 2884 secundum
818 2831 1153 2901 Scripturam
1198 2835 1232 2888 ii
1281 2838 1346 2890 ad
1395 2853 1530 2906 quos
1561 2853 1742 2893 sermo
1790 2840 1886 2894 Dei

318 2921 398 2987 fit,
423 2923 495 2976 dii
521 2933 665 2990 sunt,
694 2941 792 2980 nec
816 2942 917 2997 ego
946 2929 1060 2983 haec
1091 2929 1346 2995 humana,
1377 2935 1472 2987 sed
1494 2933 1676 2987 divina
1708 2943 1888 2989 mente

317 3016 604 3083 prospicio.

385 3110 549 3182 472
595 3112 647 3167 5.
703 3130 722 3164 ι
787 3113 1040 3171 Potentes
1084 3117 1299 3186 populi,
1350 3119 1656 3175 henedicite
1705 3121 1888 3175 Domi-

296 3218 469 3269 num,
506 3205 596 3270 qui
639 3207 962 3262 ascendistis
1001 3223 1166 3277 super
1199 3209 1441 3278 jumenta
1472 3211 1540 3266 ⁸³.
1584 3231 1604 3264 ι
1642 3212 1778 3279 Quid
1807 3223 1893 3267 est

318 3296 628 3351 ascendisse
651 3315 814 3367 super
843 3300 1183 3367 jumentum?
1211 3303 1414 3372 Corpus
1455 3305 1558 3358 hoc
1589 3321 1765 3359 meum
1803 3308 1888 3375 ju-

318 3397 561 3450 mentum
589 3399 673 3443 est
707 3408 720 3444 :
753 3391 820 3444 ad
853 3392 1220 3460 adjumeutum
1259 3396 1401 3449 enim
1447 3405 1500 3450 et
1537 3398 1602 3450 ad
1645 3399 1888 3453 ministe-

317 3482 454 3535 rium
494 3483 679 3536 datum
707 3493 828 3539 est:
870 3501 969 3553 ego
1016 3497 1193 3540 autem
1238 3503 1380 3552 sum,
1436 3491 1488 3544 id
1542 3501 1627 3545 εει
1670 3493 1893 3546 interior

317 3573 502 3638 homo,
537 3575 628 3642 qui
662 3575 878 3629 asceudi
919 3590 1081 3646 super
1127 3577 1428 3643 jumentum
1475 3581 1596 3644 hoc,
1643 3584 1727 3637 cui
1762 3585 1894 3637 dici-

318 3674 428 3730 tur,
457 3676 517 3720 ut
549 3667 862 3724 benedicam
899 3668 1205 3726 Dominum.
1249 3673 1304 3728 Si
1352 3689 1480 3742 ergo
1532 3690 1660 3730 vere
1700 3693 1891 3732 ascen—

316 3759 441 3814 disti
473 3774 635 3827 supra
664 3777 880 3831 corpus,
910 3771 964 3815 et
993 3766 1237 3832 superior
1264 3763 1488 3821 clfectus
1520 3770 1894 3838 corporalibus

316 3851 618 3916 desideriis,
668 3863 724 3908 et
771 3867 947 3910 motus
1004 3858 1248 3924 corporis
1292 3859 1364 3911 tui
1415 3859 1565 3914 freno
1611 3865 1808 3918 mentis
1840 3874 1896 3919 et

314 3942 597 3998 interioris
655 3945 891 4000 hominis
957 3947 1323 4002 moderamine
1378 3951 1770 4019 gubernantur,
1829 3956 1894 4009 de

318 4043 370 4089 te
398 4035 624 4100 dicitur,
646 4038 770 4106 quia
801 4040 1094 4093 ascendisti
1125 4055 1288 4109 super
1310 4041 1612 4108 jumentum
1645 4047 1769 4112 hoc,
1805 4047 1891 4100 cui

317 4128 540 4194 dicitur,
590 4140 650 4185 ut
703 4133 994 4186 benedicas
1050 4133 1354 4188 Dominum.
1409 4135 1546 4202 Quid
1586 4147 1764 4192 autem
1810 4151 1893 4196 cst

314 4223 460 4293 quod
492 4225 773 4292 sequitur?
805 4253 824 4277 ι
865 4225 1040 4293 Super
1087 4226 1353 4293 vehicula,
1385 4227 1560 4296 inquit
1601 4230 1671 4294 ⁸⁸,
1697 4234 1892 4286 seden-

317 4322 425 4379 tes,
448 4326 506 4370 et
530 4332 694 4385 super
735 4319 915 4372 asinas
968 4316 1313 4385 refulgentes.
1349 4336 1367 4366 ι
1396 4317 1532 4383 Quid
1576 4321 1678 4375 sibi
1708 4324 1895 4378 viden-

1990 447 2188 512 dicere,
2219 457 2272 503 et
2309 450 2364 502 in
2404 449 2579 504 medio
2623 449 2915 504 laetantium
2965 450 3184 506 laudare
3219 453 3406 510 Deum.
3439 473 3456 503 ‹
3492 453 3563 508 Ibi

1989 537 2193 593 dabunt
2243 541 2481 609 justitias
2526 541 2753 594 Domino
2779 542 2850 595 ⁸⁸.
2887 560 2906 592 ι
2943 541 3280 598 Sacriﬁcium
3334 546 3566 600 Domino

1989 630 2119 684 illud
2151 640 2234 686 est
2274 631 2624 700 acccptabile,
2664 633 2804 702 quod
2855 636 2906 688 in
2941 633 3151 702 justitia
3191 637 3416 691 offertur
3455 638 3564 692 Do-

1989 721 2136 776 mino
2167 731 2221 776 et
2258 726 2528 792 aequitate.
2577 725 2643 778 Et
2686 725 2806 779 ideo
2854 726 3115 780 dicitur"
3145 750 3156 784 :
3187 746 3205 778 ι
3242 727 3382 783 Justi
3432 744 3564 783 c0u~

1991 811 2170 867 fortati
2196 823 2320 868 sunt
2343 819 2394 869 in
2421 815 2600 870 Israel.
2638 835 2655 866 >
2688 815 2744 869 1η
2776 816 2897 870 aliis
2921 818 3138 884 quidem
3171 820 3442 887 gent-ibus,
3469 823 3558 890 qui

1989 906 2231 974 corporis
2255 907 2447 962 robore
2481 908 2731 964 fortiores
2759 922 2902 975 sunt,
2932 911 3004 964 illi
3041 920 3288 979 potentes
3313 914 3562 966 dicuntur

1989 995 2041 1050 in
2071 997 2254 1066 prmlio
2285 1019 2295 1052 :
2326 998 2375 1051 in
2413 998 2573 1054 Israel
2605 1015 2732 1053 vero
2759 1002 2848 1068 qui
2869 1001 3126 1070 justiores
3169 1011 3312 1066 sunt,
3340 1003 3436 1071 ipsi
3467 1020 3533 1072 po

1993 1089 2257 1144 tentiores
2293 1089 2549 1144 dicuntur
2604 1091 2656 1144 in
2705 1091 2860 1147 bellis
2893 1111 2905 1145 :
2938 1092 3061 1160 quia
3102 1093 3311 1162 justitia
3349 1096 3559 1150 etiamsi

1989 1181 2194 1235 viribus
2238 1182 2452 1235 infirma
2485 1182 2579 1246 sit,
2611 1185 2778 1238 vincit
2800 1201 2814 1238 :
2838 1183 3094 1251 injustitia
3125 1201 3272 1247 vero,
3297 1187 3397 1240 etsi
3425 1188 3561 1239 mul-

1991 1283 2074 1328 tos
2113 1284 2167 1327 et
2209 1274 2412 1330 validos
2458 1286 2784 1345 pugnatores
2833 1278 3060 1341 habeat,
3102 1288 3409 1346 superatur.
3466 1275 3558 1330 Sic

1991 1365 2152 1432 igitur
2179 1365 2228 1417 iu
2255 1365 2354 1419 hac
2381 1375 2538 1434 gente
2567 1377 2769 1429 nostra,
2810 1367 2860 1420 id
2901 1377 2982 1421 est
3013 1368 3065 1420 in
3097 1368 3290 1437 populo
3321 1369 3434 1432 Dei,
3467 1383 3562 1436 per

1985 1457 2246 1526 justitiam
2303 1472 2661 1528 superamus,
2717 1467 2809 1512 aut
2864 1475 2961 1530 per
3018 1459 3335 1529 injustitiam
3387 1457 3559 1513 vinci-

1991 1565 2129 1601 IIIUI‘.

2061 1641 2112 1694 6.
2142 1660 2161 1691 ι
2203 1641 2465 1710 Exsurge,
2509 1643 2752 1697 Debbora
2777 1684 2790 1707 ,
2843 1659 3072 1714 exsurge
3099 1652 3152 1697 et
3183 1644 3380 1698 suscita
3425 1645 3558 1698 dem

1992 1729 2154 1786 millia
2178 1734 2761 1804 populi”.»Prophetia
2787 1737 3002 1802 quando
3024 1736 3263 1805 exsurgit
3279 1736 3302 1788 ?
3318 1733 3562 1789 Profecto

1989 1825 2040 1878 in
2068 1825 2297 1879 adventu
2329 1825 2543 1880 Domini
2575 1845 2588 1881 :
2615 1837 2670 1881 et
2699 1844 2802 1881 non
2834 1829 3004 1881 solum
3035 1829 3148 1896 ipsa
3177 1831 3436 1898 exsurgit,
3466 1829 3559 1882 sed

1987 1927 2041 1970 et
2074 1918 2297 1986 populos
2335 1920 2564 1974 suscitat
2596 1921 2661 1974 ad
2711 1921 3060 1975 credendum.
3089 1940 3107 1972 ι
3149 1922 3427 1988 Captivam
3461 1921 3561 1973 du-

1987 2011 2096 2064 cito
2113 2011 2500 2080 captivitatem,
2523 2013 2594 2066 fili
2616 2013 2876 2068 Abinoem
2892 2015 2956 2066 ⁸9.
2974 2033 2992 2065 ι
3012 2014 3272 2068 Abinoem
3298 2014 3562 2079 responsio

1986 2105 2154 2170 patris
2196 2105 2584 2174 interpretatur
2617 2105 2749 2173 (74).
2791 2107 2959 2177 IIujus
3006 2108 3147 2161 filius
3194 2115 3277 2159 cst
3331 2105 3560 2158 Baracln.

1988 2195 2360 2264 Captivitatem
2389 2199 2456 2253 de
2484 2201 2722 2254 hostibus
2754 2201 2952 2268 capiet,
2981 2202 3068 2269 qui
3107 2199 3344 2254 cmlestis
3385 2198 3562 2251 Patris

1989 2303 2243 2357 responsa
2271 2291 2591 2345 servaverit.
2624 2309 2641 2340 ι
2677 2289 2924 2353 Domine,
2963 2289 3180 2342 humilia
3220 2289 3348 2342 mihi
3375 2287 3563 2342 fortio-

1991 2395 2078 2433 res
2101 2396 2184 2435 me
2207 2382 2275 2436 9°.
2311 2400 2330 2432 ι
2363 2381 2472 2436 Vox
2498 2383 2598 2436 ista
2628 2382 2864 2437 fidelium
2891 2392 2992 2445 est,
3025 2383 3395 2436 confitentium
3432 2382 3563 2433 sim-

1989 2471 2202 2540 pliciter
2228 2471 2480 2528 fortiores
2504 2490 2624 2529 esse
2649 2475 2896 2528 inimicos
2931 2489 3078 2538 suos,
3105 2475 3388 2528 adversum
3429 2486 3564 2540 quos

1990 2564 2144 2618 nobis
2180 2582 2354 2636 pugna
2400 2575 2452 2620 et
2492 2576 2763 2621 certamen
2805 2576 2888 2622 est
2923 2584 2937 2619 :
2983 2565 3108 2634 quia
3145 2580 3249 2618 non
3289 2572 3374 2617 est
3410 2561 3563 2617 nobis

1989 2673 2164 2726 pugna
2202 2661 2460 2714 adversus
2489 2675 2709 2716 carnem
2735 2672 2788 2715 et
2814 2661 3152 2730 sanguinem.
3177 2656 3427 2726 Alioquin
3457 2671 3562 2709 non

1988 2761 2131 2807 esset
2167 2754 2320 2808 nobis
2352 2755 2542 2809 fortior
2572 2753 2933 2808 adversarius.
2965 2752 3070 2806 Sed
3101 2749 3353 2820 quoniam
3377 2750 3564 2802 adver-

1989 2860 2108 2899 sum
2142 2847 2478 2915 principatus
2507 2855 2562 2900 ct
2610 2855 2923 2915 potestates,
2965 2853 3019 2898 et
3056 2845 3339 2899 adversum
3377 2841 3560 2894 mundi

1989 2938 2149 3008 hujus
2187 2948 2424 2994 rectores
2472 2939 2836 3002 tenebrarum,
2867 2947 2923 2991 et
2960 2937 3242 2991 adversum
3292 2935 3560 3004 spiritalia

1914 3049 1955 3106 ρ
1991 3032 2242 3101 nequitia:
2297 3039 2379 3086 cst
2440 3031 2742 3095 luctamen,
2804 3030 3004 3087 idcirco
3065 3028 3196 3084 dicit
3246 3029 3562 3098 prepheta:

1995 3142 2014 3176 ι
2046 3125 2302 3188 Domine,
2352 3125 2573 3179 qunilia
2621 3125 2749 3178 milii
2799 3123 3054 3179 fortiores
3100 3136 3203 3174 me.
3238 3120 3562 3187 )QllomOdO

1990 3220 2134 3273 enim
2159 3234 2264 3273 non
2291 3218 2406 3272 haec
2431 3227 2577 3272 tanta
2611 3219 2896 3287 spirituum
2919 3218 3020 3280 vis,
3041 3217 3197 3286 longe
3220 3215 3290 3270 sit
3331 3216 3564 3269 humana

1991 3311 2280 3381 fragilitate
2320 3310 2731 3364 vehementior?
2779 3309 2884 3364 Sed
2935 3309 2986 3363 in
3035 3323 3100 3362 eo
3151 3308 3290 3360 Deus
3345 3305 3568 3373 adjuvat

1993 3403 2356 3456 infirmitatem
2403 3410 2675 3465 nostram,
2721 3400 2772 3454 in
2827 3415 2933 3469 quo
2977 3399 3111 3454 dicit
3150 3398 3437 3466 Apostolus
3466 3394 3512 3428 ⁹¹
3549 3413 3563 3448 :

1996 3515 2014 3546 ι
2057 3495 2247 3550 Omnia
2281 3509 2498 3564 possum
2529 3495 2578 3547 in
2611 3508 2675 3547 eo
2705 3492 2796 3560 qui
2824 3507 2909 3546 me
2949 3491 3239 3552 confortat,
3273 3508 3292 3542 ι
3323 3488 3562 3543 Christo.

1993 3587 2128 3641 Sunt
2153 3587 2268 3639 istae
2294 3586 2509 3654 quidem
2555 3585 2785 3638 virtutes
2832 3582 3084 3636 fortiores
3119 3581 3310 3634 nobis:
3343 3579 3436 3633 sed
3469 3579 3567 3631 ite-

1994 3687 2109 3730 rum
2141 3677 2230 3745 qui
2257 3677 2306 3729 in
2333 3675 2488 3729 nobis
2528 3684 2610 3728 est
2640 3673 2907 3735 Christus,
2943 3682 2998 3724 et
3020 3670 3296 3725 confortat
3334 3684 3455 3734 nos,
3486 3677 3569 3722 est

1990 3768 2229 3823 oniuium
2265 3765 2487 3830 fortior;
2531 3765 2615 3818 cui
2653 3774 2737 3819 est
2777 3764 2945 3834 gloria
2976 3774 3030 3817 et
3065 3763 3348 3831 imperi-ce:
3387 3761 3438 3815 in
3475 3776 3568 3816 sa:-

1993 3862 2111 3915 cula
2149 3859 2487 3914 saeculorum.
2521 3859 2712 3911 Amen.

2559 3971 2843 4028 IIOMILIA
2882 3968 2995 4026 VII.

1993 4066 2069 4121 De
2109 4083 2167 4120 eo
2211 4066 2348 4136 quod
2400 4064 2814 4186 translaliMsugt
2873 4061 2973 4128 ﬁlii
3029 4059 3202 4114 Israel
3260 4061 3316 4112 in
3379 4073 3567 4110 "ianus

2720 4151 2749 4186 a
2793 4147 2901 4184 tan.

2720 4147 2901 4186 autan.

2067 4231 2116 4283 1.
2139 4228 2382 4296 Quiescit
2413 4235 2556 4281 terra
2585 4225 2755 4278 donec
2782 4221 3008 4292 quiescit
3035 4229 3338 4291 peccatum.
3366 4219 3565 4272 llloveri

1997 4332 2176 4376 autem
2206 4322 2406 4376 dicitur
2427 4328 2590 4383 terra,
2623 4316 2724 4370 hoc
2745 4324 2851 4378 est,
2876 4314 2910 4366 ii
2941 4314 3031 4382 qui
3059 4314 3304 4366 habitant
3339 4321 3565 4372 terram,

317 4422 406 4465 tur
439 4426 560 4464 esse
587 4410 751 4464 asina:
801 4408 1164 4479 refulgentes?
1217 4410 1355 4464 Dicit
1397 4416 1540 4468 enim
1589 4417 1888 4485 Scriptura,
1925 4400 1968 4454 υ
1999 4432 2118 4469 cmn
2141 4414 2351 4468 animas
2380 4411 2655 4466 hominum
2689 4422 2906 4462 movere
2934 4405 3232 4473 cmperint,
3275 4412 3328 4457 et
3359 4411 3569 4470 pertur-

316 4505 442 4571 quia
477 4512 724 4572 oporteat
756 4503 1075 4558 benedicere
1104 4503 1390 4558 Dominqu
1433 4520 1526 4561 cos
1574 4508 1664 4577 qui
1697 4509 1891 4565 sedent

317 4610 482 4663 super
533 4597 777 4650 vehicula
825 4608 880 4652 et
929 4615 1092 4666 super
1141 4602 1321 4655 asinas
1369 4601 1717 4671 refulgentes.
1764 4604 1887 4658 Mihi

315 4690 466 4742 velut
511 4689 562 4744 in
607 4691 744 4746 locis
790 4693 864 4746 ita
913 4691 1215 4747 dillicilibus
1255 4695 1360 4748 tale
1401 4695 1602 4764 aliquid
1632 4697 1884 4751 videtur:

317 4801 438 4838 cum
462 4784 764 4851 jumentum
799 4789 924 4854 hoc,
957 4788 1007 4842 id
1051 4797 1134 4843 est
1170 4804 1368 4860 corpus
1405 4803 1603 4851 meum,
1633 4789 1731 4842 sub
1761 4789 1891 4858 jugo

318 4879 527 4931 venerit
550 4881 698 4934 verbi
735 4880 843 4944 Dei,
880 4893 1007 4936 tunc
1045 4882 1346 4937 vehiculum
1379 4881 1621 4950 corporis
1653 4881 1754 4934 mei
1803 4897 1892 4935 re-

316 4967 602 5035 splendere
631 4968 881 5039 incipiet;
929 4982 984 5026 et
1030 4972 1181 5026 asina
1221 4972 1355 5038 IltBC,
1390 4972 1441 5024 ..⁸
1476 4980 1558 5024 εει
1593 4986 1720 5024 caro
1753 4987 1891 5037 mea,

320 5071 448 5115 tunc
483 5062 752 5133 refulgere
780 5065 1008 5126 dicetur,
1049 5081 1169 5119 cum
1214 5065 1480 5118 castitatis
1519 5079 1582 5117 ac
1621 5064 1894 5133 pudicitiae

320 5154 483 5211 fuerit
508 5155 793 5223 splendore
814 5158 1089 5212 decorata.
1120 5155 1185 5209 Et
1212 5155 1284 5208 ita
1311 5165 1457 5210 recte
1485 5155 1678 5210 dicitur
1710 5156 1892 5210 anima

1999 4509 2129 4562 bare
2161 4515 2402 4576 peccata.
2435 4503 2504 4556 Et
2549 4502 2671 4556 ideo
2703 4499 2961 4568 scriptum
2994 4508 3077 4550 est
3123 4497 3223 4550 hoc
3258 4496 3398 4564 quod
3427 4510 3569 4547 nunc

1997 4615 2234 4670 przesens
2266 4597 2424 4651 lectio
2448 4595 2710 4652 continet.
2746 4610 2766 4644 ι
2801 4593 2866 4646 Ει
2889 4591 3112 4660 quievit,
3142 4589 3399 4657 inquit”,
3425 4596 3567 4640 terra

1996 4689 2352 4758 quadraginta
2384 4688 2562 4743 annis.
2594 4687 2658 4738 Et
2681 4685 2924 4756 fecerunt
2953 4682 3043 4736 lilii
3080 4683 3242 4736 Israel
3273 4679 3567 4749 malignum

1998 4783 2050 4836 in
2084 4791 2372 4847 conspectu
2409 4778 2639 4841 Domini,
2665 4785 2716 4830 et
2752 4775 2972 4829 tradidit
3010 4789 3102 4827 cos
3137 4774 3186 4826 in
3234 4788 3424 4825 manus
3459 4773 3571 4823 fila-

1996 4876 2120 4929 diau
2169 4873 2325 4926 anuis
2369 4879 2594 4939 septem,
2641 4879 2692 4924 ct
2743 4869 2970 4922 invaluit
3014 4866 3220 4921 Madinn
3275 4881 3436 4932 super
3489 4865 3568 4918 Is-

1998 4968 2110 5022 rael
2140 4964 2204 5020 ³⁸.
2245 4986 2263 5018 ι
2300 4967 2429 5020 Dum
2476 4974 2619 5020 esset
2662 4979 2791 5033 ergo
2827 4962 3033 5033 justitia
3072 4963 3124 5013 in
3175 4971 3344 5023 terra,
3392 4959 3444 5011 id
3487 4969 3571 5011 est

1998 5063 2051 5114 in
2087 5062 2153 5115 iis
2184 5060 2274 5129 qui
2314 5059 2559 5113 habitant
2606 5067 2826 5119 terram,
2855 5055 3124 5123 quievisse
3156 5053 3351 5106 dicitur
3383 5061 3564 5115 terra;

1999 5168 2118 5208 cum
2150 5169 2277 5208 vero
2313 5153 2542 5208 increvit
2570 5150 2846 5218 iniquitas,
2888 5158 2943 5201 et
2986 5146 3231 5202 fecerunt
3269 5146 3377 5218 (75)
3411 5146 3568 5198 mali-

386 5319 650 5375 lW-“Jud.
681 5319 805 5384 v,9.
869 5322 913 5352 3’
945 5320 1250 5382 Phil.lll,8.
1303 5319 1530 5376 ⁸³1601³.
1556 5319 1684 5382 ΙΙ,9-
1741 5319 1888 5374 ⁸⁸³11(

1990 5361 1995 5382 ,
2029 5319 2082 5378 9.
2118 5319 2200 5373 10.
2263 5319 2309 5351 ⁸⁸
2337 5316 2464 5370 ibid.
2488 5317 2574 5370 10.
2631 5314 2678 5347 ⁸⁸
2698 5315 2826 5369 ibid.
2852 5314 2935 5367 11.
2997 5315 3190 5370 3"ibid.
3251 5313 3296 5345 ⁵⁸
3321 5312 3450 5366 ibid.
3481 5313 3564 5366 1'3.

319 5391 364 5421 ⁸⁸
403 5393 532 5444 ibid.
607 5391 654 5424 ⁹⁰
684 5393 814 5447 ibid.
848 5393 934 5448 15.
1007 5394 1051 5424 ⁹¹
1083 5392 1276 5460 Philip.
1299 5405 1373 5457 Iv,
1405 5391 1493 5445 15.

392 5484 505 5566 (75)
537 5483 628 5540 Sic
647 5501 787 5566 _ms_s.
822 5485 966 5540 Libri
997 5502 1125 5541 vero
1155 5486 1308 5551 editi,
1331 5504 1348 5537 ι
1385 5486 1457 5539 ita
1494 5483 1718 5553 spiritus
1746 5500 1896 5554 pum

320 5558 537 5618 mentis,
567 5558 660 5622 qui
696 5559 908 5611 sincere
938 5569 1118 5619 canat,
1152 5567 1227 5609 nt.
1272 5575 1290 5607 ι

393 5626 506 5696 (Ἠ)
536 5627 782 5680 Abinoem
835 5627 1102 5697 responsio
1145 5627 1308 5692 patris
1359 5626 1747 5697 fraterpretalur.
1779 5625 1892 5679 Me-

323 5697 430 5754 lius
495 5708 835 5764 verteretur,
887 5696 923 5749 ι
969 5698 1255 5753 animulas
1319 5696 1528 5766 patris,
1580 5716 1601 5749 ι
1674 5699 1740 5753 ab
1787 5705 1894 5760 an:

1567 5392 1612 5420 ³³
1641 5387 1764 5444 Jud.
1799 5408 1851 5457 ν,
1884 5393 1972 5448 5'2.

2048 5391 2093 5424 ’³
2119 5390 2322 5452 .Ιιι(1.ν1,
2354 5389 2407 5442 1.

2006 5503 2026 5536 ι
2072 5485 2382 5557 animnitas,
2429 5500 2448 5557 ρ
2488 5491 2541 5535 et
2568 5494 2646 5557 εις
2679 5499 2698 5531 ‹
2735 5487 2904 5557 pater.
2946 5497 2964 5528 ι
3215 5550 3230 5557 _

2074 5556 2185 5627 (75)
2220 5554 2343 5619 Ms.,
2375 5572 2393 5604 ι
2432 5547 2777 5627 increvit”...
2830 5552 3090 5605 fecerunt.
3152 5568 3170 5601 ι
3213 5548 3366 5604 Lihb.
3414 5547 3572 5614 editi,

2013 5643 2028 5659 ν
2067 5621 2448 5682 εὐριενετίι....
2485 5621 2740 5678 fecerint.
2773 5639 2802 5673 ›-
