4046 6152
471 224 578 282 979

1918 215 2236 277 ORIGENIS

3611 212 3729 273 980

472 357 640 416 gnum
678 345 728 399 in
761 353 1053 414 conspectu
1086 340 1325 408 Domini,
1352 362 1372 396 ι
1410 352 1539 399 tunc
1580 342 1818 405 tradidit,
1859 339 2051 407 inquit,
2083 335 2131 392 Α
2158 333 2388 392 libenter
2415 337 2690 403 ascendat,
2729 338 3028 408 depereunt
3063 337 3244 393 Omnia
3271 352 3393 408 quae
3419 338 3573 406 prius
3601 337 3721 395 fue-

469 442 571 492 eos
622 435 881 490 Dominus
931 436 982 487 in
1045 450 1235 489 manus
1293 434 1505 488 Madian
1556 435 1709 488 anuis
1746 441 1972 502 septem.
2020 449 2039 482 ι

475 528 587 581 Nec
616 527 870 579 dicuntur
914 526 1208 581 invaluisse
1248 525 1553 579 Madianitre
1600 539 1760 595 super
1793 522 2045 594 populum

475 616 710 681 Domini,
752 619 925 673 donec
976 630 1246 690 praecepta
1293 620 1504 674 Domini
1539 618 1765 688 populus
1811 615 2048 670 custodi-

471 713 570 766 vit.
601 712 733 766 Cum
770 728 899 768 vero
929 713 1203 784 negligere
1234 713 1399 779 cmpit
1434 712 1684 766 mandata
1725 709 1928 773 divina,
1960 721 2050 761 ro-

474 805 684 857 bustior
711 813 765 857 et
791 804 1020 860 validior
1049 803 1240 860 effecta
1266 816 1347 858 est
1369 804 1631 859 adversus
1660 818 1782 857 eum
1807 803 2043 857 hostium

475 911 687 950 manus.
726 896 792 951 Et
832 896 1118 953 adversum
1159 899 1375 966 quidem
1423 896 1571 950 illum
1604 897 1839 966 priorem
1877 910 2047 964 popu-

475 979 585 1041 lum
626 984 935 1058 corporales
974 990 1324 1060 insurgebant
1363 990 1580 1055 hostes,
1624 1005 1747 1043 cum
1786 989 2044 1057 deliquis-

476 1091 595 1147 set;
629 1081 912 1136 adversum
942 1096 1040 1136 nos
1069 1093 1271 1142 autem.
1302 1082 1392 1152 qui
1423 1081 1586 1136 Israel
1618 1081 1910 1136 secundum
1935 1080 2047 1150 spi-

474 1172 639 1225 ritum
681 1171 792 1244 (76)
831 1173 1095 1241 dicimur,
1159 1174 1420 1241 spiritalis
1472 1175 1590 1228 sine
1654 1171 1819 1227 dubio
1875 1173 2048 1226 hostis

478 1264 733 1335 insurgit,
789 1275 845 1320 et
896 1280 1018 1320 cum
1072 1267 1320 1321 mandata
1373 1265 1467 1321 Dei
1518 1264 1870 1335 negligimus,
1922 1280 2045 1319 cum

473 1356 751 1411 Christum
785 1357 1201 1435 contemnimus,
1228 1356 1461 1411 validior
1488 1357 1774 1411 adversum
1808 1371 1905 1410 nos
1937 1370 2047 1409 ma-

473 1459 575 1503 nus
612 1450 914 1504 daemonum
940 1449 1170 1504 efﬁcitur
1205 1468 1218 1504 :
1251 1459 1305 1504 et
1335 1450 1599 1504 tradimur
1620 1449 1783 1505 etiam
1818 1464 1915 1502 nos
1947 1448 2048 1501 ini-

473 1542 653 1605 micis,
681 1557 803 1597 cum
836 1543 1140 1598 deserimur
1168 1559 1196 1597 a
1233 1545 1431 1614 gratia.

542 1633 597 1686 2.
631 1631 739 1687 Sed
773 1633 1051 1688 videamus
1075 1633 1202 1701 quid
1233 1635 1429 1689 accidit
1453 1635 1552 1700 eis,
1584 1633 1677 1703 qui
1710 1631 1892 1687 traditi
1923 1639 2048 1684 sunt

473 1737 570 1793 pro
602 1725 839 1793 peccatis
869 1726 999 1780 suis.
1043 1743 1063 1776 ι
1096 1725 1161 1779 Ει
1203 1725 1491 1796 fugerunt,
1544 1725 1721 1793 inquit
1745 1724 1814 1788 ⁸⁸,
1848 1724 1938 1776 lilii
1974 1722 2050 1777 ls-

474 1818 585 1871 rael
620 1833 651 1872 a
680 1818 817 1874 facie
844 1816 1053 1871 Madian
1081 1832 1176 1885 per
1202 1827 1349 1887 septa
1379 1818 1430 1872 in
1465 1818 1829 1883 montibus,et
1852 1817 1902 1869 in
1927 1828 2051 1883 spe-

469 1898 669 1975 Iuncis,
686 1916 740 1964 et
761 1909 814 1963 in
846 1910 1275 1976 munitionibus;
1300 1918 1350 1964 et
1379 1907 1716 1965 efficiebatur
1743 1924 1865 1961 cum
1899 1907 2054 1961 semi-

470 2009 659 2056 nasset
683 2002 767 2055 vir
798 2000 985 2067 Israel,
1011 2002 1374 2056 ascendebant
1401 1999 1610 2056 Madian
1645 2009 1700 2055 et
1726 1998 1967 2064 Amalec,
1997 2006 2053 2052 et

473 2090 566 2146 lilii
593 2092 830 2149 Orientis
858 2108 1024 2163 super
1052 2108 1165 2160 eos,
1190 2102 1244 2148 et
1265 2094 1717 2162 superveniebant
1748 2092 1848 2157 eis,
1874 2100 1927 2146 et
1951 2104 2051 2145 ex-

394 2224 397 2225 ν
472 2186 833 2255 terminabant
850 2202 1039 2241 omnes
1065 2185 1271 2241 fructus
1299 2194 1481 2246 terrae.
1500 2198 1778 2255 usquequo
1801 2182 2051 2254 perveni-

469 2286 623 2331 retur
644 2278 694 2330 in
719 2276 943 2333 Gazam.
966 2296 984 2329 ι
1005 2278 1128 2334 lImc
1142 2278 1355 2347 quidem
1375 2278 1802 2348 patiebaturille,
1818 2277 1909 2347 qui
1933 2285 2051 2331 erat

468 2369 767 2424 secundum
804 2384 1023 2425 carnem
1070 2369 1254 2426 Israel.
1310 2370 1627 2426 Seminabat
1676 2381 1907 2435 terram,
1950 2370 2046 2425 sed

468 2461 723 2529 quoniam
742 2476 841 2532 pro
859 2462 1095 2531 peccatis
1112 2464 1224 2519 suis
1250 2464 1478 2518 traditus
1501 2472 1619 2517 erat
1646 2463 2048 2533 insurgentibus

469 2546 739 2616 inimicis,
780 2568 882 2625 pro
918 2552 1163 2624 frugibus
1195 2556 1595 2624 corruptionem
1635 2556 1889 2611 metebat.
1934 2552 2046 2609 No-

468 2636 555 2700 bis
579 2659 709 2699 vero
729 2644 821 2715 qui
847 2645 1143 2701 secundum
1180 2647 1429 2716 spiritum
1473 2648 1638 2703 Israel
1681 2648 2043 2713 nominamur,

471 2737 600 2804 quid
630 2738 738 2794 tale
759 2738 1004 2793 accidere
1042 2748 1219 2806 potest
1255 2740 1679 2793 consideremus.
1713 2739 1805 2793 Est
1829 2739 2046 2807 quando

476 2820 635 2902 $.73
667 2830 1017 2894 seminamus,
1060 2838 1111 2884 ct
1144 2846 1248 2886 nou
1280 2826 1507 2899 possunt
1555 2830 1759 2885 inimici
1793 2845 2042 2884 corrum-

469 2928 603 2989 pere
635 2921 842 2975 semina
878 2935 999 2989 qua:
1026 2920 1380 2985 seminamus,
1408 2937 1514 2974 non
1555 2929 1785 2991 possunt
1816 2921 1930 2989 apri
1963 2922 2044 2972 iu-

2150 439 2273 486 rant
2305 431 2358 485 in
2399 431 2596 486 horreo
2627 431 2977 486 conscientia:
3021 442 3372 500 congregata.
3414 430 3714 497 Propterea

2149 538 2277 594 ergo
2310 523 2605 594 Scriptura:
2636 532 2842 579 sancite
2876 526 3032 579 nobis
3065 523 3333 580 servanda
3363 524 3715 577 commonitio

2148 626 2233 672 est
2264 618 2495 674 dicentis
2514 619 2562 651 9°
2591 636 2605 673 :
2643 636 2663 671 ι
2688 617 2845 674 Omni
2878 619 3123 673 custodia
3161 632 3318 672 serva
3360 625 3510 670 tuum
3549 630 3659 672 cor.
3689 632 3714 669 ι

2148 706 2576 763 Custodiendum
2618 717 2704 763 est
2742 707 2905 776 igitur
2930 722 3035 783 'cor
3082 709 3151 760 ab
3182 707 3327 761 omni
3376 715 3620 776 peccato,
3660 713 3718 761 et

2147 799 2417 869 praecipue
2465 800 2522 854 in
2562 806 2805 867 tempore
2851 798 3266 869 persecutionis.
3320 796 3377 853 Si
3436 797 3523 851 cui
3569 798 3713 852 enim

2149 893 2384 958 accidat,
2415 900 2475 947 ut
2522 892 2576 947 in
2623 888 2805 961 aliquo
2859 892 3073 960 quidem
3129 903 3372 960 tempore
3418 901 3716 962 congreget

2147 985 2359 1041 fructus
2386 985 2635 1056 iustitiae,
2676 985 2964 1053 conquirat
2996 998 3156 1051 opera
3188 982 3475 1048 virtutum,
3513 992 3568 1037 et
3598 998 3717 1037 om-
3750 977 3757 980 ’

2148 1078 2311 1134 nibus
2353 1093 2412 1133 se
2442 1079 2849 1149 probatissimis
2888 1077 3101 1134 excolat
3131 1076 3453 1145 disciplinis,
3500 1077 3554 1130 in
3585 1091 3710 1146 per—

2148 1170 2446 1226 secutionis
2485 1186 2618 1225 vero
2651 1181 2897 1240 tempore
2943 1170 3171 1240 deneget
3209 1168 3396 1232 ﬁdem,
3436 1169 3542 1223 iste
3582 1182 3710 1222 con-

2148 1263 2263 1318 dita
2305 1263 2483 1318 omnia
2551 1262 2877 1329 evacuavit,
2928 1276 2993 1317 ex
3057 1258 3712 1316 omnibusvfacultatibus

2147 1355 2260 1410 suis
2291 1355 2465 1409 nudus
2495 1362 2722 1423 repente
2763 1363 2817 1412 et
2845 1353 3022 1408 inanis
3059 1348 3284 1407 eﬂ'ectus
3314 1359 3417 1414 est,
3455 1349 3584 1419 quia
3624 1351 3716 1406 diu

2148 1447 2440 1516 quaesitus,
2491 1455 2546 1500 et
2595 1445 2763 1501 multo
2806 1446 2897 1502 vix
2945 1445 3133 1499 labore
3184 1444 3484 1507 collectus,
3538 1442 3717 1497 subito

2147 1541 2325 1595 omnis
2354 1538 2556 1595 eﬁ'usus
2584 1549 2669 1595 est
2698 1540 2852 1595 labor
2876 1556 2891 1593 :
2925 1549 2980 1594 et
3013 1539 3156 1593 sicut
3187 1538 3323 1593 dicit
3353 1538 3623 1609 propheta
3645 1534 3711 1603 ⁸⁷,

2156 1650 2175 1683 ι
2203 1648 2391 1689 omnes
2419 1632 2645 1703 iustitiae
2681 1630 2797 1700 ejus
2822 1646 2958 1701 quas
2996 1629 3146 1695 fecit,
3177 1643 3287 1683 non
3324 1641 3718 1685 commemora-

2156 1726 2421 1781 buntur.»
2466 1724 2761 1795 Propterea
2801 1739 2958 1794 ergo,
2978 1722 3198 1783 fratres,
3222 1722 3579 1791 deprecemur
3619 1718 3718 1772 Do.

2155 1818 2358 1873 minum
2389 1817 2708 1874 confitentes
2732 1817 2779 1871 ei
2812 1815 3183 1870 infirmitatem
3219 1824 3488 1877 nostram,
3524 1826 3594 1867 ne
3623 1826 3719 1865 nos

2155 1912 2332 1965 tradat
2363 1910 2417 1965 in
2450 1925 2640 1965 manus
2673 1907 2906 1971 Madian,
2938 1922 3003 1964 ne
3030 1907 3209 1962 tradat
3247 1906 3439 1961 bestiis
3477 1905 3717 1958 animam

2154 1998 2496 2054 confitentem
2528 1997 2652 2062 sibi,
2681 2012 2749 2050 ne
2789 2010 2889 2051 nos
2914 1996 3092 2049 tradat
3121 1995 3174 2047 in
3218 2007 3407 2049 manus
3437 2002 3720 2062 potentum

2151 2104 2342 2145 eorum
2370 2090 2464 2160 qui
2496 2089 2701 2156 dicunt,
2728 2088 2957 2155 Quando
2986 2088 3165 2144 veniet
3209 2097 3418 2157 tempus
3466 2096 3526 2140 ut
3563 2087 3720 2141 detur

2150 2184 2306 2239 nobis
2345 2192 2583 2253 potestas
2632 2184 2886 2239 adversus
2922 2182 3284 2248 Christianos,
3318 2182 3540 2251 quando
3600 2191 3718 2235 tra-

2150 2277 2348 2333 dentur
2375 2277 2426 2331 in
2457 2292 2648 2331 manus
2677 2284 2889 2331 nostras
2921 2275 3011 2330 isti
3045 2272 3138 2344 qui
3169 2290 3226 2328 se
3261 2275 3446 2329 dicunt
3486 2275 3717 2342 habere,

2148 2369 2231 2424 vel
2267 2384 2427 2426 nosse
2463 2370 2668 2424 Deum?
2701 2368 2854 2436 Quod
2884 2379 2939 2423 et
2983 2370 3027 2424 si
3066 2368 3365 2434 tradamur,
3405 2377 3461 2423 et
3492 2382 3720 2438 accepe«

2150 2464 2261 2517 rint
2292 2471 2617 2531 potestatem
2652 2462 2843 2525 nostri,
2869 2475 3086 2516 oremus
3117 2460 3362 2529 accipere
3391 2476 3421 2513 a
3462 2459 3574 2514 Deo
3606 2461 3715 2514 vir-

2152 2563 2342 2621 tutem,
2376 2564 2434 2608 ut
2465 2554 2738 2610 sustinere
2763 2554 3072 2625 possimus:
3101 2563 3156 2607 ut
3185 2564 3237 2606 et
3272 2552 3402 2608 fides
3436 2563 3619 2607 nostra
3661 2554 3714 2608 in

2149 2647 2415 2716 pressuris
2445 2655 2500 2701 et
2529 2645 2984 2701 tribulationibus
3011 2645 3213 2700 clarior
3251 2645 3364 2709 fiat,
3395 2653 3453 2696 ut
3494 2659 3589 2713 per
3617 2658 3715 2712 pa-

2148 2741 2391 2794 tientiam
2422 2746 2663 2793 nostram
2698 2737 2913 2793 illorum
2943 2744 3226 2807 superetur
3254 2736 3606 2806 impudentia,
3634 2745 3711 2800 et,

2147 2835 2289 2888 sicut
2317 2832 2454 2886 dixit
2478 2831 2760 2896 Dominus,
2787 2831 2841 2885 in
2869 2843 3054 2885 nosua
3079 2829 3337 2899 patientia
3367 2829 3712 2897 acquiramus

2146 2925 2363 2978 animas
2412 2933 2632 2976 noStras
2670 2920 2716 2952 ’⁸
2759 2920 2933 2988 :quia
2996 2938 3015 2971 ι
3062 2918 3341 2973 tribulatio
3398 2917 3710 2987 patientiam

470 3011 659 3066 sidiari
713 3011 938 3067 culturae
972 3020 1207 3064 nostrae:
1245 3021 1327 3064 est
1373 3021 1553 3066 autem
1603 3013 1827 3081 quando
1875 3011 2042 3065 semi-
2070 3016 2112 3072 C
2145 3024 2416 3083 operatur,
2452 3012 2714 3082 patientia
2741 3026 2871 3065 vero
2910 3012 3311 3081 probationem,
3345 3010 3593 3080 probatio
3618 3023 3711 3062 au-

468 3114 665 3157 namus
706 3110 761 3155 et
805 3111 1227 3169 corrumpuntur
1270 3117 1390 3170 quae
1445 3103 1795 3157 seminamus.
1844 3104 2040 3157 Paulus

469 3207 569 3248 nos
605 3193 881 3262 apostolus
910 3193 975 3248 de
1004 3193 1104 3246 hac
1145 3194 1446 3248 seminandi
1480 3195 1675 3249 doceat
1716 3195 2039 3251 differentia.

467 3276 607 3340 Audi
637 3297 766 3351 ergo
796 3278 912 3352 ipse
938 3283 1064 3352 quid
1096 3282 1224 3336 dicit
1251 3299 1266 3336 :
1300 3302 1319 3333 ι
1349 3282 1449 3349 Qui
1474 3285 1731 3351 seminat,
1759 3286 1935 3353 inquit
1970 3284 2039 3351 ³⁸,

466 3374 524 3430 in
565 3387 751 3439 carne,
778 3373 843 3428 de
869 3388 1031 3429 carne
1065 3381 1232 3427 metet
1276 3374 1702 3442 corruptionem.
1736 3375 1805 3431 Et
1832 3379 1923 3446 qui
1958 3394 2042 3433 se-

468 3463 641 3519 minat
667 3464 719 3516 iu
749 3462 960 3528 spiritu,
988 3465 1053 3519 de
1079 3461 1270 3533 spiritu
1304 3473 1472 3517 metet
1500 3463 1663 3518 vitam
1703 3476 1987 3520 aeternam.
2016 3486 2034 3519 ι

470 3548 563 3611 isti
599 3569 726 3611 sunt
770 3572 922 3627 ergo,
958 3571 1188 3627 quorum
1224 3556 1428 3611 semina
1462 3550 1769 3613 Madianitae
1800 3572 2040 3613 corrum-

471 3657 640 3720 punt,
692 3651 784 3721 qui
837 3651 889 3707 in
943 3665 1109 3707 carne
1162 3651 1450 3705 seminam.
1499 3649 1590 3704 Isti
1641 3661 1765 3707 sunt
1810 3667 2039 3721 quorum

471 3733 682 3797 fruetus
726 3746 1260 3810 exlerminantur,et
1294 3752 1542 3810 pereunt.
1591 3742 1682 3798 Illa
1732 3755 1909 3799 autem
1953 3761 2041 3799 se-

468 3829 640 3901 mina,
669 3851 790 3906 quae
819 3837 870 3890 in
904 3838 1096 3905 spiritu
1145 3837 1501 3903 seminantur,
1530 3853 1636 3892 non
1671 3848 1899 3907 possunt
1924 3837 2038 3892 Ma-

468 3929 687 3984 dianitaa
713 3944 1083 4002 corrumpere.
1113 3930 1227 3985 Non
1261 3932 1406 3986 enim
1447 3940 1675 4002 possunt
1711 3932 2039 3988 adversariae

465 4034 761 4096 potestates
801 4028 1096 4083 ascendere
1139 4029 1204 4081 ad
1247 4026 1519 4096 spiritales
1568 4041 1811 4096 campos,
1840 4035 1895 4081 et
1937 4042 2037 4081 no-

463 4110 602 4166 valia
636 4109 860 4183 spiritus
906 4122 1172 4169 temerare
1221 4128 1411 4169 eorum
1460 4110 1550 4183 qui
1605 4130 1712 4170 non
1761 4118 2036 4171 seminant

466 4215 629 4271 super
679 4203 893 4272 spinas,
934 4203 1026 4257 sed
1075 4204 1337 4257 inuovant
1394 4201 1496 4257 sibi
1553 4202 1808 4257 novalia:
1841 4204 1935 4259 sed
1984 4214 2039 4258 et

466 4286 596 4351 illud
632 4294 935 4350 addendum
966 4302 1087 4349 est:
1121 4295 1241 4349 volo
1287 4296 1431 4349 enim
1460 4304 1514 4348 et
1544 4295 1809 4362 meipsum
1861 4296 2036 4351 vobis-

2145 3115 2250 3158 tetn
2280 3120 2428 3174 spem
2452 3104 2521 3160 9°.
2546 3123 2566 3155 ι
2603 3102 2879 3158 Pertendit
2910 3103 3052 3157 enim
3096 3111 3285 3157 nostra
3320 3101 3571 3171 probatio
3604 3114 3706 3154 non

2142 3210 2311 3263 usque
2342 3195 2408 3249 ad
2441 3193 2667 3248 verbera
2697 3193 2895 3256 solum,
2924 3192 3015 3247 sed
3046 3204 3217 3260 usque
3240 3193 3305 3244 ad
3340 3189 3705 3260 profusionem

2140 3288 2419 3357 sanguinis
2452 3287 2737 3356 pervenit:
2770 3284 2896 3354 quia
2942 3292 2997 3339 et
3024 3282 3275 3337 Christus
3320 3295 3482 3351 quem
3526 3281 3708 3351 sequi-

2142 3395 2283 3442 mur,
2331 3394 2428 3449 pro
2483 3375 2850 3446 redemptione
2905 3381 3089 3429 nostra
3146 3370 3337 3427 effudit
3393 3373 3707 3443 sanguinem

2142 3487 2321 3537 suum,
2354 3480 2410 3525 ut
2445 3470 2571 3524 inde
2614 3482 2876 3523 exeamus
2904 3465 2998 3521 loti
3045 3464 3310 3534 sanguine
3352 3477 3561 3520 nOStro.
3599 3462 3698 3517 Ba-

2141 3565 2336 3634 ptisma
2359 3564 2504 3617 enim
2535 3559 2816 3631 sanguinis
2850 3557 3022 3614 solum
3045 3565 3128 3610 est
3151 3557 3293 3624 quod
3337 3570 3438 3611 nos
3464 3556 3706 3625 puriores

2141 3656 2367 3720 reddat,
2418 3668 2580 3723 quam
2633 3666 2789 3722 aquae
2841 3650 3142 3718 baptistuus
3195 3644 3451 3702 reddidit.
3496 3644 3564 3698 Et
3607 3646 3707 3699 hoc

2138 3766 2237 3822 ego
2282 3765 2384 3804 non
2434 3762 2739 3815 praesumo,
2794 3745 2886 3799 sed
2934 3742 3212 3809 Scriptura
3249 3737 3456 3803 refert,
3501 3739 3708 3793 dicente

2138 3843 2363 3898 Domino
2399 3841 2464 3894 ad
2508 3837 2796 3906 discipulos
2826 3837 2843 3868 ¹
2872 3854 2885 3891 :
2920 3855 2938 3887 ι
2973 3834 3298 3901 Baptismum
3334 3831 3511 3887 habeo
3545 3829 3707 3898 bapti-

2139 3950 2264 3992 zare
2292 3933 2434 4003 quod
2464 3946 2560 3986 vos
2594 3929 2834 3985 nescitis.
2873 3928 2939 3982 Et
2967 3932 3235 3998 quomodo
3274 3940 3471 3996 urgeor
3499 3933 3558 3979 ut
3590 3938 3708 3994 pero

2138 4026 2393 4084 ﬁciatur?
2423 4044 2442 4077 ι
2474 4022 2641 4078 Vides
2675 4036 2806 4092 ergo
2860 4021 2986 4091 quia
3024 4020 3394 4090 profusionem
3439 4015 3713 4088 sanguinis

2138 4122 2219 4175 sui
2253 4117 2520 4187 baptisma
2554 4113 2873 4170 nominavit.
2914 4112 2982 4166 Et
3014 4128 3081 4167 ne
3131 4114 3233 4167 ista
3277 4113 3464 4167 dicens
3487 4151 3502 4174 ,
3548 4108 3713 4167 offert-

2138 4214 2283 4277 dam,
2321 4222 2509 4265 vereor
2538 4222 2606 4262 ne
2646 4206 2789 4260 istud
2827 4205 3090 4276 baptisma
3131 4205 3467 4261 eminentius
3497 4205 3577 4284 .sit
3625 4201 3712 4257 illo

2137 4304 2461 4373 baptismate
2505 4303 2646 4370 quod
2674 4316 2772 4370 per
2803 4315 2997 4371 aquam
3048 4300 3301 4354 traditur.
3329 4300 3423 4355 Illo
3451 4299 3598 4354 enim
3625 4314 3715 4353 ac-

464 4398 589 4442 cunt
626 4388 829 4457 pariter
878 4400 1229 4441 commonere
1274 4387 1342 4442 de
1390 4386 1600 4442 cautela
1649 4388 1936 4455 seminum,
1982 4399 2037 4444 et
2068 4376 2114 4432 θ
2144 4407 2320 4466 cepto,
2355 4394 2510 4449 valde
2538 4392 2694 4462 pauci
2722 4402 2846 4447 sunt
2887 4392 2960 4445 ita
2995 4390 3164 4455 beati,
3197 4392 3286 4459 qui
3316 4391 3366 4445 id
3398 4391 3712 4447 immacula—

466 4480 792 4546 spiritallum
823 4472 1094 4535 fructuum
1119 4475 1414 4547 diligentia.
1444 4478 1788 4552 Frequenter
1813 4485 2033 4552 accidit,

465 4580 526 4623 ut
577 4570 775 4640 aliquis
830 4571 884 4625 in
940 4584 1105 4638 opere
1175 4569 1403 4638 spiritali
1465 4577 1689 4630 multum
1743 4577 2033 4645 desudans,

462 4658 673 4715 fructus
704 4660 1136 4730 quamplurimas
1169 4660 1379 4726 fecerit,
1416 4671 1470 4715 et
1504 4665 1790 4734 repleverit
1838 4668 2032 4723 horrea

463 4770 559 4810 sua
589 4752 814 4822 iustitiae
850 4752 1116 4823 frugibus,
1162 4763 1218 4807 et
1247 4752 1415 4808 multa
1456 4752 1600 4822 bona
1638 4774 1801 4828 opera
1840 4774 2033 4814 rectm-

461 4848 662 4902 diderit
696 4848 749 4901 in
793 4848 1139 4902 conscientia:
1179 4861 1291 4902 suae
1338 4847 1579 4903 conclavi
1622 4867 1636 4905 :
1674 4863 1862 4922 postea
1901 4868 2031 4909 vero

462 4941 511 4994 si
553 4939 811 5009 negligat,
854 4948 908 4992 et
953 4950 1079 5007 post
1122 4939 1364 4994 laborem
1418 4940 1715 5009 proclivius
1762 4944 1829 4997 ad
1873 4946 2029 4999 voln-

463 5039 639 5100 ptates
686 5042 742 5084 et
777 5028 1023 5084 luxurias
1053 5035 1270 5099 vergat,
1318 5031 1499 5084 omnia
1542 5033 1590 5085 ei
1645 5033 1907 5088 bonorum
1947 5051 2033 5089 se-

464 5124 644 5189 mina,
683 5118 904 5177 fructns
956 5124 1133 5179 sancti
1199 5123 1382 5192 operis
1437 5123 1750 5181 dominante
1797 5124 2032 5197 libidine

461 5225 912 5286 corrumpuntur.
942 5215 1078 5270 Cum
1111 5218 1256 5272 enim
1292 5215 1671 5272 subintroierit
1714 5227 2028 5288 peccatum,

462 5317 517 5360 ct
552 5308 913 5377 captivaverit
961 5307 1196 5364 hominis
1240 5322 1482 5378 sensum,
1532 5320 1592 5364 ut
1636 5313 1749 5380 jam
1797 5327 1904 5366 non
1948 5327 2032 5367 re-

462 5398 658 5468 Itpiciat
684 5399 750 5455 ad
784 5399 1037 5455 mandata
1084 5400 1199 5467 Dei,
1242 5417 1344 5457 nec
1375 5405 1599 5458 arduam
1629 5404 1847 5459 virtutis
1889 5405 2030 5462 viam

466 5556 488 5596 ³
518 5557 646 5618 Luc.
673 5580 770 5618 xu.
797 5562 855 5620 5.

2144 4499 2257 4543 tum
2287 4500 2457 4555 usque
2497 4485 2563 4540 ad
2602 4484 2802 4539 exitum
2848 4483 2971 4536 vitae.
3014 4498 3234 4539 servare
3283 4484 3576 4554 potuerint.
3602 4482 3713 4538 Hoc

2143 4591 2272 4631 vero
2318 4575 2587 4643 baptismo
2621 4574 2713 4643 qui
2763 4573 3064 4642 baptizatus
3103 4572 3286 4641 fuerit,
3337 4590 3561 4645 peccare
3600 4573 3708 4644 jam

2140 4667 2279 4721 ultra
2312 4682 2416 4720 non
2441 4674 2636 4736 potest.
2670 4664 2739 4718 Et
2767 4666 2812 4717 si
2843 4665 3185 4719 temerarium
3210 4681 3315 4720 non
3345 4677 3429 4722 est
3460 4667 3514 4720 in
3548 4667 3711 4721 rebus

2141 4759 2343 4813 talibus
2371 4758 2572 4813 audere
2610 4757 2831 4827 aliquid,
2870 4773 3155 4828 possumus
3191 4761 3389 4825 dicere,
3447 4760 3589 4829 quod
3616 4774 3709 4828 per

2136 4849 2262 4906 illud
2287 4850 2551 4920 baptisma
2574 4849 2841 4916 praeterita
2863 4860 3086 4919 peccata
3111 4863 3434 4922 purgantur:
3454 4868 3549 4923 per
3570 4852 3709 4907 istud

2136 4959 2267 4999 vero
2304 4943 2465 4997 etiam
2498 4941 2679 4996 futura
2712 4943 3073 5012 perimuntur.
3115 4943 3190 4997 Ibi
3224 4955 3444 5012 peccata
3487 4946 3707 5000 dimissa

2136 5046 2284 5098 sunt,
2316 5035 2404 5091 hic
2435 5034 2676 5090 exclusa.
2722 5034 2849 5089 Mihi
2892 5036 2937 5090 si
2980 5039 3301 5092 concederet
3330 5041 3470 5095 Deus
3500 5048 3559 5093 ut
3589 5054 3707 5108 pro-

2137 5130 2259 5202 prio
2310 5127 2570 5197 sanguine
2622 5125 2876 5192 diluerer,
2924 5138 2983 5182 ut
3038 5127 3364 5198 baptismum
3415 5131 3708 5186 secundum

2140 5232 2313 5278 morte
2343 5235 2441 5289 pro
2473 5218 2688 5275 Christo
2718 5230 2967 5288 suscepta
3007 5223 3364 5292 perciperem,
3387 5239 3613 5281 securus
3641 5238 3708 5280 ex

2141 5316 2244 5371 isto
2271 5312 2466 5370 saeculo
2488 5311 2851 5368 discederem:
2870 5323 2927 5367 ut
2948 5314 3169 5370 veniens
3191 5317 3256 5371 ad
3277 5317 3512 5371 animam
3536 5332 3708 5373 meam

2142 5409 2208 5464 de
2247 5407 2350 5461 hac
2392 5407 2503 5461 vita
2536 5418 2819 5462 exeuntem
2857 5407 3110 5478 princeps
3159 5407 3318 5478 huius
3372 5410 3556 5466 mundi
3604 5424 3712 5465 non
3788 5468 3793 5473 ι

532 5492 579 5571 _"
599 5492 722 5547 Jud.
761 5509 835 5571 vr,
864 5493 922 5560 2,
949 5493 1004 5561 ὅ,
1035 5494 1089 5550 4.
1166 5498 1210 5529 ⁸⁵
1232 5495 1350 5553 Gal.
1380 5512 1454 5563 v1,
1487 5499 1541 5553 8.
1618 5498 1664 5531 "
1699 5498 1862 5554 Prov.
1889 5514 1962 5568 tv,
1996 5502 2041 5556 21

2163 5502 2207 5536 "'
2235 5503 2433 5558 Ezecb.
2459 5516 2545 5569 ιιι,
2576 5500 2668 5556 20.
2742 5501 2788 5534 “
2814 5500 2947 5558 Luc.
2975 5515 3088 5571 XXI,
3124 5503 3211 5559 I9.

3309 5502 3355 5537 ”
3379 5503 3536 5564 Rom.
3566 5517 3622 5575 ν,
3650 5506 3709 5564 1.

534 5654 645 5733 ιἰϐ)
673 5659 835 5717 Libb.
863 5669 1023 5719 antea
1056 5662 1206 5731 editi,
1242 5682 1259 5714 ι
1292 5663 1382 5734 qui
1424 5662 1588 5722 Israel
1624 5678 1814 5723 sumus
1844 5666 2138 5725 secundum
2170 5681 2411 5727 carnem.
2448 5686 2469 5722 ι
2509 5661 2637 5727 Mss.
2673 5676 2732 5727 ut
2770 5668 2828 5728 in
2863 5678 3049 5728 nostro
3088 5678 3259 5727 testu.
