4046 6152
320 257 423 313 981

1354 252 1427 308 IN
1464 251 1727 309 LIBRUM
1760 246 2061 308 JUDICUM
2089 244 2373 303 HOMILIA
2415 243 2541 301 VIII.

3485 246 3588 299 982

322 371 592 427 inveniret
621 370 941 442 quidquam,
976 369 1107 439 quin
1149 368 1328 439 potius
1375 378 1432 424 et
1479 369 1758 441 sanguinis
1802 369 1909 423 mei
1938 368 1985 427 Α
2012 364 2239 430 Christi,
2272 362 2412 417 ﬁlius
2451 360 2684 415 eﬂicitur
2721 359 2981 416 Orientis.
3024 358 3115 418 Sic
3144 360 3286 416 enim
3327 362 3588 429 scriptum

327 462 639 535 profusione
669 461 962 531 sepiretur,
994 474 1094 515 nec
1131 459 1355 514 auderet
1402 460 1454 513 in
1496 458 1673 526 aliquo
1712 456 1896 512 crimi-

325 554 440 609 nari
469 553 707 608 animam
730 566 922 607 cruore
950 567 1048 607 suo
1086 550 1333 617 dilutam,
1369 559 1544 604 morte
1572 563 1668 603 sua
1695 548 1894 603 clariﬁ-

321 657 523 709 catam,
555 645 820 714 sanguine
847 659 946 698 suo
980 643 1165 697 lotam.
1194 642 1324 697 Post
1346 642 1484 697 istud
1509 641 1770 710 baptisma
1799 653 1898 695 nec

322 737 629 794 Madianitae
659 736 798 791 ultra
827 736 1099 789 irruerent
1131 733 1197 788 ad
1231 732 1619 801 disperdendos
1643 741 1699 787 et
1720 740 1901 787 exter-

319 824 609 879 minandas
661 823 855 877 anima:
899 821 1130 877 fructus.
1177 821 1308 887 Quis
1341 823 1484 876 enim
1529 821 1679 891 sequi
1730 820 1901 890 possit

320 916 560 970 animam
600 915 878 985 martyris,
925 929 1047 984 quae
1094 927 1443 984 supergressa
1489 927 1678 968 omnes
1722 913 1901 967 aerias

319 1017 646 1077 potestates,
693 1007 760 1061 ad
788 1007 1010 1063 cmleste
1038 1006 1209 1062 tendit
1241 1007 1451 1061 altare?
1482 1004 1557 1060 lbi
1605 1005 1749 1060 enim
1801 1004 1900 1059 sub

321 1100 496 1156 altare
538 1099 632 1153 Dei
673 1099 870 1153 anima:
910 1108 1214 1169 martyrum
1272 1097 1461 1166 positae
1499 1098 1754 1152 dicuntur
1784 1096 1900 1151 die-

324 1189 426 1245 bus
455 1206 518 1246 ac
549 1189 797 1244 noctibus
828 1189 1161 1257 proclamare
1190 1189 1430 1243 dicentes
1452 1189 1473 1219 ¹
1499 1202 1513 1239 :
1543 1207 1561 1239 ‹
1590 1187 1899 1256 Quousque,

326 1279 579 1345 Domine,
613 1284 704 1348 qui
733 1277 912 1346 justus
944 1287 999 1332 et
1039 1292 1203 1333 verus
1240 1292 1320 1341 es,
1352 1292 1457 1332 non
1494 1279 1737 1333 vindicas
1778 1293 1903 1333 san-

325 1371 545 1441 guinem
574 1378 818 1424 nostrum
861 1370 929 1425 de
976 1368 1044 1424 iis
1088 1369 1177 1438 qui
1215 1368 1462 1423 habitant
1501 1369 1739 1423 terram?
1773 1388 1793 1421 ι
1823 1368 1900 1424 Ibi

322 1462 467 1516 enim
500 1462 691 1531 positae
722 1460 921 1516 divinis
951 1459 1219 1517 assistunt
1263 1460 1567 1517 sacriﬁciis.
1618 1461 1724 1517 Sed
1759 1461 1901 1517 beati

324 1564 451 1609 sunt
480 1554 572 1624 qui
605 1554 722 1610 haec
743 1562 1043 1608 merentur.
1070 1551 1219 1607 Beati
1247 1562 1374 1607 sunt
1402 1568 1631 1624 quorum
1659 1567 1754 1608 cor
1779 1567 1902 1606 cum

323 1647 389 1700 de
421 1645 622 1700 stecnlo
651 1644 931 1707 recedunt,
961 1660 1065 1699 non
1103 1645 1335 1716 trepidat
1368 1659 1466 1713 pro
1501 1653 1746 1713 peccato,
1766 1659 1903 1714 quos

2002 467 2089 512 est
2112 456 2182 511 de
2204 454 2422 510 Christo
2444 453 2499 508 ⁸;
2531 473 2549 504 ι
2587 452 2726 507 Ecce
2752 451 2855 516 vir,
2882 451 3076 507 Oriens
3104 468 3301 509 nomen
3330 462 3414 509 est
3444 452 3580 507 illi.»

2004 548 2258 617 Quisquis
2283 561 2412 616 ergo
2436 545 2638 601 Christi
2668 542 2892 614 suscipit
2932 560 3155 609 nomen,
3185 545 3325 600 ﬁlius
3353 559 3472 600 esse
3509 544 3583 600 di'

2008 639 2149 694 citur
2174 637 2413 695 Orientis
2445 656 2460 690 ι
2492 637 2586 692 sed
2622 651 2727 691 non
2771 651 2984 707 semper
3028 639 3119 706 qui
3162 652 3352 693 nomen
3380 636 3587 694 Christi

2008 729 2304 799 accipiunt,
2330 731 2494 783 etiam
2528 729 2583 783 in
2627 728 2868 783 Ecclesia
2905 740 3219 799 permanent
3254 729 3478 784 Christi.
3524 728 3581 783 Si

2006 833 2135 889 ergo
2165 818 2347 873 videas
2386 818 2671 873 haereticos
2710 818 2910 874 Christi
2947 820 3160 889 quidem
3205 820 3423 874 nomine
3450 835 3583 875 cen-

2008 911 2116 967 seri
2147 926 2162 965 :
2198 925 2507 981 expugnare
2532 922 2709 964 autem
2737 909 3033 965 Ecelesiam
3075 911 3299 977 Christi,
3337 921 3390 967 et
3428 929 3581 967 arma

2007 1002 2255 1059 conferre
2283 1002 2568 1058 adversum
2611 1000 2808 1057 Christi
2846 1002 3026 1070 ﬁdem,
3060 1013 3114 1057 et
3146 1004 3457 1076 impugnare
3488 1022 3588 1074 po-

2008 1095 2193 1165 pulum
2244 1093 2481 1160 Domini,
2522 1093 2665 1148 bella
2714 1094 2984 1149 suscitare
3020 1095 3307 1149 adversum
3352 1096 3584 1150 catholi-

2007 1193 2125 1234 cam
2170 1179 2330 1235 ﬁdem
2368 1198 2381 1235 :
2417 1180 2543 1236 nolo
2582 1180 2797 1236 dubites
2850 1182 2919 1235 de
2973 1182 3039 1237 iis
3080 1182 3281 1246 dicere,
3320 1186 3460 1253 quod
3498 1183 3588 1241 isti

2008 1280 2136 1326 sunt
2183 1271 2401 1343 quidem
2441 1272 2540 1328 ﬁlii
2585 1272 2845 1339 Orientis,
2888 1275 2981 1328 sed
3030 1289 3150 1328 cum
3187 1275 3489 1330 Madianitis
3529 1284 3587 1330 et

2009 1379 2134 1419 cum
2161 1365 2385 1421 Amalec
2415 1381 2727 1436 expugnare
2755 1368 2982 1422 veniunt
3021 1369 3277 1438 populum
3313 1369 3428 1434 Dei,
3457 1370 3587 1438 quia

2011 1470 2131 1511 cum
2175 1459 2402 1527 paganis
2443 1467 2497 1513 et
2544 1474 2666 1514 cum
2696 1457 2897 1517 Judaais
2942 1458 3238 1515 Eeclesiam
3286 1459 3380 1516 Dei
3422 1462 3588 1516 etiam

2008 1547 2247 1604 haeretici
2274 1557 2689 1620 persequuntur.
2722 1551 2789 1606 Et
2812 1552 2957 1622 ipsos
2978 1567 3100 1608 esse
3124 1553 3336 1622 opinor,
3366 1553 3455 1623 qui
3490 1555 3588 1609 de-

2009 1644 2297 1714 signantur
2324 1643 2378 1697 in
2413 1642 2542 1698 ﬁliis
2572 1643 2837 1701 Orientis.

322 1744 610 1808 pergentes
638 1736 704 1791 ad
736 1737 1019 1791 Dominum
1053 1736 1369 1792 delictorum
1404 1735 1635 1790 formido
1658 1751 1763 1792 non
1797 1745 1907 1792 ter-
1935 1728 1983 1788 Β
2080 1736 2135 1790 2.
2178 1755 2196 1787 ‹
2223 1735 2427 1792 Omnes
2457 1750 2608 1804 ergo,
2648 1737 2823 1807 inquit
2848 1738 2889 1803 ⁸,
2920 1736 3321 1806 Madianitae,et
3342 1740 3587 1807 Amalec,

322 1835 425 1882 ret.
468 1826 634 1881 Beata
677 1824 765 1880 illa
811 1825 988 1880 anima
1026 1840 1147 1895 quae
1189 1833 1541 1881 occurrentes
1581 1825 1681 1881 sibi
1725 1827 1901 1881 aerias

320 1920 627 1975 daemonum
672 1927 881 1973 turmas
936 1917 1140 1989 profusi
1193 1917 1250 1972 in
1310 1918 1574 1988 martyrio
1624 1919 1902 1988 sanguinis

318 2024 516 2065 cruore
542 2010 810 2064 deturbat.
844 2009 1041 2063 Beatus
1074 2019 1158 2064 est
1187 2008 1253 2065 de
1277 2023 1386 2079 quo
1420 2017 1582 2064 eunte
1609 2010 1675 2063 ad
1704 2010 1901 2068 cmlum

321 2104 511 2158 dicunt
536 2101 709 2171 angeli
749 2102 894 2156 illam
926 2102 1293 2171 propheticam
1315 2117 1502 2158 vocem
1524 2102 1581 2156 ’:
1613 2121 1632 2155 ι
1659 2100 1794 2169 Quis
1821 2111 1906 2157 est

321 2195 425 2250 iste
446 2196 536 2267 qui
569 2195 812 2250 ascendit
845 2209 913 2249 ex
957 2193 1145 2258 Bosor,
1180 2213 1198 2246 ι
1241 2195 1344 2250 hoc
1392 2203 1474 2250 est
1506 2195 1595 2265 qui
1645 2198 1710 2251 de
1741 2212 1905 2251 carne

320 2287 388 2341 ad
415 2286 613 2341 caelum
643 2286 924 2342 ascendit?
961 2306 979 2338 ι
1020 2286 1150 2352 Quis
1171 2296 1258 2341 est
1301 2286 1404 2342 iste
1434 2287 1523 2356 qui
1559 2288 1806 2344 ascendit
1836 2304 1901 2344 ex

321 2379 514 2446 Bosor,
541 2381 707 2435 rubor
730 2378 1174 2435 vestimentorum
1198 2378 1348 2446 ejus?
1378 2399 1397 2433 ι
1427 2379 1480 2433 in
1519 2379 1714 2436 rubore
1739 2382 1903 2436 vesti—

323 2480 629 2526 mentorum
677 2484 925 2526 cruorem
977 2470 1257 2540 sanguinis
1310 2471 1671 2542 designantes.
1728 2471 1907 2527 Beata:

321 2571 448 2617 sunt
472 2576 605 2630 ergo
632 2561 824 2615 animae
852 2576 970 2629 qua:
991 2561 1070 2615 sic
1101 2560 1376 2616 Christum
1407 2571 1727 2629 sequuntur,
1769 2578 1906 2633 quo-

320 2654 478 2708 modo
507 2668 603 2708 eas
632 2651 882 2708 Christus
910 2653 1210 2723 praecessit.
1259 2653 1323 2707 Et
1367 2654 1488 2708 ideo
1524 2655 1647 2724 quia
1694 2656 1774 2711 sic
1820 2671 1908 2711 se-

320 2754 582 2813 quuntur,
631 2758 802 2815 usque
845 2745 911 2798 ad
962 2745 1132 2814 ipsum
1187 2743 1276 2799 Dei
1325 2744 1495 2799 altare
1536 2746 1901 2814 perveniunt:

319 2835 486 2909 474
511 2836 601 2891 ubi
629 2845 711 2891 est
742 2849 855 2906 ipse
887 2836 1142 2890 Dominus
1165 2834 1324 2891 Jesus
1354 2837 1601 2892 Christus
1662 2839 1906 2906 pontifex

324 2928 628 2983 futurorum
664 2930 948 2994 bonorum,
993 2928 1077 2983 cui
1126 2937 1210 2982 est
1254 2927 1425 2997 gloria
1472 2937 1526 2985 et
1568 2939 1808 2999 potestas
1851 2932 1905 2986 in

322 3020 517 3076 Saenia
545 3021 884 3077 swculorum.
918 3021 1114 3076 Amen.

883 3111 1171 3169 HOMILIA
1213 3111 1348 3166 Vill.

499 3207 580 3262 De
607 3205 731 3276 ﬁliis
765 3205 1019 3273 Orientis,
1050 3217 1098 3261 et
1132 3208 1196 3260 de
1227 3205 1437 3260 (iedean
1468 3220 1533 3259 ea;
1560 3218 1729 3273 parte.

397 3301 447 3354 1.
475 3301 625 3364 Esto,
657 3300 1009 3355 convenerint
1040 3302 1321 3357 adversum
1366 3302 1527 3359 lsrael
1558 3305 1887 3374 Madiauitaa,

327 3390 416 3462 qui
439 3390 867 3461 interpretantur
888 3400 1036 3446 extra
1049 3393 1311 3463 judicium
1336 3394 1466 3465 (77).
1492 3397 1641 3459 Esto,
1667 3397 1744 3451 illi
1766 3414 1889 3453 con-

326 3483 577 3538 venerint
621 3484 907 3539 adversum
941 3484 1137 3548 Israel,
1169 3485 1261 3554 qui
1307 3495 1459 3540 extra
1503 3487 1762 3556 judicium
1793 3490 1886 3545 Dei

325 3583 476 3642 sunt,
504 3583 559 3629 et
587 3593 606 3626 ι
636 3574 727 3644 qui
757 3583 905 3628 extra
946 3575 1114 3644 legem
1138 3585 1516 3644 peccaverunt,
1546 3587 1601 3632 et
1635 3588 1785 3634 extra
1810 3581 1889 3635 le-

324 3681 444 3737 gem
469 3665 726 3736 peribunt
750 3665 791 3719 ⁸.
822 3684 841 3717 ι
871 3666 1023 3729 Esto,
1046 3668 1359 3722 convenerit
1382 3677 1435 3722 et
1457 3668 1692 3734 Amalec,
1718 3672 1810 3741 qui
1834 3682 1890 3728 et

325 3759 441 3828 ipse
459 3758 846 3828 interpretatur
866 3759 1086 3829 populus
1106 3759 1372 3830 ablingens
1391 3760 1522 3830 (78).
1542 3762 1758 3830 Esto,et
1774 3765 1892 3823 haec

323 3841 474 3894 natio
516 3848 751 3906 terrena,
783 3849 839 3896 et
885 3841 1061 3896 ventri
1097 3852 1154 3896 et
1185 3843 1324 3913 gulae
1358 3843 1559 3911 dedita,
1597 3846 1925 3923 impugnare

320 3930 535 3987 venerit
579 3931 744 3988 Israel
774 3934 1069 3992 carnalem.
1103 3935 1242 4003 Quid
1280 3943 1364 3992 est
1407 3936 1509 3992 hoc
1555 3939 1699 4007 quod
1747 3940 1909 3995 etiam

323 4024 415 4078 ﬁlii
441 4023 681 4102 Orientis
717 4025 804 4081 bis
840 4027 1231 4094 admiscentur,
1275 4038 1331 4083 et
1378 4044 1499 4083 cum
1533 4030 1663 4100 ipsis
1698 4030 1763 4085 ad
1808 4031 1911 4084 im-

321 4115 665 4185 pugnandum
706 4114 870 4169 Israel
900 4118 1087 4173 venire
1120 4118 1407 4173 dicuntur?
1443 4118 1537 4174 Dic
1585 4120 1729 4175 enim
1775 4121 1908 4175 mibi

323 4207 537 4262 auditor
557 4225 571 4262 :
596 4206 651 4261 Si
681 4208 937 4278 scriptum
956 4219 1099 4265 esset
1120 4210 1244 4280 quia
1269 4210 1360 4264 lilii
1380 4210 1690 4267 Occidentis
1707 4227 1908 4266 conve-

323 4306 521 4351 nerunt
562 4313 684 4352 cum
734 4298 887 4366 ipsis,
942 4300 1075 4354 nihil
1122 4314 1469 4370 quaererem:
1504 4300 1716 4356 diceres
1762 4302 1906 4356 enim

2004 1837 2060 1884 et
2092 1828 2186 1884 ﬁlii
2220 1827 2456 1885 Orientis
2499 1839 2874 1885 convenerunt
2916 1831 3098 1897 simul,
3121 1841 3176 1885 et
3205 1835 3586 1899 ascenderunt,

2003 1928 2058 1976 et
2092 1927 2528 1990 supervenerunt
2576 1920 2674 1985 eis,
2704 1929 2758 1974 et
2793 1929 2969 1974 castra
3026 1932 3324 1991 posuerunt
3368 1924 3421 1979 in
3449 1924 3590 1981 valle

2002 2010 2232 2068 Jezrael.
2266 2029 2289 2064 ι
2318 2010 2412 2065 Isti
2461 2010 2552 2080 qui
2592 2009 2907 2081 impugnare
2935 2011 3123 2067 volunt
3164 2013 3415 2083 populum
3471 2016 3590 2083 Dei,

2004 2109 2180 2156 castra
2209 2099 2263 2154 in
2294 2099 2526 2155 vallibus
2556 2100 2846 2167 collocant,
2872 2101 2927 2155 in
2956 2100 3179 2169 dejectis
3208 2114 3265 2158 et
3293 2104 3589 2160 humilibus

2003 2191 2156 2259 locis,
2187 2191 2242 2246 in
2267 2192 2428 2260 valle,
2460 2193 2656 2262 inquit,
2681 2192 2908 2249 Jezrael.
2952 2194 3261 2252 Invenimus
3285 2206 3465 2251 autem
3503 2197 3590 2251 in-

2007 2280 2520 2351 terpretariJezrael
2558 2297 2731 2336 semen
2766 2281 2864 2335 Dei
2910 2281 3043 2353 (79).
3079 2282 3240 2337 Vides
3280 2283 3369 2336 ubi
3425 2282 3591 2337 collo-

2005 2384 2128 2429 cant
2163 2385 2343 2431 castra
2376 2374 2711 2431 adversarii?
2758 2373 2875 2428 Non
2907 2387 3033 2430 sunt
3057 2376 3173 2430 ausi
3213 2376 3293 2430 ire
3318 2375 3466 2443 illuc,
3496 2375 3590 2430 ubi

2004 2465 2386 2534 videnturjam
2417 2468 2530 2521 nati
2558 2481 2678 2524 esse
2721 2465 2930 2522 fructus
2957 2468 3208 2537 spiritus,
3232 2468 3326 2522 sed
3366 2468 3456 2522 ubi
3491 2468 3589 2522 ad—

2007 2560 2115 2615 huc
2143 2575 2325 2615 semen
2355 2560 2450 2615 Dei
2482 2560 2643 2630 jacet,
2676 2563 2766 2615 ubi
2798 2562 3035 2615 nondum
3076 2561 3285 2615 fructus
3318 2560 3588 2615 ascendit.

2007 2650 2108 2719 Qui
2143 2652 2286 2706 enim
2314 2653 2448 2707 exiit
2470 2653 2741 2708 seminare
2777 2668 2980 2717 semen,
3016 2654 3250 2708 seminat
3278 2668 3438 2723 super
3467 2668 3591 2708 om-

2007 2757 2128 2798 nem
2156 2743 2351 2797 locum.
2382 2743 2487 2798 Sed
2509 2744 2634 2797 audi
2658 2744 2833 2813 ipsum
2861 2746 3141 2799 Dominum
3166 2745 3434 2800 dicentem
3462 2744 3590 2815 quid

2006 2833 2114 2903 pati
2149 2833 2316 2887 soleat
2343 2849 2524 2888 semen
2568 2833 2685 2889 Dei.
2728 2853 2744 2886 ι
2776 2836 2954 2899 Aliud,
3001 2835 3179 2905 inquit
3204 2837 3248 2903 ⁷,
3276 2835 3476 2891 cecidit
3502 2850 3592 2891 se-

2006 2941 2103 2981 cus
2124 2925 2289 2991 viam,
2320 2935 2374 2981 et
2410 2925 2689 2981 venientes
2737 2941 2864 2980 aves
2900 2927 3022 2981 coeli
3068 2927 3329 2996 diripiunt
3382 2926 3532 2980 illud.
3566 2945 3588 2980 ι

2008 3019 2161 3085 Quod
2206 3019 2319 3086 ipse
2367 3019 2420 3071 in
2469 3019 2858 3087 posterioribus
2912 3021 3295 3089 interpretatus
3344 3020 3482 3074 dixit
3513 3020 3590 3074 ἐ

2012 3128 2031 3161 ι
2078 3109 2177 3176 Qui
2209 3119 2387 3164 autem
2420 3125 2578 3166 secus
2606 3110 2747 3164 viam
2787 3109 3034 3167 seminati
3080 3123 3232 3177 sunt,
3264 3112 3299 3165 ii
3343 3120 3470 3165 sunt
3502 3111 3592 3181 qui

2007 3201 2227 3255 audiunt
2250 3201 2471 3254 verbum
2501 3208 2556 3253 et
2597 3214 2716 3253 cum
2751 3201 2933 3255 laetitia
2980 3202 3254 3272 accipiunt
3281 3220 3296 3257 :
3325 3203 3470 3256 venit
3499 3217 3594 3255 auo

2006 3302 2115 3347 tem
2142 3292 2406 3358 Zabulus,
2435 3302 2493 3347 et
2518 3293 2656 3347 tollit
2680 3292 2748 3347 de
2773 3292 2941 3348 corde
2964 3308 3153 3348 eorum
3186 3295 3328 3362 quod
3355 3294 3597 3348 semina-

2011 3396 2122 3440 tum
2147 3394 2250 3440 est.
2273 3403 2292 3436 ι
2313 3384 2403 3439 Sic
2420 3400 2550 3455 ergo
2580 3398 2633 3439 et
2658 3386 2744 3440 ἱειιὶ
2779 3395 2904 3440 tunc
2926 3387 3150 3442 veniunt
3172 3386 3241 3441 ad
3256 3399 3440 3455 semen
3474 3386 3591 3463 Dei,

2009 3486 2063 3531 et
2096 3476 2282 3532 volunt
2321 3476 2452 3530 illud
2480 3476 2665 3530 tollere
2692 3481 2757 3531 de
2782 3478 2947 3532 corde
2986 3493 3174 3534 eorum
3206 3480 3260 3533 in
3289 3480 3485 3549 quibus
3507 3496 3594 3535 se-

2010 3569 2270 3624 minatum
2304 3579 2408 3630 est,
2439 3570 2566 3635 quia
2594 3568 2880 3623 inveniunt
2900 3586 2996 3626 eos
3021 3571 3073 3626 in
3107 3572 3339 3627 vallibus
3364 3573 3593 3642 positos,

2009 3664 2063 3710 et
2097 3657 2201 3710 ima
2230 3671 2455 3725 qumque
2490 3665 2785 3713 sectantes.
2817 3659 2891 3713 De
2921 3659 3026 3715 illis
3054 3670 3180 3714 sunt
3204 3664 3348 3715 enim
3374 3663 3463 3731 qui
3503 3663 3597 3716 hu-

2012 3744 2212 3799 militer
2242 3753 2298 3797 et
2334 3745 2572 3813 indigne,
2605 3756 2680 3813 et,
2710 3756 2766 3800 ut
2800 3750 2870 3801 ita
2900 3749 3099 3813 dicam,
3133 3747 3359 3805 Iudaico
3392 3752 3597 3807 intelle-

2012 3850 2100 3893 ctu
2133 3839 2436 3907 suscipiunt
2459 3837 2683 3890 verbum
2716 3839 2832 3904 Dei,
2865 3848 2918 3893 et
2951 3841 3072 3895 ideo
3095 3852 3320 3910 possunt
3343 3842 3470 3897 illud
3499 3859 3594 3898 ra-

2011 3945 2140 4000 pere
2178 3931 2452 3986 dremones
2472 3932 2539 3986 de
2569 3933 2734 3987 corde
2757 3946 2969 3987 eorum.
2998 3930 3097 3998 Qui
3121 3943 3297 3986 autem
3321 3935 3389 3988 ab
3421 3935 3597 3989 Immi-

2015 4022 2167 4077 litate
2209 4023 2410 4077 littera:
2453 4025 2519 4079 ad
2550 4024 2774 4093 spiritus
2806 4024 3018 4079 excelsa
3056 4026 3393 4089 conscendit,
3421 4036 3476 4081 et
3510 4027 3594 4081 in-

2015 4115 2365 4185 telligentiam
2397 4114 2670 4187 refugiens
2697 4116 2997 4184 carnalem,
3037 4109 3279 4172 sectatur
3310 4121 3361 4172 iu
3391 4119 3596 4173 altiori—

2014 4209 2115 4263 bus
2143 4225 2263 4278 quae
2298 4219 2425 4263 sunt
2466 4208 2703 4280 Spiritus
2749 4210 2882 4274 Dei,
2924 4211 2990 4266 de
3041 4211 3144 4266 isto
3182 4212 3318 4267 nihil
3367 4223 3593 4282 possunt

2015 4315 2208 4370 rapere
2230 4300 2538 4357 Madianitae
2561 4316 2738 4372 neque
2764 4301 3099 4368 Amalecitte,
3133 4304 3226 4359 sed
3251 4318 3319 4357 ne
3350 4305 3451 4374 ipsi
3478 4307 3599 4374 qui-

324 4387 453 4488 mihi
499 4387 809 4459 allegoricis
840 4391 1108 4454 sensibus,
1142 4392 1265 4460 quia
1299 4391 1393 4445 ﬁlii
1432 4390 1743 4448 Occidentis
1782 4405 1909 4447 sunt
1939 4431 1985 4488 Β
2014 4394 2137 4449 dem
2197 4392 2435 4450 Orientis
2494 4393 2589 4448 ﬁlii
2636 4394 2936 4463 depraedari
2982 4411 3107 4450 eum
3151 4406 3404 4467 poterunt
3458 4397 3593 4470 (80),

324 4478 417 4533 ﬁlii
456 4481 804 4534 tenebrarum
838 4488 893 4535 et
928 4480 1028 4550 ipsi
1049 4482 1355 4551 junguntur
1384 4481 1491 4537 illis
1519 4482 1797 4552 gentibus,
1822 4483 1907 4537 vel

322 4589 441 4640 quae
470 4582 624 4628 extra
675 4573 938 4641 judicium
981 4574 1073 4629 Dei
1113 4582 1259 4639 sunt,
1299 4574 1383 4630 vel
1431 4590 1550 4645 quae
1598 4576 1771 4630 ventri
1811 4575 1906 4629 de-

324 4665 446 4719 dita:
493 4665 813 4734 impuguant
856 4679 950 4718 eos
1004 4665 1096 4734 qui
1143 4674 1325 4719 mente
1369 4664 1539 4719 Deum
1569 4665 1753 4720 videre
1781 4682 1907 4721 eon-

324 4757 575 4811 tendnut.
607 4756 759 4812 Nunc
788 4765 968 4812 autem
1010 4772 1131 4812 cum
1173 4758 1385 4813 dicatur
1423 4757 1547 4827 quia
1586 4758 1679 4812 lilii
1711 4758 1904 4815 Orien-

320 4849 391 4901 tis
430 4857 698 4900 venerunt
743 4862 868 4901 cum
901 4845 1210 4901 Madiauitis
1260 4855 1314 4901 et
1355 4846 1596 4913 Amalec,
1629 4850 1900 4918 quomodo

323 4941 435 4994 haec
465 4948 691 5010 possunt
713 4949 1083 5009 competenter
1110 4939 1339 5010 exponi?
1368 4939 1652 4995 Videamus
1686 4957 1816 5012 ergo
1849 4942 1897 4997 si

323 5048 611 5103 possumus
640 5036 690 5088 in
722 5043 826 5088 tam
856 5032 1160 5088 diﬂicilibus
1183 5033 1478 5103 Scriptura}
1505 5035 1640 5089 locis
1678 5036 1896 5106 dignum

323 5128 557 5200 aliquem
610 5128 662 5182 iu
715 5128 800 5183 bis
848 5141 1063 5182 sensum
1120 5126 1319 5181 divinis
1367 5127 1578 5197 paginis
1629 5128 1893 5182 invenire.

323 5225 513 5282 Omnis
544 5226 634 5296 qui
674 5240 837 5294 super
884 5241 943 5280 se
993 5239 1213 5294 quoquo
1247 5221 1404 5277 modo
1437 5237 1633 5277 nomen
1672 5223 1897 5291 suscipit

391 5322 412 5353 ²
443 5325 611 5391 Apoc.
641 5338 714 5382 vr.
749 5323 835 5377 10.
912 5323 933 5354 ³
970 5321 1073 5378 Isa.
1104 5337 1255 5386 Lxm,
1287 5321 1339 5373 l.
1428 5317 1451 5349 ‘
1490 5318 1647 5374 Rom.
1675 5336 1736 5384 ιι,
1771 5319 1857 5377 12.

326 5391 409 5458 12,
437 5394 524 5448 15.
602 5395 622 5425 ⁹
644 5393 767 5450 Jud.
798 5408 873 5462 vi,
900 5392 991 5446 54.

368 5488 373 5491 ’
401 5487 515 5557 (77)
542 5487 883 5551 Madianitaa,
901 5488 988 5556 qui
1010 5486 1425 5557 interpretantur
1444 5493 1594 5539 extra
1617 5485 1901 5553 judicium.

328 5561 368 5612 Α
391 5555 511 5644 τιεά
549 5574 767 5631 pra-ter.
799 5555 976 5621 extra,
1006 5575 1023 5608 ι
1068 5567 1126 5612 et
1148 5564 1231 5644 Γπ
1265 5574 1282 5606 ι
1314 5555 1598 5623 judicium.
1639 5575 1657 5609 ι

397 5653 512 5724 (78)
552 5656 785 5719 Amalec,
801 5650 1075 5724 quietipse
1095 5652 1470 5724 interpretatur
1489 5647 1712 5724 populus
1735 5649 1903 5705 ablin-

328 5716 473 5795 gens.
499 5716 595 5781 Δὶ)
617 5733 701 5789 ειν
735 5716 1046 5793 «populus,
1079 5741 1099 5775 ι
1142 5728 1196 5777 et
1225 5716 1341 5793 3:321
1369 5738 1387 5771 ι
1417 5716 1595 5775 ιιηιῑι.
1617 5738 1637 5772 ι

1950 5322 1971 5354 ⁸
2002 5321 2166 5380 Zacb.
2194 5340 2271 5388 vi,
2296 5324 2383 5378 12.

2016 4486 2069 4541 in
2119 4488 2337 4543 excelso
2387 4487 2758 4558 intelligentia:
2810 4488 3069 4557 spiritalis
3130 4492 3332 4546 vertice
3387 4495 3597 4547 consti-

2015 4586 2211 4633 tutum.

2084 4672 2138 4725 5.
2201 4670 2279 4724 Illi
2331 4687 2461 4742 ergo
2516 4680 2697 4729 castra
2732 4673 2785 4727 in
2832 4672 3058 4730 vallibus
3095 4676 3385 4731 collocant.
3425 4694 3445 4727 ι
3487 4675 3594 4730 Sed

2018 4765 2266 4838 spiritus,
2303 4764 2483 4836 inquit
2520 4768 2565 4834 ⁸,
2597 4766 2691 4822 Dei
2738 4769 3071 4826 confortavit
3107 4769 3349 4829 Gedeon.
3381 4780 3434 4822 et
3465 4770 3592 4824 tuba

2009 4855 2223 4922 cecinit,
2250 4863 2306 4911 et
2329 4855 2539 4910 vocavit
2562 4866 2678 4925 post
2703 4873 2763 4912 se
2790 4858 3043 4916 Abiezer.
3064 4876 3083 4910 ι
3104 4858 3446 4912 Continentia
3483 4859 3598 4927 qui-

2008 4946 2129 5001 dem
2152 4947 2549 5018 explanationis
2584 4950 2748 5004 alium
2768 4951 3017 5005 ordinem
3044 4951 3379 5019 requirebat,
3404 4966 3590 5005 verum

2007 5040 2132 5109 quia
2179 5056 2278 5096 nos
2332 5057 2440 5096 non
2483 5053 2592 5097 tam
2635 5042 2946 5112 Scripturas
2976 5053 3404 5098 commentantes
3450 5057 3593 5097 nunc

2006 5130 2300 5200 loquimur,
2329 5148 2493 5202 quam
2530 5133 2786 5204 populum
2828 5135 2894 5189 de
2930 5135 2996 5189 iis
3022 5149 3143 5203 qum
3176 5137 3403 5189 recitata
3443 5142 3589 5197 sunt,

2006 5225 2359 5281 consolantes
2387 5266 2403 5291 ,
2447 5227 2679 5296 sparsim
2746 5241 2867 5296 quae
2914 5237 3208 5281 occurrunt
3257 5227 3324 5281 de
3361 5228 3598 5296 singulis

2472 5325 2492 5355 ⁸
2513 5322 2638 5381 Jud.
2666 5339 2743 5391 Vl,
2764 5323 2854 5379 ⁸55.
2932 5323 2952 5354 ⁷
2980 5319 3111 5376 Luc.
3136 5336 3252 5386 vni,
3278 5322 3333 5376 5.
3408 5322 3432 5354 ⁸
3461 5323 3591 5378 ibid.

2087 5490 2199 5555 (79)
2239 5488 2543 5544 Invenimus
2576 5499 2751 5545 autem
2788 5491 3128 5557 interpre.‘ari
3156 5488 3366 5543 Jezrael
3416 5503 3593 5541 semen

2013 5560 2131 5615 Dei.
2163 5562 2202 5613 A
2231 5570 2338 5624 rm
2366 5578 2383 5611 ι
2417 5574 2621 5627 semen,
2659 5580 2677 5612 ι
2714 5571 2768 5616 et
2790 5556 2867 5632 5st
2893 5556 3104 5617 «Deus.
3137 5580 3157 5611 ι

2084 5653 2198 5725 (80)
2239 5652 2389 5723 Mss.,
2419 5671 2437 5708 ι
2468 5662 2746 5724 poterunt.
2784 5674 2805 5708 ι
2846 5655 3013 5725 Editi,
3048 5674 3069 5707 ι
3107 5663 3416 5726 potuerunt.
3455 5668 3481 5702 ι
