4046 6152
456 212 560 268 985

1920 204 2245 260 ORIGENIS

3609 207 3722 261 9S4

455 326 760 396 quibusque
818 334 1135 381 tractamus.
1180 345 1196 378 ι
1241 325 1495 390 Vocavit,
1543 328 1754 395 inquit,
1808 336 1930 394 post
1973 339 2030 378 se
2058 327 2110 384 Α
2137 333 2315 378 autem
2363 333 2579 379 maneat
2625 325 2875 388 siccitas,
2918 343 2936 375 ι
2991 324 3145 393 cujus
3178 324 3251 377 rei
3289 325 3410 378 talis
3451 330 3718 392 qua-dam

453 419 685 474 Abiezer
723 435 735 469 :
771 436 789 469 ρ
821 419 911 487 qui
951 418 1137 486 utique
1161 433 1425 485 nusquam
1455 429 1595 472 erat.
1634 417 2024 486 Interpretatur

450 519 634 565 autem
669 509 897 563 Abiczer
934 511 1099 577 patris
1135 515 1231 562 mei
1274 511 1534 562 auxilium
1570 510 1703 581 (81).
1746 508 1858 563 Non
1893 524 2022 579 ergo

453 601 724 655 hominem
750 601 1006 668 aliquem,
1041 603 1134 654 sed
1169 602 1340 670 patris
1362 603 1443 656 sui
1483 601 1698 657 Gedeon
1741 603 2024 657 invocasse

451 693 666 746 videtur
697 693 982 746 auxilium.
1021 693 1186 747 Mittit
1224 694 1452 761 interea,
1488 704 1544 749 et
1583 696 1790 749 auxilia
1822 711 2023 750 convo-

451 794 560 838 cat.
594 786 932 840 Conveniunt
969 789 1170 857 populi,
1203 800 1258 844 et
1287 806 1476 845 oumes
1511 791 1579 844 ad
1617 790 1836 848 Gedeon
1865 809 2022 849 exer-

449 875 591 930 citus
624 889 1042 947 congregantur.

517 967 572 1020 II.
621 985 640 1018 ‹
686 967 748 1022 Et
783 981 928 1037 tunc,
968 972 1142 1042 inquit
1198 973 1258 1037 ’°,
1292 973 1510 1029 Gedeon
1542 977 1680 1030 dixit
1712 979 1778 1031 ad
1813 979 2018 1034 Deum:

449 1056 509 1114 Si
548 1059 754 1114 salvum
809 1061 940 1116 facis
972 1064 1023 1116 in
1077 1081 1237 1120 manu
1277 1083 1393 1120 mea
1433 1069 1630 1132 Israel,
1668 1072 2020 1138 quemadmo-

447 1151 576 1204 dum
619 1151 825 1206 locutus
854 1167 938 1219 es,
970 1171 1097 1210 ecce
1139 1173 1238 1226 ego
1271 1173 1506 1221 sumam,
1534 1168 1590 1214 et
1633 1176 1827 1228 ponam
1855 1162 2021 1215 vellus

450 1242 583 1298 lanae
623 1245 676 1298 in
703 1261 826 1299 area
867 1265 880 1298 :
911 1255 964 1301 et
996 1249 1261 1318 siquidem
1305 1266 1394 1305 ros
1432 1251 1689 1305 ceciderit
1711 1266 1873 1320 super
1909 1253 2020 1306 vel-

447 1333 551 1399 lus,
581 1343 636 1389 et
669 1351 832 1403 super
867 1354 1086 1392 omnem
1136 1351 1334 1394 terram
1389 1344 1606 1397 siccitas
1643 1343 1824 1406 fuerit,
1852 1359 2020 1413 agno-

444 1438 594 1478 scam
616 1427 869 1495 quoniam
890 1428 1093 1482 salvum
1116 1430 1280 1483 facies
1302 1431 1350 1483 iu
1373 1446 1533 1484 manu
1560 1445 1673 1484 mea
1693 1431 1851 1486 Israel
1880 1432 2019 1484 sicut

446 1513 655 1568 locutus
671 1530 748 1567 es.
781 1515 843 1568 Et
861 1515 1059 1570 factum
1091 1528 1172 1572 est
1194 1519 1325 1574 δίο.»
1344 1521 1478 1574 Cum
1505 1528 1616 1572 tam
1646 1520 1811 1574 multa
1836 1520 1945 1572 sint
1965 1529 2018 1573 et

445 1604 728 1659 i'mmmcra
754 1609 905 1677 signa
943 1611 1022 1663 vel
1063 1611 1327 1680 prodigia,
1346 1627 1466 1680 qua:
1492 1620 1678 1680 petere
1703 1613 1968 1680 potuisset
1986 1626 2014 1664 a

444 1696 555 1751 Deo
582 1696 802 1752 Gedeon
842 1700 906 1752 ad
959 1704 1387 1754 continuandam
1421 1702 1864 1769 pollicitationem
1898 1702 2012 1768 Dei,

439 1787 604 1859 475
635 1790 761 1856 quid
805 1791 857 1845 ei
890 1793 1062 1846 vismu
1104 1806 1187 1847 est
1236 1804 1354 1863 post
1395 1794 1692 1857 angelicam
1727 1811 1912 1849 vocem
1949 1811 2014 1849 ac

442 1880 890 1946 pollicitationem
931 1885 1211 1939 ctelestem
1255 1894 1442 1954 petere
1489 1887 1633 1942 istud
1671 1897 1778 1940 tam
1816 1903 2014 1940 novum

441 1971 652 2040 signum
687 1987 715 2026 a
749 1971 1014 2030 Deo?Ait
1041 1979 1187 2031 enim
1215 1997 1230 2033 :
1263 1999 1282 2031 ε
1314 1979 1521 2034 Ponant
1565 1983 1737 2037 vellus
1781 1983 1921 2038 lanae
1960 1985 2012 2037 in

439 2079 600 2129 area,
633 2068 754 2121 etsi
788 2068 950 2121 fuerit
1000 2085 1162 2139 supra
1206 2072 1376 2126 vellus
1405 2073 1746 2130 solummodo
1789 2093 1908 2140 ros,
1961 2087 2015 2130 et

438 2172 600 2226 super
627 2174 840 2214 onmem
873 2169 1073 2215 terram
1125 2164 1375 2230 siccitas,
1412 2182 1505 2221 ero
1550 2169 1836 2224 confidens
1878 2187 2016 2239 quo-

438 2250 583 2304 niam
613 2259 668 2304 tu
709 2251 914 2306 salvum
963 2255 1128 2308 facias
1176 2257 1342 2311 Israel
1398 2261 1448 2312 in
1495 2276 1655 2314 manu
1705 2277 1844 2316 mea.
1885 2283 1902 2314 ι
1950 2265 2014 2319 Et

435 2357 560 2396 cum
592 2343 929 2412 poposcisset
973 2347 1248 2402 Gedeona
1289 2351 1395 2404 Deo
1425 2352 1638 2422 siguutn
1687 2355 1856 2419 istud,
1905 2371 2015 2410 me-

436 2432 842 2489 ruitedectum.
892 2437 997 2492 Sed
1045 2453 1193 2506 esto,
1249 2442 1634 2511 impetraveris
1670 2446 1804 2512 hoc,
1837 2464 1870 2502 ο
1909 2449 2014 2504 Ge-

433 2529 574 2584 deon
609 2531 721 2602 (82)
757 2548 771 2584 :
803 2532 933 2600 quid
983 2543 1037 2585 et
1073 2533 1275 2601 accipis
1303 2535 1474 2589 vellus
1505 2535 1643 2590 laute
1674 2539 1724 2590 in
1760 2553 1919 2600 area,
1961 2550 2015 2594 et

434 2625 693 2692 exprimis
726 2624 778 2678 in
807 2625 1046 2694 pelvim?
1089 2625 1225 2692 Quid
1269 2637 1321 2681 te
1349 2631 1616 2696 permovit
1646 2631 1749 2686 hoc
1790 2633 2013 2687 facere?

437 2709 543 2766 Sed
581 2724 734 2777 esto,
779 2715 1162 2784 impetraveris
1207 2719 1442 2785 primqu
1473 2721 1725 2790 signum,
1777 2725 1904 2794 quid
1955 2733 2010 2779 ιιι

433 2805 728 2859 secundum
784 2808 946 2860 etiam
1004 2807 1214 2874 signum
1271 2822 1584 2876 permutato
1635 2829 1699 2869 ac
1757 2831 2012 2884 perverso

437 2887 627 2942 ordine
682 2891 964 2957 posceres?
1017 2891 1282 2948 Fortassis
1334 2898 1480 2951 enim
1534 2899 1664 2953 dicit
1709 2903 1900 2972 aliquis
1935 2920 2002 2960 ex

2127 420 2265 474 ratio
2320 418 2761 487 deprehenditur.
2808 415 2941 471 Vide
2984 432 3198 471 omnem
3251 418 3396 470 hunc
3439 417 3718 485 populum

2125 513 2216 580 qui
2251 526 2347 580 per
2399 524 2612 562 onmem
2669 519 2868 562 terram
2915 524 2980 563 ex
3019 508 3270 576 gentibus
3338 519 3721 577 congregatus

2123 612 2242 666 est,
2295 603 2582 656 habentem
2627 615 2772 654 nunc
2824 601 2878 653 in
2933 615 2991 654 se
3030 615 3206 652 rorem
3255 600 3522 653 divinum.
3572 599 3721 653 Vide

2123 710 2244 748 eum
2271 692 2434 764 Moysi
2474 707 2598 746 rore
2648 691 2854 745 infundi
2887 731 2897 754 ,
2948 693 3330 758 prophetarum
3371 691 3580 746 litteris
3639 692 3721 744 ir—

2124 785 2317 838 rorari.
2377 783 2506 838 Vide
2561 799 2684 836 eum
2735 783 2901 836 etiam
2952 784 3003 834 in
3040 783 3350 852 evangelica
3384 793 3438 836 et
3478 793 3718 852 aposto-

2122 875 2227 927 lico
2256 875 2484 928 humore
2523 874 2883 938 viridantem;
2926 874 3054 926 illud
3089 881 3268 927 autem
3305 873 3508 936 vellus,
3541 874 3598 926 id
3627 883 3717 927 est

2121 962 2410 1019 Judaicum-
2456 965 2732 1034 populum,
2783 965 3089 1018 siccitatem
3121 975 3175 1019 et
3209 965 3516 1019 ariditatem
3551 967 3715 1019 verbi
3754 969 3760 971 ’

2121 1057 2448 1124 patientem,
2481 1056 2774 1109 secundum
2819 1056 2962 1123 quod
3013 1057 3272 1124 scriptum
3319 1064 3402 1110 est
3455 1055 3519 1119 ¹³,
3572 1057 3714 1125 quia

2127 1166 2145 1197 ι
2181 1155 2341 1200 erunt
2390 1146 2482 1200 [itii
2522 1145 2685 1200 Israel
2722 1146 2888 1200 multo
2941 1157 3186 1215 tempore
3220 1146 3339 1199 sine
3386 1161 3550 1216 rege,
3584 1146 3714 1201 sine

2122 1241 2382 1308 propheta
2401 1280 2416 1304 ,
2448 1255 2552 1296 nou
2579 1240 2679 1293 erit
2709 1239 2884 1293 altare
2905 1279 2920 1304 ,
2945 1253 3120 1306 neque
3160 1240 3335 1292 hostia
3357 1283 3369 1303 ,
3406 1253 3587 1308 neque
3616 1254 3712 1292 5:.-

2122 1333 2407 1388 crificium.
2450 1352 2467 1384 ι
2502 1333 2733 1387 Intueris
2763 1341 2965 1400 quanta
2993 1333 3134 1400 apud
3162 1331 3281 1386 illos
3304 1332 3531 1386 siccitas
3569 1346 3706 1400 per-

2121 1434 2334 1488 manet,
2370 1433 2572 1494 quanta
2611 1424 2691 1478 eis
2723 1424 2949 1477 ariditas
2974 1423 3140 1475 divini
3177 1424 3451 1476 sermonis
3490 1424 3704 1476 evenit.

2121 1517 2245 1570 Ilmc
2271 1516 2482 1584 quidem
2516 1514 2668 1569 nobis
2690 1555 2704 1577 ,
2730 1516 2870 1568 sicut
2905 1513 3060 1568 fateri
3093 1513 3286 1578 decet,
3323 1529 3390 1567 ex
3425 1512 3705 1580 majorum

2122 1609 2304 1663 labore
2337 1608 2536 1662 collata
2570 1614 2720 1670 sunt,
2764 1620 2950 1659 verum
2995 1607 3249 1674 quoniam
3293 1605 3455 1658 etiam
3491 1621 3563 1659 ex.
3596 1621 3668 1658 an
3698 1637 3704 1645 -

2123 1701 2236 1754 dito
2272 1703 2437 1754 verbo
2469 1714 2497 1751 a
2532 1697 2893 1766 sapientibus,
2931 1699 3072 1752 sicut
3119 1698 3379 1765 scriptum
3418 1707 3536 1760 cst,
3579 1699 3702 1751 col-

2124 1792 2346 1846 laudare
2372 1792 2662 1855 debemus,
2710 1800 2762 1844 et
2810 1791 3049 1860 adjicere
3102 1791 3168 1844 ad
3217 1791 3375 1857 illud,
3412 1792 3703 1846 videamus

2123 1885 2248 1956 quid
2275 1885 2438 1938 etiam
2471 1883 2907 1952 supertediticare
2941 1883 3211 1950 possimus
3236 1883 3288 1935 in
3317 1883 3533 1938 talibus.
3559 1883 3696 1936 Cum

2123 1977 2570 2046 septuagesimum
2600 1975 2828 2043 primum
2851 1974 3112 2040 psalmum
3135 1972 3277 2043 apud
3307 1974 3690 2042 memetipsum

2123 2085 2263 2138 saepe
2311 2069 2674 2128 discuterem,
2728 2065 2896 2119 movit
2928 2080 3011 2119 me
3056 2065 3108 2117 in
3169 2066 3310 2119 hanc
3361 2081 3510 2128 rem,
3547 2067 3692 2134 quod

2122 2179 2242 2216 cum
2296 2163 2584 2216 adventum
2617 2161 2819 2215 Christi
2855 2161 2906 2213 in
2963 2175 3026 2214 eo
3075 2159 3437 2224 describeret,
3475 2161 3529 2215 in
3575 2163 3696 2230 ipso

2121 2255 2284 2309 etiam
2333 2256 2436 2309 hoc
2460 2252 2655 2307 asserit
2684 2261 3002 2306 eventurmn
3041 2270 3054 2306 :
3090 2269 3109 2302 ι
3154 2251 3219 2305 Et
3251 2253 3578 2315 descendet,
3608 2254 3694 2305 in-

2120 2346 2240 2417 quit
2273 2345 2337 2410 ”,
2371 2345 2514 2398 sicut
2540 2344 2719 2413 pluvia
2752 2329 2807 2396 ni
2833 2342 3022 2408 vellus,
3051 2350 3106 2397 et
3143 2343 3281 2395 sicut
3303 2343 3563 2397 stillantia
3592 2359 3687 2398 su-

2121 2455 2216 2508 per
2270 2447 2490 2490 tcrram.
2539 2454 2558 2487 ι
2601 2435 2779 2489 Vellus
2811 2435 2896 2488 hic
2931 2435 3272 2498 nominatur,
3318 2434 3486 2488 vellus
3525 2446 3580 2488 et
3629 2437 3685 2490 in

2120 2530 2351 2585 Psalmis
2389 2529 2746 2584 describitur.
2793 2527 3081 2582 Descendit
3111 2529 3254 2581 enim
3286 2529 3427 2582 sicut
3469 2528 3685 2596 pluvia,

2121 2624 2295 2692 inquit
2363 2638 2556 2691 ,super
2584 2621 2770 2675 vellus.
2799 2621 3080 2674 Descendit
3102 2636 3230 2691 ergo
3260 2622 3312 2674 in
3356 2621 3483 2674 illud
3515 2621 3686 2678 vellus

2120 2716 2297 2786 populi
2345 2714 2815 2778 circumcisiouis,
2850 2723 2904 2768 et
2938 2715 3073 2768 sicut
3112 2714 3385 2768 stillicidia
3424 2714 3678 2770 stillantia

2119 2825 2277 2878 super
2307 2817 2505 2862 terram
2538 2824 2551 2860 :
2591 2809 2692 2861 hoc
2731 2816 2814 2861 est
2857 2822 3021 2876 super
3062 2806 3318 2874 reliquam
3366 2817 3562 2861 [errant
3589 2808 3679 2861 de-

2117 2900 2327 2952 scendit
2384 2897 2639 2951 Dominus
2693 2906 2878 2951 noster
2925 2895 3082 2950 Jesus
3137 2895 3420 2956 Christus.
3473 2897 3676 2950 stillans

438 2979 521 3042 ίίει
552 2980 643 3048 qui
682 2982 940 3038 attentius
987 2985 1212 3041 andiunt
1259 3003 1379 3057 quae
1424 2991 1702 3062 leguntur,
1737 2999 1860 3066 quia
1893 3016 1999 3054 ῃοη
2031 3025 2078 3088 C
2116 2991 2278 3045 etiam
2320 3004 2482 3057 super
2525 3002 2656 3050 nos,
2688 2996 2742 3039 et
2779 2997 2957 3056 guttas
2989 2985 3146 3040 nobis
3196 3001 3410 3055 quoque
3453 2986 3678 3041 atl'ercns

436 3070 687 3126 videntur
742 3076 1029 3131 convenire
1082 3079 1196 3134 hmc
1247 3083 1314 3135 ad
1362 3084 1503 3138 istud
1556 3089 1699 3156 quod
1742 3092 1999 3161 scriptum

433 3169 518 3214 cst
544 3163 582 3193 “
612 3181 624 3215 :
658 3182 675 3214 ι
707 3163 823 3218 Non
847 3168 1079 3222 tentabis
1102 3170 1387 3226 Dominum
1411 3177 1580 3230 Deum
1607 3187 1778 3243 tuum,
1812 3201 1830 3233 ι
1857 3185 2000 3251 quod

433 3256 521 3310 lex
550 3260 824 3328 praecepit.
877 3260 985 3316 Sed
1013 3265 1192 3318 exitus
1223 3267 1297 3318 rei
1335 3270 1492 3322 docet
1524 3284 1628 3323 non
1658 3284 1780 3325 esse
1818 3283 2004 3327 contra

438 3349 746 3402 mandatum
772 3349 995 3406 factum.
1033 3353 1218 3424 Neque
1243 3359 1386 3410 enim
1441 3363 1721 3415 exaudiret
1752 3363 1890 3418 Deus
1918 3380 2008 3434 pe-

436 3437 682 3493 titionem
729 3449 917 3496 contra
975 3443 1143 3513 lrgem
1182 3446 1383 3514 aliquid
1410 3451 1814 3519 deposcentcm.
1857 3453 2008 3511 Nunc

433 3537 613 3583 autem
661 3546 782 3585 cum
835 3533 1115 3589 videamus
1152 3537 1276 3604 quia
1320 3548 1374 3594 et
1414 3541 1464 3594 in
1510 3541 1684 3612 primo
1717 3547 1871 3616 signo
1920 3565 2006 3602 ros

433 3619 628 3673 cecidit
683 3636 850 3691 super
897 3625 1069 3681 vellus
1114 3627 1282 3692 laua',
1349 3630 1401 3686 in
1449 3635 1593 3688 omni
1653 3647 1831 3692 autem
1864 3648 2004 3694 terra

433 3711 576 3765 facta
609 3724 692 3767 est
729 3717 978 3781 siccitas,
1008 3729 1062 3772 ct
1084 3719 1135 3773 in
1171 3723 1414 3778 secundo
1454 3741 1621 3794 super
1651 3743 1863 3783 onmem
1897 3741 2004 3786 ter-

433 3818 546 3859 ram
583 3805 776 3860 cecidit
807 3823 895 3862 ros
931 3827 943 3862 :
977 3809 1198 3865 siccitas
1233 3823 1415 3869 autem
1446 3815 1548 3868 fuit
1581 3817 1634 3870 in
1684 3820 1914 3884 vellere,
1951 3825 2002 3876 in

433 3911 540 3965 quo
583 3907 636 3953 et
683 3899 932 3953 fiduciam
983 3899 1179 3969 accipit
1227 3903 1441 3960 Gedeon
1481 3909 1607 3976 quia
1663 3909 1916 3967 Dominus
1952 3915 2002 3968 iu

432 4002 594 4042 manu
640 3988 756 4056 ejus
787 3992 990 4046 salvum
1036 3994 1238 4050 faceret
1279 3995 1391 4067 (85)
1426 3997 1620 4061 Israel,
1659 4001 1886 4056 videnda
1921 4013 2004 4057 est

432 4079 590 4148 hujus
634 4083 873 4152 mysterii
913 4087 1086 4149 ratio,
1116 4089 1182 4144 de
1208 4104 1315 4157 qua
1351 4091 1571 4145 memini
1603 4093 1767 4146 etiam
1814 4109 2003 4163 quem-

432 4173 552 4226 dam
579 4188 648 4228 ex
674 4176 1164 4243 praedecessoribus
1193 4183 1391 4237 nostris
1421 4184 1472 4236 in
1505 4183 1698 4239 libellis
1732 4188 1864 4251 suis,
1893 4189 2003 4243 vel-

432 4265 514 4320 lus
560 4267 698 4322 lame
736 4271 989 4339 populum
1033 4273 1235 4328 dixisse
1290 4275 1486 4342 Israel,
1525 4277 1786 4347 reliquam
1823 4291 2000 4334 autem

2117 3083 2258 3137 roris
2284 3081 2519 3136 cmlestis
2541 3119 2556 3143 ,
2593 3088 2652 3133 ut
2678 3089 2734 3133 et
2759 3093 2856 3133 nos
2885 3079 3128 3132 bibamus
3157 3078 3249 3147 qui
3272 3093 3492 3132 eramus
3522 3094 3677 3146 super

2115 3189 2328 3229 onmem
2364 3183 2564 3228 terram
2602 3172 2716 3242 jugi
2760 3171 3011 3225 ariditate
3051 3170 3261 3225 siccati.
3318 3170 3474 3224 Hunc
3519 3171 3677 3239 igitur

2116 3269 2358 3338 mysterii
2391 3267 2636 3321 ordinem
2687 3264 2905 3318 Gedeon
2957 3273 3175 3318 sanctus
3226 3265 3544 3333 prophetico
3574 3265 3681 3332 spi-

2114 3359 2220 3412 ritu
2253 3370 2545 3421 contuens,
2582 3373 2686 3410 non
2724 3355 2897 3410 solum
2931 3357 3163 3424 primum
3198 3357 3409 3425 signum
3442 3356 3681 3426 poposcit

2115 3465 2144 3502 a
2177 3451 2319 3513 Deo,
2368 3449 2464 3503 sed
2499 3459 2554 3503 et
2594 3450 2890 3503 secundum
2930 3461 3194 3502 converso
3233 3448 3422 3502 ordine
3468 3448 3675 3517 repetit.

2115 3542 2327 3597 Sciebat
2357 3542 2501 3597 enim
2529 3556 2702 3595 rorem
2727 3541 2970 3594 divinum
2992 3579 3005 3604 ,
3039 3540 3128 3607 qui
3166 3549 3248 3594 est
3273 3540 3538 3594 adventus
3560 3538 3675 3595 Filii

2114 3637 2226 3697 Dei,
2261 3651 2366 3690 non
2399 3636 2574 3689 solum
2606 3633 2836 3698 Iudaeis,
2887 3635 2981 3689 sed
3021 3644 3074 3692 et
3111 3632 3458 3701 postmodum
3514 3634 3674 3686 etiam

2113 3728 2362 3796 gentibus
2399 3743 2520 3782 esse
2571 3737 2897 3792 venturum,
2928 3727 3179 3794 quoniam
3217 3729 3436 3795 quidem
3486 3743 3550 3782 ex
3595 3728 3678 3781 in-

2112 3821 2428 3876 credulitate
2458 3819 2621 3874 Isracl
2651 3819 2796 3874 salus
2825 3819 2883 3872 tit
2910 3822 3180 3889 gentibus.
3210 3821 3274 3874 Et
3307 3823 3407 3875 hoc
3430 3831 3514 3876 est
3537 3821 3674 3889 quod

2110 3928 2207 3981 pro
2237 3912 2490 3966 ariditate
2536 3911 2754 3966 velleris
2806 3913 3055 3966 universa
3094 3920 3235 3966 terra
3286 3914 3466 3982 gratia
3512 3913 3673 3967 divini

2113 4006 2250 4060 roris
2283 4005 2604 4059 infunditur.
2637 4004 2742 4058 Sed
2774 4013 2828 4059 et
2861 4005 2987 4058 illud
3019 4006 3071 4058 in
3103 4007 3202 4059 hoc
3234 4004 3376 4060 facto
3419 4007 3518 4060 viri
3547 4006 3673 4059 lide—

2110 4099 2298 4152 Iissimi
2327 4096 2596 4151 Gedeonis
2621 4100 3052 4164 praetereundum
3090 4099 3312 4152 minime
3340 4109 3470 4168 puto
3492 4143 3506 4165 ,
3537 4099 3673 4168 quod

2111 4189 2266 4244 nobis
2289 4191 2353 4244 ad
2386 4189 2614 4242 formam
2646 4199 2822 4256 potest
2851 4191 3075 4243 cautela:
3099 4191 3357 4260 spiritalis
3396 4192 3672 4247 accedere.

2109 4280 2365 4350 Angel‘um
2390 4280 2560 4342 vidit,
2594 4281 2686 4334 sed
2718 4281 2799 4333 vir
2817 4282 3060 4335 eruditus
3091 4291 3145 4335 et
3186 4283 3521 4350 habensjam
3551 4284 3670 4340 .Iesu

430 4367 636 4414 terram
674 4363 910 4432 reliquas
955 4375 1145 4433 gentes
1189 4368 1464 4435 posuisse,
1495 4379 1552 4423 ct
1590 4385 1764 4424 rorem
1786 4373 1877 4439 qui
1916 4389 2003 4426 ce-
2038 4387 2083 4440 ι)
2111 4372 2452 4441 prmcessoris
2487 4371 2823 4440 exemplum,
2865 4373 3078 4426 cautius
3111 4373 3244 4442 agit.
3277 4373 3498 4428 Sciebat
3532 4377 3669 4430 enim

428 4451 564 4506 cidit
593 4469 755 4522 super
784 4456 955 4510 vellus
977 4496 994 4520 ,
1022 4458 1244 4518 verbum
1281 4460 1372 4514 Dei
1408 4475 1529 4516 esse
1549 4501 1562 4525 ,
1608 4464 1749 4531 quod
1798 4463 1876 4518 illi
1905 4466 2006 4519 soli

429 4545 627 4613 p0pulo
655 4547 872 4602 caelitus
914 4547 1104 4604 fuisset
1136 4549 1425 4608 indultum.
1451 4554 1625 4622 Supra
1649 4556 1820 4610 solum
1854 4573 2006 4611 nam-

427 4653 534 4705 que
577 4639 742 4693 Israel
785 4656 875 4696 ros
912 4641 1109 4696 divina:
1150 4642 1285 4714 legis
1330 4643 1644 4700 advenerat.
1691 4647 2003 4701 Siccitatem

431 4738 612 4782 autem
658 4729 929 4785 habebant
957 4747 1146 4787 omnes
1176 4743 1364 4803 gentes
1393 4752 1408 4788 :
1441 4739 1565 4804 quia
1601 4738 1778 4793 nullus
1821 4740 1868 4793 ei
1908 4741 2004 4793 lm-

429 4834 547 4871 mor
590 4821 754 4874 divini
784 4823 1166 4880 infundebatur
1192 4825 1407 4897 eloquii.
1441 4827 1674 4883 Secundi
1707 4845 1836 4885 vero
1867 4835 2002 4890 ratio

429 4911 569 4980 signi
605 4915 657 4968 in
697 4917 1029 4971 contrarium
1062 4929 1423 4986 permutatur,
1449 4921 1503 4974 in
1536 4937 1644 4991 quo
1674 4924 1750 4977 ait
1776 4925 1818 4956 ¹²
1847 4945 1858 4980 :
1889 4944 1908 4976 ι
1933 4926 2002 4982 Ut

428 5017 596 5071 supra
646 5023 861 5063 omnem
891 5019 1092 5064 terram
1147 5026 1236 5066 ros
1288 5012 1609 5076 descendat,
1642 5029 1804 5085 supra
1836 5020 2004 5076 vellus

507 5190 551 5267 ξ’
574 5190 711 5267 _Jud.
741 5207 816 5256 vt,
852 5191 941 5267 5_6,
1125 5195 1179 5267 _f‘
1210 5159 1364 5249 Deut.
1392 5211 1469 5258 vr,
1497 5196 1596 5267 16.7
1635 5198 1705 5267 _"
1731 5198 1850 5253 Jud.
1881 5217 1955 5267 vr,
1987 5205 2074 5259 59.

436 5260 482 5291 ”
511 5260 528 5314 I
561 5261 716 5319 .Ioau.
747 5279 820 5328 ιν,
865 5263 917 5317 I.
995 5265 1033 5294 ³⁷
1065 5263 1082 5318 1
1114 5265 1239 5320 (lor.
1290 5282 1358 5330 Il,
1392 5268 1479 5320 I5.
1561 5266 1601 5296 ³⁸
1626 5265 1737 5324 Jos.
1765 5285 1827 5336 v,
1867 5260 1952 5326 13;

507 5399 620 5468 (8|)
656 5398 1040 5467 Interpretatur
1078 5414 1248 5456 autem
1286 5403 1501 5458 Abiezer
1518 5406 1686 5470 patris
1720 5407 1820 5459 mei
1850 5409 2004 5460 auxi-

435 5467 585 5541 h’am.
615 5471 688 5523 Ex
717 5479 846 5537 inst,
885 5490 902 5522 ι
938 5482 1087 5541 pater
1123 5490 1291 5534 meus,
1339 5494 1357 5525 ι
1403 5485 1456 5526 et
1483 5467 1585 5537 Ἵξῖ
1613 5494 1629 5524 ι
1665 5478 1943 5530 auxilium.
1977 5497 1997 5530 ι

438 5539 634 5617 Ibidem
669 5557 824 5617 mss.,
868 5560 904 5617 ς-
924 5539 1026 5617 non
1041 5557 1171 5614 ergo
1192 5544 1460 5598 hominem
1495 5548 1753 5613 aliquem,
1793 5550 1883 5601 sed
1911 5564 1999 5617 pa-

440 5612 535 5665 tris
571 5612 786 5665 summi.
819 5631 835 5663 ι
869 5612 1026 5678 Editi,
1063 5635 1080 5665 ι
1111 5612 1236 5670 ἰιυιι
1286 5631 1414 5686 ergo
1448 5612 1704 5673 humilem
1745 5612 1998 5688 aliquem,

2106 4461 2362 4531 possibile
2399 4476 2522 4516 esse
2545 4461 2708 4515 etiam
2744 4463 2965 4530 angelos
2999 4464 3341 4517 tenebrarum
3391 4467 3672 4535 transfigu-

2107 4569 2226 4606 rare
2264 4571 2323 4608 se
2356 4555 2410 4607 in
2455 4555 2676 4624 angelos
2723 4555 2860 4609 lucis
2892 4556 2936 4585 ¹⁵
2968 4574 2982 4609 :
3011 4566 3064 4609 et
3115 4557 3232 4612 ideo
3278 4561 3672 4614 examinatione

2105 4647 2419 4700 cautissima
2439 4688 2454 4710 ,
2499 4647 2650 4713 volo,
2681 4647 2856 4716 inquit
2886 4651 3116 4716 probare
3143 4650 3394 4717 spiritum
3427 4651 3470 4703 si
3509 4667 3538 4704 a
3570 4651 3671 4704 Deo

2109 4740 2295 4802 est“,
2341 4740 2464 4808 quia
2514 4758 2532 4789 ι
2574 4740 2836 4808 spiritalis
2879 4741 3154 4794 examinat
3199 4744 3379 4795 omnia
3413 4744 3475 4796 ".
3520 4763 3539 4795 ι
3586 4743 3673 4797 5ιο

2111 4843 2348 4897 namque
2376 4845 2672 4898 praecessor
2703 4829 2820 4897 ejus
2865 4829 3065 4884 fecerat
3110 4829 3238 4885 Jesu
3266 4831 3412 4887 Nave
3441 4834 3484 4864 ¹⁸
3502 4874 3518 4896 ,
3549 4851 3669 4886 cum

2109 4923 2403 4991 principem
2428 4923 2631 4977 militiae
2669 4924 2905 4978 caelestis
2934 4923 3192 4979 vidisset:
3232 4924 3454 4994 inquirit
3495 4930 3672 4980 διώδ-

2110 5018 2265 5081 cutit,
2306 5018 2351 5070 si
2397 5025 2584 5070 noster
2619 5015 2725 5081 sit,
2772 5031 2841 5068 an
2876 5016 3332 5071 adversariorum.
3370 5017 3486 5072 Iloc
3518 5022 3672 5073 modo

2156 5204 2197 5233 ’³
2225 5199 2350 5257 Ose.
2381 5217 2475 5265 ιιι,
2510 5199 2565 5255 4.
2645 5201 2688 5230 ³⁸
2714 5198 2856 5253 Psal.
2895 5213 2988 5265 xx,
3012 5197 3067 5252 6.
3146 5200 3189 5232 ³⁸
3219 5198 3262 5253 Il
3293 5201 3420 5256 Cor.
3446 5201 3666 5266 3:1,“.

2110 5410 2200 5464 sed
2229 5409 2401 5477 patris
2427 5409 2534 5463 sui.
2567 5429 2586 5461 ι

2181 5480 2291 5547 (82)
2321 5480 2450 5532 Mss.
2487 5500 2504 5531 ‹
2545 5479 2919 5549 impetraveris
2966 5478 3258 5536 cllicaciam
3298 5481 3472 5551 signi,
3498 5499 3532 5538 o
3565 5479 3668 5538 Ge-

2159 5567 2264 5599 )(Ill.
2308 5569 2324 5599 Ι

2108 5552 2462 5698 δεῖέξίιιδε.
2503 5638 2522 5672 ι
2560 5619 2782 5676 faceret.
2817 5638 2836 5674 ι
2874 5620 3036 5690 Editi,
3082 5639 3100 5674 ι
3133 5621 3316 5678 faciat.
3355 5639 3377 5676 ι
