4046 6152
292 235 390 292 985

1337 240 1403 297 IN
1438 243 1696 303 LIBRUM
1733 246 2031 306 JUDICUM
2067 248 2351 306 HOMILIA
2379 251 2470 310 IX.

3435 261 3534 316 986

293 352 448 406 etiam
502 348 881 403 sanctissimus
923 347 1141 405 Gedeon
1184 353 1408 410 discutit
1453 362 1751 429 angelicam
1779 368 1861 417 vl-
1888 370 1935 425 Α
1964 366 2175 434 accipio
2205 381 2401 435 aquam
2432 374 2488 420 et
2540 365 2733 420 oaurio
2766 367 2831 421 de
2854 366 3091 424 fantibus
3140 368 3336 435 Israel,
3373 388 3534 442 quam

292 444 521 507 sionem,
547 442 865 496 diversitate
885 452 936 496 et
969 444 1343 501 immutatione
1364 449 1665 519 signorum.

357 534 408 589 5.
447 534 554 589 Sed
607 544 663 589 et
732 535 859 589 illttd
899 540 1038 604 quod
1084 539 1158 591 ait
1210 540 1466 609 Gedeou,
1502 543 1706 598 Ponam
1748 545 1854 599 velo

290 627 372 681 lus
428 642 535 681 non
593 629 922 698 ubicunque,
995 647 1100 684 non
1159 633 1210 687 in
1281 650 1475 703 campo
1516 674 1534 699 ,
1581 652 1755 707 neque
1807 638 1858 691 in

290 719 463 783 saltu,
499 721 594 773 sed
625 722 676 773 in
701 737 827 774 area
849 762 864 784 ,
893 725 1053 791 quale.
1097 725 1190 780 tibi
1224 726 1469 781 videtur?
1502 728 1559 781 In
1596 744 1724 783 area
1770 730 1859 784 ubi

290 811 472 865 messi:
509 818 630 864 est:
666 828 684 862 ι
733 811 921 866 Messis
943 815 1158 882 quidem
1196 816 1397 884 multa,
1426 819 1859 886 operariiautem

290 900 443 968 pauci
479 899 542 955 ”.
573 900 814 964 Ponam',
847 902 1023 973 inquit
1053 904 1119 968 ὀ,
1155 904 1329 959 vellus
1354 906 1443 960 ubi
1492 908 1685 964 messis
1700 919 1804 964 est.
1836 929 1857 963 ι

288 992 421 1057 Quid
466 1002 711 1045 moverat
738 1005 989 1048 sanctum
1027 995 1202 1049 virum
1249 995 1490 1064 Gedeon,
1525 998 1610 1052 vel
1650 1001 1779 1069 quid
1810 1002 1862 1057 ei

291 1086 460 1138 visunt
510 1087 689 1139 fuerat
723 1096 780 1139 ut
810 1089 910 1142 hoc
942 1087 1190 1143 faceret?
1219 1088 1555 1146 Przevidebat
1575 1094 1719 1146 enim
1766 1109 1865 1162 per

289 1180 571 1248 spiritum,
612 1181 738 1249 quia
784 1179 1038 1235 Christus
1090 1181 1141 1234 in
1171 1196 1355 1236 aream
1416 1198 1569 1237 suam
1607 1185 1860 1253 populum

291 1287 441 1325 suum
488 1281 784 1343 congregat
818 1281 873 1326 et
897 1271 973 1327 ibi
1004 1286 1126 1326 eum
1168 1274 1465 1343 expur‘gat,
1510 1284 1703 1328 tenens
1735 1291 1866 1330 vcn-

292 1364 541 1418 tilahrunt
579 1365 632 1418 in
664 1379 824 1418 manu
855 1379 979 1427 sua,
1001 1374 1058 1418 et
1095 1363 1165 1418 ibi
1199 1363 1380 1433 paleas
1422 1376 1642 1434 separat
1671 1383 1700 1419 a
1745 1366 1865 1420 fru-

293 1467 469 1512 mento
500 1457 566 1510 “.
600 1456 718 1512 Non
748 1471 880 1528 ergo
915 1458 1032 1512 sine
1065 1472 1230 1512 causa
1258 1457 1343 1511 vir
1374 1466 1560 1512 tantus
1602 1469 1657 1514 et
1703 1460 1825 1512 talis
1847 1500 1863 1525 ,

295 1546 446 1618 cujus
489 1558 547 1602 et
593 1558 820 1602 sanctus
859 1549 1153 1616 Apostolus
1201 1549 1268 1603 ad
1320 1547 1576 1605 llebracos
1623 1550 1867 1605 scribens

292 1639 416 1693 facit
438 1640 490 1692 in
519 1640 905 1708 prophetarum
936 1639 1188 1710 catalogo
1220 1643 1548 1695 mentionem
1581 1642 1648 1706 “,
1679 1657 1861 1695 aream

1960 456 2206 526 exprimo
2233 458 2300 512 de
2349 457 2645 511 Israelitico
2669 458 2890 517 vellere.
2923 460 3177 529 Exprimo
3205 465 3348 516 enim
3379 468 3538 519 modo

1961 563 2155 617 aquam
2198 563 2230 602 e
2274 547 2473 603 vellere
2531 549 2652 603 libri
2707 548 2989 614 Judicum,
3039 562 3095 606 et
3138 553 3245 608 alio
3299 563 3539 622 tempore

1963 654 2155 707 aquam
2192 640 2260 694 de
2304 641 2501 694 vellere
2538 640 2881 712 Regnorum,
2915 652 2970 696 et
3002 658 3196 712 aquam
3235 645 3302 700 de
3341 646 3539 702 vellere

1963 732 2141 795 lsaim,
2178 732 2260 786 vel
2294 731 2585 787 Jeremize:
2627 744 2683 787 et
2715 734 2870 789 mitto
2914 749 3033 787 eam
3084 736 3136 788 in
3184 734 3379 804 pelvim
3424 734 3538 787 ani-

1965 843 2066 882 tum
2089 868 2105 893 ,
2140 828 2454 895 concipiens
2494 843 2716 883 sensum
2770 832 2821 883 in
2848 831 3016 885 corde
3059 846 3179 885 meo
3207 845 3222 885 :
3254 843 3309 886 et
3331 832 3539 899 accipio

1964 919 2126 989 pedes
2159 934 2345 973 eorum
2377 920 2552 989 quise
2594 922 2836 989 praebent
2864 930 2919 976 et
2955 932 3263 992 praeparant
3304 923 3370 977 ad
3421 937 3536 978 cae-

1965 1011 2202 1063 nandum
2226 1048 2242 1074 ,
2279 1018 2333 1063 et
2364 1010 2682 1079 inquaulum
2710 1011 3011 1079 praevaleo,
3036 1013 3235 1084 lavare.
3250 1013 3410 1082 cupio
3439 1012 3537 1081 peé

1964 1105 2059 1156 des
2113 1099 2341 1155 fratrum
2377 1117 2621 1158 meorum
2677 1111 2732 1157 et
2765 1105 3041 1173 complere
3081 1107 3395 1159 mandatum
3429 1104 3535 1157 Do-

1966 1202 2096 1255 mini
2137 1217 2151 1253 :
2189 1210 2247 1254 ut
2298 1201 2349 1254 in
2394 1201 2560 1256 verbo
2594 1201 2855 1257 doctrina:
2878 1210 3177 1272 purgentur
3202 1201 3477 1255 auditores
3507 1215 3535 1253 a

1964 1293 2219 1348 sordibus
2241 1302 2588 1363 peccatorum
2609 1334 2625 1359 ,
2648 1303 2703 1350 et
2740 1294 3000 1364 abjiciant
3027 1309 3056 1346 a
3099 1309 3159 1348 se
3192 1308 3407 1347 omnem
3439 1293 3542 1347 imo

1966 1386 2286 1440 munditiam
2311 1386 2563 1440 vitiorum
2582 1424 2596 1450 ,
2622 1395 2677 1440 et
2703 1388 2931 1441 mundos
2961 1386 3199 1441 habeant
3234 1386 3397 1456 pedes
3421 1388 3537 1455 qui—

1967 1475 2068 1531 bus
2104 1485 2252 1531 recte
2286 1477 2662 1546 ingrediantur
2695 1478 2763 1532 ad
2807 1481 3259 1548 praeparationem
3293 1479 3535 1549 Evange-

1967 1565 2025 1620 lii
2049 1568 2200 1637 pacis
2235 1586 2248 1621 :
2290 1580 2348 1622 ut
2395 1584 2587 1625 omnes
2637 1570 2799 1625 simul
2834 1571 2887 1624 in
2960 1569 3177 1626 Christo
3224 1570 3350 1627 Jesu
3387 1571 3540 1642 puri-

1969 1658 2113 1713 ﬁcati
2144 1673 2241 1730 per
2265 1662 2507 1728 verbum,
2527 1677 2632 1716 non
2659 1661 2979 1729 abjiciamur
2998 1664 3065 1718 de
3095 1664 3333 1717 thalamo
3357 1664 3536 1733 sponsi

291 1732 477 1822 elegit.
504 1733 569 1784 ad
593 1729 762 1822 vellus
790 1732 1147 1822 ponendum:
1178 1745 1278 1786 nec
1304 1732 1422 1822 sint:
1444 1747 1609 1786 causa
1637 1747 1862 1801 expres-
1894 1727 1934 1781 Β
1964 1766 2061 1822 pro
2103 1727 2338 1808 mdis
2403 1727 2764 1819 indumentis;
2813 1756 2908 1810 sed
2966 1756 3212 1810 candidis
3266 1727 3537 1821 vestibus,

289 1822 357 1875 sit
381 1821 550 1874 vellus
593 1821 646 1874 in
676 1820 869 1890 pelvim
891 1862 906 1887 ,
938 1821 1154 1890 quando
1203 1832 1256 1874 et
1292 1821 1519 1890 replevit
1545 1837 1664 1875 eam
1697 1838 1860 1891 aqua.

291 1912 645 1979 lleqniralntts
677 1920 731 1964 et
762 1912 828 1964 de
860 1911 959 1964 hoc
992 1911 1043 1964 iu
1071 1908 1369 1980 Scripturis
1388 1911 1595 1966 sanctis
1617 1952 1633 1978 ,
1667 1914 1709 1966 si
1742 1927 1863 1980 quze

302 2003 455 2049 ltODlS
499 2004 659 2049 etiam
695 1998 855 2063 hujus
903 1998 1269 2071 intelligentiae
1310 2012 1594 2072 prmstalur
1629 2006 1858 2061 occasio.

302 2093 591 2148 Veniamus
628 2095 696 2149 ad
732 2095 1097 2167 Evangelium.
1142 2098 1451 2156 Invenimus
1487 2101 1560 2156 ibi
1600 2103 1644 2133 ’³
1680 2103 1866 2157 Domi-

300 2210 427 2247 num
466 2202 521 2247 et
560 2192 889 2250 Salvatorem
929 2207 1175 2252 nostrum
1213 2211 1499 2255 exuentem
1538 2202 1866 2258 vestimenta

299 2305 413 2353 sua,
444 2298 501 2344 et
537 2289 704 2345 linteo
740 2292 1085 2362 pnecinctum
1124 2294 1340 2349 mittere
1376 2296 1539 2368 476
1574 2315 1764 2367 aquam
1805 2298 1861 2358 in

285 2385 475 2454 pelvim
498 2426 514 2450 ,
544 2385 722 2441 lavare
753 2387 915 2456 pedes
946 2387 1340 2456 discipulorum
1392 2404 1638 2444 suorum.
1696 2388 1863 2447 Vides

285 2492 411 2548 ergo
434 2479 561 2548 quia
591 2479 705 2532 haec
735 2478 1132 2533 adumbrabaut
1166 2480 1461 2550 prophetae,
1491 2496 1607 2549 qua:
1631 2484 1861 2538 erantin

286 2570 595 2626 novissimis
627 2572 953 2639 temporibus
979 2571 1248 2639 implenda
1288 2588 1384 2641 per
1420 2573 1726 2630 Dominum.
1764 2574 1858 2630 Illa

282 2662 409 2732 ergo
438 2679 577 2732 aqua
611 2678 773 2731 quam
812 2665 1062 2718 mittebat
1086 2663 1247 2720 Jesus
1291 2666 1344 2719 in
1390 2666 1590 2734 pelvim
1622 2682 1710 2722 ros
1742 2678 1862 2723 erat

283 2758 467 2827 gratiae
507 2756 752 2811 cmlestis
797 2770 865 2811 ex
893 2773 1003 2827 quo
1031 2758 1245 2814 lavabat
1271 2758 1437 2829 pedes
1466 2759 1856 2829 discipulorum

282 2867 527 2906 suorum.
562 2849 717 2905 Unde
757 2860 815 2905 et
849 2851 1045 2906 merito
1077 2852 1294 2907 dicebat
1333 2852 1399 2906 ad
1432 2866 1530 2907 eos
1565 2853 1611 2884 ”
1642 2873 1656 2906 :
1689 2872 1707 2905 ι
1754 2853 1859 2909 Vos

282 2955 461 2998 autem
511 2945 696 2998 mundi
742 2944 873 2999 estis
904 2955 1126 3016 propter
1171 2944 1397 3000 verbum
1445 2947 1587 3014 quod
1642 2944 1857 3000 locutus

1961 1843 2090 1900 lotis
2121 1847 2351 1914 pedibus
2371 1886 2385 1911 ,
2415 1848 2597 1901 mundi
2633 1848 2819 1913 corde,
2847 1849 3229 1902 recumbamus
3264 1848 3315 1901 in
3350 1849 3540 1903 convi—

1965 1939 2054 1993 vio
2083 1939 2266 2008 sponsi
2291 1938 2461 2007 ipsius
2492 1937 2704 1994 Domini
2733 1939 2903 1993 nostri
2929 1938 3055 1994 Jesu
3079 1937 3302 2003 Christi,
3334 1938 3419 1992 cui
3456 1946 3545 1995 est

1962 2030 2132 2102 gloria
2155 2040 2214 2086 et
2236 2031 2523 2102 imperium
2562 2031 2616 2085 in
2643 2031 2841 2086 secula
2872 2033 3214 2087 smculorum.
3252 2031 3448 2085 Amen.

2549 2163 2828 2219 IlOlllLlA
2858 2163 2948 2218 IX.

2004 2273 2082 2331 De
2109 2275 2291 2346 prwlio
2327 2279 2464 2346 quod
2495 2272 2705 2329 Gedeon
2734 2292 2852 2356 cum
2888 2278 3131 2331 trecentis
3159 2277 3287 2331 viris
3315 2278 3492 2332 electis

2658 2355 2841 2416 gessit.

2040 2481 2089 2533 ι.
2115 2481 2308 2551 lugens
2331 2489 2446 2535 erat
2465 2481 2753 2535 multitudo
2777 2496 2896 2550 (ιιιέ
2918 2481 3198 2536 adversum
3223 2480 3388 2535 Israel
3411 2496 3535 2535 con-

1966 2581 2184 2642 gregata
2213 2582 2316 2633 est.
2351 2573 2424 2625 ita
2457 2580 2515 2626 ut
2546 2572 2771 2626 locustis
2803 2588 2911 2641 prae
2946 2572 3287 2625 multitudine
3320 2572 3534 2626 confer-

1965 2675 2173 2720 rentur.
2215 2682 2234 2716 ι
2266 2666 2334 2720 Et
2373 2664 2611 2731 cameli,
2647 2665 2827 2732 inquit
2850 2665 2926 2728 ’⁸,
2972 2681 3160 2719 eorum
3203 2667 3345 2720 sicut
3377 2682 3540 2720 arena

1960 2773 2084 2828 qua:
2112 2765 2194 2811 cst
2232 2759 2303 2812 ad
2336 2772 2492 2811 oram
2532 2757 2702 2810 maris
2734 2756 3172 2813 innumerabilis.
3208 2777 3227 2809 ι
3262 2759 3543 2824 Quomodo

1960 2864 2091 2912 ergo
2123 2848 2239 2903 haec
2262 2850 2499 2918 potuerit
2525 2859 2633 2902 tam
2665 2848 2948 2903 innumera
2985 2849 3274 2903 multitudo
3304 2849 3541 2904 hostium

1959 2941 2234 3011 superari,
2271 2941 2593 2996 videamus:
2628 2924 2908 3005 Exierunt,
2954 2942 3147 3010 inquit,
3192 2941 3299 2995 duo
3340 2950 3396 2996 et
3446 2941 3544 2995 tri-

271 3022 398 3090 'snm
434 3037 500 3090 ad
534 3052 650 3090 vos.
688 3055 707 3088 ι
757 3036 866 3092 Sed
920 3038 1023 3092 hoc
1078 3052 1179 3092 nos
1218 3040 1378 3091 modo
1415 3038 1461 3092 si
1515 3036 1853 3106 prabeatnus
1880 3066 1923 3124 ρ
1960 3036 2108 3103 ginta
2143 3033 2307 3087 millia
2332 3043 2664 3088 armatorum
2689 3048 2755 3087 ex
2783 3033 2908 3088 (iliis
2934 3031 3097 3087 Israel
3133 3046 3255 3086 cum
3281 3031 3536 3086 Gedeone

283 3129 444 3196 pedes
485 3138 736 3191 nostros,
784 3139 1005 3197 paratus
1048 3138 1132 3183 est
1178 3129 1438 3184 Dominus
1471 3127 1629 3183 Jesos
1674 3130 1856 3183 lavare

283 3221 450 3287 pedes
479 3222 677 3274 anima:
708 3231 913 3275 nostrae
933 3261 951 3286 ,
980 3231 1036 3276 et
1076 3234 1311 3291 purgare
1339 3235 1435 3275 eos
1466 3237 1588 3276 rore
1617 3221 1856 3277 cwlestis

281 3313 473 3382 gratia:
505 3314 747 3382 Spiritus
780 3314 951 3369 sancti
972 3353 988 3380 ,
1037 3314 1206 3368 verbo
1246 3314 1529 3368 doctrinae.
1558 3311 1675 3368 Non
1709 3314 1856 3368 enim

280 3405 424 3461 solos
454 3408 730 3475 apostolos
760 3409 990 3463 mundos
1016 3421 1137 3463 esse
1169 3406 1373 3470 voluit,
1404 3408 1497 3461 sed
1537 3420 1730 3460 omnes
1762 3407 1855 3476 qui

284 3501 520 3554 credunt
560 3514 657 3569 per
684 3500 908 3554 verbum
941 3500 1105 3555 illius.
1135 3499 1200 3552 Et
1232 3499 1485 3553 omnibus
1509 3499 1859 3554 credentibus

279 3592 412 3648 dicit
437 3590 567 3647 illud
590 3590 734 3661 quod
774 3602 830 3645 et
855 3590 1017 3645 Petro
1050 3590 1187 3645 dixit
1214 3591 1260 3622 ³⁸
1296 3608 1309 3644 :
1354 3608 1373 3642 ι
1407 3589 1519 3646 Nisi
1551 3590 1736 3646 lavero
1766 3603 1855 3657 te,

280 3702 384 3740 non
438 3685 665 3739 habebis
715 3692 923 3753 partem
963 3697 1198 3737 mecum.
1237 3702 1255 3734 ι
1301 3684 1519 3737 Certum
1570 3694 1655 3737 est
1711 3685 1856 3737 enim

278 3779 405 3848 quia
455 3791 613 3831 nemo
654 3776 824 3831 habet
860 3786 1069 3844 partem
1115 3790 1238 3829 cum
1293 3775 1512 3829 Christo
1548 3772 1654 3829 nisi
1699 3774 1862 3830 fuerit

280 3870 421 3924 lotus
471 3879 527 3925 et
565 3869 813 3922 mundus.
849 3865 1005 3931 Veni,
1053 3881 1270 3935 precor,
1323 3867 1550 3922 Domine
1601 3865 1729 3922 Jesu
1781 3867 1856 3921 fili

280 3962 487 4027 David,
537 3976 675 4016 exue
732 3971 783 4016 te
816 3960 1138 4016 vestimenta
1171 3975 1291 4029 quae
1346 3970 1438 4024 tu,
1495 3960 1750 4024 Domine,
1779 3960 1861 4013 iu-

279 4057 439 4110 dnisti
496 4065 714 4124 propter
762 4071 869 4119 me,
916 4066 972 4110 et
1028 4056 1317 4124 accingere
1372 4065 1593 4123 propter
1634 4069 1754 4121 me,
1804 4062 1859 4109 et

280 4154 430 4204 mitte
467 4165 663 4219 aquam
720 4149 772 4201 in
811 4148 1036 4217 pelvim,
1079 4157 1133 4201 et
1183 4148 1301 4200 lava
1359 4148 1523 4214 pedes
1578 4160 1858 4201 servorum

282 4254 523 4307 tuorum,
579 4251 635 4295 et
689 4241 834 4295 dilue
864 4242 1050 4294 sordes
1089 4241 1328 4293 filiorum
1378 4248 1434 4291 et
1462 4236 1695 4291 filiarum
1737 4246 1860 4292 tua-

284 4353 419 4390 rum.
444 4334 585 4388 Lava
613 4333 774 4401 pedes
799 4334 994 4386 anima:
1021 4342 1218 4386 nostrae
1237 4372 1250 4396 ,
1275 4340 1332 4384 ιιι
1363 4345 1462 4385 nos
1503 4339 1555 4383 te
1585 4329 1862 4383 imitantes

1957 3128 2221 3183 adversus
2266 3141 2482 3181 omnem
2535 3125 2691 3180 istam
2731 3125 3125 3179 multitudinem
3160 3139 3439 3193 pugnare.
3480 3124 3545 3178 Et

1960 3219 2102 3275 Deus
2133 3232 2390 3287 responsa
2421 3217 2571 3272 dedit
2624 3218 2688 3270 ad
2720 3216 2937 3273 Gedcou
2972 3217 3158 3271 dicens
3183 3218 3227 3249 "
3257 3235 3269 3270 :
3306 3235 3324 3269 ι
3366 3215 3546 3272 Gran-

1962 3309 2047 3367 dis
2072 3310 2360 3366 multitudo
2403 3318 2490 3365 est
2532 3319 2734 3364 tecum.
2772 3328 2790 3362 ι
2832 3310 2898 3363 Et
2951 3309 3083 3378 quid
3112 3309 3155 3363 si
3199 3312 3422 3377 grandis
3461 3318 3547 3364 est

1962 3404 2287 3461 multitudo?
2336 3403 2526 3459 Nonne
2562 3405 2614 3457 in
2663 3404 2821 3458 bellis
2883 3403 3227 3457 numerosior
3270 3403 3545 3458 exercitus

1963 3500 2158 3554 tutiora
2196 3506 2417 3567 praestat
2448 3496 2687 3551 subsidia
2716 3495 2870 3566 (8t)?
2899 3493 3256 3564 Nequaquam
3282 3536 3297 3557 ,
3335 3496 3540 3563 inquit,

1961 3595 2087 3663 quia
2116 3607 2221 3646 non
2254 3600 2382 3646 sunt
2413 3591 2648 3644 humana
2681 3589 2863 3658 prielia
2892 3607 2906 3642 :
2944 3605 3048 3642 non
3075 3590 3221 3642 enim
3254 3590 3395 3642 sicut
3443 3589 3541 3641 htt-

1966 3700 2159 3752 ntana,
2210 3684 2286 3738 ita
2326 3695 2382 3739 et
2414 3683 2593 3737 divina
2633 3680 2819 3751 praelia
2873 3691 3229 3751 peraguntur.
3267 3680 3383 3735 Non
3426 3682 3545 3735 elli-

1961 3780 2102 3831 citur
2146 3776 2352 3830 clarum
2385 3773 2582 3828 divinae
2610 3773 2828 3828 virtutis
2862 3787 3032 3841 opus,
3072 3773 3118 3827 si
3170 3773 3420 3827 htnuanis
3451 3775 3546 3827 ad-

1962 3867 2235 3922 miniculis
2289 3866 2565 3930 fulciatur,
2602 3866 2732 3935 quia
2770 3885 2790 3916 ι
2836 3880 2940 3919 non
2992 3867 3054 3920 lit
3104 3866 3290 3921 salvus
3338 3882 3433 3921 rex
3490 3868 3543 3921 in

1962 3960 2306 4014 multitudine
2357 3957 2571 4011 virtutis
2605 3971 2717 4010 sum
2738 3956 2807 4011 ’°.
2844 3974 2863 4007 ι
2917 3954 2996 4010 Nc
3024 3956 3162 4012 forte
3191 3972 3322 4027 ergo
3347 3958 3545 4026 gloria-

1965 4064 2114 4110 retur
2143 4052 2307 4108 Israel
2351 4062 2407 4107 et
2434 4051 2697 4122 iactantia
2724 4050 2969 4105 victoriae
3004 4060 3216 4119 partem
3248 4065 3543 4119 praesume-

1965 4159 2078 4212 ret,
2113 4153 2400 4216 propterea
2435 4143 2571 4199 dicit
2615 4143 2873 4197 Dominus
2905 4144 2975 4196 ad
2995 4142 3212 4196 Gedeon
3236 4141 3281 4172 “
3310 4156 3326 4194 :
3355 4159 3373 4193 ι
3412 4141 3545 4196 Mul-

1965 4248 2051 4291 tus
2076 4247 2157 4290 est
2188 4234 2420 4305 populus
2456 4243 2637 4289 tecum
2675 4248 2690 4285 τ
2725 4248 2834 4287 non
2867 4232 3074 4285 tradam
3102 4231 3311 4284 Madian
3345 4233 3397 4284 iu
3431 4248 3546 4285 ma-

1967 4345 2068 4384 nus
2126 4344 2314 4382 eorum
2335 4369 2351 4391 ,
2382 4341 2453 4382 ne
2502 4326 2642 4382 forte
2674 4325 2908 4380 exsultet
2941 4327 3225 4379 adversum
3264 4340 3349 4378 me
3378 4323 3542 4377 Israel

281 4440 333 4483 et
352 4437 625 4483 sectantes
654 4439 917 4479 exnamus
942 4441 1040 4479 nos
1065 4433 1247 4478 vetera
1271 4423 1615 4486 uestimenta,
1634 4432 1688 4476 et
1708 4422 1858 4476 dica-
1892 4417 1936 4471 Ι)
1965 4422 2174 4484 dicens,
2204 4420 2332 4490 quia
2359 4434 2553 4473 manus
2579 4434 2697 4473 mea
2719 4417 2926 4473 salvum
2960 4433 3044 4470 me
3075 4417 3221 4472 fecit.
3250 4414 3541 4485 Propterea

278 4538 397 4576 mus
440 4522 487 4552 "
527 4542 539 4575 :
578 4538 599 4571 ι
634 4517 807 4573 Nocte
878 4516 1005 4570 exui
1066 4531 1151 4569 me
1201 4516 1586 4570 vestimentum
1637 4530 1856 4579 meum,

276 4614 545 4682 quomodo
603 4613 820 4667 induam
881 4611 1049 4665 illud?
1087 4630 1106 4663 ι
1174 4608 1242 4663 Et
1296 4611 1493 4664 iterum
1548 4609 1793 4663 dicamus
1841 4624 1857 4661 ε

280 4725 298 4756 ι
338 4707 465 4759 Lavi
502 4706 667 4775 pedes
692 4720 862 4768 meos,
892 4704 1165 4774 quomodo
1195 4703 1488 4758 sordidabo
1516 4701 1653 4757 eos?
1679 4720 1699 4752 ι
1728 4702 1858 4755 Sta-

279 4800 370 4852 tim
418 4813 652 4867 namque
682 4808 740 4851 ut
767 4796 967 4851 laveris
998 4796 1166 4866 pedes
1201 4811 1351 4851 [neos
1372 4837 1388 4860 ,
1437 4796 1601 4850 etiam
1651 4811 1858 4851 recum-

275 4892 402 4946 bere
450 4908 538 4945 me
583 4892 753 4945 facias
797 4899 978 4944 tecum
1018 4899 1074 4942 ut
1107 4890 1324 4943 audiam
1350 4889 1447 4943 abs
1477 4899 1528 4942 te
1557 4889 1600 4919 ’⁷
1639 4905 1653 4941 :
1694 4906 1713 4939 ι
1754 4888 1859 4941 Vos

275 4984 481 5038 vocatis
532 4997 619 5038 me
665 4985 928 5052 magister
952 4990 1009 5037 et
1057 4980 1308 5048 Domine,
1354 4991 1412 5036 et
1444 4991 1591 5035 recte
1631 4981 1854 5035 dicitis:

275 5089 391 5129 sum
438 5075 668 5130 etenim.
697 5073 756 5129 Si
784 5089 913 5143 ergo
950 5088 1050 5142 ego
1083 5072 1345 5129 Dominus
1372 5083 1427 5127 et
1452 5073 1708 5143 magister
1749 5072 1853 5125 lavi

277 5170 437 5234 pedes
476 5180 722 5232 vestros,
779 5176 833 5221 et
856 5183 949 5220 vos
1002 5165 1324 5220 alterutrum
1377 5166 1543 5235 pedes
1588 5165 1788 5220 lavate.
1829 5184 1847 5214 ι

281 5258 408 5314 Volo
455 5274 586 5330 ergo
623 5270 674 5314 et
704 5274 805 5330 ego
837 5260 1022 5312 lavare
1071 5259 1233 5328 pedes
1286 5256 1517 5311 fratrum
1568 5272 1848 5319 meorum,

280 5352 459 5407 lavare
484 5354 648 5422 pedes
663 5350 1159 5435 condiscipulorum
1187 5365 1452 5404 meorum.
1481 5350 1543 5403 Et
1571 5358 1851 5418 propterea

351 5465 393 5497 ¹⁹
422 5464 610 5517 Matth.
658 5480 745 5526 Ix,
772 5463 862 5517 57.
953 5462 999 5492 ¹⁰
1040 5460 1162 5516 Jud.
1190 5477 1261 5526 vt,
1293 5460 1382 5513 57.

286 5604 321 5636 "
370 5605 493 5660 Jud.
531 5620 624 5659 vu.
649 5608 707 5669 τι,
735 5605 789 5658 5.

1459 5462 1502 5492 ²¹
1538 5460 1727 5513 Matth.
1786 5475 1876 5524 ut,
1925 5461 2014 5515 12.

283 5535 325 5564 ’⁵
354 5534 507 5589 Joan.
549 5549 668 5598 λιιι,
701 5536 754 5588 8.
827 5533 872 5564 ⁸⁸
898 5532 1054 5587 Cant.
1093 5549 1143 5598 v,
1166 5534 1222 5586 3.
1293 5534 1335 5563 ³⁷
1367 5529 1522 5587 Joan.
1555 5546 1683 5598 xm,
1706 5531 1793 5598 l3,
1821 5533 1858 5587 lt

1972 5534 2016 5564 ²⁸
2044 5531 2168 5587 Jud.
2202 5548 2272 5597 ιι,
2301 5534 2353 5586 5.

1965 4515 2188 4584 loquere
2250 4514 2306 4567 in
2357 4513 2582 4566 auribus
2632 4510 2850 4581 populi,
2899 4509 3085 4563 dicens
3124 4526 3138 4562 :
3183 4508 3283 4574 Qui
3328 4509 3549 4562 timidus

1965 4618 2050 4664 est
2097 4617 2155 4661 et
2203 4606 2587 4660 formidolosus
2619 4605 2803 4668 corde,
2851 4614 3174 4659 revertatur.
3224 4603 3290 4656 Et
3341 4602 3547 4661 reversi

1965 4711 2093 4756 sunt
2116 4700 2185 4754 de
2212 4706 2391 4752 monte
2418 4696 2620 4752 Galaatl
2664 4697 2731 4750 de
2766 4696 2964 4766 popqu
3001 4695 3188 4763 viginti
3233 4695 3340 4747 duo
3376 4694 3549 4749 millia

1966 4793 2094 4855 viri,
2142 4799 2198 4844 et
2256 4795 2638 4843 remanserunt
2686 4793 2874 4839 decent
2935 4784 3125 4838 millia.
3183 4802 3203 4834 ι
3260 4782 3556 4837 Videamus

1965 4898 2096 4950 ergo
2132 4883 2306 4949 primo
2334 4879 2462 4949 qttid
2506 4886 2590 4933 est
2619 4878 2763 4946 quod
2800 4876 2933 4931 dicit
2971 4894 2985 4929 :
3016 4893 3036 4927 ι
3072 4873 3318 4929 Timidus
3351 4886 3404 4928 et
3436 4874 3549 4929 for»

1969 4972 2265 5024 midolosus
2319 4968 2515 5033 corde;
2554 4985 2574 5019 ι
2606 4969 2716 5021 duo
2744 4967 2892 5019 enim
2932 4964 3078 5019 dicta
3128 4974 3254 5018 sunt
3297 4965 3549 5019 humana:

1967 5061 2272 5133 fragilitatis
2302 5060 2498 5115 indicia
2522 5100 2537 5122 ,
2568 5058 2770 5129 quibus
2816 5059 3063 5128 arguitur
3099 5059 3336 5112 humana
3381 5055 3547 5126 fragi-

1963 5155 2200 5222 litas,id
2223 5164 2306 5209 est
2351 5150 2526 5208 timidi
2575 5162 2631 5207 et
2675 5151 3013 5206 formidolosi
3062 5152 3248 5205 corde.
3302 5148 3548 5203 Timidus

1962 5258 2141 5319 potest
2192 5247 2362 5302 videri
2406 5256 2462 5301 et
2490 5245 2579 5300 ille
2608 5245 2698 5315 qui
2730 5246 2908 5315 primo
2939 5253 3160 5313 aspectu
3195 5243 3429 5311 trepidat
3478 5248 3548 5298 ad

1961 5359 2346 5413 congressum,
2395 5356 2503 5395 non
2544 5349 2723 5394 tamen
2759 5351 2874 5394 toto
2912 5338 3078 5393 corde
3130 5346 3395 5400 terretur,
3452 5337 3548 5392 seti

2092 5462 2138 5492 ²¹
2180 5459 2314 5515 Heb.
2345 5476 2417 5520 XI,
2440 5456 2530 5510 3'2.
2620 5454 2666 5486 ²³
2697 5452 2855 5509 Joau.
2883 5469 3000 5508 xm.
3092 5451 3136 5483 "
3170 5450 3327 5507 JOau.
3366 5467 3461 5514 xv,
3495 5454 3541 5503 7:,

2431 5531 2475 5561 ”
2511 5526 2638 5581 Jud.
2676 5541 2773 5593 vn,
2807 5528 2864 5579 2.
2937 5526 2983 5555 ³⁰
3026 5523 3169 5580 l’sal.
3226 5539 3413 5589 xxxtt,
3462 5527 3545 5577 ili.

348 5724 460 5796 χει)
489 5723 648 5781 Ltbb.
684 5722 834 5792 editi,
867 5742 886 5777 ι
920 5725 1194 5782 exercitus
1222 5733 1442 5796 prtestat
1470 5734 1524 5781 ct
1549 5733 1629 5781 est
1658 5723 1823 5781 tutior
1851 5722 1919 5779 ad
1942 5720 2208 5780 subsidia.
2243 5739 2264 5774 ι
2299 5720 2429 5778 Mss.
2465 5729 2522 5777 ut
2553 5720 2605 5778 in
2647 5728 2837 5776 nostro
2864 5726 3038 5775 textu.
