4046 6152
466 219 569 273 987

1943 219 2265 282 ORIGENIS

3613 214 3734 274 988

467 334 710 400 reparari
746 343 798 388 et
830 332 1056 387 animari
1086 334 1264 389 denuo
1295 343 1496 406 potest.
1528 336 1933 394 Formidolosus
1966 349 2050 394 est
2077 344 2120 401 Α
2152 340 2204 394 in
2234 340 2319 394 his
2348 339 2437 408 qui
2471 338 2705 393 militant
2729 337 2967 403 veritati,
2998 337 3092 393 sed
3120 343 3175 391 et
3205 335 3295 405 qui
3325 334 3567 390 militant
3592 335 3729 397 Deo,

468 437 647 479 autent
685 426 775 494 qui
801 426 912 494 jam
945 427 1099 494 quasi
1131 426 1466 481 inolescente
1502 430 1669 493 vitio,
1701 430 1864 484 etiam
1893 440 2045 484 ante-

468 530 631 581 quam
664 514 844 567 videat
884 515 1021 567 mala
1044 556 1059 580 ,
1098 515 1210 569 sola
1245 517 1578 586 cogitatione
1622 527 1880 583 terretur,
1908 519 2044 590 geli-

468 608 594 661 dam
641 623 736 677 per
770 611 1007 663 membra
1054 609 1400 664 formidinem
1437 612 1694 677 volvens,
1727 611 1798 665 ita
1834 623 1893 666 ut
1939 627 2045 666 non

472 712 579 754 tam
620 712 910 770 conspectu
953 703 1254 768 malorum,
1285 718 1445 772 quam
1490 705 1610 774 ipso
1638 706 1827 760 auditu
1862 716 1917 760 et
1947 724 2045 761 ex-

470 793 809 860 spectatione
851 795 1114 860 solvatur,
1162 804 1219 850 et
1269 796 1389 849 ideo
1428 796 1676 851 addidit:
1712 815 1729 848 i
1761 798 2044 854 Formido-

470 884 618 938 losus
640 887 824 940 corde.
863 907 882 939 ι
915 887 970 940 In
1003 890 1172 944 corde
1209 890 1480 959 eniinjam
1516 890 1621 944 hoc
1648 902 1703 945 et
1738 892 1788 945 in
1820 892 2046 945 interio-

470 975 621 1030 ribus
659 977 824 1030 animi
862 978 1096 1032 deﬁxum
1146 981 1335 1034 vitium
1367 990 1570 1035 manet.
1605 981 1740 1036 Num
1772 998 1900 1053 ergo
1930 982 2044 1055 (85)

470 1067 702 1122 dicimus
729 1070 855 1139 quia
899 1082 1025 1126 tunc
1064 1076 1436 1130 tantummodo
1468 1075 1686 1132 Gedeon
1721 1077 1936 1133 dicebat
1977 1078 2045 1132 ad

471 1160 723 1228 populum
750 1179 763 1214 :
799 1163 854 1216 Si
882 1165 1005 1233 quis
1024 1176 1108 1221 est
1131 1167 1349 1223 timidus
1368 1178 1423 1223 et
1444 1168 1832 1226 formidolosus
1859 1173 2042 1237 corde,

471 1250 717 1305 discedat
755 1267 817 1305 ex
853 1254 1065 1323 populis
1087 1294 1103 1319 ,
1133 1255 1268 1310 bella
1300 1258 1550 1321 deserat,
1574 1261 1875 1315 certamina
1900 1261 2045 1315 viro-

472 1357 591 1395 rum
640 1343 862 1398 fortium
909 1347 1289 1418 derelinquat?
1336 1351 1472 1405 Nam
1524 1361 1578 1406 et
1612 1352 1770 1406 hodie
1795 1354 2044 1423 princeps

472 1434 681 1490 militia:
721 1447 920 1492 nostra:
947 1439 1208 1496 Dominus
1244 1453 1301 1498 et
1325 1442 1579 1498 Salvator
1600 1444 1759 1500 Jcsus
1797 1444 2045 1502 Christus

470 1523 669 1578 clamat
710 1527 778 1580 ad
822 1529 1020 1584 milites
1059 1545 1189 1587 suos
1216 1530 1328 1604 (86)
1366 1544 1423 1588 et
1448 1535 1579 1590 dicit
1604 1551 1620 1589 :
1650 1537 1706 1591 Si
1750 1538 1873 1607 quis
1904 1538 2046 1593 timi-

469 1613 572 1669 dus
601 1627 655 1670 et
686 1617 1068 1677 formidolosus
1113 1625 1278 1678 corde
1321 1635 1438 1691 est,
1486 1629 1553 1681 ad
1596 1643 1714 1681 mea
1763 1629 1899 1683 bella
1937 1645 2041 1684 non

2149 444 2254 482 non
2285 429 2551 495 corporis,
2590 430 2683 483 sed
2719 427 2886 481 animi
2936 428 3198 482 fortitudo
3229 427 3523 497 requiritur
3553 448 3565 480 :
3594 423 3731 494 quia

2149 534 2256 573 non
2279 518 2475 589 jaculis
2534 518 2747 582 ferreis,
2807 519 2900 571 sed
2948 518 3254 571 orationum
3310 516 3435 572 telis
3489 514 3730 569 victoria

2148 614 2430 682 quaeritur,
2462 622 2515 666 et
2544 613 2674 667 ﬁdes
2700 615 2934 681 est’quae
2972 611 3025 666 in
3050 613 3350 667 certamine
3375 612 3725 665 tolerantiam

2148 706 2368 774 przehet.
2403 703 2555 760 Unde
2584 714 2637 759 et
2667 715 2887 759 sanctus
2914 705 3204 774 Apostolus
3252 707 3315 757 ad
3341 704 3728 772 hujuscemodi

2148 793 2281 847 bella
2313 794 2480 847 armis
2504 793 2958 847 convenientibus
2992 793 3215 847 instruit
3272 791 3472 847 milites
3517 792 3612 847 Dei
3639 793 3729 848 di-

2147 900 2274 939 cens
2307 885 2392 936 a6:
2432 904 2451 935 ι
2489 885 2640 940 State
2695 900 2825 955 ergo
2878 887 3049 941 induti
3098 885 3320 940 loricam
3365 884 3611 953 iustitiae,
3662 893 3728 940 et

2147 977 2409 1032 succincti
2447 978 2658 1032 lumbos
2688 988 2900 1032 vestros
2928 977 2981 1030 in
3016 978 3270 1043 veritate,
3307 978 3399 1032 sed
3427 986 3483 1030 et
3506 969 3747 1048 galeam-

2148 1069 2338 1125 salutis
2361 1071 2615 1140 accipite,
2649 1081 2704 1126 et
2749 1072 2992 1142 gladium
3037 1070 3261 1140 spiritus
3295 1088 3311 1124 :
3345 1086 3511 1137 super
3536 1070 3721 1124 omnia

2147 1173 2327 1218 autem
2351 1175 2560 1217 scutum
2597 1166 2718 1218 ﬁdei
2750 1165 3034 1230 assumite,
3058 1167 3112 1218 in
3142 1178 3251 1233 quo
3280 1163 3505 1233 possitis
3542 1162 3723 1233 iacula

2148 1256 2363 1327 maligni
2394 1258 2558 1328 ignita
2582 1259 2948 1328 exstinguere,
2980 1258 3074 1313 sed
3121 1266 3176 1311 et
3207 1256 3435 1311 calceati
3469 1256 3633 1325 pedes
3664 1256 3720 1310 in

2145 1349 2537 1417 praeparatione
2562 1347 2832 1418 Evangelii
2869 1349 3056 1417 pacis;
3091 1368 3111 1401 ι
3144 1349 3327 1403 ethoc
3354 1348 3515 1401 modo
3538 1361 3721 1400 arma-

2149 1449 2233 1495 tos
2262 1442 2449 1496 tollere
2504 1441 2758 1496 vexillum
2796 1442 2977 1498 erucis
3034 1439 3265 1504 Christi,
3299 1452 3352 1496 et
3385 1441 3540 1510 sequi
3571 1454 3717 1495 eum.

2147 1533 2297 1589 Licet
2320 1546 2496 1589 tamen
2522 1537 2682 1589 etiam
2714 1537 2816 1590 hoc
2846 1536 2899 1589 in
2928 1534 3118 1588 militia
3143 1532 3370 1597 Christi,
3421 1543 3482 1587 ut
3509 1534 3552 1587 si
3581 1531 3723 1588 forte

2145 1626 2434 1695 aliquando
2466 1625 2774 1681 inferiorem
2826 1635 2879 1681 te
2912 1625 3117 1681 viribus
3160 1626 3404 1680 senseris
3438 1625 3492 1678 in
3529 1638 3717 1693 perse-

468 1704 632 1775 477
664 1709 863 1762 veniat.
891 1710 1003 1766 lloc
1032 1713 1175 1767 enim
1206 1722 1290 1768 est
1316 1716 1460 1783 quod
1491 1718 1710 1787 quidem
1746 1720 1869 1775 aliis
1921 1735 2044 1775 ver-
2078 1700 2121 1755 Β
2150 1719 2477 1781 cutiouibus,
2506 1726 2564 1773 et
2589 1734 2694 1772 non
2723 1733 2935 1787 aequum
2969 1719 3065 1773 tibi
3097 1718 3384 1772 adversum
3409 1714 3714 1771 crudelita-

471 1795 554 1848 his
581 1796 771 1852 eodem
811 1809 989 1856 tamen
1020 1817 1184 1859 sensu
1219 1805 1272 1858 in
1297 1805 1593 1877 Evangelio
1625 1810 1819 1864 dicit"
1858 1828 1914 1865 :r
1941 1812 2043 1879 Qui

470 1901 578 1941 non
613 1889 749 1943 tollit
768 1907 990 1947 crucem
1019 1908 1171 1949 suam
1206 1907 1260 1950 et
1290 1898 1542 1967 sequitur
1566 1914 1675 1968 me,
1719 1917 1823 1956 non
1851 1913 1935 1957 est
1960 1918 2045 1956 me

469 1979 694 2048 dignus;
732 2001 751 2033 ι
780 1992 883 2036 et:
925 2002 944 2035 ‹
979 1986 1080 2053 Qui
1135 2004 1240 2042 non
1302 1990 1478 2044 oderit
1527 2002 1736 2060 patrem
1788 2009 1944 2049 suum
1992 2004 2048 2050 et

469 2082 697 2127 matrem
727 2083 782 2129 et
814 2074 1013 2132 fratres
1046 2095 1176 2135 suos
1208 2089 1262 2134 et
1298 2096 1543 2148 sorores,
1586 2085 1809 2155 insuper
1839 2096 1896 2142 et
1926 2088 2048 2143 ani-

469 2179 613 2218 mam
644 2181 818 2235 suam,
853 2184 959 2223 non
990 2180 1074 2226 est
1104 2187 1189 2227 me
1215 2173 1429 2243 dignus.
1470 2197 1488 2229 ι
1525 2176 1594 2230 Ει
1627 2179 1854 2234 iterum:
1891 2197 1911 2232 ι
1943 2180 2045 2249 Qui

468 2269 576 2308 non
607 2260 1000 2316 renuntiaverit
1055 2263 1304 2319 omnibus
1339 2281 1460 2335 quae
1509 2270 1771 2337 possidet,
1814 2286 1917 2327 non
1951 2287 2046 2342 po-

469 2351 581 2400 test
611 2363 761 2403 meus
815 2365 935 2408 esse
961 2352 1278 2423 discipulus.
1316 2376 1334 2408 »
1374 2356 1566 2413 Nonne
1614 2359 1668 2414 in
1720 2362 1807 2418 his
1865 2364 2046 2420 verbis

467 2438 753 2495 evidenter
806 2444 1023 2499 timidos
1066 2458 1122 2501 et
1172 2448 1552 2507 formidolosos
1603 2468 1634 2507 c
1683 2457 1879 2511 castris
1933 2458 2046 2512 suis

469 2531 717 2588 Christus
748 2546 965 2604 separat
991 2548 1048 2593 et
1071 2542 1343 2595 secernit?
1373 2543 1575 2600 Omnes
1626 2546 1789 2615 igitur
1824 2549 1914 2618 qui
1948 2551 2047 2604 nii-

472 2625 644 2678 litiam
673 2626 872 2683 Christi
909 2631 1062 2699 sequi
1090 2633 1274 2698 vultis,
1305 2636 1397 2704 qui
1428 2637 1481 2691 in
1509 2639 1707 2693 castris
1739 2640 1906 2710 ipsius
1927 2657 2047 2697 esse

473 2719 816 2785 desideratis,
856 2724 1042 2789 procul
1079 2740 1109 2777 a
1138 2727 1290 2780 vobis
1326 2728 1575 2784 timorem
1607 2734 1825 2798 mentis,
1855 2735 2046 2803 procul

468 2810 649 2864 cordis
671 2812 925 2880 expellite
946 2814 1313 2881 formidinem,
1334 2827 1393 2871 ut
1409 2832 1532 2873 cum
1558 2821 1879 2876 conﬁdentia
1901 2824 2046 2878 dicat

470 2900 626 2955 miles
643 2901 840 2956 Christi
864 2903 937 2957 "z
962 2924 980 2955 ι
1003 2905 1058 2959 Si
1083 2908 1385 2961 consistant
1414 2909 1698 2965 adversum
1729 2927 1815 2966 me
1841 2922 2042 2978 castra,

471 3006 579 3047 non
608 2994 818 3048 timebit
846 3011 943 3049 cor
972 3012 1169 3051 meum.
1201 2999 1257 3052 Si
1286 3010 1542 3069 exsurgat
1566 3002 1620 3056 in
1652 3017 1738 3057 me
1768 3004 2037 3073 praelium,
2075 3036 2117 3092 ε

472 3087 527 3139 in
553 3086 653 3140 hoc
675 3101 775 3155 ego
802 3092 1050 3157 sperabo.
1087 3111 1105 3143 ι
1133 3090 1483 3149 Conﬁdenter
1509 3096 1655 3151 dicat
1680 3096 1726 3129 ³ι
1753 3114 1768 3149 :
1804 3116 1825 3148 ι
1863 3097 2049 3151 Domi-

470 3192 575 3231 nus
612 3178 933 3235 illuminatio
984 3198 1100 3236 mea
1136 3192 1190 3237 et
1237 3185 1385 3241 salus
1424 3202 1565 3251 mea,
1619 3203 1779 3258 quem
1815 3189 2049 3244 timebo?

472 3265 733 3323 Dominus
756 3278 1027 3337 protector
1076 3275 1203 3328 vita:
1235 3291 1387 3340 meae,
1424 3293 1452 3331 a
1485 3293 1594 3347 quo
1652 3281 1978 3348 trepidabo?
2023 3301 2041 3334 ι

472 3361 581 3416 Sed
615 3376 683 3416 ne
718 3378 814 3416 nos
850 3364 1122 3419 deterreat
1178 3367 1300 3422 talis
1332 3368 1433 3423 ista
1464 3370 1680 3435 militia,
1710 3371 1845 3425 nihil
1898 3373 1950 3426 in
1991 3388 2049 3429 se

472 3454 708 3522 difﬁcile,
734 3457 867 3510 nihil
898 3458 1148 3522 arduum,
1181 3468 1272 3512 aut
1294 3459 1634 3531 impossibile
1659 3465 1924 3522 continet.
1956 3464 2049 3519 Vis

472 3549 618 3603 scire
647 3564 808 3617 quam
843 3549 999 3605 facile
1025 3552 1097 3605 sit
1121 3551 1350 3621 implere
1378 3554 1494 3609 haec
1528 3555 1579 3610 in
1635 3556 1738 3610 ﬁde
1768 3557 2048 3611 militanti-

473 3640 611 3694 bus?
642 3639 828 3697 Solent
872 3644 922 3695 in
974 3642 1095 3698 istis
1139 3645 1339 3699 castris
1390 3660 1533 3716 szepe
1576 3648 1740 3702 etiam
1794 3647 2050 3703 mulieres

473 3735 714 3799 vincere,
747 3737 873 3806 quia
900 3751 1004 3790 non
1032 3741 1281 3807 corporis
1317 3741 1529 3805 robore,
1568 3743 1660 3796 sed
1695 3742 1814 3796 ﬁdei
1848 3743 2049 3796 virtute

473 3837 765 3894 pugnatur.
813 3826 869 3881 In
915 3829 1287 3897 superioribus
1318 3834 1370 3886 in
1409 3832 1512 3886 hoc
1534 3833 1653 3901 ipso
1690 3832 1870 3887 libello
1899 3832 2052 3887 Judi-

473 3933 595 3971 rum
628 3919 855 3988 legimus
894 3921 960 3975 de
988 3922 1248 3977 Debbora:
1292 3923 1539 3979 mulieris
1586 3925 1901 3995 triumphis,
1950 3943 2050 3984 nec

476 4009 765 4064 femineam
825 4022 1055 4067 mentem
1106 4013 1387 4069 muliebris
1425 4012 1535 4086 (87)
1584 4013 1814 4070 formido
1866 4017 2050 4071 turba-

477 4104 573 4157 vit.
609 4104 749 4169 Quid
795 4119 894 4175 ego
940 4106 1080 4161 illam
1132 4108 1468 4179 magniﬁcam
1516 4118 1571 4163 et
1601 4111 1839 4165 omnium
1887 4113 2044 4167 femi-

478 4212 667 4250 narum
716 4198 1108 4253 nobilissimam
1152 4216 1447 4255 memorem
1496 4200 1720 4256 Judith?
1765 4220 1884 4273 qua:
1934 4205 2042 4275 iam

477 4289 702 4357 perditis
731 4305 869 4358 pene
926 4291 1087 4343 rebus
1127 4305 1238 4345 non
1267 4291 1532 4346 dubitavit
1562 4292 1672 4346 sola
1705 4308 2039 4357 succurrere.

2150 1818 2255 1863 tem
2287 1810 2502 1881 tyranni
2537 1824 2633 1878 per
2662 1809 3013 1879 fragilitatem
3065 1809 3311 1879 corporis
3359 1808 3567 1862 videris
3599 1820 3720 1862 esse

2147 1911 2447 1961 certamen.
2489 1901 2620 1955 dare
2650 1900 2825 1956 locum
2851 1901 2966 1965 irae,
2998 1911 3054 1955 et
3080 1900 3269 1970 fugere
3290 1900 3356 1954 de
3387 1898 3508 1954 loco
3532 1898 3599 1951 ad
3646 1898 3721 1952 lo-

2148 2008 2266 2048 cum
2291 2009 2306 2049 :
2335 2008 2431 2047 nec
2453 1993 2545 2047 tibi
2574 1994 2627 2048 in
2652 1994 2753 2047 hoc
2770 1993 3065 2048 ascribitur
3088 1992 3323 2046 militare
3344 1990 3718 2045 commissum.

2148 2085 2471 2154 Designatur
2498 2084 2599 2140 hoc
2626 2085 2789 2139 etiam
2820 2085 2873 2138 in
2900 2084 3110 2152 legibus
3138 2082 3338 2139 Christi
3370 2080 3609 2136 dicentis
3630 2080 3673 2112 ³⁷
3702 2095 3719 2136 :

2154 2193 2172 2227 ε
2211 2174 2271 2230 Si
2291 2191 2388 2230 vos
2421 2176 2692 2245 persecuti
2722 2174 2922 2229 fuerint
2970 2175 3024 2227 in
3055 2173 3155 2228 hac
3181 2173 3421 2236 civitate,
3466 2169 3638 2238 fugite
3668 2168 3720 2223 in

2148 2269 2326 2323 aliam.
2359 2288 2377 2321 ι
2406 2268 2630 2323 Summa
2656 2282 2888 2338 namque
2913 2267 2991 2323 rei
3022 2275 3124 2330 est,
3149 2264 3338 2320 Jesum
3362 2278 3525 2333 quem
3550 2262 3721 2316 semel

2148 2358 2429 2415 confessus
2458 2375 2537 2425 es,
2597 2374 2703 2413 non
2757 2374 2973 2429 negare.
3024 2358 3246 2412 Certum
3288 2367 3372 2412 est
3403 2356 3549 2410 enim
3580 2357 3722 2425 quod

2147 2450 2421 2507 Christum
2455 2449 2746 2503 confitetur
2807 2449 2918 2513 ille,
2968 2450 3060 2518 qui
3106 2457 3395 2517 propterea
3446 2445 3605 2516 fugit,
3658 2460 3724 2501 ne

2150 2554 2333 2615 neget.
2396 2541 2454 2597 Si
2500 2542 2622 2611 quis
2671 2555 2803 2609 ergo
2857 2541 3079 2594 timidus
3129 2550 3213 2594 est
3250 2550 3304 2594 ct
3343 2537 3723 2593 formidolosus

2148 2639 2330 2705 corde,
2364 2634 2605 2691 discedat
2629 2648 2657 2686 a
2682 2632 2898 2695 castris,
2942 2642 3252 2687 revertatur
3289 2632 3512 2685 domum
3541 2646 3720 2692 suam,

2150 2742 2215 2780 ne
2237 2725 2543 2794 exemplum
2571 2722 2779 2776 timoris
2808 2731 2863 2776 et
2888 2721 3194 2775 formidinis
3220 2723 3436 2774 czeteris
3461 2719 3719 2789 prarbeat.

2155 2819 2244 2874 Vis
2266 2828 2445 2872 autem
2479 2818 2662 2872 videre
2694 2816 2879 2888 quanti
2905 2812 3150 2869 criminis
3176 2813 3250 2867 sit
3279 2812 3504 2867 timidus
3527 2818 3583 2864 et
3608 2809 3719 2863 for-

2150 2909 2477 2965 midolosus?
2503 2910 2558 2963 In
2582 2906 2905 2978 Apocalypsi
2935 2904 3024 2959 ubi
3047 2911 3442 2957 enumerantur
3482 2902 3517 2956 ii
3547 2901 3637 2971 qui
3666 2900 3718 2952 in

2151 3014 2401 3072 stagnum
2431 3002 2573 3072 ignis
2598 3000 2842 3055 mittendi
2873 3006 3002 3051 sunt
3025 2997 3089 3059 ³⁸,
3136 2996 3207 3049 ibi
3248 3005 3371 3051 ante
3432 3010 3621 3049 omnes
3646 2995 3717 3049 ti-

2153 3095 2326 3149 midos
2348 3102 2404 3150 et
2428 3092 2808 3147 formidolosus
2832 3088 3003 3159 ponit,
3035 3101 3156 3142 cum
3180 3088 3376 3156 quibus
3399 3095 3455 3140 et
3478 3086 3719 3141 inﬁdeles

2149 3195 2203 3241 et
2229 3185 2590 3241 fornicatores
2616 3193 2671 3238 et
2693 3181 2930 3237 vinarios
2955 3180 3196 3247 deputat.
3252 3179 3345 3232 Sic
3370 3178 3513 3232 inter
3538 3180 3718 3248 ingen-

2153 3280 2223 3333 tia
2250 3287 2307 3332 et
2333 3276 2566 3332 nefanda
2594 3275 2821 3330 crimina
2867 3270 3084 3326 timoris
3106 3280 3162 3324 et
3187 3269 3496 3325 formidinis
3518 3270 3716 3323 crimen

2150 3372 2394 3440 ponitur.
2424 3370 2549 3424 llaec
2577 3380 2758 3422 autem
2787 3366 3021 3420 diximus
3046 3374 3266 3435 propter
3311 3378 3406 3418 eos
3430 3365 3520 3432 qni
3550 3364 3719 3432 primo

2150 3464 2297 3519 velut
2344 3462 2517 3517 timidi
2568 3471 2622 3516 et
2668 3458 3003 3515 formidolosi
3049 3459 3212 3513 corde
3260 3456 3604 3511 dimittuntur
3654 3454 3718 3509 de

2149 3554 2367 3610 castris.

2218 3645 2272 3698 2.
2300 3645 2407 3699 Sed
2435 3653 2787 3714 posteaquam
2837 3644 2937 3698 ista
2964 3640 3156 3711 viginti
3198 3643 3307 3697 duo
3334 3640 3499 3696 millia
3521 3640 3722 3696 disces-

2150 3745 2358 3805 serunt,
2396 3736 2545 3791 addit
2571 3738 2746 3791 adhuc
2771 3750 2952 3791 sermo
2999 3732 3236 3799 divinus,
3262 3742 3315 3790 et
3358 3734 3492 3789 dicit
3523 3734 3586 3788 ad
3613 3732 3718 3786 Ge-

2149 3831 2329 3885 deon:
2363 3847 2383 3881 (
2415 3811 2627 3896 Adhuc,
2654 3829 2828 3898 inquit
2866 3827 2935 3891 ³⁸,
2973 3824 3205 3895 populus
3257 3824 3458 3879 multus
3500 3833 3607 3889 est,
3631 3825 3718 3879 de-

2148 3936 2289 3993 pone
2310 3937 2407 3977 eos
2429 3924 2495 3976 ad
2521 3937 2718 3990 aquam
2745 3931 2801 3976 et
2825 3921 2896 3975 ibi
2919 3935 3015 3976 eos
3042 3921 3283 3990 probabo
3325 3917 3447 3972 tibi.
3488 3937 3508 3969 ι
3543 3917 3611 3973 Ut
3640 3918 3718 3970 vi-

2149 4016 2281 4083 deo,
2311 4016 2385 4071 illi
2415 4017 2507 4085 qui
2536 4015 2695 4085 primi
2750 4014 3024 4084 reprobati
3075 4022 3235 4077 sunt,
3279 4026 3379 4065 nec
3425 4011 3479 4064 in
3527 4024 3719 4079 aquam

2151 4106 2563 4170 descenderant,
2592 4106 2684 4160 sed
2709 4104 2886 4159 adhuc
2925 4118 2985 4158 se
3011 4106 3430 4158 catechumenos
3473 4102 3721 4172 designa-

2149 4199 2299 4266 bant,
2326 4206 2382 4252 et
2407 4198 2679 4251 intantum
2711 4195 3017 4249 formidinis
3041 4195 3177 4249 vitio
3201 4193 3453 4248 deterriti
3482 4203 3628 4257 sunt,
3662 4200 3719 4244 ut

2153 4306 2252 4346 nec
2272 4290 2339 4344 ad
2391 4290 2671 4344 lavacrum
2722 4288 2959 4343 salutare
3006 4287 3450 4342 descenderent:
3501 4286 3574 4339 illi
3599 4300 3721 4356 ergo

479 4388 648 4443 seque
670 4389 939 4445 suumque
963 4390 1125 4447 caput
1151 4380 1908 4455 immanissimillol0phernis
1932 4386 2049 4440 neci
2081 4377 2128 4434 D
2156 4385 2238 4438 sic
2264 4382 2538 4451 reprobati
2591 4389 2738 4434 sunt.
2770 4377 2863 4434 lsti
2890 4392 3018 4432 vero
3048 4378 3273 4432 secundi
3303 4377 3370 4431 ad
3418 4392 3612 4445 aquam
3641 4391 3726 4429 res

479 4465 591 4517 sola
617 4464 905 4534 subjicere,
930 4478 986 4522 et
1010 4470 1283 4537 processit
1309 4472 1374 4526 ad
1405 4473 1604 4529 bellum
1637 4491 1740 4529 non
1781 4476 1832 4529 in
1865 4477 2053 4542 armis,

2156 4475 2334 4541 nittnt,
2363 4484 2421 4529 ut
2446 4474 2518 4528 ibi
2549 4473 2868 4542 probentur.
2917 4470 2984 4526 Et
3010 4470 3281 4542 quomodo
3308 4470 3625 4539 probentur,
3650 4471 3725 4520 vi-

482 4571 658 4624 neque
681 4557 733 4611 in
758 4559 913 4627 equis
940 4560 1172 4628 bellicis,
1222 4573 1317 4615 aut
1344 4564 1395 4617 in
1440 4567 1704 4621 subsidiis
1730 4568 2055 4625 militaribus
2153 4568 2382 4621 deamus
2408 4580 2423 4619 :
2455 4584 2474 4617 ι
2505 4566 2571 4619 Et
2593 4565 2750 4629 dixit,
2779 4565 2955 4634 inquit
2978 4562 3046 4632 “,
3075 4562 3333 4618 Dominus
3354 4560 3421 4615 ad
3461 4560 3676 4615 Cedeen
3710 4579 3722 4613 :

479 4645 643 4711 freta,
676 4652 768 4703 sed
796 4652 997 4705 virtute
1026 4653 1216 4718 animi,
1246 4664 1298 4710 et
1324 4657 1648 4711 conﬁdentia
1677 4660 1822 4725 ﬁdei,
1870 4662 2053 4716 consi-

479 4739 552 4792 lio
576 4741 736 4794 simul
763 4752 815 4797 et
840 4746 1067 4799 audacia
1096 4747 1309 4801 hostem
1340 4748 1561 4817 perimit
1583 4753 1660 4807 ”:
1681 4759 1734 4806 et
1753 4765 1917 4823 quam
1945 4754 2046 4809 viri

478 4833 846 4901 perdiderant,
874 4836 1073 4891 femina
1116 4838 1344 4893 reddidit
1391 4840 1697 4897 libertatem
1731 4847 1936 4913 patriar.
1982 4848 2051 4902 Et

476 4924 608 4994 quid
636 4934 742 4979 tam
783 4925 941 4995 longe
976 4929 1133 4984 nobis
1160 4932 1505 5000 antiquorum
1553 4935 1797 5003 exempla
1823 4937 2051 4992 revolvi-

478 5018 641 5072 mus?
700 5019 754 5074 ln
785 5020 957 5076 oculis
991 5023 1194 5077 nostris
1250 5039 1390 5092 smpe
1434 5024 1670 5079 vidimus
1719 5027 1975 5082 mulieres
1999 5037 2054 5083 et

479 5109 719 5180 virgines
747 5113 936 5181 prima:
960 5114 1138 5169 adhuc
1156 5117 1333 5170 aetatis
1358 5131 1457 5185 pro
1484 5116 1745 5186 martyrio
1773 5120 2049 5186 tyrannica

478 5204 768 5269 pertulisse
814 5216 1104 5270 tormenta,
1143 5208 1341 5275 quibus
1377 5208 1443 5263 ad
1475 5207 1846 5261 inﬁrmitatem
1889 5224 2053 5266 sexus

479 5298 706 5352 novellae
757 5299 935 5353 adhuc
982 5300 1104 5353 vitae
1127 5299 1390 5369 fragilitas
1443 5300 1768 5354 addebatur.
1808 5299 1898 5356 Sic
1922 5316 2053 5373 ergo

551 5422 597 5453 ³²
631 5421 762 5475 an.
820 5437 931 5483 xw,
982 5420 1073 5483 26,
1117 5421 1206 5486 27,
1255 5421 1344 5477 '55.

479 5488 527 5523 ⁸⁷
556 5491 742 5546 Matth.
773 5510 825 5554 Χ,
858 5495 948 5548 ‘25.
1025 5494 1068 5525 ³⁸
1106 5495 1275 5565 Apoc.
1310 5508 1424 5548 XIX.

553 5604 665 5680 (§5)
698 5606 820 5680 ltiss.
842 5607 981 5670 duo.
1013 5628 1031 5657 α
1061 5610 1187 5679 quid
1216 5624 1365 5680 ergo.
1392 5628 1411 5659 ι

554 5676 667 5748 (8ο)
709 5678 862 5734 Libb.
909 5676 1093 5748 editi,’
1125 5700 1143 5733 ι
1183 5682 1248 5737 ad
1283 5676 1503 5738 'milites
1543 5696 1671 5739 suos
1713 5690 1770 5737 ut
1810 5683 2055 5740 veniant.

1443 5420 1487 5452 ⁸³
1535 5421 1676 5475 Psal.
1706 5437 1854 5486 xxvr,
1890 5422 1944 5476 '5.

1502 5493 1546 5524 ³³
1577 5491 1699 5547 Jnd.
1728 5510 1827 5560 vit,
1855 5496 1911 5548 4.

2052 5425 2097 5457 ³⁸
2130 5424 2283 5489 il)it!.,
2321 5426 2373 5478 1.

1992 5496 2036 5529 ’⁵ο
2058 5495 2183 5553 Jud.
2212 5511 2308 5562 vn,
2341 5496 2394 5560 5,
2426 5491 2482 5559 6,
2509 5495 2564 5544 7.

2151 4661 2381 4717 Omnem
2432 4658 2748 4727 quicunque
2793 4656 2995 4711 lainbet
3035 4671 3230 4724 aquam
3260 4654 3313 4707 in
3347 4654 3549 4722 lingua,
3591 4652 3727 4705 sicut

2146 4748 2338 4807 lambit
2361 4746 2534 4813 canis,
2566 4754 2773 4800 statues
2799 4759 2923 4799 eum
2953 4759 3198 4799 seorsum
3232 4762 3245 4797 :
3294 4752 3348 4797 et
3387 4756 3604 4795 omnem
3636 4740 3725 4808 qui

2156 4839 2470 4896 curvaverit
2492 4853 2664 4908 genua
2691 4853 2785 4893 sua
2833 4848 2895 4891 ut
2938 4837 3107 4901 bibat,
3154 4834 3454 4890 transferes
3487 4847 3635 4887 eum.
3665 4831 3730 4886 Et

2159 4934 2336 4989 factus
2363 4943 2466 4999 est,
2498 4932 2691 5002 inquit,
2724 4946 2981 4986 numerus
3003 4945 3190 4984 eorum
3218 4930 3310 4998 qui
3342 4928 3651 4982 lamberunt
3676 4926 3728 4977 in

2160 5041 2319 5081 manu
2344 5040 2540 5094 aquam
2567 5024 2648 5078 vel
2677 5024 2880 5093 lingua,
2911 5024 3144 5078 trecctsti
3178 5021 3303 5075 viri.
3328 5019 3526 5075 Caeteri
3551 5029 3726 5072 autem

2160 5132 2348 5174 omnes
2377 5125 2745 5172 curvaverunt
2770 5131 2942 5186 genua
2967 5131 3087 5179 sua,
3116 5122 3173 5168 tit
3198 5113 3447 5168 biberent
3483 5124 3676 5179 aquam
3709 5125 3724 5161 :

2159 5226 2221 5268 et
2240 5212 2378 5268 dixit
2406 5210 2663 5264 Dominus
2684 5210 2750 5263 ad
2774 5209 2993 5265 Gedeon
3026 5227 3041 5263 :
3079 5209 3134 5263 lu
3164 5208 3425 5263 trecentis
3453 5207 3587 5259 viris
3611 5203 3729 5257 istis

2159 5306 2248 5376 qui
2277 5303 2581 5358 lamberunt
2611 5301 2664 5355 in
2697 5316 2857 5355 manu
2890 5316 3108 5372 aquam,
3160 5299 3338 5355 salvos
3376 5313 3474 5352 vos
3506 5297 3725 5359 faciam,

2450 5421 2495 5453 ³⁸
2519 5419 2706 5475 Judith
2738 5434 2855 5473 χιιι.
2988 5419 3033 5450 ³⁸
3066 5417 3267 5487 Ephes.
3309 5432 3386 5482 vt,
3408 5414 3498 5481 H,
3527 5414 3612 5479 t5,
3642 5413 3724 5465 l6.

2158 5610 2271 5666 lloc
2310 5608 2454 5662 enim
2484 5616 2588 5662 est.
2623 5624 2641 5657 ι
2673 5605 2800 5660 Mss.
2824 5614 2883 5659 ut
2913 5606 2964 5659 in
3006 5614 3188 5659 nostro
3217 5613 3388 5658 textu.

2238 5679 2354 5752 (87)
2380 5677 2677 5734 Muliebris.
2709 5676 2856 5733 Unus
2889 5675 3056 5732 codex
3083 5691 3207 5745 ms.,
3247 5694 3265 5727 ι
3307 5670 3558 5729 inﬁdelis.
3598 5687 3621 5723 ι
