4046 6152
336 277 442 336 9S9
1357 280 1428 335 IN
1463 275 1726 336 LIBRUM
1765 277 2062 336 JUDICUM
2095 276 2380 335 HOMILIA
2409 277 2546 336 VIII.
3484 280 3592 337 990

338 407 394 451 et
421 397 630 454 tradam
667 399 876 453 Madiaa
923 399 976 453 in
1011 414 1232 454 manum
1286 410 1451 456 tuam.
1494 423 1513 453 ι
1546 404 1601 457 lu
1656 405 1908 459 omnihns
1940 411 1981 463 Α
2012 417 2132 455 mus
2160 400 2274 474 (88)
2301 403 2549 455 utetiam
2576 415 2675 454 nos
2718 413 3026 454 mereamur
3049 397 3268 453 ascribi.
3305 396 3588 464 Quomodo

337 502 476 556 pene
509 502 749 544 vetermn
780 492 945 560 gestis
972 493 1226 561 mysteria
1261 495 1613 564 designantur
1643 498 1903 565 ingentia,
2014 505 2190 548 tamen
2231 496 2317 549 isti
2365 493 2648 564 pugnant?
2698 490 2928 562 IIytlrias
2953 532 2969 557 ,
3029 490 3227 559 inquit,
3278 501 3494 557 portant
3530 502 3585 549 et

336 579 477 632 sicut
504 581 665 634 etiam
711 582 763 634 in
814 582 917 635 hoc
945 580 1061 635 loco
1093 581 1206 636 ﬁeri
1239 584 1503 652 videmus,
1549 589 1675 654 quia
1722 587 1758 639 ii
1816 589 1907 650 qui
2010 581 2290 653 lampadas
2316 596 2370 639 et
2403 584 2660 638 buccinas
2689 597 2917 637 corneas
2959 582 3012 635 in
3062 580 3311 637 manibus
3348 584 3480 648 suis,
3531 594 3588 642 et

336 669 670 726 descendunt
700 674 765 727 ad
794 689 1010 743 aquam,
1050 674 1102 728 id
1154 685 1237 729 est
1263 676 1353 744 qui
1392 677 1457 729 ad
1509 678 1754 746 baptismi
1787 693 1909 748 gra-
2010 678 2108 741 sic,
2135 678 2331 746 inquit,
2364 677 2591 732 veniunt
2614 675 2679 727 ad
2711 674 2831 727 illas
2861 674 3176 727 innumeras
3207 673 3583 733 multitudines

336 761 466 814 tiam
496 764 736 829 veniunt,
767 781 870 819 non
897 765 1096 820 debent
1140 766 1422 835 procidere
1470 770 1521 822 in
1556 780 1775 834 terram,
1808 787 1910 826 nec
2010 770 2265 836 hostium,
2297 771 2348 822 in
2378 768 2573 838 quibus
2607 774 2763 820 erant
2791 764 2980 818 cameli
3018 766 3157 819 sicut
3195 780 3359 820 arena
3396 769 3580 821 maris.

332 851 553 908 ﬂectere
577 871 748 922 genua
773 872 891 920 sua,
919 866 973 910 et
1000 857 1193 911 cedere
1227 859 1616 916 tentationibus
1646 864 1906 928 venturis,
2009 859 2075 913 Et
2102 875 2221 914 cum
2251 859 2526 913 venissent
2558 856 2623 908 ad
2656 854 2874 921 bellum,
2924 856 3184 923 buccinis,
3233 856 3426 924 inquit,
3458 871 3585 910 cor-

332 944 426 997 sed
458 955 606 999 stare
637 947 866 1001 ﬁrmiter
888 959 941 1003 et
972 960 1309 1018 constanter,
1349 953 1491 1007 sicut
1542 962 1596 1007 et
1645 955 1905 1023 propheta
2009 950 2124 1004 neis
2162 954 2533 1003 insonuerunt.
2571 946 2637 1001 Et
2659 945 3014 1010 demiserunt,
3046 946 3238 1015 inquit,
3270 949 3491 1017 hydrias
3513 950 3582 1003 tle

334 1035 550 1095 dicebat
588 1036 632 1068 δι
671 1053 685 1089 :
722 1056 741 1089 t
784 1039 1056 1096 Demissas
1087 1058 1299 1109 manus,
1337 1054 1393 1099 et
1424 1044 1681 1099 dissoluta
1729 1062 1904 1114 genua
2008 1043 2279 1101 maniliIlS.
2311 1047 2365 1101 (ξι
2393 1038 2640 1092 οοῐιιτίῑω
2673 1045 2821 1090 δυιηο
2848 1034 2999 1089 Τυηο
3029 1051 3157 1091 Vero
3187 1040 3416 1109 al'l‘eplls,
3442 1039 3583 1092 lam-

328 1124 558 1195 esigite;
616 1145 637 1178 ι
666 1138 721 1182 et
747 1129 794 1159 δ’
829 1146 844 1184 :
877 1150 896 1182 t
929 1130 1185 1187 Gressnm
1241 1145 1449 1189 rectum
1501 1135 1661 1190 fat-ite
1694 1138 1906 1191 semitis
2008 1131 2238 1200 padibus
2268 1140 2529 1199 proruunt
2557 1127 2611 1180 in
2647 1125 3008 1189 adversarios,
3038 1126 3198 1178 simul
3240 1136 3295 1180 et
3336 1128 3580 1184 buccinis

328 1218 554 1273 vestris.
592 1237 611 1271 ι
638 1218 847 1276 Venisti
884 1224 950 1275 ad
980 1239 1174 1293 aquam
1207 1225 1478 1295 baptismi,
1516 1227 1646 1281 illud
1672 1239 1756 1283 est
1782 1244 1904 1284 cer-
2009 1229 2359 1291 concrepant.
2392 1220 2525 1273 Vide
2565 1216 2688 1284 quia
2743 1212 2897 1266 electi
2927 1215 3125 1270 milites
3157 1216 3247 1269 Dei
3299 1232 3421 1271 cum
3451 1219 3581 1273 lam-

331 1308 554 1366 taminis
576 1321 631 1365 et
654 1326 845 1385 pugna:
869 1316 1130 1384 spiritalis
1160 1318 1394 1385 initium,
1442 1320 1569 1376 hinc
1596 1322 1689 1377 tibi
1717 1322 1908 1377 adver-

2007 1312 2234 1382 padibus
2263 1317 2521 1381 pugnant.
2549 1308 2642 1364 Sic
2670 1310 2812 1377 enim
2855 1324 2950 1364 eos
3001 1308 3249 1365 Christus
3276 1318 3578 1365 armaverat

329 1414 449 1452 sum
477 1399 735 1457 Zabulum
768 1406 1009 1460 nascitur
1031 1420 1223 1477 pugnat
1246 1411 1595 1480 principium.
1623 1414 1680 1467 Si
1710 1415 1905 1470 remis-

2008 1404 2194 1458 tlfcens
2222 1401 2266 1434 ⁸⁷
2292 1421 2305 1457 :
2343 1420 2364 1455 t
2398 1403 2518 1456 Sint
2547 1401 2712 1456 lumbi
2749 1402 2913 1456 vestri
2942 1401 3313 1471 praecincti,et
3343 1401 3576 1458 lucernae

328 1487 443 1541 sior
466 1487 658 1555 fueris,
683 1493 725 1546 si
757 1492 899 1548 llecti
926 1493 1082 1550 facile
1108 1500 1376 1564 potueris,
1402 1503 1675 1569 quomodo
1704 1519 1905 1572 pugna-

2007 1502 2202 1548 vestra:
2231 1494 2505 1547 ardentes.
2542 1512 2562 1545 ›
2595 1482 2883 1547 Ειῖιειύιη
2912 1492 2961 1524 ⁸⁸
2992 1508 3006 1544 :
3046 1510 3067 1544 (
3108 1491 3198 1550 Sic
3237 1491 3439 1561 fulgeat
3483 1491 3574 1544 lux

326 1582 453 1637 his?
504 1584 788 1651 Quomodo
840 1588 1010 1644 Stabis
1071 1592 1333 1647 adversus
1390 1595 1621 1649 astutias
1673 1594 1904 1650 Zabuli?
2006 1595 2188 1640 VPSll‘a
2239 1599 2421 1639 coram
2452 1583 2782 1650 hominibus.
2820 1593 2879 1642 lit
2916 1585 3137 1639 videant
3178 1599 3342 1653 opera
3394 1592 3574 1638 vestra

327 1667 620 1746 Propterea
663 1687 716 1733 et
759 1680 1050 1749 Apostolus
1077 1683 1281 1738 clamat
1307 1683 1393 1736 ωε
1428 1702 1447 1736 ι
1482 1685 1636 1741 State
1671 1702 1822 1758 ergo,
1848 1698 1903 1743 ει
1940 1746 1977 1758 ﬁ
2011 1676 2172 1740 bona,
2198 1684 2254 1730 et
2303 1675 2607 1745 gloriﬁcent
2650 1672 2866 1728 Patrem
2899 1684 3139 1730 vestrum
3180 1675 3271 1745 qui
3322 1675 3376 1729 in
3416 1675 3575 1730 ctelis

327 1766 494 1820 nolite
538 1767 706 1840 473
751 1746 946 1826 iterum
986 1773 1116 1843 jugo
1161 1776 1443 1830 servitutis
1487 1746 1783 1833 haerere:
1810 1746 1903 1834 'Et
1937 1746 1980 1804 Β
2007 1776 2114 1820 esi.
2154 1783 2173 1817 ι
2221 1764 2439 1819 Talibus
2468 1780 2597 1834 ergo
2639 1765 2978 1833 lampadibus
3026 1767 3306 1829 accensis,
3335 1779 3574 1835 pusnare

323 1859 524 1913 lterum
554 1862 686 1916 dicit
709 1862 757 1896 δι
785 1878 800 1916 :
832 1882 852 1916 t
894 1863 1045 1919 state
1071 1867 1122 1919 in
1150 1867 1402 1924 nomino,
1439 1887 1458 1920 ι
1489 1870 1553 1923 Et
1599 1872 1763 1926 ιετιῑο
1812 1872 1899 1926 ἀί-
2000 1858 2155 1911 decet
2187 1857 2385 1912 milites
2415 1857 2655 1921 Christi,
2704 1857 2825 1911 luce
2857 1871 3077 1923 operum
3122 1855 3466 1927 refulgentes,
3516 1867 3569 1910 et

324 1951 402 2004 cit
432 1951 478 1983 “l
507 1967 522 2004 :
552 1972 570 2004 t
603 1953 866 2021 Quoniam
899 1965 1027 2012 tunc
1049 1957 1302 2024 vivimus,
1331 1960 1375 2014 si
1402 1976 1495 2016 vos
1527 1962 1684 2018 statis
1711 1962 1764 2015 in
1795 1962 1900 2015 Do-

2007 1948 2293 2017 splendore
2321 1958 2612 2019 gestorum.
2635 1946 2766 2014 Quae
2793 1955 2917 2002 sunt
2968 1958 3143 2003 autem
3174 1948 3415 2003 buccinae
3450 1963 3569 2002 cor-

324 2045 492 2100 mino.
529 2065 547 2098 ι
580 2046 676 2103 llle
726 2048 894 2118 igitur
918 2050 1239 2119 probabilis,
1296 2052 1383 2108 ille
1411 2054 1619 2109 electus
1657 2064 1762 2114 est.
1806 2057 1895 2123 qui

2000 2057 2139 2108 neat,
2169 2056 2235 2096 ex
2269 2042 2465 2110 quibus
2492 2041 2621 2095 tuba
2656 2043 2894 2097 canunt?
2926 2042 3027 2109 Qui
3058 2043 3124 2097 de
3149 2041 3462 2097 cmlestibus
3486 2042 3569 2095 Ιοο

322 2145 676 2202 posteaquam
712 2139 780 2191 ad
801 2153 971 2208 aquas
1002 2139 1254 2209 baptismi
1295 2152 1515 2196 ventum
1542 2152 1645 2210 est,
1670 2144 1808 2198 necti
1832 2145 1895 2196 ad
1997 2134 2200 2202 uuilur.
2232 2132 2320 2201 qui
2349 2134 2414 2188 de
2441 2133 2772 2201 spiritalibus
2797 2133 3036 2199 disserit.
3071 2135 3165 2203 qui
3196 2134 3449 2204 mysteria
3484 2149 3571 2189 re-

323 2225 681 2281 necessitates
708 2238 955 2285 terrenas
976 2239 1033 2285 et
1060 2245 1350 2300 corporeas
1376 2235 1583 2299 nescit,
1611 2237 1703 2304 qui
1750 2236 1897 2292 vitiis

1996 2226 2085 2296 gni
2119 2226 2381 2281 caelorum
2410 2226 2636 2293 revelat,
2677 2228 2766 2282 ille
2812 2227 3038 2282 buccina
3086 2227 3351 2293 concinit,
3382 2228 3469 2281 ille
3501 2229 3565 2283 tle

321 2331 426 2371 non
454 2320 717 2392 indulget,
744 2337 922 2393 neque
951 2324 1021 2378 ob
1052 2325 1258 2394 peccati
1291 2326 1439 2380 sitim
1482 2329 1749 2383 sternitur
1776 2345 1896 2399 pro.
1997 2317 2123 2371 tuba
2158 2317 2413 2387 loquitur,
2449 2319 2538 2386 qui
2565 2320 2631 2374 tle
2670 2319 2880 2387 magnis
2917 2326 2971 2372 et
3017 2319 3267 2374 maximis
3303 2320 3565 2389 loquitur,

322 2425 443 2464 mm.
476 2411 581 2467 Sed
608 2422 663 2468 ει
688 2415 829 2484 quod
857 2416 989 2471 dicit
1016 2431 1111 2472 eos
1137 2431 1324 2482 manu,
1350 2419 1432 2473 νει
1474 2419 1657 2489 lingua
1694 2436 1888 2490 aquam
1994 2408 2083 2476 qui
2118 2408 2401 2461 scientiam
2436 2408 2640 2462 Christi
2674 2409 2925 2464 humanis
2948 2409 3168 2463 auribus
3190 2410 3398 2478 pandit.
3453 2408 3562 2466 Sed

318 2500 582 2568 lambere,
634 2519 739 2559 non
781 2506 989 2574 absque
1035 2510 1363 2563 sacramenti
1398 2512 1630 2580 quadam
1686 2514 1894 2583 signa-
1995 2512 2093 2550 cur
2122 2507 2171 2551 et
2203 2513 2399 2553 cornea
2453 2500 2650 2553 dicitur
2699 2499 2968 2553 buccina?
3016 2498 3151 2565 Quia
3178 2499 3326 2554 etde
3369 2510 3563 2555 sancto

318 2592 496 2645 cautia
522 2593 623 2649 hoc
662 2596 791 2650 mihi
828 2598 1042 2652 videtur
1067 2601 1354 2670 scriptum,
1403 2601 1613 2657 scilicet
1653 2604 1797 2673 quod
1839 2614 1894 2660 et

1992 2588 2189 2643 dicitur
2209 2588 2256 2621 "
2287 2606 2305 2642 :
2348 2608 2368 2642 ι
2416 2589 2596 2645 Cornu
2646 2589 2763 2659 ejus
2806 2590 3134 2646 exaltabitur
3183 2592 3235 2646 in
3281 2593 3474 2663 gloria.
3532 2611 3552 2645 ι

317 2698 481 2738 manu
505 2694 560 2739 et
589 2686 770 2755 lingua
798 2692 1016 2758 operari
1045 2692 1246 2748 debent
1287 2694 1488 2750 milites
1529 2696 1752 2761 Christi,
1788 2698 1892 2754 hoc

1996 2681 2149 2736 Unde
2193 2693 2249 2737 et
2290 2683 2715 2754 uniuscujusque
2753 2683 2980 2737 buccina
3019 2683 3215 2738 dicitur
3242 2701 3469 2751 cornea,
3502 2686 3555 2740 in

316 2782 400 2827 cst
423 2787 591 2843 opere
630 2785 686 2829 et
729 2778 940 2833 verbo:
968 2780 1096 2849 quia
1142 2799 1161 2832 t
1196 2783 1286 2852 qui
1316 2785 1475 2838 docet
1519 2794 1574 2839 et
1622 2783 1772 2848 facit,
1804 2787 1892 2841 hic
1996 2797 2061 2836 co
2107 2783 2250 2851 quod
2298 2782 2649 2852 multiplicem
2695 2781 2970 2836 scientiam
3010 2781 3248 2845 Christi,
3291 2793 3345 2837 et
3381 2786 3558 2839 crucis

319 2881 547 2935 magnus
582 2868 868 2925 vocabitur
915 2871 969 2925 in
1024 2887 1192 2943 regno
1234 2874 1495 2930 ctelorunt
1546 2873 1610 2929 ⁸⁸.
1665 2896 1684 2929 ι
1736 2877 1888 2944 Quod
1994 2880 2130 2950 ejus,
2168 2895 2288 2951 quae
2318 2880 2371 2935 in
2407 2895 2574 2935 cornu
2602 2877 2930 2949 designatur,
2962 2878 3174 2934 disserit
3200 2890 3555 2939 sacramenta.

317 2967 495 3013 autem
519 2961 680 3014 etiam
707 2961 1116 3019 similitudinem
1148 2968 1301 3021 canis
1325 2967 1614 3024 lambentis
1639 2967 1888 3039 Scriptu-
1993 2978 2128 3034 Cum
2169 2980 2270 3033 hac
2316 2994 2442 3047 ergo
2470 2976 2695 3031 buccina
2731 2975 3045 3040 militantes,
3077 2986 3133 3030 et
3164 2992 3285 3031 cum
3320 2979 3418 3032 hac
3452 2995 3555 3049 pu.

316 3064 376 3103 ra
410 3051 615 3119 posuit,
668 3053 886 3109 videtur
931 3055 1062 3110 mihi
1103 3055 1245 3112 istud
1294 3059 1496 3113 animal
1552 3061 1653 3117 hoc
1685 3062 1737 3116 in
1767 3060 1888 3116 loco
1919 3094 1962 3150 ρ
1994 3077 2245 3137 gnantcs,
2281 3068 2547 3123 vincimus
2579 3070 2930 3140 alienigenas,
2958 3079 3013 3124 et
3047 3070 3226 3123 hostes
3272 3069 3324 3121 in
3373 3067 3555 3137 fugam

318 3150 600 3211 propterea
649 3147 1007 3212 nominatum,
1054 3149 1198 3218 quod
1242 3165 1403 3220 super
1453 3154 1635 3207 omnia
1687 3163 1886 3209 caetera
1931 3147 1960 3150 f
1994 3160 2273 3227 vertimus,
2311 3159 2521 3215 etiamsi
2546 3159 2713 3215 fuerit
2743 3161 3029 3217 multitudo
3077 3176 3263 3215 eorum
3309 3159 3447 3213 sicut
3478 3158 3556 3212 lo-

314 3234 565 3291 anitnalia
599 3253 839 3294 amorem
892 3240 1090 3296 dicitur
1134 3245 1337 3313 preprii
1384 3246 1588 3301 domini
1642 3262 1881 3313 servare,
1995 3262 2181 3306 custaz.
2210 3251 2461 3308 Locustis
2483 3253 2625 3307 enim
2650 3263 2961 3322 comparata
2989 3262 3072 3307 est
3094 3253 3394 3307 dmmonum
3421 3250 3557 3304 mul-

314 3339 414 3381 nec
441 3336 702 3397 tempore,
731 3346 830 3385 nec
854 3333 1066 3402 injuriis
1088 3335 1394 3390 oblitterari
1421 3339 1473 3391 in
1502 3353 1567 3392 eo
1596 3339 1772 3395 fertur
1796 3341 1882 3394 af-
1994 3341 2185 3406 titudo,
2218 3342 2412 3411 quibus
2444 3356 2615 3412 neque
2648 3344 2702 3398 in
2738 3343 2901 3413 coelo,
2953 3358 3129 3412 neque
3176 3343 3230 3396 in
3266 3342 3426 3397 terris
3474 3352 3557 3396 cst

311 3417 508 3477 lectus.
557 3420 809 3477 Trecenti
857 3441 987 3495 ergo
1030 3427 1157 3492 soli,
1201 3429 1293 3497 qui
1336 3433 1663 3486 sacramenti
1726 3434 1884 3503 hujus
1991 3434 2166 3489 sedes.
2201 3434 2474 3490 Prtecedat
2503 3450 2631 3508 ergo
2660 3445 2714 3491 et
2741 3451 2841 3491 nos
2867 3437 2968 3491 hoc
3018 3434 3157 3490 bello
3185 3449 3404 3504 cperum
3436 3434 3554 3499 lux,

312 3511 602 3583 imaginem
652 3516 1095 3586 przel'ormabant,
1156 3523 1241 3578 isti
1293 3523 1478 3590 electi,
1531 3525 1619 3579 isti
1644 3528 1880 3596 probati,
1990 3526 2233 3581 scientia:
2263 3528 2452 3592 virtus,
2488 3528 2653 3583 divini
2683 3528 2832 3583 verbi
2883 3528 3210 3598 prtedicatio.
3248 3525 3556 3595 Pugnemus

316 3604 404 3659 isti
451 3608 517 3661 ad
559 3611 838 3664 victoriam
894 3617 1222 3682 consecrati,
1262 3617 1351 3686 qui
1398 3633 1464 3671 ex
1509 3618 1625 3687 ipso
1670 3621 1880 3676 numeri
1990 3629 2047 3675 et
2079 3636 2177 3675 nos
2201 3620 2252 3673 in
2291 3621 2506 3691 hymnis
2532 3632 2587 3675 et
2613 3620 2835 3691 psalmis
2880 3625 2936 3672 et
2963 3604 3196 3673 canticis
3221 3617 3556 3687 spiritalibus

314 3708 659 3752 sacramento
682 3700 933 3757 obtinere
959 3705 1303 3760 adversarios
1327 3718 1574 3775 possunt.
1626 3708 1881 3766 Trecenti
1989 3715 2340 3769 concinentes
2387 3723 2441 3769 et
2475 3713 2774 3769 clamantes
2804 3712 2873 3767 ad
2899 3711 3089 3779 Deum,
3145 3721 3202 3764 ut
3234 3713 3301 3765 ab
3327 3712 3444 3780 ipso
3473 3713 3556 3764 vi-

312 3787 513 3841 etenim
557 3799 705 3852 sunt,
752 3793 843 3859 qui
889 3794 1050 3848 tertio
1102 3806 1332 3850 centena
1385 3799 1770 3870 multiplicant,
1826 3810 1883 3856 et
1991 3805 2218 3858 ctoriam
2250 3804 2507 3873 consequi
2543 3816 2849 3857 mereamur
2888 3801 2941 3854 in
2970 3801 3186 3854 Christo
3210 3798 3333 3855 Jesu
3368 3801 3553 3853 Domi-

311 3876 563 3946 perl'ectae
589 3879 871 3938 Trinitatis
898 3900 1180 3941 numerum
1208 3886 1408 3956 ferunt,
1432 3892 1532 3945 sub
1554 3906 1663 3962 quo
1696 3909 1885 3948 nume-
1992 3909 2064 3949 no
2110 3907 2319 3958 nostro,
2367 3896 2455 3949 cui
2492 3903 2575 3949 est
2606 3893 2778 3962 gloria
2829 3899 2884 3945 et
2912 3892 3202 3961 imperium
3254 3891 3310 3946 in
3358 3891 3556 3948 saacula

308 3983 371 4024 ro
395 3974 578 4027 omnis
605 3971 806 4028 Christi
840 3986 1097 4032 censetur
1139 3983 1431 4037 exercitus.
1482 3981 1540 4037 In
1587 3998 1695 4054 quo
1725 3995 1883 4055 opta-
1990 3986 2327 4043 saeculorum.
2353 3985 2546 4039 Amen.

354 4147 3514 4183 Μ

930 4301 1256 4391 ΡΟΥΘ.
2526 4298 2528 4301 ’

2526 4298 2529 4301 ’
2584 4311 2962 4403 BUTH.

371 4482 485 4557 (89)
514 4486 625 4542 Καὶ
653 4486 840 4560 ὄνομα
864 4484 939 4559 τῇ
964 4488 1213 4556 δευτέρᾳ
1255 4485 1447 4545 Ῥούθ.
1515 4490 1670 4546 Ῥοὺθ
1715 4491 1882 4546 τύπον
1913 4496 1958 4551 D

1952 4509 1958 4539 ι
2066 4493 2131 4547 Et
2182 4510 2367 4548 nomen
2423 4495 2666 4549 set-unda:
2715 4492 2859 4547 Ruth
2901 4493 2966 4548 "°.
3014 4492 3265 4549 Gentium
3324 4492 3550 4563 ﬁguram

303 4577 462 4649 φέρει
482 4579 591 4632 τῶν
617 4580 787 4635 ἐθνῶν
804 4599 818 4609 ·
845 4583 966 4652 ἥτις
986 4580 1252 4651 ,κατέλιπε
1277 4580 1347 4634 τὰ
1377 4581 1602 4654 πάτρια,
1631 4585 1723 4638 καὶ
1745 4582 1886 4655 ὴνώ-

1986 4586 2127 4656 gerit
2162 4584 2462 4655 Itutb,quae
2504 4586 2705 4641 relictis
2729 4586 2936 4654 patriis,
2961 4583 3265 4639 Israelitica:
3293 4583 3544 4655 gentiin-

303 4670 370 4742 θη
397 4674 463 4743 τῇ
505 4672 868 4747 Ἱσραηλιτικῇ
892 4674 1032 4739 ἕξει.
1053 4671 1320 4744 Ζητητέον
1345 4674 1403 4728 δὲ
1435 4674 1571 4739 πῶς,
1597 4674 1691 4728 τοῦ
1720 4676 1882 4747 νόμου

1979 4688 2122 4735 serta
2151 4688 2252 4733 est.
2289 4678 2643 4743 Quaerendum
2696 4687 2783 4732 est
2808 4686 2985 4731 autem
3019 4692 3117 4731 cur
3160 4677 3278 4744 lege
3329 4685 3548 4728 vetante

301 4765 739 4836 ἀπαγορεύοντος
789 4767 864 4838 μὴ
927 4766 1185 4820 εἰσελθεῖν
1235 4767 1513 4840 Μοαϐίτην
1540 4769 1619 4831 εἰς
1655 4769 1882 4841 Ἐκκλη-

1980 4788 2049 4827 ne
2081 4772 2344 4827 Moabites
2394 4771 2734 4840 ingrediatur
2767 4772 2819 4824 in
2865 4769 3164 4825 Ecclesiam
3224 4768 3338 4831 Dei,
3404 4767 3545 4821 Ruth

301 4856 425 4909 σίαν
444 4856 600 4922 Θεοῦ,
626 4858 659 4927 ἡ
699 4856 853 4910 Ῥοὺθ
886 4857 1150 4921 Μοαϐίτις
1176 4851 1309 4910 οὖσα
1338 4857 1570 4928 εἰσῆλθε.
1592 4859 1701 4913 Καὶ
1724 4860 1883 4914 τοῦτο

1981 4863 2234 4917 Moabitis
2260 4862 2497 4916 intrarit.
2527 4860 2641 4918 Hoc
2668 4861 2951 4932 inquirens
2978 4872 3131 4915 utere
3159 4861 3241 4914 his
3265 4860 3444 4915 verbis
3460 4858 3540 4913 “:

297 4946 481 5018 ζητῶν
523 4948 725 5020 χρῆσαι
762 4947 859 5018 τῷ·
900 4967 918 4999 t
942 4948 1146 5019 Δικαίῳ
1168 4947 1225 5001 δὲ
1253 4947 1414 5019 νόμος
1435 4949 1497 5002 οὐ
1529 4953 1723 5016 κεῖται,
1748 4950 1884 5005 ἀλλὰ

1984 4974 2003 5007 t
2033 4953 2186 5009 Justo
2210 4953 2295 5010 lex
2320 4970 2428 5011 non
2458 4962 2545 5011 est
2585 4955 2782 5026 posita,
2810 4954 2905 5010 sed
2937 4954 3152 5025 injustis
3199 4962 3255 5007 et
3283 4967 3388 5007 non
3415 4950 3553 5007 subs

297 5039 506 5103 ἀδίκοις
532 5041 629 5094 καὶ
658 5027 1075 5104 ἀνυποτάκτόις.
1101 5058 1120 5091 ι
1978 5047 2127 5103 ditis.
2167 5066 2187 5099 ι

371 5200 416 5274 fl
446 5201 550 5257 Isa.
576 5217 740 5274 xxxv,
770 5198 824 5260 ὅ.
876 5203 948 5274 7“
973 5203 1134 5257 IIebt‘.
1164 5214 1263 5267 χιι,
1300 5199 1384 5256 ιδ.
1407 5269 1444 5274 η
1477 5201 1524 5274 ξ’
1548 5200 1668 5274 Gal.
1697 5213 1753 5262 v,
1782 5199 1839 5274 I1
1934 5199 1969 5274 ι]

1949 5199 2197 5274 [ιξιξιιίιιρ.
2230 5218 2302 5269 ιν,
2339 5205 2391 5259 l.
2494 5204 2541 5236 ιδ
2569 5205 2585 5258 Ι
2615 5203 2808 5261 Thess.
2839 5216 2921 5274 ιιι,
2955 5206 3007 5262 8.
3081 5203 3124 5237 “
3156 5205 3342 5274 Matth.
3383 5221 3432 5263 ν.
3462 5203 3547 5261 l9.

296 5272 339 5305 "
375 5269 510 5327 Luc.
547 5288 649 5337 xu,
673 5260 762 5327 35.
842 5273 887 5306 ⁵⁸
920 5274 1109 5327 Matth.
1144 5289 1197 5335 ν,
1241 5260 1328 5329 I6.
1404 5269 1449 5304 δ’
1480 5269 1623 5325 Psal.
1651 5260 1784 5328 cxn,
1811 5267 1865 5322 9.

1610 5307 1623 5324 .
1651 5260 1784 5328 cxtt,
1811 5267 1865 5322 9.
1947 5270 1994 5302 ⁸ο
2021 5260 2164 5328 Ruth
2192 5289 2230 5343 ι,
2260 5260 2313 5329 ί.
2391 5276 2478 5330 ⁵¹Ι
2509 5274 2648 5330 Tim.
2670 5260 2803 5343 1,9.7
2842 5260 2852 5262 ἡ
2906 5260 2921 5274 ’
2963 5260 2979 5262 _
3186 5260 3208 5287 ’

374 5418 486 5490 (88)
509 5415 663 5490 bist,
692 5434 714 5468 t
738 5425 1017 5490 roptamus.
1040 5436 1062 5490 ρ
1092 5414 1249 5490 Libb.
1274 5414 1430 5478 editi,
1451 5432 1470 5464 t
1494 5414 1819 5490 obtinemus.
1849 5428 1869 5462 ι

371 5480 481 5562 (89)
510 5486 553 5544 Β
578 5480 798 5545 schedis
821 5485 1132 5544 Comheﬁsii
1158 5489 1499 5558 desutnptum
1523 5492 1608 5540 est
1639 5483 1743 5538 hoc
1770 5480 2154 5549 fragmentum.
