  <div class='ocr_page' id='page_1' title='image "/cluster/home/n/w/nwhite01/storage/ocr_20150623/12/mdp.39015028786690/506.png"; bbox 0 0 4046 6152; ppageno 0'>
   <div class='ocr_carea' id='block_1_1' title="bbox 268 266 374 326">
    <p class='ocr_par' dir='ltr' id='par_1_1' title="bbox 268 266 374 326">
     <span class='ocr_line' id='line_1_1' title="bbox 268 266 374 326; baseline 0 0"><span class='ocrx_word' id='word_1_1' title='bbox 268 266 374 326; x_wconf 79' lang='lat'><strong>995</strong></span> 
     </span>
    </p>
   </div>
   <div class='ocr_carea' id='block_1_2' title="bbox 1430 256 2367 317">
    <p class='ocr_par' dir='ltr' id='par_1_2' title="bbox 1430 256 2367 317">
     <span class='ocr_line' id='line_1_2' title="bbox 1430 256 2367 317; baseline 0 0"><span class='ocrx_word' id='word_1_2' title='bbox 1430 258 1737 317; x_wconf 80' lang='lat' dir='ltr'><strong>SELECTA</strong></span> <span class='ocrx_word' id='word_1_3' title='bbox 1770 256 1837 312; x_wconf 82' lang='lat' dir='ltr'><strong>IN</strong></span> <span class='ocrx_word' id='word_1_4' title='bbox 1876 257 2006 313; x_wconf 87' lang='lat' dir='ltr'><strong>LIB.</strong></span> <span class='ocrx_word' id='word_1_5' title='bbox 2038 257 2061 312; x_wconf 94' lang='grc'><strong>1</strong></span> <span class='ocrx_word' id='word_1_6' title='bbox 2104 258 2367 317; x_wconf 73' lang='lat' dir='ltr'><strong>REGUM.</strong></span> 
     </span>
    </p>
   </div>
   <div class='ocr_carea' id='block_1_3' title="bbox 3422 263 3531 320">
    <p class='ocr_par' dir='ltr' id='par_1_3' title="bbox 3422 263 3531 320">
     <span class='ocr_line' id='line_1_3' title="bbox 3422 263 3531 320; baseline -0.018 1"><span class='ocrx_word' id='word_1_7' title='bbox 3422 263 3531 320; x_wconf 63' lang='lat'><strong>994.</strong></span> 
     </span>
    </p>
   </div>
   <div class='ocr_carea' id='block_1_4' title="bbox 271 376 1866 455">
    <p class='ocr_par' dir='ltr' id='par_1_4' title="bbox 271 377 1846 453">
     <span class='ocr_line' id='line_1_4' title="bbox 271 377 1846 453; baseline -0.003 -16"><span class='ocrx_word' id='word_1_8' title='bbox 271 377 574 451; x_wconf 77' lang='grc' dir='ltr'><strong>ἀπληστίας</strong></span> <span class='ocrx_word' id='word_1_9' title='bbox 609 379 704 433; x_wconf 78' lang='grc' dir='ltr'>καὶ</span> <span class='ocrx_word' id='word_1_10' title='bbox 734 379 1167 453; x_wconf 79' lang='grc' dir='ltr'><strong>φιλοχρηματίας</strong></span> <span class='ocrx_word' id='word_1_11' title='bbox 1210 380 1507 446; x_wconf 71' lang='grc' dir='ltr'>τὸπάθος.</span> <span class='ocrx_word' id='word_1_12' title='bbox 1558 382 1639 434; x_wconf 84' lang='grc' dir='ltr'>Τὰ</span> <span class='ocrx_word' id='word_1_13' title='bbox 1686 380 1846 433; x_wconf 80' lang='grc' dir='ltr'>πίονα</span> 
     </span>
    </p>
   </div>
   <div class='ocr_carea' id='block_1_5' title="bbox 1963 376 3531 455">
    <p class='ocr_par' dir='ltr' id='par_1_5' title="bbox 1972 376 3531 455">
     <span class='ocr_line' id='line_1_5' title="bbox 1972 376 3531 455; baseline 0.007 -24"><span class='ocrx_word' id='word_1_14' title='bbox 1972 379 2273 435; x_wconf 70' lang='lat' dir='ltr'><strong>insatiabilis</strong></span> <span class='ocrx_word' id='word_1_15' title='bbox 2301 378 2547 435; x_wconf 65' lang='lat' dir='ltr'><strong>avaritiae</strong></span> <span class='ocrx_word' id='word_1_16' title='bbox 2573 376 2819 437; x_wconf 81' lang='lat' dir='ltr'><strong>allectus.</strong></span> <span class='ocrx_word' id='word_1_17' title='bbox 2861 379 3133 452; x_wconf 78' lang='lat' dir='ltr'><strong>Quidquid</strong></span> <span class='ocrx_word' id='word_1_18' title='bbox 3161 381 3304 438; x_wconf 89' lang='lat' dir='ltr'><strong>enim</strong></span> <span class='ocrx_word' id='word_1_19' title='bbox 3329 383 3531 455; x_wconf 77' lang='lat' dir='ltr'><strong>pingue</strong></span> 
     </span>
    </p>
   </div>
   <div class='ocr_carea' id='block_1_6' title="bbox 272 469 1479 543">
    <p class='ocr_par' dir='ltr' id='par_1_6' title="bbox 272 469 1479 543">
     <span class='ocr_line' id='line_1_6' title="bbox 272 469 1479 543; baseline 0 -18"><span class='ocrx_word' id='word_1_20' title='bbox 272 472 380 543; x_wconf 80' lang='grc' dir='ltr'><strong>γάρ</strong></span> <span class='ocrx_word' id='word_1_21' title='bbox 400 469 511 522; x_wconf 83' lang='grc' dir='ltr'>τῶν</span> <span class='ocrx_word' id='word_1_22' title='bbox 538 471 805 541; x_wconf 85' lang='grc' dir='ltr'><strong>ποιμνίων</strong></span> <span class='ocrx_word' id='word_1_23' title='bbox 832 473 1256 542; x_wconf 68' lang='grc' dir='ltr'><strong>περιεποιήσατο</strong></span> <span class='ocrx_word' id='word_1_24' title='bbox 1283 471 1479 543; x_wconf 82' lang='grc' dir='ltr'>ἑαυτῷ.</span> 
     </span>
    </p>
   </div>
   <div class='ocr_carea' id='block_1_7' title="bbox 341 558 1850 636">
    <p class='ocr_par' dir='ltr' id='par_1_7' title="bbox 341 558 1850 636">
     <span class='ocr_line' id='line_1_7' title="bbox 341 558 1850 636; baseline 0 -21"><span class='ocrx_word' id='word_1_25' title='bbox 341 560 453 615; x_wconf 79' lang='lat' dir='ltr'><strong>Kal</strong></span> <span class='ocrx_word' id='word_1_26' title='bbox 474 561 660 626; x_wconf 83' lang='grc' dir='ltr'>αὐτὸς</span> <span class='ocrx_word' id='word_1_27' title='bbox 682 561 1008 630; x_wconf 74' lang='grc' dir='ltr'>πυρράκης.</span> <span class='ocrx_word' id='word_1_28' title='bbox 1061 563 1119 614; x_wconf 83' lang='lat'><strong>&#39;0</strong></span> <span class='ocrx_word' id='word_1_29' title='bbox 1150 563 1247 633; x_wconf 83' lang='grc' dir='ltr'>μὲν</span> <span class='ocrx_word' id='word_1_30' title='bbox 1275 558 1368 616; x_wconf 80' lang='grc' dir='ltr'>οὖν</span> <span class='ocrx_word' id='word_1_31' title='bbox 1405 562 1575 617; x_wconf 83' lang='grc' dir='ltr'><strong>Ἦσαῦ</strong></span> <span class='ocrx_word' id='word_1_32' title='bbox 1609 580 1627 614; x_wconf 78' lang='grc' dir='ltr'><strong>ι</strong></span> <span class='ocrx_word' id='word_1_33' title='bbox 1647 562 1850 636; x_wconf 72' lang='grc' dir='ltr'>πυρρά-</span> 
     </span>
    </p>
   </div>
   <div class='ocr_carea' id='block_1_8' title="bbox 275 650 1850 728">
    <p class='ocr_par' dir='ltr' id='par_1_8' title="bbox 275 650 1850 728">
     <span class='ocr_line' id='line_1_8' title="bbox 275 650 1850 728; baseline 0.001 -20"><span class='ocrx_word' id='word_1_34' title='bbox 275 672 376 726; x_wconf 85' lang='grc' dir='ltr'><strong>κης</strong></span> <span class='ocrx_word' id='word_1_35' title='bbox 399 650 489 726; x_wconf 81' lang='grc' dir='ltr'>ἦν,</span> <span class='ocrx_word' id='word_1_36' title='bbox 540 654 672 707; x_wconf 74' lang='grc' dir='ltr'>ὡσεὶ</span> <span class='ocrx_word' id='word_1_37' title='bbox 714 655 875 727; x_wconf 81' lang='grc' dir='ltr'>δορὰν</span> <span class='ocrx_word' id='word_1_38' title='bbox 914 655 1111 719; x_wconf 89' lang='grc' dir='ltr'>δασύς·</span> <span class='ocrx_word' id='word_1_39' title='bbox 1144 675 1164 707; x_wconf 77' lang='grc' dir='ltr'><strong>ι</strong></span> <span class='ocrx_word' id='word_1_40' title='bbox 1199 655 1298 727; x_wconf 83' lang='grc' dir='ltr'>τὴν</span> <span class='ocrx_word' id='word_1_41' title='bbox 1327 655 1385 722; x_wconf 77' lang='grc' dir='ltr'><strong>ἐξ</strong></span> <span class='ocrx_word' id='word_1_42' title='bbox 1414 657 1687 728; x_wconf 85' lang='grc' dir='ltr'>ἁμαρτίας</span> <span class='ocrx_word' id='word_1_43' title='bbox 1712 655 1850 727; x_wconf 80' lang='grc' dir='ltr'>ἔχων</span> 
     </span>
    </p>
   </div>
   <div class='ocr_carea' id='block_1_9' title="bbox 274 747 1852 818">
    <p class='ocr_par' dir='ltr' id='par_1_9' title="bbox 274 747 1852 818">
     <span class='ocr_line' id='line_1_9' title="bbox 274 747 1852 818; baseline 0.001 -17"><span class='ocrx_word' id='word_1_44' title='bbox 274 747 594 818; x_wconf 77' lang='grc' dir='ltr'>νεκρότητα,</span> <span class='ocrx_word' id='word_1_45' title='bbox 630 748 725 802; x_wconf 78' lang='grc' dir='ltr'><strong>καὶ</strong></span> <span class='ocrx_word' id='word_1_46' title='bbox 750 749 910 818; x_wconf 88' lang='grc' dir='ltr'>φόνον</span> <span class='ocrx_word' id='word_1_47' title='bbox 934 748 1073 802; x_wconf 88' lang='grc' dir='ltr'>κατά</span> <span class='ocrx_word' id='word_1_48' title='bbox 1109 750 1201 803; x_wconf 78' lang='grc' dir='ltr'><strong>τοῦ</strong></span> <span class='ocrx_word' id='word_1_49' title='bbox 1244 749 1459 804; x_wconf 82' lang='grc' dir='ltr'>Ἰακώϐ.</span> <span class='ocrx_word' id='word_1_50' title='bbox 1500 751 1559 804; x_wconf 79' lang='lat'><strong>’0</strong></span> <span class='ocrx_word' id='word_1_51' title='bbox 1590 750 1646 803; x_wconf 83' lang='grc' dir='ltr'>δὲ</span> <span class='ocrx_word' id='word_1_52' title='bbox 1687 750 1852 803; x_wconf 70' lang='grc' dir='ltr'>Δαυὶδ</span> 
     </span>
    </p>
   </div>
   <div class='ocr_carea' id='block_1_10' title="bbox 280 838 1849 913">
    <p class='ocr_par' dir='ltr' id='par_1_10' title="bbox 280 838 1849 913">
     <span class='ocr_line' id='line_1_10' title="bbox 280 838 1849 913; baseline 0.003 -23"><span class='ocrx_word' id='word_1_53' title='bbox 280 858 297 890; x_wconf 76' lang='grc' dir='ltr'><strong>ι</strong></span> <span class='ocrx_word' id='word_1_54' title='bbox 322 839 613 911; x_wconf 78' lang='grc' dir='ltr'>πυρράκης</span> <span class='ocrx_word' id='word_1_55' title='bbox 642 839 782 910; x_wconf 85' lang='grc' dir='ltr'>μετὰ</span> <span class='ocrx_word' id='word_1_56' title='bbox 811 838 1041 905; x_wconf 78' lang='grc' dir='ltr'><strong>κάλλους</strong></span> <span class='ocrx_word' id='word_1_57' title='bbox 1081 841 1395 913; x_wconf 81' lang='grc' dir='ltr'>ὀφθαλμῶν,</span> <span class='ocrx_word' id='word_1_58' title='bbox 1423 841 1521 895; x_wconf 59' lang='grc' dir='ltr'><strong>καὶ¹</strong></span> <span class='ocrx_word' id='word_1_59' title='bbox 1554 840 1757 910; x_wconf 84' lang='grc' dir='ltr'>ἀγαθὸς</span> <span class='ocrx_word' id='word_1_60' title='bbox 1783 844 1849 913; x_wconf 79' lang='grc' dir='ltr'>τῇ</span> 
     </span>
    </p>
   </div>
   <div class='ocr_carea' id='block_1_11' title="bbox 254 916 1850 1008">
    <p class='ocr_par' dir='ltr' id='par_1_11' title="bbox 254 916 1850 1008">
     <span class='ocr_line' id='line_1_11' title="bbox 254 916 1850 1008; baseline 0.001 -21"><span class='ocrx_word' id='word_1_61' title='bbox 254 916 460 1006; x_wconf 60' lang='grc' dir='ltr'>’ὁράσει</span> <span class='ocrx_word' id='word_1_62' title='bbox 517 934 747 1008; x_wconf 81' lang='grc' dir='ltr'>Κυρίου,</span> <span class='ocrx_word' id='word_1_63' title='bbox 775 954 795 988; x_wconf 76' lang='grc' dir='ltr'><strong>ι</strong></span> <span class='ocrx_word' id='word_1_64' title='bbox 857 934 947 990; x_wconf 81' lang='grc' dir='ltr'>ἵνα</span> <span class='ocrx_word' id='word_1_65' title='bbox 1003 934 1066 988; x_wconf 84' lang='grc' dir='ltr'>τὸ</span> <span class='ocrx_word' id='word_1_66' title='bbox 1126 934 1433 1007; x_wconf 85' lang='grc' dir='ltr'>διορατικὸν</span> <span class='ocrx_word' id='word_1_67' title='bbox 1484 933 1699 1007; x_wconf 83' lang='grc' dir='ltr'><strong>δηλώσῃ</strong></span> <span class='ocrx_word' id='word_1_68' title='bbox 1756 933 1850 988; x_wconf 82' lang='grc' dir='ltr'>τοῦ</span> 
     </span>
    </p>
   </div>
   <div class='ocr_carea' id='block_1_12' title="bbox 272 1026 454 1080">
    <p class='ocr_par' dir='ltr' id='par_1_12' title="bbox 272 1026 454 1080">
     <span class='ocr_line' id='line_1_12' title="bbox 272 1026 454 1080; baseline 0 -1"><span class='ocrx_word' id='word_1_69' title='bbox 272 1026 454 1080; x_wconf 88' lang='grc' dir='ltr'>Δαυίδ.</span> 
     </span>
    </p>
   </div>
   <div class='ocr_carea' id='block_1_13' title="bbox 341 1100 1852 1188">
    <p class='ocr_par' dir='ltr' id='par_1_13' title="bbox 341 1100 1852 1188">
     <span class='ocr_line' id='line_1_13' title="bbox 341 1100 1852 1188; baseline 0.001 -17"><span class='ocrx_word' id='word_1_70' title='bbox 341 1119 455 1172; x_wconf 78' lang='grc' dir='ltr'><strong>Καὶ</strong></span> <span class='ocrx_word' id='word_1_71' title='bbox 481 1117 601 1173; x_wconf 81' lang='grc' dir='ltr'>νῦν</span> <span class='ocrx_word' id='word_1_72' title='bbox 628 1121 679 1173; x_wconf 81' lang='grc' dir='ltr'><strong>εί</strong></span> <span class='ocrx_word' id='word_1_73' title='bbox 704 1119 866 1173; x_wconf 75' lang='grc' dir='ltr'>εἰσὶν</span> <span class='ocrx_word' id='word_1_74' title='bbox 899 1117 1021 1174; x_wconf 82' lang='grc' dir='ltr'><strong>ὑπὸ</strong></span> <span class='ocrx_word' id='word_1_75' title='bbox 1060 1117 1174 1186; x_wconf 80' lang='grc' dir='ltr'>τὴν</span> <span class='ocrx_word' id='word_1_76' title='bbox 1198 1117 1369 1188; x_wconf 81' lang='grc' dir='ltr'>χεῖρά</span> <span class='ocrx_word' id='word_1_77' title='bbox 1393 1134 1509 1173; x_wconf 86' lang='grc' dir='ltr'><strong>σου</strong></span> <span class='ocrx_word' id='word_1_78' title='bbox 1543 1100 1725 1174; x_wconf 71' lang='grc' dir='ltr'>πέντε</span> <span class='ocrx_word' id='word_1_79' title='bbox 1752 1124 1852 1187; x_wconf 79' lang='lat' dir='ltr'><strong>ap-</strong></span> 
     </span>
    </p>
   </div>
   <div class='ocr_carea' id='block_1_14' title="bbox 273 1194 1850 1283">
    <p class='ocr_par' dir='ltr' id='par_1_14' title="bbox 273 1194 1850 1283">
     <span class='ocr_line' id='line_1_14' title="bbox 273 1194 1850 1283; baseline 0.001 -21"><span class='ocrx_word' id='word_1_80' title='bbox 273 1226 381 1263; x_wconf 81' lang='grc' dir='ltr'>τοι.</span> <span class='ocrx_word' id='word_1_81' title='bbox 426 1209 736 1282; x_wconf 81' lang='grc' dir='ltr'>Προύδήλου</span> <span class='ocrx_word' id='word_1_82' title='bbox 778 1194 837 1264; x_wconf 61' lang='grc' dir='ltr'>δὲ</span> <span class='ocrx_word' id='word_1_83' title='bbox 883 1204 979 1265; x_wconf 67' lang='grc' dir='ltr'><strong>καὶ</strong></span> <span class='ocrx_word' id='word_1_84' title='bbox 1024 1211 1105 1264; x_wconf 85' lang='grc' dir='ltr'><strong>δτι</strong></span> <span class='ocrx_word' id='word_1_85' title='bbox 1135 1212 1170 1283; x_wconf 89' lang='grc' dir='ltr'><strong>ή</strong></span> <span class='ocrx_word' id='word_1_86' title='bbox 1204 1209 1455 1282; x_wconf 83' lang='grc' dir='ltr'>βασιλικὴ</span> <span class='ocrx_word' id='word_1_87' title='bbox 1496 1210 1636 1282; x_wconf 83' lang='grc' dir='ltr'>φυλὴ</span> <span class='ocrx_word' id='word_1_88' title='bbox 1682 1212 1778 1265; x_wconf 78' lang='grc' dir='ltr'>καὶ</span> <span class='ocrx_word' id='word_1_89' title='bbox 1816 1212 1850 1282; x_wconf 85' lang='grc' dir='ltr'><strong>ή</strong></span> 
     </span>
    </p>
   </div>
   <div class='ocr_carea' id='block_1_15' title="bbox 274 1301 1853 1376">
    <p class='ocr_par' dir='ltr' id='par_1_15' title="bbox 274 1301 1853 1376">
     <span class='ocr_line' id='line_1_15' title="bbox 274 1301 1853 1376; baseline 0.003 -22"><span class='ocrx_word' id='word_1_90' title='bbox 274 1302 521 1374; x_wconf 83' lang='grc' dir='ltr'>ίερατικὴ</span> <span class='ocrx_word' id='word_1_91' title='bbox 570 1301 758 1373; x_wconf 75' lang='grc' dir='ltr'>ἔμελλε</span> <span class='ocrx_word' id='word_1_92' title='bbox 804 1301 1170 1357; x_wconf 80' lang='grc' dir='ltr'><strong>συνάπτεσθαι</strong></span> <span class='ocrx_word' id='word_1_93' title='bbox 1219 1303 1278 1356; x_wconf 81' lang='grc' dir='ltr'>ὲν</span> <span class='ocrx_word' id='word_1_94' title='bbox 1328 1302 1548 1374; x_wconf 78' lang='grc' dir='ltr'><strong>Χριστῷ</strong></span> <span class='ocrx_word' id='word_1_95' title='bbox 1590 1302 1671 1374; x_wconf 86' lang='grc' dir='ltr'>τῷ</span> <span class='ocrx_word' id='word_1_96' title='bbox 1718 1305 1853 1376; x_wconf 82' lang='grc' dir='ltr'>ἱερεῖ</span> 
     </span>
    </p>
   </div>
   <div class='ocr_carea' id='block_1_16' title="bbox 272 1392 812 1465">
    <p class='ocr_par' dir='ltr' id='par_1_16' title="bbox 272 1392 812 1465">
     <span class='ocr_line' id='line_1_16' title="bbox 272 1392 812 1465; baseline 0.006 -19"><span class='ocrx_word' id='word_1_97' title='bbox 272 1392 408 1465; x_wconf 81' lang='grc' dir='ltr'>ὁμοῦ</span> <span class='ocrx_word' id='word_1_98' title='bbox 448 1393 544 1447; x_wconf 76' lang='grc' dir='ltr'>καὶ</span> <span class='ocrx_word' id='word_1_99' title='bbox 583 1393 812 1464; x_wconf 83' lang='grc' dir='ltr'>βασιλεῖ.</span> 
     </span>
    </p>
   </div>
   <div class='ocr_carea' id='block_1_17' title="bbox 344 1485 1852 1559">
    <p class='ocr_par' dir='ltr' id='par_1_17' title="bbox 344 1485 1852 1559">
     <span class='ocr_line' id='line_1_17' title="bbox 344 1485 1852 1559; baseline 0 -20"><span class='ocrx_word' id='word_1_100' title='bbox 344 1486 469 1539; x_wconf 83' lang='grc' dir='ltr'><strong>Οὐκ</strong></span> <span class='ocrx_word' id='word_1_101' title='bbox 493 1485 651 1539; x_wconf 68' lang='grc' dir='ltr'>εἰσὶν</span> <span class='ocrx_word' id='word_1_102' title='bbox 671 1486 836 1555; x_wconf 83' lang='grc' dir='ltr'>ἄρτοι</span> <span class='ocrx_word' id='word_1_103' title='bbox 851 1486 1124 1556; x_wconf 82' lang='grc' dir='ltr'>βέϐηλοι.</span> <span class='ocrx_word' id='word_1_104' title='bbox 1167 1486 1454 1559; x_wconf 89' lang='grc' dir='ltr'>Βεϐήλους,</span> <span class='ocrx_word' id='word_1_105' title='bbox 1483 1486 1543 1540; x_wconf 89' lang='grc' dir='ltr'>οὐ</span> <span class='ocrx_word' id='word_1_106' title='bbox 1567 1487 1694 1550; x_wconf 76' lang='grc' dir='ltr'>τοὺς</span> <span class='ocrx_word' id='word_1_107' title='bbox 1716 1487 1852 1540; x_wconf 85' lang='grc' dir='ltr'>ἀκα-</span> 
     </span>
    </p>
   </div>
   <div class='ocr_carea' id='block_1_18' title="bbox 273 1578 1853 1653">
    <p class='ocr_par' dir='ltr' id='par_1_18' title="bbox 273 1578 1853 1653">
     <span class='ocr_line' id='line_1_18' title="bbox 273 1578 1853 1653; baseline 0.001 -22"><span class='ocrx_word' id='word_1_108' title='bbox 273 1578 507 1650; x_wconf 88' lang='grc' dir='ltr'>θάρτους</span> <span class='ocrx_word' id='word_1_109' title='bbox 533 1579 700 1650; x_wconf 80' lang='grc' dir='ltr'>λέγει,</span> <span class='ocrx_word' id='word_1_110' title='bbox 730 1579 867 1635; x_wconf 81' lang='grc' dir='ltr'>ἀλλὰ</span> <span class='ocrx_word' id='word_1_111' title='bbox 898 1582 1026 1644; x_wconf 82' lang='grc' dir='ltr'>τοὺς</span> <span class='ocrx_word' id='word_1_112' title='bbox 1055 1581 1153 1653; x_wconf 83' lang='grc' dir='ltr'><strong>οὐχ</strong></span> <span class='ocrx_word' id='word_1_113' title='bbox 1179 1580 1366 1651; x_wconf 80' lang='grc' dir='ltr'>ἁγίους</span> <span class='ocrx_word' id='word_1_114' title='bbox 1384 1597 1399 1613; x_wconf 78' lang='grc'><strong><em>⁸</em></strong></span> <span class='ocrx_word' id='word_1_115' title='bbox 1430 1581 1546 1645; x_wconf 82' lang='grc' dir='ltr'>καὶ,</span> <span class='ocrx_word' id='word_1_116' title='bbox 1578 1581 1656 1645; x_wconf 80' lang='grc' dir='ltr'><strong>ὡς</strong></span> <span class='ocrx_word' id='word_1_117' title='bbox 1695 1579 1853 1633; x_wconf 81' lang='grc' dir='ltr'>Ἀκύ-</span> 
     </span>
    </p>
   </div>
   <div class='ocr_carea' id='block_1_19' title="bbox 273 1671 1848 1745">
    <p class='ocr_par' dir='ltr' id='par_1_19' title="bbox 273 1671 1848 1745">
     <span class='ocr_line' id='line_1_19' title="bbox 273 1671 1848 1745; baseline 0.001 -23"><span class='ocrx_word' id='word_1_118' title='bbox 273 1671 372 1734; x_wconf 89' lang='grc' dir='ltr'><strong>λας</strong></span> <span class='ocrx_word' id='word_1_119' title='bbox 414 1671 667 1738; x_wconf 79' lang='grc' dir='ltr'>ἐξέδωκε,</span> <span class='ocrx_word' id='word_1_120' title='bbox 714 1671 936 1736; x_wconf 84' lang='grc' dir='ltr'>λαῖκούς</span> <span class='ocrx_word' id='word_1_121' title='bbox 955 1689 967 1703; x_wconf 71' lang='grc'><strong><em>⁸</em></strong></span> <span class='ocrx_word' id='word_1_122' title='bbox 1017 1673 1115 1743; x_wconf 83' lang='grc' dir='ltr'><strong>οὐχ</strong></span> <span class='ocrx_word' id='word_1_123' title='bbox 1144 1674 1226 1727; x_wconf 83' lang='grc' dir='ltr'>ὅτι</span> <span class='ocrx_word' id='word_1_124' title='bbox 1261 1671 1475 1745; x_wconf 89' lang='grc' dir='ltr'>βέϐηλοι</span> <span class='ocrx_word' id='word_1_125' title='bbox 1502 1674 1551 1725; x_wconf 87' lang='grc' dir='ltr'>οἱ</span> <span class='ocrx_word' id='word_1_126' title='bbox 1578 1671 1655 1744; x_wconf 79' lang='grc' dir='ltr'><strong>μή</strong></span> <span class='ocrx_word' id='word_1_127' title='bbox 1683 1671 1848 1741; x_wconf 79' lang='grc' dir='ltr'>ἅγιοι,</span> 
     </span>
    </p>
   </div>
   <div class='ocr_carea' id='block_1_20' title="bbox 1955 472 3311 542">
    <p class='ocr_par' dir='ltr' id='par_1_20' title="bbox 1955 472 3311 542">
     <span class='ocr_line' id='line_1_20' title="bbox 1955 472 3311 542; baseline 0.002 -18"><span class='ocrx_word' id='word_1_128' title='bbox 1955 484 2071 525; x_wconf 82' lang='lat' dir='ltr'><strong>erat</strong></span> <span class='ocrx_word' id='word_1_129' title='bbox 2106 472 2161 525; x_wconf 92' lang='lat' dir='ltr'><strong>in</strong></span> <span class='ocrx_word' id='word_1_130' title='bbox 2190 472 2444 542; x_wconf 78' lang='lat' dir='ltr'><strong>gregibus</strong></span> <span class='ocrx_word' id='word_1_131' title='bbox 2467 474 2669 536; x_wconf 85' lang='lat' dir='ltr'><strong>ovium,</strong></span> <span class='ocrx_word' id='word_1_132' title='bbox 2702 473 2830 527; x_wconf 90' lang='lat' dir='ltr'><strong>illud</strong></span> <span class='ocrx_word' id='word_1_133' title='bbox 2859 475 2961 529; x_wconf 86' lang='lat' dir='ltr'><strong>sibi</strong></span> <span class='ocrx_word' id='word_1_134' title='bbox 2993 476 3311 530; x_wconf 74' lang='lat' dir='ltr'><strong>reservavit.</strong></span> 
     </span>
    </p>
   </div>
   <div class='ocr_carea' id='block_1_21' title="bbox 2022 562 3533 633">
    <p class='ocr_par' dir='ltr' id='par_1_21' title="bbox 2022 562 3533 633">
     <span class='ocr_line' id='line_1_21' title="bbox 2022 562 3533 633; baseline 0.005 -19"><span class='ocrx_word' id='word_1_135' title='bbox 2022 563 2089 615; x_wconf 85' lang='lat' dir='ltr'><strong>Et</strong></span> <span class='ocrx_word' id='word_1_136' title='bbox 2136 563 2248 630; x_wconf 82' lang='lat' dir='ltr'><strong>ipse</strong></span> <span class='ocrx_word' id='word_1_137' title='bbox 2283 562 2434 631; x_wconf 78' lang='lat' dir='ltr'><strong>rufus</strong></span> <span class='ocrx_word' id='word_1_138' title='bbox 2458 562 2525 617; x_wconf 85' lang='grc'><strong>⁵³.</strong></span> <span class='ocrx_word' id='word_1_139' title='bbox 2568 562 2707 618; x_wconf 83' lang='lat' dir='ltr'><strong>Esau</strong></span> <span class='ocrx_word' id='word_1_140' title='bbox 2734 565 2951 633; x_wconf 88' lang='lat' dir='ltr'><strong>quidem</strong></span> <span class='ocrx_word' id='word_1_141' title='bbox 2985 582 3003 615; x_wconf 81' lang='grc' dir='ltr'><strong>ι</strong></span> <span class='ocrx_word' id='word_1_142' title='bbox 3034 564 3189 621; x_wconf 76' lang='lat' dir='ltr'><strong>rufus</strong></span> <span class='ocrx_word' id='word_1_143' title='bbox 3214 576 3353 631; x_wconf 86' lang='lat' dir='ltr'><strong>eral,</strong></span> <span class='ocrx_word' id='word_1_144' title='bbox 3385 566 3533 621; x_wconf 88' lang='lat' dir='ltr'><strong>sicut</strong></span> 
     </span>
    </p>
   </div>
   <div class='ocr_carea' id='block_1_22' title="bbox 1955 653 3530 727">
    <p class='ocr_par' dir='ltr' id='par_1_22' title="bbox 1955 653 3530 727">
     <span class='ocr_line' id='line_1_22' title="bbox 1955 653 3530 727; baseline 0.004 -21"><span class='ocrx_word' id='word_1_145' title='bbox 1955 653 2110 722; x_wconf 79' lang='lat' dir='ltr'><strong>pellis</strong></span> <span class='ocrx_word' id='word_1_146' title='bbox 2139 654 2366 724; x_wconf 89' lang='lat' dir='ltr'><strong>pilosus,</strong></span> <span class='ocrx_word' id='word_1_147' title='bbox 2395 674 2414 707; x_wconf 81' lang='grc' dir='ltr'><strong>ι</strong></span> <span class='ocrx_word' id='word_1_148' title='bbox 2448 655 2684 710; x_wconf 85' lang='lat' dir='ltr'><strong>habebat</strong></span> <span class='ocrx_word' id='word_1_149' title='bbox 2721 658 2919 727; x_wconf 81' lang='lat' dir='ltr'><strong>quippe</strong></span> <span class='ocrx_word' id='word_1_150' title='bbox 2942 671 3007 711; x_wconf 83' lang='lat' dir='ltr'><strong>ex</strong></span> <span class='ocrx_word' id='word_1_151' title='bbox 3039 669 3262 726; x_wconf 80' lang='lat' dir='ltr'><strong>peccato</strong></span> <span class='ocrx_word' id='word_1_152' title='bbox 3293 659 3530 713; x_wconf 80' lang='lat' dir='ltr'><strong>mortali-</strong></span> 
     </span>
    </p>
   </div>
   <div class='ocr_carea' id='block_1_23' title="bbox 1957 744 3530 806">
    <p class='ocr_par' dir='ltr' id='par_1_23' title="bbox 1957 744 3530 806">
     <span class='ocr_line' id='line_1_23' title="bbox 1957 744 3530 806; baseline 0.004 -7"><span class='ocrx_word' id='word_1_153' title='bbox 1957 754 2119 799; x_wconf 82' lang='lat' dir='ltr'><strong>tatem</strong></span> <span class='ocrx_word' id='word_1_154' title='bbox 2152 759 2208 801; x_wconf 91' lang='lat' dir='ltr'><strong>et</strong></span> <span class='ocrx_word' id='word_1_155' title='bbox 2237 746 2439 800; x_wconf 66' lang='lat' dir='ltr'><strong>caedem</strong></span> <span class='ocrx_word' id='word_1_156' title='bbox 2471 759 2662 801; x_wconf 89' lang='lat' dir='ltr'><strong>contra</strong></span> <span class='ocrx_word' id='word_1_157' title='bbox 2691 744 2880 804; x_wconf 86' lang='lat' dir='ltr'><strong>Jacob.</strong></span> <span class='ocrx_word' id='word_1_158' title='bbox 2920 748 3088 803; x_wconf 88' lang='lat' dir='ltr'><strong>David</strong></span> <span class='ocrx_word' id='word_1_159' title='bbox 3114 759 3295 804; x_wconf 90' lang='lat' dir='ltr'><strong>autem</strong></span> <span class='ocrx_word' id='word_1_160' title='bbox 3330 768 3349 801; x_wconf 73' lang='grc' dir='ltr'><strong>ε</strong></span> <span class='ocrx_word' id='word_1_161' title='bbox 3377 749 3530 806; x_wconf 73' lang='lat' dir='ltr'><strong>rufus</strong></span> 
     </span>
    </p>
   </div>
   <div class='ocr_carea' id='block_1_24' title="bbox 1957 836 3532 911">
    <p class='ocr_par' dir='ltr' id='par_1_24' title="bbox 1957 836 3532 911">
     <span class='ocr_line' id='line_1_24' title="bbox 1957 836 3532 911; baseline 0.003 -21"><span class='ocrx_word' id='word_1_162' title='bbox 1957 853 2080 890; x_wconf 82' lang='lat' dir='ltr'><strong>cum</strong></span> <span class='ocrx_word' id='word_1_163' title='bbox 2108 836 2507 905; x_wconf 85' lang='lat' dir='ltr'><strong>pulchritudine</strong></span> <span class='ocrx_word' id='word_1_164' title='bbox 2537 838 2841 904; x_wconf 90' lang='lat' dir='ltr'><strong>oculorum,</strong></span> <span class='ocrx_word' id='word_1_165' title='bbox 2887 848 2940 893; x_wconf 91' lang='lat' dir='ltr'><strong>et</strong></span> <span class='ocrx_word' id='word_1_166' title='bbox 2971 840 3144 894; x_wconf 87' lang='lat' dir='ltr'><strong>bonus</strong></span> <span class='ocrx_word' id='word_1_167' title='bbox 3172 849 3391 911; x_wconf 89' lang='lat' dir='ltr'><strong>aspectu</strong></span> <span class='ocrx_word' id='word_1_168' title='bbox 3424 840 3532 896; x_wconf 89' lang='lat' dir='ltr'><strong>Do-</strong></span> 
     </span>
    </p>
   </div>
   <div class='ocr_carea' id='block_1_25' title="bbox 1959 930 3302 1000">
    <p class='ocr_par' dir='ltr' id='par_1_25' title="bbox 1959 930 3302 1000">
     <span class='ocr_line' id='line_1_25' title="bbox 1959 930 3302 1000; baseline 0.004 -18"><span class='ocrx_word' id='word_1_169' title='bbox 1959 930 2124 995; x_wconf 88' lang='lat' dir='ltr'><strong>mino,</strong></span> <span class='ocrx_word' id='word_1_170' title='bbox 2153 947 2175 981; x_wconf 80' lang='grc' dir='ltr'><strong>ι</strong></span> <span class='ocrx_word' id='word_1_171' title='bbox 2211 938 2270 983; x_wconf 86' lang='grc' dir='ltr'><strong>ιιι</strong></span> <span class='ocrx_word' id='word_1_172' title='bbox 2298 930 2629 1000; x_wconf 88' lang='lat' dir='ltr'><strong>perspicacia</strong></span> <span class='ocrx_word' id='word_1_173' title='bbox 2658 931 2877 985; x_wconf 87' lang='lat' dir='ltr'><strong>Davidis</strong></span> <span class='ocrx_word' id='word_1_174' title='bbox 2903 932 3302 987; x_wconf 82' lang='lat' dir='ltr'><strong>ostenderetur.</strong></span> 
     </span>
    </p>
   </div>
   <div class='ocr_carea' id='block_1_26' title="bbox 2026 1105 3523 1181">
    <p class='ocr_par' dir='ltr' id='par_1_26' title="bbox 2026 1105 3523 1181">
     <span class='ocr_line' id='line_1_26' title="bbox 2026 1105 3523 1181; baseline 0.005 -21"><span class='ocrx_word' id='word_1_175' title='bbox 2026 1105 2095 1160; x_wconf 86' lang='lat' dir='ltr'><strong>Et</strong></span> <span class='ocrx_word' id='word_1_176' title='bbox 2132 1124 2269 1161; x_wconf 81' lang='lat' dir='ltr'><strong>nunc</strong></span> <span class='ocrx_word' id='word_1_177' title='bbox 2299 1108 2346 1162; x_wconf 86' lang='lat' dir='ltr'><strong>si</strong></span> <span class='ocrx_word' id='word_1_178' title='bbox 2381 1118 2501 1162; x_wconf 82' lang='lat' dir='ltr'><strong>sunt</strong></span> <span class='ocrx_word' id='word_1_179' title='bbox 2523 1108 2617 1162; x_wconf 83' lang='lat' dir='ltr'><strong>sub</strong></span> <span class='ocrx_word' id='word_1_180' title='bbox 2646 1124 2805 1163; x_wconf 79' lang='lat' dir='ltr'><strong>manu</strong></span> <span class='ocrx_word' id='word_1_181' title='bbox 2842 1110 3068 1181; x_wconf 83' lang='lat' dir='ltr'><strong>quinque</strong></span> <span class='ocrx_word' id='word_1_182' title='bbox 3092 1127 3250 1180; x_wconf 84' lang='lat' dir='ltr'><strong>panes</strong></span> <span class='ocrx_word' id='word_1_183' title='bbox 3271 1110 3341 1165; x_wconf 78' lang='lat'><strong>“.</strong></span> <span class='ocrx_word' id='word_1_184' title='bbox 3381 1110 3523 1168; x_wconf 50' lang='lat' dir='ltr'><strong>Prata</strong></span> 
     </span>
    </p>
   </div>
   <div class='ocr_carea' id='block_1_27' title="bbox 1957 1187 3533 1268">
    <p class='ocr_par' dir='ltr' id='par_1_27' title="bbox 1957 1187 3533 1268">
     <span class='ocr_line' id='line_1_27' title="bbox 1957 1187 3533 1268; baseline 0.004 -16"><span class='ocrx_word' id='word_1_185' title='bbox 1957 1187 2324 1267; x_wconf 68' lang='lat' dir='ltr'><strong>signiﬁcabat</strong></span> <span class='ocrx_word' id='word_1_186' title='bbox 2348 1198 2549 1268; x_wconf 72' lang='lat' dir='ltr'><strong>regiam</strong></span> <span class='ocrx_word' id='word_1_187' title='bbox 2588 1198 2788 1253; x_wconf 81' lang='lat' dir='ltr'><strong>tribum</strong></span> <span class='ocrx_word' id='word_1_188' title='bbox 2820 1209 2879 1255; x_wconf 89' lang='lat' dir='ltr'><strong>et</strong></span> <span class='ocrx_word' id='word_1_189' title='bbox 2923 1201 3316 1256; x_wconf 82' lang='lat' dir='ltr'><strong>sacerdotalem</strong></span> <span class='ocrx_word' id='word_1_190' title='bbox 3359 1202 3533 1258; x_wconf 73' lang='lat' dir='ltr'><strong>eoch</strong></span> 
     </span>
    </p>
   </div>
   <div class='ocr_carea' id='block_1_28' title="bbox 1960 1287 3361 1362">
    <p class='ocr_par' dir='ltr' id='par_1_28' title="bbox 1960 1287 3361 1362">
     <span class='ocr_line' id='line_1_28' title="bbox 1960 1287 3361 1362; baseline 0.005 -23"><span class='ocrx_word' id='word_1_191' title='bbox 1960 1295 2112 1342; x_wconf 90' lang='lat' dir='ltr'><strong>turas</strong></span> <span class='ocrx_word' id='word_1_192' title='bbox 2149 1301 2270 1342; x_wconf 82' lang='lat' dir='ltr'><strong>esse</strong></span> <span class='ocrx_word' id='word_1_193' title='bbox 2304 1289 2358 1342; x_wconf 91' lang='lat' dir='ltr'><strong>in</strong></span> <span class='ocrx_word' id='word_1_194' title='bbox 2387 1287 2604 1344; x_wconf 84' lang='lat' dir='ltr'><strong>Christo</strong></span> <span class='ocrx_word' id='word_1_195' title='bbox 2630 1289 2913 1344; x_wconf 83' lang='lat' dir='ltr'><strong>sacerdote</strong></span> <span class='ocrx_word' id='word_1_196' title='bbox 2937 1289 3099 1345; x_wconf 81' lang='lat' dir='ltr'><strong>simul</strong></span> <span class='ocrx_word' id='word_1_197' title='bbox 3127 1298 3182 1346; x_wconf 90' lang='lat' dir='ltr'><strong>et</strong></span> <span class='ocrx_word' id='word_1_198' title='bbox 3213 1306 3361 1362; x_wconf 81' lang='lat' dir='ltr'><strong>rege.</strong></span> 
     </span>
    </p>
   </div>
   <div class='ocr_carea' id='block_1_29' title="bbox 2027 1464 3536 1538">
    <p class='ocr_par' dir='ltr' id='par_1_29' title="bbox 2027 1464 3536 1538">
     <span class='ocr_line' id='line_1_29' title="bbox 2027 1464 3536 1538; baseline 0.006 -20"><span class='ocrx_word' id='word_1_199' title='bbox 2027 1464 2152 1519; x_wconf 86' lang='lat' dir='ltr'><strong>Non</strong></span> <span class='ocrx_word' id='word_1_200' title='bbox 2178 1476 2298 1520; x_wconf 82' lang='lat' dir='ltr'><strong>sunt</strong></span> <span class='ocrx_word' id='word_1_201' title='bbox 2328 1484 2489 1535; x_wconf 82' lang='lat' dir='ltr'><strong>panes</strong></span> <span class='ocrx_word' id='word_1_202' title='bbox 2511 1468 2723 1538; x_wconf 70' lang='lat' dir='ltr'><strong>profani</strong></span> <span class='ocrx_word' id='word_1_203' title='bbox 2746 1469 2819 1526; x_wconf 84' lang='lat'><strong>&quot;.</strong></span> <span class='ocrx_word' id='word_1_204' title='bbox 2859 1470 3142 1534; x_wconf 85' lang='lat' dir='ltr'><strong>Prol&#39;anos,</strong></span> <span class='ocrx_word' id='word_1_205' title='bbox 3170 1486 3277 1527; x_wconf 90' lang='lat' dir='ltr'><strong>non</strong></span> <span class='ocrx_word' id='word_1_206' title='bbox 3300 1471 3536 1527; x_wconf 84' lang='lat' dir='ltr'><strong>immun-</strong></span> 
     </span>
    </p>
   </div>
   <div class='ocr_carea' id='block_1_30' title="bbox 1958 1559 3531 1632">
    <p class='ocr_par' dir='ltr' id='par_1_30' title="bbox 1958 1559 3531 1632">
     <span class='ocr_line' id='line_1_30' title="bbox 1958 1559 3531 1632; baseline 0.004 -19"><span class='ocrx_word' id='word_1_207' title='bbox 1958 1559 2056 1613; x_wconf 88' lang='lat' dir='ltr'><strong>dos</strong></span> <span class='ocrx_word' id='word_1_208' title='bbox 2083 1559 2235 1623; x_wconf 86' lang='lat' dir='ltr'><strong>dicit,</strong></span> <span class='ocrx_word' id='word_1_209' title='bbox 2265 1560 2359 1614; x_wconf 89' lang='lat' dir='ltr'><strong>sed</strong></span> <span class='ocrx_word' id='word_1_210' title='bbox 2393 1576 2499 1614; x_wconf 90' lang='lat' dir='ltr'><strong>non</strong></span> <span class='ocrx_word' id='word_1_211' title='bbox 2545 1571 2782 1625; x_wconf 80' lang='lat' dir='ltr'><strong>sanctos.</strong></span> <span class='ocrx_word' id='word_1_212' title='bbox 2815 1571 2873 1619; x_wconf 90' lang='lat' dir='ltr'><strong>et</strong></span> <span class='ocrx_word' id='word_1_213' title='bbox 2906 1574 2965 1618; x_wconf 91' lang='lat' dir='ltr'><strong>ut</strong></span> <span class='ocrx_word' id='word_1_214' title='bbox 2991 1563 3182 1632; x_wconf 83' lang='lat' dir='ltr'><strong>Aquila</strong></span> <span class='ocrx_word' id='word_1_215' title='bbox 3213 1565 3396 1630; x_wconf 81' lang='lat' dir='ltr'><strong>vertit,</strong></span> <span class='ocrx_word' id='word_1_216' title='bbox 3426 1563 3531 1619; x_wconf 84' lang='lat' dir='ltr'><strong>lai-</strong></span> 
     </span>
    </p>
   </div>
   <div class='ocr_carea' id='block_1_31' title="bbox 1958 1651 3530 1726">
    <p class='ocr_par' dir='ltr' id='par_1_31' title="bbox 1958 1651 3530 1726">
     <span class='ocr_line' id='line_1_31' title="bbox 1958 1651 3530 1726; baseline 0.005 -22"><span class='ocrx_word' id='word_1_217' title='bbox 1958 1664 2052 1704; x_wconf 84' lang='lat' dir='ltr'><strong>cos</strong></span> <span class='ocrx_word' id='word_1_218' title='bbox 2086 1667 2100 1702; x_wconf 88' lang='lat'><strong>:</strong></span> <span class='ocrx_word' id='word_1_219' title='bbox 2130 1666 2235 1703; x_wconf 90' lang='lat' dir='ltr'><strong>non</strong></span> <span class='ocrx_word' id='word_1_220' title='bbox 2271 1651 2413 1717; x_wconf 89' lang='lat' dir='ltr'><strong>quod</strong></span> <span class='ocrx_word' id='word_1_221' title='bbox 2463 1652 2696 1721; x_wconf 74' lang='lat' dir='ltr'><strong>profani,</strong></span> <span class='ocrx_word' id='word_1_222' title='bbox 2740 1654 2831 1724; x_wconf 90' lang='lat' dir='ltr'><strong>qui</strong></span> <span class='ocrx_word' id='word_1_223' title='bbox 2861 1669 2967 1709; x_wconf 90' lang='lat' dir='ltr'><strong>non</strong></span> <span class='ocrx_word' id='word_1_224' title='bbox 3019 1655 3216 1720; x_wconf 84' lang='lat' dir='ltr'><strong>sancti,</strong></span> <span class='ocrx_word' id='word_1_225' title='bbox 3265 1657 3362 1711; x_wconf 89' lang='lat' dir='ltr'><strong>sed</strong></span> <span class='ocrx_word' id='word_1_226' title='bbox 3388 1658 3530 1726; x_wconf 89' lang='lat' dir='ltr'><strong>quod</strong></span> 
     </span>
    </p>
   </div>
   <div class='ocr_carea' id='block_1_32' title="bbox 273 1740 1866 1834">
    <p class='ocr_par' dir='ltr' id='par_1_32' title="bbox 273 1740 1858 1834">
     <span class='ocr_line' id='line_1_32' title="bbox 273 1740 1858 1834; baseline 0 -22"><span class='ocrx_word' id='word_1_227' title='bbox 273 1759 388 1813; x_wconf 86' lang='grc' dir='ltr'>ἀλλ’</span> <span class='ocrx_word' id='word_1_228' title='bbox 418 1762 500 1815; x_wconf 84' lang='grc' dir='ltr'>ὅτι</span> <span class='ocrx_word' id='word_1_229' title='bbox 522 1761 658 1833; x_wconf 84' lang='grc' dir='ltr'>πρὸς</span> <span class='ocrx_word' id='word_1_230' title='bbox 688 1761 751 1815; x_wconf 85' lang='grc' dir='ltr'>τὸ</span> <span class='ocrx_word' id='word_1_231' title='bbox 779 1762 933 1831; x_wconf 81' lang='grc' dir='ltr'>ἆγιον</span> <span class='ocrx_word' id='word_1_232' title='bbox 965 1740 1401 1834; x_wconf 70' lang='grc' dir='ltr'>συγκρινόμενοᾷ</span> <span class='ocrx_word' id='word_1_233' title='bbox 1442 1762 1538 1828; x_wconf 81' lang='grc' dir='ltr'><strong>Ἓξ</strong></span> <span class='ocrx_word' id='word_1_234' title='bbox 1575 1740 1858 1831; x_wconf 50' lang='grc' dir='ltr'>δὲΕρτους</span> 
     </span>
    </p>
   </div>
   <div class='ocr_carea' id='block_1_33' title="bbox 1963 1740 3531 1834">
    <p class='ocr_par' dir='ltr' id='par_1_33' title="bbox 1963 1741 3531 1814">
     <span class='ocr_line' id='line_1_33' title="bbox 1963 1741 3531 1814; baseline 0.005 -21"><span class='ocrx_word' id='word_1_235' title='bbox 1963 1755 2083 1794; x_wconf 86' lang='lat' dir='ltr'><strong>cum</strong></span> <span class='ocrx_word' id='word_1_236' title='bbox 2133 1750 2322 1795; x_wconf 88' lang='lat' dir='ltr'><strong>sancto</strong></span> <span class='ocrx_word' id='word_1_237' title='bbox 2367 1742 2689 1810; x_wconf 84' lang='lat' dir='ltr'><strong>comparati.</strong></span> <span class='ocrx_word' id='word_1_238' title='bbox 2748 1741 2855 1799; x_wconf 81' lang='lat' dir='ltr'><strong>Sex</strong></span> <span class='ocrx_word' id='word_1_239' title='bbox 2907 1752 3089 1799; x_wconf 89' lang='lat' dir='ltr'><strong>autem</strong></span> <span class='ocrx_word' id='word_1_240' title='bbox 3137 1760 3307 1814; x_wconf 89' lang='lat' dir='ltr'><strong>panes</strong></span> <span class='ocrx_word' id='word_1_241' title='bbox 3343 1745 3531 1801; x_wconf 84' lang='lat' dir='ltr'><strong>habuit</strong></span> 
     </span>
    </p>
   </div>
   <div class='ocr_carea' id='block_1_34' title="bbox 274 1850 1857 1927">
    <p class='ocr_par' dir='ltr' id='par_1_34' title="bbox 274 1850 1857 1927">
     <span class='ocr_line' id='line_1_34' title="bbox 274 1850 1857 1927; baseline 0.001 -22"><span class='ocrx_word' id='word_1_242' title='bbox 274 1850 419 1924; x_wconf 83' lang='grc' dir='ltr'>εἶχεν</span> <span class='ocrx_word' id='word_1_243' title='bbox 449 1857 482 1926; x_wconf 83' lang='grc' dir='ltr'><strong>ή</strong></span> <span class='ocrx_word' id='word_1_244' title='bbox 506 1854 756 1927; x_wconf 78' lang='grc' dir='ltr'>τράπεζα</span> <span class='ocrx_word' id='word_1_245' title='bbox 782 1856 869 1910; x_wconf 80' lang='grc' dir='ltr'>άεὶ</span> <span class='ocrx_word' id='word_1_246' title='bbox 896 1855 1331 1926; x_wconf 84' lang='grc' dir='ltr'>ἀλλασσομένους</span> <span class='ocrx_word' id='word_1_247' title='bbox 1353 1855 1494 1927; x_wconf 81' lang='grc' dir='ltr'>ὑπὲρ</span> <span class='ocrx_word' id='word_1_248' title='bbox 1513 1854 1621 1908; x_wconf 82' lang='grc' dir='ltr'>τῶν</span> <span class='ocrx_word' id='word_1_249' title='bbox 1648 1854 1857 1908; x_wconf 83' lang='grc' dir='ltr'>δώδεκα</span> 
     </span>
    </p>
   </div>
   <div class='ocr_carea' id='block_1_35' title="bbox 275 1946 1860 2016">
    <p class='ocr_par' dir='ltr' id='par_1_35' title="bbox 275 1946 1860 2016">
     <span class='ocr_line' id='line_1_35' title="bbox 275 1946 1860 2016; baseline 0 -18"><span class='ocrx_word' id='word_1_250' title='bbox 275 1946 479 2014; x_wconf 85' lang='grc' dir='ltr'>φυλῶν,</span> <span class='ocrx_word' id='word_1_251' title='bbox 503 1947 595 2012; x_wconf 77' lang='grc' dir='ltr'>οὓς</span> <span class='ocrx_word' id='word_1_252' title='bbox 625 1947 887 2012; x_wconf 84' lang='grc' dir='ltr'>ὲνωπίους</span> <span class='ocrx_word' id='word_1_253' title='bbox 914 1948 1141 2002; x_wconf 78' lang='grc' dir='ltr'>ἐκάλουν</span> <span class='ocrx_word' id='word_1_254' title='bbox 1159 1963 1175 1978; x_wconf 72' lang='grc' dir='ltr'><strong>ο</strong></span> <span class='ocrx_word' id='word_1_255' title='bbox 1205 1947 1281 2011; x_wconf 84' lang='grc' dir='ltr'>ὡς</span> <span class='ocrx_word' id='word_1_256' title='bbox 1313 1947 1542 2001; x_wconf 74' lang='grc' dir='ltr'>ἕκαστον</span> <span class='ocrx_word' id='word_1_257' title='bbox 1569 1948 1634 2000; x_wconf 85' lang='grc' dir='ltr'>ὲκ</span> <span class='ocrx_word' id='word_1_258' title='bbox 1654 1946 1748 2000; x_wconf 90' lang='grc' dir='ltr'><strong>δύο</strong></span> <span class='ocrx_word' id='word_1_259' title='bbox 1767 1963 1860 2016; x_wconf 86' lang='grc' dir='ltr'>φυ-</span> 
     </span>
    </p>
   </div>
   <div class='ocr_carea' id='block_1_36' title="bbox 275 2037 1859 2113">
    <p class='ocr_par' dir='ltr' id='par_1_36' title="bbox 275 2037 1859 2113">
     <span class='ocr_line' id='line_1_36' title="bbox 275 2037 1859 2113; baseline 0.001 -22"><span class='ocrx_word' id='word_1_260' title='bbox 275 2037 381 2092; x_wconf 77' lang='grc' dir='ltr'><strong>λῶν</strong></span> <span class='ocrx_word' id='word_1_261' title='bbox 415 2040 840 2113; x_wconf 83' lang='grc' dir='ltr'>προσφέρεσθαι.</span> <span class='ocrx_word' id='word_1_262' title='bbox 880 2040 953 2094; x_wconf 85' lang='grc' dir='ltr'>Τδ</span> <span class='ocrx_word' id='word_1_263' title='bbox 978 2040 1088 2112; x_wconf 79' lang='grc' dir='ltr'>γὰρ</span> <span class='ocrx_word' id='word_1_264' title='bbox 1112 2042 1177 2094; x_wconf 82' lang='grc' dir='ltr'>ὲκ</span> <span class='ocrx_word' id='word_1_265' title='bbox 1208 2041 1396 2094; x_wconf 82' lang='grc' dir='ltr'>τούτου</span> <span class='ocrx_word' id='word_1_266' title='bbox 1427 2038 1631 2106; x_wconf 86' lang='grc' dir='ltr'>καλεῖν,</span> <span class='ocrx_word' id='word_1_267' title='bbox 1665 2039 1726 2093; x_wconf 83' lang='grc' dir='ltr'>τὸ</span> <span class='ocrx_word' id='word_1_268' title='bbox 1760 2039 1859 2103; x_wconf 84' lang='grc' dir='ltr'>τὰς</span> 
     </span>
    </p>
   </div>
   <div class='ocr_carea' id='block_1_37' title="bbox 276 2131 1858 2206">
    <p class='ocr_par' dir='ltr' id='par_1_37' title="bbox 276 2131 1858 2206">
     <span class='ocr_line' id='line_1_37' title="bbox 276 2131 1858 2206; baseline 0 -23"><span class='ocrx_word' id='word_1_269' title='bbox 276 2131 450 2199; x_wconf 79' lang='grc' dir='ltr'>φυλάς</span> <span class='ocrx_word' id='word_1_270' title='bbox 491 2131 706 2206; x_wconf 86' lang='grc' dir='ltr'>Ἰσραὴλ</span> <span class='ocrx_word' id='word_1_271' title='bbox 749 2134 830 2197; x_wconf 87' lang='grc' dir='ltr'><strong>είς</strong></span> <span class='ocrx_word' id='word_1_272' title='bbox 872 2132 1125 2204; x_wconf 85' lang='grc' dir='ltr'>ὁμόνοιαν</span> <span class='ocrx_word' id='word_1_273' title='bbox 1169 2131 1554 2187; x_wconf 83' lang='grc' dir='ltr'>συνάπτεσθαι.</span> <span class='ocrx_word' id='word_1_274' title='bbox 1612 2131 1858 2202; x_wconf 87' lang='grc' dir='ltr'>Προεση-</span> 
     </span>
    </p>
   </div>
   <div class='ocr_carea' id='block_1_38' title="bbox 279 2223 1856 2298">
    <p class='ocr_par' dir='ltr' id='par_1_38' title="bbox 279 2223 1856 2298">
     <span class='ocr_line' id='line_1_38' title="bbox 279 2223 1856 2298; baseline -0.001 -19"><span class='ocrx_word' id='word_1_275' title='bbox 279 2226 502 2296; x_wconf 81' lang='grc' dir='ltr'>μαίνετο</span> <span class='ocrx_word' id='word_1_276' title='bbox 531 2226 590 2280; x_wconf 79' lang='grc' dir='ltr'>δὲ</span> <span class='ocrx_word' id='word_1_277' title='bbox 619 2226 712 2280; x_wconf 80' lang='grc' dir='ltr'>καὶ</span> <span class='ocrx_word' id='word_1_278' title='bbox 737 2228 816 2289; x_wconf 85' lang='grc' dir='ltr'>τὸ,</span> <span class='ocrx_word' id='word_1_279' title='bbox 859 2226 963 2281; x_wconf 84' lang='grc' dir='ltr'><strong>ἀνὰ</strong></span> <span class='ocrx_word' id='word_1_280' title='bbox 987 2226 1083 2280; x_wconf 87' lang='grc' dir='ltr'><strong>δύο</strong></span> <span class='ocrx_word' id='word_1_281' title='bbox 1104 2225 1419 2298; x_wconf 77' lang='grc' dir='ltr'>πέμπεσθαι</span> <span class='ocrx_word' id='word_1_282' title='bbox 1449 2225 1576 2289; x_wconf 84' lang='grc' dir='ltr'>τοὺς</span> <span class='ocrx_word' id='word_1_283' title='bbox 1609 2223 1856 2296; x_wconf 83' lang='grc' dir='ltr'>μαθητὰς</span> 
     </span>
    </p>
   </div>
   <div class='ocr_carea' id='block_1_39' title="bbox 277 2312 1857 2391">
    <p class='ocr_par' dir='ltr' id='par_1_39' title="bbox 277 2312 1857 2391">
     <span class='ocr_line' id='line_1_39' title="bbox 277 2312 1857 2391; baseline -0.001 -21"><span class='ocrx_word' id='word_1_284' title='bbox 277 2317 384 2371; x_wconf 79' lang='grc' dir='ltr'><strong>ὑπὸ</strong></span> <span class='ocrx_word' id='word_1_285' title='bbox 410 2317 646 2391; x_wconf 82' lang='grc' dir='ltr'>Χριστοῦ</span> <span class='ocrx_word' id='word_1_286' title='bbox 680 2318 976 2391; x_wconf 85' lang='grc' dir='ltr'>κηρύσσειν</span> <span class='ocrx_word' id='word_1_287' title='bbox 1009 2319 1068 2372; x_wconf 84' lang='grc' dir='ltr'>ὲν</span> <span class='ocrx_word' id='word_1_288' title='bbox 1102 2320 1229 2383; x_wconf 88' lang='grc' dir='ltr'>ταῖς</span> <span class='ocrx_word' id='word_1_289' title='bbox 1270 2318 1463 2389; x_wconf 83' lang='grc' dir='ltr'>φυλαῖς</span> <span class='ocrx_word' id='word_1_290' title='bbox 1501 2316 1749 2389; x_wconf 80' lang='grc' dir='ltr'>Ἰσραήλ”</span> <span class='ocrx_word' id='word_1_291' title='bbox 1777 2312 1857 2369; x_wconf 87' lang='grc' dir='ltr'><strong>εἷ-</strong></span> 
     </span>
    </p>
   </div>
   <div class='ocr_carea' id='block_1_40' title="bbox 275 2410 1540 2484">
    <p class='ocr_par' dir='ltr' id='par_1_40' title="bbox 275 2410 1540 2484">
     <span class='ocr_line' id='line_1_40' title="bbox 275 2410 1540 2484; baseline 0.001 -20"><span class='ocrx_word' id='word_1_292' title='bbox 275 2413 362 2465; x_wconf 85' lang='grc' dir='ltr'><strong>ναί</strong></span> <span class='ocrx_word' id='word_1_293' title='bbox 385 2428 447 2465; x_wconf 89' lang='grc' dir='ltr'><strong>τε</strong></span> <span class='ocrx_word' id='word_1_294' title='bbox 484 2412 604 2483; x_wconf 77' lang='grc' dir='ltr'>ἅμα</span> <span class='ocrx_word' id='word_1_295' title='bbox 628 2412 738 2466; x_wconf 83' lang='grc' dir='ltr'><strong>τῶν</strong></span> <span class='ocrx_word' id='word_1_296' title='bbox 765 2411 971 2466; x_wconf 83' lang='grc' dir='ltr'>δώδεκα</span> <span class='ocrx_word' id='word_1_297' title='bbox 1002 2410 1265 2483; x_wconf 83' lang='grc' dir='ltr'>μαθητῶν</span> <span class='ocrx_word' id='word_1_298' title='bbox 1286 2410 1540 2484; x_wconf 80' lang='grc' dir='ltr'>ἀριθμόν.</span> 
     </span>
    </p>
   </div>
   <div class='ocr_carea' id='block_1_41' title="bbox 344 2580 1857 2659">
    <p class='ocr_par' dir='ltr' id='par_1_41' title="bbox 344 2580 1857 2659">
     <span class='ocr_line' id='line_1_41' title="bbox 344 2580 1857 2659; baseline -0.005 -16"><span class='ocrx_word' id='word_1_299' title='bbox 344 2588 459 2644; x_wconf 77' lang='grc' dir='ltr'><strong>Καὶ</strong></span> <span class='ocrx_word' id='word_1_300' title='bbox 478 2587 611 2642; x_wconf 80' lang='grc' dir='ltr'>ἐκεῖ</span> <span class='ocrx_word' id='word_1_301' title='bbox 628 2583 703 2659; x_wconf 82' lang='grc' dir='ltr'>ἦν</span> <span class='ocrx_word' id='word_1_302' title='bbox 725 2586 796 2641; x_wconf 78' lang='grc' dir='ltr'>ἐν</span> <span class='ocrx_word' id='word_1_303' title='bbox 823 2584 944 2640; x_wconf 87' lang='grc' dir='ltr'>τῶν</span> <span class='ocrx_word' id='word_1_304' title='bbox 972 2585 1319 2655; x_wconf 80' lang='grc' dir='ltr'>παιδαρίων.</span> <span class='ocrx_word' id='word_1_305' title='bbox 1359 2584 1521 2655; x_wconf 87' lang='grc' dir='ltr'>Δηλοῖ</span> <span class='ocrx_word' id='word_1_306' title='bbox 1544 2584 1628 2637; x_wconf 84' lang='grc' dir='ltr'>ὅτι</span> <span class='ocrx_word' id='word_1_307' title='bbox 1656 2582 1746 2637; x_wconf 82' lang='grc' dir='ltr'><strong>διὰ</strong></span> <span class='ocrx_word' id='word_1_308' title='bbox 1772 2580 1857 2635; x_wconf 80' lang='grc' dir='ltr'>νό·</span> 
     </span>
    </p>
   </div>
   <div class='ocr_carea' id='block_1_42' title="bbox 279 2677 1858 2753">
    <p class='ocr_par' dir='ltr' id='par_1_42' title="bbox 279 2677 1858 2753">
     <span class='ocr_line' id='line_1_42' title="bbox 279 2677 1858 2753; baseline -0.004 -18"><span class='ocrx_word' id='word_1_309' title='bbox 279 2700 393 2747; x_wconf 68' lang='grc' dir='ltr'>σοιν,</span> <span class='ocrx_word' id='word_1_310' title='bbox 440 2681 472 2753; x_wconf 79' lang='grc' dir='ltr'>ἢ</span> <span class='ocrx_word' id='word_1_311' title='bbox 518 2681 587 2736; x_wconf 84' lang='grc' dir='ltr'><strong>δι’</strong></span> <span class='ocrx_word' id='word_1_312' title='bbox 636 2681 911 2753; x_wconf 83' lang='grc' dir='ltr'>ἁμαρτίαν</span> <span class='ocrx_word' id='word_1_313' title='bbox 954 2681 1254 2751; x_wconf 86' lang='grc' dir='ltr'>παρέμεινε</span> <span class='ocrx_word' id='word_1_314' title='bbox 1297 2678 1457 2748; x_wconf 80' lang='grc' dir='ltr'>Δωὴκ</span> <span class='ocrx_word' id='word_1_315' title='bbox 1505 2680 1534 2732; x_wconf 84' lang='grc' dir='ltr'>ὁ</span> <span class='ocrx_word' id='word_1_316' title='bbox 1567 2677 1858 2748; x_wconf 83' lang='grc' dir='ltr'>Ἰδουμαῖος</span> 
     </span>
    </p>
   </div>
   <div class='ocr_carea' id='block_1_43' title="bbox 278 2768 1859 2845">
    <p class='ocr_par' dir='ltr' id='par_1_43' title="bbox 278 2768 1859 2845">
     <span class='ocr_line' id='line_1_43' title="bbox 278 2768 1859 2845; baseline -0.006 -16"><span class='ocrx_word' id='word_1_317' title='bbox 278 2773 507 2829; x_wconf 76' lang='grc' dir='ltr'>ἐνώπιον</span> <span class='ocrx_word' id='word_1_318' title='bbox 562 2774 766 2844; x_wconf 85' lang='grc' dir='ltr'>Κυρίου</span> <span class='ocrx_word' id='word_1_319' title='bbox 812 2773 1244 2845; x_wconf 86' lang='grc' dir='ltr'>θεραπευόμενος</span> <span class='ocrx_word' id='word_1_320' title='bbox 1288 2771 1383 2825; x_wconf 78' lang='grc' dir='ltr'>καὶ</span> <span class='ocrx_word' id='word_1_321' title='bbox 1431 2768 1859 2841; x_wconf 81' lang='grc' dir='ltr'>ἐξομολογούμε-</span> 
     </span>
    </p>
   </div>
   <div class='ocr_carea' id='block_1_44' title="bbox 278 2856 1860 2937">
    <p class='ocr_par' dir='ltr' id='par_1_44' title="bbox 278 2856 1860 2937">
     <span class='ocr_line' id='line_1_44' title="bbox 278 2856 1860 2937; baseline -0.004 -17"><span class='ocrx_word' id='word_1_322' title='bbox 278 2883 401 2930; x_wconf 86' lang='grc' dir='ltr'>νος·</span> <span class='ocrx_word' id='word_1_323' title='bbox 440 2865 474 2937; x_wconf 76' lang='grc' dir='ltr'>ἡ</span> <span class='ocrx_word' id='word_1_324' title='bbox 508 2864 800 2935; x_wconf 86' lang='grc' dir='ltr'>δαιμόνων,</span> <span class='ocrx_word' id='word_1_325' title='bbox 831 2863 907 2928; x_wconf 82' lang='grc' dir='ltr'><strong>ὡς</strong></span> <span class='ocrx_word' id='word_1_326' title='bbox 935 2864 963 2916; x_wconf 85' lang='grc' dir='ltr'>ὁ</span> <span class='ocrx_word' id='word_1_327' title='bbox 987 2860 1186 2927; x_wconf 81' lang='grc' dir='ltr'>Σαοὺλ,</span> <span class='ocrx_word' id='word_1_328' title='bbox 1230 2856 1292 2916; x_wconf 74' lang='grc' dir='ltr'>οὗ</span> <span class='ocrx_word' id='word_1_329' title='bbox 1322 2860 1422 2925; x_wconf 86' lang='grc' dir='ltr'>τὰς</span> <span class='ocrx_word' id='word_1_330' title='bbox 1461 2859 1716 2932; x_wconf 80' lang='grc' dir='ltr'>ἡμιόνους</span> <span class='ocrx_word' id='word_1_331' title='bbox 1741 2859 1860 2913; x_wconf 75' lang='grc' dir='ltr'>ἐϐο-</span> 
     </span>
    </p>
   </div>
   <div class='ocr_carea' id='block_1_45' title="bbox 282 2975 432 3011">
    <p class='ocr_par' dir='ltr' id='par_1_45' title="bbox 282 2975 432 3011">
     <span class='ocr_line' id='line_1_45' title="bbox 282 2975 432 3011; baseline -0.007 0"><span class='ocrx_word' id='word_1_332' title='bbox 282 2975 432 3011; x_wconf 87' lang='grc' dir='ltr'>σκεν.</span> 
     </span>
    </p>
   </div>
   <div class='ocr_carea' id='block_1_46' title="bbox 348 3041 1931 3152">
    <p class='ocr_par' dir='ltr' id='par_1_46' title="bbox 348 3041 1931 3152">
     <span class='ocr_line' id='line_1_46' title="bbox 348 3041 1931 3152; baseline -0.004 -50"><span class='ocrx_word' id='word_1_333' title='bbox 348 3048 459 3103; x_wconf 77' lang='grc' dir='ltr'><strong>Καὶ</strong></span> <span class='ocrx_word' id='word_1_334' title='bbox 493 3048 692 3102; x_wconf 76' lang='grc' dir='ltr'>Σαοὺλ</span> <span class='ocrx_word' id='word_1_335' title='bbox 723 3047 976 3115; x_wconf 78' lang='grc' dir='ltr'>ἐκάθητο</span> <span class='ocrx_word' id='word_1_336' title='bbox 1004 3047 1074 3101; x_wconf 83' lang='grc' dir='ltr'>ἐν</span> <span class='ocrx_word' id='word_1_337' title='bbox 1101 3045 1182 3112; x_wconf 82' lang='grc' dir='ltr'>τῷ</span> <span class='ocrx_word' id='word_1_338' title='bbox 1204 3043 1431 3111; x_wconf 80' lang='grc' dir='ltr'>βουνῷ.</span> <span class='ocrx_word' id='word_1_339' title='bbox 1486 3045 1542 3098; x_wconf 92' lang='lat'><strong>&#39;0</strong></span> <span class='ocrx_word' id='word_1_340' title='bbox 1566 3042 1739 3098; x_wconf 82' lang='grc' dir='ltr'>Σαοὺλ</span> <span class='ocrx_word' id='word_1_341' title='bbox 1761 3041 1855 3096; x_wconf 82' lang='grc' dir='ltr'><strong>τοῦ</strong></span> <span class='ocrx_word' id='word_1_342' title='bbox 1883 3089 1931 3152; x_wconf 79' lang='lat' dir='ltr'><strong>C</strong></span> 
     </span>
    </p>
   </div>
   <div class='ocr_carea' id='block_1_47' title="bbox 282 3137 1860 3212">
    <p class='ocr_par' dir='ltr' id='par_1_47' title="bbox 282 3137 1860 3212">
     <span class='ocr_line' id='line_1_47' title="bbox 282 3137 1860 3212; baseline -0.003 -20"><span class='ocrx_word' id='word_1_343' title='bbox 282 3139 518 3211; x_wconf 81' lang='grc' dir='ltr'>πονηροῦ</span> <span class='ocrx_word' id='word_1_344' title='bbox 550 3139 860 3212; x_wconf 85' lang='grc' dir='ltr'>πνεύματος</span> <span class='ocrx_word' id='word_1_345' title='bbox 893 3139 1066 3194; x_wconf 82' lang='grc' dir='ltr'>τύπον</span> <span class='ocrx_word' id='word_1_346' title='bbox 1110 3138 1286 3211; x_wconf 83' lang='grc' dir='ltr'>φέρει,</span> <span class='ocrx_word' id='word_1_347' title='bbox 1335 3137 1597 3211; x_wconf 76' lang='grc' dir='ltr'>ἄρξαντος</span> <span class='ocrx_word' id='word_1_348' title='bbox 1622 3137 1717 3190; x_wconf 82' lang='grc' dir='ltr'>τοῦ</span> <span class='ocrx_word' id='word_1_349' title='bbox 1760 3138 1860 3189; x_wconf 85' lang='grc' dir='ltr'>ἰσ-</span> 
     </span>
    </p>
   </div>
   <div class='ocr_carea' id='block_1_48' title="bbox 284 3228 1857 3304">
    <p class='ocr_par' dir='ltr' id='par_1_48' title="bbox 284 3228 1857 3304">
     <span class='ocr_line' id='line_1_48' title="bbox 284 3228 1857 3304; baseline -0.001 -19"><span class='ocrx_word' id='word_1_350' title='bbox 284 3232 443 3304; x_wconf 81' lang='grc' dir='ltr'>ραὴλ,</span> <span class='ocrx_word' id='word_1_351' title='bbox 477 3233 599 3285; x_wconf 83' lang='grc' dir='ltr'>τότε</span> <span class='ocrx_word' id='word_1_352' title='bbox 640 3233 920 3291; x_wconf 77' lang='grc' dir='ltr'>είπόντος’</span> <span class='ocrx_word' id='word_1_353' title='bbox 973 3250 993 3283; x_wconf 77' lang='grc' dir='ltr'><strong>ι</strong></span> <span class='ocrx_word' id='word_1_354' title='bbox 1017 3231 1134 3284; x_wconf 83' lang='grc' dir='ltr'>Οὐκ</span> <span class='ocrx_word' id='word_1_355' title='bbox 1175 3230 1371 3301; x_wconf 71' lang='grc' dir='ltr'>ἔχομεν</span> <span class='ocrx_word' id='word_1_356' title='bbox 1414 3228 1656 3298; x_wconf 87' lang='grc' dir='ltr'>βασιλέα.</span> <span class='ocrx_word' id='word_1_357' title='bbox 1685 3248 1704 3280; x_wconf 88' lang='grc'><strong>›</strong></span> <span class='ocrx_word' id='word_1_358' title='bbox 1752 3230 1857 3284; x_wconf 73' lang='grc' dir='ltr'><strong>Καὶ</strong></span> 
     </span>
    </p>
   </div>
   <div class='ocr_carea' id='block_1_49' title="bbox 282 3321 1861 3395">
    <p class='ocr_par' dir='ltr' id='par_1_49' title="bbox 282 3321 1861 3395">
     <span class='ocr_line' id='line_1_49' title="bbox 282 3321 1861 3395; baseline 0 -19"><span class='ocrx_word' id='word_1_359' title='bbox 282 3325 392 3395; x_wconf 74' lang='grc' dir='ltr'><strong>γὰρ</strong></span> <span class='ocrx_word' id='word_1_360' title='bbox 420 3325 448 3377; x_wconf 87' lang='grc' dir='ltr'><strong>ό</strong></span> <span class='ocrx_word' id='word_1_361' title='bbox 472 3325 640 3378; x_wconf 78' lang='grc' dir='ltr'>πάλαι</span> <span class='ocrx_word' id='word_1_362' title='bbox 661 3324 788 3388; x_wconf 82' lang='grc' dir='ltr'>λαὸς</span> <span class='ocrx_word' id='word_1_363' title='bbox 814 3322 1171 3389; x_wconf 80' lang='grc' dir='ltr'>ὲξουδενώσας</span> <span class='ocrx_word' id='word_1_364' title='bbox 1203 3323 1294 3375; x_wconf 84' lang='grc' dir='ltr'>τὸν</span> <span class='ocrx_word' id='word_1_365' title='bbox 1319 3321 1483 3374; x_wconf 73' lang='grc' dir='ltr'>Δαυὶδ</span> <span class='ocrx_word' id='word_1_366' title='bbox 1514 3321 1861 3391; x_wconf 81' lang='grc' dir='ltr'>βασιλεύοντα</span> 
     </span>
    </p>
   </div>
   <div class='ocr_carea' id='block_1_50' title="bbox 281 3398 1747 3488">
    <p class='ocr_par' dir='ltr' id='par_1_50' title="bbox 281 3398 1747 3488">
     <span class='ocr_line' id='line_1_50' title="bbox 281 3398 1747 3488; baseline -0.003 -18"><span class='ocrx_word' id='word_1_367' title='bbox 281 3417 470 3481; x_wconf 72' lang='grc' dir='ltr'>αὐτοῦ,</span> <span class='ocrx_word' id='word_1_368' title='bbox 497 3417 666 3488; x_wconf 72' lang='grc' dir='ltr'>ᾔτησε</span> <span class='ocrx_word' id='word_1_369' title='bbox 691 3418 781 3470; x_wconf 82' lang='grc' dir='ltr'>τὸν</span> <span class='ocrx_word' id='word_1_370' title='bbox 803 3417 975 3470; x_wconf 84' lang='grc' dir='ltr'>Σαοὺλ</span> <span class='ocrx_word' id='word_1_371' title='bbox 999 3416 1235 3487; x_wconf 81' lang='grc' dir='ltr'>ἄρχοντα</span> <span class='ocrx_word' id='word_1_372' title='bbox 1259 3414 1408 3485; x_wconf 82' lang='grc' dir='ltr'>αὐτῷ</span> <span class='ocrx_word' id='word_1_373' title='bbox 1439 3414 1682 3484; x_wconf 79' lang='grc' dir='ltr'>δοθῆναι.</span> <span class='ocrx_word' id='word_1_374' title='bbox 1744 3398 1747 3401; x_wconf 48' lang='grc'><em>’</em></span> 
     </span>
    </p>
   </div>
   <div class='ocr_carea' id='block_1_51' title="bbox 293 3523 1863 3651">
    <p class='ocr_par' dir='ltr' id='par_1_51' title="bbox 293 3523 1863 3651">
     <span class='ocr_line' id='line_1_51' title="bbox 293 3523 1863 3651; baseline -0.003 -68"><span class='ocrx_word' id='word_1_375' title='bbox 293 3526 397 3583; x_wconf 72' lang='grc' dir='ltr'>Ἐκ</span> <span class='ocrx_word' id='word_1_376' title='bbox 436 3527 557 3582; x_wconf 86' lang='grc' dir='ltr'>τῶν</span> <span class='ocrx_word' id='word_1_377' title='bbox 602 3526 937 3598; x_wconf 76' lang='grc' dir='ltr'>Ὠριγένους</span> <span class='ocrx_word' id='word_1_378' title='bbox 967 3530 1054 3651; x_wconf 51' lang='lat' dir='ltr'><strong>at:</strong></span> <span class='ocrx_word' id='word_1_379' title='bbox 1081 3525 1202 3606; x_wconf 54' lang='grc' dir='ltr'>τὴν</span> <span class='ocrx_word' id='word_1_380' title='bbox 1238 3523 1525 3593; x_wconf 79' lang='grc' dir='ltr'>δευτέραν</span> <span class='ocrx_word' id='word_1_381' title='bbox 1544 3524 1662 3579; x_wconf 85' lang='grc' dir='ltr'><strong>τῶν</strong></span> <span class='ocrx_word' id='word_1_382' title='bbox 1682 3527 1863 3580; x_wconf 82' lang='grc' dir='ltr'>Βασι-</span> 
     </span>
     <span class='ocr_line' id='line_1_52' title="bbox 1047 3615 1171 3651; baseline 0.008 -1"><span class='ocrx_word' id='word_1_383' title='bbox 1047 3615 1171 3651; x_wconf 83' lang='grc' dir='ltr'>ιων.</span> 
     </span>
    </p>
   </div>
   <div class='ocr_carea' id='block_1_52' title="bbox 1047 3615 1171 3651">
    <p class='ocr_par' dir='ltr' id='par_1_52' title="bbox 1047 3615 1171 3651">
     <span class='ocr_line' id='line_1_53' title="bbox 1047 3615 1171 3651; baseline 0.008 -1"><span class='ocrx_word' id='word_1_384' title='bbox 1047 3615 1171 3651; x_wconf 84' lang='grc' dir='ltr'>ιων.</span> 
     </span>
    </p>
   </div>
   <div class='ocr_carea' id='block_1_53' title="bbox 358 3685 1862 3759">
    <p class='ocr_par' dir='ltr' id='par_1_53' title="bbox 358 3685 1862 3759">
     <span class='ocr_line' id='line_1_54' title="bbox 358 3685 1862 3759; baseline -0.004 -15"><span class='ocrx_word' id='word_1_385' title='bbox 358 3692 488 3745; x_wconf 82' lang='grc' dir='ltr'>Ὅτι</span> <span class='ocrx_word' id='word_1_386' title='bbox 527 3691 913 3759; x_wconf 76' lang='grc' dir='ltr'>ἀντέστησαν</span> <span class='ocrx_word' id='word_1_387' title='bbox 940 3693 992 3743; x_wconf 83' lang='grc' dir='ltr'>οὶ</span> <span class='ocrx_word' id='word_1_388' title='bbox 1024 3685 1240 3757; x_wconf 64' lang='grc' dir='ltr'>τυφλοὶ</span> <span class='ocrx_word' id='word_1_389' title='bbox 1270 3685 1369 3740; x_wconf 79' lang='grc' dir='ltr'>καὶ</span> <span class='ocrx_word' id='word_1_390' title='bbox 1413 3689 1465 3740; x_wconf 78' lang='grc' dir='ltr'>οἱ</span> <span class='ocrx_word' id='word_1_391' title='bbox 1506 3686 1707 3754; x_wconf 81' lang='grc' dir='ltr'>χωλοί.</span> <span class='ocrx_word' id='word_1_392' title='bbox 1762 3685 1862 3738; x_wconf 85' lang='grc' dir='ltr'><strong>Ἰε-</strong></span> 
     </span>
    </p>
   </div>
   <div class='ocr_carea' id='block_1_54' title="bbox 285 3778 1866 3854">
    <p class='ocr_par' dir='ltr' id='par_1_54' title="bbox 285 3778 1866 3854">
     <span class='ocr_line' id='line_1_55' title="bbox 285 3778 1866 3854; baseline -0.003 -17"><span class='ocrx_word' id='word_1_393' title='bbox 285 3784 525 3837; x_wconf 83' lang='grc' dir='ltr'>ϐουσαῖοι</span> <span class='ocrx_word' id='word_1_394' title='bbox 552 3784 888 3854; x_wconf 84' lang='grc' dir='ltr'>φιλόπτωχον</span> <span class='ocrx_word' id='word_1_395' title='bbox 908 3783 999 3836; x_wconf 84' lang='grc' dir='ltr'>τὸν</span> <span class='ocrx_word' id='word_1_396' title='bbox 1022 3780 1183 3835; x_wconf 67' lang='grc' dir='ltr'>Δαυιδ</span> <span class='ocrx_word' id='word_1_397' title='bbox 1206 3778 1472 3835; x_wconf 80' lang='grc' dir='ltr'>ὑπέϐαλον</span> <span class='ocrx_word' id='word_1_398' title='bbox 1495 3780 1603 3834; x_wconf 84' lang='grc' dir='ltr'><strong>ἀπὸ</strong></span> <span class='ocrx_word' id='word_1_399' title='bbox 1631 3778 1723 3833; x_wconf 79' lang='grc' dir='ltr'>τοῦ</span> <span class='ocrx_word' id='word_1_400' title='bbox 1754 3779 1866 3832; x_wconf 85' lang='grc' dir='ltr'>τεί-</span> 
     </span>
    </p>
   </div>
   <div class='ocr_carea' id='block_1_55' title="bbox 285 3871 1865 3948">
    <p class='ocr_par' dir='ltr' id='par_1_55' title="bbox 285 3871 1865 3948">
     <span class='ocr_line' id='line_1_56' title="bbox 285 3871 1865 3948; baseline -0.004 -17"><span class='ocrx_word' id='word_1_401' title='bbox 285 3895 414 3948; x_wconf 83' lang='grc' dir='ltr'>χους</span> <span class='ocrx_word' id='word_1_402' title='bbox 442 3875 686 3948; x_wconf 75' lang='grc' dir='ltr'>ὑϐρίζειν</span> <span class='ocrx_word' id='word_1_403' title='bbox 727 3877 890 3931; x_wconf 86' lang='grc' dir='ltr'>αὑτὸν</span> <span class='ocrx_word' id='word_1_404' title='bbox 916 3877 1041 3940; x_wconf 84' lang='grc' dir='ltr'>τοὺς</span> <span class='ocrx_word' id='word_1_405' title='bbox 1067 3875 1272 3948; x_wconf 77' lang='grc' dir='ltr'>χωλοὺς</span> <span class='ocrx_word' id='word_1_406' title='bbox 1307 3877 1400 3930; x_wconf 79' lang='grc' dir='ltr'>καὶ</span> <span class='ocrx_word' id='word_1_407' title='bbox 1418 3872 1672 3942; x_wconf 81' lang='grc' dir='ltr'>τυφλούς.</span> <span class='ocrx_word' id='word_1_408' title='bbox 1711 3873 1768 3925; x_wconf 87' lang='grc' dir='ltr'>Ὀ</span> <span class='ocrx_word' id='word_1_409' title='bbox 1805 3871 1865 3925; x_wconf 87' lang='grc' dir='ltr'>δὲ</span> 
     </span>
    </p>
   </div>
   <div class='ocr_carea' id='block_1_56' title="bbox 288 3964 1865 4042">
    <p class='ocr_par' dir='ltr' id='par_1_56' title="bbox 288 3964 1865 4042">
     <span class='ocr_line' id='line_1_57' title="bbox 288 3964 1865 4042; baseline -0.004 -20"><span class='ocrx_word' id='word_1_410' title='bbox 288 3970 572 4040; x_wconf 81' lang='grc' dir='ltr'>κρατήσας</span> <span class='ocrx_word' id='word_1_411' title='bbox 612 3970 712 4041; x_wconf 77' lang='grc' dir='ltr'>τὴν</span> <span class='ocrx_word' id='word_1_412' title='bbox 756 3969 1130 4042; x_wconf 88' lang='grc' dir='ltr'>Ἰερουσαλὴμ,</span> <span class='ocrx_word' id='word_1_413' title='bbox 1171 3968 1232 4021; x_wconf 86' lang='grc' dir='ltr'>οὐ</span> <span class='ocrx_word' id='word_1_414' title='bbox 1268 3968 1426 4039; x_wconf 89' lang='grc' dir='ltr'>μόνον</span> <span class='ocrx_word' id='word_1_415' title='bbox 1459 3966 1559 4019; x_wconf 89' lang='grc' dir='ltr'>οὐκ</span> <span class='ocrx_word' id='word_1_416' title='bbox 1586 3964 1865 4018; x_wconf 77' lang='grc' dir='ltr'>ἐκάκωσεν</span> 
     </span>
    </p>
   </div>
   <div class='ocr_carea' id='block_1_57' title="bbox 288 4056 1861 4133">
    <p class='ocr_par' dir='ltr' id='par_1_57' title="bbox 288 4056 1861 4133">
     <span class='ocr_line' id='line_1_58' title="bbox 288 4056 1861 4133; baseline -0.005 -17"><span class='ocrx_word' id='word_1_417' title='bbox 288 4061 487 4125; x_wconf 71' lang='grc' dir='ltr'>αὐτούς</span> <span class='ocrx_word' id='word_1_418' title='bbox 505 4079 520 4093; x_wconf 78' lang='grc' dir='ltr'><strong><em>ο</em></strong></span> <span class='ocrx_word' id='word_1_419' title='bbox 554 4062 669 4117; x_wconf 86' lang='grc' dir='ltr'>ἀλλ’</span> <span class='ocrx_word' id='word_1_420' title='bbox 696 4061 915 4133; x_wconf 80' lang='grc' dir='ltr'>ἔννομον</span> <span class='ocrx_word' id='word_1_421' title='bbox 947 4061 1099 4115; x_wconf 74' lang='grc' dir='ltr'>ἔθετο</span> <span class='ocrx_word' id='word_1_422' title='bbox 1129 4063 1240 4124; x_wconf 85' lang='grc' dir='ltr'>τοῖς</span> <span class='ocrx_word' id='word_1_423' title='bbox 1281 4058 1443 4113; x_wconf 78' lang='grc' dir='ltr'>αὑτοῦ</span> <span class='ocrx_word' id='word_1_424' title='bbox 1472 4056 1829 4128; x_wconf 83' lang='grc' dir='ltr'>στρατιώταις</span> <span class='ocrx_word' id='word_1_425' title='bbox 1848 4072 1861 4085; x_wconf 89' lang='grc'><strong>·</strong></span> 
     </span>
    </p>
   </div>
   <div class='ocr_carea' id='block_1_58' title="bbox 294 4147 1867 4223">
    <p class='ocr_par' dir='ltr' id='par_1_58' title="bbox 294 4147 1867 4223">
     <span class='ocr_line' id='line_1_59' title="bbox 294 4147 1867 4223; baseline -0.003 -19"><span class='ocrx_word' id='word_1_426' title='bbox 294 4171 313 4203; x_wconf 77' lang='grc' dir='ltr'><strong>ι</strong></span> <span class='ocrx_word' id='word_1_427' title='bbox 342 4154 407 4206; x_wconf 79' lang='lat' dir='ltr'><strong>El</strong></span> <span class='ocrx_word' id='word_1_428' title='bbox 428 4170 513 4215; x_wconf 88' lang='grc' dir='ltr'><strong>τις</strong></span> <span class='ocrx_word' id='word_1_429' title='bbox 554 4153 731 4208; x_wconf 82' lang='grc' dir='ltr'>ἀνέλοι</span> <span class='ocrx_word' id='word_1_430' title='bbox 776 4153 973 4223; x_wconf 85' lang='grc' dir='ltr'>τυφλὸν</span> <span class='ocrx_word' id='word_1_431' title='bbox 1009 4152 1351 4215; x_wconf 86' lang='grc' dir='ltr'>Ἰεϐουσαίον,</span> <span class='ocrx_word' id='word_1_432' title='bbox 1387 4150 1420 4221; x_wconf 83' lang='grc' dir='ltr'>ἢ</span> <span class='ocrx_word' id='word_1_433' title='bbox 1462 4148 1652 4221; x_wconf 84' lang='grc' dir='ltr'>χωλὸν,</span> <span class='ocrx_word' id='word_1_434' title='bbox 1699 4147 1867 4202; x_wconf 79' lang='grc' dir='ltr'>ἁπτέο</span> 
     </span>
    </p>
   </div>
   <div class='ocr_carea' id='block_1_59' title="bbox 289 4237 1867 4315">
    <p class='ocr_par' dir='ltr' id='par_1_59' title="bbox 289 4237 1867 4315">
     <span class='ocr_line' id='line_1_60' title="bbox 289 4237 1867 4315; baseline -0.004 -18"><span class='ocrx_word' id='word_1_435' title='bbox 289 4243 404 4297; x_wconf 84' lang='grc' dir='ltr'><strong>σθω</strong></span> <span class='ocrx_word' id='word_1_436' title='bbox 435 4245 494 4297; x_wconf 84' lang='grc' dir='ltr'>ὲν</span> <span class='ocrx_word' id='word_1_437' title='bbox 536 4245 853 4315; x_wconf 81' lang='grc' dir='ltr'>παραξιφίδι</span> <span class='ocrx_word' id='word_1_438' title='bbox 873 4262 887 4275; x_wconf 81' lang='grc'><em>’</em></span> <span class='ocrx_word' id='word_1_439' title='bbox 916 4264 936 4296; x_wconf 75' lang='grc' dir='ltr'><strong>ι</strong></span> <span class='ocrx_word' id='word_1_440' title='bbox 973 4244 1140 4315; x_wconf 79' lang='grc' dir='ltr'>ἦγουν</span> <span class='ocrx_word' id='word_1_441' title='bbox 1189 4261 1208 4294; x_wconf 77' lang='lat' dir='ltr'><strong>t</strong></span> <span class='ocrx_word' id='word_1_442' title='bbox 1233 4240 1576 4313; x_wconf 85' lang='grc' dir='ltr'>ἀναιρείσθω.</span> <span class='ocrx_word' id='word_1_443' title='bbox 1605 4259 1623 4291; x_wconf 82' lang='grc' dir='ltr'><strong>ι</strong></span> <span class='ocrx_word' id='word_1_444' title='bbox 1667 4240 1732 4293; x_wconf 80' lang='grc' dir='ltr'><strong>Εἰ</strong></span> <span class='ocrx_word' id='word_1_445' title='bbox 1757 4237 1867 4309; x_wconf 83' lang='grc' dir='ltr'>γὰρ</span> 
     </span>
    </p>
   </div>
   <div class='ocr_carea' id='block_1_60' title="bbox 291 4330 1862 4409">
    <p class='ocr_par' dir='ltr' id='par_1_60' title="bbox 291 4330 1862 4409">
     <span class='ocr_line' id='line_1_61' title="bbox 291 4330 1862 4409; baseline -0.005 -19"><span class='ocrx_word' id='word_1_446' title='bbox 291 4337 387 4391; x_wconf 78' lang='grc' dir='ltr'>καὶ</span> <span class='ocrx_word' id='word_1_447' title='bbox 424 4336 652 4407; x_wconf 81' lang='grc' dir='ltr'>ἐμίσουν</span> <span class='ocrx_word' id='word_1_448' title='bbox 678 4338 778 4407; x_wconf 82' lang='grc' dir='ltr'>τὴν</span> <span class='ocrx_word' id='word_1_449' title='bbox 804 4336 981 4409; x_wconf 75' lang='grc' dir='ltr'>ψυχὴν</span> <span class='ocrx_word' id='word_1_450' title='bbox 1016 4334 1201 4399; x_wconf 81' lang='grc' dir='ltr'>Δαυὶδ,</span> <span class='ocrx_word' id='word_1_451' title='bbox 1232 4332 1368 4387; x_wconf 82' lang='grc' dir='ltr'>ἀλλὰ</span> <span class='ocrx_word' id='word_1_452' title='bbox 1411 4331 1625 4401; x_wconf 87' lang='grc' dir='ltr'>φείδους</span> <span class='ocrx_word' id='word_1_453' title='bbox 1653 4330 1862 4401; x_wconf 74' lang='grc' dir='ltr'>ἔτυχον.</span> 
     </span>
    </p>
   </div>
   <div class='ocr_carea' id='block_1_61' title="bbox 1959 1831 3529 1905">
    <p class='ocr_par' dir='ltr' id='par_1_61' title="bbox 1959 1831 3529 1905">
     <span class='ocr_line' id='line_1_62' title="bbox 1959 1831 3529 1905; baseline 0.006 -22"><span class='ocrx_word' id='word_1_454' title='bbox 1959 1844 2146 1886; x_wconf 80' lang='lat' dir='ltr'><strong>rnensa</strong></span> <span class='ocrx_word' id='word_1_455' title='bbox 2174 1831 2263 1900; x_wconf 88' lang='lat' dir='ltr'><strong>qui</strong></span> <span class='ocrx_word' id='word_1_456' title='bbox 2293 1845 2510 1903; x_wconf 86' lang='lat' dir='ltr'><strong>semper</strong></span> <span class='ocrx_word' id='word_1_457' title='bbox 2531 1833 2900 1899; x_wconf 85' lang='lat' dir='ltr'><strong>mutabantur,</strong></span> <span class='ocrx_word' id='word_1_458' title='bbox 2928 1848 3064 1905; x_wconf 92' lang='lat' dir='ltr'><strong>quos</strong></span> <span class='ocrx_word' id='word_1_459' title='bbox 3091 1846 3147 1891; x_wconf 89' lang='lat' dir='ltr'><strong>et</strong></span> <span class='ocrx_word' id='word_1_460' title='bbox 3168 1837 3435 1892; x_wconf 89' lang='lat' dir='ltr'><strong>vocabant</strong></span> <span class='ocrx_word' id='word_1_461' title='bbox 3462 1852 3529 1892; x_wconf 75' lang='lat' dir='ltr'><strong>es</strong></span> 
     </span>
    </p>
   </div>
   <div class='ocr_carea' id='block_1_62' title="bbox 1960 1925 3532 1995">
    <p class='ocr_par' dir='ltr' id='par_1_62' title="bbox 1960 1925 3532 1995">
     <span class='ocr_line' id='line_1_63' title="bbox 1960 1925 3532 1995; baseline 0.006 -20"><span class='ocrx_word' id='word_1_462' title='bbox 1960 1926 2188 1980; x_wconf 84' lang='lat' dir='ltr'><strong>adverso</strong></span> <span class='ocrx_word' id='word_1_463' title='bbox 2212 1925 2417 1995; x_wconf 88' lang='lat' dir='ltr'><strong>positos</strong></span> <span class='ocrx_word' id='word_1_464' title='bbox 2441 1939 2539 1995; x_wconf 86' lang='lat' dir='ltr'><strong>pro</strong></span> <span class='ocrx_word' id='word_1_465' title='bbox 2559 1926 2843 1982; x_wconf 85' lang='lat' dir='ltr'><strong>duodecim</strong></span> <span class='ocrx_word' id='word_1_466' title='bbox 2873 1927 3152 1994; x_wconf 88' lang='lat' dir='ltr'><strong>tribubus;</strong></span> <span class='ocrx_word' id='word_1_467' title='bbox 3181 1927 3253 1983; x_wconf 88' lang='lat' dir='ltr'><strong>ita</strong></span> <span class='ocrx_word' id='word_1_468' title='bbox 3284 1938 3345 1983; x_wconf 88' lang='lat' dir='ltr'><strong>ut</strong></span> <span class='ocrx_word' id='word_1_469' title='bbox 3375 1944 3532 1984; x_wconf 87' lang='lat' dir='ltr'><strong>unus-</strong></span> 
     </span>
    </p>
   </div>
   <div class='ocr_carea' id='block_1_63' title="bbox 1959 2016 3529 2085">
    <p class='ocr_par' dir='ltr' id='par_1_63' title="bbox 1959 2016 3529 2085">
     <span class='ocr_line' id='line_1_64' title="bbox 1959 2016 3529 2085; baseline 0.003 -17"><span class='ocrx_word' id='word_1_470' title='bbox 1959 2016 2193 2085; x_wconf 89' lang='lat' dir='ltr'><strong>quisque</strong></span> <span class='ocrx_word' id='word_1_471' title='bbox 2242 2030 2273 2070; x_wconf 91' lang='lat' dir='ltr'><strong>a</strong></span> <span class='ocrx_word' id='word_1_472' title='bbox 2321 2016 2530 2072; x_wconf 85' lang='lat' dir='ltr'><strong>duabus</strong></span> <span class='ocrx_word' id='word_1_473' title='bbox 2563 2016 2810 2073; x_wconf 79' lang='lat' dir='ltr'><strong>tribubus</strong></span> <span class='ocrx_word' id='word_1_474' title='bbox 2862 2016 3172 2075; x_wconf 81' lang='lat' dir='ltr'><strong>oll&#39;erretur.</strong></span> <span class='ocrx_word' id='word_1_475' title='bbox 3225 2017 3356 2075; x_wconf 88' lang='lat' dir='ltr'><strong>Inde</strong></span> <span class='ocrx_word' id='word_1_476' title='bbox 3384 2021 3529 2074; x_wconf 90' lang='lat' dir='ltr'><strong>enim</strong></span> 
     </span>
    </p>
   </div>
   <div class='ocr_carea' id='block_1_64' title="bbox 1960 2109 3531 2179">
    <p class='ocr_par' dir='ltr' id='par_1_64' title="bbox 1960 2109 3531 2179">
     <span class='ocr_line' id='line_1_65' title="bbox 1960 2109 3531 2179; baseline 0.002 -15"><span class='ocrx_word' id='word_1_477' title='bbox 1960 2109 2067 2164; x_wconf 87' lang='lat' dir='ltr'><strong>illis</strong></span> <span class='ocrx_word' id='word_1_478' title='bbox 2097 2124 2318 2175; x_wconf 88' lang='lat' dir='ltr'><strong>nomen,</strong></span> <span class='ocrx_word' id='word_1_479' title='bbox 2354 2114 2496 2179; x_wconf 90' lang='lat' dir='ltr'><strong>quod</strong></span> <span class='ocrx_word' id='word_1_480' title='bbox 2544 2111 2716 2166; x_wconf 90' lang='lat' dir='ltr'><strong>tribus</strong></span> <span class='ocrx_word' id='word_1_481' title='bbox 2760 2110 2924 2166; x_wconf 89' lang='lat' dir='ltr'><strong>Israel</strong></span> <span class='ocrx_word' id='word_1_482' title='bbox 2970 2113 3025 2165; x_wconf 90' lang='lat' dir='ltr'><strong>in</strong></span> <span class='ocrx_word' id='word_1_483' title='bbox 3071 2113 3317 2167; x_wconf 86' lang='lat' dir='ltr'><strong>eamdem</strong></span> <span class='ocrx_word' id='word_1_484' title='bbox 3363 2112 3531 2167; x_wconf 84' lang='lat' dir='ltr'><strong>animi</strong></span> 
     </span>
    </p>
   </div>
   <div class='ocr_carea' id='block_1_65' title="bbox 1959 2200 3536 2273">
    <p class='ocr_par' dir='ltr' id='par_1_65' title="bbox 1959 2200 3536 2273">
     <span class='ocr_line' id='line_1_66' title="bbox 1959 2200 3536 2273; baseline 0.003 -19"><span class='ocrx_word' id='word_1_485' title='bbox 1959 2201 2283 2257; x_wconf 86' lang='lat' dir='ltr'><strong>sententiam</strong></span> <span class='ocrx_word' id='word_1_486' title='bbox 2317 2201 2688 2256; x_wconf 83' lang='lat' dir='ltr'><strong>convenirent.</strong></span> <span class='ocrx_word' id='word_1_487' title='bbox 2731 2200 3187 2273; x_wconf 63' lang='lat' dir='ltr'><strong>Praisiguilicatur</strong></span> <span class='ocrx_word' id='word_1_488' title='bbox 3227 2205 3393 2258; x_wconf 89' lang='lat' dir='ltr'><strong>etiam</strong></span> <span class='ocrx_word' id='word_1_489' title='bbox 3414 2202 3536 2259; x_wconf 81' lang='lat' dir='ltr'><strong>fore</strong></span> 
     </span>
    </p>
   </div>
   <div class='ocr_carea' id='block_1_66' title="bbox 1961 2294 3529 2365">
    <p class='ocr_par' dir='ltr' id='par_1_66' title="bbox 1961 2294 3529 2365">
     <span class='ocr_line' id='line_1_67' title="bbox 1961 2294 3529 2365; baseline 0.001 -17"><span class='ocrx_word' id='word_1_490' title='bbox 1961 2305 2019 2348; x_wconf 92' lang='lat' dir='ltr'><strong>ut</strong></span> <span class='ocrx_word' id='word_1_491' title='bbox 2051 2295 2159 2350; x_wconf 91' lang='lat' dir='ltr'><strong>bini</strong></span> <span class='ocrx_word' id='word_1_492' title='bbox 2206 2305 2262 2351; x_wconf 90' lang='lat' dir='ltr'><strong>et</strong></span> <span class='ocrx_word' id='word_1_493' title='bbox 2296 2295 2407 2351; x_wconf 88' lang='lat' dir='ltr'><strong>bini</strong></span> <span class='ocrx_word' id='word_1_494' title='bbox 2454 2309 2482 2348; x_wconf 89' lang='lat' dir='ltr'><strong>a</strong></span> <span class='ocrx_word' id='word_1_495' title='bbox 2533 2295 2755 2349; x_wconf 83' lang='lat' dir='ltr'><strong>Christo</strong></span> <span class='ocrx_word' id='word_1_496' title='bbox 2798 2295 3045 2365; x_wconf 90' lang='lat' dir='ltr'><strong>discipuli</strong></span> <span class='ocrx_word' id='word_1_497' title='bbox 3082 2296 3428 2349; x_wconf 87' lang='lat' dir='ltr'><strong>mitterentur</strong></span> <span class='ocrx_word' id='word_1_498' title='bbox 3459 2294 3529 2350; x_wconf 86' lang='lat' dir='ltr'><strong>ad</strong></span> 
     </span>
    </p>
   </div>
   <div class='ocr_carea' id='block_1_67' title="bbox 1960 2371 3532 2456">
    <p class='ocr_par' dir='ltr' id='par_1_67' title="bbox 1960 2371 3532 2456">
     <span class='ocr_line' id='line_1_68' title="bbox 1960 2371 3532 2456; baseline -0.002 -11"><span class='ocrx_word' id='word_1_499' title='bbox 1960 2389 2133 2445; x_wconf 81' lang='lat' dir='ltr'><strong>tribus</strong></span> <span class='ocrx_word' id='word_1_500' title='bbox 2170 2387 2332 2443; x_wconf 82' lang='lat' dir='ltr'><strong>Israel</strong></span> <span class='ocrx_word' id='word_1_501' title='bbox 2362 2396 2418 2443; x_wconf 91' lang='lat' dir='ltr'><strong>et</strong></span> <span class='ocrx_word' id='word_1_502' title='bbox 2446 2387 2612 2442; x_wconf 88' lang='lat' dir='ltr'><strong>simul</strong></span> <span class='ocrx_word' id='word_1_503' title='bbox 2643 2395 2790 2444; x_wconf 90' lang='lat' dir='ltr'><strong>esset</strong></span> <span class='ocrx_word' id='word_1_504' title='bbox 2828 2371 3114 2443; x_wconf 83' lang='lat' dir='ltr'><strong>duodecim</strong></span> <span class='ocrx_word' id='word_1_505' title='bbox 3161 2385 3532 2456; x_wconf 87' lang='lat' dir='ltr'><strong>apostolorum</strong></span> 
     </span>
    </p>
   </div>
   <div class='ocr_carea' id='block_1_68' title="bbox 1959 2498 2240 2538">
    <p class='ocr_par' dir='ltr' id='par_1_68' title="bbox 1959 2498 2240 2538">
     <span class='ocr_line' id='line_1_69' title="bbox 1959 2498 2240 2538; baseline -0.014 0"><span class='ocrx_word' id='word_1_506' title='bbox 1959 2498 2240 2538; x_wconf 88' lang='lat' dir='ltr'><strong>numerus.</strong></span> 
     </span>
    </p>
   </div>
   <div class='ocr_carea' id='block_1_69' title="bbox 2031 2569 3536 2640">
    <p class='ocr_par' dir='ltr' id='par_1_69' title="bbox 2031 2569 3536 2640">
     <span class='ocr_line' id='line_1_70' title="bbox 2031 2569 3536 2640; baseline -0.001 -14"><span class='ocrx_word' id='word_1_507' title='bbox 2031 2571 2101 2626; x_wconf 86' lang='lat' dir='ltr'><strong>Et</strong></span> <span class='ocrx_word' id='word_1_508' title='bbox 2147 2573 2219 2626; x_wconf 84' lang='lat' dir='ltr'><strong>ibi</strong></span> <span class='ocrx_word' id='word_1_509' title='bbox 2257 2582 2369 2627; x_wconf 83' lang='lat' dir='ltr'><strong>erat</strong></span> <span class='ocrx_word' id='word_1_510' title='bbox 2408 2588 2545 2626; x_wconf 84' lang='lat' dir='ltr'><strong>unus</strong></span> <span class='ocrx_word' id='word_1_511' title='bbox 2579 2587 2862 2639; x_wconf 84' lang='lat' dir='ltr'><strong>puerorum</strong></span> <span class='ocrx_word' id='word_1_512' title='bbox 2898 2570 2964 2622; x_wconf 78' lang='lat'><strong>&quot;.</strong></span> <span class='ocrx_word' id='word_1_513' title='bbox 3008 2569 3288 2640; x_wconf 81' lang='lat' dir='ltr'><strong>Signiﬁcat</strong></span> <span class='ocrx_word' id='word_1_514' title='bbox 3316 2578 3536 2640; x_wconf 83' lang='lat' dir='ltr'><strong>propter</strong></span> 
     </span>
    </p>
   </div>
   <div class='ocr_carea' id='block_1_70' title="bbox 1958 2658 3532 2735">
    <p class='ocr_par' dir='ltr' id='par_1_70' title="bbox 1958 2658 3532 2735">
     <span class='ocr_line' id='line_1_71' title="bbox 1958 2658 3532 2735; baseline -0.004 -17"><span class='ocrx_word' id='word_1_515' title='bbox 1958 2673 2241 2735; x_wconf 90' lang='lat' dir='ltr'><strong>peccatum</strong></span> <span class='ocrx_word' id='word_1_516' title='bbox 2289 2664 2373 2719; x_wconf 87' lang='lat' dir='ltr'><strong>vel</strong></span> <span class='ocrx_word' id='word_1_517' title='bbox 2422 2666 2491 2718; x_wconf 86' lang='lat' dir='ltr'><strong>ob</strong></span> <span class='ocrx_word' id='word_1_518' title='bbox 2537 2663 2784 2717; x_wconf 83' lang='lat' dir='ltr'><strong>morbum</strong></span> <span class='ocrx_word' id='word_1_519' title='bbox 2841 2664 3165 2715; x_wconf 76' lang='lat' dir='ltr'><strong>remansisse</strong></span> <span class='ocrx_word' id='word_1_520' title='bbox 3211 2658 3357 2728; x_wconf 76' lang='lat' dir='ltr'><strong>Doeg</strong></span> <span class='ocrx_word' id='word_1_521' title='bbox 3406 2660 3532 2713; x_wconf 82' lang='lat' dir='ltr'><strong>ldu-</strong></span> 
     </span>
    </p>
   </div>
   <div class='ocr_carea' id='block_1_71' title="bbox 1959 2750 3533 2818">
    <p class='ocr_par' dir='ltr' id='par_1_71' title="bbox 1959 2750 3533 2818">
     <span class='ocr_line' id='line_1_72' title="bbox 1959 2750 3533 2818; baseline -0.004 -9"><span class='ocrx_word' id='word_1_522' title='bbox 1959 2771 2153 2810; x_wconf 83' lang='lat' dir='ltr'><strong>maeum</strong></span> <span class='ocrx_word' id='word_1_523' title='bbox 2205 2764 2263 2809; x_wconf 88' lang='lat' dir='ltr'><strong>ut</strong></span> <span class='ocrx_word' id='word_1_524' title='bbox 2310 2756 2540 2810; x_wconf 87' lang='lat' dir='ltr'><strong>serviret</strong></span> <span class='ocrx_word' id='word_1_525' title='bbox 2579 2763 2635 2809; x_wconf 90' lang='lat' dir='ltr'><strong>et</strong></span> <span class='ocrx_word' id='word_1_526' title='bbox 2671 2751 3028 2807; x_wconf 75' lang='lat' dir='ltr'><strong>conﬁteretur</strong></span> <span class='ocrx_word' id='word_1_527' title='bbox 3070 2765 3254 2805; x_wconf 87' lang='lat' dir='ltr'><strong>coram</strong></span> <span class='ocrx_word' id='word_1_528' title='bbox 3282 2750 3533 2818; x_wconf 88' lang='lat' dir='ltr'><strong>Domino,</strong></span> 
     </span>
    </p>
   </div>
   <div class='ocr_carea' id='block_1_72' title="bbox 1958 2840 3534 2915">
    <p class='ocr_par' dir='ltr' id='par_1_72' title="bbox 1958 2840 3534 2915">
     <span class='ocr_line' id='line_1_73' title="bbox 1958 2840 3534 2915; baseline 0 -16"><span class='ocrx_word' id='word_1_529' title='bbox 1958 2847 2041 2903; x_wconf 86' lang='lat' dir='ltr'><strong>vel</strong></span> <span class='ocrx_word' id='word_1_530' title='bbox 2087 2862 2272 2903; x_wconf 84' lang='lat' dir='ltr'><strong>coram</strong></span> <span class='ocrx_word' id='word_1_531' title='bbox 2321 2845 2678 2912; x_wconf 63' lang='lat' dir='ltr'><strong>damonibus,</strong></span> <span class='ocrx_word' id='word_1_532' title='bbox 2727 2843 3182 2915; x_wconf 85' lang='lat' dir='ltr'><strong>quemadmodum</strong></span> <span class='ocrx_word' id='word_1_533' title='bbox 3215 2841 3344 2897; x_wconf 85' lang='lat' dir='ltr'><strong>Saul</strong></span> <span class='ocrx_word' id='word_1_534' title='bbox 3379 2840 3534 2914; x_wconf 83' lang='lat' dir='ltr'><strong>cujus</strong></span> 
     </span>
    </p>
   </div>
   <div class='ocr_carea' id='block_1_73' title="bbox 1960 2937 2447 3007">
    <p class='ocr_par' dir='ltr' id='par_1_73' title="bbox 1960 2937 2447 3007">
     <span class='ocr_line' id='line_1_74' title="bbox 1960 2937 2447 3007; baseline -0.002 -14"><span class='ocrx_word' id='word_1_535' title='bbox 1960 2941 2133 2993; x_wconf 90' lang='lat' dir='ltr'><strong>mulos</strong></span> <span class='ocrx_word' id='word_1_536' title='bbox 2168 2937 2447 3007; x_wconf 75' lang='lat' dir='ltr'><strong>pascebat.</strong></span> 
     </span>
    </p>
   </div>
   <div class='ocr_carea' id='block_1_74' title="bbox 2032 3022 3532 3096">
    <p class='ocr_par' dir='ltr' id='par_1_74' title="bbox 2032 3022 3532 3096">
     <span class='ocr_line' id='line_1_75' title="bbox 2032 3022 3532 3096; baseline -0.005 -11"><span class='ocrx_word' id='word_1_537' title='bbox 2032 3030 2100 3085; x_wconf 79' lang='lat' dir='ltr'><strong>Et</strong></span> <span class='ocrx_word' id='word_1_538' title='bbox 2127 3028 2263 3085; x_wconf 87' lang='lat' dir='ltr'><strong>Saul</strong></span> <span class='ocrx_word' id='word_1_539' title='bbox 2287 3029 2499 3084; x_wconf 81' lang='lat' dir='ltr'><strong>sedebat</strong></span> <span class='ocrx_word' id='word_1_540' title='bbox 2528 3029 2582 3082; x_wconf 79' lang='lat' dir='ltr'><strong>in</strong></span> <span class='ocrx_word' id='word_1_541' title='bbox 2613 3026 2743 3082; x_wconf 86' lang='lat' dir='ltr'><strong>colle</strong></span> <span class='ocrx_word' id='word_1_542' title='bbox 2764 3026 2833 3080; x_wconf 83' lang='grc'><strong>⁸⁷.</strong></span> <span class='ocrx_word' id='word_1_543' title='bbox 2875 3024 3005 3079; x_wconf 85' lang='lat' dir='ltr'><strong>Saul</strong></span> <span class='ocrx_word' id='word_1_544' title='bbox 3034 3034 3213 3096; x_wconf 84' lang='lat' dir='ltr'><strong>typum</strong></span> <span class='ocrx_word' id='word_1_545' title='bbox 3241 3022 3346 3078; x_wconf 86' lang='lat' dir='ltr'><strong>l&#39;ert</strong></span> <span class='ocrx_word' id='word_1_546' title='bbox 3373 3023 3532 3078; x_wconf 87' lang='lat' dir='ltr'><strong>mali-</strong></span> 
     </span>
    </p>
   </div>
   <div class='ocr_carea' id='block_1_75' title="bbox 1963 3112 3530 3192">
    <p class='ocr_par' dir='ltr' id='par_1_75' title="bbox 1963 3112 3530 3192">
     <span class='ocr_line' id='line_1_76' title="bbox 1963 3112 3530 3192; baseline -0.006 -16"><span class='ocrx_word' id='word_1_547' title='bbox 1963 3124 2048 3192; x_wconf 80' lang='lat' dir='ltr'><strong>gni</strong></span> <span class='ocrx_word' id='word_1_548' title='bbox 2070 3122 2292 3192; x_wconf 83' lang='lat' dir='ltr'><strong>spiritus</strong></span> <span class='ocrx_word' id='word_1_549' title='bbox 2311 3121 2401 3189; x_wconf 89' lang='lat' dir='ltr'><strong>qui</strong></span> <span class='ocrx_word' id='word_1_550' title='bbox 2435 3119 2742 3175; x_wconf 89' lang='lat' dir='ltr'><strong>dominatus</strong></span> <span class='ocrx_word' id='word_1_551' title='bbox 2763 3127 2847 3173; x_wconf 90' lang='lat' dir='ltr'><strong>est</strong></span> <span class='ocrx_word' id='word_1_552' title='bbox 2874 3115 3035 3171; x_wconf 90' lang='lat' dir='ltr'><strong>Israel</strong></span> <span class='ocrx_word' id='word_1_553' title='bbox 3065 3114 3267 3170; x_wconf 88' lang='lat' dir='ltr'><strong>dicenti</strong></span> <span class='ocrx_word' id='word_1_554' title='bbox 3303 3130 3319 3168; x_wconf 90' lang='lat'><strong>:</strong></span> <span class='ocrx_word' id='word_1_555' title='bbox 3358 3132 3379 3166; x_wconf 78' lang='grc' dir='ltr'><strong>ι</strong></span> <span class='ocrx_word' id='word_1_556' title='bbox 3418 3112 3530 3167; x_wconf 79' lang='lat' dir='ltr'><strong>Non</strong></span> 
     </span>
    </p>
   </div>
   <div class='ocr_carea' id='block_1_76' title="bbox 1963 3206 3534 3281">
    <p class='ocr_par' dir='ltr' id='par_1_76' title="bbox 1963 3206 3534 3281">
     <span class='ocr_line' id='line_1_77' title="bbox 1963 3206 3534 3281; baseline -0.004 -13"><span class='ocrx_word' id='word_1_557' title='bbox 1963 3216 2227 3268; x_wconf 82' lang='lat' dir='ltr'><strong>habemus</strong></span> <span class='ocrx_word' id='word_1_558' title='bbox 2258 3226 2457 3281; x_wconf 83' lang='lat' dir='ltr'><strong>regem.</strong></span> <span class='ocrx_word' id='word_1_559' title='bbox 2491 3229 2510 3263; x_wconf 77' lang='grc' dir='ltr'><strong>ι</strong></span> <span class='ocrx_word' id='word_1_560' title='bbox 2550 3208 2684 3264; x_wconf 85' lang='lat' dir='ltr'><strong>Nam</strong></span> <span class='ocrx_word' id='word_1_561' title='bbox 2715 3207 2925 3279; x_wconf 89' lang='lat' dir='ltr'><strong>priscus</strong></span> <span class='ocrx_word' id='word_1_562' title='bbox 2965 3206 3194 3277; x_wconf 84' lang='lat' dir='ltr'><strong>populus</strong></span> <span class='ocrx_word' id='word_1_563' title='bbox 3222 3212 3534 3277; x_wconf 81' lang='lat' dir='ltr'><strong>contempto</strong></span> 
     </span>
    </p>
   </div>
   <div class='ocr_carea' id='block_1_77' title="bbox 1963 3296 3387 3374">
    <p class='ocr_par' dir='ltr' id='par_1_77' title="bbox 1963 3296 3387 3374">
     <span class='ocr_line' id='line_1_78' title="bbox 1963 3296 3387 3374; baseline -0.008 -13"><span class='ocrx_word' id='word_1_564' title='bbox 1963 3306 2163 3361; x_wconf 81' lang='lat' dir='ltr'><strong>Davide</strong></span> <span class='ocrx_word' id='word_1_565' title='bbox 2188 3317 2314 3374; x_wconf 84' lang='lat' dir='ltr'><strong>rege</strong></span> <span class='ocrx_word' id='word_1_566' title='bbox 2338 3318 2437 3358; x_wconf 84' lang='lat' dir='ltr'><strong>suo</strong></span> <span class='ocrx_word' id='word_1_567' title='bbox 2459 3300 2617 3371; x_wconf 88' lang='lat' dir='ltr'><strong>petiit</strong></span> <span class='ocrx_word' id='word_1_568' title='bbox 2647 3300 2866 3355; x_wconf 88' lang='lat' dir='ltr'><strong>Saulcm</strong></span> <span class='ocrx_word' id='word_1_569' title='bbox 2902 3312 3081 3368; x_wconf 83' lang='lat' dir='ltr'><strong>regem</strong></span> <span class='ocrx_word' id='word_1_570' title='bbox 3109 3297 3211 3352; x_wconf 85' lang='lat' dir='ltr'><strong>sibi</strong></span> <span class='ocrx_word' id='word_1_571' title='bbox 3244 3296 3387 3351; x_wconf 86' lang='lat' dir='ltr'><strong>dari.</strong></span> 
     </span>
    </p>
   </div>
   <div class='ocr_carea' id='block_1_78' title="bbox 1962 3489 3536 3570">
    <p class='ocr_par' dir='ltr' id='par_1_78' title="bbox 1962 3489 3536 3570">
     <span class='ocr_line' id='line_1_79' title="bbox 1962 3489 3536 3570; baseline -0.009 -8"><span class='ocrx_word' id='word_1_572' title='bbox 1962 3506 2049 3562; x_wconf 75' lang='lat' dir='ltr'><strong>Ex</strong></span> <span class='ocrx_word' id='word_1_573' title='bbox 2081 3502 2468 3560; x_wconf 82' lang='lat' dir='ltr'><strong>commentariis</strong></span> <span class='ocrx_word' id='word_1_574' title='bbox 2514 3498 2757 3570; x_wconf 84' lang='lat' dir='ltr'><strong>Origeuis</strong></span> <span class='ocrx_word' id='word_1_575' title='bbox 2797 3496 2853 3551; x_wconf 81' lang='lat' dir='ltr'><strong>in</strong></span> <span class='ocrx_word' id='word_1_576' title='bbox 2897 3494 3089 3549; x_wconf 84' lang='lat' dir='ltr'><strong>librum</strong></span> <span class='ocrx_word' id='word_1_577' title='bbox 3120 3495 3407 3548; x_wconf 82' lang='lat' dir='ltr'><strong>secundum</strong></span> <span class='ocrx_word' id='word_1_578' title='bbox 3434 3489 3536 3549; x_wconf 77' lang='lat' dir='ltr'><strong>Rs-</strong></span> 
     </span>
    </p>
   </div>
   <div class='ocr_carea' id='block_1_79' title="bbox 2630 3583 2873 3639">
    <p class='ocr_par' dir='ltr' id='par_1_79' title="bbox 2630 3583 2873 3639">
     <span class='ocr_line' id='line_1_80' title="bbox 2630 3583 2873 3639; baseline -0.016 -17"><span class='ocrx_word' id='word_1_579' title='bbox 2630 3583 2873 3639; x_wconf 86' lang='lat' dir='ltr'><strong>gnarum.</strong></span> 
     </span>
    </p>
   </div>
   <div class='ocr_carea' id='block_1_80' title="bbox 2036 3651 3536 3734">
    <p class='ocr_par' dir='ltr' id='par_1_80' title="bbox 2036 3651 3536 3734">
     <span class='ocr_line' id='line_1_81' title="bbox 2036 3651 3536 3734; baseline -0.013 -12"><span class='ocrx_word' id='word_1_580' title='bbox 2036 3667 2181 3734; x_wconf 83' lang='lat' dir='ltr'><strong>Quia</strong></span> <span class='ocrx_word' id='word_1_581' title='bbox 2227 3663 2491 3719; x_wconf 76' lang='lat' dir='ltr'><strong>adversati</strong></span> <span class='ocrx_word' id='word_1_582' title='bbox 2536 3672 2656 3713; x_wconf 83' lang='lat' dir='ltr'><strong>sunt</strong></span> <span class='ocrx_word' id='word_1_583' title='bbox 2705 3658 2830 3713; x_wconf 62' lang='lat' dir='ltr'><strong>caeci</strong></span> <span class='ocrx_word' id='word_1_584' title='bbox 2875 3665 2923 3709; x_wconf 87' lang='lat' dir='ltr'><strong>et</strong></span> <span class='ocrx_word' id='word_1_585' title='bbox 2978 3653 3156 3706; x_wconf 80' lang='lat' dir='ltr'><strong>claudi</strong></span> <span class='ocrx_word' id='word_1_586' title='bbox 3181 3652 3248 3706; x_wconf 82' lang='grc'><strong>⁸⁸.</strong></span> <span class='ocrx_word' id='word_1_587' title='bbox 3306 3651 3536 3706; x_wconf 73' lang='lat' dir='ltr'><strong>Jebusmi</strong></span> 
     </span>
    </p>
   </div>
   <div class='ocr_carea' id='block_1_81' title="bbox 1964 3749 3537 3833">
    <p class='ocr_par' dir='ltr' id='par_1_81' title="bbox 1964 3749 3537 3833">
     <span class='ocr_line' id='line_1_82' title="bbox 1964 3749 3537 3833; baseline -0.013 -16"><span class='ocrx_word' id='word_1_588' title='bbox 1964 3774 2259 3833; x_wconf 85' lang='lat' dir='ltr'><strong>pauperum</strong></span> <span class='ocrx_word' id='word_1_589' title='bbox 2286 3766 2583 3812; x_wconf 83' lang='lat' dir='ltr'><strong>amatorem</strong></span> <span class='ocrx_word' id='word_1_590' title='bbox 2620 3749 2790 3804; x_wconf 84' lang='lat' dir='ltr'><strong>David</strong></span> <span class='ocrx_word' id='word_1_591' title='bbox 2835 3764 2867 3802; x_wconf 92' lang='lat' dir='ltr'><strong>a</strong></span> <span class='ocrx_word' id='word_1_592' title='bbox 2903 3761 3056 3801; x_wconf 77' lang='lat' dir='ltr'><strong>muro</strong></span> <span class='ocrx_word' id='word_1_593' title='bbox 3086 3755 3537 3799; x_wconf 88' lang='lat' dir='ltr'><strong>commonueruut</strong></span> 
     </span>
    </p>
   </div>
   <div class='ocr_carea' id='block_1_82' title="bbox 1964 3839 3539 3920">
    <p class='ocr_par' dir='ltr' id='par_1_82' title="bbox 1964 3839 3539 3920">
     <span class='ocr_line' id='line_1_83' title="bbox 1964 3839 3539 3920; baseline -0.011 -8"><span class='ocrx_word' id='word_1_594' title='bbox 1964 3854 2260 3912; x_wconf 87' lang='lat' dir='ltr'><strong>conviciari</strong></span> <span class='ocrx_word' id='word_1_595' title='bbox 2292 3852 2390 3920; x_wconf 87' lang='lat' dir='ltr'><strong>ipsi</strong></span> <span class='ocrx_word' id='word_1_596' title='bbox 2425 3863 2597 3905; x_wconf 74' lang='lat' dir='ltr'><strong>cazcos</strong></span> <span class='ocrx_word' id='word_1_597' title='bbox 2626 3854 2680 3900; x_wconf 91' lang='lat' dir='ltr'><strong>et</strong></span> <span class='ocrx_word' id='word_1_598' title='bbox 2730 3842 2971 3897; x_wconf 85' lang='lat' dir='ltr'><strong>claudos.</strong></span> <span class='ocrx_word' id='word_1_599' title='bbox 3025 3839 3121 3894; x_wconf 90' lang='lat' dir='ltr'><strong>llie</strong></span> <span class='ocrx_word' id='word_1_600' title='bbox 3151 3851 3332 3893; x_wconf 82' lang='lat' dir='ltr'><strong>autem</strong></span> <span class='ocrx_word' id='word_1_601' title='bbox 3361 3840 3539 3910; x_wconf 87' lang='lat' dir='ltr'><strong>captis</strong></span> 
     </span>
    </p>
   </div>
   <div class='ocr_carea' id='block_1_83' title="bbox 1965 3933 3534 4019">
    <p class='ocr_par' dir='ltr' id='par_1_83' title="bbox 1965 3933 3534 4019">
     <span class='ocr_line' id='line_1_84' title="bbox 1965 3933 3534 4019; baseline -0.012 -13"><span class='ocrx_word' id='word_1_602' title='bbox 1965 3946 2316 4019; x_wconf 81' lang='lat' dir='ltr'><strong>Jerosolymis</strong></span> <span class='ocrx_word' id='word_1_603' title='bbox 2348 3960 2452 3998; x_wconf 87' lang='lat' dir='ltr'><strong>non</strong></span> <span class='ocrx_word' id='word_1_604' title='bbox 2489 3941 2661 3997; x_wconf 90' lang='lat' dir='ltr'><strong>solum</strong></span> <span class='ocrx_word' id='word_1_605' title='bbox 2694 3937 2824 3990; x_wconf 86' lang='lat' dir='ltr'><strong>nihil</strong></span> <span class='ocrx_word' id='word_1_606' title='bbox 2863 3934 2943 3989; x_wconf 90' lang='lat' dir='ltr'><strong>eis</strong></span> <span class='ocrx_word' id='word_1_607' title='bbox 2972 3933 3097 3989; x_wconf 85' lang='lat' dir='ltr'><strong>mali</strong></span> <span class='ocrx_word' id='word_1_608' title='bbox 3134 3934 3404 4003; x_wconf 88' lang='lat' dir='ltr'><strong>rependit,</strong></span> <span class='ocrx_word' id='word_1_609' title='bbox 3438 3935 3534 3988; x_wconf 86' lang='lat' dir='ltr'><strong>sed</strong></span> 
     </span>
    </p>
   </div>
   <div class='ocr_carea' id='block_1_84' title="bbox 1967 4034 3537 4114">
    <p class='ocr_par' dir='ltr' id='par_1_84' title="bbox 1967 4034 3537 4114">
     <span class='ocr_line' id='line_1_85' title="bbox 1967 4034 3537 4114; baseline -0.013 -6"><span class='ocrx_word' id='word_1_610' title='bbox 1967 4052 2231 4108; x_wconf 85' lang='lat' dir='ltr'><strong>militibus</strong></span> <span class='ocrx_word' id='word_1_611' title='bbox 2257 4048 2393 4102; x_wconf 83' lang='lat' dir='ltr'><strong>hanc</strong></span> <span class='ocrx_word' id='word_1_612' title='bbox 2426 4044 2594 4114; x_wconf 79' lang='lat' dir='ltr'><strong>legem</strong></span> <span class='ocrx_word' id='word_1_613' title='bbox 2632 4038 2819 4094; x_wconf 77' lang='lat' dir='ltr'><strong>tulit”</strong></span> <span class='ocrx_word' id='word_1_614' title='bbox 2858 4055 2871 4090; x_wconf 90' lang='lat'><strong>:</strong></span> <span class='ocrx_word' id='word_1_615' title='bbox 2911 4055 2930 4087; x_wconf 78' lang='grc' dir='ltr'><strong>ι</strong></span> <span class='ocrx_word' id='word_1_616' title='bbox 2956 4035 3012 4090; x_wconf 87' lang='lat' dir='ltr'><strong>Si</strong></span> <span class='ocrx_word' id='word_1_617' title='bbox 3045 4036 3166 4105; x_wconf 85' lang='lat' dir='ltr'><strong>quis</strong></span> <span class='ocrx_word' id='word_1_618' title='bbox 3206 4034 3537 4089; x_wconf 77' lang='lat' dir='ltr'><strong>interfecerit</strong></span> 
     </span>
    </p>
   </div>
   <div class='ocr_carea' id='block_1_85' title="bbox 1966 4126 3535 4200">
    <p class='ocr_par' dir='ltr' id='par_1_85' title="bbox 1966 4126 3535 4200">
     <span class='ocr_line' id='line_1_86' title="bbox 1966 4126 3535 4200; baseline -0.012 -2"><span class='ocrx_word' id='word_1_619' title='bbox 1966 4159 2167 4200; x_wconf 67' lang='lat' dir='ltr'><strong>ciccum</strong></span> <span class='ocrx_word' id='word_1_620' title='bbox 2192 4139 2519 4200; x_wconf 72' lang='lat' dir='ltr'><strong>Jehusazmu,</strong></span> <span class='ocrx_word' id='word_1_621' title='bbox 2546 4132 2627 4187; x_wconf 85' lang='lat' dir='ltr'><strong>vel</strong></span> <span class='ocrx_word' id='word_1_622' title='bbox 2657 4130 2931 4195; x_wconf 86' lang='lat' dir='ltr'><strong>claudum,</strong></span> <span class='ocrx_word' id='word_1_623' title='bbox 2961 4138 3211 4195; x_wconf 81' lang='lat' dir='ltr'><strong>tangatur</strong></span> <span class='ocrx_word' id='word_1_624' title='bbox 3240 4126 3486 4196; x_wconf 64' lang='lat' dir='ltr'><strong>pugione,</strong></span> <span class='ocrx_word' id='word_1_625' title='bbox 3508 4143 3535 4183; x_wconf 67' lang='grc' dir='ltr'><strong>ι</strong></span> 
     </span>
    </p>
   </div>
   <div class='ocr_carea' id='block_1_86' title="bbox 1971 4219 3538 4293">
    <p class='ocr_par' dir='ltr' id='par_1_86' title="bbox 1971 4219 3538 4293">
     <span class='ocr_line' id='line_1_87' title="bbox 1971 4219 3538 4293; baseline -0.015 -1"><span class='ocrx_word' id='word_1_626' title='bbox 1971 4238 2074 4293; x_wconf 86' lang='lat' dir='ltr'><strong>hoc</strong></span> <span class='ocrx_word' id='word_1_627' title='bbox 2100 4243 2184 4289; x_wconf 89' lang='lat' dir='ltr'><strong>est</strong></span> <span class='ocrx_word' id='word_1_628' title='bbox 2216 4251 2236 4285; x_wconf 81' lang='grc' dir='ltr'><strong>ι</strong></span> <span class='ocrx_word' id='word_1_629' title='bbox 2265 4228 2562 4285; x_wconf 86' lang='lat' dir='ltr'><strong>occidatur.</strong></span> <span class='ocrx_word' id='word_1_630' title='bbox 2587 4245 2605 4277; x_wconf 82' lang='grc' dir='ltr'><strong>ι</strong></span> <span class='ocrx_word' id='word_1_631' title='bbox 2649 4224 2907 4290; x_wconf 82' lang='lat' dir='ltr'><strong>Quamvis</strong></span> <span class='ocrx_word' id='word_1_632' title='bbox 2945 4221 3090 4276; x_wconf 84' lang='lat' dir='ltr'><strong>enim</strong></span> <span class='ocrx_word' id='word_1_633' title='bbox 3120 4220 3244 4275; x_wconf 85' lang='lat' dir='ltr'><strong>odio</strong></span> <span class='ocrx_word' id='word_1_634' title='bbox 3279 4219 3538 4273; x_wconf 87' lang='lat' dir='ltr'><strong>haberent</strong></span> 
     </span>
    </p>
   </div>
   <div class='ocr_carea' id='block_1_87' title="bbox 1970 4316 2969 4387">
    <p class='ocr_par' dir='ltr' id='par_1_87' title="bbox 1970 4316 2969 4387">
     <span class='ocr_line' id='line_1_88' title="bbox 1970 4316 2969 4387; baseline -0.016 -6"><span class='ocrx_word' id='word_1_635' title='bbox 1970 4327 2204 4382; x_wconf 85' lang='lat' dir='ltr'><strong>animam</strong></span> <span class='ocrx_word' id='word_1_636' title='bbox 2238 4320 2427 4383; x_wconf 86' lang='lat' dir='ltr'><strong>David,</strong></span> <span class='ocrx_word' id='word_1_637' title='bbox 2458 4318 2540 4373; x_wconf 89' lang='lat' dir='ltr'><strong>eis</strong></span> <span class='ocrx_word' id='word_1_638' title='bbox 2568 4316 2836 4387; x_wconf 79' lang='lat' dir='ltr'><strong>parcitum</strong></span> <span class='ocrx_word' id='word_1_639' title='bbox 2866 4320 2969 4367; x_wconf 88' lang='lat' dir='ltr'><strong>est.</strong></span> 
     </span>
    </p>
   </div>
   <div class='ocr_carea' id='block_1_88' title="bbox 301 4417 1866 4529">
    <p class='ocr_par' dir='ltr' id='par_1_88' title="bbox 301 4443 1860 4529">
     <span class='ocr_line' id='line_1_89' title="bbox 301 4443 1860 4529; baseline -0.003 -27"><span class='ocrx_word' id='word_1_640' title='bbox 301 4449 399 4505; x_wconf 80' lang='grc' dir='ltr'>Ἐκ</span> <span class='ocrx_word' id='word_1_641' title='bbox 432 4449 552 4505; x_wconf 83' lang='grc' dir='ltr'>τῶν</span> <span class='ocrx_word' id='word_1_642' title='bbox 593 4451 927 4521; x_wconf 81' lang='grc' dir='ltr'>Ὠριτένους</span> <span class='ocrx_word' id='word_1_643' title='bbox 970 4452 1058 4529; x_wconf 59' lang='grc' dir='ltr'><strong>είς</strong></span> <span class='ocrx_word' id='word_1_644' title='bbox 1084 4446 1211 4529; x_wconf 53' lang='grc' dir='ltr'>τὴν</span> <span class='ocrx_word' id='word_1_645' title='bbox 1252 4447 1462 4516; x_wconf 85' lang='grc' dir='ltr'>τρίτην</span> <span class='ocrx_word' id='word_1_646' title='bbox 1515 4443 1637 4499; x_wconf 83' lang='grc' dir='ltr'>τῶν</span> <span class='ocrx_word' id='word_1_647' title='bbox 1676 4447 1860 4499; x_wconf 87' lang='grc' dir='ltr'>Βασι-</span> 
     </span>
    </p>
   </div>
   <div class='ocr_carea' id='block_1_89' title="bbox 1963 4417 3533 4529">
    <p class='ocr_par' dir='ltr' id='par_1_89' title="bbox 1970 4417 3533 4529">
     <span class='ocr_line' id='line_1_90' title="bbox 1970 4417 3533 4529; baseline -0.015 -38"><span class='ocrx_word' id='word_1_648' title='bbox 1970 4436 2133 4511; x_wconf 64' lang='lat'><strong>‘81</strong></span> <span class='ocrx_word' id='word_1_649' title='bbox 2179 4432 2265 4487; x_wconf 79' lang='lat' dir='ltr'><strong>Ea:</strong></span> <span class='ocrx_word' id='word_1_650' title='bbox 2297 4423 2959 4529; x_wconf 40' lang='lat' dir='ltr'><strong>centuteutaciisng‘iligiuis</strong></span> <span class='ocrx_word' id='word_1_651' title='bbox 2988 4421 3046 4475; x_wconf 83' lang='lat' dir='ltr'><strong>in</strong></span> <span class='ocrx_word' id='word_1_652' title='bbox 3083 4419 3278 4473; x_wconf 81' lang='lat' dir='ltr'><strong>librum</strong></span> <span class='ocrx_word' id='word_1_653' title='bbox 3317 4417 3533 4487; x_wconf 78' lang='lat' dir='ltr'><strong>tertium</strong></span> 
     </span>
    </p>
   </div>
   <div class='ocr_carea' id='block_1_90' title="bbox 976 4524 1176 4574">
    <p class='ocr_par' dir='ltr' id='par_1_90' title="bbox 976 4524 1176 4574">
     <span class='ocr_line' id='line_1_91' title="bbox 976 4524 1176 4574; baseline -0.015 0"><span class='ocrx_word' id='word_1_654' title='bbox 976 4524 1176 4574; x_wconf 73' lang='grc' dir='ltr'>λειῶν.</span> 
     </span>
    </p>
   </div>
   <div class='ocr_carea' id='block_1_91' title="bbox 360 4605 1866 4684">
    <p class='ocr_par' dir='ltr' id='par_1_91' title="bbox 360 4605 1866 4684">
     <span class='ocr_line' id='line_1_92' title="bbox 360 4605 1866 4684; baseline -0.007 -14"><span class='ocrx_word' id='word_1_655' title='bbox 360 4615 473 4670; x_wconf 78' lang='grc' dir='ltr'><strong>Καὶ</strong></span> <span class='ocrx_word' id='word_1_656' title='bbox 494 4614 699 4684; x_wconf 70' lang='grc' dir='ltr'>σφῦρα</span> <span class='ocrx_word' id='word_1_657' title='bbox 731 4612 831 4668; x_wconf 79' lang='grc' dir='ltr'>καὶ</span> <span class='ocrx_word' id='word_1_658' title='bbox 861 4612 1124 4678; x_wconf 78' lang='grc' dir='ltr'>πέλεκυς</span> <span class='ocrx_word' id='word_1_659' title='bbox 1166 4610 1267 4666; x_wconf 77' lang='grc' dir='ltr'>καὶ</span> <span class='ocrx_word' id='word_1_660' title='bbox 1294 4608 1419 4665; x_wconf 81' lang='grc' dir='ltr'>πᾶν</span> <span class='ocrx_word' id='word_1_661' title='bbox 1441 4608 1666 4674; x_wconf 80' lang='grc' dir='ltr'>σκεῦος</span> <span class='ocrx_word' id='word_1_662' title='bbox 1692 4605 1866 4674; x_wconf 76' lang='grc' dir='ltr'>σιδή-</span> 
     </span>
    </p>
   </div>
   <div class='ocr_carea' id='block_1_92' title="bbox 283 4695 1869 4778">
    <p class='ocr_par' dir='ltr' id='par_1_92' title="bbox 283 4695 1869 4778">
     <span class='ocr_line' id='line_1_93' title="bbox 283 4695 1869 4778; baseline -0.008 -15"><span class='ocrx_word' id='word_1_663' title='bbox 283 4724 420 4776; x_wconf 79' lang='grc' dir='ltr'>ρου.</span> <span class='ocrx_word' id='word_1_664' title='bbox 454 4702 616 4770; x_wconf 79' lang='grc' dir='ltr'>Οἶκος</span> <span class='ocrx_word' id='word_1_665' title='bbox 636 4706 695 4760; x_wconf 82' lang='grc' dir='ltr'>δὲ</span> <span class='ocrx_word' id='word_1_666' title='bbox 714 4708 748 4778; x_wconf 80' lang='grc' dir='ltr'><strong>ἡ</strong></span> <span class='ocrx_word' id='word_1_667' title='bbox 764 4704 1054 4778; x_wconf 87' lang='grc' dir='ltr'>Ἐκκλησία</span> <span class='ocrx_word' id='word_1_668' title='bbox 1077 4703 1172 4757; x_wconf 83' lang='grc' dir='ltr'>τοῦ</span> <span class='ocrx_word' id='word_1_669' title='bbox 1193 4701 1351 4756; x_wconf 66' lang='grc' dir='ltr'><strong>Θεοῖν</strong></span> <span class='ocrx_word' id='word_1_670' title='bbox 1377 4703 1436 4756; x_wconf 80' lang='grc' dir='ltr'>ὲν</span> <span class='ocrx_word' id='word_1_671' title='bbox 1462 4695 1495 4775; x_wconf 73' lang='grc' dir='ltr'>ᾗ</span> <span class='ocrx_word' id='word_1_672' title='bbox 1516 4702 1578 4754; x_wconf 83' lang='grc' dir='ltr'>οὐ</span> <span class='ocrx_word' id='word_1_673' title='bbox 1596 4701 1680 4755; x_wconf 83' lang='grc' dir='ltr'><strong>δεῖ</strong></span> <span class='ocrx_word' id='word_1_674' title='bbox 1699 4700 1869 4754; x_wconf 79' lang='grc' dir='ltr'>ἀκου-</span> 
     </span>
    </p>
   </div>
   <div class='ocr_carea' id='block_1_93' title="bbox 295 4791 1868 4873">
    <p class='ocr_par' dir='ltr' id='par_1_93' title="bbox 295 4791 1868 4873">
     <span class='ocr_line' id='line_1_94' title="bbox 295 4791 1868 4873; baseline -0.006 -18"><span class='ocrx_word' id='word_1_675' title='bbox 295 4802 488 4873; x_wconf 83' lang='grc' dir='ltr'>σθῆναι</span> <span class='ocrx_word' id='word_1_676' title='bbox 515 4800 748 4872; x_wconf 86' lang='grc' dir='ltr'>σφύραν.</span> <span class='ocrx_word' id='word_1_677' title='bbox 774 4799 964 4872; x_wconf 84' lang='grc' dir='ltr'>Σφύρα</span> <span class='ocrx_word' id='word_1_678' title='bbox 992 4798 1052 4852; x_wconf 81' lang='grc' dir='ltr'>δὲ</span> <span class='ocrx_word' id='word_1_679' title='bbox 1074 4799 1257 4869; x_wconf 84' lang='grc' dir='ltr'>πάσης</span> <span class='ocrx_word' id='word_1_680' title='bbox 1277 4797 1402 4869; x_wconf 86' lang='grc' dir='ltr'>γῆς,</span> <span class='ocrx_word' id='word_1_681' title='bbox 1425 4796 1454 4849; x_wconf 87' lang='grc' dir='ltr'>ὁ</span> <span class='ocrx_word' id='word_1_682' title='bbox 1473 4792 1718 4857; x_wconf 84' lang='grc' dir='ltr'>διάϐολος</span> <span class='ocrx_word' id='word_1_683' title='bbox 1736 4809 1750 4823; x_wconf 81' lang='grc'><em>’</em></span> <span class='ocrx_word' id='word_1_684' title='bbox 1771 4791 1868 4847; x_wconf 75' lang='grc' dir='ltr'>καὶ</span> 
     </span>
    </p>
   </div>
   <div class='ocr_carea' id='block_1_94' title="bbox 292 4886 1868 4968">
    <p class='ocr_par' dir='ltr' id='par_1_94' title="bbox 292 4886 1868 4968">
     <span class='ocr_line' id='line_1_95' title="bbox 292 4886 1868 4968; baseline -0.005 -21"><span class='ocrx_word' id='word_1_685' title='bbox 292 4894 440 4951; x_wconf 74' lang='grc' dir='ltr'>ἔστιν</span> <span class='ocrx_word' id='word_1_686' title='bbox 466 4897 496 4949; x_wconf 89' lang='grc' dir='ltr'><strong>ό</strong></span> <span class='ocrx_word' id='word_1_687' title='bbox 544 4894 620 4968; x_wconf 84' lang='grc' dir='ltr'>μὴ</span> <span class='ocrx_word' id='word_1_688' title='bbox 647 4892 948 4965; x_wconf 82' lang='grc' dir='ltr'>φροντίζων</span> <span class='ocrx_word' id='word_1_689' title='bbox 987 4892 1176 4963; x_wconf 83' lang='grc' dir='ltr'>αὐτῆς,</span> <span class='ocrx_word' id='word_1_690' title='bbox 1220 4890 1387 4945; x_wconf 77' lang='grc' dir='ltr'>οἱονεί</span> <span class='ocrx_word' id='word_1_691' title='bbox 1427 4905 1514 4952; x_wconf 88' lang='grc' dir='ltr'><strong>τις</strong></span> <span class='ocrx_word' id='word_1_692' title='bbox 1535 4886 1638 4957; x_wconf 77' lang='grc' dir='ltr'>ὕλη</span> <span class='ocrx_word' id='word_1_693' title='bbox 1669 4902 1868 4940; x_wconf 85' lang='grc' dir='ltr'>τυπτο-</span> 
     </span>
    </p>
   </div>
   <div class='ocr_carea' id='block_1_95' title="bbox 296 4977 1865 5060">
    <p class='ocr_par' dir='ltr' id='par_1_95' title="bbox 296 4977 1865 5060">
     <span class='ocr_line' id='line_1_96' title="bbox 296 4977 1865 5060; baseline -0.007 -19"><span class='ocrx_word' id='word_1_694' title='bbox 296 4988 431 5059; x_wconf 81' lang='grc' dir='ltr'>μένη</span> <span class='ocrx_word' id='word_1_695' title='bbox 469 4988 599 5060; x_wconf 83' lang='grc' dir='ltr'>παρ’</span> <span class='ocrx_word' id='word_1_696' title='bbox 627 4986 797 5057; x_wconf 80' lang='grc' dir='ltr'>αὐτῆς</span> <span class='ocrx_word' id='word_1_697' title='bbox 822 4985 914 5039; x_wconf 81' lang='grc' dir='ltr'>καὶ</span> <span class='ocrx_word' id='word_1_698' title='bbox 943 4982 1020 5056; x_wconf 80' lang='grc' dir='ltr'><strong>μή</strong></span> <span class='ocrx_word' id='word_1_699' title='bbox 1045 4983 1347 5053; x_wconf 90' lang='grc' dir='ltr'>πάσχουσα.</span> <span class='ocrx_word' id='word_1_700' title='bbox 1395 4997 1415 5032; x_wconf 80' lang='lat' dir='ltr'><strong>s</strong></span> <span class='ocrx_word' id='word_1_701' title='bbox 1437 4979 1568 5033; x_wconf 81' lang='grc' dir='ltr'>Ἰδοὺ</span> <span class='ocrx_word' id='word_1_702' title='bbox 1600 4977 1730 5049; x_wconf 82' lang='grc' dir='ltr'>γὰρ,</span> <span class='ocrx_word' id='word_1_703' title='bbox 1757 4991 1865 5046; x_wconf 83' lang='grc' dir='ltr'>φη·-</span> 
     </span>
    </p>
   </div>
   <div class='ocr_carea' id='block_1_96' title="bbox 293 5068 1863 5154">
    <p class='ocr_par' dir='ltr' id='par_1_96' title="bbox 293 5068 1863 5154">
     <span class='ocr_line' id='line_1_97' title="bbox 293 5068 1863 5154; baseline -0.009 -19"><span class='ocrx_word' id='word_1_704' title='bbox 293 5085 378 5138; x_wconf 75' lang='grc' dir='ltr'>σὶν</span> <span class='ocrx_word' id='word_1_705' title='bbox 414 5080 618 5154; x_wconf 80' lang='grc' dir='ltr'>’Δμὼς,</span> <span class='ocrx_word' id='word_1_706' title='bbox 648 5080 805 5151; x_wconf 63' lang='grc' dir='ltr'>«ἀνὴρ</span> <span class='ocrx_word' id='word_1_707' title='bbox 843 5074 1090 5149; x_wconf 71' lang='grc' dir='ltr'>ἑστηκὼς</span> <span class='ocrx_word' id='word_1_708' title='bbox 1123 5075 1218 5129; x_wconf 74' lang='grc' dir='ltr'><strong>ἐπὶ</strong></span> <span class='ocrx_word' id='word_1_709' title='bbox 1244 5073 1455 5145; x_wconf 84' lang='grc' dir='ltr'>τείχους</span> <span class='ocrx_word' id='word_1_710' title='bbox 1482 5068 1863 5142; x_wconf 83' lang='grc' dir='ltr'>ἀδαμαντίνου,</span> 
     </span>
    </p>
   </div>
   <div class='ocr_carea' id='block_1_97' title="bbox 186 5161 1864 5245">
    <p class='ocr_par' dir='ltr' id='par_1_97' title="bbox 186 5161 1864 5245">
     <span class='ocr_line' id='line_1_98' title="bbox 186 5161 1864 5245; baseline -0.011 -14"><span class='ocrx_word' id='word_1_711' title='bbox 186 5230 195 5239; x_wconf 82' lang='grc'><strong>,</strong></span> <span class='ocrx_word' id='word_1_712' title='bbox 294 5179 389 5230; x_wconf 81' lang='grc' dir='ltr'>καὶ</span> <span class='ocrx_word' id='word_1_713' title='bbox 414 5177 472 5229; x_wconf 83' lang='grc' dir='ltr'>ὲν</span> <span class='ocrx_word' id='word_1_714' title='bbox 496 5175 562 5245; x_wconf 82' lang='grc' dir='ltr'><strong>τῇ</strong></span> <span class='ocrx_word' id='word_1_715' title='bbox 599 5173 743 5245; x_wconf 72' lang='grc' dir='ltr'>χειρὶ</span> <span class='ocrx_word' id='word_1_716' title='bbox 767 5168 937 5225; x_wconf 78' lang='grc' dir='ltr'>αὐτοῦ</span> <span class='ocrx_word' id='word_1_717' title='bbox 973 5166 1218 5239; x_wconf 83' lang='grc' dir='ltr'>ἀδάμας·</span> <span class='ocrx_word' id='word_1_718' title='bbox 1243 5183 1263 5217; x_wconf 79' lang='grc' dir='ltr'><strong>ι</strong></span> <span class='ocrx_word' id='word_1_719' title='bbox 1297 5163 1358 5228; x_wconf 83' lang='grc' dir='ltr'>ὃς</span> <span class='ocrx_word' id='word_1_720' title='bbox 1395 5163 1611 5233; x_wconf 70' lang='grc' dir='ltr'>ἀδάμας</span> <span class='ocrx_word' id='word_1_721' title='bbox 1655 5162 1748 5215; x_wconf 82' lang='grc' dir='ltr'>ὑπ’</span> <span class='ocrx_word' id='word_1_722' title='bbox 1768 5161 1864 5214; x_wconf 77' lang='grc' dir='ltr'><strong>οὐ·</strong></span> 
     </span>
    </p>
   </div>
   <div class='ocr_carea' id='block_1_98' title="bbox 293 5250 1862 5341">
    <p class='ocr_par' dir='ltr' id='par_1_98' title="bbox 293 5250 1862 5341">
     <span class='ocr_line' id='line_1_99' title="bbox 293 5250 1862 5341; baseline -0.012 -18"><span class='ocrx_word' id='word_1_723' title='bbox 293 5270 483 5341; x_wconf 84' lang='grc' dir='ltr'>δεμίας</span> <span class='ocrx_word' id='word_1_724' title='bbox 528 5264 944 5338; x_wconf 87' lang='grc' dir='ltr'>συντριϐήσεται</span> <span class='ocrx_word' id='word_1_725' title='bbox 973 5261 1200 5333; x_wconf 86' lang='grc' dir='ltr'>σφύρας.</span> <span class='ocrx_word' id='word_1_726' title='bbox 1232 5256 1352 5313; x_wconf 81' lang='grc' dir='ltr'>Κᾶν</span> <span class='ocrx_word' id='word_1_727' title='bbox 1393 5255 1687 5325; x_wconf 75' lang='grc' dir='ltr'>ἐφεστήκει</span> <span class='ocrx_word' id='word_1_728' title='bbox 1730 5250 1862 5322; x_wconf 85' lang='grc' dir='ltr'>γοῦν</span> 
     </span>
    </p>
   </div>
   <div class='ocr_carea' id='block_1_99' title="bbox 294 5343 1862 5429">
    <p class='ocr_par' dir='ltr' id='par_1_99' title="bbox 294 5343 1862 5429">
     <span class='ocr_line' id='line_1_100' title="bbox 294 5343 1862 5429; baseline -0.013 -14"><span class='ocrx_word' id='word_1_729' title='bbox 294 5364 323 5415; x_wconf 91' lang='grc' dir='ltr'><strong>ό</strong></span> <span class='ocrx_word' id='word_1_730' title='bbox 347 5361 589 5424; x_wconf 86' lang='grc' dir='ltr'>διάϐολος</span> <span class='ocrx_word' id='word_1_731' title='bbox 622 5358 824 5429; x_wconf 88' lang='grc' dir='ltr'>σφύρα,</span> <span class='ocrx_word' id='word_1_732' title='bbox 867 5357 961 5409; x_wconf 73' lang='grc' dir='ltr'>καὶ</span> <span class='ocrx_word' id='word_1_733' title='bbox 997 5351 1350 5422; x_wconf 87' lang='grc' dir='ltr'>ὑποκείμενος</span> <span class='ocrx_word' id='word_1_734' title='bbox 1386 5351 1415 5402; x_wconf 86' lang='grc' dir='ltr'><strong>ό</strong></span> <span class='ocrx_word' id='word_1_735' title='bbox 1444 5347 1658 5418; x_wconf 87' lang='grc' dir='ltr'>δράκων</span> <span class='ocrx_word' id='word_1_736' title='bbox 1678 5343 1862 5416; x_wconf 83' lang='grc' dir='ltr'>ὥσπερ</span> 
     </span>
    </p>
   </div>
   <div class='ocr_carea' id='block_1_100' title="bbox 296 5433 1865 5526">
    <p class='ocr_par' dir='ltr' id='par_1_100' title="bbox 296 5433 1865 5526">
     <span class='ocr_line' id='line_1_101' title="bbox 296 5433 1865 5526; baseline -0.013 -16"><span class='ocrx_word' id='word_1_737' title='bbox 296 5456 487 5526; x_wconf 79' lang='grc' dir='ltr'>ἄκμων</span> <span class='ocrx_word' id='word_1_738' title='bbox 509 5452 794 5524; x_wconf 83' lang='grc' dir='ltr'>ἁνήλατος,</span> <span class='ocrx_word' id='word_1_739' title='bbox 832 5448 986 5503; x_wconf 79' lang='grc' dir='ltr'>οὐδὲν</span> <span class='ocrx_word' id='word_1_740' title='bbox 1007 5446 1037 5499; x_wconf 89' lang='grc' dir='ltr'><strong>ό</strong></span> <span class='ocrx_word' id='word_1_741' title='bbox 1062 5447 1120 5499; x_wconf 76' lang='grc' dir='ltr'>ἐν</span> <span class='ocrx_word' id='word_1_742' title='bbox 1143 5445 1211 5515; x_wconf 81' lang='grc' dir='ltr'>τῇ</span> <span class='ocrx_word' id='word_1_743' title='bbox 1241 5441 1387 5513; x_wconf 58' lang='grc' dir='ltr'><strong>χειρί⁵</strong></span> <span class='ocrx_word' id='word_1_744' title='bbox 1416 5437 1619 5509; x_wconf 84' lang='grc' dir='ltr'>Κυρίου</span> <span class='ocrx_word' id='word_1_745' title='bbox 1644 5435 1739 5490; x_wconf 77' lang='grc' dir='ltr'>καὶ</span> <span class='ocrx_word' id='word_1_746' title='bbox 1760 5433 1865 5489; x_wconf 79' lang='grc' dir='ltr'><strong>ὑπὸ</strong></span> 
     </span>
    </p>
   </div>
   <div class='ocr_carea' id='block_1_101' title="bbox 370 5640 2035 5739">
    <p class='ocr_par' dir='ltr' id='par_1_101' title="bbox 370 5640 2035 5739">
     <span class='ocr_line' id='line_1_102' title="bbox 370 5640 2035 5739; baseline -0.017 -15"><span class='ocrx_word' id='word_1_747' title='bbox 370 5671 415 5705; x_wconf 79' lang='grc'><strong>⁵³</strong></span> <span class='ocrx_word' id='word_1_748' title='bbox 443 5671 457 5723; x_wconf 85' lang='grc'><strong>1</strong></span> <span class='ocrx_word' id='word_1_749' title='bbox 483 5670 616 5739; x_wconf 75' lang='lat' dir='ltr'><strong>Reg.</strong></span> <span class='ocrx_word' id='word_1_750' title='bbox 645 5663 904 5739; x_wconf 41' lang='lat' dir='ltr'><strong>nuli.“</strong></span> <span class='ocrx_word' id='word_1_751' title='bbox 942 5658 1028 5739; x_wconf 56' lang='grc' dir='ltr'><strong>υξι</strong></span> <span class='ocrx_word' id='word_1_752' title='bbox 1054 5658 1183 5727; x_wconf 75' lang='lat' dir='ltr'><strong>Reg.</strong></span> <span class='ocrx_word' id='word_1_753' title='bbox 1212 5669 1325 5739; x_wconf 43' lang='lat' dir='ltr'><strong>xxi,</strong></span> <span class='ocrx_word' id='word_1_754' title='bbox 1352 5652 1404 5705; x_wconf 78' lang='lat'><strong>&#39;5.</strong></span> <span class='ocrx_word' id='word_1_755' title='bbox 1500 5648 1545 5681; x_wconf 79' lang='lat'>&quot;</span> <span class='ocrx_word' id='word_1_756' title='bbox 1572 5643 1781 5709; x_wconf 50' lang='lat' dir='ltr'><strong>ibidui.</strong></span> <span class='ocrx_word' id='word_1_757' title='bbox 1859 5643 1903 5675; x_wconf 78' lang='lat'>”</span> <span class='ocrx_word' id='word_1_758' title='bbox 1928 5640 2035 5697; x_wconf 86' lang='lat' dir='ltr'><strong>ibid</strong></span> 
     </span>
    </p>
   </div>
   <div class='ocr_carea' id='block_1_102' title="bbox 303 5726 1325 5811">
    <p class='ocr_par' dir='ltr' id='par_1_102' title="bbox 303 5726 1325 5811">
     <span class='ocr_line' id='line_1_103' title="bbox 303 5726 1325 5811; baseline -0.016 -15"><span class='ocrx_word' id='word_1_759' title='bbox 303 5742 349 5774; x_wconf 78' lang='grc'><strong>⁸⁸</strong></span> <span class='ocrx_word' id='word_1_760' title='bbox 373 5740 435 5795; x_wconf 87' lang='grc' dir='ltr'><strong>ΙΙΙ</strong></span> <span class='ocrx_word' id='word_1_761' title='bbox 467 5726 598 5811; x_wconf 64' lang='grc' dir='ltr'>ιιυεῖ</span> <span class='ocrx_word' id='word_1_762' title='bbox 632 5754 711 5805; x_wconf 86' lang='lat' dir='ltr'><strong>vt,</strong></span> <span class='ocrx_word' id='word_1_763' title='bbox 737 5737 791 5790; x_wconf 89' lang='grc'><strong>7.</strong></span> <span class='ocrx_word' id='word_1_764' title='bbox 866 5733 906 5765; x_wconf 80' lang='grc'>⁶¹</span> <span class='ocrx_word' id='word_1_765' title='bbox 947 5737 1112 5786; x_wconf 85' lang='lat' dir='ltr'><strong>Amos</strong></span> <span class='ocrx_word' id='word_1_766' title='bbox 1140 5726 1243 5791; x_wconf 32' lang='lat' dir='ltr'><strong>’vu,</strong></span> <span class='ocrx_word' id='word_1_767' title='bbox 1272 5726 1325 5780; x_wconf 88' lang='lat'><strong>7.</strong></span> 
     </span>
    </p>
   </div>
   <div class='ocr_carea' id='block_1_103' title="bbox 2595 4497 2916 4566">
    <p class='ocr_par' dir='ltr' id='par_1_103' title="bbox 2595 4497 2916 4566">
     <span class='ocr_line' id='line_1_104' title="bbox 2595 4497 2916 4566; baseline -0.006 -17"><span class='ocrx_word' id='word_1_768' title='bbox 2595 4497 2916 4566; x_wconf 75' lang='lat' dir='ltr'><strong>Regnorum.</strong></span> 
     </span>
    </p>
   </div>
   <div class='ocr_carea' id='block_1_104' title="bbox 2044 4577 3543 4653">
    <p class='ocr_par' dir='ltr' id='par_1_104' title="bbox 2044 4577 3543 4653">
     <span class='ocr_line' id='line_1_105' title="bbox 2044 4577 3543 4653; baseline -0.013 0"><span class='ocrx_word' id='word_1_769' title='bbox 2044 4597 2114 4653; x_wconf 88' lang='lat' dir='ltr'><strong>Et</strong></span> <span class='ocrx_word' id='word_1_770' title='bbox 2138 4593 2360 4650; x_wconf 79' lang='lat' dir='ltr'><strong>malleus</strong></span> <span class='ocrx_word' id='word_1_771' title='bbox 2385 4599 2433 4644; x_wconf 83' lang='lat' dir='ltr'><strong>et</strong></span> <span class='ocrx_word' id='word_1_772' title='bbox 2456 4589 2653 4644; x_wconf 76' lang='lat' dir='ltr'><strong>securis</strong></span> <span class='ocrx_word' id='word_1_773' title='bbox 2679 4599 2723 4640; x_wconf 85' lang='lat' dir='ltr'><strong>et</strong></span> <span class='ocrx_word' id='word_1_774' title='bbox 2757 4601 2906 4640; x_wconf 79' lang='lat' dir='ltr'><strong>omne</strong></span> <span class='ocrx_word' id='word_1_775' title='bbox 2935 4599 3028 4638; x_wconf 84' lang='lat' dir='ltr'><strong>uas</strong></span> <span class='ocrx_word' id='word_1_776' title='bbox 3072 4581 3300 4652; x_wconf 71' lang='lat' dir='ltr'><strong>ferreum</strong></span> <span class='ocrx_word' id='word_1_777' title='bbox 3332 4578 3399 4635; x_wconf 78' lang='lat'><strong>“.</strong></span> <span class='ocrx_word' id='word_1_778' title='bbox 3434 4577 3543 4634; x_wconf 92' lang='lat' dir='ltr'><strong>Do-</strong></span> 
     </span>
    </p>
   </div>
   <div class='ocr_carea' id='block_1_105' title="bbox 1972 4670 3540 4755">
    <p class='ocr_par' dir='ltr' id='par_1_105' title="bbox 1972 4670 3540 4755">
     <span class='ocr_line' id='line_1_106' title="bbox 1972 4670 3540 4755; baseline -0.015 -8"><span class='ocrx_word' id='word_1_779' title='bbox 1972 4706 2116 4755; x_wconf 88' lang='lat' dir='ltr'><strong>mus,</strong></span> <span class='ocrx_word' id='word_1_780' title='bbox 2141 4698 2227 4742; x_wconf 88' lang='lat' dir='ltr'><strong>est</strong></span> <span class='ocrx_word' id='word_1_781' title='bbox 2260 4683 2499 4740; x_wconf 85' lang='lat' dir='ltr'><strong>Ecclesia</strong></span> <span class='ocrx_word' id='word_1_782' title='bbox 2542 4680 2660 4743; x_wconf 88' lang='lat' dir='ltr'><strong>Dei,</strong></span> <span class='ocrx_word' id='word_1_783' title='bbox 2693 4678 2745 4732; x_wconf 92' lang='lat' dir='ltr'><strong>in</strong></span> <span class='ocrx_word' id='word_1_784' title='bbox 2792 4690 2899 4746; x_wconf 88' lang='lat' dir='ltr'><strong>qua</strong></span> <span class='ocrx_word' id='word_1_785' title='bbox 2946 4688 3052 4728; x_wconf 89' lang='lat' dir='ltr'><strong>non</strong></span> <span class='ocrx_word' id='word_1_786' title='bbox 3107 4670 3405 4725; x_wconf 87' lang='lat' dir='ltr'><strong>audiendus</strong></span> <span class='ocrx_word' id='word_1_787' title='bbox 3453 4678 3540 4725; x_wconf 83' lang='lat' dir='ltr'><strong>est</strong></span> 
     </span>
    </p>
   </div>
   <div class='ocr_carea' id='block_1_106' title="bbox 1973 4760 3539 4839">
    <p class='ocr_par' dir='ltr' id='par_1_106' title="bbox 1973 4760 3539 4839">
     <span class='ocr_line' id='line_1_107' title="bbox 1973 4760 3539 4839; baseline -0.014 -1"><span class='ocrx_word' id='word_1_788' title='bbox 1973 4782 2220 4839; x_wconf 89' lang='lat' dir='ltr'><strong>malleus.</strong></span> <span class='ocrx_word' id='word_1_789' title='bbox 2249 4775 2525 4832; x_wconf 64' lang='lat' dir='ltr'><strong>Universae</strong></span> <span class='ocrx_word' id='word_1_790' title='bbox 2556 4780 2733 4825; x_wconf 88' lang='lat' dir='ltr'><strong>autem</strong></span> <span class='ocrx_word' id='word_1_791' title='bbox 2768 4778 2924 4821; x_wconf 67' lang='lat' dir='ltr'><strong>terra:</strong></span> <span class='ocrx_word' id='word_1_792' title='bbox 2969 4763 3195 4818; x_wconf 87' lang='lat' dir='ltr'><strong>malleus</strong></span> <span class='ocrx_word' id='word_1_793' title='bbox 3235 4771 3315 4816; x_wconf 86' lang='lat' dir='ltr'><strong>est</strong></span> <span class='ocrx_word' id='word_1_794' title='bbox 3353 4760 3539 4817; x_wconf 89' lang='lat' dir='ltr'><strong>diabo-</strong></span> 
     </span>
    </p>
   </div>
   <div class='ocr_carea' id='block_1_107' title="bbox 1968 4855 3537 4944">
    <p class='ocr_par' dir='ltr' id='par_1_107' title="bbox 1968 4855 3537 4944">
     <span class='ocr_line' id='line_1_108' title="bbox 1968 4855 3537 4944; baseline -0.018 -9"><span class='ocrx_word' id='word_1_795' title='bbox 1968 4880 2087 4935; x_wconf 90' lang='lat' dir='ltr'><strong>lus:</strong></span> <span class='ocrx_word' id='word_1_796' title='bbox 2118 4877 2316 4944; x_wconf 87' lang='lat' dir='ltr'><strong>dequo</strong></span> <span class='ocrx_word' id='word_1_797' title='bbox 2342 4870 2434 4941; x_wconf 90' lang='lat' dir='ltr'><strong>qui</strong></span> <span class='ocrx_word' id='word_1_798' title='bbox 2459 4882 2566 4923; x_wconf 91' lang='lat' dir='ltr'><strong>non</strong></span> <span class='ocrx_word' id='word_1_799' title='bbox 2608 4873 2784 4927; x_wconf 88' lang='lat' dir='ltr'><strong>curat,</strong></span> <span class='ocrx_word' id='word_1_800' title='bbox 2809 4870 2891 4915; x_wconf 87' lang='lat' dir='ltr'><strong>est</strong></span> <span class='ocrx_word' id='word_1_801' title='bbox 2920 4858 3085 4913; x_wconf 89' lang='lat' dir='ltr'><strong>veluti</strong></span> <span class='ocrx_word' id='word_1_802' title='bbox 3118 4855 3346 4910; x_wconf 86' lang='lat' dir='ltr'><strong>materia</strong></span> <span class='ocrx_word' id='word_1_803' title='bbox 3389 4870 3537 4923; x_wconf 79' lang='lat' dir='ltr'><strong>qua:-</strong></span> 
     </span>
    </p>
   </div>
   <div class='ocr_carea' id='block_1_108' title="bbox 1972 4944 3541 5037">
    <p class='ocr_par' dir='ltr' id='par_1_108' title="bbox 1972 4944 3541 5037">
     <span class='ocr_line' id='line_1_109' title="bbox 1972 4944 3541 5037; baseline -0.018 -12"><span class='ocrx_word' id='word_1_804' title='bbox 1972 4972 2096 5026; x_wconf 90' lang='lat' dir='ltr'><strong>dam</strong></span> <span class='ocrx_word' id='word_1_805' title='bbox 2124 4981 2245 5037; x_wconf 66' lang='lat' dir='ltr'><strong>quae</strong></span> <span class='ocrx_word' id='word_1_806' title='bbox 2268 4962 2338 5017; x_wconf 90' lang='lat' dir='ltr'><strong>ab</strong></span> <span class='ocrx_word' id='word_1_807' title='bbox 2359 4962 2475 5031; x_wconf 91' lang='lat' dir='ltr'><strong>ipso</strong></span> <span class='ocrx_word' id='word_1_808' title='bbox 2502 4954 2800 5028; x_wconf 85' lang='lat' dir='ltr'><strong>percutitur</strong></span> <span class='ocrx_word' id='word_1_809' title='bbox 2827 4961 2882 5007; x_wconf 90' lang='lat' dir='ltr'><strong>et</strong></span> <span class='ocrx_word' id='word_1_810' title='bbox 2905 4948 3038 5003; x_wconf 85' lang='lat' dir='ltr'><strong>nihil</strong></span> <span class='ocrx_word' id='word_1_811' title='bbox 3064 4946 3270 5016; x_wconf 88' lang='lat' dir='ltr'><strong>patitur</strong></span> <span class='ocrx_word' id='word_1_812' title='bbox 3311 4961 3327 4998; x_wconf 87' lang='lat'><strong>:</strong></span> <span class='ocrx_word' id='word_1_813' title='bbox 3355 4962 3375 4995; x_wconf 76' lang='grc' dir='ltr'><strong>ι</strong></span> <span class='ocrx_word' id='word_1_814' title='bbox 3398 4944 3541 5037; x_wconf 78' lang='lat' dir='ltr'><strong>Ecce</strong></span> 
     </span>
    </p>
   </div>
   <div class='ocr_carea' id='block_1_109' title="bbox 1969 5033 3539 5124">
    <p class='ocr_par' dir='ltr' id='par_1_109' title="bbox 1969 5033 3539 5124">
     <span class='ocr_line' id='line_1_110' title="bbox 1969 5033 3539 5124; baseline -0.018 -9"><span class='ocrx_word' id='word_1_815' title='bbox 1969 5033 2158 5122; x_wconf 44' lang='lat' dir='ltr'><strong>enim;</strong></span> <span class='ocrx_word' id='word_1_816' title='bbox 2177 5052 2350 5124; x_wconf 88' lang='lat' dir='ltr'><strong>inquit</strong></span> <span class='ocrx_word' id='word_1_817' title='bbox 2371 5050 2538 5104; x_wconf 84' lang='lat' dir='ltr'><strong>Amos</strong></span> <span class='ocrx_word' id='word_1_818' title='bbox 2560 5046 2629 5111; x_wconf 77' lang='grc'><strong>⁸⁸,</strong></span> <span class='ocrx_word' id='word_1_819' title='bbox 2656 5046 2743 5099; x_wconf 90' lang='lat' dir='ltr'><strong>vir</strong></span> <span class='ocrx_word' id='word_1_820' title='bbox 2760 5040 2940 5098; x_wconf 87' lang='lat' dir='ltr'><strong>stabat</strong></span> <span class='ocrx_word' id='word_1_821' title='bbox 2972 5052 3136 5109; x_wconf 84' lang='lat' dir='ltr'><strong>super</strong></span> <span class='ocrx_word' id='word_1_822' title='bbox 3169 5050 3379 5091; x_wconf 91' lang='lat' dir='ltr'><strong>murum</strong></span> <span class='ocrx_word' id='word_1_823' title='bbox 3409 5033 3539 5088; x_wconf 78' lang='lat' dir='ltr'><strong>ada-</strong></span> 
     </span>
    </p>
   </div>
   <div class='ocr_carea' id='block_1_110' title="bbox 1970 5126 3539 5206">
    <p class='ocr_par' dir='ltr' id='par_1_110' title="bbox 1970 5126 3539 5206">
     <span class='ocr_line' id='line_1_111' title="bbox 1970 5126 3539 5206; baseline -0.017 0"><span class='ocrx_word' id='word_1_824' title='bbox 1970 5149 2270 5206; x_wconf 86' lang='lat' dir='ltr'><strong>mantinum</strong></span> <span class='ocrx_word' id='word_1_825' title='bbox 2306 5151 2403 5198; x_wconf 88' lang='lat' dir='ltr'><strong>:et</strong></span> <span class='ocrx_word' id='word_1_826' title='bbox 2441 5141 2498 5195; x_wconf 89' lang='lat' dir='ltr'><strong>in</strong></span> <span class='ocrx_word' id='word_1_827' title='bbox 2535 5153 2695 5193; x_wconf 82' lang='lat' dir='ltr'><strong>manu</strong></span> <span class='ocrx_word' id='word_1_828' title='bbox 2714 5134 2829 5204; x_wconf 85' lang='lat' dir='ltr'><strong>ejus</strong></span> <span class='ocrx_word' id='word_1_829' title='bbox 2850 5132 3103 5195; x_wconf 86' lang='lat' dir='ltr'><strong>adamas;</strong></span> <span class='ocrx_word' id='word_1_830' title='bbox 3142 5147 3163 5181; x_wconf 78' lang='grc' dir='ltr'><strong>ι</strong></span> <span class='ocrx_word' id='word_1_831' title='bbox 3190 5128 3279 5197; x_wconf 92' lang='lat' dir='ltr'><strong>qui</strong></span> <span class='ocrx_word' id='word_1_832' title='bbox 3314 5126 3539 5180; x_wconf 83' lang='lat' dir='ltr'><strong>adamas</strong></span> 
     </span>
    </p>
   </div>
   <div class='ocr_carea' id='block_1_111' title="bbox 1969 5218 3540 5297">
    <p class='ocr_par' dir='ltr' id='par_1_111' title="bbox 1969 5218 3540 5297">
     <span class='ocr_line' id='line_1_112' title="bbox 1969 5218 3540 5297; baseline -0.017 0"><span class='ocrx_word' id='word_1_833' title='bbox 1969 5258 2001 5297; x_wconf 79' lang='grc' dir='ltr'><strong>ιι</strong></span> <span class='ocrx_word' id='word_1_834' title='bbox 2032 5240 2179 5296; x_wconf 88' lang='lat' dir='ltr'><strong>nullo</strong></span> <span class='ocrx_word' id='word_1_835' title='bbox 2204 5235 2401 5292; x_wconf 88' lang='lat' dir='ltr'><strong>malleo</strong></span> <span class='ocrx_word' id='word_1_836' title='bbox 2448 5238 2784 5287; x_wconf 89' lang='lat' dir='ltr'><strong>conteretur.</strong></span> <span class='ocrx_word' id='word_1_837' title='bbox 2840 5222 3102 5292; x_wconf 86' lang='lat' dir='ltr'><strong>Quamvis</strong></span> <span class='ocrx_word' id='word_1_838' title='bbox 3154 5221 3319 5289; x_wconf 80' lang='lat' dir='ltr'><strong>igitur</strong></span> <span class='ocrx_word' id='word_1_839' title='bbox 3368 5218 3540 5271; x_wconf 84' lang='lat' dir='ltr'><strong>instet</strong></span> 
     </span>
    </p>
   </div>
   <div class='ocr_carea' id='block_1_112' title="bbox 1969 5305 3540 5388">
    <p class='ocr_par' dir='ltr' id='par_1_112' title="bbox 1969 5305 3540 5388">
     <span class='ocr_line' id='line_1_113' title="bbox 1969 5305 3540 5388; baseline -0.018 0"><span class='ocrx_word' id='word_1_840' title='bbox 1969 5331 2221 5388; x_wconf 88' lang='lat' dir='ltr'><strong>diabolus</strong></span> <span class='ocrx_word' id='word_1_841' title='bbox 2243 5325 2491 5388; x_wconf 87' lang='lat' dir='ltr'><strong>malleus,</strong></span> <span class='ocrx_word' id='word_1_842' title='bbox 2511 5331 2567 5376; x_wconf 90' lang='lat' dir='ltr'><strong>et</strong></span> <span class='ocrx_word' id='word_1_843' title='bbox 2588 5318 2864 5387; x_wconf 82' lang='lat' dir='ltr'><strong>subjectus</strong></span> <span class='ocrx_word' id='word_1_844' title='bbox 2901 5314 3065 5367; x_wconf 84' lang='lat' dir='ltr'><strong>draco</strong></span> <span class='ocrx_word' id='word_1_845' title='bbox 3088 5319 3344 5377; x_wconf 87' lang='lat' dir='ltr'><strong>tanquam</strong></span> <span class='ocrx_word' id='word_1_846' title='bbox 3382 5305 3540 5360; x_wconf 85' lang='lat' dir='ltr'><strong>incus</strong></span> 
     </span>
    </p>
   </div>
   <div class='ocr_carea' id='block_1_113' title="bbox 1970 5393 3538 5491">
    <p class='ocr_par' dir='ltr' id='par_1_113' title="bbox 1970 5393 3538 5491">
     <span class='ocr_line' id='line_1_114' title="bbox 1970 5393 3538 5491; baseline -0.024 -7"><span class='ocrx_word' id='word_1_847' title='bbox 1970 5424 2231 5484; x_wconf 85' lang='lat' dir='ltr'><strong>indomita</strong></span> <span class='ocrx_word' id='word_1_848' title='bbox 2254 5459 2270 5486; x_wconf 88' lang='lat'><strong>,</strong></span> <span class='ocrx_word' id='word_1_849' title='bbox 2304 5417 2393 5491; x_wconf 88' lang='lat' dir='ltr'><strong>qui</strong></span> <span class='ocrx_word' id='word_1_850' title='bbox 2423 5416 2475 5471; x_wconf 89' lang='lat' dir='ltr'><strong>in</strong></span> <span class='ocrx_word' id='word_1_851' title='bbox 2514 5425 2673 5467; x_wconf 89' lang='lat' dir='ltr'><strong>manu</strong></span> <span class='ocrx_word' id='word_1_852' title='bbox 2726 5405 2821 5461; x_wconf 87' lang='lat' dir='ltr'><strong>Dei</strong></span> <span class='ocrx_word' id='word_1_853' title='bbox 2860 5411 2946 5459; x_wconf 89' lang='lat' dir='ltr'><strong>est</strong></span> <span class='ocrx_word' id='word_1_854' title='bbox 2977 5411 3032 5457; x_wconf 90' lang='lat' dir='ltr'><strong>et</strong></span> <span class='ocrx_word' id='word_1_855' title='bbox 3060 5400 3160 5455; x_wconf 89' lang='lat' dir='ltr'><strong>sub</strong></span> <span class='ocrx_word' id='word_1_856' title='bbox 3196 5393 3538 5468; x_wconf 81' lang='lat' dir='ltr'><strong>providentia</strong></span> 
     </span>
    </p>
   </div>
   <div class='ocr_carea' id='block_1_114' title="bbox 2043 5598 3534 5699">
    <p class='ocr_par' dir='ltr' id='par_1_114' title="bbox 2043 5598 3534 5699">
     <span class='ocr_line' id='line_1_115' title="bbox 2043 5598 3534 5699; baseline -0.025 -5"><span class='ocrx_word' id='word_1_857' title='bbox 2043 5678 2055 5693; x_wconf 93' lang='lat'><strong>.</strong></span> <span class='ocrx_word' id='word_1_858' title='bbox 2081 5640 2134 5692; x_wconf 75' lang='grc' dir='ltr'>Ἰ.</span> <span class='ocrx_word' id='word_1_859' title='bbox 2211 5635 2253 5667; x_wconf 85' lang='grc'><strong>⁵⁷</strong></span> <span class='ocrx_word' id='word_1_860' title='bbox 2278 5633 2296 5687; x_wconf 94' lang='lat' dir='ltr'><strong>l</strong></span> <span class='ocrx_word' id='word_1_861' title='bbox 2321 5631 2452 5699; x_wconf 66' lang='lat' dir='ltr'><strong>Reg.</strong></span> <span class='ocrx_word' id='word_1_862' title='bbox 2481 5641 2616 5692; x_wconf 71' lang='lat' dir='ltr'><strong>1X&quot;,</strong></span> <span class='ocrx_word' id='word_1_863' title='bbox 2641 5619 2691 5676; x_wconf 84' lang='lat'><strong>6.</strong></span> <span class='ocrx_word' id='word_1_864' title='bbox 2757 5618 2803 5651; x_wconf 81' lang='grc'><strong>⁸⁸</strong></span> <span class='ocrx_word' id='word_1_865' title='bbox 2827 5617 2864 5672; x_wconf 95' lang='lat' dir='ltr'><strong>ll</strong></span> <span class='ocrx_word' id='word_1_866' title='bbox 2891 5614 3018 5684; x_wconf 78' lang='lat' dir='ltr'><strong>Reg.</strong></span> <span class='ocrx_word' id='word_1_867' title='bbox 3047 5625 3098 5675; x_wconf 76' lang='grc' dir='ltr'><strong>ν,</strong></span> <span class='ocrx_word' id='word_1_868' title='bbox 3123 5608 3179 5664; x_wconf 84' lang='grc'><strong>6.</strong></span> <span class='ocrx_word' id='word_1_869' title='bbox 3254 5605 3300 5640; x_wconf 83' lang='grc'><strong><em>⁵⁹</em></strong></span> <span class='ocrx_word' id='word_1_870' title='bbox 3324 5602 3453 5659; x_wconf 86' lang='lat' dir='ltr'><strong>ibid.</strong></span> <span class='ocrx_word' id='word_1_871' title='bbox 3477 5598 3534 5656; x_wconf 74' lang='lat'><strong>3.</strong></span> 
     </span>
    </p>
   </div>
  </div>
