4046 6152
514 242 621 297 995

1951 238 2275 294 ORIGENIS

3659 243 3771 298 990

513 359 634 427 ejus
664 359 904 423 adamas,
935 373 1039 412 non
1067 359 1242 413 cadet.
1283 358 1466 412 Murus
1491 357 1632 411 enim
1667 348 2044 411 adatnaminns
2070 400 2084 424 ,

2194 359 2288 428 τὴν
2331 359 2634 429 ἐπισκοπὴν
2665 359 2828 413 αὑτοῦ
2861 360 3079 431 ἀδάμας
3118 359 3383 411 πεσεῖται.
3430 359 3618 429 Τεῖχος
3656 358 3772 432 γὰρ

515 452 606 519 qui
644 451 694 504 in
725 466 882 503 manu
910 449 1001 502 Dei
1035 451 1464 518 imperturbatus
1497 457 1696 514 manet,
1728 459 1807 502 est
1833 459 2079 512 sanctus,

516 539 642 594 licet
667 542 870 593 medius
908 540 1346 607 apprehendatur
1375 542 1512 594 inter
1544 540 1792 594 malleum
1849 549 1906 594 et
1960 542 2084 594 dra-

513 645 728 690 eonem.
766 633 981 697 Quanto
1013 632 1242 697 amplius
1298 634 1627 700 verberatur,
1673 642 1824 687 tanto
1885 633 2086 689 clarior

515 723 685 778 virtus
727 724 843 791 ejus
866 725 1070 781 evadit.
1107 725 1360 780 Diabolus
1408 728 1553 780 enim
1599 736 1658 780 ut
1713 727 1802 795 qui
1847 725 2084 795 lapidum

518 815 724 884 ignorat
756 824 1026 877 naturam,
1055 815 1236 870 multis
1260 817 1458 870 ictibus
1482 819 1678 886 probat
1708 832 1833 872 eum
1882 817 1975 885 qui
2000 825 2086 872 est

513 923 611 961 ceu
641 908 861 961 adamas
885 915 939 961 et
964 905 1117 973 cujus
1140 909 1288 960 solus
1322 909 1462 962 Deus
1488 918 1737 960 naturam
1773 907 1939 960 novit.

583 1015 668 1072 Ea:
717 1021 1110 1072 commentariis
1152 1017 1392 1088 Origenis
1433 1021 1490 1072 in
1535 1019 1728 1072 librant
1782 1027 2028 1088 quartum

1149 1089 1464 1158 Regnorum.

592 1178 724 1234 Ecce
762 1191 938 1234 autem
986 1198 1099 1234 cum
1148 1184 1324 1237 pueris
1377 1182 1478 1234 tuis
1534 1181 1921 1250 quinquaginta
1968 1179 2088 1240 viri,

517 1271 618 1340 ﬁlii
647 1274 849 1326 virtutis
881 1275 946 1325 θ’.
993 1272 1244 1327 Christus
1274 1274 1462 1336 virtus,
1495 1273 1598 1325 diei
1623 1273 1761 1326 ﬁlios
1791 1273 1938 1332 facit,
1962 1282 2016 1324 et
2041 1270 2090 1323 si

518 1367 640 1433 quis
667 1375 747 1419 est
767 1368 847 1419 vir
870 1368 1106 1430 virtutis,
1143 1367 1285 1421 tilius
1310 1366 1511 1420 Christi
1537 1375 1640 1422 est.
1669 1358 2087 1421 Accidit'autem

519 1467 580 1510 ut
605 1472 725 1524 quae
755 1459 855 1511 sub
879 1457 1101 1512 Christo
1136 1468 1263 1511 sunt
1322 1458 1554 1511 virtutes
1622 1458 1762 1512 tilios
1817 1466 2090 1526 nequeant

519 1547 734 1615 facere;
781 1549 826 1604 si
858 1561 1034 1604 autem
1065 1549 1286 1616 faciunt,
1323 1559 1378 1602 at
1409 1549 1580 1604 solum
1609 1549 1864 1604 infantes.

2184 450 2213 500 ὁ
2250 449 2402 516 ἅγιος
2432 449 2807 520 ἀδαμάντινον,
2831 453 2924 504 καὶ
2953 453 3007 502 ὲν
3035 451 3178 520 χειρὶ
3201 449 3406 520 Κυρίου
3437 451 3595 519 μένον
3625 451 3773 502 ἀπι-

2187 538 2298 602 θὲς.
2323 539 2429 591 κᾶν
2458 543 2621 610 μέσος
2653 541 2829 612 ληφθῇ
2853 542 2950 610 τῆς
2983 557 3042 593 τε
3069 541 3279 610 σφύρας
3301 541 3510 594 καὶτοῦ
3541 541 3776 612 δράκον-

2185 648 2294 694 τος.
2328 632 2475 700 Ὂσῳ
2505 631 2560 683 δὲ
2584 631 2870 696 τύπτεται,
2907 632 3288 703 λαμπροτέραν
3319 631 3485 684 αὑτοῦ
3515 634 3618 704 τὴν
3644 634 3779 704 ἀρε-

2187 722 2284 792 τὴν
2319 723 2589 776 ἐπιδείκνυ
2598 742 2668 780 σι.
2706 726 2763 776 '0
2783 725 2891 796 γὰρ
2913 725 3154 789 διάϐολος
3174 721 3263 780 οἷὰ
3277 743 3361 788 τις
3380 724 3540 778 λίθων
3559 725 3777 793 ἀγνοῶν

2192 811 2370 880 φύσιν,
2419 812 2506 865 διὰ
2534 813 2743 866 πολλῶν
2768 813 3052 884 δοκιμάζει
3099 815 3342 885 πληγῶν,
3373 815 3465 867 τὸν
3505 811 3619 868 οἷον
3642 815 3776 868 ἁ.δὰ-

2195 922 2388 976 μαντα,
2422 905 2555 958 Θεοῦ
2590 906 2750 976 μόνου
2779 907 2876 978 τὴν
2906 909 3096 962 τούτου
3132 908 3294 978 φύσιν
3325 908 3548 970 εξδὰεος,

2206 1018 2306 1072 Ἐκ
2339 1018 2459 1089 τῷν
2503 1017 2833 1088 Ὠριτένους
2869 1023 2954 1144 εές
2991 1019 3105 1099 {ipe
3129 1021 3416 1090 τετάρτην
3444 1017 3564 1076 τῶν
3590 1021 3792 1076 Βασι-’
3829 1039 3832 1042 ·

2931 1108 3087 1144 ειων.

2931 1108 3087 1144 ειων.

2281 1182 2424 1237 Ἰδοὺ
2464 1183 2532 1236 δὲ
2572 1182 2724 1253 μετὰ
2757 1181 2876 1234 τῶν
2913 1182 3142 1236 παίδων
3157 1177 3290 1236 ’σοὺ
3331 1181 3379 1236 ν’
3405 1183 3625 1250 ἄνδρες
3662 1184 3780 1236 υἱοὶ
3868 1236 3875 1243 ,

2195 1273 2520 1344 δυνάμεως.
2581 1276 2815 1347 Χριστὸς
2857 1275 3104 1344 δύναμις,
3144 1275 3356 1345 ἡμέρας
3399 1275 3548 1337 υἱοὺς
3598 1279 3772 1326 ποιεῖ·

2194 1368 2287 1419 καὶ
2313 1368 2363 1419 εἴ
2389 1385 2471 1430 τις
2506 1368 2651 1420 ἐστὶν
2688 1368 2827 1438 ἀνὴρ
2859 1366 3156 1435 δυνάμεως,
3195 1366 3340 1418 ἐστὶν
3367 1368 3477 1429 υἱὸς
3513 1365 3774 1437 Χριστοῦ.

2192 1459 2330 1511 Ποτὲ
2354 1459 2410 1512 δὲ
2439 1462 2586 1523 υἱοὺς
2617 1461 2788 1511 ποιεῖν
2823 1460 2878 1510 αἱ
2915 1459 3019 1511 ὑπὸ
3042 1459 3274 1529 Χριστὸν
3315 1457 3578 1528 δυνάμεις
3604 1459 3666 1510 οὐ
3697 1456 3777 1510 δύ·

2192 1568 2398 1607 νανται.
2442 1553 2502 1605 Εἰ
2532 1552 2586 1604 δὲ
2624 1552 2716 1604 καὶ
2748 1551 3017 1614 ποιοῦσιν,
3043 1551 3175 1604 ἀλλὰ
3206 1551 3451 1620 νηπίους.

761 1866 1340 1960 ORIGENIS
1409 1867 1987 1962 HOMILI/E
2065 1869 2193 1959 IN
2272 1871 2738 1962 LIBRUM
2818 1869 3532 1965 REGNORUM.

2092 2067 2160 2080 μ...

1030 2213 1310 2270 "0Mle
1359 2215 1590 2271 PRIMA.

518 2307 598 2366 De
621 2307 890 2364 "elclmna
945 2317 990 2360 et
1055 2306 1360 2370 l’henemm,
1417 2320 1464 2361 et
1517 2310 1670 2362 Anna
1721 2318 1769 2363 et
1822 2309 2092 2376 Samuele,

931 2377 1076 2443 Heli,
1105 2389 1151 2431 et
1179 2376 1351 2446 Opimi
1373 2390 1418 2431 et
1448 2379 1692 2434 Pltinees.

592 2495 642 2549 1.
666 2495 781 2549 Non
815 2502 942 2547 tunc
980 2491 1356 2545 tantummodo
1383 2491 1522 2547 Deus
1562 2493 1826 2562 plantavit
1879 2493 2097 2563 paradi-

529 2601 678 2651 sum,
709 2586 803 2640 scd
844 2585 1018 2638 donec
1063 2591 1173 2636 stat
1201 2579 1308 2633 vita
1350 2583 1684 2648 mortalium,
1741 2585 1913 2639 donec
1953 2583 2100 2639 salus

524 2679 804 2734 hominum
839 2676 1034 2730 divinis
1065 2673 1496 2728 institutionibus
1541 2685 1862 2744 procuratur
1886 2716 1900 2740 ,
1959 2691 2100 2731 sem-

524 2785 630 2839 per
671 2770 808 2822 tium
847 2785 908 2822 ea
941 2785 1060 2837 qua:
1097 2769 1227 2837 justi
1273 2784 1372 2824 vox
1409 2778 1530 2824 orat
1578 2768 1630 2821 in
1683 2767 1935 2834 Psalmis,
1974 2785 2096 2823 cum

519 2864 656 2917 dicit
687 2863 731 2894 ⁸⁸
759 2879 773 2914 :
813 2882 830 2912 ι
860 2861 1124 2916 lnduccns
1153 2865 1336 2933 planta
1366 2877 1459 2917 eos
1497 2862 1549 2914 in
1595 2871 1777 2915 monte
1807 2862 2094 2915 haeredita-

521 2953 592 3005 tis
623 2961 775 3004 tuae.»
803 2950 955 3005 Unde
988 2961 1043 3003 et
1064 2966 1254 3005 omnes
1282 2965 1506 3004 oramus
1529 2963 1650 3003 esse
1679 2950 1942 3018 plantatio
1967 2950 2092 3003 Dei:

521 3044 648 3114 quia
672 3044 717 3096 si
743 3043 863 3112 quis
885 3057 990 3096 non
1013 3042 1177 3096 fuerit
1204 3042 1469 3110 plantatio
1498 3041 1613 3105 Dei,
1638 3043 1906 3096 sententia
1931 3041 2097 3096 semel

521 3153 553 3192 a
609 3136 790 3204 judice
845 3134 1088 3188 omnium
1143 3133 1428 3188 Salvatore
1481 3143 1664 3187 nostro
1730 3133 1833 3186 lata
1887 3142 1970 3186 est
2022 3131 2099 3184 di-

516 3243 654 3287 cens
676 3227 720 3258 “
749 3245 764 3281 :
801 3245 820 3277 ‹
865 3227 1056 3280 Omnis
1080 3225 1339 3293 plantatio
1371 3241 1533 3293 quam
1564 3239 1668 3278 non
1705 3223 1968 3294 plantavit
1998 3222 2097 3275 Pa-

523 3331 606 3375 ter
640 3333 791 3373 meus
816 3317 1074 3384 ctelestis,
1107 3317 1494 3372 eradicabitur.
1552 3335 1570 3368 ι
1629 3316 1768 3369 Deus
1790 3330 1918 3384 ergo
1947 3317 2100 3384 plan-

519 3419 624 3478 tat,
656 3421 710 3466 et
734 3409 1083 3478 estquzedam
1121 3411 1336 3479 propria
1366 3409 1459 3463 Dei
1503 3408 1858 3478 agricultura,
1895 3416 1950 3461 et
2002 3422 2096 3461 ne-

519 3516 676 3558 cesse
703 3511 788 3556 est
809 3501 954 3569 quod
979 3516 1111 3570 ager
1145 3500 1234 3554 ille
1259 3515 1420 3569 quem
1458 3499 1601 3554 Deus
1623 3499 1748 3553 colit
1777 3509 1829 3553 et
1862 3499 2092 3567 plantat,

527 3609 632 3648 non
661 3609 820 3646 unam
857 3593 1054 3647 habeat
1089 3593 1346 3646 arborum
1393 3594 1655 3660 Speciem,
1689 3590 1780 3644 sed
1836 3600 2090 3658 tanquam
2119 3577 2161 3634 C

521 3701 615 3740 rus
642 3684 826 3739 divitis
851 3693 905 3739 et
939 3686 1174 3754 potentis
1214 3685 1466 3753 agricola:
1495 3685 1561 3738 de
1587 3683 1829 3737 omnium
1875 3683 1943 3735 stt
1975 3681 2085 3734 vir-

521 3776 794 3846 gultorum
830 3791 1029 3844 genere
1060 3776 1343 3830 refertum.
1397 3776 1674 3843 Quomodo
1699 3783 1876 3828 autem
1911 3765 2109 3826 omnia

529 3867 839 3923 habeantur
869 3869 921 3922 in
961 3883 1092 3938 agro
1126 3869 1242 3933 Dei,
1273 3869 1680 3924 consideremus
1703 3881 1767 3920 ex
1796 3866 1950 3935 hujus
1981 3873 2092 3919 ter-

519 3975 595 4016 ra:
620 3963 764 4030 agris
793 3975 930 4028 quos
963 3961 1206 4015 homines
1241 3961 1442 4015 colunt.
1476 3959 1728 4025 Nunquid
1753 3960 1802 4012 in
1834 3973 1964 4027 agro
1991 3972 2094 4011 suo

518 4051 904 4124 paterfamilias
936 4052 1173 4120 agricola
1207 4063 1374 4107 totum
1403 4053 1588 4106 vincas
1621 4051 1820 4116 habet,
1866 4056 1959 4103 aut
2013 4057 2092 4101 to-

520 4154 636 4201 tum
663 4146 818 4212 ﬁcus,
852 4154 943 4199 aut
981 4155 1151 4200 totum
1178 4146 1342 4210 mala,
1367 4147 1452 4200 vel
1480 4144 1724 4215 palmas?
1755 4143 1862 4198 Sed
1889 4142 1981 4211 qui
2011 4143 2092 4196 di-

519 4237 692 4308 ligens
711 4247 766 4292 et
803 4238 1106 4291 industrius
1153 4246 1236 4291 est
1286 4238 1529 4302 colonus,
1578 4252 1644 4291 ex
1702 4235 1787 4290 his
1834 4235 2088 4289 omnibus

518 4346 706 4399 agrum
731 4330 998 4383 consitum
1025 4329 1185 4382 habet
1204 4339 1258 4382 et
1288 4328 1568 4386 refertum.
1609 4329 1701 4382 Sic
1731 4341 1862 4395 ergo
1892 4324 2090 4378 intelli-

518 4439 706 4492 gamus
743 4424 875 4477 etin
913 4437 980 4477 eo
1008 4435 1137 4492 agro
1165 4436 1322 4490 quem
1370 4422 1512 4475 Deus
1534 4422 1764 4491 plantat,
1806 4420 1931 4488 quia
1981 4434 2083 4473 non

516 4533 621 4570 una
652 4517 765 4572 sola
791 4518 1047 4571 arborum
1079 4517 1286 4583 species
1334 4527 1435 4580 est,
1469 4532 1591 4585 qua:
1646 4526 1856 4570 tantum
1908 4514 2087 4569 dulcia

521 4609 864 4680 feratpoma,
893 4610 985 4663 sed
1011 4609 1185 4678 aliqua
1212 4610 1416 4674 dulcia,
1462 4610 1638 4677 aliqua
1676 4620 1915 4672 austera,
1976 4618 2088 4658 suae

517 4709 698 4754 tamen
734 4702 1159 4771 unumquodque
1189 4702 1437 4755 utilitatis
1463 4713 1516 4754 et
1538 4701 1723 4770 gratia:
1753 4698 1888 4769 (90).
1915 4696 2088 4750 Nolite

513 4803 646 4861 ergo
683 4792 740 4845 iu
765 4794 923 4848 nobis
963 4795 1092 4848 illud
1131 4795 1429 4859 requirere,
1477 4792 1618 4861 quod
1660 4791 1710 4843 in
1751 4806 1883 4859 papa
1924 4787 2086 4859 482

517 4883 828 4940 Alexandro
864 4883 976 4956 (9t)
1013 4885 1239 4940 habetis.
1266 4883 1524 4938 Fatemur
1546 4882 1690 4937 enim
1731 4882 1872 4950 quod
1894 4894 2083 4936 omnes

513 4993 611 5031 nos
632 4987 854 5046 superat
885 4979 937 5031 in
989 4978 1160 5048 gratia
1211 4975 1470 5030 lenitatis.
1509 4973 1677 5042 Cujus
1717 4975 1902 5044 gratia:
1972 4990 2077 5028 non

512 5070 656 5125 solus
687 5086 786 5140 ego
819 5069 1138 5140 praedicator
1173 5056 1404 5131 exsisto,
1451 5068 1542 5122 sed
1587 5082 1684 5122 vos
1742 5081 1931 5120 omnes
1980 5082 2078 5120 ex.

511 5163 646 5232 perti
668 5165 990 5233 cognoscitis
1011 5172 1066 5218 et
1092 5163 1329 5232 probatis
1372 5161 1436 5215 Et
1460 5161 1579 5215 ideo
1595 5157 1834 5227 ejusdem
1862 5157 2076 5224 quidem

579 5305 622 5336 “
653 5303 719 5358 IV
748 5303 948 5373 Rngl,
971 5304 1060 5359 10.
1136 5303 1180 5334 ⁸³
1209 5303 1375 5358 Exod.
1408 5318 1496 5365 xv,
1528 5301 1614 5354 l7.

580 5441 689 5510 (90)
723 5441 870 5498 Unus
895 5443 1062 5496 codex
1103 5457 1259 5503 mss.,
1294 5459 1312 5493 ι
1348 5456 1446 5495 sua
1491 5449 1670 5494 tamen
1735 5437 2078 5506 unumquod-

510 5525 614 5579 que
647 5514 874 5565 utilitate
903 5526 955 5564 et
983 5514 1176 5580 gratia.
1215 5531 1233 5562 ι

583 5583 691 5649 (91)
713 5576 1035 5636 Alexandro.
1071 5582 1434 5636 Alexandrum
1463 5579 1702 5648 intellige
1725 5576 2075 5648 Jcrosolymi-

511 5662 693 5708 Ianum
723 5654 1052 5724 episcopum,
1085 5653 1334 5724 Origenis
1382 5653 1638 5718 amicum,
1676 5652 1738 5707 de
1774 5665 1882 5722 quo
1915 5649 2083 5706 Euse-

1712 5298 1757 5330 "‘
1785 5297 1979 5352 Matth.
2008 5311 2098 5362 xv,
2130 5295 2215 5349 15.

2131 2227 2172 2283 Β
2203 2221 2317 2290 agri
2361 2195 2698 2287 plantae-esse
2720 2231 3008 2288 possumus
3043 2227 3097 2271 et
3125 2227 3394 2286 optamus,
3439 2232 3547 2272 non
3599 2226 3772 2273 tamen

2201 2313 2450 2366 eumdem
2515 2326 2764 2379 saporem
2819 2309 3064 2364 reddere.
3131 2309 3187 2363 In
3238 2309 3502 2364 fructibus
3557 2311 3772 2378 quidem

2201 2406 2524 2458 conlitemur
2547 2417 2644 2455 nos
2699 2401 2898 2455 habere
2925 2399 3126 2468 aliquid
3157 2400 3534 2455 amaritudinis
3596 2401 3650 2453 in
3692 2416 3776 2452 sa-

2200 2509 2349 2564 pore,
2379 2503 2471 2547 aut
2517 2492 2654 2546 forte
2698 2491 2840 2561 quod
2869 2490 3079 2544 videtur
3107 2489 3220 2561 (θῖ)
3265 2491 3435 2560 magis
3495 2507 3666 2562 quam
3710 2491 3776 2544 sit

2200 2602 2445 2639 amarmn
2476 2602 2490 2637 τ
2529 2587 2654 2654 quia
2684 2599 2865 2640 sermo
2891 2583 3254 2652 correptionis
3297 2598 3518 2637 amarus
3553 2583 3769 2652 quidem

2201 2682 2413 2736 videtur
2435 2681 2714 2736 essedum
2774 2681 3022 2749 corripit,
3069 2679 3244 2733 dulcis
3299 2687 3477 2732 autem
3539 2677 3772 2732 etﬁcitur

2199 2787 2320 2826 cum
2349 2773 2621 2826 emendat.
2655 2771 2783 2824 Vide
2815 2771 2980 2824 etiam
3001 2770 3172 2838 ipsius
3207 2768 3415 2823 Domini
3447 2777 3500 2822 et
3522 2767 3774 2821 Salvato'

2205 2865 2279 2917 ris
2307 2864 2475 2917 nostri
2509 2877 2812 2923 sermones,
2840 2861 2963 2929 quia
2996 2875 3100 2914 non
3151 2874 3340 2913 omnes
3379 2859 3769 2912 beatitudinem

2201 2956 2505 3018 continent,
2541 2972 2640 3010 nec
2674 2969 2861 3008 omnes
2894 2955 2957 3006 de
2987 2954 3142 3006 venia
3175 2962 3229 3006 et
3262 2950 3603 3021 indulgentia
3654 2965 3770 3018 pro-

2201 3053 2494 3110 testantur,
2525 3046 2618 3100 sed
2654 3054 2780 3099 sunt
2808 3044 2859 3097 in
2894 3041 3072 3096 verbis
3100 3041 3264 3094 etiam
3293 3042 3538 3109 quaedam
3591 3052 3768 3094 auste-

2201 3153 2259 3192 ra
2288 3147 2339 3193 et
2369 3139 2568 3193 tristia.
2601 3137 2753 3192 Sicut
2779 3136 2923 3190 enim
2957 3135 3088 3190 dicit
3114 3155 3126 3189 :
3150 3134 3297 3188 Beati
3317 3135 3407 3202 qui
3434 3135 3550 3188 haec
3580 3144 3636 3188 et
3662 3135 3767 3185 ha’c

2201 3243 2385 3303 agunt,
2417 3232 2490 3285 ita
2523 3232 2673 3292 dicit,
2703 3226 2795 3282 Va:
2825 3229 2928 3285 illis
2968 3228 3060 3298 qui
3089 3228 3204 3282 haec
3257 3238 3310 3280 et
3355 3228 3469 3281 haec
3517 3240 3762 3298 egerunt.

2199 3325 2312 3394 Ego
2333 3324 2435 3377 hoc
2456 3323 2621 3377 etiam
2655 3324 2706 3375 in
2731 3321 3008 3390 prophetis
3028 3327 3401 3387 perscrutatus
3429 3333 3572 3382 Sltllt,
3600 3329 3656 3372 et
3686 3319 3765 3373 in-

2199 3413 2319 3466 veni
2349 3413 2532 3481 paucis
2555 3413 2945 3481 prophetarum
2979 3411 3118 3465 istud
3148 3425 3271 3465 esse
3313 3424 3640 3464 concessum
3663 3450 3678 3472 ,
3712 3416 3766 3463 ut

2199 3518 2474 3572 nunquam
2505 3501 2710 3569 aliquid
2740 3500 2952 3570 populis
2984 3514 3228 3552 amarum
3258 3508 3352 3552 aut
3403 3499 3559 3554 triste
3590 3500 3766 3569 loque-

2198 3603 2406 3662 rentur,
2432 3594 2524 3648 sed
2559 3591 2736 3646 dulcia
2774 3606 2986 3661 semper
3012 3601 3066 3647 et
3096 3592 3261 3647 lenia.
3295 3591 3660 3646 Observatum
3691 3603 3764 3645 tae

2196 3699 2317 3740 men
2341 3692 2423 3738 est
2451 3699 2478 3735 a
2503 3682 2776 3751 prioribus
2806 3683 3006 3734 nostris
3033 3719 3048 3744 ,
3081 3681 3225 3750 quod
3271 3681 3324 3733 in
3358 3679 3592 3734 Psalmis
3653 3692 3764 3735 tan-

2196 3775 2478 3830 tummodo
2517 3773 2625 3826 illis
2652 3773 2744 3842 qui
2771 3773 3117 3826 attitulantur
3146 3791 3164 3823 ι
3203 3773 3354 3826 Filiis
3380 3773 3560 3827 Chore
3586 3815 3602 3840 ,
3637 3793 3655 3826 ι
3712 3775 3760 3827 in

2194 3867 2328 3938 ipsis
2356 3866 2487 3920 solis
2537 3863 2673 3918 nihil
2701 3863 3084 3919 amaritudinis
3115 3863 3198 3918 vel
3233 3864 3570 3919 austeritatis
3617 3865 3757 3918 vide-

2195 3975 2279 4020 tur
2306 3963 2515 4028 inferri,
2545 3962 2640 4016 sed
2667 3961 2767 4014 hoc
2786 3961 2867 4015 eis
2893 3961 3046 4029 quasi
3077 3960 3258 4015 divino
3279 3975 3505 4015 munere
3533 3974 3758 4015 conces-

2192 4071 2308 4111 sum
2338 4064 2440 4118 est,
2479 4063 2540 4106 ut
2574 4053 2808 4107 nominis
2863 4067 3052 4106 eorum
3106 4051 3309 4106 Psalmi
3365 4067 3578 4121 semper
3641 4053 3756 4106 lazta

2191 4162 2415 4219 quaeque
2447 4146 2786 4201 contineant.
2834 4143 2927 4198 Est
2967 4159 3102 4212 ergo
3129 4144 3296 4198 etiam
3348 4144 3398 4196 in
3462 4144 3593 4212 ipsis
3641 4159 3758 4212 pro-

2193 4240 2366 4309 phetis
2390 4239 2559 4292 multa
2590 4237 2902 4292 diversitas.
2933 4235 3034 4289 Alii
3061 4237 3260 4299 tristia,
3286 4237 3376 4290 alii
3403 4237 3526 4291 laeta
3558 4238 3756 4292 denun-

2193 4333 2348 4387 tiant.
2379 4331 2483 4386 Sed
2517 4339 2572 4385 et
2615 4331 2729 4400 ipse
2760 4330 3035 4399 apostolus
3083 4330 3303 4391 Paulus.
3366 4333 3458 4399 qui
3522 4332 3756 4385 imitator

2189 4433 2270 4478 est
2297 4423 2520 4486 Christi,
2553 4423 2750 4476 habere
2779 4436 2838 4475 se
2867 4421 3004 4475 dicit
3037 4423 3242 4490 virgam
3269 4465 3282 4486 ,
3321 4423 3388 4475 ad
3428 4437 3524 4476 eos
3577 4424 3754 4491 utique

2188 4513 2277 4582 qui
2301 4513 2540 4580 indigent
2562 4509 2843 4578 disciplina
2878 4527 2892 4562 :
2925 4519 2980 4563 et
3019 4512 3073 4564 in
3101 4512 3296 4580 spiritu
3331 4511 3752 4566 mansuetudinis

2189 4603 2382 4656 venire
2410 4617 2470 4656 se
2505 4602 2658 4664 dicit,
2695 4600 2762 4654 ad
2789 4614 2883 4654 eos
2911 4603 3178 4668 protei-to,
3220 4617 3451 4671 quorum
3486 4606 3595 4657 vita
3649 4602 3749 4656 cul-

2189 4696 2270 4761 pis
2297 4693 2540 4747 carebat.
2572 4691 2638 4744 Et
2668 4692 2741 4744 ita
2768 4691 3042 4746 invenitur
3077 4693 3131 4746 in
3161 4709 3262 4747 una
3296 4694 3599 4762 eademque
3640 4693 3749 4760 ejus

2193 4782 2428 4850 Epistola
2475 4796 2655 4835 sermo
2701 4788 2755 4834 et
2809 4796 3028 4836 amarus
3059 4792 3112 4836 et
3169 4784 3361 4838 dulcis.
3411 4782 3564 4836 Sicut
3597 4794 3649 4838 et
3686 4783 3748 4834 ad

2186 4871 2498 4928 Corinthios
2524 4871 2576 4924 in
2613 4872 2786 4941 prima
2817 4883 2969 4942 parte
3001 4873 3200 4941 prioris
3232 4872 3485 4941 Epistola:
3532 4873 3663 4926 dicit
3684 4870 3747 4936 ⁸⁵,

2185 4966 2308 5035 quia
2343 4981 2364 5014 ι
2399 4964 2450 5018 in
2472 4964 2722 5018 omnibus
2755 4963 2949 5018 divites
2967 4963 3094 5018 tacti
3113 4965 3246 5020 estis
3268 4967 3321 5018 in
3356 4965 3496 5032 ipso,
3529 4967 3582 5018 in
3611 4962 3746 5017 omni

2184 5061 2390 5123 verbo,
2449 5067 2504 5112 et
2567 5058 2619 5111 in
2663 5058 2812 5112 omni
2859 5059 3134 5123 scientia,
3196 5061 3338 5113 sicut
3387 5059 3744 5114 testimonium

2185 5151 2793 5209 Cbristicontirmatum
2821 5153 2983 5206 estin
3027 5153 3203 5219 vobis,
3230 5153 3303 5207 ita
3342 5161 3402 5206 ut
3430 5153 3568 5208 nihil
3603 5151 3745 5206 vobis
3841 5205 3854 5224 ,

2295 5295 2341 5326 ⁸⁵
2375 5293 2392 5347 1
2419 5291 2544 5348 Cor.
2578 5307 2617 5355 I,
2647 5291 2700 5356 5,
2729 5291 2784 5358 6,
2813 5292 2865 5348 7.

2186 5437 2308 5491 bius
2345 5435 2599 5489 Historia:
2644 5437 3013 5490 ecclesiastica:
3075 5436 3271 5500 lih.v1,
3317 5450 3439 5502 cap.
3468 5438 3502 5491 8
3551 5446 3606 5491 et
3657 5432 3739 5489 27.

2188 5507 2325 5576 [line
2363 5509 2526 5559 etiam
2571 5506 2764 5576 collige
2821 5509 2960 5561 hanc
3015 5507 3285 5562 homiliatn
3342 5509 3583 5561 habitam
3625 5516 3741 5562 esse

2186 5575 2538 5646 Jerosolyntis

2263 5647 2371 5720 (9’2)
2399 5642 2557 5714 Mss.,
2591 5665 2608 5699 t
2641 5645 2872 5702 videtur.
2904 5663 2924 5699 ι
2967 5642 3131 5712 Editi,
3171 5665 3189 5699 ί
3217 5645 3512 5716 judicatur.
3546 5664 3568 5700 ο
