  <div class='ocr_page' id='page_1' title='image "/cluster/home/n/w/nwhite01/storage/ocr_20150623/12/mdp.39015028786690/508.png"; bbox 0 0 4046 6152; ppageno 0'>
   <div class='ocr_carea' id='block_1_1' title="bbox 275 243 370 301">
    <p class='ocr_par' dir='ltr' id='par_1_1' title="bbox 275 243 370 301">
     <span class='ocr_line' id='line_1_1' title="bbox 275 243 370 301; baseline -0.042 0"><span class='ocrx_word' id='word_1_1' title='bbox 275 243 370 301; x_wconf 77' lang='lat'><strong>997</strong></span> 
     </span>
    </p>
   </div>
   <div class='ocr_carea' id='block_1_2' title="bbox 1403 188 2427 303">
    <p class='ocr_par' dir='ltr' id='par_1_2' title="bbox 1403 188 2427 303">
     <span class='ocr_line' id='line_1_2' title="bbox 1403 188 2427 303; baseline 0.002 -2"><span class='ocrx_word' id='word_1_2' title='bbox 1403 245 1471 301; x_wconf 87' lang='lat' dir='ltr'><strong>IN</strong></span> <span class='ocrx_word' id='word_1_3' title='bbox 1513 243 1774 302; x_wconf 76' lang='lat' dir='ltr'><strong>LIBRUM</strong></span> <span class='ocrx_word' id='word_1_4' title='bbox 1804 188 2044 302; x_wconf 53' lang='lat' dir='ltr'><strong>REG.UM</strong></span> <span class='ocrx_word' id='word_1_5' title='bbox 2070 243 2355 301; x_wconf 82' lang='lat' dir='ltr'><strong>HOMILIA</strong></span> <span class='ocrx_word' id='word_1_6' title='bbox 2385 245 2427 303; x_wconf 86' lang='grc' dir='ltr'><strong>Ι.</strong></span> 
     </span>
    </p>
   </div>
   <div class='ocr_carea' id='block_1_3' title="bbox 3436 258 3539 317">
    <p class='ocr_par' dir='ltr' id='par_1_3' title="bbox 3436 258 3539 317">
     <span class='ocr_line' id='line_1_3' title="bbox 3436 258 3539 317; baseline 0.039 -4"><span class='ocrx_word' id='word_1_7' title='bbox 3436 258 3539 317; x_wconf 71' lang='lat'><strong>995</strong></span> 
     </span>
    </p>
   </div>
   <div class='ocr_carea' id='block_1_4' title="bbox 278 363 3539 437">
    <p class='ocr_par' dir='ltr' id='par_1_4' title="bbox 278 363 3539 437">
     <span class='ocr_line' id='line_1_4' title="bbox 278 363 3539 437; baseline 0.005 -17"><span class='ocrx_word' id='word_1_8' title='bbox 278 364 415 421; x_wconf 88' lang='lat' dir='ltr'><strong>desit</strong></span> <span class='ocrx_word' id='word_1_9' title='bbox 445 364 501 419; x_wconf 91' lang='lat' dir='ltr'><strong>in</strong></span> <span class='ocrx_word' id='word_1_10' title='bbox 523 363 634 420; x_wconf 90' lang='lat' dir='ltr'><strong>ulla</strong></span> <span class='ocrx_word' id='word_1_11' title='bbox 660 364 830 435; x_wconf 88' lang='lat' dir='ltr'><strong>gratia</strong></span> <span class='ocrx_word' id='word_1_12' title='bbox 853 368 1304 437; x_wconf 77' lang='lat' dir='ltr'><strong>exspectantibus</strong></span> <span class='ocrx_word' id='word_1_13' title='bbox 1338 370 1728 424; x_wconf 88' lang='lat' dir='ltr'><strong>revelationem</strong></span> <span class='ocrx_word' id='word_1_14' title='bbox 1748 367 1854 425; x_wconf 86' lang='lat' dir='ltr'><strong>Do-</strong></span> <span class='ocrx_word' id='word_1_15' title='bbox 1883 373 1925 430; x_wconf 77' lang='grc' dir='ltr'><strong>Α</strong></span> <span class='ocrx_word' id='word_1_16' title='bbox 1960 368 2240 437; x_wconf 90' lang='lat' dir='ltr'><strong>posuimus</strong></span> <span class='ocrx_word' id='word_1_17' title='bbox 2299 368 2586 425; x_wconf 88' lang='lat' dir='ltr'><strong>indicetur.</strong></span> <span class='ocrx_word' id='word_1_18' title='bbox 2645 370 2918 429; x_wconf 81' lang='lat' dir='ltr'><strong>Fortassis</strong></span> <span class='ocrx_word' id='word_1_19' title='bbox 2975 374 3121 428; x_wconf 89' lang='lat' dir='ltr'><strong>enim</strong></span> <span class='ocrx_word' id='word_1_20' title='bbox 3184 375 3331 433; x_wconf 82' lang='lat' dir='ltr'><strong>dicet</strong></span> <span class='ocrx_word' id='word_1_21' title='bbox 3383 381 3539 436; x_wconf 79' lang='lat' dir='ltr'><strong>nobis</strong></span> 
     </span>
    </p>
   </div>
   <div class='ocr_carea' id='block_1_5' title="bbox 277 455 1848 531">
    <p class='ocr_par' dir='ltr' id='par_1_5' title="bbox 277 455 1848 531">
     <span class='ocr_line' id='line_1_5' title="bbox 277 455 1848 531; baseline 0.003 -20"><span class='ocrx_word' id='word_1_22' title='bbox 277 455 408 511; x_wconf 90' lang='lat' dir='ltr'><strong>mini</strong></span> <span class='ocrx_word' id='word_1_23' title='bbox 439 457 615 511; x_wconf 84' lang='lat' dir='ltr'><strong>nostri</strong></span> <span class='ocrx_word' id='word_1_24' title='bbox 645 455 773 513; x_wconf 80' lang='lat' dir='ltr'><strong>Jesu</strong></span> <span class='ocrx_word' id='word_1_25' title='bbox 807 458 1036 514; x_wconf 82' lang='lat' dir='ltr'><strong>Christi.</strong></span> <span class='ocrx_word' id='word_1_26' title='bbox 1082 479 1104 513; x_wconf 73' lang='grc' dir='ltr'><strong><em>ι</em></strong></span> <span class='ocrx_word' id='word_1_27' title='bbox 1138 460 1206 514; x_wconf 83' lang='grc' dir='ltr'><strong>Ει</strong></span> <span class='ocrx_word' id='word_1_28' title='bbox 1234 461 1393 529; x_wconf 87' lang='lat' dir='ltr'><strong>paulo</strong></span> <span class='ocrx_word' id='word_1_29' title='bbox 1419 471 1540 530; x_wconf 86' lang='lat' dir='ltr'><strong>post</strong></span> <span class='ocrx_word' id='word_1_30' title='bbox 1572 463 1848 531; x_wconf 83' lang='lat' dir='ltr'><strong>gradiens,</strong></span> 
     </span>
    </p>
   </div>
   <div class='ocr_carea' id='block_1_6' title="bbox 276 547 1847 621">
    <p class='ocr_par' dir='ltr' id='par_1_6' title="bbox 276 547 1847 621">
     <span class='ocr_line' id='line_1_6' title="bbox 276 547 1847 621; baseline 0.002 -19"><span class='ocrx_word' id='word_1_31' title='bbox 276 547 396 602; x_wconf 88' lang='lat' dir='ltr'><strong>vide</strong></span> <span class='ocrx_word' id='word_1_32' title='bbox 423 547 663 616; x_wconf 85' lang='lat' dir='ltr'><strong>qualiter</strong></span> <span class='ocrx_word' id='word_1_33' title='bbox 680 562 862 604; x_wconf 87' lang='lat' dir='ltr'><strong>sermo</strong></span> <span class='ocrx_word' id='word_1_34' title='bbox 882 550 1002 621; x_wconf 85' lang='lat' dir='ltr'><strong>ejus</strong></span> <span class='ocrx_word' id='word_1_35' title='bbox 1037 564 1395 621; x_wconf 82' lang='lat' dir='ltr'><strong>exasperatur</strong></span> <span class='ocrx_word' id='word_1_36' title='bbox 1429 568 1552 607; x_wconf 87' lang='lat' dir='ltr'><strong>cum</strong></span> <span class='ocrx_word' id='word_1_37' title='bbox 1585 554 1721 608; x_wconf 86' lang='lat' dir='ltr'><strong>dicit</strong></span> <span class='ocrx_word' id='word_1_38' title='bbox 1751 554 1796 585; x_wconf 79' lang='lat'><strong>“</strong></span> <span class='ocrx_word' id='word_1_39' title='bbox 1831 569 1847 605; x_wconf 88' lang='lat'><strong>:</strong></span> 
     </span>
    </p>
   </div>
   <div class='ocr_carea' id='block_1_7' title="bbox 281 639 1853 709">
    <p class='ocr_par' dir='ltr' id='par_1_7' title="bbox 281 639 1853 709">
     <span class='ocr_line' id='line_1_7' title="bbox 281 639 1853 709; baseline 0.003 -17"><span class='ocrx_word' id='word_1_40' title='bbox 281 657 301 692; x_wconf 80' lang='lat' dir='ltr'><strong>t</strong></span> <span class='ocrx_word' id='word_1_41' title='bbox 333 639 571 696; x_wconf 80' lang='lat' dir='ltr'><strong>Omnino</strong></span> <span class='ocrx_word' id='word_1_42' title='bbox 600 641 822 695; x_wconf 86' lang='lat' dir='ltr'><strong>auditur</strong></span> <span class='ocrx_word' id='word_1_43' title='bbox 848 642 901 696; x_wconf 92' lang='lat' dir='ltr'><strong>in</strong></span> <span class='ocrx_word' id='word_1_44' title='bbox 927 643 1083 698; x_wconf 85' lang='lat' dir='ltr'><strong>vobis</strong></span> <span class='ocrx_word' id='word_1_45' title='bbox 1112 643 1419 709; x_wconf 91' lang='lat' dir='ltr'><strong>fornicatio,</strong></span> <span class='ocrx_word' id='word_1_46' title='bbox 1451 653 1507 700; x_wconf 91' lang='lat' dir='ltr'><strong>et</strong></span> <span class='ocrx_word' id='word_1_47' title='bbox 1532 645 1655 698; x_wconf 88' lang='lat' dir='ltr'><strong>talis</strong></span> <span class='ocrx_word' id='word_1_48' title='bbox 1685 644 1853 697; x_wconf 87' lang='lat' dir='ltr'><strong>forni-</strong></span> 
     </span>
    </p>
   </div>
   <div class='ocr_carea' id='block_1_8' title="bbox 277 730 1851 804">
    <p class='ocr_par' dir='ltr' id='par_1_8' title="bbox 277 730 1851 804">
     <span class='ocr_line' id='line_1_8' title="bbox 277 730 1851 804; baseline 0.002 -18"><span class='ocrx_word' id='word_1_49' title='bbox 277 730 421 786; x_wconf 92' lang='lat' dir='ltr'><strong>catio</strong></span> <span class='ocrx_word' id='word_1_50' title='bbox 455 730 638 798; x_wconf 86' lang='lat' dir='ltr'><strong>qualis</strong></span> <span class='ocrx_word' id='word_1_51' title='bbox 667 744 769 786; x_wconf 90' lang='lat' dir='ltr'><strong>nec</strong></span> <span class='ocrx_word' id='word_1_52' title='bbox 799 732 944 785; x_wconf 90' lang='lat' dir='ltr'><strong>inter</strong></span> <span class='ocrx_word' id='word_1_53' title='bbox 984 743 1196 804; x_wconf 86' lang='lat' dir='ltr'><strong>gentes,</strong></span> <span class='ocrx_word' id='word_1_54' title='bbox 1232 735 1306 788; x_wconf 90' lang='lat' dir='ltr'><strong>ita</strong></span> <span class='ocrx_word' id='word_1_55' title='bbox 1336 744 1394 789; x_wconf 93' lang='lat' dir='ltr'><strong>ut</strong></span> <span class='ocrx_word' id='word_1_56' title='bbox 1424 749 1647 789; x_wconf 81' lang='lat' dir='ltr'><strong>uxorem</strong></span> <span class='ocrx_word' id='word_1_57' title='bbox 1683 734 1851 803; x_wconf 87' lang='lat' dir='ltr'><strong>patris</strong></span> 
     </span>
    </p>
   </div>
   <div class='ocr_carea' id='block_1_9' title="bbox 276 821 1851 895">
    <p class='ocr_par' dir='ltr' id='par_1_9' title="bbox 276 821 1851 895">
     <span class='ocr_line' id='line_1_9' title="bbox 276 821 1851 895; baseline 0.003 -20"><span class='ocrx_word' id='word_1_58' title='bbox 276 822 476 892; x_wconf 85' lang='lat' dir='ltr'><strong>aliquis</strong></span> <span class='ocrx_word' id='word_1_59' title='bbox 508 822 733 878; x_wconf 81' lang='lat' dir='ltr'><strong>habeat.</strong></span> <span class='ocrx_word' id='word_1_60' title='bbox 764 821 830 876; x_wconf 88' lang='lat' dir='ltr'><strong>Et</strong></span> <span class='ocrx_word' id='word_1_61' title='bbox 864 838 962 879; x_wconf 89' lang='lat' dir='ltr'><strong>vos</strong></span> <span class='ocrx_word' id='word_1_62' title='bbox 993 823 1162 879; x_wconf 84' lang='lat' dir='ltr'><strong>inflati</strong></span> <span class='ocrx_word' id='word_1_63' title='bbox 1203 827 1355 890; x_wconf 88' lang='lat' dir='ltr'><strong>estis,</strong></span> <span class='ocrx_word' id='word_1_64' title='bbox 1393 835 1450 881; x_wconf 91' lang='lat' dir='ltr'><strong>et</strong></span> <span class='ocrx_word' id='word_1_65' title='bbox 1501 842 1607 881; x_wconf 93' lang='lat' dir='ltr'><strong>non</strong></span> <span class='ocrx_word' id='word_1_66' title='bbox 1679 826 1851 895; x_wconf 79' lang='lat' dir='ltr'><strong>magis</strong></span> 
     </span>
    </p>
   </div>
   <div class='ocr_carea' id='block_1_10' title="bbox 278 913 1850 989">
    <p class='ocr_par' dir='ltr' id='par_1_10' title="bbox 278 913 1850 989">
     <span class='ocr_line' id='line_1_10' title="bbox 278 913 1850 989; baseline 0.005 -22"><span class='ocrx_word' id='word_1_67' title='bbox 278 914 517 978; x_wconf 89' lang='lat' dir='ltr'><strong>luxistis,</strong></span> <span class='ocrx_word' id='word_1_68' title='bbox 538 922 599 968; x_wconf 93' lang='lat' dir='ltr'><strong>ut</strong></span> <span class='ocrx_word' id='word_1_69' title='bbox 634 913 854 969; x_wconf 91' lang='lat' dir='ltr'><strong>tollatur</strong></span> <span class='ocrx_word' id='word_1_70' title='bbox 890 917 955 970; x_wconf 88' lang='lat' dir='ltr'><strong>de</strong></span> <span class='ocrx_word' id='word_1_71' title='bbox 985 917 1166 971; x_wconf 76' lang='lat' dir='ltr'><strong>medio</strong></span> <span class='ocrx_word' id='word_1_72' title='bbox 1200 928 1438 973; x_wconf 86' lang='lat' dir='ltr'><strong>vestrum</strong></span> <span class='ocrx_word' id='word_1_73' title='bbox 1469 919 1559 987; x_wconf 88' lang='lat' dir='ltr'><strong>qui</strong></span> <span class='ocrx_word' id='word_1_74' title='bbox 1589 919 1691 973; x_wconf 88' lang='lat' dir='ltr'><strong>hoc</strong></span> <span class='ocrx_word' id='word_1_75' title='bbox 1713 933 1850 989; x_wconf 90' lang='lat' dir='ltr'><strong>opus</strong></span> 
     </span>
    </p>
   </div>
   <div class='ocr_carea' id='block_1_11' title="bbox 278 1005 1849 1077">
    <p class='ocr_par' dir='ltr' id='par_1_11' title="bbox 278 1005 1849 1077">
     <span class='ocr_line' id='line_1_11' title="bbox 278 1005 1849 1077; baseline 0.004 -19"><span class='ocrx_word' id='word_1_76' title='bbox 278 1005 426 1061; x_wconf 86' lang='lat' dir='ltr'><strong>fecit.</strong></span> <span class='ocrx_word' id='word_1_77' title='bbox 469 1025 489 1059; x_wconf 73' lang='grc' dir='ltr'><strong><em>ι</em></strong></span> <span class='ocrx_word' id='word_1_78' title='bbox 528 1005 648 1061; x_wconf 90' lang='lat' dir='ltr'><strong>Hoc</strong></span> <span class='ocrx_word' id='word_1_79' title='bbox 675 1016 856 1061; x_wconf 90' lang='lat' dir='ltr'><strong>autem</strong></span> <span class='ocrx_word' id='word_1_80' title='bbox 889 1005 1011 1062; x_wconf 90' lang='lat' dir='ltr'><strong>ideo</strong></span> <span class='ocrx_word' id='word_1_81' title='bbox 1038 1009 1339 1075; x_wconf 86' lang='lat' dir='ltr'><strong>scribebat,</strong></span> <span class='ocrx_word' id='word_1_82' title='bbox 1370 1010 1495 1077; x_wconf 89' lang='lat' dir='ltr'><strong>quia</strong></span> <span class='ocrx_word' id='word_1_83' title='bbox 1529 1026 1633 1065; x_wconf 93' lang='lat' dir='ltr'><strong>non</strong></span> <span class='ocrx_word' id='word_1_84' title='bbox 1659 1025 1849 1065; x_wconf 89' lang='lat' dir='ltr'><strong>omnes</strong></span> 
     </span>
    </p>
   </div>
   <div class='ocr_carea' id='block_1_12' title="bbox 275 1096 1845 1169">
    <p class='ocr_par' dir='ltr' id='par_1_12' title="bbox 275 1096 1845 1169">
     <span class='ocr_line' id='line_1_12' title="bbox 275 1096 1845 1169; baseline 0.003 -22"><span class='ocrx_word' id='word_1_85' title='bbox 275 1096 340 1150; x_wconf 91' lang='lat' dir='ltr'><strong>ad</strong></span> <span class='ocrx_word' id='word_1_86' title='bbox 381 1110 521 1166; x_wconf 91' lang='lat' dir='ltr'><strong>quos</strong></span> <span class='ocrx_word' id='word_1_87' title='bbox 548 1108 735 1150; x_wconf 88' lang='lat' dir='ltr'><strong>sermo</strong></span> <span class='ocrx_word' id='word_1_88' title='bbox 768 1096 885 1164; x_wconf 87' lang='lat' dir='ltr'><strong>ejus</strong></span> <span class='ocrx_word' id='word_1_89' title='bbox 910 1097 1269 1168; x_wconf 76' lang='lat' dir='ltr'><strong>dirigebatur,</strong></span> <span class='ocrx_word' id='word_1_90' title='bbox 1299 1099 1458 1155; x_wconf 84' lang='lat' dir='ltr'><strong>laude</strong></span> <span class='ocrx_word' id='word_1_91' title='bbox 1489 1100 1635 1169; x_wconf 83' lang='lat' dir='ltr'><strong>digni</strong></span> <span class='ocrx_word' id='word_1_92' title='bbox 1671 1109 1845 1166; x_wconf 89' lang='lat' dir='ltr'><strong>erant,</strong></span> 
     </span>
    </p>
   </div>
   <div class='ocr_carea' id='block_1_13' title="bbox 278 1186 1844 1263">
    <p class='ocr_par' dir='ltr' id='par_1_13' title="bbox 278 1186 1844 1263">
     <span class='ocr_line' id='line_1_13' title="bbox 278 1186 1844 1263; baseline 0.004 -23"><span class='ocrx_word' id='word_1_93' title='bbox 278 1202 455 1258; x_wconf 91' lang='lat' dir='ltr'><strong>neque</strong></span> <span class='ocrx_word' id='word_1_94' title='bbox 488 1204 685 1244; x_wconf 88' lang='lat' dir='ltr'><strong>omnes</strong></span> <span class='ocrx_word' id='word_1_95' title='bbox 729 1186 1001 1247; x_wconf 71' lang='lat' dir='ltr'><strong>confutari</strong></span> <span class='ocrx_word' id='word_1_96' title='bbox 1036 1193 1120 1247; x_wconf 90' lang='lat' dir='ltr'><strong>vel</strong></span> <span class='ocrx_word' id='word_1_97' title='bbox 1179 1194 1382 1263; x_wconf 88' lang='lat' dir='ltr'><strong>corripi</strong></span> <span class='ocrx_word' id='word_1_98' title='bbox 1441 1194 1790 1248; x_wconf 89' lang='lat' dir='ltr'><strong>merebantur</strong></span> <span class='ocrx_word' id='word_1_99' title='bbox 1829 1211 1844 1246; x_wconf 89' lang='lat'><strong>:</strong></span> 
     </span>
    </p>
   </div>
   <div class='ocr_carea' id='block_1_14' title="bbox 274 1279 1848 1354">
    <p class='ocr_par' dir='ltr' id='par_1_14' title="bbox 274 1279 1848 1354">
     <span class='ocr_line' id='line_1_14' title="bbox 274 1279 1848 1354; baseline 0.005 -22"><span class='ocrx_word' id='word_1_100' title='bbox 274 1289 327 1332; x_wconf 91' lang='lat' dir='ltr'><strong>et</strong></span> <span class='ocrx_word' id='word_1_101' title='bbox 359 1279 478 1334; x_wconf 92' lang='lat' dir='ltr'><strong>ideo</strong></span> <span class='ocrx_word' id='word_1_102' title='bbox 507 1295 691 1334; x_wconf 86' lang='lat' dir='ltr'><strong>amara</strong></span> <span class='ocrx_word' id='word_1_103' title='bbox 721 1281 972 1338; x_wconf 88' lang='lat' dir='ltr'><strong>dulcibus</strong></span> <span class='ocrx_word' id='word_1_104' title='bbox 1006 1285 1218 1347; x_wconf 90' lang='lat' dir='ltr'><strong>miscet,</strong></span> <span class='ocrx_word' id='word_1_105' title='bbox 1253 1293 1314 1339; x_wconf 92' lang='lat' dir='ltr'><strong>ut</strong></span> <span class='ocrx_word' id='word_1_106' title='bbox 1358 1285 1477 1340; x_wconf 89' lang='lat' dir='ltr'><strong>laus</strong></span> <span class='ocrx_word' id='word_1_107' title='bbox 1514 1286 1581 1339; x_wconf 94' lang='lat' dir='ltr'><strong>ad</strong></span> <span class='ocrx_word' id='word_1_108' title='bbox 1614 1286 1848 1354; x_wconf 89' lang='lat' dir='ltr'><strong>optimos</strong></span> 
     </span>
    </p>
   </div>
   <div class='ocr_carea' id='block_1_15' title="bbox 276 1372 1848 1444">
    <p class='ocr_par' dir='ltr' id='par_1_15' title="bbox 276 1372 1848 1444">
     <span class='ocr_line' id='line_1_15' title="bbox 276 1372 1848 1444; baseline 0.003 -20"><span class='ocrx_word' id='word_1_109' title='bbox 276 1385 540 1440; x_wconf 88' lang='lat' dir='ltr'><strong>quosque,</strong></span> <span class='ocrx_word' id='word_1_110' title='bbox 563 1376 839 1444; x_wconf 77' lang='lat' dir='ltr'><strong>correptio</strong></span> <span class='ocrx_word' id='word_1_111' title='bbox 859 1389 988 1430; x_wconf 89' lang='lat' dir='ltr'><strong>vero</strong></span> <span class='ocrx_word' id='word_1_112' title='bbox 1016 1374 1286 1429; x_wconf 80' lang='lat' dir='ltr'><strong>referatur</strong></span> <span class='ocrx_word' id='word_1_113' title='bbox 1314 1376 1380 1429; x_wconf 88' lang='lat' dir='ltr'><strong>ad</strong></span> <span class='ocrx_word' id='word_1_114' title='bbox 1405 1373 1689 1442; x_wconf 86' lang='lat' dir='ltr'><strong>pessimos.</strong></span> <span class='ocrx_word' id='word_1_115' title='bbox 1722 1372 1848 1429; x_wconf 66' lang='lat' dir='ltr'><strong>Hmc</strong></span> 
     </span>
    </p>
   </div>
   <div class='ocr_carea' id='block_1_16' title="bbox 272 1462 1847 1536">
    <p class='ocr_par' dir='ltr' id='par_1_16' title="bbox 272 1462 1847 1536">
     <span class='ocr_line' id='line_1_16' title="bbox 272 1462 1847 1536; baseline 0.004 -21"><span class='ocrx_word' id='word_1_116' title='bbox 272 1462 479 1518; x_wconf 91' lang='lat' dir='ltr'><strong>idcirco</strong></span> <span class='ocrx_word' id='word_1_117' title='bbox 510 1464 750 1521; x_wconf 82' lang='lat' dir='ltr'><strong>diximus</strong></span> <span class='ocrx_word' id='word_1_118' title='bbox 784 1466 836 1520; x_wconf 91' lang='lat' dir='ltr'><strong>in</strong></span> <span class='ocrx_word' id='word_1_119' title='bbox 858 1465 1197 1536; x_wconf 75' lang='lat' dir='ltr'><strong>praefatione,</strong></span> <span class='ocrx_word' id='word_1_120' title='bbox 1216 1466 1338 1534; x_wconf 85' lang='lat' dir='ltr'><strong>quia</strong></span> <span class='ocrx_word' id='word_1_121' title='bbox 1357 1468 1471 1521; x_wconf 87' lang='lat' dir='ltr'><strong>scio</strong></span> <span class='ocrx_word' id='word_1_122' title='bbox 1495 1481 1592 1521; x_wconf 88' lang='lat' dir='ltr'><strong>vos</strong></span> <span class='ocrx_word' id='word_1_123' title='bbox 1616 1482 1847 1522; x_wconf 85' lang='lat' dir='ltr'><strong>consue-</strong></span> 
     </span>
    </p>
   </div>
   <div class='ocr_carea' id='block_1_17' title="bbox 273 1551 1845 1627">
    <p class='ocr_par' dir='ltr' id='par_1_17' title="bbox 273 1551 1845 1627">
     <span class='ocr_line' id='line_1_17' title="bbox 273 1551 1845 1627; baseline 0.004 -22"><span class='ocrx_word' id='word_1_124' title='bbox 273 1551 419 1607; x_wconf 89' lang='lat' dir='ltr'><strong>visse</strong></span> <span class='ocrx_word' id='word_1_125' title='bbox 449 1553 715 1610; x_wconf 90' lang='lat' dir='ltr'><strong>lenissimi</strong></span> <span class='ocrx_word' id='word_1_126' title='bbox 751 1556 923 1626; x_wconf 87' lang='lat' dir='ltr'><strong>patris</strong></span> <span class='ocrx_word' id='word_1_127' title='bbox 944 1557 1133 1611; x_wconf 78' lang='lat' dir='ltr'><strong>dulces</strong></span> <span class='ocrx_word' id='word_1_128' title='bbox 1163 1572 1381 1627; x_wconf 87' lang='lat' dir='ltr'><strong>semper</strong></span> <span class='ocrx_word' id='word_1_129' title='bbox 1413 1558 1606 1612; x_wconf 87' lang='lat' dir='ltr'><strong>audire</strong></span> <span class='ocrx_word' id='word_1_130' title='bbox 1636 1573 1845 1612; x_wconf 85' lang='lat' dir='ltr'><strong>sermo-</strong></span> 
     </span>
    </p>
   </div>
   <div class='ocr_carea' id='block_1_18' title="bbox 277 1648 1845 1719">
    <p class='ocr_par' dir='ltr' id='par_1_18' title="bbox 277 1648 1845 1719">
     <span class='ocr_line' id='line_1_18' title="bbox 277 1648 1845 1719; baseline 0.005 -22"><span class='ocrx_word' id='word_1_131' title='bbox 277 1659 396 1709; x_wconf 86' lang='lat' dir='ltr'><strong>nes,</strong></span> <span class='ocrx_word' id='word_1_132' title='bbox 435 1655 636 1701; x_wconf 65' lang='lat' dir='ltr'><strong>nostraa</strong></span> <span class='ocrx_word' id='word_1_133' title='bbox 664 1661 792 1703; x_wconf 90' lang='lat' dir='ltr'><strong>vero</strong></span> <span class='ocrx_word' id='word_1_134' title='bbox 828 1648 1181 1719; x_wconf 89' lang='lat' dir='ltr'><strong>plautationis</strong></span> <span class='ocrx_word' id='word_1_135' title='bbox 1213 1648 1501 1705; x_wconf 84' lang='lat' dir='ltr'><strong>arbuscula</strong></span> <span class='ocrx_word' id='word_1_136' title='bbox 1546 1650 1709 1705; x_wconf 87' lang='lat' dir='ltr'><strong>habet</strong></span> <span class='ocrx_word' id='word_1_137' title='bbox 1746 1650 1845 1705; x_wconf 86' lang='lat' dir='ltr'><strong>ali-</strong></span> 
     </span>
    </p>
   </div>
   <div class='ocr_carea' id='block_1_19' title="bbox 271 1738 1845 1812">
    <p class='ocr_par' dir='ltr' id='par_1_19' title="bbox 271 1738 1845 1812">
     <span class='ocr_line' id='line_1_19' title="bbox 271 1738 1845 1812; baseline 0.006 -22"><span class='ocrx_word' id='word_1_138' title='bbox 271 1738 399 1805; x_wconf 90' lang='lat' dir='ltr'><strong>quid</strong></span> <span class='ocrx_word' id='word_1_139' title='bbox 429 1740 774 1795; x_wconf 89' lang='lat' dir='ltr'><strong>austeritatis</strong></span> <span class='ocrx_word' id='word_1_140' title='bbox 812 1742 863 1795; x_wconf 93' lang='lat' dir='ltr'><strong>in</strong></span> <span class='ocrx_word' id='word_1_141' title='bbox 899 1753 1083 1812; x_wconf 89' lang='lat' dir='ltr'><strong>gustu,</strong></span> <span class='ocrx_word' id='word_1_142' title='bbox 1112 1743 1256 1811; x_wconf 91' lang='lat' dir='ltr'><strong>quod</strong></span> <span class='ocrx_word' id='word_1_143' title='bbox 1320 1752 1500 1797; x_wconf 83' lang='lat' dir='ltr'><strong>tamen</strong></span> <span class='ocrx_word' id='word_1_144' title='bbox 1561 1744 1845 1800; x_wconf 87' lang='lat' dir='ltr'><strong>orantibus</strong></span> 
     </span>
    </p>
   </div>
   <div class='ocr_carea' id='block_1_20' title="bbox 271 1829 1846 1904">
    <p class='ocr_par' dir='ltr' id='par_1_20' title="bbox 271 1829 1846 1904">
     <span class='ocr_line' id='line_1_20' title="bbox 271 1829 1846 1904; baseline 0.004 -21"><span class='ocrx_word' id='word_1_145' title='bbox 271 1829 424 1886; x_wconf 83' lang='lat' dir='ltr'><strong>vobis</strong></span> <span class='ocrx_word' id='word_1_146' title='bbox 448 1833 543 1886; x_wconf 85' lang='lat' dir='ltr'><strong>tiet</strong></span> <span class='ocrx_word' id='word_1_147' title='bbox 569 1833 1029 1889; x_wconf 88' lang='lat' dir='ltr'><strong>medicatnentum</strong></span> <span class='ocrx_word' id='word_1_148' title='bbox 1055 1835 1246 1890; x_wconf 89' lang='lat' dir='ltr'><strong>salutis</strong></span> <span class='ocrx_word' id='word_1_149' title='bbox 1280 1853 1294 1889; x_wconf 89' lang='lat'>:</span> <span class='ocrx_word' id='word_1_150' title='bbox 1328 1837 1455 1904; x_wconf 86' lang='lat' dir='ltr'><strong>quia</strong></span> <span class='ocrx_word' id='word_1_151' title='bbox 1489 1844 1545 1892; x_wconf 89' lang='lat' dir='ltr'><strong>et</strong></span> <span class='ocrx_word' id='word_1_152' title='bbox 1606 1836 1846 1890; x_wconf 78' lang='lat' dir='ltr'><strong>medica—</strong></span> 
     </span>
    </p>
   </div>
   <div class='ocr_carea' id='block_1_21' title="bbox 272 1924 1842 1996">
    <p class='ocr_par' dir='ltr' id='par_1_21' title="bbox 272 1924 1842 1996">
     <span class='ocr_line' id='line_1_21' title="bbox 272 1924 1842 1996; baseline 0.005 -22"><span class='ocrx_word' id='word_1_153' title='bbox 272 1930 453 1976; x_wconf 89' lang='lat' dir='ltr'><strong>menta</strong></span> <span class='ocrx_word' id='word_1_154' title='bbox 482 1924 732 1992; x_wconf 63' lang='lat' dir='ltr'><strong>quasdam</strong></span> <span class='ocrx_word' id='word_1_155' title='bbox 761 1936 890 1980; x_wconf 90' lang='lat' dir='ltr'><strong>sunt</strong></span> <span class='ocrx_word' id='word_1_156' title='bbox 922 1926 1124 1993; x_wconf 89' lang='lat' dir='ltr'><strong>dulcia,</strong></span> <span class='ocrx_word' id='word_1_157' title='bbox 1162 1928 1407 1996; x_wconf 59' lang='lat' dir='ltr'><strong>quadam</strong></span> <span class='ocrx_word' id='word_1_158' title='bbox 1446 1943 1577 1983; x_wconf 90' lang='lat' dir='ltr'><strong>vero</strong></span> <span class='ocrx_word' id='word_1_159' title='bbox 1601 1940 1842 1994; x_wconf 89' lang='lat' dir='ltr'><strong>austera,</strong></span> 
     </span>
    </p>
   </div>
   <div class='ocr_carea' id='block_1_22' title="bbox 270 2020 1845 2092">
    <p class='ocr_par' dir='ltr' id='par_1_22' title="bbox 270 2020 1845 2092">
     <span class='ocr_line' id='line_1_22' title="bbox 270 2020 1845 2092; baseline 0.006 -26"><span class='ocrx_word' id='word_1_160' title='bbox 270 2028 658 2084; x_wconf 86' lang='lat' dir='ltr'><strong>nonnunquam</strong></span> <span class='ocrx_word' id='word_1_161' title='bbox 686 2025 741 2070; x_wconf 91' lang='lat' dir='ltr'><strong>et</strong></span> <span class='ocrx_word' id='word_1_162' title='bbox 769 2032 978 2085; x_wconf 91' lang='lat' dir='ltr'><strong>amara,</strong></span> <span class='ocrx_word' id='word_1_163' title='bbox 1020 2028 1074 2074; x_wconf 92' lang='lat' dir='ltr'><strong>et</strong></span> <span class='ocrx_word' id='word_1_164' title='bbox 1105 2029 1284 2076; x_wconf 89' lang='lat' dir='ltr'><strong>tamen</strong></span> <span class='ocrx_word' id='word_1_165' title='bbox 1328 2020 1379 2074; x_wconf 92' lang='lat' dir='ltr'><strong>in</strong></span> <span class='ocrx_word' id='word_1_166' title='bbox 1442 2022 1557 2075; x_wconf 90' lang='lat' dir='ltr'><strong>suis</strong></span> <span class='ocrx_word' id='word_1_167' title='bbox 1615 2036 1845 2092; x_wconf 85' lang='lat' dir='ltr'><strong>quaeque</strong></span> 
     </span>
    </p>
   </div>
   <div class='ocr_carea' id='block_1_23' title="bbox 270 2105 1845 2185">
    <p class='ocr_par' dir='ltr' id='par_1_23' title="bbox 270 2105 1845 2185">
     <span class='ocr_line' id='line_1_23' title="bbox 270 2105 1845 2185; baseline 0.01 -30"><span class='ocrx_word' id='word_1_168' title='bbox 270 2105 402 2158; x_wconf 79' lang='lat' dir='ltr'><strong>locis</strong></span> <span class='ocrx_word' id='word_1_169' title='bbox 429 2107 665 2161; x_wconf 91' lang='lat' dir='ltr'><strong>remedia</strong></span> <span class='ocrx_word' id='word_1_170' title='bbox 696 2109 963 2175; x_wconf 89' lang='lat' dir='ltr'><strong>tribuunt,</strong></span> <span class='ocrx_word' id='word_1_171' title='bbox 989 2111 1036 2167; x_wconf 88' lang='lat' dir='ltr'><strong>si</strong></span> <span class='ocrx_word' id='word_1_172' title='bbox 1060 2126 1185 2167; x_wconf 90' lang='lat' dir='ltr'><strong>cum</strong></span> <span class='ocrx_word' id='word_1_173' title='bbox 1218 2127 1473 2167; x_wconf 87' lang='lat' dir='ltr'><strong>mensura</strong></span> <span class='ocrx_word' id='word_1_174' title='bbox 1506 2121 1562 2168; x_wconf 90' lang='lat' dir='ltr'><strong>et</strong></span> <span class='ocrx_word' id='word_1_175' title='bbox 1587 2113 1845 2185; x_wconf 89' lang='lat' dir='ltr'><strong>temporis</strong></span> 
     </span>
    </p>
   </div>
   <div class='ocr_carea' id='block_1_24' title="bbox 270 2198 1025 2267">
    <p class='ocr_par' dir='ltr' id='par_1_24' title="bbox 270 2198 1025 2267">
     <span class='ocr_line' id='line_1_24' title="bbox 270 2198 1025 2267; baseline 0.012 -18"><span class='ocrx_word' id='word_1_176' title='bbox 270 2198 682 2267; x_wconf 82' lang='lat' dir='ltr'><strong>opportunitate</strong></span> <span class='ocrx_word' id='word_1_177' title='bbox 714 2212 1025 2257; x_wconf 89' lang='lat' dir='ltr'><strong>sumantur.</strong></span> 
     </span>
    </p>
   </div>
   <div class='ocr_carea' id='block_1_25' title="bbox 343 2291 1843 2369">
    <p class='ocr_par' dir='ltr' id='par_1_25' title="bbox 343 2291 1843 2369">
     <span class='ocr_line' id='line_1_25' title="bbox 343 2291 1843 2369; baseline 0.006 -25"><span class='ocrx_word' id='word_1_178' title='bbox 343 2291 399 2344; x_wconf 79' lang='grc'><strong>2.</strong></span> <span class='ocrx_word' id='word_1_179' title='bbox 432 2292 667 2348; x_wconf 87' lang='lat' dir='ltr'><strong>Historia</strong></span> <span class='ocrx_word' id='word_1_180' title='bbox 723 2295 884 2352; x_wconf 91' lang='lat' dir='ltr'><strong>nobis</strong></span> <span class='ocrx_word' id='word_1_181' title='bbox 934 2299 1159 2352; x_wconf 90' lang='lat' dir='ltr'><strong>recitata</strong></span> <span class='ocrx_word' id='word_1_182' title='bbox 1208 2305 1291 2352; x_wconf 90' lang='lat' dir='ltr'><strong>est</strong></span> <span class='ocrx_word' id='word_1_183' title='bbox 1342 2297 1408 2353; x_wconf 90' lang='lat' dir='ltr'><strong>de</strong></span> <span class='ocrx_word' id='word_1_184' title='bbox 1475 2298 1649 2369; x_wconf 88' lang='lat' dir='ltr'><strong>primo</strong></span> <span class='ocrx_word' id='word_1_185' title='bbox 1706 2298 1843 2354; x_wconf 89' lang='lat' dir='ltr'><strong>libro</strong></span> 
     </span>
    </p>
   </div>
   <div class='ocr_carea' id='block_1_26' title="bbox 270 2381 1843 2458">
    <p class='ocr_par' dir='ltr' id='par_1_26' title="bbox 270 2381 1843 2458">
     <span class='ocr_line' id='line_1_26' title="bbox 270 2381 1843 2458; baseline 0.004 -23"><span class='ocrx_word' id='word_1_186' title='bbox 270 2381 610 2453; x_wconf 80' lang='lat' dir='ltr'><strong>Regnorum,</strong></span> <span class='ocrx_word' id='word_1_187' title='bbox 644 2400 762 2454; x_wconf 75' lang='lat' dir='ltr'><strong>quae</strong></span> <span class='ocrx_word' id='word_1_188' title='bbox 797 2387 871 2441; x_wconf 91' lang='lat' dir='ltr'><strong>ita</strong></span> <span class='ocrx_word' id='word_1_189' title='bbox 902 2389 1117 2443; x_wconf 85' lang='lat' dir='ltr'><strong>videtur</strong></span> <span class='ocrx_word' id='word_1_190' title='bbox 1144 2387 1401 2455; x_wconf 75' lang='lat' dir='ltr'><strong>difﬁcilis,</strong></span> <span class='ocrx_word' id='word_1_191' title='bbox 1430 2389 1725 2458; x_wconf 84' lang='lat' dir='ltr'><strong>ut-absque</strong></span> <span class='ocrx_word' id='word_1_192' title='bbox 1763 2390 1843 2444; x_wconf 90' lang='lat' dir='ltr'><strong>di-</strong></span> 
     </span>
    </p>
   </div>
   <div class='ocr_carea' id='block_1_27' title="bbox 264 2472 1842 2547">
    <p class='ocr_par' dir='ltr' id='par_1_27' title="bbox 264 2472 1842 2547">
     <span class='ocr_line' id='line_1_27' title="bbox 264 2472 1842 2547; baseline 0.008 -26"><span class='ocrx_word' id='word_1_193' title='bbox 264 2472 407 2526; x_wconf 70' lang='lat' dir='ltr'><strong>vina:</strong></span> <span class='ocrx_word' id='word_1_194' title='bbox 437 2473 651 2530; x_wconf 81' lang='lat' dir='ltr'><strong>virtutis</strong></span> <span class='ocrx_word' id='word_1_195' title='bbox 677 2476 849 2545; x_wconf 89' lang='lat' dir='ltr'><strong>gratia</strong></span> <span class='ocrx_word' id='word_1_196' title='bbox 875 2477 1183 2546; x_wconf 84' lang='lat' dir='ltr'><strong>explanatio</strong></span> <span class='ocrx_word' id='word_1_197' title='bbox 1206 2477 1323 2545; x_wconf 87' lang='lat' dir='ltr'><strong>ejus</strong></span> <span class='ocrx_word' id='word_1_198' title='bbox 1362 2493 1470 2532; x_wconf 89' lang='lat' dir='ltr'><strong>non</strong></span> <span class='ocrx_word' id='word_1_199' title='bbox 1515 2481 1686 2547; x_wconf 87' lang='lat' dir='ltr'><strong>possit</strong></span> <span class='ocrx_word' id='word_1_200' title='bbox 1748 2492 1842 2533; x_wconf 91' lang='lat' dir='ltr'><strong>ex-</strong></span> 
     </span>
    </p>
   </div>
   <div class='ocr_carea' id='block_1_28' title="bbox 264 2564 1842 2639">
    <p class='ocr_par' dir='ltr' id='par_1_28' title="bbox 264 2564 1842 2639">
     <span class='ocr_line' id='line_1_28' title="bbox 264 2564 1842 2639; baseline 0.004 -21"><span class='ocrx_word' id='word_1_201' title='bbox 264 2565 416 2634; x_wconf 80' lang='lat' dir='ltr'><strong>paui.</strong></span> <span class='ocrx_word' id='word_1_202' title='bbox 451 2564 709 2623; x_wconf 79' lang='lat' dir='ltr'><strong>Refertur</strong></span> <span class='ocrx_word' id='word_1_203' title='bbox 734 2583 862 2639; x_wconf 88' lang='lat' dir='ltr'><strong>ergo</strong></span> <span class='ocrx_word' id='word_1_204' title='bbox 896 2569 971 2624; x_wconf 91' lang='lat' dir='ltr'><strong>ibi</strong></span> <span class='ocrx_word' id='word_1_205' title='bbox 1003 2570 1046 2602; x_wconf 76' lang='grc'><strong>⁸⁷</strong></span> <span class='ocrx_word' id='word_1_206' title='bbox 1077 2585 1090 2616; x_wconf 89' lang='lat'>:</span> <span class='ocrx_word' id='word_1_207' title='bbox 1135 2587 1155 2622; x_wconf 76' lang='grc' dir='ltr'>ι</span> <span class='ocrx_word' id='word_1_208' title='bbox 1198 2570 1331 2624; x_wconf 89' lang='lat' dir='ltr'><strong>Erat</strong></span> <span class='ocrx_word' id='word_1_209' title='bbox 1360 2570 1444 2624; x_wconf 86' lang='lat' dir='ltr'><strong>vir</strong></span> <span class='ocrx_word' id='word_1_210' title='bbox 1466 2585 1606 2625; x_wconf 90' lang='lat' dir='ltr'><strong>unus</strong></span> <span class='ocrx_word' id='word_1_211' title='bbox 1633 2585 1696 2626; x_wconf 84' lang='lat' dir='ltr'><strong>ex</strong></span> <span class='ocrx_word' id='word_1_212' title='bbox 1731 2571 1842 2625; x_wconf 84' lang='lat' dir='ltr'><strong>Ra-</strong></span> 
     </span>
    </p>
   </div>
   <div class='ocr_carea' id='block_1_29' title="bbox 266 2655 1839 2730">
    <p class='ocr_par' dir='ltr' id='par_1_29' title="bbox 266 2655 1839 2730">
     <span class='ocr_line' id='line_1_29' title="bbox 266 2655 1839 2730; baseline 0.005 -23"><span class='ocrx_word' id='word_1_213' title='bbox 266 2655 525 2709; x_wconf 89' lang='lat' dir='ltr'><strong>mathaim</strong></span> <span class='ocrx_word' id='word_1_214' title='bbox 582 2656 784 2728; x_wconf 87' lang='lat' dir='ltr'><strong>Sophitt</strong></span> <span class='ocrx_word' id='word_1_215' title='bbox 845 2659 912 2715; x_wconf 92' lang='lat' dir='ltr'><strong>de</strong></span> <span class='ocrx_word' id='word_1_216' title='bbox 965 2668 1150 2714; x_wconf 90' lang='lat' dir='ltr'><strong>monte</strong></span> <span class='ocrx_word' id='word_1_217' title='bbox 1202 2660 1483 2730; x_wconf 86' lang='lat' dir='ltr'><strong>Ephraim,</strong></span> <span class='ocrx_word' id='word_1_218' title='bbox 1546 2670 1600 2716; x_wconf 88' lang='lat' dir='ltr'><strong>et</strong></span> <span class='ocrx_word' id='word_1_219' title='bbox 1643 2675 1839 2717; x_wconf 88' lang='lat' dir='ltr'><strong>nomen</strong></span> 
     </span>
    </p>
   </div>
   <div class='ocr_carea' id='block_1_30' title="bbox 264 2743 1843 2823">
    <p class='ocr_par' dir='ltr' id='par_1_30' title="bbox 264 2743 1843 2823">
     <span class='ocr_line' id='line_1_30' title="bbox 264 2743 1843 2823; baseline 0.006 -26"><span class='ocrx_word' id='word_1_220' title='bbox 264 2743 382 2812; x_wconf 88' lang='lat' dir='ltr'><strong>ejus</strong></span> <span class='ocrx_word' id='word_1_221' title='bbox 411 2746 708 2803; x_wconf 86' lang='lat' dir='ltr'><strong>Helchana.</strong></span> <span class='ocrx_word' id='word_1_222' title='bbox 747 2767 767 2800; x_wconf 73' lang='grc' dir='ltr'><strong><em>ι</em></strong></span> <span class='ocrx_word' id='word_1_223' title='bbox 796 2748 1014 2806; x_wconf 86' lang='lat' dir='ltr'><strong>Etcum</strong></span> <span class='ocrx_word' id='word_1_224' title='bbox 1054 2761 1432 2806; x_wconf 84' lang='lat' dir='ltr'><strong>enumerasset</strong></span> <span class='ocrx_word' id='word_1_225' title='bbox 1481 2766 1699 2807; x_wconf 89' lang='lat' dir='ltr'><strong>omnem</strong></span> <span class='ocrx_word' id='word_1_226' title='bbox 1750 2767 1843 2823; x_wconf 83' lang='lat' dir='ltr'><strong>ge-</strong></span> 
     </span>
    </p>
   </div>
   <div class='ocr_carea' id='block_1_31' title="bbox 264 2843 1842 2917">
    <p class='ocr_par' dir='ltr' id='par_1_31' title="bbox 264 2843 1842 2917">
     <span class='ocr_line' id='line_1_31' title="bbox 264 2843 1842 2917; baseline 0.004 -23"><span class='ocrx_word' id='word_1_227' title='bbox 264 2843 608 2897; x_wconf 88' lang='lat' dir='ltr'><strong>nerationem</strong></span> <span class='ocrx_word' id='word_1_228' title='bbox 639 2843 774 2913; x_wconf 88' lang='lat' dir='ltr'><strong>ejus,</strong></span> <span class='ocrx_word' id='word_1_229' title='bbox 803 2845 935 2902; x_wconf 82' lang='lat' dir='ltr'><strong>dicit</strong></span> <span class='ocrx_word' id='word_1_230' title='bbox 964 2862 980 2899; x_wconf 90' lang='lat'><strong>:</strong></span> <span class='ocrx_word' id='word_1_231' title='bbox 1009 2864 1028 2897; x_wconf 74' lang='grc' dir='ltr'>ι</span> <span class='ocrx_word' id='word_1_232' title='bbox 1061 2846 1127 2900; x_wconf 84' lang='grc' dir='ltr'><strong>Ει</strong></span> <span class='ocrx_word' id='word_1_233' title='bbox 1150 2846 1274 2900; x_wconf 92' lang='lat' dir='ltr'><strong>huic</strong></span> <span class='ocrx_word' id='word_1_234' title='bbox 1295 2855 1473 2910; x_wconf 89' lang='lat' dir='ltr'><strong>erant,</strong></span> <span class='ocrx_word' id='word_1_235' title='bbox 1499 2847 1695 2917; x_wconf 80' lang='lat' dir='ltr'><strong>inquit,</strong></span> <span class='ocrx_word' id='word_1_236' title='bbox 1720 2847 1842 2901; x_wconf 78' lang='lat' dir='ltr'><strong>duae</strong></span> 
     </span>
    </p>
   </div>
   <div class='ocr_carea' id='block_1_32' title="bbox 266 2938 1841 3004">
    <p class='ocr_par' dir='ltr' id='par_1_32' title="bbox 266 2938 1841 3004">
     <span class='ocr_line' id='line_1_32' title="bbox 266 2938 1841 3004; baseline 0.003 -16"><span class='ocrx_word' id='word_1_237' title='bbox 266 2949 491 3001; x_wconf 78' lang='lat' dir='ltr'><strong>uxores,</strong></span> <span class='ocrx_word' id='word_1_238' title='bbox 517 2952 712 2992; x_wconf 89' lang='lat' dir='ltr'><strong>nomen</strong></span> <span class='ocrx_word' id='word_1_239' title='bbox 748 2938 841 2992; x_wconf 91' lang='lat' dir='ltr'><strong>uni</strong></span> <span class='ocrx_word' id='word_1_240' title='bbox 867 2939 1044 3004; x_wconf 75' lang='lat' dir='ltr'><strong>Anna,</strong></span> <span class='ocrx_word' id='word_1_241' title='bbox 1071 2946 1127 2994; x_wconf 90' lang='lat' dir='ltr'><strong>et</strong></span> <span class='ocrx_word' id='word_1_242' title='bbox 1154 2953 1349 2994; x_wconf 88' lang='lat' dir='ltr'><strong>nomen</strong></span> <span class='ocrx_word' id='word_1_243' title='bbox 1393 2940 1645 2994; x_wconf 68' lang='lat' dir='ltr'><strong>secundae</strong></span> <span class='ocrx_word' id='word_1_244' title='bbox 1697 2938 1841 2993; x_wconf 87' lang='lat' dir='ltr'><strong>Phe-</strong></span> 
     </span>
    </p>
   </div>
   <div class='ocr_carea' id='block_1_33' title="bbox 1957 459 3542 538">
    <p class='ocr_par' dir='ltr' id='par_1_33' title="bbox 1957 459 3542 538">
     <span class='ocr_line' id='line_1_33' title="bbox 1957 459 3542 538; baseline 0.009 -25"><span class='ocrx_word' id='word_1_245' title='bbox 1957 459 2156 529; x_wconf 90' lang='lat' dir='ltr'><strong>aliquis</strong></span> <span class='ocrx_word' id='word_1_246' title='bbox 2187 462 2256 515; x_wconf 88' lang='lat' dir='ltr'><strong>ad</strong></span> <span class='ocrx_word' id='word_1_247' title='bbox 2305 461 2636 516; x_wconf 89' lang='lat' dir='ltr'><strong>audientiam</strong></span> <span class='ocrx_word' id='word_1_248' title='bbox 2703 464 2836 534; x_wconf 90' lang='lat' dir='ltr'><strong>legis</strong></span> <span class='ocrx_word' id='word_1_249' title='bbox 2903 472 3103 521; x_wconf 72' lang='lat' dir='ltr'><strong>nostra:</strong></span> <span class='ocrx_word' id='word_1_250' title='bbox 3165 483 3340 538; x_wconf 85' lang='lat' dir='ltr'><strong>nuper</strong></span> <span class='ocrx_word' id='word_1_251' title='bbox 3387 486 3542 526; x_wconf 85' lang='lat' dir='ltr'><strong>accc-</strong></span> 
     </span>
    </p>
   </div>
   <div class='ocr_carea' id='block_1_34' title="bbox 1954 550 3541 629">
    <p class='ocr_par' dir='ltr' id='par_1_34' title="bbox 1954 550 3541 629">
     <span class='ocr_line' id='line_1_34' title="bbox 1954 550 3541 629; baseline 0.007 -24"><span class='ocrx_word' id='word_1_252' title='bbox 1954 550 2086 605; x_wconf 87' lang='lat' dir='ltr'><strong>dens</strong></span> <span class='ocrx_word' id='word_1_253' title='bbox 2111 569 2126 606; x_wconf 89' lang='lat'><strong>:</strong></span> <span class='ocrx_word' id='word_1_254' title='bbox 2152 551 2459 606; x_wconf 85' lang='lat' dir='ltr'><strong>Christiana</strong></span> <span class='ocrx_word' id='word_1_255' title='bbox 2490 553 2680 623; x_wconf 81' lang='lat' dir='ltr'><strong>religio</strong></span> <span class='ocrx_word' id='word_1_256' title='bbox 2719 556 3032 624; x_wconf 88' lang='lat' dir='ltr'><strong>pudicitiam</strong></span> <span class='ocrx_word' id='word_1_257' title='bbox 3076 559 3400 629; x_wconf 87' lang='lat' dir='ltr'><strong>profitetur,</strong></span> <span class='ocrx_word' id='word_1_258' title='bbox 3456 562 3541 616; x_wconf 78' lang='lat' dir='ltr'><strong>in-</strong></span> 
     </span>
    </p>
   </div>
   <div class='ocr_carea' id='block_1_35' title="bbox 1955 643 3538 722">
    <p class='ocr_par' dir='ltr' id='par_1_35' title="bbox 1955 643 3538 722">
     <span class='ocr_line' id='line_1_35' title="bbox 1955 643 3538 722; baseline 0.009 -27"><span class='ocrx_word' id='word_1_259' title='bbox 1955 651 2165 696; x_wconf 90' lang='lat' dir='ltr'><strong>tantum</strong></span> <span class='ocrx_word' id='word_1_260' title='bbox 2203 653 2279 706; x_wconf 92' lang='lat' dir='ltr'><strong>ut,</strong></span> <span class='ocrx_word' id='word_1_261' title='bbox 2314 644 2361 697; x_wconf 85' lang='lat' dir='ltr'><strong>si</strong></span> <span class='ocrx_word' id='word_1_262' title='bbox 2397 643 2511 698; x_wconf 88' lang='lat' dir='ltr'><strong>fieri</strong></span> <span class='ocrx_word' id='word_1_263' title='bbox 2541 655 2736 713; x_wconf 89' lang='lat' dir='ltr'><strong>potest,</strong></span> <span class='ocrx_word' id='word_1_264' title='bbox 2768 663 2869 703; x_wconf 91' lang='lat' dir='ltr'><strong>nec</strong></span> <span class='ocrx_word' id='word_1_265' title='bbox 2896 650 3280 722; x_wconf 87' lang='lat' dir='ltr'><strong>contingamus</strong></span> <span class='ocrx_word' id='word_1_266' title='bbox 3312 656 3538 709; x_wconf 90' lang='lat' dir='ltr'><strong>omnino</strong></span> 
     </span>
    </p>
   </div>
   <div class='ocr_carea' id='block_1_36' title="bbox 1952 731 3533 806">
    <p class='ocr_par' dir='ltr' id='par_1_36' title="bbox 1952 731 3533 806">
     <span class='ocr_line' id='line_1_36' title="bbox 1952 731 3533 806; baseline 0.011 -23"><span class='ocrx_word' id='word_1_267' title='bbox 1952 731 2258 787; x_wconf 88' lang='lat' dir='ltr'><strong>mulierem.</strong></span> <span class='ocrx_word' id='word_1_268' title='bbox 2293 733 2383 787; x_wconf 92' lang='lat' dir='ltr'><strong>Sic</strong></span> <span class='ocrx_word' id='word_1_269' title='bbox 2428 735 2573 788; x_wconf 90' lang='lat' dir='ltr'><strong>enim</strong></span> <span class='ocrx_word' id='word_1_270' title='bbox 2610 737 2741 791; x_wconf 90' lang='lat' dir='ltr'><strong>dicit</strong></span> <span class='ocrx_word' id='word_1_271' title='bbox 2771 739 3060 806; x_wconf 88' lang='lat' dir='ltr'><strong>Apostolus</strong></span> <span class='ocrx_word' id='word_1_272' title='bbox 3088 742 3134 774; x_wconf 77' lang='grc'>⁸⁸</span> <span class='ocrx_word' id='word_1_273' title='bbox 3181 759 3197 797; x_wconf 90' lang='lat'><strong>:</strong></span> <span class='ocrx_word' id='word_1_274' title='bbox 3258 761 3277 794; x_wconf 76' lang='grc' dir='ltr'>ι</span> <span class='ocrx_word' id='word_1_275' title='bbox 3322 745 3533 801; x_wconf 88' lang='lat' dir='ltr'><strong>Bonum</strong></span> 
     </span>
    </p>
   </div>
   <div class='ocr_carea' id='block_1_37' title="bbox 1950 822 3539 906">
    <p class='ocr_par' dir='ltr' id='par_1_37' title="bbox 1950 822 3539 906">
     <span class='ocr_line' id='line_1_37' title="bbox 1950 822 3539 906; baseline 0.011 -32"><span class='ocrx_word' id='word_1_276' title='bbox 1950 828 2033 874; x_wconf 91' lang='lat' dir='ltr'><strong>est</strong></span> <span class='ocrx_word' id='word_1_277' title='bbox 2059 822 2262 876; x_wconf 89' lang='lat' dir='ltr'><strong>homini</strong></span> <span class='ocrx_word' id='word_1_278' title='bbox 2296 838 2402 878; x_wconf 92' lang='lat' dir='ltr'><strong>non</strong></span> <span class='ocrx_word' id='word_1_279' title='bbox 2435 834 2659 896; x_wconf 75' lang='lat' dir='ltr'><strong>tangere</strong></span> <span class='ocrx_word' id='word_1_280' title='bbox 2690 828 2995 885; x_wconf 89' lang='lat' dir='ltr'><strong>mulierem.</strong></span> <span class='ocrx_word' id='word_1_281' title='bbox 3029 850 3048 885; x_wconf 83' lang='grc'><strong>›</strong></span> <span class='ocrx_word' id='word_1_282' title='bbox 3078 831 3185 889; x_wconf 81' lang='lat' dir='ltr'><strong>iste</strong></span> <span class='ocrx_word' id='word_1_283' title='bbox 3237 846 3414 891; x_wconf 91' lang='lat' dir='ltr'><strong>autem</strong></span> <span class='ocrx_word' id='word_1_284' title='bbox 3449 838 3539 906; x_wconf 88' lang='lat' dir='ltr'><strong>ju-</strong></span> 
     </span>
    </p>
   </div>
   <div class='ocr_carea' id='block_1_38' title="bbox 1953 914 3536 999">
    <p class='ocr_par' dir='ltr' id='par_1_38' title="bbox 1953 914 3536 999">
     <span class='ocr_line' id='line_1_38' title="bbox 1953 914 3536 999; baseline 0.011 -31"><span class='ocrx_word' id='word_1_285' title='bbox 1953 925 2072 969; x_wconf 73' lang='lat' dir='ltr'><strong>etus</strong></span> <span class='ocrx_word' id='word_1_286' title='bbox 2096 924 2220 969; x_wconf 88' lang='lat' dir='ltr'><strong>tuus</strong></span> <span class='ocrx_word' id='word_1_287' title='bbox 2246 914 2521 972; x_wconf 32' lang='lat' dir='ltr'><strong>l‘lelchana</strong></span> <span class='ocrx_word' id='word_1_288' title='bbox 2567 919 2657 987; x_wconf 92' lang='lat' dir='ltr'><strong>qui</strong></span> <span class='ocrx_word' id='word_1_289' title='bbox 2702 922 2857 976; x_wconf 90' lang='lat' dir='ltr'><strong>nobis</strong></span> <span class='ocrx_word' id='word_1_290' title='bbox 2883 938 2910 975; x_wconf 93' lang='lat' dir='ltr'><strong>a</strong></span> <span class='ocrx_word' id='word_1_291' title='bbox 2951 921 3229 994; x_wconf 87' lang='lat' dir='ltr'><strong>Scriptura</strong></span> <span class='ocrx_word' id='word_1_292' title='bbox 3273 935 3536 999; x_wconf 89' lang='lat' dir='ltr'><strong>proponi-</strong></span> 
     </span>
    </p>
   </div>
   <div class='ocr_carea' id='block_1_39' title="bbox 1952 1007 3534 1079">
    <p class='ocr_par' dir='ltr' id='par_1_39' title="bbox 1952 1007 3534 1079">
     <span class='ocr_line' id='line_1_39' title="bbox 1952 1007 3534 1079; baseline 0.01 -18"><span class='ocrx_word' id='word_1_293' title='bbox 1952 1016 2040 1061; x_wconf 91' lang='lat' dir='ltr'><strong>tur</strong></span> <span class='ocrx_word' id='word_1_294' title='bbox 2074 1007 2143 1062; x_wconf 90' lang='lat' dir='ltr'><strong>ad</strong></span> <span class='ocrx_word' id='word_1_295' title='bbox 2193 1008 2499 1077; x_wconf 85' lang='lat' dir='ltr'><strong>exemplum</strong></span> <span class='ocrx_word' id='word_1_296' title='bbox 2534 1052 2549 1075; x_wconf 94' lang='lat'><strong>,</strong></span> <span class='ocrx_word' id='word_1_297' title='bbox 2620 1012 2756 1065; x_wconf 85' lang='lat' dir='ltr'><strong>duas</strong></span> <span class='ocrx_word' id='word_1_298' title='bbox 2804 1013 2965 1068; x_wconf 90' lang='lat' dir='ltr'><strong>simul</strong></span> <span class='ocrx_word' id='word_1_299' title='bbox 3009 1032 3206 1074; x_wconf 81' lang='lat' dir='ltr'><strong>uxores</strong></span> <span class='ocrx_word' id='word_1_300' title='bbox 3274 1021 3534 1079; x_wconf 88' lang='lat' dir='ltr'><strong>habuisse</strong></span> 
     </span>
    </p>
   </div>
   <div class='ocr_carea' id='block_1_40' title="bbox 1950 1097 3528 1182">
    <p class='ocr_par' dir='ltr' id='par_1_40' title="bbox 1950 1097 3528 1182">
     <span class='ocr_line' id='line_1_40' title="bbox 1950 1097 3528 1182; baseline 0.011 -32"><span class='ocrx_word' id='word_1_301' title='bbox 1950 1097 2277 1155; x_wconf 85' lang='lat' dir='ltr'><strong>describitur</strong></span> <span class='ocrx_word' id='word_1_302' title='bbox 2309 1115 2321 1150; x_wconf 96' lang='lat'>:</span> <span class='ocrx_word' id='word_1_303' title='bbox 2353 1115 2419 1154; x_wconf 84' lang='lat' dir='ltr'><strong>ex</strong></span> <span class='ocrx_word' id='word_1_304' title='bbox 2449 1101 2647 1169; x_wconf 89' lang='lat' dir='ltr'><strong>quibus</strong></span> <span class='ocrx_word' id='word_1_305' title='bbox 2686 1103 2774 1156; x_wconf 91' lang='lat' dir='ltr'><strong>illa</strong></span> <span class='ocrx_word' id='word_1_306' title='bbox 2823 1120 2943 1173; x_wconf 71' lang='lat' dir='ltr'><strong>qua:</strong></span> <span class='ocrx_word' id='word_1_307' title='bbox 2980 1110 3132 1176; x_wconf 90' lang='lat' dir='ltr'><strong>prior</strong></span> <span class='ocrx_word' id='word_1_308' title='bbox 3189 1112 3528 1182; x_wconf 89' lang='lat' dir='ltr'><strong>nominatur,</strong></span> 
     </span>
    </p>
   </div>
   <div class='ocr_carea' id='block_1_41' title="bbox 1950 1190 3527 1263">
    <p class='ocr_par' dir='ltr' id='par_1_41' title="bbox 1950 1190 3527 1263">
     <span class='ocr_line' id='line_1_41' title="bbox 1950 1190 3527 1263; baseline 0.011 -21"><span class='ocrx_word' id='word_1_309' title='bbox 1950 1204 2056 1242; x_wconf 92' lang='lat' dir='ltr'><strong>non</strong></span> <span class='ocrx_word' id='word_1_310' title='bbox 2089 1190 2252 1244; x_wconf 91' lang='lat' dir='ltr'><strong>habet</strong></span> <span class='ocrx_word' id='word_1_311' title='bbox 2290 1190 2485 1257; x_wconf 85' lang='lat' dir='ltr'><strong>ﬁlium,</strong></span> <span class='ocrx_word' id='word_1_312' title='bbox 2519 1193 2569 1246; x_wconf 88' lang='lat' dir='ltr'><strong>id</strong></span> <span class='ocrx_word' id='word_1_313' title='bbox 2623 1204 2728 1259; x_wconf 85' lang='lat' dir='ltr'><strong>est,</strong></span> <span class='ocrx_word' id='word_1_314' title='bbox 2760 1195 2950 1263; x_wconf 86' lang='lat' dir='ltr'><strong>Anna;</strong></span> <span class='ocrx_word' id='word_1_315' title='bbox 2992 1199 3285 1256; x_wconf 85' lang='lat' dir='ltr'><strong>Phenenna</strong></span> <span class='ocrx_word' id='word_1_316' title='bbox 3346 1214 3527 1260; x_wconf 85' lang='lat' dir='ltr'><strong>autem</strong></span> 
     </span>
    </p>
   </div>
   <div class='ocr_carea' id='block_1_42' title="bbox 1949 1282 3528 1354">
    <p class='ocr_par' dir='ltr' id='par_1_42' title="bbox 1949 1282 3528 1354">
     <span class='ocr_line' id='line_1_42' title="bbox 1949 1282 3528 1354; baseline 0.011 -18"><span class='ocrx_word' id='word_1_317' title='bbox 1949 1289 2005 1336; x_wconf 91' lang='lat' dir='ltr'><strong>et</strong></span> <span class='ocrx_word' id='word_1_318' title='bbox 2073 1282 2272 1339; x_wconf 90' lang='lat' dir='ltr'><strong>multos</strong></span> <span class='ocrx_word' id='word_1_319' title='bbox 2318 1284 2521 1341; x_wconf 89' lang='lat' dir='ltr'><strong>habere</strong></span> <span class='ocrx_word' id='word_1_320' title='bbox 2564 1286 2704 1343; x_wconf 89' lang='lat' dir='ltr'><strong>filios</strong></span> <span class='ocrx_word' id='word_1_321' title='bbox 2756 1288 2959 1345; x_wconf 85' lang='lat' dir='ltr'><strong>dicitur</strong></span> <span class='ocrx_word' id='word_1_322' title='bbox 3010 1303 3068 1346; x_wconf 90' lang='lat' dir='ltr'><strong>et</strong></span> <span class='ocrx_word' id='word_1_323' title='bbox 3119 1295 3314 1351; x_wconf 88' lang='lat' dir='ltr'><strong>multas</strong></span> <span class='ocrx_word' id='word_1_324' title='bbox 3367 1312 3528 1354; x_wconf 91' lang='lat' dir='ltr'><strong>acce-</strong></span> 
     </span>
    </p>
   </div>
   <div class='ocr_carea' id='block_1_43' title="bbox 1950 1371 3527 1458">
    <p class='ocr_par' dir='ltr' id='par_1_43' title="bbox 1950 1371 3527 1458">
     <span class='ocr_line' id='line_1_43' title="bbox 1950 1371 3527 1458; baseline 0.01 -32"><span class='ocrx_word' id='word_1_325' title='bbox 1950 1371 2093 1442; x_wconf 88' lang='lat' dir='ltr'><strong>pisse</strong></span> <span class='ocrx_word' id='word_1_326' title='bbox 2134 1375 2438 1441; x_wconf 89' lang='lat' dir='ltr'><strong>portiones.</strong></span> <span class='ocrx_word' id='word_1_327' title='bbox 2501 1376 2591 1431; x_wconf 88' lang='lat' dir='ltr'><strong>Illa</strong></span> <span class='ocrx_word' id='word_1_328' title='bbox 2641 1387 2820 1434; x_wconf 86' lang='lat' dir='ltr'><strong>autem</strong></span> <span class='ocrx_word' id='word_1_329' title='bbox 2891 1384 3042 1451; x_wconf 92' lang='lat' dir='ltr'><strong>prior</strong></span> <span class='ocrx_word' id='word_1_330' title='bbox 3094 1401 3256 1440; x_wconf 91' lang='lat' dir='ltr'><strong>unam</strong></span> <span class='ocrx_word' id='word_1_331' title='bbox 3303 1390 3527 1458; x_wconf 86' lang='lat' dir='ltr'><strong>solam,</strong></span> 
     </span>
    </p>
   </div>
   <div class='ocr_carea' id='block_1_44' title="bbox 1948 1466 3528 1541">
    <p class='ocr_par' dir='ltr' id='par_1_44' title="bbox 1948 1466 3528 1541">
     <span class='ocr_line' id='line_1_44' title="bbox 1948 1466 3528 1541; baseline 0.012 -23"><span class='ocrx_word' id='word_1_332' title='bbox 1948 1467 2076 1536; x_wconf 87' lang='lat' dir='ltr'><strong>quia</strong></span> <span class='ocrx_word' id='word_1_333' title='bbox 2107 1466 2222 1537; x_wconf 90' lang='lat' dir='ltr'><strong>ipsa</strong></span> <span class='ocrx_word' id='word_1_334' title='bbox 2257 1468 2371 1523; x_wconf 88' lang='lat' dir='ltr'><strong>sola</strong></span> <span class='ocrx_word' id='word_1_335' title='bbox 2410 1475 2525 1535; x_wconf 88' lang='lat' dir='ltr'><strong>est,</strong></span> <span class='ocrx_word' id='word_1_336' title='bbox 2570 1473 2781 1540; x_wconf 88' lang='lat' dir='ltr'><strong>accepit</strong></span> <span class='ocrx_word' id='word_1_337' title='bbox 2810 1484 3045 1541; x_wconf 85' lang='lat' dir='ltr'><strong>partem,</strong></span> <span class='ocrx_word' id='word_1_338' title='bbox 3097 1488 3153 1531; x_wconf 90' lang='lat' dir='ltr'><strong>et</strong></span> <span class='ocrx_word' id='word_1_339' title='bbox 3207 1480 3272 1535; x_wconf 90' lang='lat' dir='ltr'><strong>de</strong></span> <span class='ocrx_word' id='word_1_340' title='bbox 3328 1482 3528 1536; x_wconf 81' lang='lat' dir='ltr'><strong>sterili-</strong></span> 
     </span>
    </p>
   </div>
   <div class='ocr_carea' id='block_1_45' title="bbox 1949 1560 3525 1634">
    <p class='ocr_par' dir='ltr' id='par_1_45' title="bbox 1949 1560 3525 1634">
     <span class='ocr_line' id='line_1_45' title="bbox 1949 1560 3525 1634; baseline 0.011 -21"><span class='ocrx_word' id='word_1_341' title='bbox 1949 1568 2061 1614; x_wconf 90' lang='lat' dir='ltr'><strong>tate</strong></span> <span class='ocrx_word' id='word_1_342' title='bbox 2094 1562 2465 1630; x_wconf 89' lang='lat' dir='ltr'><strong>conqueritur.</strong></span> <span class='ocrx_word' id='word_1_343' title='bbox 2528 1560 2910 1634; x_wconf 88' lang='lat' dir='ltr'><strong>Nunquidnam</strong></span> <span class='ocrx_word' id='word_1_344' title='bbox 2960 1577 3014 1624; x_wconf 91' lang='lat' dir='ltr'><strong>et</strong></span> <span class='ocrx_word' id='word_1_345' title='bbox 3064 1568 3162 1626; x_wconf 81' lang='lat' dir='ltr'><strong>n‘os</strong></span> <span class='ocrx_word' id='word_1_346' title='bbox 3213 1576 3525 1631; x_wconf 86' lang='lat' dir='ltr'><strong>contristari</strong></span> 
     </span>
    </p>
   </div>
   <div class='ocr_carea' id='block_1_46' title="bbox 1947 1648 3525 1736">
    <p class='ocr_par' dir='ltr' id='par_1_46' title="bbox 1947 1648 3525 1736">
     <span class='ocr_line' id='line_1_46' title="bbox 1947 1648 3525 1736; baseline 0.01 -33"><span class='ocrx_word' id='word_1_347' title='bbox 1947 1648 2212 1706; x_wconf 81' lang='lat' dir='ltr'><strong>debemus</strong></span> <span class='ocrx_word' id='word_1_348' title='bbox 2239 1651 2545 1720; x_wconf 61' lang='lat' dir='ltr'><strong>quia.fi|ios</strong></span> <span class='ocrx_word' id='word_1_349' title='bbox 2575 1669 2681 1709; x_wconf 92' lang='lat' dir='ltr'><strong>non</strong></span> <span class='ocrx_word' id='word_1_350' title='bbox 2704 1655 2985 1719; x_wconf 90' lang='lat' dir='ltr'><strong>habemus,</strong></span> <span class='ocrx_word' id='word_1_351' title='bbox 3014 1669 3070 1711; x_wconf 89' lang='lat' dir='ltr'><strong>et</strong></span> <span class='ocrx_word' id='word_1_352' title='bbox 3094 1661 3332 1728; x_wconf 81' lang='lat' dir='ltr'><strong>virgines</strong></span> <span class='ocrx_word' id='word_1_353' title='bbox 3358 1663 3525 1736; x_wconf 66' lang='lat'><strong>483</strong></span> 
     </span>
    </p>
   </div>
   <div class='ocr_carea' id='block_1_47' title="bbox 1948 1740 3526 1814">
    <p class='ocr_par' dir='ltr' id='par_1_47' title="bbox 1948 1740 3526 1814">
     <span class='ocr_line' id='line_1_47' title="bbox 1948 1740 3526 1814; baseline 0.011 -20"><span class='ocrx_word' id='word_1_354' title='bbox 1948 1749 2150 1795; x_wconf 85' lang='lat' dir='ltr'><strong>nostrae</strong></span> <span class='ocrx_word' id='word_1_355' title='bbox 2194 1740 2510 1798; x_wconf 86' lang='lat' dir='ltr'><strong>contristari</strong></span> <span class='ocrx_word' id='word_1_356' title='bbox 2545 1745 2740 1799; x_wconf 87' lang='lat' dir='ltr'><strong>debent</strong></span> <span class='ocrx_word' id='word_1_357' title='bbox 2770 1750 2913 1814; x_wconf 91' lang='lat' dir='ltr'><strong>quod</strong></span> <span class='ocrx_word' id='word_1_358' title='bbox 2958 1751 3076 1803; x_wconf 89' lang='lat' dir='ltr'><strong>sine</strong></span> <span class='ocrx_word' id='word_1_359' title='bbox 3126 1750 3252 1806; x_wconf 77' lang='lat' dir='ltr'><strong>filiis</strong></span> <span class='ocrx_word' id='word_1_360' title='bbox 3296 1754 3526 1811; x_wconf 78' lang='lat' dir='ltr'><strong>vivunt?</strong></span> 
     </span>
    </p>
   </div>
   <div class='ocr_carea' id='block_1_48' title="bbox 1951 1830 3523 1912">
    <p class='ocr_par' dir='ltr' id='par_1_48' title="bbox 1951 1830 3523 1912">
     <span class='ocr_line' id='line_1_48' title="bbox 1951 1830 3523 1912; baseline 0.011 -27"><span class='ocrx_word' id='word_1_361' title='bbox 1951 1830 2077 1886; x_wconf 69' lang='lat' dir='ltr'><strong>Haec</strong></span> <span class='ocrx_word' id='word_1_362' title='bbox 2113 1832 2225 1887; x_wconf 92' lang='lat' dir='ltr'><strong>dixi</strong></span> <span class='ocrx_word' id='word_1_363' title='bbox 2257 1847 2542 1889; x_wconf 89' lang='lat' dir='ltr'><strong>assumens</strong></span> <span class='ocrx_word' id='word_1_364' title='bbox 2570 1851 2858 1905; x_wconf 85' lang='lat' dir='ltr'><strong>personam</strong></span> <span class='ocrx_word' id='word_1_365' title='bbox 2883 1853 3095 1907; x_wconf 90' lang='lat' dir='ltr'><strong>eorum,</strong></span> <span class='ocrx_word' id='word_1_366' title='bbox 3138 1844 3228 1912; x_wconf 91' lang='lat' dir='ltr'><strong>qui</strong></span> <span class='ocrx_word' id='word_1_367' title='bbox 3285 1849 3523 1903; x_wconf 89' lang='lat' dir='ltr'><strong>nondum</strong></span> 
     </span>
    </p>
   </div>
   <div class='ocr_carea' id='block_1_49' title="bbox 1947 1924 3523 2004">
    <p class='ocr_par' dir='ltr' id='par_1_49' title="bbox 1947 1924 3523 2004">
     <span class='ocr_line' id='line_1_49' title="bbox 1947 1924 3523 2004; baseline 0.011 -27"><span class='ocrx_word' id='word_1_368' title='bbox 1947 1924 2109 1994; x_wconf 83' lang='lat' dir='ltr'><strong>plene</strong></span> <span class='ocrx_word' id='word_1_369' title='bbox 2142 1926 2394 1981; x_wconf 86' lang='lat' dir='ltr'><strong>instructi</strong></span> <span class='ocrx_word' id='word_1_370' title='bbox 2428 1927 2493 1981; x_wconf 90' lang='lat' dir='ltr'><strong>de</strong></span> <span class='ocrx_word' id='word_1_371' title='bbox 2527 1930 2612 1983; x_wconf 91' lang='lat' dir='ltr'><strong>his</strong></span> <span class='ocrx_word' id='word_1_372' title='bbox 2650 1945 2768 1999; x_wconf 71' lang='lat' dir='ltr'><strong>qua:</strong></span> <span class='ocrx_word' id='word_1_373' title='bbox 2816 1932 2868 1985; x_wconf 92' lang='lat' dir='ltr'><strong>in</strong></span> <span class='ocrx_word' id='word_1_374' title='bbox 2922 1933 3220 2004; x_wconf 90' lang='lat' dir='ltr'><strong>Scripturis</strong></span> <span class='ocrx_word' id='word_1_375' title='bbox 3248 1941 3523 1995; x_wconf 87' lang='lat' dir='ltr'><strong>veteribus</strong></span> 
     </span>
    </p>
   </div>
   <div class='ocr_carea' id='block_1_50' title="bbox 1955 2016 3526 2100">
    <p class='ocr_par' dir='ltr' id='par_1_50' title="bbox 1955 2016 3526 2100">
     <span class='ocr_line' id='line_1_50' title="bbox 1955 2016 3526 2100; baseline 0.01 -30"><span class='ocrx_word' id='word_1_376' title='bbox 1955 2016 2290 2086; x_wconf 82' lang='lat' dir='ltr'><strong>recitantur,</strong></span> <span class='ocrx_word' id='word_1_377' title='bbox 2323 2019 2528 2074; x_wconf 84' lang='lat' dir='ltr'><strong>moveri</strong></span> <span class='ocrx_word' id='word_1_378' title='bbox 2574 2022 2946 2089; x_wconf 88' lang='lat' dir='ltr'><strong>scrupulosius</strong></span> <span class='ocrx_word' id='word_1_379' title='bbox 2997 2027 3190 2080; x_wconf 89' lang='lat' dir='ltr'><strong>solent.</strong></span> <span class='ocrx_word' id='word_1_380' title='bbox 3251 2029 3526 2100; x_wconf 83' lang='lat' dir='ltr'><strong>Deprecor</strong></span> 
     </span>
    </p>
   </div>
   <div class='ocr_carea' id='block_1_51' title="bbox 1945 2113 3522 2190">
    <p class='ocr_par' dir='ltr' id='par_1_51' title="bbox 1945 2113 3522 2190">
     <span class='ocr_line' id='line_1_51' title="bbox 1945 2113 3522 2190; baseline 0.008 -30"><span class='ocrx_word' id='word_1_381' title='bbox 1945 2117 2124 2162; x_wconf 90' lang='lat' dir='ltr'><strong>autem</strong></span> <span class='ocrx_word' id='word_1_382' title='bbox 2165 2122 2259 2163; x_wconf 92' lang='lat' dir='ltr'><strong>vos</strong></span> <span class='ocrx_word' id='word_1_383' title='bbox 2301 2122 2525 2175; x_wconf 86' lang='lat' dir='ltr'><strong>omnes,</strong></span> <span class='ocrx_word' id='word_1_384' title='bbox 2559 2120 2616 2163; x_wconf 91' lang='lat' dir='ltr'><strong>ut</strong></span> <span class='ocrx_word' id='word_1_385' title='bbox 2652 2113 2911 2180; x_wconf 89' lang='lat' dir='ltr'><strong>quoniam</strong></span> <span class='ocrx_word' id='word_1_386' title='bbox 2939 2126 3157 2190; x_wconf 77' lang='lat' dir='ltr'><strong>sensum</strong></span> <span class='ocrx_word' id='word_1_387' title='bbox 3192 2125 3298 2170; x_wconf 94' lang='lat' dir='ltr'><strong>tam</strong></span> <span class='ocrx_word' id='word_1_388' title='bbox 3327 2118 3522 2173; x_wconf 81' lang='lat' dir='ltr'><strong>ditiici-</strong></span> 
     </span>
    </p>
   </div>
   <div class='ocr_carea' id='block_1_52' title="bbox 1945 2197 3524 2276">
    <p class='ocr_par' dir='ltr' id='par_1_52' title="bbox 1945 2197 3524 2276">
     <span class='ocr_line' id='line_1_52' title="bbox 1945 2197 3524 2276; baseline 0.009 -25"><span class='ocrx_word' id='word_1_389' title='bbox 1945 2197 2076 2252; x_wconf 90' lang='lat' dir='ltr'><strong>lium</strong></span> <span class='ocrx_word' id='word_1_390' title='bbox 2125 2212 2305 2254; x_wconf 90' lang='lat' dir='ltr'><strong>rerum</strong></span> <span class='ocrx_word' id='word_1_391' title='bbox 2338 2215 2598 2256; x_wconf 85' lang='lat' dir='ltr'><strong>conamur</strong></span> <span class='ocrx_word' id='word_1_392' title='bbox 2642 2206 2855 2272; x_wconf 85' lang='lat' dir='ltr'><strong>aperire</strong></span> <span class='ocrx_word' id='word_1_393' title='bbox 2877 2247 2893 2272; x_wconf 90' lang='lat'><strong>,</strong></span> <span class='ocrx_word' id='word_1_394' title='bbox 2945 2216 2999 2259; x_wconf 88' lang='lat' dir='ltr'><strong>et</strong></span> <span class='ocrx_word' id='word_1_395' title='bbox 3020 2221 3083 2261; x_wconf 89' lang='lat' dir='ltr'><strong>ea</strong></span> <span class='ocrx_word' id='word_1_396' title='bbox 3112 2223 3231 2276; x_wconf 64' lang='lat' dir='ltr'><strong>quae</strong></span> <span class='ocrx_word' id='word_1_397' title='bbox 3258 2209 3524 2266; x_wconf 87' lang='lat' dir='ltr'><strong>velamine</strong></span> 
     </span>
    </p>
   </div>
   <div class='ocr_carea' id='block_1_53' title="bbox 1942 2289 3516 2370">
    <p class='ocr_par' dir='ltr' id='par_1_53' title="bbox 1942 2289 3516 2370">
     <span class='ocr_line' id='line_1_53' title="bbox 1942 2289 3516 2370; baseline 0.008 -26"><span class='ocrx_word' id='word_1_398' title='bbox 1942 2289 2157 2346; x_wconf 85' lang='lat' dir='ltr'><strong>obtecta</strong></span> <span class='ocrx_word' id='word_1_399' title='bbox 2180 2302 2307 2346; x_wconf 92' lang='lat' dir='ltr'><strong>sunt</strong></span> <span class='ocrx_word' id='word_1_400' title='bbox 2342 2291 2603 2349; x_wconf 72' lang='lat' dir='ltr'><strong>Ecclesia:</strong></span> <span class='ocrx_word' id='word_1_401' title='bbox 2629 2295 2855 2352; x_wconf 89' lang='lat' dir='ltr'><strong>auribus</strong></span> <span class='ocrx_word' id='word_1_402' title='bbox 2896 2299 3133 2367; x_wconf 90' lang='lat' dir='ltr'><strong>pandere</strong></span> <span class='ocrx_word' id='word_1_403' title='bbox 3165 2299 3240 2370; x_wconf 90' lang='lat' dir='ltr'><strong>(in</strong></span> <span class='ocrx_word' id='word_1_404' title='bbox 3278 2299 3516 2357; x_wconf 88' lang='lat' dir='ltr'><strong>lectione</strong></span> 
     </span>
    </p>
   </div>
   <div class='ocr_carea' id='block_1_54' title="bbox 1941 2381 3506 2461">
    <p class='ocr_par' dir='ltr' id='par_1_54' title="bbox 1941 2381 3506 2461">
     <span class='ocr_line' id='line_1_54' title="bbox 1941 2381 3506 2461; baseline 0.01 -26"><span class='ocrx_word' id='word_1_405' title='bbox 1941 2383 2083 2436; x_wconf 90' lang='lat' dir='ltr'><strong>enim</strong></span> <span class='ocrx_word' id='word_1_406' title='bbox 2117 2381 2326 2439; x_wconf 84' lang='lat' dir='ltr'><strong>Veteris</strong></span> <span class='ocrx_word' id='word_1_407' title='bbox 2356 2385 2691 2441; x_wconf 86' lang='lat' dir='ltr'><strong>Testamenti</strong></span> <span class='ocrx_word' id='word_1_408' title='bbox 2717 2427 2732 2451; x_wconf 91' lang='lat'><strong>,</strong></span> <span class='ocrx_word' id='word_1_409' title='bbox 2769 2389 2909 2443; x_wconf 87' lang='lat' dir='ltr'><strong>sicut</strong></span> <span class='ocrx_word' id='word_1_410' title='bbox 2954 2390 3087 2444; x_wconf 87' lang='lat' dir='ltr'><strong>dicit</strong></span> <span class='ocrx_word' id='word_1_411' title='bbox 3119 2394 3411 2461; x_wconf 79' lang='lat' dir='ltr'><strong>Apostolus</strong></span> <span class='ocrx_word' id='word_1_412' title='bbox 3435 2395 3506 2458; x_wconf 67' lang='grc' dir='ltr'><strong>θ’,</strong></span> 
     </span>
    </p>
   </div>
   <div class='ocr_carea' id='block_1_55' title="bbox 1941 2473 3513 2553">
    <p class='ocr_par' dir='ltr' id='par_1_55' title="bbox 1941 2473 3513 2553">
     <span class='ocr_line' id='line_1_55' title="bbox 1941 2473 3513 2553; baseline 0.009 -26"><span class='ocrx_word' id='word_1_413' title='bbox 1941 2473 2184 2529; x_wconf 87' lang='lat' dir='ltr'><strong>velamen</strong></span> <span class='ocrx_word' id='word_1_414' title='bbox 2218 2485 2303 2531; x_wconf 90' lang='lat' dir='ltr'><strong>est</strong></span> <span class='ocrx_word' id='word_1_415' title='bbox 2326 2479 2586 2549; x_wconf 90' lang='lat' dir='ltr'><strong>positum)</strong></span> <span class='ocrx_word' id='word_1_416' title='bbox 2610 2480 2862 2548; x_wconf 79' lang='lat' dir='ltr'><strong>precibus</strong></span> <span class='ocrx_word' id='word_1_417' title='bbox 2889 2498 2917 2532; x_wconf 91' lang='lat' dir='ltr'><strong>a</strong></span> <span class='ocrx_word' id='word_1_418' title='bbox 2952 2481 3180 2538; x_wconf 90' lang='lat' dir='ltr'><strong>Domino</strong></span> <span class='ocrx_word' id='word_1_419' title='bbox 3202 2486 3513 2553; x_wconf 87' lang='lat' dir='ltr'><strong>postuletis,</strong></span> 
     </span>
    </p>
   </div>
   <div class='ocr_carea' id='block_1_56' title="bbox 1943 2567 3514 2639">
    <p class='ocr_par' dir='ltr' id='par_1_56' title="bbox 1943 2567 3514 2639">
     <span class='ocr_line' id='line_1_56' title="bbox 1943 2567 3514 2639; baseline 0.009 -19"><span class='ocrx_word' id='word_1_420' title='bbox 1943 2575 2000 2621; x_wconf 90' lang='lat' dir='ltr'><strong>ut</strong></span> <span class='ocrx_word' id='word_1_421' title='bbox 2027 2567 2277 2639; x_wconf 86' lang='lat' dir='ltr'><strong>dignetur</strong></span> <span class='ocrx_word' id='word_1_422' title='bbox 2324 2571 2480 2626; x_wconf 88' lang='lat' dir='ltr'><strong>nobis</strong></span> <span class='ocrx_word' id='word_1_423' title='bbox 2507 2573 2573 2625; x_wconf 92' lang='lat' dir='ltr'><strong>ad</strong></span> <span class='ocrx_word' id='word_1_424' title='bbox 2605 2586 2665 2628; x_wconf 89' lang='lat' dir='ltr'><strong>se</strong></span> <span class='ocrx_word' id='word_1_425' title='bbox 2714 2574 2994 2629; x_wconf 77' lang='lat' dir='ltr'><strong>conversis</strong></span> <span class='ocrx_word' id='word_1_426' title='bbox 3025 2574 3240 2631; x_wconf 88' lang='lat' dir='ltr'><strong>auferre</strong></span> <span class='ocrx_word' id='word_1_427' title='bbox 3269 2579 3514 2634; x_wconf 77' lang='lat' dir='ltr'><strong>velamen</strong></span> 
     </span>
    </p>
   </div>
   <div class='ocr_carea' id='block_1_57' title="bbox 1940 2658 3518 2731">
    <p class='ocr_par' dir='ltr' id='par_1_57' title="bbox 1940 2658 3518 2731">
     <span class='ocr_line' id='line_1_57' title="bbox 1940 2658 3518 2731; baseline 0.008 -20"><span class='ocrx_word' id='word_1_428' title='bbox 1940 2659 2104 2712; x_wconf 88' lang='lat' dir='ltr'><strong>etiam</strong></span> <span class='ocrx_word' id='word_1_429' title='bbox 2131 2658 2198 2712; x_wconf 89' lang='lat' dir='ltr'><strong>de</strong></span> <span class='ocrx_word' id='word_1_430' title='bbox 2228 2660 2330 2715; x_wconf 93' lang='lat' dir='ltr'><strong>hac</strong></span> <span class='ocrx_word' id='word_1_431' title='bbox 2362 2660 2597 2716; x_wconf 88' lang='lat' dir='ltr'><strong>lectione</strong></span> <span class='ocrx_word' id='word_1_432' title='bbox 2619 2676 2783 2731; x_wconf 90' lang='lat' dir='ltr'><strong>quam</strong></span> <span class='ocrx_word' id='word_1_433' title='bbox 2812 2662 3145 2720; x_wconf 87' lang='lat' dir='ltr'><strong>habemusin</strong></span> <span class='ocrx_word' id='word_1_434' title='bbox 3166 2668 3442 2730; x_wconf 90' lang='lat' dir='ltr'><strong>manibus,</strong></span> <span class='ocrx_word' id='word_1_435' title='bbox 3459 2676 3518 2723; x_wconf 84' lang='lat' dir='ltr'><strong>et</strong></span> 
     </span>
    </p>
   </div>
   <div class='ocr_carea' id='block_1_58' title="bbox 1942 2751 3522 2824">
    <p class='ocr_par' dir='ltr' id='par_1_58' title="bbox 1942 2751 3522 2824">
     <span class='ocr_line' id='line_1_58' title="bbox 1942 2751 3522 2824; baseline 0.006 -21"><span class='ocrx_word' id='word_1_436' title='bbox 1942 2751 2153 2820; x_wconf 87' lang='lat' dir='ltr'><strong>plenius</strong></span> <span class='ocrx_word' id='word_1_437' title='bbox 2201 2751 2361 2807; x_wconf 91' lang='lat' dir='ltr'><strong>nobis</strong></span> <span class='ocrx_word' id='word_1_438' title='bbox 2408 2768 2653 2809; x_wconf 88' lang='lat' dir='ltr'><strong>reserare</strong></span> <span class='ocrx_word' id='word_1_439' title='bbox 2697 2769 2815 2822; x_wconf 83' lang='lat' dir='ltr'><strong>quae</strong></span> <span class='ocrx_word' id='word_1_440' title='bbox 2860 2764 2998 2810; x_wconf 89' lang='lat' dir='ltr'><strong>tecta</strong></span> <span class='ocrx_word' id='word_1_441' title='bbox 3047 2765 3202 2824; x_wconf 89' lang='lat' dir='ltr'><strong>sunt,</strong></span> <span class='ocrx_word' id='word_1_442' title='bbox 3249 2768 3305 2810; x_wconf 92' lang='lat' dir='ltr'><strong>ut</strong></span> <span class='ocrx_word' id='word_1_443' title='bbox 3334 2768 3389 2811; x_wconf 92' lang='lat' dir='ltr'><strong>et</strong></span> <span class='ocrx_word' id='word_1_444' title='bbox 3420 2774 3522 2813; x_wconf 82' lang='lat' dir='ltr'><strong>nos</strong></span> 
     </span>
    </p>
   </div>
   <div class='ocr_carea' id='block_1_59' title="bbox 1941 2842 3510 2917">
    <p class='ocr_par' dir='ltr' id='par_1_59' title="bbox 1941 2842 3510 2917">
     <span class='ocr_line' id='line_1_59' title="bbox 1941 2842 3510 2917; baseline 0.004 -21"><span class='ocrx_word' id='word_1_445' title='bbox 1941 2843 2208 2910; x_wconf 87' lang='lat' dir='ltr'><strong>possimus</strong></span> <span class='ocrx_word' id='word_1_446' title='bbox 2238 2842 2476 2898; x_wconf 89' lang='lat' dir='ltr'><strong>revelata</strong></span> <span class='ocrx_word' id='word_1_447' title='bbox 2511 2843 2650 2899; x_wconf 88' lang='lat' dir='ltr'><strong>facie</strong></span> <span class='ocrx_word' id='word_1_448' title='bbox 2692 2846 2744 2897; x_wconf 91' lang='lat' dir='ltr'><strong>in</strong></span> <span class='ocrx_word' id='word_1_449' title='bbox 2788 2844 2874 2900; x_wconf 90' lang='lat' dir='ltr'><strong>his</strong></span> <span class='ocrx_word' id='word_1_450' title='bbox 2905 2860 3025 2915; x_wconf 70' lang='lat' dir='ltr'><strong>quae</strong></span> <span class='ocrx_word' id='word_1_451' title='bbox 3057 2856 3194 2903; x_wconf 88' lang='lat' dir='ltr'><strong>tecta</strong></span> <span class='ocrx_word' id='word_1_452' title='bbox 3221 2857 3348 2903; x_wconf 91' lang='lat' dir='ltr'><strong>sunt</strong></span> <span class='ocrx_word' id='word_1_453' title='bbox 3389 2849 3510 2917; x_wconf 88' lang='lat' dir='ltr'><strong>glo-</strong></span> 
     </span>
    </p>
   </div>
   <div class='ocr_carea' id='block_1_60' title="bbox 1943 2932 2646 3002">
    <p class='ocr_par' dir='ltr' id='par_1_60' title="bbox 1943 2932 2646 3002">
     <span class='ocr_line' id='line_1_60' title="bbox 1943 2932 2646 3002; baseline 0.001 -17"><span class='ocrx_word' id='word_1_454' title='bbox 1943 2932 2081 2985; x_wconf 88' lang='lat' dir='ltr'><strong>riam</strong></span> <span class='ocrx_word' id='word_1_455' title='bbox 2108 2932 2324 2987; x_wconf 91' lang='lat' dir='ltr'><strong>Domini</strong></span> <span class='ocrx_word' id='word_1_456' title='bbox 2355 2933 2646 3002; x_wconf 88' lang='lat' dir='ltr'><strong>speculari.</strong></span> 
     </span>
    </p>
   </div>
   <div class='ocr_carea' id='block_1_61' title="bbox 265 3025 3521 3111">
    <p class='ocr_par' dir='ltr' id='par_1_61' title="bbox 265 3025 3521 3111">
     <span class='ocr_line' id='line_1_61' title="bbox 265 3025 3521 3111; baseline 0.002 -30"><span class='ocrx_word' id='word_1_457' title='bbox 265 3042 446 3081; x_wconf 89' lang='lat' dir='ltr'><strong>nenna</strong></span> <span class='ocrx_word' id='word_1_458' title='bbox 474 3044 489 3082; x_wconf 86' lang='lat'><strong>:</strong></span> <span class='ocrx_word' id='word_1_459' title='bbox 516 3039 573 3084; x_wconf 91' lang='lat' dir='ltr'><strong>et</strong></span> <span class='ocrx_word' id='word_1_460' title='bbox 602 3029 712 3083; x_wconf 88' lang='lat' dir='ltr'><strong>nati</strong></span> <span class='ocrx_word' id='word_1_461' title='bbox 741 3041 871 3085; x_wconf 90' lang='lat' dir='ltr'><strong>sunt</strong></span> <span class='ocrx_word' id='word_1_462' title='bbox 926 3029 1234 3086; x_wconf 86' lang='lat' dir='ltr'><strong>Pheneunae</strong></span> <span class='ocrx_word' id='word_1_463' title='bbox 1265 3030 1384 3096; x_wconf 83' lang='lat' dir='ltr'><strong>ﬁlii,</strong></span> <span class='ocrx_word' id='word_1_464' title='bbox 1424 3039 1479 3084; x_wconf 90' lang='lat' dir='ltr'><strong>et</strong></span> <span class='ocrx_word' id='word_1_465' title='bbox 1519 3032 1688 3085; x_wconf 68' lang='lat' dir='ltr'><strong>Anna:</strong></span> <span class='ocrx_word' id='word_1_466' title='bbox 1730 3047 1836 3085; x_wconf 92' lang='lat' dir='ltr'><strong>non</strong></span> <span class='ocrx_word' id='word_1_467' title='bbox 1866 3054 1908 3111; x_wconf 71' lang='grc' dir='ltr'>ο</span> <span class='ocrx_word' id='word_1_468' title='bbox 2012 3025 2067 3079; x_wconf 78' lang='grc' dir='ltr'><strong>4ο</strong></span> <span class='ocrx_word' id='word_1_469' title='bbox 2100 3044 2119 3077; x_wconf 71' lang='grc' dir='ltr'><strong><em>ι</em></strong></span> <span class='ocrx_word' id='word_1_470' title='bbox 2158 3025 2312 3090; x_wconf 73' lang='lat' dir='ltr'><strong>Erat.</strong></span> <span class='ocrx_word' id='word_1_471' title='bbox 2346 3027 2540 3095; x_wconf 71' lang='lat' dir='ltr'><strong>influit,</strong></span> <span class='ocrx_word' id='word_1_472' title='bbox 2569 3028 2650 3081; x_wconf 79' lang='lat' dir='ltr'><strong>vir</strong></span> <span class='ocrx_word' id='word_1_473' title='bbox 2671 3042 2808 3082; x_wconf 81' lang='lat' dir='ltr'><strong>unus</strong></span> <span class='ocrx_word' id='word_1_474' title='bbox 2835 3027 2903 3083; x_wconf 84' lang='lat' dir='ltr'><strong>de</strong></span> <span class='ocrx_word' id='word_1_475' title='bbox 2931 3028 3192 3084; x_wconf 79' lang='lat' dir='ltr'><strong>Ramatlta</strong></span> <span class='ocrx_word' id='word_1_476' title='bbox 3227 3033 3293 3085; x_wconf 87' lang='lat' dir='ltr'><strong>de</strong></span> <span class='ocrx_word' id='word_1_477' title='bbox 3330 3042 3521 3089; x_wconf 88' lang='lat' dir='ltr'><strong>monte</strong></span> 
     </span>
    </p>
   </div>
   <div class='ocr_carea' id='block_1_62' title="bbox 264 3121 1842 3179">
    <p class='ocr_par' dir='ltr' id='par_1_62' title="bbox 264 3121 1842 3179">
     <span class='ocr_line' id='line_1_62' title="bbox 264 3121 1842 3179; baseline 0.001 -3"><span class='ocrx_word' id='word_1_478' title='bbox 264 3130 387 3176; x_wconf 85' lang='lat' dir='ltr'><strong>erat</strong></span> <span class='ocrx_word' id='word_1_479' title='bbox 425 3121 586 3177; x_wconf 84' lang='lat' dir='ltr'><strong>filius.</strong></span> <span class='ocrx_word' id='word_1_480' title='bbox 618 3122 687 3177; x_wconf 88' lang='lat' dir='ltr'><strong>Et</strong></span> <span class='ocrx_word' id='word_1_481' title='bbox 719 3122 1043 3178; x_wconf 85' lang='lat' dir='ltr'><strong>ascendebat</strong></span> <span class='ocrx_word' id='word_1_482' title='bbox 1069 3124 1155 3177; x_wconf 92' lang='lat' dir='ltr'><strong>vir</strong></span> <span class='ocrx_word' id='word_1_483' title='bbox 1186 3123 1274 3178; x_wconf 89' lang='lat' dir='ltr'><strong>ille</strong></span> <span class='ocrx_word' id='word_1_484' title='bbox 1319 3125 1385 3178; x_wconf 92' lang='lat' dir='ltr'><strong>de</strong></span> <span class='ocrx_word' id='word_1_485' title='bbox 1424 3123 1648 3179; x_wconf 87' lang='lat' dir='ltr'><strong>civitate</strong></span> <span class='ocrx_word' id='word_1_486' title='bbox 1675 3139 1770 3178; x_wconf 89' lang='lat' dir='ltr'><strong>sua</strong></span> <span class='ocrx_word' id='word_1_487' title='bbox 1810 3139 1842 3178; x_wconf 90' lang='lat' dir='ltr'><strong>a</strong></span> 
     </span>
    </p>
   </div>
   <div class='ocr_carea' id='block_1_63' title="bbox 266 3214 1842 3281">
    <p class='ocr_par' dir='ltr' id='par_1_63' title="bbox 266 3214 1842 3281">
     <span class='ocr_line' id='line_1_63' title="bbox 266 3214 1842 3281; baseline 0.002 -12"><span class='ocrx_word' id='word_1_488' title='bbox 266 3214 461 3269; x_wconf 90' lang='lat' dir='ltr'><strong>diebus</strong></span> <span class='ocrx_word' id='word_1_489' title='bbox 492 3215 715 3281; x_wconf 90' lang='lat' dir='ltr'><strong>indies,</strong></span> <span class='ocrx_word' id='word_1_490' title='bbox 743 3224 801 3270; x_wconf 90' lang='lat' dir='ltr'><strong>ut</strong></span> <span class='ocrx_word' id='word_1_491' title='bbox 839 3216 1095 3272; x_wconf 89' lang='lat' dir='ltr'><strong>adoraret</strong></span> <span class='ocrx_word' id='word_1_492' title='bbox 1140 3224 1197 3270; x_wconf 89' lang='lat' dir='ltr'><strong>et</strong></span> <span class='ocrx_word' id='word_1_493' title='bbox 1253 3216 1564 3271; x_wconf 89' lang='lat' dir='ltr'><strong>immolaret</strong></span> <span class='ocrx_word' id='word_1_494' title='bbox 1612 3217 1842 3273; x_wconf 90' lang='lat' dir='ltr'><strong>Domino</strong></span> 
     </span>
    </p>
   </div>
   <div class='ocr_carea' id='block_1_64' title="bbox 269 3308 1838 3379">
    <p class='ocr_par' dir='ltr' id='par_1_64' title="bbox 269 3308 1838 3379">
     <span class='ocr_line' id='line_1_64' title="bbox 269 3308 1838 3379; baseline 0.003 -18"><span class='ocrx_word' id='word_1_495' title='bbox 269 3308 531 3364; x_wconf 88' lang='lat' dir='ltr'><strong>virtutum</strong></span> <span class='ocrx_word' id='word_1_496' title='bbox 570 3309 625 3362; x_wconf 90' lang='lat' dir='ltr'><strong>in</strong></span> <span class='ocrx_word' id='word_1_497' title='bbox 659 3309 797 3364; x_wconf 92' lang='lat' dir='ltr'><strong>Silo.</strong></span> <span class='ocrx_word' id='word_1_498' title='bbox 828 3309 905 3364; x_wconf 91' lang='lat' dir='ltr'><strong>lbi</strong></span> <span class='ocrx_word' id='word_1_499' title='bbox 937 3319 1097 3364; x_wconf 88' lang='lat' dir='ltr'><strong>erant</strong></span> <span class='ocrx_word' id='word_1_500' title='bbox 1128 3309 1243 3364; x_wconf 87' lang='lat' dir='ltr'><strong>Heli</strong></span> <span class='ocrx_word' id='word_1_501' title='bbox 1278 3319 1334 3364; x_wconf 92' lang='lat' dir='ltr'><strong>et</strong></span> <span class='ocrx_word' id='word_1_502' title='bbox 1385 3308 1490 3363; x_wconf 92' lang='lat' dir='ltr'><strong>duo</strong></span> <span class='ocrx_word' id='word_1_503' title='bbox 1539 3308 1633 3362; x_wconf 89' lang='lat' dir='ltr'><strong>filii</strong></span> <span class='ocrx_word' id='word_1_504' title='bbox 1686 3311 1838 3379; x_wconf 89' lang='lat' dir='ltr'><strong>ejus,</strong></span> 
     </span>
    </p>
   </div>
   <div class='ocr_carea' id='block_1_65' title="bbox 265 3397 1842 3471">
    <p class='ocr_par' dir='ltr' id='par_1_65' title="bbox 265 3397 1842 3471">
     <span class='ocr_line' id='line_1_65' title="bbox 265 3397 1842 3471; baseline 0.002 -15"><span class='ocrx_word' id='word_1_505' title='bbox 265 3397 446 3471; x_wconf 81' lang='lat' dir='ltr'><strong>Ophni</strong></span> <span class='ocrx_word' id='word_1_506' title='bbox 463 3412 519 3456; x_wconf 87' lang='lat' dir='ltr'><strong>et</strong></span> <span class='ocrx_word' id='word_1_507' title='bbox 533 3400 783 3467; x_wconf 88' lang='lat' dir='ltr'><strong>Pbinces,</strong></span> <span class='ocrx_word' id='word_1_508' title='bbox 803 3404 1113 3458; x_wconf 87' lang='lat' dir='ltr'><strong>sacerdotes</strong></span> <span class='ocrx_word' id='word_1_509' title='bbox 1133 3402 1364 3457; x_wconf 90' lang='lat' dir='ltr'><strong>Domini.</strong></span> <span class='ocrx_word' id='word_1_510' title='bbox 1380 3402 1445 3456; x_wconf 86' lang='lat' dir='ltr'><strong>Et</strong></span> <span class='ocrx_word' id='word_1_511' title='bbox 1462 3402 1600 3457; x_wconf 84' lang='lat' dir='ltr'><strong>facta</strong></span> <span class='ocrx_word' id='word_1_512' title='bbox 1622 3413 1705 3459; x_wconf 90' lang='lat' dir='ltr'><strong>est</strong></span> <span class='ocrx_word' id='word_1_513' title='bbox 1726 3404 1842 3459; x_wconf 86' lang='lat' dir='ltr'><strong>dies</strong></span> 
     </span>
    </p>
   </div>
   <div class='ocr_carea' id='block_1_66' title="bbox 266 3491 1843 3562">
    <p class='ocr_par' dir='ltr' id='par_1_66' title="bbox 266 3491 1843 3562">
     <span class='ocr_line' id='line_1_66' title="bbox 266 3491 1843 3562; baseline 0.004 -17"><span class='ocrx_word' id='word_1_514' title='bbox 266 3491 320 3546; x_wconf 92' lang='lat' dir='ltr'><strong>in</strong></span> <span class='ocrx_word' id='word_1_515' title='bbox 345 3506 452 3562; x_wconf 86' lang='lat' dir='ltr'><strong>qua</strong></span> <span class='ocrx_word' id='word_1_516' title='bbox 483 3492 784 3549; x_wconf 86' lang='lat' dir='ltr'><strong>immolavit</strong></span> <span class='ocrx_word' id='word_1_517' title='bbox 806 3493 1107 3559; x_wconf 82' lang='lat' dir='ltr'><strong>Helchana,</strong></span> <span class='ocrx_word' id='word_1_518' title='bbox 1134 3505 1188 3550; x_wconf 88' lang='lat' dir='ltr'><strong>et</strong></span> <span class='ocrx_word' id='word_1_519' title='bbox 1215 3496 1361 3551; x_wconf 86' lang='lat' dir='ltr'><strong>dedit</strong></span> <span class='ocrx_word' id='word_1_520' title='bbox 1379 3493 1684 3551; x_wconf 73' lang='lat' dir='ltr'><strong>Phcnenna:</strong></span> <span class='ocrx_word' id='word_1_521' title='bbox 1706 3511 1843 3552; x_wconf 85' lang='lat' dir='ltr'><strong>uxo-</strong></span> 
     </span>
    </p>
   </div>
   <div class='ocr_carea' id='block_1_67' title="bbox 269 3585 1837 3661">
    <p class='ocr_par' dir='ltr' id='par_1_67' title="bbox 269 3585 1837 3661">
     <span class='ocr_line' id='line_1_67' title="bbox 269 3585 1837 3661; baseline 0.006 -23"><span class='ocrx_word' id='word_1_522' title='bbox 269 3585 314 3638; x_wconf 89' lang='lat' dir='ltr'><strong>ri</strong></span> <span class='ocrx_word' id='word_1_523' title='bbox 338 3600 475 3649; x_wconf 71' lang='lat' dir='ltr'><strong>sum,</strong></span> <span class='ocrx_word' id='word_1_524' title='bbox 502 3595 559 3640; x_wconf 88' lang='lat' dir='ltr'><strong>et</strong></span> <span class='ocrx_word' id='word_1_525' title='bbox 589 3586 840 3641; x_wconf 91' lang='lat' dir='ltr'><strong>omnibus</strong></span> <span class='ocrx_word' id='word_1_526' title='bbox 878 3588 1004 3643; x_wconf 87' lang='lat' dir='ltr'><strong>filiis</strong></span> <span class='ocrx_word' id='word_1_527' title='bbox 1039 3589 1156 3657; x_wconf 87' lang='lat' dir='ltr'><strong>ejus</strong></span> <span class='ocrx_word' id='word_1_528' title='bbox 1215 3601 1271 3644; x_wconf 89' lang='lat' dir='ltr'><strong>et</strong></span> <span class='ocrx_word' id='word_1_529' title='bbox 1323 3590 1541 3649; x_wconf 83' lang='lat' dir='ltr'><strong>ﬁliabus</strong></span> <span class='ocrx_word' id='word_1_530' title='bbox 1609 3602 1793 3661; x_wconf 90' lang='lat' dir='ltr'><strong>partes</strong></span> <span class='ocrx_word' id='word_1_531' title='bbox 1822 3609 1837 3647; x_wconf 87' lang='lat'><strong>:</strong></span> 
     </span>
    </p>
   </div>
   <div class='ocr_carea' id='block_1_68' title="bbox 266 3675 1842 3749">
    <p class='ocr_par' dir='ltr' id='par_1_68' title="bbox 266 3675 1842 3749">
     <span class='ocr_line' id='line_1_68' title="bbox 266 3675 1842 3749; baseline 0.004 -21"><span class='ocrx_word' id='word_1_532' title='bbox 266 3675 436 3730; x_wconf 70' lang='lat' dir='ltr'><strong>Annae</strong></span> <span class='ocrx_word' id='word_1_533' title='bbox 464 3686 644 3732; x_wconf 85' lang='lat' dir='ltr'><strong>autent</strong></span> <span class='ocrx_word' id='word_1_534' title='bbox 671 3678 817 3732; x_wconf 90' lang='lat' dir='ltr'><strong>dedit</strong></span> <span class='ocrx_word' id='word_1_535' title='bbox 844 3694 1004 3733; x_wconf 88' lang='lat' dir='ltr'><strong>unam</strong></span> <span class='ocrx_word' id='word_1_536' title='bbox 1036 3691 1268 3749; x_wconf 87' lang='lat' dir='ltr'><strong>partem.</strong></span> <span class='ocrx_word' id='word_1_537' title='bbox 1288 3681 1403 3737; x_wconf 84' lang='lat' dir='ltr'><strong>Non</strong></span> <span class='ocrx_word' id='word_1_538' title='bbox 1428 3684 1575 3738; x_wconf 90' lang='lat' dir='ltr'><strong>enirn</strong></span> <span class='ocrx_word' id='word_1_539' title='bbox 1607 3683 1842 3738; x_wconf 89' lang='lat' dir='ltr'><strong>habebat</strong></span> 
     </span>
    </p>
   </div>
   <div class='ocr_carea' id='block_1_69' title="bbox 268 3769 1834 3841">
    <p class='ocr_par' dir='ltr' id='par_1_69' title="bbox 268 3769 1834 3841">
     <span class='ocr_line' id='line_1_69' title="bbox 268 3769 1834 3841; baseline 0.003 -19"><span class='ocrx_word' id='word_1_540' title='bbox 268 3769 433 3833; x_wconf 86' lang='lat' dir='ltr'><strong>filios,</strong></span> <span class='ocrx_word' id='word_1_541' title='bbox 492 3770 619 3837; x_wconf 86' lang='lat' dir='ltr'><strong>quia</strong></span> <span class='ocrx_word' id='word_1_542' title='bbox 676 3770 1022 3826; x_wconf 85' lang='lat' dir='ltr'><strong>concluserat</strong></span> <span class='ocrx_word' id='word_1_543' title='bbox 1071 3771 1330 3830; x_wconf 89' lang='lat' dir='ltr'><strong>Dominus</strong></span> <span class='ocrx_word' id='word_1_544' title='bbox 1379 3775 1592 3828; x_wconf 90' lang='lat' dir='ltr'><strong>vulvam</strong></span> <span class='ocrx_word' id='word_1_545' title='bbox 1645 3776 1782 3841; x_wconf 87' lang='lat' dir='ltr'><strong>ejus.</strong></span> <span class='ocrx_word' id='word_1_546' title='bbox 1815 3792 1834 3825; x_wconf 71' lang='grc' dir='ltr'><strong>ι</strong></span> 
     </span>
    </p>
   </div>
   <div class='ocr_carea' id='block_1_70' title="bbox 268 3860 1841 3935">
    <p class='ocr_par' dir='ltr' id='par_1_70' title="bbox 268 3860 1841 3935">
     <span class='ocr_line' id='line_1_70' title="bbox 268 3860 1841 3935; baseline 0.004 -21"><span class='ocrx_word' id='word_1_547' title='bbox 268 3860 406 3915; x_wconf 88' lang='lat' dir='ltr'><strong>Tum</strong></span> <span class='ocrx_word' id='word_1_548' title='bbox 431 3862 623 3916; x_wconf 89' lang='lat' dir='ltr'><strong>deinde</strong></span> <span class='ocrx_word' id='word_1_549' title='bbox 655 3862 821 3919; x_wconf 89' lang='lat' dir='ltr'><strong>refert</strong></span> <span class='ocrx_word' id='word_1_550' title='bbox 869 3862 1176 3933; x_wconf 87' lang='lat' dir='ltr'><strong>Scriptura,</strong></span> <span class='ocrx_word' id='word_1_551' title='bbox 1226 3867 1351 3935; x_wconf 92' lang='lat' dir='ltr'><strong>quia</strong></span> <span class='ocrx_word' id='word_1_552' title='bbox 1410 3867 1737 3922; x_wconf 88' lang='lat' dir='ltr'><strong>contristata</strong></span> <span class='ocrx_word' id='word_1_553' title='bbox 1759 3876 1841 3921; x_wconf 92' lang='lat' dir='ltr'><strong>est</strong></span> 
     </span>
    </p>
   </div>
   <div class='ocr_carea' id='block_1_71' title="bbox 265 3954 1840 4027">
    <p class='ocr_par' dir='ltr' id='par_1_71' title="bbox 265 3954 1840 4027">
     <span class='ocr_line' id='line_1_71' title="bbox 265 3954 1840 4027; baseline 0.003 -22"><span class='ocrx_word' id='word_1_554' title='bbox 265 3954 447 4018; x_wconf 86' lang='lat' dir='ltr'><strong>Anna,</strong></span> <span class='ocrx_word' id='word_1_555' title='bbox 482 3955 626 4024; x_wconf 92' lang='lat' dir='ltr'><strong>quod</strong></span> <span class='ocrx_word' id='word_1_556' title='bbox 656 3969 780 4009; x_wconf 89' lang='lat' dir='ltr'><strong>cum</strong></span> <span class='ocrx_word' id='word_1_557' title='bbox 811 3957 1083 4026; x_wconf 88' lang='lat' dir='ltr'><strong>acceperit</strong></span> <span class='ocrx_word' id='word_1_558' title='bbox 1103 3956 1396 4013; x_wconf 88' lang='lat' dir='ltr'><strong>Phenenna</strong></span> <span class='ocrx_word' id='word_1_559' title='bbox 1430 3957 1693 4027; x_wconf 90' lang='lat' dir='ltr'><strong>plurimas</strong></span> <span class='ocrx_word' id='word_1_560' title='bbox 1716 3972 1840 4026; x_wconf 91' lang='lat' dir='ltr'><strong>por-</strong></span> 
     </span>
    </p>
   </div>
   <div class='ocr_carea' id='block_1_72' title="bbox 270 4045 1841 4118">
    <p class='ocr_par' dir='ltr' id='par_1_72' title="bbox 270 4045 1841 4118">
     <span class='ocr_line' id='line_1_72' title="bbox 270 4045 1841 4118; baseline 0.003 -19"><span class='ocrx_word' id='word_1_561' title='bbox 270 4045 447 4100; x_wconf 86' lang='lat' dir='ltr'><strong>tiones</strong></span> <span class='ocrx_word' id='word_1_562' title='bbox 482 4061 604 4101; x_wconf 90' lang='lat' dir='ltr'><strong>cum</strong></span> <span class='ocrx_word' id='word_1_563' title='bbox 638 4047 787 4113; x_wconf 89' lang='lat' dir='ltr'><strong>filiis,</strong></span> <span class='ocrx_word' id='word_1_564' title='bbox 824 4047 937 4116; x_wconf 86' lang='lat' dir='ltr'><strong>ipsa</strong></span> <span class='ocrx_word' id='word_1_565' title='bbox 989 4064 1150 4103; x_wconf 89' lang='lat' dir='ltr'><strong>unam</strong></span> <span class='ocrx_word' id='word_1_566' title='bbox 1186 4049 1357 4104; x_wconf 89' lang='lat' dir='ltr'><strong>solam</strong></span> <span class='ocrx_word' id='word_1_567' title='bbox 1389 4050 1662 4118; x_wconf 87' lang='lat' dir='ltr'><strong>acceperit</strong></span> <span class='ocrx_word' id='word_1_568' title='bbox 1718 4065 1841 4118; x_wconf 86' lang='lat' dir='ltr'><strong>par-</strong></span> 
     </span>
    </p>
   </div>
   <div class='ocr_carea' id='block_1_73' title="bbox 268 4139 1837 4210">
    <p class='ocr_par' dir='ltr' id='par_1_73' title="bbox 268 4139 1837 4210">
     <span class='ocr_line' id='line_1_73' title="bbox 268 4139 1837 4210; baseline 0.002 -18"><span class='ocrx_word' id='word_1_569' title='bbox 268 4146 401 4205; x_wconf 88' lang='lat' dir='ltr'><strong>tem,</strong></span> <span class='ocrx_word' id='word_1_570' title='bbox 430 4146 484 4193; x_wconf 92' lang='lat' dir='ltr'><strong>et</strong></span> <span class='ocrx_word' id='word_1_571' title='bbox 502 4139 628 4208; x_wconf 89' lang='lat' dir='ltr'><strong>quia</strong></span> <span class='ocrx_word' id='word_1_572' title='bbox 671 4139 778 4193; x_wconf 90' lang='lat' dir='ltr'><strong>hoc</strong></span> <span class='ocrx_word' id='word_1_573' title='bbox 809 4139 996 4196; x_wconf 87' lang='lat' dir='ltr'><strong>dolore</strong></span> <span class='ocrx_word' id='word_1_574' title='bbox 1053 4141 1300 4207; x_wconf 89' lang='lat' dir='ltr'><strong>perculsa</strong></span> <span class='ocrx_word' id='word_1_575' title='bbox 1332 4140 1586 4210; x_wconf 86' lang='lat' dir='ltr'><strong>templum</strong></span> <span class='ocrx_word' id='word_1_576' title='bbox 1630 4141 1837 4196; x_wconf 90' lang='lat' dir='ltr'><strong>Domini</strong></span> 
     </span>
    </p>
   </div>
   <div class='ocr_carea' id='block_1_74' title="bbox 268 4231 1843 4301">
    <p class='ocr_par' dir='ltr' id='par_1_74' title="bbox 268 4231 1843 4301">
     <span class='ocr_line' id='line_1_74' title="bbox 268 4231 1843 4301; baseline 0.003 -17"><span class='ocrx_word' id='word_1_577' title='bbox 268 4231 509 4301; x_wconf 88' lang='lat' dir='ltr'><strong>ingressa</strong></span> <span class='ocrx_word' id='word_1_578' title='bbox 536 4231 816 4287; x_wconf 85' lang='lat' dir='ltr'><strong>defleverit</strong></span> <span class='ocrx_word' id='word_1_579' title='bbox 857 4244 913 4289; x_wconf 91' lang='lat' dir='ltr'><strong>et</strong></span> <span class='ocrx_word' id='word_1_580' title='bbox 948 4235 1186 4289; x_wconf 90' lang='lat' dir='ltr'><strong>oraverit</strong></span> <span class='ocrx_word' id='word_1_581' title='bbox 1219 4249 1347 4289; x_wconf 90' lang='lat' dir='ltr'><strong>cum</strong></span> <span class='ocrx_word' id='word_1_582' title='bbox 1377 4234 1598 4290; x_wconf 90' lang='lat' dir='ltr'><strong>silentio</strong></span> <span class='ocrx_word' id='word_1_583' title='bbox 1626 4274 1641 4299; x_wconf 93' lang='lat'><strong>,</strong></span> <span class='ocrx_word' id='word_1_584' title='bbox 1678 4234 1751 4289; x_wconf 89' lang='lat' dir='ltr'><strong>ita</strong></span> <span class='ocrx_word' id='word_1_585' title='bbox 1785 4243 1843 4288; x_wconf 88' lang='lat' dir='ltr'><strong>ut</strong></span> 
     </span>
    </p>
   </div>
   <div class='ocr_carea' id='block_1_75' title="bbox 268 4323 1839 4396">
    <p class='ocr_par' dir='ltr' id='par_1_75' title="bbox 268 4323 1839 4396">
     <span class='ocr_line' id='line_1_75' title="bbox 268 4323 1839 4396; baseline 0.002 -20"><span class='ocrx_word' id='word_1_586' title='bbox 268 4337 375 4377; x_wconf 90' lang='lat' dir='ltr'><strong>non</strong></span> <span class='ocrx_word' id='word_1_587' title='bbox 401 4323 684 4379; x_wconf 87' lang='lat' dir='ltr'><strong>audiretur</strong></span> <span class='ocrx_word' id='word_1_588' title='bbox 713 4341 813 4379; x_wconf 86' lang='lat' dir='ltr'><strong>vox</strong></span> <span class='ocrx_word' id='word_1_589' title='bbox 866 4324 1028 4393; x_wconf 88' lang='lat' dir='ltr'><strong>ejus:</strong></span> <span class='ocrx_word' id='word_1_590' title='bbox 1078 4336 1133 4381; x_wconf 91' lang='lat' dir='ltr'><strong>et</strong></span> <span class='ocrx_word' id='word_1_591' title='bbox 1163 4326 1288 4396; x_wconf 90' lang='lat' dir='ltr'><strong>quia</strong></span> <span class='ocrx_word' id='word_1_592' title='bbox 1330 4334 1525 4396; x_wconf 90' lang='lat' dir='ltr'><strong>putans</strong></span> <span class='ocrx_word' id='word_1_593' title='bbox 1556 4342 1676 4382; x_wconf 90' lang='lat' dir='ltr'><strong>eam</strong></span> <span class='ocrx_word' id='word_1_594' title='bbox 1722 4326 1839 4381; x_wconf 80' lang='lat' dir='ltr'><strong>Heli</strong></span> 
     </span>
    </p>
   </div>
   <div class='ocr_carea' id='block_1_76' title="bbox 1943 3116 3524 3189">
    <p class='ocr_par' dir='ltr' id='par_1_76' title="bbox 1943 3116 3524 3189">
     <span class='ocr_line' id='line_1_76' title="bbox 1943 3116 3524 3189; baseline 0.005 -17"><span class='ocrx_word' id='word_1_595' title='bbox 1943 3117 2226 3184; x_wconf 85' lang='lat' dir='ltr'><strong>Epltraim.</strong></span> <span class='ocrx_word' id='word_1_596' title='bbox 2272 3137 2292 3170; x_wconf 76' lang='grc' dir='ltr'><strong><em>ι</em></strong></span> <span class='ocrx_word' id='word_1_597' title='bbox 2347 3116 2461 3172; x_wconf 84' lang='lat' dir='ltr'><strong>Non</strong></span> <span class='ocrx_word' id='word_1_598' title='bbox 2498 3135 2584 3174; x_wconf 87' lang='lat' dir='ltr'><strong>mc</strong></span> <span class='ocrx_word' id='word_1_599' title='bbox 2617 3118 2747 3172; x_wconf 85' lang='lat' dir='ltr'><strong>latet</strong></span> <span class='ocrx_word' id='word_1_600' title='bbox 2776 3120 2950 3189; x_wconf 88' lang='lat' dir='ltr'><strong>primo</strong></span> <span class='ocrx_word' id='word_1_601' title='bbox 2984 3120 3102 3175; x_wconf 85' lang='lat' dir='ltr'><strong>foco</strong></span> <span class='ocrx_word' id='word_1_602' title='bbox 3143 3123 3285 3189; x_wconf 86' lang='lat' dir='ltr'><strong>quod</strong></span> <span class='ocrx_word' id='word_1_603' title='bbox 3317 3124 3370 3177; x_wconf 89' lang='lat' dir='ltr'><strong>in</strong></span> <span class='ocrx_word' id='word_1_604' title='bbox 3421 3126 3524 3180; x_wconf 85' lang='lat' dir='ltr'><strong>ali-</strong></span> 
     </span>
    </p>
   </div>
   <div class='ocr_carea' id='block_1_77' title="bbox 1943 3210 3519 3284">
    <p class='ocr_par' dir='ltr' id='par_1_77' title="bbox 1943 3210 3519 3284">
     <span class='ocr_line' id='line_1_77' title="bbox 1943 3210 3519 3284; baseline 0.002 -21"><span class='ocrx_word' id='word_1_605' title='bbox 1943 3211 2140 3279; x_wconf 91' lang='lat' dir='ltr'><strong>quibus</strong></span> <span class='ocrx_word' id='word_1_606' title='bbox 2161 3210 2567 3280; x_wconf 85' lang='lat' dir='ltr'><strong>exentplaribus</strong></span> <span class='ocrx_word' id='word_1_607' title='bbox 2597 3212 2833 3265; x_wconf 87' lang='lat' dir='ltr'><strong>habetur</strong></span> <span class='ocrx_word' id='word_1_608' title='bbox 2859 3231 2872 3266; x_wconf 90' lang='lat'>:</span> <span class='ocrx_word' id='word_1_609' title='bbox 2904 3228 2923 3262; x_wconf 69' lang='grc' dir='ltr'>ι</span> <span class='ocrx_word' id='word_1_610' title='bbox 2954 3211 3085 3266; x_wconf 81' lang='lat' dir='ltr'><strong>Erat</strong></span> <span class='ocrx_word' id='word_1_611' title='bbox 3110 3213 3195 3267; x_wconf 90' lang='lat' dir='ltr'><strong>vir</strong></span> <span class='ocrx_word' id='word_1_612' title='bbox 3220 3215 3464 3284; x_wconf 88' lang='lat' dir='ltr'><strong>quidam,</strong></span> <span class='ocrx_word' id='word_1_613' title='bbox 3498 3234 3519 3266; x_wconf 71' lang='grc' dir='ltr'><strong>ι</strong></span> 
     </span>
    </p>
   </div>
   <div class='ocr_carea' id='block_1_78' title="bbox 1943 3301 3520 3375">
    <p class='ocr_par' dir='ltr' id='par_1_78' title="bbox 1943 3301 3520 3375">
     <span class='ocr_line' id='line_1_78' title="bbox 1943 3301 3520 3375; baseline 0.002 -18"><span class='ocrx_word' id='word_1_614' title='bbox 1943 3303 2037 3357; x_wconf 87' lang='lat' dir='ltr'><strong>sed</strong></span> <span class='ocrx_word' id='word_1_615' title='bbox 2064 3303 2115 3356; x_wconf 91' lang='lat' dir='ltr'><strong>in</strong></span> <span class='ocrx_word' id='word_1_616' title='bbox 2150 3303 2234 3357; x_wconf 88' lang='lat' dir='ltr'><strong>his</strong></span> <span class='ocrx_word' id='word_1_617' title='bbox 2265 3301 2674 3372; x_wconf 87' lang='lat' dir='ltr'><strong>exemplaribus</strong></span> <span class='ocrx_word' id='word_1_618' title='bbox 2703 3318 2825 3375; x_wconf 61' lang='lat' dir='ltr'><strong>quae</strong></span> <span class='ocrx_word' id='word_1_619' title='bbox 2854 3304 3227 3360; x_wconf 87' lang='lat' dir='ltr'><strong>cmendatiora</strong></span> <span class='ocrx_word' id='word_1_620' title='bbox 3263 3307 3520 3375; x_wconf 85' lang='lat' dir='ltr'><strong>probavi-</strong></span> 
     </span>
    </p>
   </div>
   <div class='ocr_carea' id='block_1_79' title="bbox 1944 3395 3525 3468">
    <p class='ocr_par' dir='ltr' id='par_1_79' title="bbox 1944 3395 3525 3468">
     <span class='ocr_line' id='line_1_79' title="bbox 1944 3395 3525 3468; baseline 0.004 -19"><span class='ocrx_word' id='word_1_621' title='bbox 1944 3411 2065 3451; x_wconf 90' lang='lat' dir='ltr'><strong>mus</strong></span> <span class='ocrx_word' id='word_1_622' title='bbox 2093 3395 2166 3449; x_wconf 90' lang='lat' dir='ltr'><strong>ila</strong></span> <span class='ocrx_word' id='word_1_623' title='bbox 2216 3395 2488 3450; x_wconf 88' lang='lat' dir='ltr'><strong>habetur:</strong></span> <span class='ocrx_word' id='word_1_624' title='bbox 2525 3413 2546 3447; x_wconf 76' lang='lat' dir='ltr'><strong>t</strong></span> <span class='ocrx_word' id='word_1_625' title='bbox 2583 3395 2718 3455; x_wconf 79' lang='lat' dir='ltr'><strong>Erat</strong></span> <span class='ocrx_word' id='word_1_626' title='bbox 2745 3397 2828 3452; x_wconf 91' lang='lat' dir='ltr'><strong>vir</strong></span> <span class='ocrx_word' id='word_1_627' title='bbox 2858 3412 3017 3451; x_wconf 91' lang='lat' dir='ltr'><strong>unus.</strong></span> <span class='ocrx_word' id='word_1_628' title='bbox 3060 3415 3080 3449; x_wconf 71' lang='grc' dir='ltr'>ι</span> <span class='ocrx_word' id='word_1_629' title='bbox 3114 3396 3173 3451; x_wconf 86' lang='lat' dir='ltr'><strong>In</strong></span> <span class='ocrx_word' id='word_1_630' title='bbox 3224 3413 3333 3468; x_wconf 91' lang='lat' dir='ltr'><strong>quo</strong></span> <span class='ocrx_word' id='word_1_631' title='bbox 3364 3401 3525 3456; x_wconf 87' lang='lat' dir='ltr'><strong>nobis</strong></span> 
     </span>
    </p>
   </div>
   <div class='ocr_carea' id='block_1_80' title="bbox 1943 3486 3523 3562">
    <p class='ocr_par' dir='ltr' id='par_1_80' title="bbox 1943 3486 3523 3562">
     <span class='ocr_line' id='line_1_80' title="bbox 1943 3486 3523 3562; baseline 0.002 -20"><span class='ocrx_word' id='word_1_632' title='bbox 1943 3488 2107 3542; x_wconf 90' lang='lat' dir='ltr'><strong>etiam</strong></span> <span class='ocrx_word' id='word_1_633' title='bbox 2129 3486 2376 3551; x_wconf 72' lang='lat' dir='ltr'><strong>.liebrzei,</strong></span> <span class='ocrx_word' id='word_1_634' title='bbox 2410 3488 2505 3558; x_wconf 91' lang='lat' dir='ltr'><strong>qui</strong></span> <span class='ocrx_word' id='word_1_635' title='bbox 2534 3487 2923 3544; x_wconf 86' lang='lat' dir='ltr'><strong>contradicunt</strong></span> <span class='ocrx_word' id='word_1_636' title='bbox 2950 3489 3001 3543; x_wconf 91' lang='lat' dir='ltr'><strong>in</strong></span> <span class='ocrx_word' id='word_1_637' title='bbox 3027 3491 3261 3556; x_wconf 81' lang='lat' dir='ltr'><strong>caeteris,</strong></span> <span class='ocrx_word' id='word_1_638' title='bbox 3294 3493 3523 3562; x_wconf 88' lang='lat' dir='ltr'><strong>acquie-</strong></span> 
     </span>
    </p>
   </div>
   <div class='ocr_carea' id='block_1_81' title="bbox 1942 3580 3525 3653">
    <p class='ocr_par' dir='ltr' id='par_1_81' title="bbox 1942 3580 3525 3653">
     <span class='ocr_line' id='line_1_81' title="bbox 1942 3580 3525 3653; baseline 0.001 -18"><span class='ocrx_word' id='word_1_639' title='bbox 1942 3590 2120 3635; x_wconf 89' lang='lat' dir='ltr'><strong>scunt.</strong></span> <span class='ocrx_word' id='word_1_640' title='bbox 2149 3580 2281 3635; x_wconf 86' lang='lat' dir='ltr'><strong>Erat</strong></span> <span class='ocrx_word' id='word_1_641' title='bbox 2307 3595 2436 3650; x_wconf 90' lang='lat' dir='ltr'><strong>ergo</strong></span> <span class='ocrx_word' id='word_1_642' title='bbox 2471 3582 2555 3635; x_wconf 90' lang='lat' dir='ltr'><strong>vir</strong></span> <span class='ocrx_word' id='word_1_643' title='bbox 2603 3596 2761 3636; x_wconf 90' lang='lat' dir='ltr'><strong>unus.</strong></span> <span class='ocrx_word' id='word_1_644' title='bbox 2798 3580 2927 3635; x_wconf 89' lang='lat' dir='ltr'><strong>Vide</strong></span> <span class='ocrx_word' id='word_1_645' title='bbox 2968 3582 3012 3637; x_wconf 91' lang='lat' dir='ltr'><strong>si</strong></span> <span class='ocrx_word' id='word_1_646' title='bbox 3046 3597 3154 3636; x_wconf 91' lang='lat' dir='ltr'><strong>non</strong></span> <span class='ocrx_word' id='word_1_647' title='bbox 3202 3584 3307 3638; x_wconf 88' lang='lat' dir='ltr'><strong>hoc</strong></span> <span class='ocrx_word' id='word_1_648' title='bbox 3351 3584 3525 3653; x_wconf 91' lang='lat' dir='ltr'><strong>ipsum</strong></span> 
     </span>
    </p>
   </div>
   <div class='ocr_carea' id='block_1_82' title="bbox 1942 3672 3527 3743">
    <p class='ocr_par' dir='ltr' id='par_1_82' title="bbox 1942 3672 3527 3743">
     <span class='ocr_line' id='line_1_82' title="bbox 1942 3672 3527 3743; baseline 0.003 -16"><span class='ocrx_word' id='word_1_649' title='bbox 1942 3672 2182 3742; x_wconf 89' lang='lat' dir='ltr'><strong>pertinet</strong></span> <span class='ocrx_word' id='word_1_650' title='bbox 2210 3674 2279 3728; x_wconf 88' lang='lat' dir='ltr'><strong>ad</strong></span> <span class='ocrx_word' id='word_1_651' title='bbox 2309 3672 2525 3728; x_wconf 81' lang='lat' dir='ltr'><strong>laudem</strong></span> <span class='ocrx_word' id='word_1_652' title='bbox 2549 3673 2681 3743; x_wconf 91' lang='lat' dir='ltr'><strong>justi</strong></span> <span class='ocrx_word' id='word_1_653' title='bbox 2712 3672 2856 3742; x_wconf 90' lang='lat' dir='ltr'><strong>quod</strong></span> <span class='ocrx_word' id='word_1_654' title='bbox 2882 3672 3087 3728; x_wconf 87' lang='lat' dir='ltr'><strong>dicitur</strong></span> <span class='ocrx_word' id='word_1_655' title='bbox 3117 3675 3183 3729; x_wconf 89' lang='lat' dir='ltr'><strong>de</strong></span> <span class='ocrx_word' id='word_1_656' title='bbox 3203 3689 3306 3729; x_wconf 90' lang='lat' dir='ltr'><strong>eo:</strong></span> <span class='ocrx_word' id='word_1_657' title='bbox 3340 3693 3359 3727; x_wconf 76' lang='grc' dir='ltr'>ι</span> <span class='ocrx_word' id='word_1_658' title='bbox 3392 3676 3527 3730; x_wconf 85' lang='lat' dir='ltr'><strong>Erat</strong></span> 
     </span>
    </p>
   </div>
   <div class='ocr_carea' id='block_1_83' title="bbox 1944 3759 3525 3835">
    <p class='ocr_par' dir='ltr' id='par_1_83' title="bbox 1944 3759 3525 3835">
     <span class='ocr_line' id='line_1_83' title="bbox 1944 3759 3525 3835; baseline 0.004 -18"><span class='ocrx_word' id='word_1_659' title='bbox 1944 3766 2029 3818; x_wconf 86' lang='lat' dir='ltr'><strong>vir</strong></span> <span class='ocrx_word' id='word_1_660' title='bbox 2055 3780 2214 3819; x_wconf 91' lang='lat' dir='ltr'><strong>unus.</strong></span> <span class='ocrx_word' id='word_1_661' title='bbox 2252 3783 2271 3816; x_wconf 77' lang='grc' dir='ltr'><strong><em>ι</em></strong></span> <span class='ocrx_word' id='word_1_662' title='bbox 2309 3762 2419 3820; x_wconf 85' lang='lat' dir='ltr'><strong>Nos</strong></span> <span class='ocrx_word' id='word_1_663' title='bbox 2457 3764 2550 3834; x_wconf 91' lang='lat' dir='ltr'><strong>qui</strong></span> <span class='ocrx_word' id='word_1_664' title='bbox 2597 3766 2779 3819; x_wconf 89' lang='lat' dir='ltr'><strong>adhuc</strong></span> <span class='ocrx_word' id='word_1_665' title='bbox 2824 3759 3143 3835; x_wconf 84' lang='lat' dir='ltr'><strong>peccatores</strong></span> <span class='ocrx_word' id='word_1_666' title='bbox 3176 3781 3362 3821; x_wconf 89' lang='lat' dir='ltr'><strong>sumus</strong></span> <span class='ocrx_word' id='word_1_667' title='bbox 3414 3782 3525 3823; x_wconf 79' lang='lat' dir='ltr'><strong>non</strong></span> 
     </span>
    </p>
   </div>
   <div class='ocr_carea' id='block_1_84' title="bbox 1941 3857 3526 3928">
    <p class='ocr_par' dir='ltr' id='par_1_84' title="bbox 1941 3857 3526 3928">
     <span class='ocr_line' id='line_1_84' title="bbox 1941 3857 3526 3928; baseline 0 -15"><span class='ocrx_word' id='word_1_668' title='bbox 1941 3872 2228 3928; x_wconf 87' lang='lat' dir='ltr'><strong>possumus</strong></span> <span class='ocrx_word' id='word_1_669' title='bbox 2247 3858 2406 3912; x_wconf 90' lang='lat' dir='ltr'><strong>istum</strong></span> <span class='ocrx_word' id='word_1_670' title='bbox 2437 3857 2653 3912; x_wconf 90' lang='lat' dir='ltr'><strong>titulum</strong></span> <span class='ocrx_word' id='word_1_671' title='bbox 2681 3857 2855 3913; x_wconf 90' lang='lat' dir='ltr'><strong>laudis</strong></span> <span class='ocrx_word' id='word_1_672' title='bbox 2873 3860 3182 3928; x_wconf 84' lang='lat' dir='ltr'><strong>acquirere,</strong></span> <span class='ocrx_word' id='word_1_673' title='bbox 3204 3859 3332 3926; x_wconf 91' lang='lat' dir='ltr'><strong>quia</strong></span> <span class='ocrx_word' id='word_1_674' title='bbox 3358 3874 3526 3913; x_wconf 88' lang='lat' dir='ltr'><strong>unus-</strong></span> 
     </span>
    </p>
   </div>
   <div class='ocr_carea' id='block_1_85' title="bbox 1942 3951 3523 4020">
    <p class='ocr_par' dir='ltr' id='par_1_85' title="bbox 1942 3951 3523 4020">
     <span class='ocr_line' id='line_1_85' title="bbox 1942 3951 3523 4020; baseline 0.001 -15"><span class='ocrx_word' id='word_1_675' title='bbox 1942 3952 2171 4020; x_wconf 91' lang='lat' dir='ltr'><strong>quisque</strong></span> <span class='ocrx_word' id='word_1_676' title='bbox 2203 3961 2450 4004; x_wconf 89' lang='lat' dir='ltr'><strong>nostrum</strong></span> <span class='ocrx_word' id='word_1_677' title='bbox 2495 3965 2603 4004; x_wconf 92' lang='lat' dir='ltr'><strong>non</strong></span> <span class='ocrx_word' id='word_1_678' title='bbox 2647 3958 2732 4003; x_wconf 90' lang='lat' dir='ltr'><strong>est</strong></span> <span class='ocrx_word' id='word_1_679' title='bbox 2762 3965 2932 4018; x_wconf 87' lang='lat' dir='ltr'><strong>unus,</strong></span> <span class='ocrx_word' id='word_1_680' title='bbox 2965 3951 3058 4005; x_wconf 88' lang='lat' dir='ltr'><strong>sed</strong></span> <span class='ocrx_word' id='word_1_681' title='bbox 3094 3959 3178 4005; x_wconf 87' lang='lat' dir='ltr'><strong>est</strong></span> <span class='ocrx_word' id='word_1_682' title='bbox 3223 3952 3398 4006; x_wconf 89' lang='lat' dir='ltr'><strong>multi.</strong></span> <span class='ocrx_word' id='word_1_683' title='bbox 3431 3953 3523 4007; x_wconf 83' lang='lat' dir='ltr'><strong>ln-</strong></span> 
     </span>
    </p>
   </div>
   <div class='ocr_carea' id='block_1_86' title="bbox 1946 4039 3525 4111">
    <p class='ocr_par' dir='ltr' id='par_1_86' title="bbox 1946 4039 3525 4111">
     <span class='ocr_line' id='line_1_86' title="bbox 1946 4039 3525 4111; baseline -0.001 -14"><span class='ocrx_word' id='word_1_684' title='bbox 1946 4052 2098 4098; x_wconf 89' lang='lat' dir='ltr'><strong>tuere</strong></span> <span class='ocrx_word' id='word_1_685' title='bbox 2122 4057 2355 4111; x_wconf 85' lang='lat' dir='ltr'><strong>namque</strong></span> <span class='ocrx_word' id='word_1_686' title='bbox 2383 4039 2615 4110; x_wconf 82' lang='lat' dir='ltr'><strong>alicujus</strong></span> <span class='ocrx_word' id='word_1_687' title='bbox 2642 4041 2848 4095; x_wconf 91' lang='lat' dir='ltr'><strong>vultum</strong></span> <span class='ocrx_word' id='word_1_688' title='bbox 2879 4057 3020 4096; x_wconf 91' lang='lat' dir='ltr'><strong>nunc</strong></span> <span class='ocrx_word' id='word_1_689' title='bbox 3047 4042 3196 4106; x_wconf 90' lang='lat' dir='ltr'><strong>irati,</strong></span> <span class='ocrx_word' id='word_1_690' title='bbox 3248 4059 3389 4098; x_wconf 88' lang='lat' dir='ltr'><strong>nunc</strong></span> <span class='ocrx_word' id='word_1_691' title='bbox 3426 4045 3525 4097; x_wconf 89' lang='lat' dir='ltr'><strong>ite-</strong></span> 
     </span>
    </p>
   </div>
   <div class='ocr_carea' id='block_1_87' title="bbox 1946 4134 3520 4205">
    <p class='ocr_par' dir='ltr' id='par_1_87' title="bbox 1946 4134 3520 4205">
     <span class='ocr_line' id='line_1_87' title="bbox 1946 4134 3520 4205; baseline 0 -15"><span class='ocrx_word' id='word_1_692' title='bbox 1946 4151 2067 4190; x_wconf 85' lang='lat' dir='ltr'><strong>rum</strong></span> <span class='ocrx_word' id='word_1_693' title='bbox 2098 4136 2292 4199; x_wconf 91' lang='lat' dir='ltr'><strong>tristis,</strong></span> <span class='ocrx_word' id='word_1_694' title='bbox 2321 4134 2480 4204; x_wconf 90' lang='lat' dir='ltr'><strong>paulo</strong></span> <span class='ocrx_word' id='word_1_695' title='bbox 2509 4144 2631 4205; x_wconf 91' lang='lat' dir='ltr'><strong>post</strong></span> <span class='ocrx_word' id='word_1_696' title='bbox 2662 4150 2875 4189; x_wconf 89' lang='lat' dir='ltr'><strong>rursum</strong></span> <span class='ocrx_word' id='word_1_697' title='bbox 2908 4134 3211 4205; x_wconf 80' lang='lat' dir='ltr'><strong>gaudentis,</strong></span> <span class='ocrx_word' id='word_1_698' title='bbox 3236 4143 3291 4189; x_wconf 91' lang='lat' dir='ltr'><strong>et</strong></span> <span class='ocrx_word' id='word_1_699' title='bbox 3323 4135 3520 4190; x_wconf 89' lang='lat' dir='ltr'><strong>itermn</strong></span> 
     </span>
    </p>
   </div>
   <div class='ocr_carea' id='block_1_88' title="bbox 1944 4226 3525 4296">
    <p class='ocr_par' dir='ltr' id='par_1_88' title="bbox 1944 4226 3525 4296">
     <span class='ocr_line' id='line_1_88' title="bbox 1944 4226 3525 4296; baseline 0.001 -15"><span class='ocrx_word' id='word_1_700' title='bbox 1944 4228 2170 4294; x_wconf 88' lang='lat' dir='ltr'><strong>turbati,</strong></span> <span class='ocrx_word' id='word_1_701' title='bbox 2206 4237 2500 4282; x_wconf 73' lang='lat' dir='ltr'><strong>etrursum</strong></span> <span class='ocrx_word' id='word_1_702' title='bbox 2539 4226 2695 4292; x_wconf 87' lang='lat' dir='ltr'><strong>leuis,</strong></span> <span class='ocrx_word' id='word_1_703' title='bbox 2730 4226 2781 4280; x_wconf 92' lang='lat' dir='ltr'><strong>iu</strong></span> <span class='ocrx_word' id='word_1_704' title='bbox 2816 4226 2924 4282; x_wconf 92' lang='lat' dir='ltr'><strong>alio</strong></span> <span class='ocrx_word' id='word_1_705' title='bbox 2973 4236 3219 4296; x_wconf 86' lang='lat' dir='ltr'><strong>tempore</strong></span> <span class='ocrx_word' id='word_1_706' title='bbox 3268 4227 3325 4282; x_wconf 79' lang='lat' dir='ltr'><strong>ie</strong></span> <span class='ocrx_word' id='word_1_707' title='bbox 3360 4227 3525 4282; x_wconf 86' lang='lat' dir='ltr'><strong>rebus</strong></span> 
     </span>
    </p>
   </div>
   <div class='ocr_carea' id='block_1_89' title="bbox 1947 4318 3527 4388">
    <p class='ocr_par' dir='ltr' id='par_1_89' title="bbox 1947 4318 3527 4388">
     <span class='ocr_line' id='line_1_89' title="bbox 1947 4318 3527 4388; baseline -0.001 -12"><span class='ocrx_word' id='word_1_708' title='bbox 1947 4320 2147 4376; x_wconf 90' lang='lat' dir='ltr'><strong>divinis</strong></span> <span class='ocrx_word' id='word_1_709' title='bbox 2193 4329 2247 4375; x_wconf 90' lang='lat' dir='ltr'><strong>et</strong></span> <span class='ocrx_word' id='word_1_710' title='bbox 2285 4320 2403 4374; x_wconf 73' lang='lat' dir='ltr'><strong>vitae</strong></span> <span class='ocrx_word' id='word_1_711' title='bbox 2444 4327 2661 4374; x_wconf 62' lang='lat' dir='ltr'><strong>aeternae</strong></span> <span class='ocrx_word' id='word_1_712' title='bbox 2690 4320 2903 4374; x_wconf 91' lang='lat' dir='ltr'><strong>actibus</strong></span> <span class='ocrx_word' id='word_1_713' title='bbox 2952 4318 3287 4374; x_wconf 86' lang='lat' dir='ltr'><strong>consulentis</strong></span> <span class='ocrx_word' id='word_1_714' title='bbox 3310 4358 3325 4382; x_wconf 92' lang='lat'><strong>,</strong></span> <span class='ocrx_word' id='word_1_715' title='bbox 3363 4320 3527 4388; x_wconf 89' lang='lat' dir='ltr'><strong>paulo</strong></span> 
     </span>
    </p>
   </div>
   <div class='ocr_carea' id='block_1_90' title="bbox 268 4400 3521 4489">
    <p class='ocr_par' dir='ltr' id='par_1_90' title="bbox 268 4400 3521 4489">
     <span class='ocr_line' id='line_1_90' title="bbox 268 4400 3521 4489; baseline -0.002 -17"><span class='ocrx_word' id='word_1_716' title='bbox 268 4416 530 4472; x_wconf 87' lang='lat' dir='ltr'><strong>sacerdos</strong></span> <span class='ocrx_word' id='word_1_717' title='bbox 558 4432 678 4473; x_wconf 89' lang='lat' dir='ltr'><strong>esse</strong></span> <span class='ocrx_word' id='word_1_718' title='bbox 707 4417 939 4479; x_wconf 88' lang='lat' dir='ltr'><strong>ebriam,</strong></span> <span class='ocrx_word' id='word_1_719' title='bbox 983 4418 1348 4488; x_wconf 84' lang='lat' dir='ltr'><strong>increpaverit</strong></span> <span class='ocrx_word' id='word_1_720' title='bbox 1376 4434 1519 4485; x_wconf 89' lang='lat' dir='ltr'><strong>eam,</strong></span> <span class='ocrx_word' id='word_1_721' title='bbox 1566 4419 1679 4489; x_wconf 90' lang='lat' dir='ltr'><strong>ipsa</strong></span> <span class='ocrx_word' id='word_1_722' title='bbox 1713 4433 1841 4472; x_wconf 89' lang='lat' dir='ltr'><strong>vero</strong></span> <span class='ocrx_word' id='word_1_723' title='bbox 1872 4400 1916 4455; x_wconf 79' lang='lat' dir='ltr'><strong>D</strong></span> <span class='ocrx_word' id='word_1_724' title='bbox 1946 4420 2067 4482; x_wconf 88' lang='lat' dir='ltr'><strong>post</strong></span> <span class='ocrx_word' id='word_1_725' title='bbox 2094 4428 2225 4467; x_wconf 88' lang='lat' dir='ltr'><strong>vero</strong></span> <span class='ocrx_word' id='word_1_726' title='bbox 2254 4411 2340 4466; x_wconf 91' lang='lat' dir='ltr'><strong>vel</strong></span> <span class='ocrx_word' id='word_1_727' title='bbox 2368 4427 2488 4481; x_wconf 83' lang='lat' dir='ltr'><strong>quae</strong></span> <span class='ocrx_word' id='word_1_728' title='bbox 2510 4410 2578 4465; x_wconf 88' lang='lat' dir='ltr'><strong>ad</strong></span> <span class='ocrx_word' id='word_1_729' title='bbox 2615 4411 2924 4479; x_wconf 83' lang='lat' dir='ltr'><strong>avaritiam,</strong></span> <span class='ocrx_word' id='word_1_730' title='bbox 2947 4410 3027 4466; x_wconf 90' lang='lat' dir='ltr'><strong>vel</strong></span> <span class='ocrx_word' id='word_1_731' title='bbox 3054 4426 3176 4480; x_wconf 68' lang='lat' dir='ltr'><strong>qua:</strong></span> <span class='ocrx_word' id='word_1_732' title='bbox 3203 4410 3268 4465; x_wconf 91' lang='lat' dir='ltr'><strong>ad</strong></span> <span class='ocrx_word' id='word_1_733' title='bbox 3290 4410 3521 4483; x_wconf 88' lang='lat' dir='ltr'><strong>gloriam</strong></span> 
     </span>
    </p>
   </div>
   <div class='ocr_carea' id='block_1_91' title="bbox 269 4504 1846 4575">
    <p class='ocr_par' dir='ltr' id='par_1_91' title="bbox 269 4504 1846 4575">
     <span class='ocr_line' id='line_1_91' title="bbox 269 4504 1846 4575; baseline -0.003 -14"><span class='ocrx_word' id='word_1_734' title='bbox 269 4521 393 4561; x_wconf 86' lang='lat' dir='ltr'><strong>cum</strong></span> <span class='ocrx_word' id='word_1_735' title='bbox 432 4506 740 4560; x_wconf 88' lang='lat' dir='ltr'><strong>humilitate</strong></span> <span class='ocrx_word' id='word_1_736' title='bbox 789 4506 1121 4575; x_wconf 88' lang='lat' dir='ltr'><strong>respondens</strong></span> <span class='ocrx_word' id='word_1_737' title='bbox 1161 4504 1494 4561; x_wconf 84' lang='lat' dir='ltr'><strong>satisfecerit</strong></span> <span class='ocrx_word' id='word_1_738' title='bbox 1550 4504 1846 4568; x_wconf 88' lang='lat' dir='ltr'><strong>sacerdoti,</strong></span> 
     </span>
    </p>
   </div>
   <div class='ocr_carea' id='block_1_92' title="bbox 267 4597 1849 4670">
    <p class='ocr_par' dir='ltr' id='par_1_92' title="bbox 267 4597 1849 4670">
     <span class='ocr_line' id='line_1_92' title="bbox 267 4597 1849 4670; baseline -0.001 -19"><span class='ocrx_word' id='word_1_739' title='bbox 267 4598 506 4653; x_wconf 86' lang='lat' dir='ltr'><strong>oraverit</strong></span> <span class='ocrx_word' id='word_1_740' title='bbox 547 4597 657 4670; x_wconf 80' lang='lat'><strong>(95)</strong></span> <span class='ocrx_word' id='word_1_741' title='bbox 698 4607 879 4654; x_wconf 84' lang='lat' dir='ltr'><strong>autent</strong></span> <span class='ocrx_word' id='word_1_742' title='bbox 934 4599 1005 4653; x_wconf 88' lang='lat' dir='ltr'><strong>ad</strong></span> <span class='ocrx_word' id='word_1_743' title='bbox 1062 4598 1374 4661; x_wconf 88' lang='lat' dir='ltr'><strong>Dominum.</strong></span> <span class='ocrx_word' id='word_1_744' title='bbox 1421 4608 1479 4653; x_wconf 89' lang='lat' dir='ltr'><strong>ut</strong></span> <span class='ocrx_word' id='word_1_745' title='bbox 1534 4597 1849 4666; x_wconf 87' lang='lat' dir='ltr'><strong>conciperet</strong></span> 
     </span>
    </p>
   </div>
   <div class='ocr_carea' id='block_1_93' title="bbox 269 4690 1848 4761">
    <p class='ocr_par' dir='ltr' id='par_1_93' title="bbox 269 4690 1848 4761">
     <span class='ocr_line' id='line_1_93' title="bbox 269 4690 1848 4761; baseline -0.003 -17"><span class='ocrx_word' id='word_1_746' title='bbox 269 4690 463 4758; x_wconf 90' lang='lat' dir='ltr'><strong>filium,</strong></span> <span class='ocrx_word' id='word_1_747' title='bbox 495 4692 815 4761; x_wconf 87' lang='lat' dir='ltr'><strong>promittens</strong></span> <span class='ocrx_word' id='word_1_748' title='bbox 842 4704 904 4746; x_wconf 89' lang='lat' dir='ltr'><strong>se</strong></span> <span class='ocrx_word' id='word_1_749' title='bbox 934 4691 1043 4745; x_wconf 89' lang='lat' dir='ltr'><strong>Deo</strong></span> <span class='ocrx_word' id='word_1_750' title='bbox 1073 4701 1511 4746; x_wconf 84' lang='lat' dir='ltr'><strong>consccraturam</strong></span> <span class='ocrx_word' id='word_1_751' title='bbox 1566 4690 1848 4758; x_wconf 90' lang='lat' dir='ltr'><strong>quodcun-</strong></span> 
     </span>
    </p>
   </div>
   <div class='ocr_carea' id='block_1_94' title="bbox 269 4780 1846 4853">
    <p class='ocr_par' dir='ltr' id='par_1_94' title="bbox 269 4780 1846 4853">
     <span class='ocr_line' id='line_1_94' title="bbox 269 4780 1846 4853; baseline 0 -18"><span class='ocrx_word' id='word_1_752' title='bbox 269 4797 377 4853; x_wconf 89' lang='lat' dir='ltr'><strong>que</strong></span> <span class='ocrx_word' id='word_1_753' title='bbox 431 4784 727 4853; x_wconf 89' lang='lat' dir='ltr'><strong>genuisset.</strong></span> <span class='ocrx_word' id='word_1_754' title='bbox 804 4783 870 4838; x_wconf 87' lang='lat' dir='ltr'><strong>Et</strong></span> <span class='ocrx_word' id='word_1_755' title='bbox 913 4798 1040 4839; x_wconf 90' lang='lat' dir='ltr'><strong>cum</strong></span> <span class='ocrx_word' id='word_1_756' title='bbox 1101 4798 1169 4839; x_wconf 81' lang='lat' dir='ltr'><strong>ex</strong></span> <span class='ocrx_word' id='word_1_757' title='bbox 1216 4781 1638 4853; x_wconf 88' lang='lat' dir='ltr'><strong>repromissione</strong></span> <span class='ocrx_word' id='word_1_758' title='bbox 1673 4780 1846 4835; x_wconf 92' lang='lat' dir='ltr'><strong>filium</strong></span> 
     </span>
    </p>
   </div>
   <div class='ocr_carea' id='block_1_95' title="bbox 270 4873 1843 4945">
    <p class='ocr_par' dir='ltr' id='par_1_95' title="bbox 270 4873 1843 4945">
     <span class='ocr_line' id='line_1_95' title="bbox 270 4873 1843 4945; baseline 0 -17"><span class='ocrx_word' id='word_1_759' title='bbox 270 4874 624 4945; x_wconf 83' lang='lat' dir='ltr'><strong>suscepisset,</strong></span> <span class='ocrx_word' id='word_1_760' title='bbox 655 4873 888 4929; x_wconf 82' lang='lat' dir='ltr'><strong>refertur</strong></span> <span class='ocrx_word' id='word_1_761' title='bbox 913 4875 1061 4945; x_wconf 90' lang='lat' dir='ltr'><strong>quod</strong></span> <span class='ocrx_word' id='word_1_762' title='bbox 1094 4891 1123 4928; x_wconf 94' lang='lat' dir='ltr'><strong>a</strong></span> <span class='ocrx_word' id='word_1_763' title='bbox 1148 4875 1289 4930; x_wconf 85' lang='lat' dir='ltr'><strong>lacte</strong></span> <span class='ocrx_word' id='word_1_764' title='bbox 1314 4873 1599 4945; x_wconf 90' lang='lat' dir='ltr'><strong>depulsum</strong></span> <span class='ocrx_word' id='word_1_765' title='bbox 1625 4874 1843 4928; x_wconf 87' lang='lat' dir='ltr'><strong>obtule-</strong></span> 
     </span>
    </p>
   </div>
   <div class='ocr_carea' id='block_1_96' title="bbox 273 4964 1844 5037">
    <p class='ocr_par' dir='ltr' id='par_1_96' title="bbox 273 4964 1844 5037">
     <span class='ocr_line' id='line_1_96' title="bbox 273 4964 1844 5037; baseline 0.002 -18"><span class='ocrx_word' id='word_1_766' title='bbox 273 4967 344 5019; x_wconf 90' lang='lat' dir='ltr'><strong>rit</strong></span> <span class='ocrx_word' id='word_1_767' title='bbox 369 4981 494 5020; x_wconf 89' lang='lat' dir='ltr'><strong>euut</strong></span> <span class='ocrx_word' id='word_1_768' title='bbox 522 4967 768 5022; x_wconf 84' lang='lat' dir='ltr'><strong>Domino.</strong></span> <span class='ocrx_word' id='word_1_769' title='bbox 791 4964 910 5021; x_wconf 87' lang='lat' dir='ltr'><strong>Non</strong></span> <span class='ocrx_word' id='word_1_770' title='bbox 944 4968 1091 5022; x_wconf 91' lang='lat' dir='ltr'><strong>enim</strong></span> <span class='ocrx_word' id='word_1_771' title='bbox 1130 4975 1345 5037; x_wconf 83' lang='lat' dir='ltr'><strong>poterat</strong></span> <span class='ocrx_word' id='word_1_772' title='bbox 1370 4966 1567 5022; x_wconf 73' lang='lat' dir='ltr'><strong>offerre</strong></span> <span class='ocrx_word' id='word_1_773' title='bbox 1612 4967 1844 5022; x_wconf 87' lang='lat' dir='ltr'><strong>Domino</strong></span> 
     </span>
    </p>
   </div>
   <div class='ocr_carea' id='block_1_97' title="bbox 272 5058 1842 5131">
    <p class='ocr_par' dir='ltr' id='par_1_97' title="bbox 272 5058 1842 5131">
     <span class='ocr_line' id='line_1_97' title="bbox 272 5058 1842 5131; baseline 0.003 -20"><span class='ocrx_word' id='word_1_774' title='bbox 272 5059 424 5128; x_wconf 89' lang='lat' dir='ltr'><strong>prius</strong></span> <span class='ocrx_word' id='word_1_775' title='bbox 444 5074 567 5113; x_wconf 85' lang='lat' dir='ltr'><strong>eum</strong></span> <span class='ocrx_word' id='word_1_776' title='bbox 593 5075 755 5130; x_wconf 88' lang='lat' dir='ltr'><strong>quam</strong></span> <span class='ocrx_word' id='word_1_777' title='bbox 781 5075 819 5114; x_wconf 89' lang='lat' dir='ltr'><strong>a-</strong></span> <span class='ocrx_word' id='word_1_778' title='bbox 842 5062 983 5117; x_wconf 88' lang='lat' dir='ltr'><strong>lacte</strong></span> <span class='ocrx_word' id='word_1_779' title='bbox 1009 5061 1320 5131; x_wconf 88' lang='lat' dir='ltr'><strong>depelleret.</strong></span> <span class='ocrx_word' id='word_1_780' title='bbox 1344 5058 1516 5116; x_wconf 67' lang='lat' dir='ltr'><strong>Offert</strong></span> <span class='ocrx_word' id='word_1_781' title='bbox 1563 5074 1692 5130; x_wconf 87' lang='lat' dir='ltr'><strong>ergo</strong></span> <span class='ocrx_word' id='word_1_782' title='bbox 1720 5075 1842 5115; x_wconf 89' lang='lat' dir='ltr'><strong>eum</strong></span> 
     </span>
    </p>
   </div>
   <div class='ocr_carea' id='block_1_98' title="bbox 274 5154 1845 5228">
    <p class='ocr_par' dir='ltr' id='par_1_98' title="bbox 274 5154 1845 5228">
     <span class='ocr_line' id='line_1_98' title="bbox 274 5154 1845 5228; baseline 0.001 -20"><span class='ocrx_word' id='word_1_783' title='bbox 274 5154 330 5208; x_wconf 90' lang='lat' dir='ltr'><strong>in</strong></span> <span class='ocrx_word' id='word_1_784' title='bbox 360 5155 609 5211; x_wconf 88' lang='lat' dir='ltr'><strong>oratione</strong></span> <span class='ocrx_word' id='word_1_785' title='bbox 634 5158 871 5224; x_wconf 87' lang='lat' dir='ltr'><strong>quadam</strong></span> <span class='ocrx_word' id='word_1_786' title='bbox 912 5156 1244 5228; x_wconf 88' lang='lat' dir='ltr'><strong>propheticis</strong></span> <span class='ocrx_word' id='word_1_787' title='bbox 1264 5158 1515 5213; x_wconf 88' lang='lat' dir='ltr'><strong>distincta</strong></span> <span class='ocrx_word' id='word_1_788' title='bbox 1547 5155 1845 5227; x_wconf 86' lang='lat' dir='ltr'><strong>mysteriis.</strong></span> 
     </span>
    </p>
   </div>
   <div class='ocr_carea' id='block_1_99' title="bbox 210 5230 1843 5319">
    <p class='ocr_par' dir='ltr' id='par_1_99' title="bbox 210 5230 1843 5319">
     <span class='ocr_line' id='line_1_99' title="bbox 210 5230 1843 5319; baseline 0.001 -21"><span class='ocrx_word' id='word_1_789' title='bbox 210 5230 217 5237; x_wconf 70' lang='grc'><em>’</em></span> <span class='ocrx_word' id='word_1_790' title='bbox 271 5244 723 5301; x_wconf 75' lang='lat' dir='ltr'><strong>Abhreviavimus</strong></span> <span class='ocrx_word' id='word_1_791' title='bbox 776 5259 1038 5319; x_wconf 82' lang='lat' dir='ltr'><strong>quantum</strong></span> <span class='ocrx_word' id='word_1_792' title='bbox 1120 5248 1394 5318; x_wconf 84' lang='lat' dir='ltr'><strong>potuimus</strong></span> <span class='ocrx_word' id='word_1_793' title='bbox 1449 5247 1843 5301; x_wconf 88' lang='lat' dir='ltr'><strong>continentiam</strong></span> 
     </span>
    </p>
   </div>
   <div class='ocr_carea' id='block_1_100' title="bbox 278 5338 1531 5393">
    <p class='ocr_par' dir='ltr' id='par_1_100' title="bbox 278 5338 1531 5393">
     <span class='ocr_line' id='line_1_100' title="bbox 278 5338 1531 5393; baseline 0.003 -3"><span class='ocrx_word' id='word_1_794' title='bbox 278 5338 551 5393; x_wconf 84' lang='lat' dir='ltr'><strong>lectionis.</strong></span> <span class='ocrx_word' id='word_1_795' title='bbox 1528 5338 1531 5341; x_wconf 32' lang='grc' dir='ltr'><strong><em>λ</em></strong></span> 
     </span>
    </p>
   </div>
   <div class='ocr_carea' id='block_1_101' title="bbox 345 5431 1844 5513">
    <p class='ocr_par' dir='ltr' id='par_1_101' title="bbox 345 5431 1844 5513">
     <span class='ocr_line' id='line_1_101' title="bbox 345 5431 1844 5513; baseline -0.001 -25"><span class='ocrx_word' id='word_1_796' title='bbox 345 5435 399 5488; x_wconf 84' lang='grc'><strong>5.</strong></span> <span class='ocrx_word' id='word_1_797' title='bbox 438 5431 724 5490; x_wconf 77' lang='lat' dir='ltr'><strong>Videamus</strong></span> <span class='ocrx_word' id='word_1_798' title='bbox 759 5450 905 5490; x_wconf 91' lang='lat' dir='ltr'><strong>nunc</strong></span> <span class='ocrx_word' id='word_1_799' title='bbox 927 5435 1058 5505; x_wconf 90' lang='lat' dir='ltr'><strong>quid</strong></span> <span class='ocrx_word' id='word_1_800' title='bbox 1082 5436 1246 5491; x_wconf 89' lang='lat' dir='ltr'><strong>etiam</strong></span> <span class='ocrx_word' id='word_1_801' title='bbox 1276 5449 1373 5504; x_wconf 89' lang='lat' dir='ltr'><strong>per</strong></span> <span class='ocrx_word' id='word_1_802' title='bbox 1410 5437 1527 5489; x_wconf 65' lang='lat' dir='ltr'><strong>haec</strong></span> <span class='ocrx_word' id='word_1_803' title='bbox 1573 5448 1694 5513; x_wconf 68' lang='lat' dir='ltr'><strong>quse</strong></span> <span class='ocrx_word' id='word_1_804' title='bbox 1719 5447 1844 5502; x_wconf 82' lang='lat' dir='ltr'><strong>pro-</strong></span> 
     </span>
    </p>
   </div>
   <div class='ocr_carea' id='block_1_102' title="bbox 347 5567 1416 5644">
    <p class='ocr_par' dir='ltr' id='par_1_102' title="bbox 347 5567 1416 5644">
     <span class='ocr_line' id='line_1_102' title="bbox 347 5567 1416 5644; baseline 0.006 -21"><span class='ocrx_word' id='word_1_805' title='bbox 347 5567 394 5600; x_wconf 83' lang='lat'><strong>“</strong></span> <span class='ocrx_word' id='word_1_806' title='bbox 426 5567 445 5623; x_wconf 83' lang='lat' dir='ltr'><strong>l</strong></span> <span class='ocrx_word' id='word_1_807' title='bbox 473 5567 600 5626; x_wconf 89' lang='lat' dir='ltr'><strong>Cor.</strong></span> <span class='ocrx_word' id='word_1_808' title='bbox 634 5585 684 5634; x_wconf 86' lang='lat' dir='ltr'><strong>v,</strong></span> <span class='ocrx_word' id='word_1_809' title='bbox 711 5571 762 5639; x_wconf 79' lang='grc'><strong>1,</strong></span> <span class='ocrx_word' id='word_1_810' title='bbox 786 5571 841 5626; x_wconf 72' lang='grc'><strong>2.</strong></span> <span class='ocrx_word' id='word_1_811' title='bbox 937 5573 978 5603; x_wconf 84' lang='grc'>⁸⁷</span> <span class='ocrx_word' id='word_1_812' title='bbox 1012 5570 1032 5624; x_wconf 91' lang='lat' dir='ltr'><strong>l</strong></span> <span class='ocrx_word' id='word_1_813' title='bbox 1059 5572 1190 5644; x_wconf 78' lang='lat' dir='ltr'><strong>Reg.</strong></span> <span class='ocrx_word' id='word_1_814' title='bbox 1216 5591 1253 5640; x_wconf 84' lang='lat' dir='ltr'><strong>i,</strong></span> <span class='ocrx_word' id='word_1_815' title='bbox 1281 5573 1416 5639; x_wconf 80' lang='lat' dir='ltr'><strong>f,-5.</strong></span> 
     </span>
    </p>
   </div>
   <div class='ocr_carea' id='block_1_103' title="bbox 347 5705 1206 5780">
    <p class='ocr_par' dir='ltr' id='par_1_103' title="bbox 347 5705 1206 5780">
     <span class='ocr_line' id='line_1_103' title="bbox 347 5705 1206 5780; baseline -0.002 -19"><span class='ocrx_word' id='word_1_816' title='bbox 347 5706 461 5780; x_wconf 73' lang='lat' dir='ltr'><strong>(9E)</strong></span> <span class='ocrx_word' id='word_1_817' title='bbox 504 5705 652 5763; x_wconf 86' lang='lat' dir='ltr'><strong>Unus</strong></span> <span class='ocrx_word' id='word_1_818' title='bbox 673 5707 863 5773; x_wconf 87' lang='lat' dir='ltr'><strong>codex,</strong></span> <span class='ocrx_word' id='word_1_819' title='bbox 897 5724 914 5756; x_wconf 75' lang='grc' dir='ltr'>ι</span> <span class='ocrx_word' id='word_1_820' title='bbox 949 5707 1144 5761; x_wconf 80' lang='lat' dir='ltr'><strong>oravit.</strong></span> <span class='ocrx_word' id='word_1_821' title='bbox 1187 5730 1206 5759; x_wconf 74' lang='grc' dir='ltr'><strong><em>ο</em></strong></span> 
     </span>
    </p>
   </div>
   <div class='ocr_carea' id='block_1_104' title="bbox 1494 5568 1936 5635">
    <p class='ocr_par' dir='ltr' id='par_1_104' title="bbox 1494 5568 1936 5635">
     <span class='ocr_line' id='line_1_104' title="bbox 1494 5568 1936 5635; baseline -0.014 -8"><span class='ocrx_word' id='word_1_822' title='bbox 1494 5570 1539 5604; x_wconf 73' lang='grc'><strong>⁵⁸</strong></span> <span class='ocrx_word' id='word_1_823' title='bbox 1564 5572 1582 5627; x_wconf 95' lang='lat' dir='ltr'><strong>l</strong></span> <span class='ocrx_word' id='word_1_824' title='bbox 1608 5572 1734 5627; x_wconf 77' lang='lat' dir='ltr'><strong>Cor.</strong></span> <span class='ocrx_word' id='word_1_825' title='bbox 1760 5584 1853 5635; x_wconf 85' lang='lat' dir='ltr'><strong>vn,</strong></span> <span class='ocrx_word' id='word_1_826' title='bbox 1889 5568 1936 5622; x_wconf 89' lang='lat' dir='ltr'><strong>i.</strong></span> 
     </span>
    </p>
   </div>
   <div class='ocr_carea' id='block_1_105' title="bbox 1948 4503 3521 4576">
    <p class='ocr_par' dir='ltr' id='par_1_105' title="bbox 1948 4503 3521 4576">
     <span class='ocr_line' id='line_1_105' title="bbox 1948 4503 3521 4576; baseline -0.001 -16"><span class='ocrx_word' id='word_1_827' title='bbox 1948 4506 2130 4561; x_wconf 62' lang='lat' dir='ltr'><strong>saeculi</strong></span> <span class='ocrx_word' id='word_1_828' title='bbox 2162 4507 2435 4576; x_wconf 89' lang='lat' dir='ltr'><strong>pertinent</strong></span> <span class='ocrx_word' id='word_1_829' title='bbox 2461 4504 2758 4559; x_wconf 90' lang='lat' dir='ltr'><strong>molientis.</strong></span> <span class='ocrx_word' id='word_1_830' title='bbox 2794 4503 2955 4560; x_wconf 85' lang='lat' dir='ltr'><strong>Vides</strong></span> <span class='ocrx_word' id='word_1_831' title='bbox 2997 4504 3271 4573; x_wconf 93' lang='lat' dir='ltr'><strong>quomodo</strong></span> <span class='ocrx_word' id='word_1_832' title='bbox 3314 4504 3402 4557; x_wconf 78' lang='lat' dir='ltr'><strong>ille</strong></span> <span class='ocrx_word' id='word_1_833' title='bbox 3429 4506 3521 4573; x_wconf 89' lang='lat' dir='ltr'><strong>qui</strong></span> 
     </span>
    </p>
   </div>
   <div class='ocr_carea' id='block_1_106' title="bbox 1947 4591 3523 4667">
    <p class='ocr_par' dir='ltr' id='par_1_106' title="bbox 1947 4591 3523 4667">
     <span class='ocr_line' id='line_1_106' title="bbox 1947 4591 3523 4667; baseline -0.003 -14"><span class='ocrx_word' id='word_1_834' title='bbox 1947 4591 2171 4667; x_wconf 84' lang='lat' dir='ltr'><strong>putatur</strong></span> <span class='ocrx_word' id='word_1_835' title='bbox 2194 4612 2332 4652; x_wconf 86' lang='lat' dir='ltr'><strong>unus</strong></span> <span class='ocrx_word' id='word_1_836' title='bbox 2359 4611 2499 4661; x_wconf 89' lang='lat' dir='ltr'><strong>esse,</strong></span> <span class='ocrx_word' id='word_1_837' title='bbox 2529 4610 2632 4650; x_wconf 90' lang='lat' dir='ltr'><strong>non</strong></span> <span class='ocrx_word' id='word_1_838' title='bbox 2663 4606 2746 4651; x_wconf 89' lang='lat' dir='ltr'><strong>est</strong></span> <span class='ocrx_word' id='word_1_839' title='bbox 2780 4612 2940 4662; x_wconf 90' lang='lat' dir='ltr'><strong>unus,</strong></span> <span class='ocrx_word' id='word_1_840' title='bbox 2971 4597 3064 4650; x_wconf 90' lang='lat' dir='ltr'><strong>sed</strong></span> <span class='ocrx_word' id='word_1_841' title='bbox 3096 4604 3178 4650; x_wconf 93' lang='lat' dir='ltr'><strong>tot</strong></span> <span class='ocrx_word' id='word_1_842' title='bbox 3216 4597 3270 4649; x_wconf 93' lang='lat' dir='ltr'><strong>in</strong></span> <span class='ocrx_word' id='word_1_843' title='bbox 3300 4610 3368 4650; x_wconf 91' lang='lat' dir='ltr'><strong>eo</strong></span> <span class='ocrx_word' id='word_1_844' title='bbox 3400 4611 3523 4663; x_wconf 89' lang='lat' dir='ltr'><strong>per-</strong></span> 
     </span>
    </p>
   </div>
   <div class='ocr_carea' id='block_1_107' title="bbox 1947 4687 3524 4757">
    <p class='ocr_par' dir='ltr' id='par_1_107' title="bbox 1947 4687 3524 4757">
     <span class='ocr_line' id='line_1_107' title="bbox 1947 4687 3524 4757; baseline -0.002 -12"><span class='ocrx_word' id='word_1_845' title='bbox 1947 4705 2093 4746; x_wconf 64' lang='lat' dir='ltr'><strong>sonae</strong></span> <span class='ocrx_word' id='word_1_846' title='bbox 2118 4689 2376 4745; x_wconf 87' lang='lat' dir='ltr'><strong>videntur</strong></span> <span class='ocrx_word' id='word_1_847' title='bbox 2405 4702 2526 4744; x_wconf 91' lang='lat' dir='ltr'><strong>esse</strong></span> <span class='ocrx_word' id='word_1_848' title='bbox 2562 4696 2694 4757; x_wconf 91' lang='lat' dir='ltr'><strong>quot</strong></span> <span class='ocrx_word' id='word_1_849' title='bbox 2726 4704 2904 4744; x_wconf 91' lang='lat' dir='ltr'><strong>mores</strong></span> <span class='ocrx_word' id='word_1_850' title='bbox 2925 4727 2941 4754; x_wconf 93' lang='lat'><strong>,</strong></span> <span class='ocrx_word' id='word_1_851' title='bbox 2969 4688 3095 4756; x_wconf 90' lang='lat' dir='ltr'><strong>quia</strong></span> <span class='ocrx_word' id='word_1_852' title='bbox 3127 4696 3183 4742; x_wconf 90' lang='lat' dir='ltr'><strong>et</strong></span> <span class='ocrx_word' id='word_1_853' title='bbox 3226 4687 3524 4743; x_wconf 89' lang='lat' dir='ltr'><strong>secundum</strong></span> 
     </span>
    </p>
   </div>
   <div class='ocr_carea' id='block_1_108' title="bbox 1951 4779 3524 4851">
    <p class='ocr_par' dir='ltr' id='par_1_108' title="bbox 1951 4779 3524 4851">
     <span class='ocr_line' id='line_1_108' title="bbox 1951 4779 3524 4851; baseline -0.002 -15"><span class='ocrx_word' id='word_1_854' title='bbox 1951 4781 2260 4851; x_wconf 66' lang='lat' dir='ltr'><strong>Scriptura:</strong></span> <span class='ocrx_word' id='word_1_855' title='bbox 2294 4798 2313 4832; x_wconf 82' lang='grc'><em>‹</em></span> <span class='ocrx_word' id='word_1_856' title='bbox 2343 4781 2601 4849; x_wconf 90' lang='lat' dir='ltr'><strong>insipiens</strong></span> <span class='ocrx_word' id='word_1_857' title='bbox 2628 4780 2767 4835; x_wconf 91' lang='lat' dir='ltr'><strong>sicut</strong></span> <span class='ocrx_word' id='word_1_858' title='bbox 2797 4780 2922 4834; x_wconf 89' lang='lat' dir='ltr'><strong>luna</strong></span> <span class='ocrx_word' id='word_1_859' title='bbox 2947 4789 3190 4834; x_wconf 87' lang='lat' dir='ltr'><strong>mutatur</strong></span> <span class='ocrx_word' id='word_1_860' title='bbox 3214 4780 3283 4835; x_wconf 71' lang='grc'><strong>⁷⁸.</strong></span> <span class='ocrx_word' id='word_1_861' title='bbox 3314 4799 3335 4833; x_wconf 74' lang='grc' dir='ltr'><strong><em>ι</em></strong></span> <span class='ocrx_word' id='word_1_862' title='bbox 3364 4779 3524 4835; x_wconf 88' lang='lat' dir='ltr'><strong>Unde</strong></span> 
     </span>
    </p>
   </div>
   <div class='ocr_carea' id='block_1_109' title="bbox 1948 4872 3520 4943">
    <p class='ocr_par' dir='ltr' id='par_1_109' title="bbox 1948 4872 3520 4943">
     <span class='ocr_line' id='line_1_109' title="bbox 1948 4872 3520 4943; baseline -0.003 -12"><span class='ocrx_word' id='word_1_863' title='bbox 1948 4883 2004 4931; x_wconf 89' lang='lat' dir='ltr'><strong>et</strong></span> <span class='ocrx_word' id='word_1_864' title='bbox 2033 4875 2160 4930; x_wconf 91' lang='lat' dir='ltr'><strong>luna</strong></span> <span class='ocrx_word' id='word_1_865' title='bbox 2188 4888 2309 4930; x_wconf 87' lang='lat' dir='ltr'><strong>cum</strong></span> <span class='ocrx_word' id='word_1_866' title='bbox 2339 4874 2589 4929; x_wconf 88' lang='lat' dir='ltr'><strong>videatur</strong></span> <span class='ocrx_word' id='word_1_867' title='bbox 2619 4890 2724 4932; x_wconf 89' lang='lat' dir='ltr'><strong>una</strong></span> <span class='ocrx_word' id='word_1_868' title='bbox 2750 4888 2875 4929; x_wconf 86' lang='lat' dir='ltr'><strong>esse</strong></span> <span class='ocrx_word' id='word_1_869' title='bbox 2913 4888 3013 4943; x_wconf 91' lang='lat' dir='ltr'><strong>per</strong></span> <span class='ocrx_word' id='word_1_870' title='bbox 3061 4872 3383 4928; x_wconf 86' lang='lat' dir='ltr'><strong>substantiae</strong></span> <span class='ocrx_word' id='word_1_871' title='bbox 3416 4874 3520 4926; x_wconf 84' lang='lat' dir='ltr'><strong>im-</strong></span> 
     </span>
    </p>
   </div>
   <div class='ocr_carea' id='block_1_110' title="bbox 1952 4965 3525 5036">
    <p class='ocr_par' dir='ltr' id='par_1_110' title="bbox 1952 4965 3525 5036">
     <span class='ocr_line' id='line_1_110' title="bbox 1952 4965 3525 5036; baseline -0.002 -14"><span class='ocrx_word' id='word_1_872' title='bbox 1952 4967 2343 5035; x_wconf 90' lang='lat' dir='ltr'><strong>mutationem,</strong></span> <span class='ocrx_word' id='word_1_873' title='bbox 2389 4976 2566 5023; x_wconf 89' lang='lat' dir='ltr'><strong>tamen</strong></span> <span class='ocrx_word' id='word_1_874' title='bbox 2615 4982 2832 5036; x_wconf 89' lang='lat' dir='ltr'><strong>semper</strong></span> <span class='ocrx_word' id='word_1_875' title='bbox 2873 4981 2904 5020; x_wconf 90' lang='lat' dir='ltr'><strong>a</strong></span> <span class='ocrx_word' id='word_1_876' title='bbox 2948 4965 3243 5035; x_wconf 87' lang='lat' dir='ltr'><strong>semetipsa</strong></span> <span class='ocrx_word' id='word_1_877' title='bbox 3295 4965 3400 5019; x_wconf 87' lang='lat' dir='ltr'><strong>alia</strong></span> <span class='ocrx_word' id='word_1_878' title='bbox 3439 4974 3525 5019; x_wconf 87' lang='lat' dir='ltr'><strong>est</strong></span> 
     </span>
    </p>
   </div>
   <div class='ocr_carea' id='block_1_111' title="bbox 1951 5051 3528 5130">
    <p class='ocr_par' dir='ltr' id='par_1_111' title="bbox 1951 5051 3528 5130">
     <span class='ocr_line' id='line_1_111' title="bbox 1951 5051 3528 5130; baseline -0.003 -15"><span class='ocrx_word' id='word_1_879' title='bbox 1951 5071 2270 5130; x_wconf 88' lang='lat' dir='ltr'><strong>semperque</strong></span> <span class='ocrx_word' id='word_1_880' title='bbox 2316 5061 2532 5115; x_wconf 90' lang='lat' dir='ltr'><strong>diversa</strong></span> <span class='ocrx_word' id='word_1_881' title='bbox 2570 5078 2587 5116; x_wconf 89' lang='lat'><strong>:</strong></span> <span class='ocrx_word' id='word_1_882' title='bbox 2635 5070 2693 5117; x_wconf 87' lang='lat' dir='ltr'><strong>et</strong></span> <span class='ocrx_word' id='word_1_883' title='bbox 2724 5051 2804 5115; x_wconf 85' lang='lat' dir='ltr'><strong>sic</strong></span> <span class='ocrx_word' id='word_1_884' title='bbox 2857 5059 3022 5112; x_wconf 85' lang='lat' dir='ltr'><strong>etiam</strong></span> <span class='ocrx_word' id='word_1_885' title='bbox 3073 5059 3126 5112; x_wconf 93' lang='lat' dir='ltr'><strong>in</strong></span> <span class='ocrx_word' id='word_1_886' title='bbox 3164 5059 3278 5129; x_wconf 90' lang='lat' dir='ltr'><strong>ipsa</strong></span> <span class='ocrx_word' id='word_1_887' title='bbox 3311 5068 3528 5112; x_wconf 85' lang='lat' dir='ltr'><strong>constat</strong></span> 
     </span>
    </p>
   </div>
   <div class='ocr_carea' id='block_1_112' title="bbox 1949 5150 3524 5221">
    <p class='ocr_par' dir='ltr' id='par_1_112' title="bbox 1949 5150 3524 5221">
     <span class='ocr_line' id='line_1_112' title="bbox 1949 5150 3524 5221; baseline -0.001 -17"><span class='ocrx_word' id='word_1_888' title='bbox 1949 5151 2091 5220; x_wconf 92' lang='lat' dir='ltr'><strong>quod</strong></span> <span class='ocrx_word' id='word_1_889' title='bbox 2114 5166 2233 5205; x_wconf 24' lang='lat' dir='ltr'><strong>una.</strong></span> <span class='ocrx_word' id='word_1_890' title='bbox 2252 5151 2431 5206; x_wconf 73' lang='lat' dir='ltr'><strong>multa:</strong></span> <span class='ocrx_word' id='word_1_891' title='bbox 2455 5152 2585 5209; x_wconf 89' lang='lat' dir='ltr'><strong>sint.</strong></span> <span class='ocrx_word' id='word_1_892' title='bbox 2619 5153 2714 5206; x_wconf 90' lang='lat' dir='ltr'><strong>Sic</strong></span> <span class='ocrx_word' id='word_1_893' title='bbox 2743 5167 2875 5220; x_wconf 88' lang='lat' dir='ltr'><strong>ergo</strong></span> <span class='ocrx_word' id='word_1_894' title='bbox 2900 5161 2955 5206; x_wconf 91' lang='lat' dir='ltr'><strong>et</strong></span> <span class='ocrx_word' id='word_1_895' title='bbox 2983 5165 3079 5205; x_wconf 89' lang='lat' dir='ltr'><strong>nos</strong></span> <span class='ocrx_word' id='word_1_896' title='bbox 3109 5152 3200 5221; x_wconf 91' lang='lat' dir='ltr'><strong>qui</strong></span> <span class='ocrx_word' id='word_1_897' title='bbox 3235 5150 3410 5205; x_wconf 87' lang='lat' dir='ltr'><strong>adhuc</strong></span> <span class='ocrx_word' id='word_1_898' title='bbox 3437 5150 3488 5202; x_wconf 90' lang='lat' dir='ltr'><strong>in</strong></span> <span class='ocrx_word' id='word_1_899' title='bbox 3507 5180 3524 5189; x_wconf 87' lang='lat'><strong>-</strong></span> 
     </span>
    </p>
   </div>
   <div class='ocr_carea' id='block_1_113' title="bbox 1949 5243 3523 5333">
    <p class='ocr_par' dir='ltr' id='par_1_113' title="bbox 1949 5243 3523 5333">
     <span class='ocr_line' id='line_1_113' title="bbox 1949 5243 3523 5333; baseline -0.001 -36"><span class='ocrx_word' id='word_1_900' title='bbox 1949 5243 2209 5313; x_wconf 87' lang='lat' dir='ltr'><strong>sipientes</strong></span> <span class='ocrx_word' id='word_1_901' title='bbox 2234 5257 2420 5298; x_wconf 87' lang='lat' dir='ltr'><strong>sumus</strong></span> <span class='ocrx_word' id='word_1_902' title='bbox 2448 5253 2502 5298; x_wconf 92' lang='lat' dir='ltr'><strong>et</strong></span> <span class='ocrx_word' id='word_1_903' title='bbox 2535 5243 2835 5316; x_wconf 84' lang='lat' dir='ltr'><strong>imperfecti</strong></span> <span class='ocrx_word' id='word_1_904' title='bbox 2867 5284 2880 5308; x_wconf 94' lang='lat'><strong>,</strong></span> <span class='ocrx_word' id='word_1_905' title='bbox 2911 5245 3054 5333; x_wconf 48' lang='lat' dir='ltr'><strong>‘quia</strong></span> <span class='ocrx_word' id='word_1_906' title='bbox 3100 5257 3315 5309; x_wconf 85' lang='lat' dir='ltr'><strong>semper</strong></span> <span class='ocrx_word' id='word_1_907' title='bbox 3346 5250 3523 5295; x_wconf 84' lang='lat' dir='ltr'><strong>muta-</strong></span> 
     </span>
    </p>
   </div>
   <div class='ocr_carea' id='block_1_114' title="bbox 1952 5335 3529 5404">
    <p class='ocr_par' dir='ltr' id='par_1_114' title="bbox 1952 5335 3529 5404">
     <span class='ocr_line' id='line_1_114' title="bbox 1952 5335 3529 5404; baseline -0.003 -14"><span class='ocrx_word' id='word_1_908' title='bbox 1952 5352 2071 5390; x_wconf 90' lang='lat' dir='ltr'><strong>mus</strong></span> <span class='ocrx_word' id='word_1_909' title='bbox 2099 5336 2420 5400; x_wconf 89' lang='lat' dir='ltr'><strong>sententias,</strong></span> <span class='ocrx_word' id='word_1_910' title='bbox 2453 5344 2506 5390; x_wconf 92' lang='lat' dir='ltr'><strong>et</strong></span> <span class='ocrx_word' id='word_1_911' title='bbox 2537 5350 2756 5404; x_wconf 91' lang='lat' dir='ltr'><strong>semper</strong></span> <span class='ocrx_word' id='word_1_912' title='bbox 2784 5336 3004 5390; x_wconf 86' lang='lat' dir='ltr'><strong>diversa</strong></span> <span class='ocrx_word' id='word_1_913' title='bbox 3045 5335 3294 5402; x_wconf 86' lang='lat' dir='ltr'><strong>cupimus</strong></span> <span class='ocrx_word' id='word_1_914' title='bbox 3320 5341 3377 5386; x_wconf 92' lang='lat' dir='ltr'><strong>et</strong></span> <span class='ocrx_word' id='word_1_915' title='bbox 3401 5347 3529 5385; x_wconf 78' lang='lat' dir='ltr'><strong>seu-</strong></span> 
     </span>
    </p>
   </div>
   <div class='ocr_carea' id='block_1_115' title="bbox 1954 5423 3527 5496">
    <p class='ocr_par' dir='ltr' id='par_1_115' title="bbox 1954 5423 3527 5496">
     <span class='ocr_line' id='line_1_115' title="bbox 1954 5423 3527 5496; baseline -0.001 -16"><span class='ocrx_word' id='word_1_916' title='bbox 1954 5428 2136 5491; x_wconf 88' lang='lat' dir='ltr'><strong>timus,</strong></span> <span class='ocrx_word' id='word_1_917' title='bbox 2171 5441 2311 5482; x_wconf 87' lang='lat' dir='ltr'><strong>unus</strong></span> <span class='ocrx_word' id='word_1_918' title='bbox 2361 5441 2467 5481; x_wconf 90' lang='lat' dir='ltr'><strong>non</strong></span> <span class='ocrx_word' id='word_1_919' title='bbox 2515 5441 2805 5496; x_wconf 91' lang='lat' dir='ltr'><strong>possumus</strong></span> <span class='ocrx_word' id='word_1_920' title='bbox 2853 5426 2981 5480; x_wconf 91' lang='lat' dir='ltr'><strong>dici.</strong></span> <span class='ocrx_word' id='word_1_921' title='bbox 3028 5424 3105 5480; x_wconf 89' lang='lat' dir='ltr'><strong>De</strong></span> <span class='ocrx_word' id='word_1_922' title='bbox 3152 5423 3315 5493; x_wconf 87' lang='lat' dir='ltr'><strong>justis</strong></span> <span class='ocrx_word' id='word_1_923' title='bbox 3340 5433 3527 5479; x_wconf 83' lang='lat' dir='ltr'><strong>autem</strong></span> 
     </span>
    </p>
   </div>
   <div class='ocr_carea' id='block_1_116' title="bbox 2035 5566 3048 5630">
    <p class='ocr_par' dir='ltr' id='par_1_116' title="bbox 2035 5566 3048 5630">
     <span class='ocr_line' id='line_1_116' title="bbox 2035 5566 3048 5630; baseline -0.007 -7"><span class='ocrx_word' id='word_1_924' title='bbox 2035 5568 2079 5601; x_wconf 83' lang='grc'><strong>⁶⁹</strong></span> <span class='ocrx_word' id='word_1_925' title='bbox 2109 5567 2149 5622; x_wconf 89' lang='lat' dir='ltr'><strong>ll</strong></span> <span class='ocrx_word' id='word_1_926' title='bbox 2183 5568 2305 5624; x_wconf 84' lang='lat' dir='ltr'><strong>Cor.</strong></span> <span class='ocrx_word' id='word_1_927' title='bbox 2336 5583 2416 5622; x_wconf 85' lang='lat' dir='ltr'><strong>lii.</strong></span> <span class='ocrx_word' id='word_1_928' title='bbox 2485 5567 2533 5599; x_wconf 81' lang='grc' dir='ltr'><strong>’⁷ο</strong></span> <span class='ocrx_word' id='word_1_929' title='bbox 2559 5566 2723 5621; x_wconf 85' lang='lat' dir='ltr'><strong>Eccli.</strong></span> <span class='ocrx_word' id='word_1_930' title='bbox 2759 5581 2926 5630; x_wconf 70' lang='lat' dir='ltr'><strong>xxvii,</strong></span> <span class='ocrx_word' id='word_1_931' title='bbox 2961 5575 3048 5630; x_wconf 64' lang='grc' dir='ltr'><strong>η,</strong></span> 
     </span>
    </p>
   </div>
  </div>
