4046 6152
479 236 584 291 999

1928 228 2254 286 ORIGENIS

3624 236 3773 301 {000

478 374 585 413 non
617 356 790 412 solum
820 368 919 424 per
949 352 1193 423 singulos
1223 366 1363 406 unus
1392 350 1616 417 dicitur,
1642 364 1833 405 vermn
1861 358 1918 406 et
1942 366 2060 404 om-
2088 360 2134 415 Α
2163 351 2390 408 collibus
2418 355 2660 425 quidem.
2708 354 2783 409 De
2831 365 3015 412 monte
3041 396 3057 420 .
3110 357 3330 427 inquit,
3379 370 3484 416 est.
3529 362 3609 418 De
3652 381 3772 434 quo

478 467 575 506 nes
596 456 972 518 competenter
1009 461 1151 498 unus
1185 444 1462 499 dicuntur.
1510 444 1575 497 Et
1601 458 1700 497 cur
1731 458 1837 496 non
1869 457 2062 497 omnes

476 556 616 594 unus
644 538 928 599 dicantur,
974 549 1203 604 quorum
1242 548 1338 588 cor
1369 541 1426 586 et
1457 534 1638 585 anima
1670 549 1776 586 una
1803 547 1930 587 esse
1960 534 2061 587 de~

475 629 779 686 scribitur?
814 626 983 698 Unam
1032 641 1249 696 semper
1290 638 1480 680 omnes
1522 626 1845 694 sapientiam
1888 626 2061 680 medi-

476 733 679 785 tantur,
713 738 879 776 unum
913 721 1159 790 sapiunt,
1191 735 1357 773 unum
1391 720 1656 783 sentiunt,
1691 736 1855 773 unum
1893 718 2059 773 Deum

475 822 804 867 venerantur
826 853 838 872 ,
872 827 1037 864 unum
1073 810 1358 864 Dominum
1391 808 1579 864 Jesum
1616 810 1897 865 Christum
1923 826 2059 865 con-

475 904 721 968 ﬁtentur,
753 918 860 957 uno
885 902 1092 970 Spiritu
1124 902 1215 956 Dei
1248 903 1548 973 replentur.
1589 904 1743 958 Unde
1784 904 1977 957 merito
2001 913 2058 957 et

431 1011 440 1019 '
473 998 572 1064 ipsi
598 1012 809 1060 clunes,
831 1011 937 1050 non
963 995 1140 1050 solum
1173 1012 1364 1059 unum,
1395 996 1489 1050 sed
1516 1004 1569 1048 et
1601 1010 1743 1049 unus
1777 996 2057 1060 dicuntur,

471 1092 612 1145 sicut
638 1101 693 1144 et
722 1088 1014 1158 Apostolus
1041 1089 1349 1159 designavit
1375 1130 1390 1151 ,
1424 1091 1615 1143 dicens
1653 1091 1697 1121 '“
1740 1108 1754 1122 ο
1803 1108 1821 1139 ο
1855 1089 2060 1144 Omnes

472 1182 688 1250 quidem
729 1188 976 1246 currunt,
1005 1180 1098 1233 sed
1128 1195 1267 1232 unus
1298 1180 1495 1247 accipit
1527 1180 1786 1248 palmam.
1839 1200 1855 1232 ι
1894 1180 2057 1235 Vides

473 1271 757 1325 manifeste
775 1272 899 1340 quia
930 1286 1119 1325 omnes
1138 1273 1292 1340 justi,
1328 1288 1464 1326 unus
1495 1284 1576 1327 est
1604 1274 1697 1342 qui
1724 1273 1916 1341 accipit
1941 1274 2060 1343 pal-

473 1380 637 1416 mam.
673 1362 807 1418 Vere
833 1363 978 1417 enim
1009 1363 1260 1416 imitatur
1281 1363 1465 1429 justus
1497 1364 1587 1433 qui
1623 1365 1747 1419 talis
1783 1373 1867 1420 est
1893 1382 2056 1419 unum

473 1455 780 1509 Dominum.
817 1454 951 1508 Nam
991 1464 1050 1508 ut
1092 1470 1194 1524 ego
1231 1455 1471 1509 arbitror
1492 1497 1507 1519 ,
1534 1467 1592 1511 et
1626 1456 1753 1511 illud
1784 1459 1928 1528 quod
1961 1473 2060 1527 per

472 1551 788 1618 prophetam
813 1549 1011 1602 dicitur
1033 1549 1077 1578 ⁷¹¹
1105 1563 1119 1600 :
1155 1567 1173 1600 ι
1211 1549 1371 1613 Audi,
1401 1547 1590 1613 Israel,
1627 1551 1888 1606 Dominus
1916 1551 2059 1605 Deus

474 1652 597 1692 tuus
634 1639 775 1694 Deus
815 1656 954 1693 unus
993 1650 1109 1707 est,
1179 1657 1198 1690 ι
1244 1656 1349 1692 non
1393 1648 1601 1695 tantum
1645 1657 1870 1697 tntmero
1918 1656 2059 1696 unus

471 1735 827 1805 designatur,
880 1737 974 1804 qui
1036 1736 1225 1805 utique
1278 1750 1440 1804 supra
1498 1751 1715 1792 omnem
1771 1757 2053 1795 munerum
2088 1770 2131 1824 Β

469 1841 593 1880 esse
632 1827 932 1882 credendus
967 1839 1048 1882 est
1085 1845 1099 1881 :
1146 1828 1239 1882 sed
1281 1843 1379 1897 per
1415 1828 1519 1884 hoc
1555 1831 1728 1900 magis
1766 1847 1906 1887 unus
1945 1834 2054 1888 dici

472 1920 850 1992 intelligendus
876 1932 976 1986 est,
1010 1924 1157 1990 quod
1189 1938 1469 1992 nunquam
1508 1939 1535 1975 a
1578 1927 1877 1995 semetipso
1919 1927 2057 1982 alter

471 2013 719 2081 efficitur,
766 2015 865 2067 hoc
903 2025 1010 2076 est,
1053 2029 1326 2083 nunquam
1382 2026 1639 2083 mutatur,
1684 2035 1956 2089 nunquam
2000 2020 2057 2074 in

470 2106 613 2159 aliud
651 2109 901 2185 vertitur,
923 2110 1071 2161 sicut
1114 2118 1169 2162 et
1207 2109 1273 2162 de
1308 2125 1372 2163 eo
1409 2109 1573 2165 David
1608 2121 1940 2180 protestatur
1971 2113 2054 2167 di-

469 2214 601 2253 cens
628 2199 716 2252 7':
762 2218 781 2251 ι
816 2200 894 2253 Tu
935 2210 1115 2255 autem
1159 2201 1299 2255 idem
1336 2203 1453 2271 ipse
1489 2216 1569 2268 es,
1595 2213 1650 2257 et
1680 2204 1805 2256 anni
1845 2204 1917 2257 lui
1947 2219 2054 2259 non

469 2289 740 2345 deficient.
788 2309 808 2341 ι
856 2291 962 2346 Sed
1001 2301 1056 2346 et
1096 2292 1228 2346 illud
1271 2293 1322 2345 in
1365 2292 1509 2347 hunc
1552 2308 1773 2347 sensum
1830 2295 2055 2361 respicit

469 2386 610 2451 quod
649 2385 910 2452 scriptmn
950 2395 1035 2440 est
1075 2385 1122 2418 "
1165 2402 1181 2440 :
1238 2403 1257 2437 ι
1305 2385 1417 2455 Ego
1452 2400 1571 2439 sum
1614 2386 1872 2441 Dominus
1913 2387 2056 2441 Deus

470 2486 686 2541 vester,
723 2486 779 2532 et
837 2494 944 2532 non
1003 2480 1286 2533 immutor.
1340 2500 1358 2531 ι
1416 2479 1769 2534 [inmutabilis
1804 2496 1936 2549 ergo
1969 2490 2056 2536 est

472 2569 610 2623 Deus
652 2586 667 2622 :
707 2579 761 2623 et
795 2584 889 2639 per
929 2571 1030 2625 hoc
1067 2586 1210 2625 unus
1251 2571 1451 2624 dicitur
1481 2611 1493 2634 ,
1535 2571 1677 2640 quod
1719 2586 1825 2626 non
1867 2581 2055 2625 muta-

469 2670 576 2714 tur.
618 2660 708 2716 Sic
737 2675 869 2731 ergo
909 2673 965 2716 et
1005 2664 1244 2718 imitator
1282 2663 1371 2718 Dei
1404 2663 1584 2731 justus
1618 2663 1709 2733 qui
1752 2663 1817 2715 ad
1860 2663 2052 2731 imagi-

470 2768 591 2806 nem
633 2753 724 2807 Dei
766 2754 941 2810 factus
979 2766 1063 2809 est
1103 2772 1241 2811 unus
1294 2767 1349 2811 et
1403 2757 1517 2824 ipse
1570 2772 1694 2809 cum
1747 2756 1815 2809 ad
1867 2755 2051 2824 perfe-

466 2855 612 2899 ctum
634 2847 840 2900 venerit
860 2848 1184 2917 appellatur,
1213 2849 1340 2916 quia
1370 2858 1427 2902 et
1458 2849 1570 2915 ipse
1597 2862 1721 2901 cum
1754 2848 1806 2901 in
1833 2848 2053 2903 virtutis

466 2954 678 2993 summa
711 2940 1054 3006 constiterit,
1084 2956 1190 2995 non
1234 2949 1510 3007 mutatur,
1542 2941 1637 2994 sed
1669 2956 1807 2993 unus
1837 2955 2051 3009 perma-

467 3038 561 3083 net
590 3044 825 3099 semper.
861 3029 997 3084 Nam
1034 3032 1161 3085 dum
1207 3031 1259 3083 in
1290 3031 1492 3085 malitia
1534 3040 1617 3086 est
1659 3031 2049 3100 unusquisque,

2167 445 2382 499 monte?
2419 446 2493 499 De
2520 455 2703 501 monte
2732 446 2988 516 Epitraim
3015 488 3029 512 ,
3072 449 3165 518 qui
3217 452 3617 521 interpretatur
3644 459 3772 525 [rn-

2164 538 2414 605 cti/iratio
2468 538 2601 608 (94).
2648 539 2787 608 Ergo
2849 542 2917 594 de
2973 555 3160 597 monte
3206 541 3529 610 fnrctit‘ero,
3582 559 3639 603 et
3682 551 3769 603 lo-

2161 646 2264 685 cus
2316 631 2433 701 ejus
2481 630 2753 686 fructifer.
2785 632 2920 688 Vide
2960 644 3014 688 et
3039 634 3416 705 Scripturam,
3442 653 3607 707 quam
3642 641 3772 697 lau-

2163 722 2285 776 dem
2329 724 2602 778 montibus
2626 723 2761 777 dicit
2790 741 2803 777 :
2838 743 2860 775 r
2900 725 3062 787 Deus,
3100 728 3275 796 inquit
3304 730 3369 794 ⁷⁷,
3426 729 3570 786 Deus
3605 748 3768 788 mon-

2162 813 2295 867 tium
2342 822 2443 877 est,
2493 824 2551 869 et
2593 831 2699 869 non
2753 826 2839 871 est
2867 819 3217 873 convallium.
3258 840 3277 873 ο
3312 821 3419 877 Sed
3460 834 3523 878 et
3563 840 3765 880 nomen

2156 905 2289 976 justi
2339 907 2503 975 hujus
2526 917 2612 962 est
2651 908 2925 964 Helchaua
2974 912 3112 982 (95),
3166 914 3312 981 quod
3363 915 3766 986 interpretatur

2160 999 2422 1062 possessio
2468 999 2585 1055 Dei.
2630 1002 2853 1057 Certum
2896 1014 2982 1057 est
3023 1006 3151 1074 quia
3188 1005 3277 1059 ille
3303 1007 3371 1062 de
3396 1023 3507 1077 quo
3552 1010 3763 1064 dictum

2161 1102 2247 1145 est
2276 1094 2419 1161 quod
2468 1109 2608 1148 unus
2657 1104 2804 1149 esset
2842 1096 2947 1159 vir,
2984 1099 3258 1163 possessio
3300 1100 3391 1153 Dei
3430 1113 3514 1153 est
3549 1113 3603 1154 et
3649 1118 3759 1154 non

2163 1183 2436 1252 possessio
2478 1185 2802 1238 dtetttonum.
2853 1190 3024 1252 Quem
3072 1189 3218 1241 enim
3271 1190 3543 1244 dmmones
3576 1193 3757 1258 possi-

2161 1275 2309 1340 dent,
2349 1289 2455 1328 non
2488 1284 2573 1329 est
2623 1289 2786 1340 unus,
2829 1277 2924 1330 sed
2970 1277 3127 1329 multi
3170 1295 3183 1330 :
3224 1277 3367 1331 sicut
3396 1286 3455 1332 et
3508 1280 3608 1347 ipsi
3643 1280 3758 1333 da:-

2163 1382 2353 1422 mones
2397 1369 2464 1421 de
2511 1383 2577 1422 eo
2623 1383 2783 1437 quem
2829 1370 3181 1437 possidebant
3235 1373 3631 1439 responderunt
3663 1375 3754 1426 di—

2163 1466 2371 1523 centes,
2407 1459 2534 1527 quia
2567 1457 2709 1528 legio
2740 1473 2936 1513 nomen
2965 1470 3047 1513 est
3078 1460 3150 1514 ei.
3180 1460 3330 1516 Unus
3355 1478 3481 1517 vero
3507 1476 3590 1519 est
3621 1464 3756 1519 liel-

2163 1550 2335 1603 chana
2357 1591 2373 1617 ,
2406 1551 2497 1618 qui
2524 1561 2605 1605 est
2636 1552 2912 1620 possessio
2943 1552 3035 1605 Dei
3061 1593 3075 1613 ,
3106 1553 3196 1620 qui
3227 1564 3282 1607 et
3327 1555 3489 1609 habet
3513 1559 3752 1623 patriam

2161 1649 2399 1694 montem
2428 1640 2712 1709 Ephraim,
2761 1651 3000 1696 montem
3046 1642 3418 1697 fructiferum.
3448 1644 3616 1718 m
3643 1647 3755 1703 Iste

2162 1746 2294 1803 ergo
2331 1742 2441 1788 tam
2477 1732 2766 1789 laudabilis
2795 1736 2883 1788 vir.
2912 1733 3103 1788 habuit
3128 1736 3262 1789 duas
3288 1751 3507 1791 uxores.
3539 1735 3750 1794 Nomen

2160 1828 2250 1881 ttni
2276 1828 2450 1893 Anna,
2483 1839 2547 1888 et
2566 1843 2765 1882 nomen
2801 1832 3055 1884 secunda:
3081 1829 3397 1883 Phenenna.
3425 1830 3625 1886 Habuit
3649 1848 3750 1886 au-

2159 1927 2268 1973 tem
2300 1920 2437 1974 lilios
2467 1922 2533 1976 de
2564 1923 2803 1976 secunda
2829 1922 3127 1977 Pheuenna
3170 1940 3185 1975 :
3222 1922 3425 1978 sterilis
3457 1939 3597 1978 uxor
3624 1935 3750 1980 erat

2157 2013 2307 2082 prior
2338 2013 2450 2076 illa,
2483 2028 2603 2081 qua:
2629 2024 2685 2067 et
2712 2015 2945 2067 nobilior
2980 2024 3121 2067 erat.
3159 2013 3370 2067 Similia
3418 2014 3663 2069 invenies
3690 2027 3750 2070 et

2157 2104 2212 2157 in
2239 2104 2461 2160 Genesi.
2490 2104 2731 2173 Cognata
2765 2105 2965 2173 quippe
2987 2117 3075 2159 est
3100 2105 3202 2159 sibi
3230 2106 3513 2176 Scriptura
3536 2107 3742 2162 divina.

2157 2196 2405 2253 Invenies
2444 2197 2520 2251 ibi
2556 2199 2785 2266 primam
2831 2214 3056 2253 uxorem
3091 2200 3324 2252 Abrahae
3364 2199 3558 2253 Saram
3596 2201 3748 2253 nobi-

2159 2291 2384 2353 liorem,
2417 2291 2715 2344 secundam
2752 2304 2883 2344 vero
2910 2290 3221 2361 Egyptiam
3259 2290 3406 2359 Agar
3447 2290 3744 2360 ignobilem

2156 2380 2344 2449 fuisse,
2380 2394 2435 2437 et
2473 2390 2599 2436 ante
2641 2391 2852 2450 patrem
2895 2382 3149 2436 effectum
3191 2384 3467 2437 Abraham
3501 2386 3567 2438 de
3595 2385 3745 2451 igno-

2154 2473 2273 2539 bili,
2303 2489 2464 2543 quam
2500 2475 2565 2527 de
2590 2474 2755 2527 nobili
2780 2473 2844 2525 ⁷³.
2877 2472 2958 2527 Fit
2994 2484 3175 2528 autem
3211 2476 3553 2543 pestmodnm
3578 2477 3742 2530 etiam

2155 2565 2223 2618 de
2250 2566 2413 2619 nobili
2444 2567 2672 2636 conjuge
2710 2576 2884 2634 pater.
2921 2564 2998 2620 lta
3041 2582 3173 2635 ergo
3200 2579 3257 2619 et
3290 2583 3433 2621 nunc
3459 2567 3740 2623 Helchaua

2156 2656 2244 2711 hic
2272 2658 2365 2725 qui
2396 2669 2480 2712 est
2518 2661 2788 2728 possessio
2833 2660 2928 2716 Dei
2950 2702 2963 2722 ,
3008 2660 3165 2731 prius
3193 2661 3261 2715 de
3294 2664 3534 2715 secunda
3575 2678 3744 2716 uxore

2155 2748 2385 2804 eﬂieitur
2411 2754 2600 2818 pater,
2631 2753 2887 2819 quoniam
2939 2755 3164 2820 quidem
3217 2753 3568 2808 concluserat
3604 2754 3746 2810 Deus

2153 2844 2367 2895 vulvam
2398 2840 2566 2896 Sane.
2598 2843 2723 2898 Post
2774 2845 3037 2914 plurimos
3083 2861 3215 2900 vero
3267 2856 3456 2915 partus
3493 2845 3745 2899 Pheneu-

2153 2948 2256 2998 ηαξ,
2289 2945 2342 2988 et
2365 2935 2536 2988 Annae
2566 2936 2720 2988 vulva
2746 2936 3092 2991 orationibus
3116 2945 3172 2990 et
3196 2937 3450 3005 precibus
3474 2938 3741 3006 aperitur,

2153 3035 2207 3081 et
2235 3026 2468 3081 ellieitur
2518 3038 2572 3083 et
2622 3028 2735 3096 ipsa
2785 3011 2960 3083 mater
3008 3028 3102 3081 lilii
3159 3028 3279 3098 ejus
3327 3044 3490 3098 quem
3545 3031 3743 3084 obtulit

467 3137 563 3192 per
583 3122 751 3176 multa
774 3123 1036 3177 dividitur
1060 3123 1195 3177 etin
1223 3124 1437 3178 diversa
1461 3124 1791 3193 dispergitur
1815 3140 1830 3176 :
1856 3136 1908 3175 et
1925 3124 2049 3176 dum
2078 3138 2120 3194 ο
2158 3119 2283 3174 Deo.
2323 3119 2466 3186 Quid
2499 3134 2627 3189 ergo
2659 3121 2772 3175 haec
2821 3120 2875 3175 in
2926 3136 2986 3175 se
3029 3121 3361 3175 sacramenti
3399 3122 3737 3185 contineant,

467 3216 522 3269 in
548 3214 730 3269 multis
749 3224 836 3269 est
859 3213 1081 3269 malitiae
1105 3216 1421 3284 generibus,
1438 3216 1541 3270 dici
1567 3229 1673 3269 non
1692 3226 1869 3282 potest
1890 3230 2050 3267 unus.

470 3303 640 3372 Igitur
699 3303 825 3372 quia
880 3303 1181 3358 secundum
1231 3304 1535 3359 mirabilem
1590 3305 1730 3360 hanc
1791 3306 2052 3358 unitatem

471 3410 611 3451 uitus
637 3404 722 3451 est
742 3394 946 3464 justus,
971 3396 1081 3452 imo
1114 3404 1169 3451 et
1193 3396 1374 3464 plures
1397 3397 1528 3464 justi
1558 3412 1698 3451 unus
1728 3406 1854 3452 sunt
1874 3436 1891 3460 ,
1934 3398 2055 3451 ideo

464 3498 523 3543 et
552 3496 775 3544 sanctus
810 3487 1103 3557 Apostolus
1140 3503 1358 3543 omnem
1390 3490 1711 3544 cohortatur
1752 3488 2051 3544 Ecclesiam

465 3581 654 3636 dicens
673 3583 759 3637 7":
800 3600 819 3633 ι
863 3579 932 3636 Ut
967 3580 1107 3636 idem
1139 3582 1335 3637 dicatis
1364 3596 1576 3644 omnes,
1617 3592 1671 3637 et
1713 3598 1820 3634 non
1856 3582 1965 3636 sint
1995 3582 2050 3634 in

467 3671 621 3728 vobis
647 3673 971 3737 schismata,
996 3675 1115 3729 sitis
1136 3684 1316 3728 autem
1339 3673 1562 3744 perfecti
1589 3673 1641 3727 in
1665 3674 1853 3726 eodem
1890 3688 2052 3728 sensu

465 3775 525 3819 et
553 3767 606 3821 in
643 3769 833 3822 eadem
863 3768 1121 3826 scientia.
1149 3785 1169 3819 ι
1199 3765 1491 3836 Propterea
1520 3775 1576 3821 et
1600 3766 1654 3819 in
1677 3764 1902 3820 Actibus
1924 3780 2056 3834 apo-

463 3855 727 3910 stolorum
771 3872 868 3912 cor
907 3866 965 3912 et
1008 3872 1191 3911 anima
1240 3856 1585 3911 credentium
1620 3871 1727 3910 una
1765 3870 1886 3909 esse
1914 3856 2053 3909 dici-

468 3958 559 3999 tur
588 3948 655 4001 ".
699 3949 756 4002 Si
809 3960 989 4004 autem
1043 3959 1100 4005 et
1146 3950 1399 4004 subtilius
1447 3948 1655 4019 aliquid
1698 3947 2053 4004 considerare

467 4038 736 4104 velimus,
792 4041 1040 4096 invenire
1090 4056 1382 4111 possumus
1429 4054 1488 4096 et
1534 4042 1697 4095 aliam
1755 4040 2049 4096 unitatem.

474 4130 629 4187 Verbi
661 4133 873 4201 gratia,
908 4135 953 4189 si
995 4136 1066 4188 ita
1103 4135 1521 4191 tnortilicavcro‘
1541 4136 1787 4191 membra
1819 4149 1959 4201 mea,
1992 4142 2052 4187 ut

462 4224 574 4292 jam
607 4241 713 4280 non
749 4228 1101 4294 concupiscat
1129 4242 1260 4282 caro
1287 4230 1553 4283 adversus
1578 4228 1849 4297 Spiritum,
1876 4242 2050 4296 neque

468 4317 693 4386 spiritus
722 4318 983 4372 adversus
1004 4335 1253 4387 carnem,
1281 4322 1326 4375 si
1353 4324 1464 4390 jam
1497 4336 1602 4375 non
1630 4322 1702 4375 sit
1739 4320 1845 4374 alia
1874 4319 1958 4375 lex
1992 4321 2046 4373 in

473 4411 732 4465 membris
756 4411 891 4465 meis
913 4426 1035 4480 quae
1060 4426 1260 4485 pugnet
1282 4414 1389 4484 legi
1427 4413 1626 4469 mentis
1654 4428 1817 4475 luem.
1856 4420 1913 4468 et
1951 4427 2046 4467 ca-

2159 3212 2435 3266 videatnus
2469 3231 2482 3266 :
2521 3213 2819 3267 Phenenna
2863 3213 3257 3282 interpretatur
3305 3215 3573 3267 conversio
3604 3213 3737 3285 (96),

2155 3305 2307 3358 Anna
2340 3315 2519 3358 autem
2553 3305 2947 3375 interpretatur
2977 3308 3155 3376 gratia
3185 3306 3322 3377 (97).
3356 3304 3740 3377 Unusquisque

2154 3407 2287 3464 ergo
2316 3407 2560 3451 nostrum
2590 3399 2680 3465 qui
2706 3397 2821 3450 vult
2848 3395 2984 3452 elIici
3018 3400 3292 3466 possessio
3326 3397 3439 3460 Dei,
3474 3399 3611 3454 istas
3636 3399 3737 3454 sibi

2155 3489 2289 3542 duas
2307 3486 2499 3559 jungat
2530 3505 2757 3555 uxores,
2790 3501 2844 3545 et
2871 3507 2994 3545 cum
3029 3490 3161 3560 ipsis
3203 3491 3308 3546 sibi
3337 3493 3557 3560 nuptias
3588 3493 3734 3547 cele-

2156 3578 2296 3637 bret.
2328 3580 2560 3635 Primam
2587 3582 2688 3636 sibi
2714 3581 2928 3653 jungat,
2961 3598 3083 3653 qua:
3119 3582 3349 3638 nobilior
3380 3593 3464 3638 est
3493 3595 3551 3639 et
3573 3600 3737 3655 gene—

2157 3677 2355 3741 rosior,
2387 3678 2642 3745 gratiam.
2673 3675 2801 3733 Haec
2830 3678 2987 3733 nobis
3009 3692 3105 3747 per
3128 3679 3290 3733 [idem
3314 3679 3488 3747 prima
3515 3679 3738 3747 cuujun-

2155 3768 2323 3836 gitur,
2363 3769 2503 3823 sicut
2530 3779 2584 3823 et
2612 3770 2902 3840 Apostolus
2932 3771 3067 3825 dicit
3092 3771 3139 3803 ⁷⁸
3165 3787 3180 3824 :
3211 3791 3228 3822 ι
3265 3770 3452 3825 Gratia
3485 3772 3621 3825 salvi
3652 3773 3733 3824 fa-

2155 3860 2227 3913 cti
2277 3862 2408 3916 estis
2451 3876 2546 3929 per
2588 3863 2770 3917 iidem.
2813 3882 2832 3916 ι
2894 3862 3161 3919 Secunda:
3209 3878 3339 3919 vero
3376 3866 3736 3936 conjungatnr

2154 3950 2479 4015 Pbenenme,
2534 3953 2586 4006 td
2613 3963 2718 4018 est,
2752 3954 3100 4008 conversioni
3139 3968 3155 4007 :
3190 3954 3315 4022 quia
3350 3967 3471 4024 post
3495 3959 3731 4025 gratiam

2153 4044 2485 4098 credulitatis
2511 4045 2831 4099 emendatio
2857 4045 2914 4098 lit
2944 4059 3155 4099 morum
3178 4054 3233 4100 et
3260 4046 3383 4100 vita:
3416 4048 3728 4101 conversio.

2154 4135 2259 4189 Sed
2294 4151 2416 4190 cum
2460 4136 2562 4189 iste
2603 4138 2674 4190 sit
2722 4138 2857 4190 ordo
2890 4138 3239 4206 nuptiarum,
3268 4137 3408 4191 alius
3430 4139 3569 4191 ordo
3609 4154 3733 4207 pro-

2153 4229 2446 4282 creationis
2473 4228 2723 4283 ellicitur.
2760 4229 2938 4282 Prima
2969 4244 3203 4299 namque
3234 4230 3392 4283 nobis
3418 4232 3561 4299 parit
3594 4232 3731 4284 lilios

2152 4320 2466 4384 Pheneana,
2499 4320 2626 4388 quia
2663 4321 2871 4388 primos
2900 4322 3112 4373 fructus
3136 4322 3201 4373 de
3228 4321 3587 4374 conversione
3609 4337 3730 4383 pro-

2156 4414 2401 4479 ferimus.
2440 4425 2493 4467 et
2526 4414 2701 4482 prima
2744 4413 2975 4483 justitize
3018 4412 3261 4481 germina
3317 4414 3384 4465 de
3419 4414 3632 4467 actibus
3676 4423 3732 4467 et

471 4504 676 4570 ptivum
705 4518 791 4557 me
816 4505 983 4559 ducat
1011 4506 1064 4559 in
1090 4505 1261 4576 legem
1291 4509 1521 4576 peccati,
1545 4509 1587 4563 si
1611 4507 1792 4561 onunia
1819 4522 1940 4576 qua:
1969 4506 2055 4559 in—
2086 4502 2135 4562 D
2161 4504 2421 4573 operibus
2475 4517 2844 4572 procreaums.
2907 4499 3147 4554 Primum
3212 4513 3448 4569 namque
3507 4498 3728 4570 justitite

474 4602 560 4647 Ira
594 4610 679 4648 me
707 4605 836 4649 sunt
864 4597 915 4649 in
960 4612 1067 4651 uno
1107 4608 1273 4666 atque
1308 4598 1360 4652 in
1396 4601 1587 4655 eodem
1612 4614 1772 4654 sensu
1806 4597 2046 4669 perfecta

468 4685 597 4750 sint,
625 4698 680 4741 et
702 4703 807 4742 una
835 4698 1001 4759 atque
1027 4689 1222 4746 eadem
1244 4692 1514 4747 sententia
1546 4699 1890 4753 moveantur,
1918 4698 2048 4744 tunc

469 4792 565 4833 ero
589 4786 644 4832 et
669 4793 770 4849 ego
798 4781 883 4834 vir
906 4798 1068 4838 unus.

541 4871 597 4925 5.
626 4869 724 4927 Hic
750 4873 913 4944 igitur
936 4874 1229 4931 laudabilis
1255 4876 1483 4930 duarum
1503 4890 1730 4928 uxorum
1753 4877 1837 4930 vir
1868 4873 2045 4945 primo

468 4961 711 5015 omnium
758 4967 898 5017 unde
944 4965 1017 5019 sit
1062 4965 1379 5021 videamus:
1420 4984 1439 5017 ι
1477 4965 1554 5019 De
1599 4973 1799 5029 monte,
1847 4966 2042 5034 inquit,

470 5053 748 5123 Ephraim.
785 5075 806 5109 ι
854 5057 996 5124 Ergo
1041 5073 1146 5113 non
1188 5057 1371 5125 justus
1423 5059 1490 5113 de
1532 5058 1804 5122 vallibus,
1845 5073 1945 5114 nec
1974 5059 2043 5113 de

470 5148 706 5217 campis,
738 5163 837 5204 nec
864 5153 931 5204 de
962 5149 1085 5206 ullis
1119 5150 1469 5206 inferioribus
1509 5150 1645 5205 locis
1666 5190 1681 5214 ,
1720 5152 1817 5204 sed
1846 5165 1945 5206 nec
1975 5152 2044 5206 de

541 5288 584 5318 '”
614 5286 631 5339 l
657 5286 785 5348 Cor.
818 5306 897 5352 Ix,
922 5289 1013 5344 24.
1103 5292 1149 5324 ⁷³
1179 5293 1332 5346 Deut.
1365 5308 1439 5357 vr,
1469 5291 1525 5345 4.
1625 5290 1669 5322 ⁷³
1696 5290 1839 5344 Psal.
1870 5306 1941 5345 cn
1962 5328 1977 5355 ,
2003 5290 2092 5345 28.

470 5356 516 5396 ⁷⁷
550 5359 679 5428 lleg.
720 5376 814 5425 xx,
856 5363 945 5416 28.
1022 5360 1069 5393 ⁷⁸
1099 5361 1236 5418 Gen.
1265 5378 1353 5416 ινι
1389 5356 1443 5418 et
1490 5378 1602 5417 XXI.

546 5473 656 5546 (94)
688 5477 978 5551 AEphrnim,
1007 5480 1099 5548 qui
1150 5482 1526 5550 interpretatur
1582 5479 1943 5551 fructiﬁcatio.
2001 5479 2049 5533 Α

470 5554 588 5602 ΠἾΞ
622 5563 639 5594 ε
683 5546 1045 5605 ΐΓιιριίιίοεινίί.
1082 5570 1101 5603 ι

548 5616 654 5681 (5)5)
695 5617 983 5696 llelclumo,
1005 5622 1144 5689 quod
1183 5621 1560 5696 interpretatur
1608 5624 1866 5696 possessio
1920 5619 2040 5676 Dei.

476 5686 513 5736 Α
562 5698 668 5770 mp
702 5707 719 5740 ι
755 5686 1121 5760 possetlitoiet
1159 5697 1261 5752 Ἲκι
1286 5686 1478 5749 Deus.»

1678 5362 1722 5395 ⁷³
1755 5362 1950 5432 Ephes.
1978 5378 2040 5427 tt.
2069 5360 2124 5416 8.

2151 4610 2287 4667 Opus
2319 4605 2403 4651 est
2430 4596 2671 4650 converti
2705 4610 2734 4647 a
2769 4593 3009 4665 peccatis
3050 4610 3064 4647 :
3095 4592 3221 4662 quia
3269 4593 3373 4645 nisi
3422 4600 3553 4646 ante
3594 4606 3726 4646 con.

2151 4698 2429 4743 vertamur
2453 4697 2509 4743 et
2534 4686 2868 4742 declinemus
2895 4701 2926 4740 a
2958 4690 3101 4739 malo
3122 4726 3138 4749 ,
3170 4701 3271 4740 nec
3298 4685 3364 4739 de
3399 4686 3558 4740 Anna
3593 4685 3725 4740 efﬁci
3752 4755 3759 4764 _

2151 4790 2374 4851 patres,
2424 4794 2525 4834 nec
2571 4778 2637 4833 de
2679 4779 2858 4850 gratia
2900 4778 3203 4847 poterimus
3256 4776 3395 4831 ﬁlios
3434 4792 3723 4845 generare.

2155 4874 2448 4927 Vitleatnus
2495 4886 2628 4940 ergo
2681 4886 2823 4925 nunc
2880 4870 3311 4940 uniuscujusque
3365 4868 3725 4926 dill'erentias.

2151 4966 2315 5021 Filios
2350 4964 2511 5020 habet
2544 4964 2862 5029 Phenenna,
2895 4965 2989 5019 sed
3024 4965 3116 5033 qui
3161 4979 3267 5017 non
3300 4964 3564 5017 assistunt
3595 4964 3721 5018 Deo.

2151 5057 2337 5126 Neque
2368 5058 2513 5111 enim
2550 5055 2690 5110 tales
2715 5071 2839 5111 esse
2873 5066 3102 5125 possunt
3136 5055 3231 5109 lilii
3267 5055 3643 5110 conversionis
3667 5062 3725 5107 ut

2150 5151 2407 5207 assistant
2436 5158 2493 5206 et
2534 5149 2850 5205 adhaereant
2889 5151 3020 5206 Deo.
3069 5149 3179 5205 Nec
3220 5160 3399 5205 tamen
3438 5149 3629 5204 inanes
3668 5158 3724 5202 et

2199 5289 2246 5321 ⁷⁸
2270 5286 2500 5344 Malacb.
2550 5303 2633 5356 ιιι,
2660 5287 2715 5345 6.
2810 5288 2857 5321 ⁷⁸
2897 5287 3075 5344 lCor.
3110 5304 3148 5343 ι.
3190 5287 3274 5344 l0.
3388 5287 3435 5321 ⁷⁸
3478 5290 3600 5346 Act.
3644 5302 3720 5345 tv.

2227 5477 2340 5549 (96)
2379 5477 2682 5562 ΡΙιεηειιηα
2739 5480 3112 5562 interpretatur
3168 5475 3459 5531 conversio.
3511 5475 3558 5529 A

2160 5569 2177 5599 ι
2208 5560 2434 5615 aspexit.
2473 5560 2653 5614 vertit,
2684 5560 2966 5604 convertit.
3006 5568 3025 5600 ι

2216 5619 2538 5759 ἑεὲῃῡάΑηιια
2590 5633 2762 5677 autem
2830 5625 3202 5689 interpretatur
3263 5617 3459 5686 gratia.
3516 5616 3595 5672 Ab
3652 5624 3712 5705 τη

2158 5706 2176 5738 ι
2280 5723 2291 5741 ι
2340 5707 2407 5746 ι’.
2449 5708 2468 5741 ι
