4046 6152
470 225 618 283 1003

1943 212 2266 270 ORIGENIS

3566 225 3705 281 tuus

466 347 599 402 bilis
637 345 878 414 languor,
917 356 1085 411 neque
1118 342 1374 397 cadamus
1405 348 1700 394 retrorsum
1734 336 1872 391 sicut
1898 332 2035 397 lleli,
2068 334 2116 390 Α
2145 331 2244 386 hoc
2277 333 2527 398 dicimus,
2558 338 2704 405 quod
2751 337 2799 391 is
2845 339 2934 407 qui
2982 338 3094 393 Deo
3140 338 3365 394 oﬂertur
3396 358 3542 411 puer,
3580 356 3707 403 ante

474 450 530 495 et
558 441 868 494 moriamur.

546 533 598 586 7.
635 531 718 585 Ibi
751 540 927 584 autem
962 534 1118 580 erant
1151 526 1255 580 duo
1315 524 1405 578 ﬁlii
1442 522 1581 577 Heli.
1617 522 1729 577 ΠεΙί
1763 522 1840 593 (l)
1874 522 2039 575 inter-

476 632 716 693 pretatur
758 620 947 680 Arabs,
986 619 1100 672 sive
1128 618 1413 673 extrarius.
1470 616 1752 670 Extrarius
1781 615 1980 684 quippe
2008 631 2037 667 a

475 718 586 773 Deo
627 727 707 770 est
731 717 823 787 qui
866 730 966 768 non
1010 722 1153 767 tenet
1190 710 1557 780 disciplinam,
1593 709 1684 779 qui
1716 708 2036 779 delinquen-

476 820 583 864 tem
616 808 781 861 ﬁlium
818 820 922 860 non
955 806 1208 873 castigat,
1244 816 1349 854 non
1388 800 1631 870 corripit,
1662 806 1720 853 ut.
1743 797 1990 854 emendet
2020 813 2034 850 :

474 902 565 971 qui
619 900 858 969 indulget
886 897 1052 957 vitiis.
1081 898 1172 965 qui
1205 893 1401 948 delicta
1448 908 1555 948 non
1600 890 1785 962 punit,
1816 890 1960 946 sicut
1984 897 2039 943 et

474 992 763 1063 Apostolus
783 992 913 1046 dicit
934 992 981 1024 θ’
1009 1008 1021 1043 :
1048 1008 1067 1038 ο
1087 988 1237 1055 Quod
1265 988 1307 1041 si
1335 995 1489 1041 extra
1516 983 1854 1055 disciplinam
1882 983 2035 1044 estis,

473 1087 629 1153 cujus
659 1085 957 1153 participes
984 1082 1110 1137 facti
1143 1089 1271 1135 sunt
1299 1094 1511 1143 omnes,
1558 1093 1689 1146 ergo
1718 1076 2035 1142 adulterini,

474 1184 528 1229 et
560 1191 667 1229 non
702 1174 797 1229 ﬁlii
827 1175 982 1229 estis.
1013 1192 1030 1224 ι
1075 1172 1181 1226 Iste
1220 1180 1305 1225 est
1335 1186 1465 1240 ergo
1508 1170 1648 1234 Heli,
1689 1169 1780 1237 qui
1816 1175 2038 1239 propter

474 1271 588 1322 brec
618 1270 838 1335 punitur
868 1281 896 1319 a
933 1265 1061 1319 Deo.
1111 1261 1401 1316 Videamus
1450 1272 1629 1315 autem
1676 1261 1764 1327 qui
1817 1266 1940 1313 sunt
1983 1265 2038 1311 et

477 1363 570 1417 ﬁlii
619 1362 757 1432 ejus.
804 1359 1004 1429 Ophni,
1041 1359 1238 1428 inquit,
1268 1367 1320 1412 ει
1359 1357 1611 1412 Phinees.
1649 1353 2038 1420 Interpretatur

475 1465 655 1509 autem
682 1453 858 1521 Ophni
883 1466 1123 1505 excessus
1149 1447 1497 1503 conversionis
1516 1444 1610 1516 (2).
1642 1443 1715 1500 De
1744 1442 2035 1497 Phenenna

473 1556 652 1600 autem
702 1542 866 1613 paulo
895 1551 1019 1595 ante
1049 1540 1287 1594 diximus
1327 1538 1469 1607 quod
1509 1544 1656 1590 esset
1706 1533 2032 1588 conversio:

474 1636 563 1689 hic
592 1642 768 1688 autem
807 1632 897 1699 qui
936 1628 1170 1694 excedit,
1202 1636 1257 1682 et
1296 1628 1455 1696 longe
1503 1624 1733 1679 efﬁcitur
1755 1623 1822 1676 ah
1849 1636 2035 1675 emen-

474 1725 712 1787 datione,
752 1735 851 1775 nec
888 1718 1130 1773 converti
1162 1717 1272 1770 vult
1306 1716 1371 1768 ad
1402 1713 1721 1772 Dominum,
1748 1718 2030 1779 propterea

472 1816 668 1884 impius
703 1821 1004 1882 permanet.
1044 1810 1150 1864 Sed
1181 1817 1235 1864 et
1275 1806 1586 1877 quicunque
1613 1803 1703 1856 ille
1728 1812 1842 1863 est,
1871 1813 2030 1869 quem

469 1910 719 1963 videmus
746 1915 867 1976 post
896 1912 1175 1975 peccatum
1208 1915 1312 1954 non
1340 1896 1580 1952 converti
1615 1894 1682 1948 ad
1723 1892 2029 1955 Dominum,

470 2012 527 2057 et
560 2016 721 2071 agere
754 1996 1153 2069 pmnitentiam,
1185 2008 1285 2047 nec
1322 1993 1560 2059 recipere
1587 1986 1834 2041 meritum
1868 1985 2029 2037 futuri

465 2093 676 2164 jndicii,
714 2100 768 2145 et
797 2088 946 2144 verbi
977 2088 1144 2142 divini
1187 2082 1548 2154 praecipientis
1579 2097 1592 2132 :
1618 2099 1635 2132 ι
1662 2077 1907 2147 Nunquid
1938 2076 2027 2144 qui

472 2185 640 2248 cadit,
675 2199 778 2239 non
818 2179 1038 2249 adjiciet
1064 2188 1122 2233 ut
1150 2176 1442 2245 resurgat?
1475 2174 1579 2228 Aut
1610 2172 1698 2242 qui
1740 2183 2032 2226 conversus

470 2287 576 2342 est,
600 2292 707 2331 non
735 2272 1080 2330 revertetur?
1111 2291 1128 2322 ι
1165 2279 1310 2325 recte
1329 2279 1381 2324 et
1403 2269 1471 2323 de
1502 2268 1616 2335 ipso
1643 2265 1871 2319 dicimus
1901 2263 2029 2331 quia

471 2371 539 2424 sit
574 2367 774 2438 Ophui,
816 2376 871 2421 et
909 2364 1177 2420 excedens
1211 2378 1240 2416 a
1275 2359 1649 2416 conversione.
1677 2356 1781 2412 Sed
1812 2364 1866 2408 et
1896 2355 2033 2407 alius

472 2459 619 2513 ﬁlius
651 2456 768 2528 ejus
798 2455 999 2511 dicitur
1031 2454 1289 2509 Phinees.
1324 2450 1471 2505 Duos
1499 2448 1751 2503 novimus
1785 2446 1838 2499 in
1886 2444 2034 2499 Scri-

471 2550 647 2619 pturis
680 2548 781 2602 hoc
803 2547 1018 2601 nomine
1047 2544 1357 2619 appellatos,
1374 2541 1630 2597 Phineem
1651 2539 1795 2593 illum
1823 2536 2030 2602 justum

468 2617 649 2697 Aaron
702 2638 893 2706 ﬁlium,
925 2646 981 2693 et
1011 2637 1153 2691 hunc
1180 2617 1437 2705 injuslum
1483 2631 1652 2685 ﬁlium
1702 2628 1839 2684 lleli.
1884 2627 2034 2683 Unde

469 2747 526 2791 et
559 2742 929 2804 competenter
959 2730 1093 2784 duas
1126 2726 1284 2797 hujus
1303 2724 1536 2780 nominis
1558 2720 2033 2791 interpretationes

466 2826 797 2882 invenimus.
836 2820 1123 2891 Signiﬁcat
1155 2819 1299 2872 enim
1342 2816 1572 2870 Phiuees
1608 2813 1661 2866 in
1713 2812 1892 2879 lingua
1931 2825 2031 2864 no—

468 2929 606 2985 stra,
635 2919 740 2974 oris
793 2915 1080 2978 obturatio,
1131 2913 1216 2968 vel
1256 2911 1335 2965 ori
1384 2924 1600 2977 parcens
1632 2905 1730 2977 (5).
1772 2904 2035 2959 Peccator

2142 423 2323 478 oﬁ‘erri
2360 443 2463 481 non
2491 430 2683 498 potuit,
2712 445 2873 501 quam
2901 431 3262 500 depelleretur
3283 448 3310 483 a
3336 434 3494 488 lacte.
3516 437 3576 490 In
3601 454 3706 507 quo

2141 519 2449 572 ostenditur
2469 523 2779 576 consecrari
2810 524 2915 577 Deo
2938 524 3206 578 neminem
3233 540 3389 594 posse
3410 528 3501 595 qui
3530 530 3705 583 adhuc

2145 609 2282 663 lacte
2312 610 2495 675 alitur,
2524 621 2580 666 et
2612 628 2748 680 puer
2784 622 2868 668 est
2896 616 3165 676 sensibus,
3213 625 3377 684 atque
3403 632 3596 685 expers
3624 630 3708 672 est

2142 704 2410 758 sermonis
2430 702 2679 771 iustitiae,
2707 718 2805 758 nec
2828 706 3184 760 sacerdotalia
3210 718 3383 775 potest
3413 723 3707 777 procurare

2140 806 2479 849 sacramenta
2513 796 2613 850 nisi
2660 797 2885 851 desistat
2923 813 2951 851 a
2990 799 3320 865 puerilibus,
3354 808 3409 853 et
3447 800 3499 853 in
3536 803 3708 871 majus

2143 890 2395 942 ascendat
2439 888 2507 940 ab
2559 888 2641 941 bis
2676 889 2871 958 quibus
2916 889 3208 956 Apostolus
3257 892 3390 946 dicit
3421 893 3466 924 ”
3499 915 3511 947 :
3545 913 3564 944 ‹
3600 892 3707 948 Lac

2142 979 2293 1033 vobis
2331 989 2514 1050 potum
2542 981 2687 1048 dedi,
2730 997 2833 1035 non
2865 997 3071 1037 eseam.
3103 981 3348 1038 Nondum
3380 985 3525 1039 enim
3558 998 3708 1055 pote-
3788 1001 3793 1005 ·

2140 1073 2295 1127 ratis.
2328 1092 2347 1125 ι
2395 1072 2646 1142 Alioquin
2699 1074 2991 1128 secundum
3035 1075 3271 1129 litteram
3314 1077 3443 1146 quid
3494 1077 3706 1133 videtur

2138 1179 2315 1233 operte
2342 1167 2502 1235 pretii
2534 1166 2816 1235 puerulum
2848 1180 3023 1234 nuper
3050 1182 3083 1221 -a
3116 1168 3253 1222 lacte
3281 1170 3560 1237 depulsum
3602 1171 3704 1225 Deo

2138 1256 2345 1321 offerri,
2375 1258 2461 1312 ubi
2494 1272 2600 1311 non
2634 1266 2807 1312 mater
2856 1259 3128 1325 intererit,
3162 1275 3265 1314 non
3293 1261 3532 1315 nutrices
3555 1262 3705 1314 fove-

2136 1348 2292 1414 bunt,
2337 1364 2512 1420 neque
2539 1350 2801 1405 educandi
2831 1352 2983 1421 pueri
3032 1353 3261 1406 aderunt
3293 1353 3398 1405 ulla
3427 1354 3706 1410 subsidia?

2139 1441 2243 1496 Sed
2276 1440 2398 1496 vide
2435 1442 2560 1512 quia
2594 1441 2889 1513 Scriptura:
2912 1458 3093 1498 sermo
3121 1445 3194 1497 ita
3224 1456 3382 1514 aptus
3404 1454 3506 1508 est,
3540 1456 3605 1499 ut
3641 1447 3703 1498 fi-

2138 1531 2397 1603 guraliter
2439 1534 2632 1589 doceat
2674 1537 2817 1605 quod
2860 1536 3041 1591 omnis
3082 1536 3172 1605 qui
3216 1537 3389 1605 primo
3425 1538 3493 1590 ad
3544 1537 3703 1592 ﬁdem

2064 1667 2110 1728 Β
2137 1624 2492 1692 convertitur,
2521 1625 2659 1681 lacte
2686 1638 2739 1682 et
2774 1643 2877 1681 non
2908 1628 3030 1683 ciho
3053 1627 3177 1683 forti
3210 1629 3392 1691 alitur,
3416 1628 3486 1683 de
3508 1631 3704 1700 quibus

2136 1718 2188 1773 in
2218 1719 2386 1775 altero
2421 1719 2538 1774 loco
2564 1721 2762 1775 dicitur
2788 1721 2871 1776 ’δε
2904 1740 2922 1772 ¢
2952 1721 3018 1775 Et
3050 1721 3225 1777 effecti
3251 1722 3417 1794 486
3448 1724 3587 1779 estis
3616 1726 3702 1794 qui

2135 1811 2276 1867 lacte
2309 1812 2579 1882 indigetis,
2613 1823 2668 1866 et
2724 1828 2828 1866 non
2876 1814 2999 1869 cibo
3040 1814 3186 1868 forti.
3227 1816 3493 1883 Quoniam
3526 1819 3705 1872 omnis

2133 1904 2225 1975 qui
2264 1905 2402 1960 tacte
2439 1905 2623 1968 alitur,
2677 1906 2884 1961 alienus
2936 1916 3021 1963 est
3067 1922 3097 1961 a
3147 1922 3403 1963 sermone
3456 1910 3700 1980 iustitiae.

2136 1995 2400 2051 Parvnlns
2432 2006 2516 2050 est
2542 1998 2710 2051 enim.
2745 1998 3114 2053 Perfectorum
3150 2009 3234 2053 est
3274 2000 3427 2055 cibus
3477 2001 3701 2065 solidus,

2133 2088 2224 2158 qui
2261 2102 2360 2157 pro
2404 2087 2764 2158 possibilitate
2817 2090 3061 2143 sumendi
3117 2092 3448 2146 exercitatos
3503 2091 3705 2146 habent

2132 2194 2327 2235 sensus
2372 2180 2439 2233 ad
2482 2179 2862 2233 discretionem
2898 2181 3021 2233 boni
3059 2196 3121 2235 ac
3153 2181 3299 2235 mali.
3322 2200 3341 2232 ι
3376 2181 3545 2252 Igitur
3578 2185 3700 2252 qni-

2133 2285 2349 2342 eunque
2369 2286 2398 2324 a
2423 2271 2562 2325 lacte
2590 2273 2823 2327 nondum
2853 2273 3159 2343 depellitur,
3190 2274 3282 2329 sed
3312 2274 3569 2344 parvulus
3595 2285 3693 2342 est,

2133 2378 2239 2415 non
2286 2370 2465 2431 potest
2505 2364 2800 2418 ascendere
2857 2363 2922 2416 ad
2975 2364 3228 2434 templum
3292 2364 3541 2432 Domini,
3594 2382 3700 2421 nun

2135 2463 2309 2522 potest
2344 2455 2645 2509 ascendere
2668 2456 2732 2508 ad
2757 2454 3059 2509 ministeria
3083 2456 3452 2516 sacerdomm,
3483 2471 3584 2510 nec
3607 2472 3701 2509 sa-

2133 2547 2355 2602 criﬁciis
2387 2548 2672 2611 interesse,
2700 2549 2793 2602 sed
2820 2563 2886 2602 ne
2911 2556 3087 2603 mater
3116 2549 3332 2618 quidem
3368 2549 3485 2618 ejus
3515 2564 3703 2605 ascen-

2135 2639 2233 2703 dit,
2266 2654 2389 2693 cum
2437 2640 2607 2707 possit
2650 2641 2964 2695 ascendere.
3000 2639 3185 2695 Gratia
3221 2650 3305 2695 est
3341 2642 3488 2696 enim
3529 2654 3704 2699 mater

2133 2733 2251 2799 ejus
2283 2734 2433 2786 Anna
2459 2770 2475 2797 ,
2510 2747 2634 2802 qua)
2664 2745 2844 2789 servat
2874 2746 2930 2789 et
2957 2735 3193 2790 custodit
3227 2751 3351 2790 eum
3394 2748 3452 2791 et
3500 2740 3701 2791 enutrit

2133 2841 2279 2890 euut,
2308 2837 2367 2878 ut
2397 2834 2638 2895 tempore
2658 2837 2958 2895 opportuno
2985 2827 3187 2895 pariter
3214 2843 3336 2882 cum
3363 2829 3478 2897 ipso
3507 2845 3699 2885 ascen-

2134 2919 2247 2976 dat.
2285 2918 2414 2986 Qute
2445 2933 2565 2972 cum
2610 2919 2806 2974 viderit
2836 2919 2935 2989 ipsi
2967 2922 3158 2976 adesse
3196 2929 3432 2991 tempus,
3487 2933 3545 2978 ut
3591 2925 3699 2994 jam

468 3026 602 3083 ergo
640 3020 694 3066 et
727 3008 817 3079 qui
863 3004 1116 3062 duritiam
1167 3017 1273 3056 non
1326 3000 1530 3062 habet,
1584 2998 1651 3052 ad
1706 2994 2028 3065 loquendqu

2138 3011 2398 3065 recedens
2427 3025 2457 3065 a
2486 3009 2628 3065 lacte
2678 3009 2865 3064 solidis
2898 3019 2953 3065 et
2985 3009 3214 3066 fortibus
3241 3012 3379 3067 cibis
3409 3023 3614 3082 utatur,
3646 3025 3702 3069 ut

470 3105 782 3160 obturatum
841 3096 1006 3151 habet
1054 3109 1115 3149 os
1158 3108 1174 3147 :
1212 3093 1390 3162 jnstns
1422 3106 1550 3145 vero
1585 3089 1757 3158 parcit
1788 3086 1871 3140 ori
1905 3100 2025 3141 suo.

471 3192 750 3261 Hodieque
784 3190 835 3243 in
869 3185 1242 3243 sacerdotibus
1280 3183 1486 3237 Domini
1530 3181 1761 3235 habetur
1803 3186 2032 3246 uterque

471 3283 725 3346 Phinees,
755 3281 986 3334 habetur
1017 3288 1070 3330 et
1102 3276 1350 3337 Eleazar,
1379 3274 1469 3342 qui
1504 3272 1558 3325 in
1591 3269 1892 3339 Scripturis
1920 3268 2034 3338 pri-

472 3391 592 3431 mus
621 3375 908 3444 episcopus
960 3369 1270 3423 nominatus
1323 3376 1445 3428 est,
1496 3366 1635 3419 sicut
1687 3364 1739 3417 in
1783 3361 2034 3415 Numeris

471 3468 730 3536 scriptum
764 3473 867 3520 est.
905 3462 1045 3516 Sunt
1093 3475 1224 3530 ergo
1262 3458 1532 3527 hodieque
1567 3455 1621 3509 in
1655 3452 2032 3508 sacerdotibus

470 3562 781 3631 quicunque
814 3563 1046 3627 parcunt
1078 3553 1158 3607 ori
1191 3568 1307 3613 suo,
1340 3559 1392 3605 et
1419 3549 1599 3604 omnis
1634 3563 1830 3602 -sermo
1858 3546 2032 3600 malus

474 3663 813 3720 nequaquam
849 3648 915 3701 de
943 3660 1038 3700 ore
1067 3660 1254 3699 eorum
1303 3642 1565 3713 procedit.
1611 3642 1747 3695 Sunt
1782 3638 2034 3694 sacerdo-

473 3745 553 3798 tes
582 3758 645 3796 ex
676 3756 905 3810 quorum
928 3753 1023 3794 ore
1056 3737 1261 3791 nullum
1283 3733 1623 3797 scandalum,
1657 3733 1860 3787 nullum
1887 3749 2034 3787 men-

471 3833 711 3896 dacium,
738 3830 917 3883 nullus
955 3828 1128 3894 dolus,
1178 3840 1352 3895 neque
1384 3823 1597 3878 falsitas
1624 3823 1733 3876 ulla
1764 3823 2035 3893 depromi-

474 3932 583 3989 tur,
614 3931 669 3975 et
703 3921 793 3974 isti
824 3920 1022 3975 merito
1060 3918 1292 3974 Phinees
1339 3918 1414 3971 illi
1447 3917 1625 3970 Aaron
1673 3916 1785 3970 ﬁlio
1818 3930 2035 3984 compa-

474 4022 685 4069 rantur.
723 4011 857 4065 Sunt
891 4022 1069 4064 autetn
1103 4009 1266 4079 aliqui
1303 4018 1358 4063 et
1389 4009 1684 4064 secundum
1717 4008 1881 4062 istum
1908 4007 2036 4060 Phi-

476 4119 630 4160 neem
664 4101 777 4157 Heli
819 4101 983 4154 tilium
1012 4102 1345 4166 sacerdotes,
1384 4102 1478 4170 qui
1507 4103 1814 4157 obturatum
1844 4115 1907 4155 os
1942 4102 2037 4155 ha-

471 4197 623 4261 bent,
657 4194 774 4249 sive
806 4190 1091 4261 imperitia:
1120 4192 1275 4257 vitio,
1317 4192 1433 4247 sive
1464 4193 1797 4247 conscientia
1846 4207 2036 4261 pecca-

474 4297 675 4342 torum.
722 4285 829 4341 Sed
860 4285 961 4339 hoc
989 4293 1070 4338 est
1099 4285 1242 4355 quod
1276 4285 1559 4355 deprecor,
1606 4294 1666 4339 ut
1709 4285 1754 4340 si
1792 4286 1915 4355 quis
1950 4296 2037 4339 est

2132 3101 2301 3171 possit
2320 3110 2374 3155 et
2395 3101 2761 3157 sacerdotibus
2792 3103 3073 3165 interesse,
3099 3113 3153 3158 et
3204 3103 3271 3158 de
3329 3105 3520 3162 altaris
3547 3108 3702 3161 edere

2132 3192 2439 3258 sacriﬁciis,
2472 3202 2598 3247 tunc
2633 3208 2756 3248 eum
2787 3194 2896 3248 Deo
2941 3202 3245 3249 consecrat.
3276 3194 3414 3250 Vide
3444 3197 3489 3249 si
3520 3198 3572 3251 in
3600 3196 3701 3250 alio

2132 3283 2252 3336 loco
2284 3283 2336 3336 in
2363 3283 2659 3351 Scriptnris
2683 3285 2892 3339 sanctis
2914 3284 3125 3340 invenis
3151 3283 3444 3354 signiﬁcari
3471 3285 3698 3356 aliquem

2133 3389 2163 3426 a
2199 3373 2335 3426 lacte
2369 3372 2667 3442 depulsum.
2692 3373 2802 3441 Ego
2835 3381 3039 3437 tamen,
3064 3385 3325 3442 quantum
3361 3376 3426 3427 ad
3460 3390 3695 3444 pnesens

2135 3462 2393 3515 memoria
2436 3462 2697 3531 suggerit,
2731 3461 2879 3515 Isaac
2913 3461 3131 3514 litetttitli
3163 3478 3175 3512 :
3209 3460 3274 3513 de
3304 3475 3412 3529 quo
3441 3461 3696 3528 scriptum

2133 3564 2215 3609 est
2242 3555 2290 3587 "
2310 3595 2326 3621 ,
2358 3556 2501 3625 quod
2537 3555 2843 3610 convivium
2883 3569 3136 3624 magnum
3176 3553 3306 3609 fecit
3334 3556 3604 3609 Abraham
3635 3571 3695 3609 ea

2134 3647 2220 3699 die
2249 3660 2353 3715 qua
2385 3660 2415 3699 a
2441 3645 2578 3700 lacte
2609 3644 2866 3715 depulsus
2896 3654 2978 3699 est
3012 3644 3161 3700 Isaac
3196 3645 3339 3700 ﬁlius
3365 3661 3519 3699 suus.
3545 3645 3692 3715 Apud

2136 3736 2383 3790 homines
2420 3735 2636 3801 quidem
2689 3733 2871 3789 saeculi
2910 3733 3069 3803 hujus
3109 3746 3365 3804 parentes
3393 3735 3570 3790 solent
3600 3753 3697 3790 na-

2136 3823 2293 3880 talem
2315 3822 2455 3878 diem
2485 3821 2760 3877 celebrare
2812 3820 3042 3875 ﬁliorum
3079 3838 3093 3875 :
3122 3823 3395 3877 Abraham
3429 3839 3559 3879 vero
3596 3841 3695 3879 non

2135 3917 2375 3971 celebrat
2405 3912 2637 3966 natalem
2667 3913 2806 3967 diem
2837 3912 2986 3967 lsaac
3014 3914 3105 3967 lilii
3133 3913 3238 3978 sui,
3262 3915 3357 3970 sed
3385 3916 3532 3969 illum
3557 3918 3693 3970 diem

2135 4007 2330 4061 festum
2362 4005 2491 4073 agit,
2525 4012 2579 4057 et
2613 4002 2813 4059 laetitia
2857 4004 3099 4072 deputat,
3159 4013 3214 4058 et
3257 4006 3505 4060 convivia
3556 4005 3695 4060 cele-

2134 4097 2277 4162 brat,
2313 4111 2433 4150 cum
2466 4111 2587 4148 eum
2619 4110 2648 4147 a
2677 4094 2817 4148 lacte
2863 4094 3113 4164 depellit,
3147 4104 3202 4149 et
3234 4097 3300 4149 ad
3327 4097 3481 4152 cibos
3531 4095 3698 4153 fortes

2135 4198 2193 4243 et
2214 4187 2413 4243 solidos
2434 4186 2687 4255 applicat,
2701 4186 2852 4255 quasi
2877 4186 2920 4239 si
2942 4201 3036 4255 per
3063 4187 3176 4241 haec
3204 4186 3412 4242 diceret
3437 4188 3591 4242 Isaac
3615 4188 3693 4242 ":

2143 4302 2162 4337 ‹
2199 4284 2331 4341 Cum
2364 4282 2540 4338 factus
2577 4299 2694 4338 sum
2721 4284 2823 4348 vir,
2856 4284 3078 4351 deposui
3098 4299 3217 4354 quas
3239 4296 3395 4338 erant
3416 4285 3641 4355 parvuli.
3672 4304 3693 4339 ι

474 4380 565 4449 qui
619 4379 673 4432 in
727 4374 1116 4432 sacerdotalem
1165 4378 1410 4431 ordinem
1464 4392 1524 4432 se
1576 4379 1804 4433 ascitum
1844 4379 2026 4443 videt,
2066 4343 2111 4401 D
2139 4377 2363 4447 Oportet
2409 4391 2539 4445 ergo
2576 4375 2732 4430 talem
2767 4390 2891 4431 esse
2927 4377 3072 4430 hunc
3112 4376 3205 4444 qui
3241 4375 3470 4431 oﬂ‘ertur
3508 4378 3614 4434 Deo
3641 4385 3701 4431 ut

474 4470 734 4536 satisagat
756 4468 1047 4523 eruditioni
1075 4477 1123 4522 et
1154 4469 1515 4525 emendationi
1546 4484 1767 4539 operam
1796 4470 1947 4534 dare,
1979 4479 2035 4523 et

476 4564 696 4618 testinet
731 4560 867 4616 εαῑεὶ
917 4561 981 4615 de
1026 4561 1117 4614 illo
1164 4575 1389 4613 munero
1424 4561 1732 4627 beatorum,
1786 4575 1855 4617 ne
1895 4561 2035 4617 forte

475 4650 784 4707 inveniatur
808 4666 870 4707 ex
901 4650 1018 4704 istis
1043 4648 1416 4706 sacerdotibus
1442 4652 1533 4719 qui
1570 4661 1625 4707 et
1672 4653 2036 4724 reprobantur

474 4754 527 4798 et
564 4744 863 4812 puniuntur
892 4758 923 4796 a
956 4741 1086 4796 Deo.

544 4835 597 4889 8.
624 4834 728 4887 Sed
753 4843 959 4902 tempus
990 4842 1072 4887 est
1093 4832 1202 4902 jam
1232 4840 1285 4886 et
1316 4833 1381 4886 de
1401 4834 1650 4891 oratione
1665 4838 2031 4908 Annae,quam

473 4926 716 4998 profudit
750 4925 984 4981 o’ti'erens
1029 4926 1135 4980 Deo
1166 4925 1495 4992 Samuelem,
1520 4941 1678 4997 quem
1713 4944 1742 4982 a
1774 4932 1914 4986 lacte
1941 4933 2035 4986 de-

472 5018 715 5086 pulerat,
754 5030 921 5085 pauca
971 5029 1290 5070 memorare.
1338 5014 1394 5069 In
1432 5032 1537 5085 qua
1590 5020 1766 5087 primo
1817 5023 2031 5089 quidem

582 5134 634 5206 εξ
666 5131 840 5206 Ilehr.
876 5147 971 5206 sn,
998 5132 1049 5187 8.
1126 5133 1174 5206 ’ξ
1197 5133 1219 5206 _l
1256 5133 1383 5188 Cor.
1414 5148 1499 5198 tu,
1529 5134 1584 5188 2.
1660 5134 1706 5166 “
1747 5135 1879 5191 Heb.
1912 5152 1964 5204 ν,
1990 5138 2078 5206 12,
2107 5139 2196 5203 15,
2231 5138 2317 5192 ﬂ.

473 5219 552 5267 XI,
580 5202 663 5257 l8.
758 5202 1005 5272 "lites.
1071 5204 1238 5261 1,“.

547 5344 621 5415 (Ι)
652 5343 796 5410 Heli,
823 5352 927 5399 etc.
948 5341 1223 5415 ‘Hebraice
1262 5342 1518 5415 scribitur
1560 5325 1652 5407 ἦν
1686 5342 1871 5415 :_unde
1899 5357 2036 5412 quo-

477 5413 637 5497 modo
665 5415 781 5469 erui
813 5413 988 5483 possit
1033 5431 1052 5464 ι
1077 5415 1236 5469 arabs
1258 5432 1277 5465 ι
1308 5414 1424 5469 sive
1477 5432 1496 5465 ι
1526 5413 1801 5468 extrarius
1828 5452 1845 5480 ,
1882 5431 1903 5466 ι
1928 5428 2035 5468 non

475 5486 1048 5625 “ﬁgdnterpretatur
1087 5563 1260 5608 autem
1306 5551 1475 5620 Opimi
1529 5570 1767 5609 excessus
1823 5569 2038 5607 conuer-

483 5624 665 5683 sionis.
689 5624 850 5683 Forte
865 5625 932 5682 ab
949 5632 1055 5687 Din
1083 5643 1101 5677 ι
1126 5625 1295 5692 Calor,
1311 5635 1497 5694 aestus,
1516 5640 1787 5693 excessus,
1815 5642 1833 5677 ι
1855 5635 1910 5682 et
1933 5632 2036 5686 rut:

2140 4472 2349 4527 habitet
2381 4473 2432 4522 in
2457 4469 2685 4533 sanctis,
2710 4467 2802 4537 qui
2830 4469 2998 4537 possit
3022 4468 3166 4523 vesci
3194 4470 3450 4524 carnibus
3478 4470 3696 4534 sanctis,

2140 4564 2205 4617 de
2229 4561 2425 4630 quibus
2448 4560 2704 4629 scriptum
2736 4569 2821 4615 est
2846 4560 2892 4591 "
2919 4577 2935 4616 :
2966 4577 2985 4611 σ
3016 4557 3447 4626 Sanctiﬁcamjni
3476 4570 3536 4616 ut
3553 4575 3701 4615 tuan-

2139 4654 2347 4709 ducetis
2377 4669 2436 4709 ea
2450 4669 2591 4708 rues.
2613 4671 2633 4705 ι

2209 4745 2263 4802 9.
2299 4744 2403 4799 Sed
2438 4746 2717 4799 videamus
2757 4743 2903 4813 quali
2948 4757 3071 4797 eum
3114 4756 3276 4814 prece
3316 4742 3470 4798 Anna
3494 4784 3509 4810 ,
3543 4744 3594 4799 id
3619 4753 3700 4799 est

2141 4838 2311 4907 gratia
2339 4877 2354 4901 ,
2392 4846 2685 4893 consecrat
2742 4838 2871 4892 Deo.
2926 4835 3134 4891 Novum
3174 4837 3372 4908 quippe
3414 4838 3613 4907 aliquid
3646 4839 3698 4893 in

2139 4931 2418 5002 principiis
2465 4930 2595 4999 ipsis
2645 4929 3081 4985 observabimus.
3128 4931 3222 4985 Ait
3271 4932 3414 4986 enim
3455 4931 3541 4985 ὀε
3582 4950 3601 4983 ι
3638 4930 3700 4984 Et

2141 5022 2321 5078 oravit
2348 5022 2526 5084 Anna,
2559 5030 2613 5076 et
2644 5021 2804 5075 dixit.
2835 5038 2854 5072 ι
2894 5021 2960 5075 Et
2990 5036 3255 5092 nusquam
3294 5038 3413 5078 eam
3439 5025 3593 5093 quasi
3631 5022 3696 5078 ad

2409 5136 2456 5168 ”
2485 5135 2626 5191 Gen.
2665 5152 2781 5191 ut.
2866 5136 2955 5191 “l
2995 5135 3120 5192 Cor.
3154 5153 3275 5204 snt,
3306 5136 3394 5193 Η.
3467 5139 3513 5172 ’τ
3541 5138 3693 5193 Num.

2147 5362 2166 5396 ι
2208 5344 2461 5414 respexit,
2494 5343 2777 5399 convertit.
2806 5362 2824 5414 ξ

2214 5411 2603 5485 (ὄγείθηὲβεαι
2627 5414 2766 5467 enim
2802 5411 3023 5485 Phineas
3054 5413 3108 5465 in
3138 5412 3320 5482 lingua
3347 5422 3526 5466 nostra
3556 5426 3570 5441 θ
3591 5413 3691 5465 oris

2147 5483 2431 5548 obturatio,
2459 5484 2535 5539 uel
2561 5485 2644 5536 ori
2669 5498 2907 5551 parcens.
2935 5483 2981 5535 A
3008 5490 3086 5546 τω
3123 5499 3143 5534 t
3164 5498 3225 5539 os
3247 5501 3267 5537 ι
3295 5492 3482 5543 etnon
3504 5502 3523 5535 ι
3544 5484 3690 5539 obtu-

2140 5556 2301 5621 ravit,
2334 5574 2350 5605 ι
2383 5553 2464 5609 vel
2491 5563 2593 5614 mn
2623 5572 2641 5605 ι
2663 5552 2921 5623 pepercit.
2944 5570 2963 5605 ι
