4046 6152
520 161 658 219 1005

1639 179 1707 234 IN
1746 177 2000 234 LIBRUM
2039 178 2273 234 ΒεϐΠένί
2313 175 2597 232 HOMILIA
2635 177 2675 232 I.

3601 181 3624 234 I
3635 179 3740 236 006

517 279 685 340 Deum
720 290 965 338 orantem
1003 285 1245 355 invenio,
1280 287 1369 344 vel
1420 287 1729 359 loquentem
1753 328 1771 353 ,
1821 291 1923 346 nisi
1982 308 2077 361 per
2104 295 2152 348 Α
2179 288 2402 342 sterium
2457 288 2753 343 docebatur
2780 326 2793 352 ,
2826 301 2972 352 cum,
3003 285 3182 359 Moyse
3233 287 3474 343 elcvante
3503 305 3692 347 manus
3719 331 3738 359 ,

512 370 621 426 duo
657 380 866 427 tantum
913 376 1074 431 verba
1099 418 1114 439 ,
1164 379 1253 434 ubi
1295 381 1428 436 dicit
1453 382 1536 435 θῦε
1577 400 1595 432 ι
1632 380 1835 436 Lactata
1872 397 1989 437 sum
2024 382 2074 435 in

512 460 737 516 salutari
765 472 873 529 luo,
910 484 928 518 ι
956 478 1010 521 et
1035 467 1180 523 aliud
1219 487 1232 523 :
1266 489 1284 521 ι
1314 469 1450 538 Quia
1486 487 1592 527 non
1623 483 1709 527 est
1736 482 1930 543 praeter
1962 481 2070 527 te.»

510 549 727 607 Initium
757 564 937 610 autem
969 558 1047 613 sic
1093 560 1259 616 habet
1291 581 1305 616 :
1342 581 1361 615 ι
1399 563 1703 619 Exsultavit
1753 580 1847 619 cor
1894 582 2073 620 meum

511 642 566 699 in
595 646 839 701 Domino.
864 667 882 699 ι
910 648 1024 703 Non
1049 651 1207 716 dixit,
1239 653 1543 709 Exsultavit
1577 671 1672 711 cor
1706 671 1882 711 meum
1910 657 1962 710 in
1999 667 2069 711 te.

512 733 570 790 Si
593 737 736 792 enim
761 747 905 795 esset
929 742 1124 806 oratio,
1160 743 1231 797 ita
1272 745 1377 800 dici
1412 761 1751 816 consequens
1782 755 1941 802 erat:
1977 748 2075 802 Ex-

508 828 728 884 sultavit
753 846 849 887 cor
871 846 1046 886 meum
1078 834 1131 889 in
1163 846 1231 891 te.
1258 836 1324 891 Et
1347 838 1541 893 iterum
1564 840 1617 894 in
1641 841 1886 911 sequenti
1912 856 2069 895 versu

507 918 626 988 ejus
667 922 799 976 dicit
830 943 843 978 :
872 943 891 975 ι
925 925 1237 982 Exaltatum
1271 939 1355 984 est
1384 945 1552 985 cornu
1589 947 1765 986 meum
1799 933 1851 987 in
1887 932 2014 989 Deo.
2048 952 2067 985 ι

508 1009 623 1065 Non
656 1012 792 1067 dixit
825 1033 838 1069 :
872 1014 1172 1071 Exaltatum
1202 1031 1287 1075 est
1318 1037 1482 1075 cornu
1509 1037 1683 1076 meum
1714 1023 1765 1077 in
1793 1030 1862 1090 te,
1890 1025 1984 1078 sed
2019 1028 2069 1080 in

509 1100 641 1155 Deo.
682 1120 700 1154 ι
726 1101 1019 1160 Dilatatum
1053 1120 1133 1161 est
1159 1124 1221 1163 os
1257 1126 1432 1165 meum
1461 1127 1623 1182 super
1650 1113 1918 1179 inimicos,
1945 1116 2071 1185 quia

507 1189 685 1247 laetata
722 1208 840 1248 sum
871 1196 923 1250 in
954 1200 1175 1253 salutari
1208 1209 1320 1257 tuo.
1353 1220 1372 1253 ι
1409 1201 1592 1269 Unus,
1635 1212 1695 1259 ut
1727 1205 1860 1271 dixi,
1889 1220 2070 1262 sermo

505 1282 806 1339 orationem
837 1289 1080 1345 continet
1105 1310 1118 1346 :
1147 1310 1166 1343 ι
1188 1291 1389 1347 Laetata
1419 1309 1537 1348 sum
1570 1296 1621 1349 in
1653 1296 1878 1351 salutari
1910 1307 2018 1363 tuo,
2042 1319 2063 1352 ι

503 1383 562 1428 et
593 1373 647 1428 in
677 1380 1141 1448 consequentibus
1175 1397 1277 1436 non
1307 1383 1439 1437 dicit
1467 1385 1596 1453 quia
1619 1401 1723 1439 non
1746 1399 1830 1442 est
1852 1401 2069 1444 sancms

503 1463 604 1517 nisi
630 1473 706 1530 tu,
729 1464 847 1528 sed,
871 1483 893 1516 ‹
927 1463 1043 1518 Non
1076 1473 1157 1519 est
1185 1476 1403 1522 sanctus
1426 1476 1485 1523 ut
1515 1479 1597 1525 est
1628 1471 1906 1539 Dominus,
1940 1495 1958 1527 ι
1988 1487 2062 1545 et,

505 1571 526 1605 ‹
562 1554 679 1608 Non
708 1564 791 1608 est
818 1565 1015 1624 praater
1056 1565 1128 1611 te.
1170 1575 1188 1608 ι
1218 1557 1317 1612 llic
1349 1573 1529 1615 sermo
1555 1578 1664 1617 non
1705 1564 1915 1620 videtur
1946 1582 2061 1622 ser-

2181 375 2431 429 vincebat
2480 374 2645 429 Israel
2686 375 2735 442 *ς
2785 375 3103 430 demittente
3160 392 3287 433 vero
3348 388 3403 432 et
3457 378 3739 447 dejicieute

2177 464 2428 519 deorsum
2456 508 2471 530 ,
2502 466 2753 521 vincebat
2782 464 3046 522 Amalec?
3089 469 3153 523 Et
3180 470 3223 524 si
3261 488 3281 521 α
3317 471 3497 526 omnia
3532 473 3643 529 haec
3675 476 3732 528 ii-

2177 554 2439 620 guraliter
2453 556 2834 626 contingebant
2854 556 2979 621 illis,
2998 558 3200 628 scripta
3221 568 3345 615 sunt
3366 576 3495 616 vero
3517 575 3736 634 propter

2176 659 2295 710 nos,
2320 645 2371 698 in
2406 661 2541 715 quos
2574 646 2709 701 ﬁnes
2736 648 3057 704 smculorum
3099 650 3433 705 devenerunt
3456 652 3527 706 ⁵.»
3562 652 3739 720 Quare

2176 732 2478 803 intelligere
2512 734 2804 803 debemus,
2848 737 2972 806 quia
3014 738 3185 793 donec
3226 738 3460 796 famulus
3499 742 3593 798 Dei
3628 743 3737 799 ele-

2177 835 2266 878 vat
2304 834 2460 881 actus
2489 841 2616 882 suos
2646 829 2715 882 ad
2744 828 2932 895 Deum,
2963 830 3127 885 vincit
3155 847 3288 901 gens
3323 832 3415 886 Dei
3445 851 3457 886 :
3489 850 3611 888 cum
3641 852 3737 890 au-

2176 925 2283 967 tem
2326 914 2587 983 deiecerit
2637 925 2691 971 et
2741 917 3016 971 demiserit
3069 934 3283 985 atauus,
3331 923 3381 976 id
3420 932 3542 991 est,
3582 933 3736 980 actus

2176 1021 2324 1070 suos,
2363 1007 2534 1062 vincit
2566 1008 2790 1064 Amalec
2841 1010 3093 1066 inimicus
3130 1011 3245 1069 Dei.
3288 1016 3392 1068 Aut
3426 1017 3554 1084 quid
3583 1019 3735 1073 vide-

2175 1096 2299 1151 tur?
2327 1097 2469 1168 (volo
2498 1097 2644 1165 enim
2699 1098 2977 1169 paululum
3025 1100 3302 1156 immorari
3349 1119 3468 1159 cum
3520 1108 3607 1162 his
3641 1110 3732 1178 qui

2172 1187 2363 1258 nolunt
2413 1190 2527 1243 haec
2581 1190 2938 1257 spiritaliter,
2993 1193 3085 1247 sed
3152 1196 3444 1250 secundum
3499 1197 3730 1256 litteram

2170 1277 2457 1350 intelligi.)
2496 1281 2866 1349 nunquiduam
2924 1286 3218 1354 putandum
3268 1296 3348 1341 est
3380 1328 3394 1350 ,
3442 1292 3581 1357 quod
3617 1307 3735 1347 om-

2170 1371 2418 1440 nipotens
2464 1373 2607 1427 Deus
2638 1374 2702 1426 ad
2737 1389 2927 1429 manus
2957 1378 3257 1446 respiceret
3309 1377 3518 1450 Moysi,
3563 1392 3617 1437 et
3658 1385 3734 1439 si—

2168 1463 2384 1532 quidem
2431 1464 2635 1518 videret
2682 1480 2773 1519 eas
2823 1483 3037 1522 sursum
3090 1470 3331 1526 elevatus
3359 1515 3373 1534 ,
3418 1471 3591 1529 Israel
3650 1477 3728 1529 vi-

2169 1554 2397 1607 ctoriam
2442 1555 2638 1610 daret:
2677 1559 2720 1613 si
2761 1573 2891 1613 vero
2946 1561 3197 1615 deorsum
3255 1563 3490 1632 dejectas
3515 1607 3531 1632 ,
3571 1566 3734 1621 Ama-

504 1656 660 1698 vasse
678 1648 939 1703 orationis
960 1652 1232 1710 ordinem.
1257 1655 1318 1710 In
1352 1656 1661 1714 novissimis
1689 1672 1868 1716 autem
1896 1661 2066 1732 longa:
2096 1637 2138 1692 Β
2168 1643 2393 1700 “om”
2442 1645 2658 1703 δίθθίηθ
2717 1650 2932 1717 dignm"
2979 1661 3062 1706 εει
3123 1656 3187 1708 de
3251 1657 3424 1710 sane“
3495 1657 3731 1728 Spl'ims

505 1736 922 1805 supplicationis
954 1745 1155 1810 specie,
1184 1744 1348 1799 etiam
1384 1750 1780 1823 coniunctiones
1803 1752 2063 1820 quasdam

503 1827 830 1897 introducit,
880 1832 1064 1889 dicens
1096 1836 1162 1891 ιε
1214 1854 1233 1887 ι
1267 1835 1444 1893 Nolite
1493 1840 1852 1912 multiplicare
1916 1844 2062 1913 loqui

500 1921 676 1986 mala,
711 1936 887 1992 neque
915 1935 1070 1980 exeat
1108 1928 1546 2000 maliloquacitas
1601 1934 1667 1988 de
1710 1950 1808 1991 ore
1843 1946 2062 2002 vestro,

497 2012 626 2080 quia
660 2015 822 2071 fortis
858 2017 910 2070 in
953 2020 1176 2076 scientia
1212 2022 1493 2077 Dominus.
1518 2043 1536 2076 ι
1565 2024 1621 2079 In
1652 2041 1758 2094 quo
1786 2041 1885 2083 nec
1914 2031 2064 2085 vide-

496 2101 720 2171 turjam
752 2108 817 2161 ad
854 2107 1136 2165 Dominum
1182 2112 1351 2183 loqui.
1384 2114 1524 2181 Quid
1558 2131 1688 2185 ergo
1720 2117 1964 2174 dicemus
1997 2122 2063 2177 de

499 2191 623 2248 his?
652 2194 763 2267 Ego
789 2212 914 2252 cum
949 2199 1189 2270 legerem
1226 2205 1525 2274 aliquando
1572 2209 1712 2277 apud
1743 2209 2058 2280 Apostolum

494 2285 638 2352 quod
665 2286 845 2341 dixit'
877 2307 891 2343 :
926 2309 945 2343 ι
974 2291 1106 2347 Sine
1141 2293 1546 2352 intermissione
1576 2308 1760 2363 orate,
1798 2319 1817 2352 ι
1851 2316 2061 2371 quer-

494 2370 620 2428 bam
648 2375 693 2430 si
728 2393 1053 2450 praeceptum
1084 2384 1188 2440 hoc
1211 2386 1467 2455 possibile
1495 2398 1637 2443 esset
1667 2370 1894 2461 impleri.
1930 2394 2061 2461 Quis

494 2464 638 2519 enim
670 2478 848 2537 potest
879 2489 1151 2545 nunquam
1195 2478 1444 2536 desinere
1484 2484 1550 2539 ab
1582 2485 1861 2553 oratione,
1894 2487 1965 2541 ita
2001 2499 2060 2543 ut

494 2570 671 2627 neque
699 2561 878 2617 cibum
906 2604 920 2628 ,
969 2581 1143 2636 neque
1175 2580 1359 2638 potum
1410 2577 1658 2632 sumendi
1710 2586 1919 2647 tempus
1964 2579 2060 2634 ha-

492 2645 660 2704 heat?
682 2654 881 2724 quippe
913 2673 1035 2711 cum
1070 2660 1112 2713 si
1150 2661 1263 2717 haec
1295 2662 1446 2731 ﬁant,
1479 2645 1884 2723 intermittenda
1914 2671 2058 2725 vide-

492 2747 581 2793 tur
631 2746 826 2822 oratio.
876 2746 978 2802 Sed
1016 2766 1116 2804 nec
1153 2752 1457 2809 dormiendi
1513 2767 1606 2811 aut
1658 2759 1860 2829 aliquid
1912 2760 2056 2815 aliud

493 2829 714 2888 humani
748 2850 876 2891 usus
906 2841 1102 2908 agendi
1145 2844 1356 2897 veniam
1390 2848 1686 2902 secundum
1734 2849 1876 2904 istud
1919 2865 2057 2921 pra:-

490 2932 710 2992 eeptum
740 2929 914 2983 oratio
943 2933 1302 2987 communiter
1352 2935 1622 2992 intellecta
1660 2939 1930 2994 concedit.
1967 2941 2054 2996 Vi-
2080 2968 2125 3027 α

490 3014 715 3073 deamns
730 3033 858 3090 ergo
878 3036 945 3077 ne
966 3021 1105 3079 forte
1131 3038 1321 3081 omnes
1347 3037 1497 3084 actus
1525 3028 1643 3100 ejus
1672 3033 1766 3100 qui
1795 3033 1846 3086 in
1870 3032 2055 3089 divino

492 3117 742 3164 versatur
765 3112 961 3179 cilicio,
1019 3124 1074 3169 et
1128 3119 1309 3172 omnia
1342 3130 1490 3190 gesta
1530 3123 1613 3177 vel
1646 3124 1785 3179 dicta
1819 3140 1939 3195 qua:
1969 3141 2059 3182 se-

491 3200 728 3255 cundum
762 3201 929 3258 Deum
964 3207 1102 3276 gerit
1133 3215 1188 3262 et
1228 3208 1381 3273 dicit,
1438 3212 1505 3266 ad
1540 3214 1839 3269 orationem
1872 3231 2056 3285 repor-

494 3299 694 3348 tentur.
726 3295 781 3349 Si
821 3298 963 3351 enim
1000 3300 1175 3354 oratio
1209 3301 1310 3356 hoc
1341 3301 1513 3357 solum
1547 3305 1882 3376 intelligatur
1910 3310 2052 3375 quod

490 3387 851 3441 communiter
906 3391 1129 3455 scimus,
1188 3407 1361 3461 neque
1398 3397 1550 3449 Anna
1612 3396 1665 3450 in
1732 3399 1816 3453 his
1874 3400 2054 3456 verbis

489 3488 679 3531 orasse
705 3479 990 3547 videbitur,
1024 3493 1078 3537 et
1108 3500 1379 3554 nunquam
1405 3487 1829 3558 ullusjustorum
1858 3506 2052 3546 secun-

490 3568 885 3640 dumApostoli
927 3588 1259 3646 praeceptum
1306 3579 1424 3634 sine
1466 3581 1867 3640 intermissione
1896 3600 2054 3640 orare

484 3669 690 3730 potest.
734 3663 790 3717 Si
829 3680 957 3720 vero
1000 3669 1175 3722 omnis
1220 3678 1375 3724 actus
1415 3668 1592 3739 justi,
1646 3687 1807 3742 quem
1853 3690 2051 3731 secun-

489 3755 616 3807 dum
649 3753 813 3809 Deum
859 3759 969 3827 agit
998 3770 1052 3814 et
1082 3762 1375 3816 secundum
1420 3764 1729 3820 mandatum
1767 3765 2006 3823 divinum
2032 3811 2048 3838 ,

488 3845 669 3899 oratio
718 3856 1022 3916 reputatur,
1075 3855 1200 3920 quia
1250 3852 1431 3921 justus
1482 3853 1598 3910 sine
1644 3856 2051 3916 intermissione

488 3949 608 4004 quae
656 3938 801 4008 justa
855 3951 984 3995 sunt
1035 3944 1182 4013 agit,
1220 3960 1316 4015 per
1355 3946 1459 4001 hoc
1495 3949 1619 4004 sine
1648 3950 2053 4006 intermissione

484 4025 658 4094 justus
703 4031 896 4096 orabit,
947 4049 1046 4088 nec
1091 4050 1327 4104 unquam
1368 4039 1436 4094 ab
1476 4040 1723 4096 oratione
1767 4044 2045 4099 cessabit:

488 4120 796 4187 nisijustus
824 4139 945 4178 esse
978 4125 1226 4180 desistant.
1255 4129 1388 4183 Cum
1445 4131 1590 4185 enim
1650 4131 1908 4199 injustum
1952 4134 2051 4188 ali-

485 4212 615 4281 quid
645 4215 854 4282 agimus
882 4227 974 4271 aut
998 4216 1379 4288 delinquimus,
1427 4230 1632 4274 certum
1673 4231 1755 4276 est
1804 4226 1946 4290 quod
1983 4239 2049 4281 eo

2167 1738 2373 1792 sentire
2421 1739 2808 1796 sermonibus?
2862 1743 2945 1796 An
2995 1743 3124 1799 illud
3189 1747 3365 1815 potius
3436 1751 3728 1817 putandum

2165 1837 2251 1882 est
2279 1868 2294 1894 ,
2340 1830 2480 1897 quod
2525 1830 2698 1884 lutura
2754 1833 2807 1887 in
2862 1831 2946 1887 his
2993 1838 3250 1906 mysteria
3293 1837 3731 1909 praeformahat?

2165 1919 2295 1987 Quae
2333 1922 2551 1992 quidem
2610 1925 2675 1978 de
2743 1928 2924 1980 crucis
2972 1942 3315 1987 sacramento
3373 1943 3427 1989 et
3480 1934 3730 1991 aliixione

2167 2027 2422 2068 manuum
2495 2013 2791 2072 Salvator-is
2855 2020 3078 2090 intelligi
3143 2026 3327 2078 tritum
3384 2024 3530 2095 jam,
3585 2037 3639 2083 et
3695 2051 3724 2085 a

2163 2105 2326 2179 487
2342 2106 2522 2162 multis
2534 2123 2674 2179 stepe
2691 2110 2976 2166 dissertum
2992 2122 3093 2167 est.
3111 2114 3216 2168 Sed
3234 2119 3491 2186 quoniam
3508 2121 3732 2176 innova-

2164 2199 2208 2252 ri
2228 2200 2668 2270 semperjubetur
2686 2202 2751 2266 is,
2770 2203 2858 2273 qui
2887 2206 3178 2261 secundum
3198 2208 3545 2281 Evangelium
3568 2215 3724 2279 vivit,

2164 2298 2217 2343 et
2249 2288 2458 2344 Novum
2490 2292 2893 2349 Testamentum
2927 2310 3141 2367 semper
3172 2300 3329 2355 debet
3360 2306 3514 2360 novis
3546 2309 3725 2361 sensi-

2165 2379 2265 2434 bus
2304 2381 2582 2451 illustrari,
2618 2393 2673 2441 et
2725 2396 2945 2442 cantare
2998 2389 3225 2447 Domino
3267 2392 3520 2460 juhemur
3548 2401 3726 2455 canti-

2162 2486 2285 2524 cum
2342 2488 2559 2539 novum,
2603 2484 2658 2528 et
2709 2476 2935 2531 interior
2983 2479 3143 2535 homo
3191 2492 3376 2539 noster
3428 2502 3535 2542 non
3589 2490 3729 2548 dixit

2162 2561 2360 2618 I’aulus
2391 2566 2513 2632 quia
2550 2578 2843 2622 renovatur
2874 2577 2927 2623 et
2962 2573 3129 2638 stetit,
3166 2576 3260 2628 sed
3298 2594 3317 2627 ‹
3343 2585 3723 2637 renovaturde

2160 2654 2246 2708 die
2275 2655 2327 2709 in
2362 2657 2573 2723 diem“;
2597 2676 2615 2708 ι
2651 2661 2935 2728 oportebat
2960 2662 3123 2718 etiam
3159 2681 3258 2721 nos
3289 2678 3341 2722 et
3363 2669 3429 2722 de
3458 2673 3726 2729 orationis

2159 2744 2322 2799 modo
2372 2746 2605 2815 qualiter
2653 2750 2772 2805 sine
2810 2751 3209 2812 intermissione
3254 2762 3513 2818 orandum
3546 2766 3637 2830 sit,
3669 2778 3726 2823 et

2161 2837 2228 2893 de
2270 2837 2572 2895 elevatione
2623 2857 2900 2910 manuum,
2951 2850 3093 2917 quod
3142 2852 3471 2911 sacriﬁcium
3521 2860 3724 2917 dicitur

2158 2932 2545 2999 vespertinum,
2579 2950 2684 2989 non
2721 2936 2891 2990 solum
2939 2940 3152 2996 usitatis
3184 2952 3237 2998 et
3270 2948 3490 3015 attritis,
3528 2953 3624 3007 sed
3657 2964 3714 3009 et

2159 3019 2555 3088 aliquantulum
2605 3025 2876 3083 innovatis
2933 3029 3350 3092 dissertionibus
3399 3040 3714 3110 explanare.

2228 3110 2315 3166 l0.
2350 3110 2640 3168 Videamus
2669 3130 2797 3183 ergo
2827 3117 2954 3186 quid
2994 3119 3094 3172 sibi
3127 3122 3239 3175 vult
3271 3124 3411 3180 ratio
3457 3128 3559 3183 ista
3593 3146 3725 3186 ora-

2160 3201 2316 3257 tionis
2364 3203 2552 3269 Annae,
2585 3221 2744 3275 quam
2785 3208 2829 3262 si
2885 3208 3260 3279 didicerimus,
3311 3215 3564 3272 similiter
3612 3219 3724 3277 for—

2161 3293 2319 3349 tassis
2348 3305 2402 3349 et
2420 3311 2517 3351 nos
2549 3312 2707 3352 orare
2738 3304 3055 3369 poterimus.
3084 3320 3103 3354 ‹
3128 3301 3452 3376 Exsultavit,
3480 3311 3654 3381 inquit
3673 3315 3722 3381 ',

2157 3399 2252 3440 cor
2313 3401 2492 3441 meum
2538 3388 2591 3442 in
2639 3390 2885 3446 Domino.
2911 3380 2937 3444 ι’
2973 3391 3294 3453 Necessario
3344 3401 3587 3460 addidit:
3620 3406 3717 3460 (lu

2158 3477 2404 3534 Domino.
2430 3500 2449 3534 ι
2505 3481 2599 3537 Est
2633 3484 2776 3538 enim
2810 3486 3098 3542 exsultatio
3123 3505 3242 3558 qua:
3268 3507 3377 3547 non
3407 3506 3488 3550 est
3517 3497 3569 3551 in
3610 3498 3713 3553 Dov

2155 3568 2562 3636 mino,sicut°et
2590 3575 2720 3630 illud
2741 3576 3006 3632 dicitur”:
3033 3597 3052 3631 ι
3073 3579 3313 3639 Gaudete
3344 3587 3396 3641 in
3430 3587 3714 3646 Domino.»

2154 3663 2339 3718 Potest
2363 3666 2505 3718 enim
2540 3668 2662 3736 quis
2693 3669 2928 3739 gaudere
2960 3670 3013 3724 in
3061 3674 3393 3743 carnalibus,
3425 3690 3479 3736 et
3514 3698 3621 3737 non
3665 3685 3717 3738 in

2156 3754 2404 3811 Domino.
2440 3755 2495 3811 Si
2530 3759 2673 3812 enim
2705 3761 2967 3829 gaudeam
3015 3765 3155 3832 quod
3190 3765 3370 3822 inveni
3406 3771 3718 3830 thesaurum

2155 3844 2443 3911 visibilem,
2480 3847 2619 3902 istud
2651 3851 2901 3918 gaudium
2931 3855 3115 3909 carnis
3147 3864 3252 3920 est,
3287 3867 3341 3913 et
3383 3877 3488 3918 non
3531 3864 3584 3918 in
3615 3867 3724 3922 Do-

2156 3939 2322 3991 mino.
2358 3937 2414 3993 Si
2460 3939 2724 4009 gaudeam
2752 3944 2896 4009 quod
2939 3960 3024 3999 me
3054 3945 3301 4004 homines
3348 3952 3604 4025 laudant,
3667 3969 3723 4014 et

2156 4027 2296 4082 forte
2326 4043 2430 4083 non
2475 4044 2572 4099 pro
2603 4032 2817 4096 merito,
2861 4048 2964 4087 non
2998 4045 3080 4091 est
3114 4037 3216 4093 hoc
3246 4043 3483 4109 gaudere
3514 4047 3566 4101 in
3609 4047 3719 4103 Do-

2154 4119 2322 4173 mino.
2362 4119 2418 4173 Si
2451 4120 2714 4189 gaudeam
2751 4122 2806 4176 in
2843 4129 3003 4180 rebus
3046 4125 3333 4199 fragilibus
3379 4143 3433 4189 et
3473 4139 3717 4204 caducis,

2156 4211 2269 4265 haec
2296 4213 2473 4267 omnia
2506 4227 2610 4267 non
2648 4213 2850 4268 habent
2901 4216 3167 4275 laudabile
3196 4226 3473 4292 gaudium.
3505 4227 3560 4283 Si
3590 4246 3720 4287 vero

488 4314 727 4372 tempore
768 4309 929 4362 etiam
989 4310 1056 4363 ab
1106 4311 1349 4364 oratione
1402 4326 1695 4367 cessamus.
1745 4311 1882 4368 Puto
1907 4321 2048 4384 quod

2162 4304 2413 4370 gaudeam
2446 4305 2701 4373 quoniam
2742 4307 2934 4376 dignus
2974 4309 3189 4367 habitus
3219 4328 3336 4370 sum
3365 4332 3466 4388 pro
3500 4323 3720 4379 nomine

485 4394 588 4450 hoc
608 4396 895 4452 edocemur
922 4409 975 4452 et
1008 4399 1059 4453 in
1089 4397 1316 4454 Psalmis
1346 4417 1467 4455 cum
1493 4404 1690 4459 dicitur
1710 4405 1732 4437 ⁸
1760 4419 1775 4459 :
1806 4423 1824 4457 ι
1859 4406 2048 4461 Eleva-

485 4490 561 4543 tio
589 4507 840 4545 manuum
873 4506 1111 4547 mearum
1133 4492 1462 4547 sacriﬁcium
1488 4496 1903 4566 vespertinum.»
1926 4498 2043 4555 Non

483 4579 627 4635 enim
676 4590 806 4649 puto
852 4582 992 4649 quod
1029 4581 1072 4636 si
1105 4583 1227 4652 quis
1276 4584 1566 4639 elevaverit
1616 4586 1701 4641 vel
1739 4590 2046 4645 extenderit

485 4686 675 4727 manus
705 4672 770 4725 ad
804 4672 999 4726 coelum
1038 4672 1118 4744 (ut
1150 4674 1369 4729 habitus
1397 4677 1668 4730 orantium
1701 4692 1821 4734 esse
1858 4679 2039 4753 solet),

482 4763 739 4816 continuo
759 4762 1086 4817 sacriﬁcium
1104 4765 1361 4820 obtulerit
1387 4767 1517 4823 Deo.
1538 4769 1642 4824 Sed
1669 4771 1948 4827 videamus
1979 4785 2044 4826 ne

481 4848 624 4906 forte
657 4852 757 4909 hoc
794 4854 864 4910 sit
892 4856 1033 4926 quod
1066 4855 1138 4910 ibi
1185 4855 1391 4914 indicat
1433 4875 1614 4916 sermo
1647 4861 1760 4927 Dei',
1794 4864 1918 4933 quia
1950 4879 2046 4934 per

481 4957 678 5000 manus
704 4948 869 5014 opera
911 4947 1305 5022 intelliguntur.
1336 4951 1524 5007 Elevat
1572 4968 1764 5009 manus
1795 4954 1907 5020 ille,
1952 4955 2045 5024 qui

481 5035 659 5091 elevat
689 5047 843 5093 actus
866 5054 992 5094 suos
1017 5057 1047 5094 a
1078 5051 1248 5107 terra,
1275 5051 1331 5096 et
1357 5043 1701 5098 conversatio
1725 5042 1840 5111 eius
1866 5044 2046 5098 adhuc

479 5125 537 5181 iu
564 5136 707 5182 terra
735 5130 1064 5186 ambulantis
1097 5132 1150 5186 in
1183 5132 1338 5187 ctelis
1364 5144 1467 5187 est.
1497 5132 1706 5188 Excelsi
1739 5149 1869 5202 ergo
1893 5145 2045 5188 actus

480 5226 538 5271 et
590 5219 871 5285 sublimes,
922 5236 1060 5291 quos
1110 5222 1360 5279 videntes
1395 5224 1643 5278 homines
1691 5224 2062 5294 magnificam.

483 5305 694 5362 Patrem
722 5309 1024 5374 cmlestem,
1056 5311 1286 5366 elevatio
1318 5328 1572 5367 manuum
1606 5312 1827 5377 dicitur,
1862 5325 1916 5367 et
1949 5330 2041 5368 sa~

477 5400 741 5456 criticium
766 5404 1148 5472 vespertinum.
1180 5406 1373 5460 Annon
1400 5414 1455 5460 et
1478 5405 1532 5460 in
1555 5404 1671 5476 lege
1695 5405 1747 5459 id
1773 5420 1870 5476 per
1927 5422 2043 5477 my-

548 5513 799 5588 ‘_'1_Reg.
835 5534 898 5583 tt,
932 5519 980 5582 I,
1009 5519 1062 5573 2.
1167 5521 1182 5550 ¹
1215 5521 1342 5575 ibid.
1379 5522 1434 5576 3.
1525 5522 1583 5572 ²1
1619 5519 1871 5584 'Ihess.v,
1907 5523 1990 5576 I7.

482 5584 504 5617 ⁸
530 5585 588 5639 ll.
623 5584 862 5656 Corftv,
900 5591 981 5644 iii.
1058 5591 1120 5644 ⁷Ι
1151 5590 1280 5661 Reg.
1318 5608 1378 5656 ιι,
1418 5593 1468 5647 l.
1544 5592 1776 5663 8Philip.
1804 5609 1876 5661 Iv,
1907 5594 1962 5646 4.

1848 5755 1872 5765 .-

2105 5524 2125 5554 ³
2163 5523 2305 5579 Psal.
2352 5539 2498 5587 cxu,
2548 5525 2603 5581 2.

2038 5595 2058 5626 ⁹
2080 5595 2199 5649 Act.
2248 5610 2301 5650 ν.

2156 4394 2365 4447 Domini
2428 4395 2676 4465 injuriam
2723 4398 3051 4468 pati9,istud
3098 4405 3351 4474 gaudium
3406 4408 3459 4464 in
3494 4413 3720 4471 Domino

2155 4495 2257 4549 est,
2289 4485 2414 4555 quia
2448 4488 2562 4556 ipse
2583 4488 2715 4542 dixit
2736 4503 2898 4558 super
2926 4491 3104 4547 his”:
3137 4512 3156 4545 ι
3182 4496 3425 4554 Gaudete
3451 4511 3505 4556 et
3536 4506 3721 4562 exsul-

2156 4587 2284 4641 tate,
2333 4581 2459 4649 quia
2503 4595 2710 4637 merces
2756 4593 2937 4639 vestra
2979 4586 3145 4640 multa
3181 4599 3263 4645 est
3304 4591 3355 4645 in
3392 4596 3568 4651 cmlis.
3596 4617 3615 4649 ι
3655 4600 3717 4655 Si

2155 4674 2418 4742 gaudeam
2465 4690 2584 4728 cum
2631 4674 2752 4729 odia
2798 4676 2848 4730 in
2901 4692 2986 4732 me
3030 4693 3357 4736 exercentur
3416 4685 3636 4756 injusta,
3672 4693 3718 4745 si

2151 4767 2412 4835 gaudeam
2461 4781 2579 4819 cum
2621 4767 2907 4838 impugnor
2957 4781 3172 4839 propter
3230 4776 3455 4831 verbum
3511 4781 3627 4848 Dei,
3667 4798 3715 4839 SI

2155 4859 2415 4929 gaudeam
2444 4874 2565 4913 cum
2599 4861 2836 4928 castigor
2864 4862 2916 4915 in
2950 4862 3320 4936 languoribus,
3360 4869 3411 4924 in
3457 4878 3716 4940 persecu-

2153 4949 2413 5018 tionibus,
2463 4950 2514 5004 in
2562 4953 2848 5021 angustiis,
2893 4953 2938 5009 si
3000 4956 3112 5010 haec
3165 4960 3342 5013 omnia
3377 4961 3531 5019 laetus
3562 4967 3716 5021 exci-

2154 5042 2318 5109 piam,
2354 5041 2494 5096 istud
2534 5043 2785 5113 gaudium
2833 5044 2884 5099 in
2927 5044 3152 5102 Domino
3183 5059 3283 5104 est.
3339 5053 3404 5108 Et
3447 5056 3568 5111 ideo
3616 5075 3718 5114 nos

2155 5133 2311 5186 docet
2340 5132 2643 5203 Scriptura,
2674 5144 2731 5189 ut
2758 5120 3072 5205 abiicientes
3101 5142 3297 5208 gaudia
3332 5153 3571 5214 terrena,
3604 5148 3716 5202 fra-

2154 5225 2279 5295 gilia
2339 5235 2393 5280 et
2422 5228 2644 5291 caduca,
2682 5227 2748 5283 de
2788 5232 3008 5286 aeternis
3050 5234 3262 5301 gaudiis
3301 5238 3632 5296 exsultemus
3663 5244 3716 5297 in

2151 5310 2400 5385 Domino,
2464 5329 2522 5374 ut
2582 5321 2775 5376 merito
2825 5323 3070 5378 dicamus
3126 5327 3269 5396 quod
3320 5327 3474 5383 Anna
3530 5330 3716 5388 dixit:

2157 5427 2176 5460 ι
2207 5408 2508 5466 Exsultavit
2540 5427 2633 5466 cor
2665 5428 2843 5468 meum
2890 5416 2944 5470 in
2991 5416 3282 5474 Domino.»
3322 5418 3390 5474 Et
3435 5424 3714 5491 quoniam,

2716 5525 2924 5602 ‘Ettod.
2967 5542 3096 5582 πίνη.
3212 5530 3273 5585 ⁸1
3300 5530 3424 5588 Cor.
3496 5547 3554 5602 ι,
3623 5533 3719 5592 Η.

2379 5595 2423 5627 ¹⁶
2461 5592 2651 5652 Matth.
2697 5612 2752 5664 ν,
2798 5597 2885 5651 12.
