4046 6152
323 208 459 262 ῙΟΟῚ

1787 200 2105 257 ORiCENIS

3420 206 3440 259 l
3453 208 3559 260 una

321 341 442 380 cum
487 325 601 380 hate
632 323 905 389 dicuntur,
942 323 1156 391 quidam
1192 320 1257 374 de
1304 320 1605 374 astantibus
1658 319 1889 387 repletus
1919 323 1959 378 A
1993 321 2161 374 micos
2185 335 2353 377 meos.
2379 318 2474 375 rSi
2496 319 2611 376 istis
2634 319 2926 378 confutatis
2943 331 3234 378 occurrant
3255 323 3554 395 philosophi

319 425 404 470 est
433 416 628 482 spiritu
673 415 970 479 immundo,
1020 423 1074 468 et
1104 412 1430 468 exclamavit
1486 412 1558 466 ita
1618 419 1678 465 ut
1729 411 1882 466 fieret

319 509 500 579 populi
540 521 864 571 concursus,
917 506 1162 560 dicamus
1207 512 1260 558 et
1303 517 1400 557 nos
1443 517 1565 557 cum
1617 501 1772 555 Anna
1804 500 1886 555 di-

316 612 474 656 cente
501 617 516 654 :
550 619 567 651 (
589 597 890 653 Exsultavit
922 612 1016 652 cor
1047 611 1221 650 meum
1253 596 1302 648 in
1328 595 1574 650 Domino.
1601 614 1619 647 ›
1653 594 1884 649 Contra-

317 693 431 746 rius
474 691 696 760 spiritus
755 689 1173 744 exsultationem
1236 697 1476 741 nostram
1541 686 1597 740 in
1651 685 1879 740 Domino

316 781 458 835 ferre
485 796 589 835 non
623 765 814 850 potuit,
845 781 942 836 sed
970 783 1081 836 vult
1107 797 1226 838 eam
1260 792 1484 841 mutare,
1513 788 1574 834 ut
1611 779 1784 834 ablata
1818 793 1881 833 ea

317 871 630 927 introducat
689 873 1000 936 tristitiam,
1045 883 1098 928 et
1145 873 1427 944 prohibeat
1487 889 1584 926 nos
1642 870 1877 925 dicere:

320 981 340 1014 ι
365 964 668 1019 Exsultavit
697 981 792 1021 cor
840 979 1015 1020 meum
1045 966 1096 1020 in
1131 967 1408 1020 Domino.)
1447 964 1644 1019 Verum
1681 981 1748 1017 ne
1787 979 1883 1018 nos

312 1057 692 1128 impediamnr,
721 1059 812 1112 sed
843 1059 1010 1123 magis
1044 1072 1106 1111 ac
1137 1057 1306 1126 magis
1330 1057 1573 1110 dicamus
1601 1073 1614 1109 :
1647 1075 1664 1105 ι
1690 1055 1884 1112 Exsol-

315 1152 451 1203 tavit
483 1164 578 1204 cor
611 1165 789 1205 meum
821 1149 874 1204 in
902 1150 1125 1204 Omnino
1155 1167 1168 1202 :
1205 1168 1221 1200 ι
1249 1158 1304 1202 et
1333 1143 1564 1216 pro'hoc
1599 1147 1715 1216 ipso
1741 1146 1880 1214 quod

316 1241 564 1296 videmus
597 1240 903 1295 immundos
934 1239 1157 1308 spiritus
1185 1237 1466 1308 flagellari,
1506 1237 1834 1302 gaudeamus
1863 1253 1876 1288 :

317 1332 444 1402 quia
477 1340 533 1385 et
575 1346 672 1402 per
699 1333 814 1387 bzec
846 1331 1000 1386 multi
1037 1339 1430 1385 convertuntur
1469 1329 1534 1382 ad
1573 1329 1876 1389 Dominum,

313 1423 465 1479 multi
497 1424 871 1488 emendantur,
909 1421 1058 1476 multi
1092 1420 1159 1474 ad
1191 1420 1344 1474 fidem
1378 1420 1625 1484 veniunt,
1660 1431 1717 1476 et
1748 1419 1878 1473 niliil

296 1525 396 1571 est
445 1516 587 1586 quod
637 1517 757 1572 sine
801 1531 959 1570 causa
1015 1513 1178 1568 faciat
1228 1513 1508 1578 Dominus,
1543 1529 1644 1568 nec
1679 1513 1878 1583 aliquid

312 1608 430 1663 fieri
482 1606 683 1663 frustra
734 1606 1015 1677 permittit.
1071 1604 1204 1658 Nam
1265 1605 1516 1674 quoniam
1559 1605 1712 1659 multi
1754 1617 1880 1660 sunt

310 1701 404 1768 qui
438 1700 605 1754 verbo
631 1714 738 1754 non
774 1699 1016 1764 credunt,
1048 1714 1146 1755 nec
1174 1702 1440 1753 rationem
1473 1698 1734 1752 doctrina:
1757 1713 1875 1752 sus-

309 1795 536 1864 cipiunt,
565 1793 618 1846 in
648 1794 735 1847 his
765 1808 886 1847 cum
935 1794 1140 1848 dannon
1172 1793 1442 1856 iusilierit,
1486 1802 1614 1847 tunc
1643 1807 1878 1849 conver-

315 1894 525 1949 tuntur,
567 1892 626 1938 ut
668 1884 760 1937 ubi
808 1884 1103 1938 abundavit
1141 1884 1420 1949 delictum,
1475 1885 1878 1952 superabundet

310 1975 483 2045 gratia
515 1997 527 2030 :
561 1986 616 2030 et
665 1975 754 2028 ubi
786 1975 1017 2046 maligna
1046 1977 1217 2030 virtus
1246 1986 1466 2046 operata
1517 1987 1619 2042 est,
1657 1976 1727 2030 ibi
1761 1975 1878 2045 plus

287 2071 649 2133 postmodum
685 2068 896 2123 Domini
931 2068 1098 2138 gratia
1133 2078 1385 2136 operetur
1417 2085 1431 2120 :
1461 2069 1584 2137 quia
1620 2084 1742 2122 cum
1778 2083 1874 2122 ex-

313 2161 511 2230 pulerit
543 2160 751 2214 Domini
781 2161 954 2231 gratia
988 2160 1284 2228 malignum
1320 2159 1596 2228 spiritum.
1630 2160 1875 2214 introdu-

303 2251 384 2306 cit
419 2250 678 2320 Spiritum
711 2259 956 2305 sanctum
983 2259 1068 2305 :et
1095 2249 1272 2302 anima
1315 2264 1434 2317 quae
1471 2249 1672 2317 repleta
1711 2248 1876 2304 fuerit

308 2343 501 2413 spiritu
533 2342 830 2407 immundo,
868 2341 1102 2412 repletur
1129 2341 1470 2410 postmodum
1506 2340 1713 2408 Spiritu
1742 2356 1871 2395 san-

306 2445 417 2490 cto.
465 2434 587 2490 Ideo
627 2449 724 2504 pro
774 2435 858 2490 his
906 2435 1158 2489 omnibus
1208 2433 1494 2490 dicamus:
1535 2431 1874 2488 «Exsultavit

307 2540 405 2577 cor
434 2539 611 2578 meum
637 2525 688 2577 in
708 2524 953 2578 Domino.
980 2524 1044 2576 Et
1069 2525 1361 2580 exaltatum
1385 2531 1470 2576 est
1493 2538 1660 2577 cornu
1693 2538 1872 2579 meum

307 2617 362 2671 in
396 2617 500 2672 Deo
538 2632 676 2672 meo.
702 2636 722 2671 ι
758 2616 896 2671 Sunt
921 2618 1164 2686 qumdam
1207 2631 1410 2672 cornua
1449 2616 1720 2686 justorum
1751 2617 1874 2685 qui-

306 2711 409 2766 bus
439 2720 660 2766 utuntur
687 2711 771 2765 vel
800 2719 1024 2780 agentes
1057 2709 1257 2780 aliquid
1288 2710 1369 2764 vel
1406 2710 1709 2778 loquentes,
1733 2709 1876 2768 sicut

307 2818 430 2880 cum
463 2803 648 2856 dicunt
670 2802 712 2833 “
746 2820 759 2856 :
790 2821 808 2854 ι
836 2801 892 2855 In
938 2811 988 2856 te
1034 2802 1283 2857 inimicos
1335 2812 1556 2861 nostros
1590 2807 1875 2862 ventilabi-

306 2909 428 2948 mus
479 2909 668 2949 cornu.
699 2913 718 2946 ι
757 2892 813 2948 1η
862 2892 1051 2948 Grmco
1100 2897 1461 2973 κερπτίσομεν
1498 2899 1872 2968 dicitur,quod

1990 412 2315 468 insultantes
2340 415 2673 484 simplicitati
2715 414 2836 468 fidei
2885 427 3106 478 nostrae,
3134 426 3188 468 et
3228 417 3422 470 idiotas
3456 434 3550 473 nos

1989 501 2376 572 imperitosque
2421 505 2791 567 clamitantes,
2839 514 2894 559 ct
2946 515 3234 559 convertar
3281 507 3442 560 etiam
3485 510 3554 561 ad

1988 600 2154 663 ipsos,
2212 605 2266 649 et
2321 613 2463 651 verre
2499 596 2782 667 sapientia:
2815 598 3020 651 viribus
3053 596 3202 651 falsa:
3249 613 3312 651 ac
3354 599 3554 656 fucatae

1987 689 2266 758 sapientia:
2307 691 2559 745 nebulam
2595 691 2978 754 obturbavero,
3016 699 3069 744 et
3102 705 3209 744 non
3246 690 3416 745 solum
3453 695 3553 748 hu-

1983 782 2072 850 jus
2111 782 2314 847 llltllltll,
2363 783 2455 837 sed
2492 791 2546 837 et
2574 781 2880 850 principum
2930 779 3088 847 hujus
3115 782 3298 836 mundi
3339 784 3547 850 sapien-

1989 872 2114 924 tiam
2135 873 2476 938 deslrnxcro,
2503 883 2629 924 tunc
2649 869 2858 939 plenius
2877 869 3156 924 dilatatum
3180 881 3263 925 est
3287 887 3346 926 os
3374 887 3550 924 memn
3599 893 3606 898 ·

1987 977 2148 1032 super
2194 962 2442 1018 inimicos
2493 978 2660 1018 meos.
2716 965 2903 1020 Sancti
2943 975 3025 1019 est
3066 980 3197 1033 ergo
3231 979 3330 1018 vox
3367 965 3470 1018 ista
3499 975 3553 1018 et

1987 1054 2233 1124 perfecti,
2266 1057 2357 1124 qui
2397 1058 2560 1111 rebus
2596 1057 2730 1126 ipsis
2761 1068 2815 1112 et.
2855 1058 3085 1110 veritate
3117 1055 3403 1110 subnixum
3448 1058 3550 1109 bu-

1977 1146 2282 1216 juscemodi
2335 1163 2637 1203 sermonem
2685 1150 2856 1219 possit
2904 1147 3154 1213 proferre
3209 1157 3267 1201 et
3316 1147 3498 1201 dicere
3529 1164 3547 1201 :

1990 1239 2321 1294 «Dilatatum
2365 1249 2448 1295 est
2490 1255 2554 1296 os
2606 1255 2784 1294 meum
2836 1254 2998 1308 super
3053 1238 3302 1293 inimicos
3334 1253 3544 1292 meos.»

1982 1331 2206 1402 Oportet
2249 1345 2378 1401 ergo
2429 1345 2527 1385 nos
2575 1331 2750 1398 primo
2802 1345 2863 1383 os
2909 1339 3153 1384 nostrum
3197 1327 3448 1389 dilatare,
3494 1335 3552 1380 ut

1982 1422 2205 1492 impleat
2237 1421 2361 1475 illud
2395 1421 2560 1476 Deus.
2593 1421 2873 1487 Quomodo
2905 1429 3083 1474 autem
3112 1433 3175 1473 os
3206 1419 3379 1488 primo
3413 1418 3549 1471 dila-

1983 1513 2195 1568 tamusi
2227 1528 2322 1583 per
2353 1512 2759 1568 meditationem
2795 1513 2945 1567 verbi
2979 1511 3171 1574 divini,
3202 1518 3260 1564 ut
3281 1512 3548 1578 possimus

1981 1620 2044 1659 eo
2081 1620 2248 1676 usque
2283 1606 2569 1675 proficere,
2602 1615 2660 1658 ut
2708 1619 2739 1657 a
2791 1603 3113 1658 dilatatione
3143 1603 3256 1656 oris
3285 1604 3447 1657 etiam
3482 1604 3549 1656 ad

1981 1697 2160 1752 cordis
2190 1695 2562 1751 dilatationem
2596 1697 2895 1758 veniamus,
2925 1704 2980 1748 et
3009 1709 3130 1748 cum
3164 1694 3426 1763 Apostolo
3468 1695 3552 1747 di-

1981 1789 2205 1843 cere“:
2236 1807 2254 1840 ι
2277 1788 2386 1842 Cor
2419 1803 2592 1843 meum
2625 1788 2905 1841 dilatatum
2944 1797 3025 1841 est
3055 1787 3121 1840 ad
3149 1801 3264 1849 vos,
3299 1802 3330 1840 o
3360 1787 3551 1840 Corin-

1982 1879 2100 1934 thii.
2125 1899 2142 1930 ι
2179 1879 2256 1934 Ex
2290 1880 2576 1934 latitudine
2605 1879 2748 1933 enim
2781 1879 2963 1932 cordis
2993 1879 3325 1933 abundantia
3354 1879 3437 1933 ori
3461 1893 3549 1933 sa-

1979 1971 2142 2040 pienti
2174 1972 2535 2028 ministratur.

2050 2063 2135 2116 il.
2165 2080 2182 2114 σ
2207 2062 2340 2128 Quia
2373 2063 2550 2116 laetata
2583 2077 2702 2117 sum
2732 2062 2784 2115 in
2813 2061 3030 2116 salutari
3062 2063 3226 2116 tuo."
3249 2082 3268 2116 ι
3309 2063 3364 2118 Si
3395 2063 3545 2118 laeta-

1982 2163 2064 2208 tus
2103 2153 2258 2210 fuero
2307 2155 2360 2209 in
2411 2156 2633 2210 salutari
2685 2156 2801 2222 Dei,
2861 2167 2987 2212 tunc
3028 2157 3309 2212 dilatatum
3359 2168 3441 2211 est
3483 2173 3545 2211 ns

1977 2261 2156 2300 meum
2198 2263 2362 2317 super
2395 2248 2646 2304 inimicos
2681 2265 2850 2305 meos.
2895 2269 2914 2301 ‹
2937 2247 3052 2304 Νοη
3097 2257 3181 2303 est
3219 2249 3386 2321 488
3414 2265 3546 2302 san-

1977 2347 2096 2394 ctus
2125 2339 2266 2395 sicut
2297 2340 2634 2395 Dominus“.
2661 2361 2679 2394 ι
2720 2342 2778 2396 Si
2810 2343 3072 2412 scriptum
3114 2351 3279 2405 esset,
3309 2342 3427 2396 Non
3459 2349 3547 2394 est

1976 2441 2196 2487 sanctus
2221 2432 2323 2486 nisi
2356 2433 2635 2498 Dominus,
2671 2447 3008 2504 consequens
3055 2443 3176 2488 erat
3215 2447 3404 2486 omnes
3445 2447 3544 2484 uos

1977 2524 2295 2578 renuntiare
2331 2525 2733 2594 nobismetipsis
2766 2526 2833 2580 ab
2875 2525 2974 2579 hac
3003 2539 3097 2594 spe
3136 2534 3194 2577 ut
3223 2525 3396 2578 sancti
3425 2523 3543 2577 elli-

1974 2633 2224 2672 ceremur
2255 2636 2268 2672 :
2304 2633 2447 2672 nunc
2492 2631 2670 2672 autem
2711 2619 3016 2673 necessaria
3058 2618 3404 2675 distinctione
3434 2618 3542 2674 nti~

1979 2729 2065 2772 tur
2096 2725 2150 2772 ct
2202 2711 2371 2772 dicit:
2405 2710 2560 2770 (Non
2601 2727 2684 2769 est
2729 2726 2952 2770 sanctus
3004 2725 3148 2768 Sicut
3197 2714 3483 2778 Dominus;
3513 2732 3536 2764 ι

1977 2813 2076 2865 hoc
2109 2819 2210 2873 est,
2239 2811 2340 2864 etsi
2371 2811 2481 2862 sint
2529 2808 2679 2862 multi
2720 2809 2914 2874 sancti,
2939 2854 2942 2856 .
2964 2812 3060 2864 sed
3090 2809 3268 2864 nullus
3298 2809 3370 2861 ita
3404 2823 3540 2860 san-

1975 2915 2092 2960 ctus
2129 2913 2210 2959 est
2266 2911 2325 2957 ut
2370 2902 2645 2956 Dominus.
2700 2900 2934 2955 Possunt
2977 2916 3108 2970 ergo
3161 2901 3311 2953 multi
3363 2903 3538 2955 sancti

304 2995 389 3040 est
416 3001 583 3040 cornu
613 2997 882 3056 petemus,
929 2991 1010 3045 vel
1044 2991 1441 3046 ventilabimus.
1491 2989 1595 3045 Sed
1647 3000 1700 3044 et
1747 2989 1872 3046 alibi
1900 2999 1942 3056 (ζ
1980 2997 2118 3061 ﬁeri,
2144 2997 2284 3052 sicut
2305 3003 2362 3052 et
2382 2993 2690 3048 mandatum
2720 2991 2810 3046 Dei
2839 2992 3025 3048 dicit"
3049 3008 3063 3046 :
3088 3009 3106 3043 ι
3132 2991 3315 3046 Sancti
3342 3002 3540 3056 estote,

306 3075 505 3129 dicitur
525 3077 566 3108 ¹²
594 3093 607 3132 :
640 3093 660 3130 ε
687 3076 748 3133 ει
772 3079 1160 3135 exaltabuntur
1195 3098 1397 3137 cornua
1421 3083 1576 3150 justi.
1600 3100 1620 3134 ι
1648 3080 1872 3149 Oportet

304 3181 432 3238 ergo
467 3186 564 3224 nos
593 3171 788 3223 habere
830 3173 934 3224 ista
975 3185 1202 3238 cornua,
1238 3188 1358 3242 qua:
1393 3174 1557 3244 iustis
1594 3173 1659 3226 de
1693 3170 1873 3225 causis

305 3262 550 3328 apicibus
578 3261 774 3316 Christi
823 3267 1003 3316 crucis
1041 3268 1414 3330 conferuntur,
1443 3276 1501 3320 ut
1544 3267 1600 3320 in
1639 3266 1723 3320 his
1778 3265 1873 3320 de-

307 3361 584 3407 struantus
605 3363 659 3404 et
680 3350 1000 3420 dejiciamus
1020 3354 1356 3410 adversarias
1376 3356 1601 3410 virtutes
1615 3357 1680 3410 de
1692 3356 1870 3409 anin‘ta

303 3453 514 3506 nostra,
543 3442 739 3512 quibus
767 3445 1056 3512 prostratis
1080 3457 1131 3499 et
1164 3448 1401 3514 expulsis
1431 3448 1602 3515 possit
1635 3448 1685 3500 iu
1716 3448 1871 3502 nobis

306 3535 536 3602 plantari
567 3535 742 3601 vinea,
771 3535 897 3604 quia
932 3553 950 3586 ε
973 3536 1128 3591 vinea
1163 3537 1305 3591 facta
1336 3549 1423 3594 est
1450 3539 1646 3594 dilecto
1677 3540 1726 3592 in
1752 3556 1871 3594 cor-

305 3641 402 3688 nu,
442 3627 494 3680 in
535 3626 652 3682 loco
683 3626 944 3681 uberi”.i
975 3627 1278 3683 Exaltatum
1314 3641 1396 3685 est
1437 3645 1564 3699 ergo
1607 3647 1772 3686 cornu
1819 3642 1872 3686 ct

306 3716 643 3786 hujusjustce
679 3721 891 3789 gratia),
927 3733 980 3774 et
1015 3722 1336 3791 omnisjusti
1368 3722 1419 3775 in
1463 3724 1706 3778 Domino.
1739 3743 1755 3775 ι
1781 3723 1868 3777 Di-

305 3809 531 3863 latatum
554 3821 636 3864 est
657 3826 719 3865 os
747 3828 924 3865 meum
955 3828 1114 3882 super
1139 3813 1387 3868 inimicos
1429 3814 1684 3872 meos”.i
1718 3815 1868 3869 Scri-

303 3911 455 3972 ptum
484 3902 624 3956 est“
650 3920 662 3956 :
691 3920 710 3957 σ
740 3904 910 3957 Dilata
959 3919 1019 3959 os
1068 3915 1240 3971 tuum,
1285 3913 1341 3958 et
1363 3903 1866 3976 adimpleboillud,»

305 4002 361 4047 et
388 4007 526 4047 nunc
551 3992 683 4046 dicit
715 3993 992 4062 bzecjusta
1025 4015 1036 4050 :
1073 4013 1090 4046 ι
1115 3995 1406 4050 Dilatatutn
1431 4003 1516 4049 est
1548 4010 1607 4049 os
1630 4011 1864 4051 meum.»

305 4084 362 4138 Si
398 4085 620 4139 idoneus
657 4095 711 4139 et
739 4085 895 4140 fortis
923 4086 1076 4141 fuero
1120 4088 1170 4140 in
1203 4088 1365 4142 verbo
1406 4086 1652 4151 eﬂ‘ectus,
1682 4097 1735 4142 et
1775 4103 1868 4140 va-

306 4177 446 4232 lidus
477 4177 531 4233 in
559 4177 844 4247 sapientia,
877 4179 947 4234 ita
973 4189 1030 4232 ut
1056 4195 1160 4232 non
1189 4179 1428 4248 angustis
1452 4179 1864 4242 assertionibus,

304 4269 400 4322 sed
423 4269 658 4324 dilatatis
675 4280 726 4323 et
753 4267 1095 4324 afﬂuentibus
1121 4269 1400 4324 confutare
1427 4272 1630 4341 possim
1654 4286 1866 4326 omnem

1973 3088 2226 3157 quoniam
2259 3095 2312 3142 et
2343 3101 2440 3155 ego
2463 3096 2681 3144 sanctus
2703 3101 2840 3138 sum.
2870 3103 2888 3137 ›
2919 3085 3022 3139 Sed
3054 3096 3540 3154 quantumcunque

1971 3181 2093 3249 quis
2139 3181 2192 3232 in
2227 3181 2514 3233 sanctitate
2547 3178 2814 3246 proliciat,
2845 3177 3245 3247 quantumlibet
3287 3179 3541 3246 puritatis

1971 3282 2026 3326 et
2051 3271 2382 3325 sinceritatis
2408 3271 2672 3338 acquirat,
2710 3269 2782 3322 ita
2813 3283 2932 3322 esse
2966 3279 3186 3323 sanctus
3234 3269 3395 3323 homo
3427 3284 3530 3320 non

1972 3372 2146 3431 potest
2179 3361 2318 3415 sicut
2349 3363 2633 3427 Dominus;
2670 3363 2795 3430 quia
2831 3361 2917 3414 ille
2951 3360 3176 3430 largitor
3223 3361 3532 3415 sanctitatis

1971 3464 2077 3519 est,
2103 3453 2203 3508 iste
2233 3463 2546 3522 susceptor;
2583 3453 2670 3508 ille
2694 3454 3000 3508 sanctitatis
3027 3451 3146 3505 fons
3181 3462 3289 3517 est,
3321 3452 3408 3505 hic
3435 3467 3534 3503 au-

1975 3558 2081 3602 tem
2128 3547 2302 3602 sancti
2341 3547 2505 3601 fontis
2547 3556 2790 3614 potator;
2840 3545 2928 3600 ille
2965 3546 3267 3600 sanctitatis
3308 3545 3397 3597 lux
3429 3555 3532 3609 est,

1973 3640 2060 3692 hic
2091 3648 2292 3692 sancta:
2320 3638 2454 3691 lucis
2483 3638 2785 3704 inspector;
2812 3647 2865 3688 ct
2888 3636 3004 3689 ideo
3034 3653 3054 3688 ι
3078 3650 3182 3688 non
3212 3645 3293 3688 est
3315 3642 3534 3688 sanctus

1970 3731 2106 3783 sicut
2131 3728 2484 3792 Dominus,et
2511 3744 2614 3782 non
2645 3736 2731 3780 est
2760 3737 2955 3796 praeter
2980 3735 3050 3780 te.
3073 3744 3092 3777 ι
3119 3727 3255 3792 Quid
3286 3735 3366 3778 est
3389 3723 3532 3793 quod

1971 3818 2120 3879 dicit,
2163 3832 2306 3871 «non
2358 3827 2442 3872 est
2487 3827 2679 3887 praeter
2731 3827 2841 3881 te,»
2899 3831 3006 3871 non
3051 3819 3208 3886 plane
3250 3818 3423 3884 capio.
3473 3815 3534 3870 Si

1969 3909 2215 3974 dixisset,
2245 3925 2348 3962 non
2375 3919 2457 3964 est
2490 3910 2632 3964 Deus
2663 3921 2854 3979 praeter
2890 3922 2962 3975 te,
2993 3909 3075 3964 vel
3109 3923 3214 3962 non
3258 3918 3342 3963 est
3381 3923 3535 3962 crea-

1973 4011 2055 4054 tor
2079 4011 2274 4068 przeter
2302 4011 2376 4065 te,
2405 4010 2495 4054 aut
2534 3999 2637 4055 tale
2684 4000 2886 4070 aliquid
2915 4001 3228 4062 addidisset,
3277 4000 3406 4053 nihil
3443 4016 3532 4054 re-

1970 4095 2290 4164 quirendum
2322 4093 2625 4156 videbatur,
2657 4109 2798 4148 nunc
2841 4103 3018 4147 autem
3047 4093 3170 4160 quia
3197 4093 3346 4155 dicit,
3383 4110 3401 4142 ι
3425 4106 3533 4145 non

1969 4196 2050 4238 est
2079 4195 2272 4253 praeter
2299 4194 2369 4251 te,
2395 4204 2416 4238 ι,
2458 4186 2588 4238 mihi
2624 4187 2725 4240 hoc
2751 4186 2965 4239 videtur
2995 4185 3046 4238 in
3081 4183 3198 4238 loco
3235 4184 3539 4253 designari,

1971 4276 2103 4330 nihil
2133 4292 2318 4331 eorum
2351 4293 2472 4346 quae
2503 4287 2650 4342 sunt,
2703 4279 2804 4331 hoc
2836 4278 3010 4345 ipsum
3045 4276 3186 4346 quod
3219 4286 3346 4330 sunt
3379 4285 3535 4328 natu-

307 4358 586 4411 seientiam
615 4357 964 4413 extollentem
993 4373 1051 4413 se
1077 4360 1364 4413 adversum
1396 4360 1553 4415 fidem
1585 4368 1639 4414 et
1669 4362 1867 4414 verita-
1905 4347 1944 4400 υ
1972 4367 2156 4421 raliter
2185 4367 2405 4424 habere.
2449 4367 2527 4422 Τιι
2574 4369 2720 4423 solus
2769 4383 2850 4435 es,
2891 4370 2975 4423 cui
3017 4369 3161 4437 quod
3200 4384 3281 4432 es,
3330 4384 3359 4422 ει
3389 4368 3537 4422 nullo

309 4458 415 4503 tem
444 4448 646 4502 Christi
675 4468 688 4502 :
715 4448 798 4503 vel
835 4464 954 4503 cum
988 4448 1423 4505 incredulitatem
1459 4451 1538 4502 vel
1587 4450 1868 4519 perﬁdiam

307 4555 539 4609 arguens
561 4539 869 4613 Judaeorulm
900 4555 966 4595 ex
997 4540 1114 4611 lege
1143 4551 1197 4594 et
1221 4556 1286 4595 ex
1317 4543 1592 4610 prophetis
1617 4544 1869 4611 deprom-

307 4644 474 4700 ptam,
512 4634 801 4687 ostendero
832 4647 951 4687 esse
982 4631 1262 4686 Christum
1295 4633 1500 4700 Jesum,
1531 4645 1583 4688 et
1608 4637 1660 4689 in
1692 4635 1870 4688 omni-

306 4723 408 4776 bus
441 4733 630 4790 potero
666 4725 992 4794 redarguere
1021 4724 1262 4779 veritatis
1299 4725 1548 4780 inimicos
1581 4743 1594 4778 :
1625 4735 1752 4780 tunc
1790 4727 1870 4780 di-

306 4829 411 4882 gne
442 4831 656 4884 possunt
697 4819 858 4871 etiam
909 4832 1007 4886 ego
1053 4818 1234 4874 dicere
1261 4837 1276 4874 :
1307 4819 1634 4874 «Dilatatum
1679 4831 1764 4876 est
1804 4836 1866 4876 os

307 4921 485 4958 memu
517 4922 678 4976 super
731 4907 984 4964 inimicos
1033 4924 1199 4964 meos.
1229 4929 1248 4962 ι
1306 4910 1361 4964 Si
1413 4911 1540 4965 mihi
1592 4923 1864 4968 certamen

308 5007 521 5050 moveat
550 4997 832 5065 Basilides,
860 5012 914 5055 et
948 5017 1072 5056 eum
1105 5003 1452 5056 vehementer
1484 5001 1755 5059 obtrivero
1781 5024 1794 5060 :
1822 5005 1868 5060 si

305 5089 572 5146 Valentini
619 5091 910 5160 discipulus
941 5104 1199 5148 occurrat
1247 5106 1299 5148 et
1349 5109 1433 5148 me
1475 5096 1867 5162 quaestionibus

301 5181 548 5249 ventilet,
589 5191 644 5236 et
671 5185 738 5238 de
782 5184 883 5240 hoc
928 5186 1222 5242 certamine
1251 5187 1426 5240 victor
1453 5187 1672 5242 exiere:
1702 5189 1746 5242 si
1780 5189 1865 5244 bis

303 5275 604 5343 prostratis,
637 5274 877 5330 Marcion
915 5288 1188 5342 occurrat,
1237 5289 1292 5332 et
1336 5279 1648 5335 discesserit
1699 5280 1863 5335 etiam

305 5369 417 5436 ipse
448 5380 736 5439 superatus
762 5389 774 5427 :
807 5387 826 5421 ι
854 5371 1140 5425 Dilatatum
1173 5382 1256 5428 est
1284 5387 1346 5428 os
1370 5388 1546 5427 meum
1577 5388 1740 5444 super
1763 5375 1866 5428 iui-

377 5574 583 5630 “Psal.
633 5591 774 5639 κων,
941 5579 984 5609 ¹³

306 5658 379 5712 v1,
415 5647 497 5703 il.
575 5649 662 5700 "t
707 5646 834 5716 lteg.
869 5664 930 5713 η,
969 5651 1016 5703 1.

1097 5578 1236 5634 Psal.
1270 5597 1427 5647 Lxxv,
1468 5581 1551 5633 lt).

1097 5651 1140 5680 ’⁸
1162 5653 1291 5706 ibid.
1346 5660 1396 5705 '2.

1663 5580 1705 5612 ¹³
1730 5581 1850 5635 lsai.
1898 5597 1949 5642 ν,
1991 5585 2041 5639 l.

1479 5653 1518 5682 ¹⁹
1561 5650 1732 5707 Levii.
1778 5668 1867 5719 xx,
1897 5654 1987 5708 26.

1971 4460 2152 4513 datum
2187 4470 2291 4514 est.
2329 4459 2435 4514 Nos
2474 4460 2618 4515 enim
2645 4475 2855 4527 omnes,
2900 4461 2953 4513 id
2989 4470 3072 4515 est
3098 4461 3348 4514 universa
3382 4473 3536 4513 crea-

1970 4557 2110 4614 tura,
2139 4564 2242 4602 nou
2267 4563 2488 4602 eramus
2507 4558 2795 4616 antequam
2819 4563 3149 4610 crearemur,
3175 4560 3229 4602 et
3253 4548 3372 4602 ideo
3387 4547 3532 4617 quod

1968 4655 2175 4705 smnus,
2200 4640 2446 4695 voluntas
2467 4650 2548 4694 est
2569 4640 2858 4696 Creatoris.
2890 4641 2950 4694 Et
2970 4640 3096 4709 quia
3115 4640 3404 4710 aliquando
3427 4653 3532 4692 non

1970 4733 2190 4800 fuimus,
2219 4750 2324 4790 non
2372 4743 2454 4788 est
2487 4735 2754 4804 integrum
2784 4734 2829 4788 si
2869 4733 3086 4787 dicatur
3126 4737 3192 4788 de
3221 4732 3376 4786 nobis
3404 4732 3530 4799 quia

1973 4839 2179 4887 sumus,
2205 4834 2460 4892 quantum
2485 4825 2554 4878 ad
2583 4825 2712 4880 illud
2735 4834 2946 4893 spectat
2979 4841 3101 4878 cum
3132 4839 3234 4878 non
3266 4837 3527 4876 essemus.

1973 4915 2080 4968 Sed
2116 4913 2261 4967 solus
2289 4925 2373 4968 est
2401 4913 2565 4980 Deus,
2597 4915 2691 4984 qui
2717 4916 2858 4984 quod
2891 4925 2974 4970 est
3006 4929 3217 4982 semper
3241 4913 3451 4976 habuit,
3479 4923 3538 4968 et

1972 5022 2080 5061 non
2111 5006 2322 5076 accepit
2352 5015 2413 5060 ut
2442 5017 2586 5062 esset
2627 5008 2857 5062 initium.
2903 5006 3142 5074 Denique
3172 5005 3388 5075 Moyses.
3408 5019 3531 5058 cum

1972 5099 2178 5153 discere
2215 5097 2371 5151 vellet
2415 5112 2444 5150 a
2487 5099 2598 5152 Deo.
2619 5099 2762 5168 quod
2804 5099 2852 5153 ei
2898 5113 3092 5152 nomen
3140 5106 3302 5162 esset,
3333 5097 3533 5150 docens

1967 5206 2088 5244 cum
2119 5191 2257 5244 Deus
2284 5189 2484 5243 dixit“
2515 5203 2530 5242 :
2558 5209 2575 5240 ‹
2596 5189 2706 5258 Ego
2749 5205 2866 5243 sum
2895 5188 2986 5257 qui
3023 5204 3165 5252 sum,
3191 5198 3246 5240 et
3271 5187 3371 5242 hoc
3399 5185 3533 5239 mihi

1970 5298 2164 5337 nomen
2193 5291 2299 5338 est.
2338 5299 2359 5333 ι
2394 5280 2449 5335 Si
2479 5296 2608 5350 ergo
2645 5280 2794 5335 aliud
2815 5280 3014 5350 aliquid
3044 5271 3109 5334 'in
3137 5280 3403 5335 creaturis
3431 5276 3534 5331 hoc

1969 5378 2185 5432 nomine
2219 5375 2303 5429 vel
2345 5375 2449 5428 hac
2477 5374 2843 5444 significantia
2875 5373 3132 5445 appellari
3166 5383 3364 5442 posset,
3393 5385 3533 5423 nun-

2641 5580 2682 5610 ¹⁵
2712 5578 2853 5632 Psal.
2892 5595 3044 5640 xvtn,
3088 5578 3174 5634 10.
3253 5576 3361 5631 "ll
3401 5574 3527 5631 Cur.

2120 5582 2161 5613 “
2201 5581 2217 5634 1
2251 5580 2383 5650 Reg.
2422 5596 2480 5641 ll,
2512 5581 2562 5634 i.
2641 5580 2682 5610 ¹⁵
2712 5580 2853 5632 Psal.
2892 5595 3044 5640 xvtn,

2140 5651 2159 5705 ι
2199 5653 2330 5716 licg.
2363 5667 2424 5716 tt,
2466 5652 2520 5704 2.
2595 5651 2637 5681 ¹¹
2668 5649 2835 5706 Exod.
2868 5665 2949 5716 Ill,
2991 5650 3076 5706 14.

2065 5653 2110 5683 ²⁰
2140 5651 2159 5705 ι
2199 5653 2330 5721 licg.
2363 5667 2424 5718 tt,
2466 5652 2520 5704 2.
