4046 6152
484 289 502 342 Ι
514 287 617 347 009

1582 299 1650 353 IN
1689 299 1942 356 LIBRUM
1980 297 2216 356 REGUM
2254 290 2538 350 HOMILIA
2577 290 2617 343 Ι.

3589 296 3741 349 101οπ

478 422 640 472 quam
667 406 877 462 diceret
902 409 1160 464 Dominus
1195 410 1294 464 hoc
1320 410 1423 465 sibi
1448 426 1568 466 esse
1595 427 1811 465 nomen.
1838 413 2052 465 Sciebat
2082 416 2125 471 Α
2158 411 2342 474 homo,
2376 411 2500 480 quis
2523 425 2607 464 me
2634 407 2890 462 liberabit
2925 407 2989 461 de
3015 421 3247 478 corpore
3274 409 3465 464 mortis
3495 411 3716 481 hujus?-

475 497 621 550 enim
653 514 710 553 se
743 500 917 554 solum
960 519 1100 566 esse,
1134 515 1416 560 creaturas
1459 521 1588 560 vero
1630 523 1657 558 a
1685 521 1743 559 se
1778 506 2052 574 accepisse

477 597 533 641 ut
556 599 758 644 essent.
777 591 911 645 Nam
930 604 980 646 et
1010 595 1195 648 umbra
1223 597 1288 648 ad
1319 596 1780 664 comparationem
1805 596 2052 665 corporis

476 702 580 739 non
614 691 719 750 est,
757 695 812 738 et
842 685 1022 739 fumus
1055 688 1121 741 ad
1151 690 1608 756 comparationem
1637 689 1775 756 ignis
1814 704 1916 742 non
1945 699 2046 743 est.

475 779 566 833 Sic
599 793 729 847 ergo
767 786 821 831 et
849 793 968 846 qua:
1000 779 1053 830 in
1084 780 1238 834 caelis
1277 791 1405 834 sunt
1438 790 1492 833 et
1518 797 1640 850 qua:
1677 783 1728 835 in
1775 792 1940 846 terra,
1972 783 2052 836 vi-

472 870 650 925 sibilia
691 881 746 924 et
782 870 1099 937 invisibilia,
1133 884 1397 942 quantum
1427 874 1493 926 ad
1525 883 1774 928 naturam
1805 877 1895 930 Dei
1925 891 2052 945 pcr-

471 961 628 1026 tinet,
654 976 760 1016 non
799 969 944 1025 sunt,
999 972 1257 1030 quantum
1288 965 1353 1017 ad
1386 964 1716 1020 voluntatem
1745 965 2043 1029 Creatoris,

469 1063 595 1109 sunt
641 1054 748 1109 hoc
781 1054 926 1122 quod
977 1069 1038 1108 ea
1079 1070 1201 1109 esse
1251 1056 1418 1111 voluit
1454 1057 1541 1110 ille
1591 1058 1681 1127 qui
1727 1057 1872 1111 fecit.
1921 1055 2045 1111 ldeo

469 1162 600 1215 ergo
637 1147 855 1212 dicitur,
890 1149 1018 1217 quia
1051 1167 1069 1199 «
1098 1159 1292 1217 praeter
1327 1160 1398 1213 te,
1433 1165 1536 1202 non
1567 1160 1669 1204 est.
1704 1170 1722 1202 ι

547 1238 628 1296 1⁵2.
673 1260 692 1293 «
721 1241 834 1296 Non
857 1251 938 1296 est
965 1253 1154 1312 potens
1187 1243 1328 1298 sicut
1369 1244 1528 1307 Deus,
1552 1245 1690 1299 Deus
1723 1255 1908 1300 noster
1929 1248 1991 1297 “.
2020 1265 2038 1297 ι

469 1333 659 1386 Simile
688 1344 772 1387 est
796 1331 899 1388 bnc
942 1335 1014 1388 illi
1062 1335 1202 1403 quod
1240 1337 1492 1404 superius
1539 1337 1740 1390 dictum
1776 1346 1881 1400 est,
1918 1340 2042 1405 quia

466 1442 572 1480 non
612 1436 694 1480 est
727 1437 947 1481 sanctus
982 1429 1123 1482 sicut
1152 1428 1436 1484 Dominus.
1477 1427 1629 1484 Sicut
1658 1432 1800 1484 enim
1832 1432 1900 1485 ibi
1935 1450 2039 1486 non

466 1518 626 1583 dixit,
655 1519 780 1582 quia
814 1535 918 1572 non
953 1531 1036 1574 est
1072 1531 1291 1575 sanctus
1319 1523 1631 1592 quisquam,
1678 1526 1771 1579 sed
1822 1541 1926 1578 non
1962 1534 2044 1581 est

464 1620 686 1664 Sanctus
710 1611 851 1664 sicut
880 1611 1154 1674 Dominus,
1195 1621 1252 1666 ut
1277 1615 1596 1668 ostenderet
1622 1616 1746 1684 quia
1776 1615 1878 1670 etsi
1913 1625 2041 1670 sunt

464 1703 662 1763 sancti,
693 1711 873 1756 tamen
905 1721 1062 1760 nemo
1094 1707 1170 1760 ita
1197 1717 1282 1760 est
1306 1720 1532 1762 sanctus
1556 1717 1614 1762 ut
1638 1717 1720 1763 est
1746 1709 2036 1764 Dominus:

466 1791 540 1846 ita
577 1804 630 1848 et
664 1795 716 1848 in
755 1796 859 1850 hoc
895 1797 1011 1852 loco
1044 1801 1148 1853 etsi
1195 1799 1268 1854 sit
1296 1799 1490 1870 aliquis
1524 1811 1736 1870 potens,
1763 1820 1781 1852 «
1803 1817 1906 1857 non
1933 1813 2037 1870 est,

463 1883 664 1953 inquit,
699 1897 888 1955 potens
923 1891 1067 1946 sicut
1101 1891 1241 1946 Deus
1279 1903 1482 1948 noster.
1512 1913 1530 1946 ι

537 1974 622 2029 l5.
667 1978 890 2033 «Nolite
930 1981 1296 2051 multiplicare
1345 1983 1488 2053 loqui
1541 1985 1838 2039 excelsa."
1866 2012 1882 2038 ι
1933 1988 2040 2042 Cur

465 2082 570 2121 non
608 2069 786 2124 dixit:
824 2070 1000 2126 Nolite
1042 2073 1187 2143 loqui
1245 2076 1498 2130 excelsa?
1547 2077 1687 2147 Ergo
1735 2080 1862 2133 licet
1909 2081 2036 2134 mibi

461 2159 644 2228 aliqua
680 2163 825 2232 loqui
865 2165 1103 2232 excelsa,
1136 2167 1501 2237 multiplicare
1533 2181 1712 2225 autem
1747 2173 1957 2227 excelsa
1985 2183 2039 2227 et

462 2251 629 2303 ardua
674 2267 780 2307 non
814 2254 942 2306 mihi
981 2254 1129 2322 licet,
1169 2257 1270 2311 hoc
1311 2259 1455 2312 enim
1512 2259 1726 2313 videtur
1763 2261 2035 2332 designari

459 2356 560 2411 {cr
591 2343 642 2397 id
681 2345 823 2413 quod
855 2347 1055 2400 dictum
1090 2357 1170 2402 est
1198 2368 1212 2402 :
1249 2369 1267 2400 «
1289 2349 1469 2404 Nolite
1497 2351 1859 2422 multiplicare
1892 2354 2036 2425 loqui

461 2433 702 2490 excelsa.
729 2455 747 2486 ι
783 2436 920 2501 Quid
956 2452 1084 2506 ergo
1119 2455 1213 2509 per
1245 2441 1348 2495 hoc
1396 2442 1686 2508 indicetur,
1725 2447 2037 2502 considere-

461 2540 601 2580 mus.
623 2526 736 2581 Non
769 2531 1100 2596 permittitur
1124 2533 1376 2589 bumanae
1405 2549 1612 2591 natura;
1635 2539 1799 2592 multa
1821 2544 2033 2596 excelsa

459 2615 630 2688 loqui,
667 2635 840 2688 neque
871 2623 1034 2677 multa
1069 2625 1286 2679 excelsa
1326 2627 1649 2698 intelligere.
1685 2629 1818 2684 Nam
1851 2643 1904 2687 et
1933 2632 2035 2688 Sa-

459 2709 638 2765 lomon
673 2712 860 2766 dicit“
889 2737 900 2769 :
929 2733 948 2766 «
968 2713 1174 2771 Altiora
1208 2727 1257 2772 te
1287 2733 1352 2772 ne
1380 2721 1681 2788 qmesieris,
1715 2733 1770 2776 et
1805 2723 2031 2778 fortiora

455 2809 605 2856 tene
641 2815 908 2871 scrutere,
952 2808 1048 2862 sed
1094 2809 1158 2862 de
1203 2810 1398 2878 quibus
1432 2811 1524 2865 tibi
1561 2823 1892 2888 prmceptum
1926 2826 2029 2879 est,

461 2894 570 2948 haec
598 2895 857 2964 intclligc.
892 2919 910 2951 ι
947 2899 1091 2970 Ergo
1121 2913 1176 2957 et
1213 2903 1264 2956 in
1295 2903 1397 2957 hoc
1423 2903 1541 2958 loco
1573 2906 1775 2960 dicitur
1811 2908 2034 2962 «excel-

457 3006 567 3057 sa,»
601 3008 702 3046 non
734 3003 790 3046 ut
816 2997 1039 3050 omnino
1065 3012 1169 3052 non
1199 3013 1432 3068 quaeras,
1461 3001 1554 3055 sed
1587 3017 1652 3056 ne
1680 3002 1746 3055 de
1771 3003 1854 3057 his
1884 3008 2029 3057 mul-

458 3081 668 3149 tiplices
691 3086 1036 3151 quastiones.
1067 3088 1400 3156 Respicienti
1434 3093 1633 3160 quippe
1679 3095 1744 3145 ad
1783 3095 2027 3148 imbecil-
2055 3103 2097 3159 C

455 3171 660 3227 iitatem
710 3178 1038 3234 conditionis
1081 3181 1365 3248 humanae,
1416 3184 1646 3240 suﬂiciat
1696 3187 1788 3241 tibi
1839 3203 1904 3243 ea
1961 3191 2028 3244 de

454 3267 680 3321 excelsis
717 3277 771 3322 et
807 3270 990 3326 arduis
1027 3273 1107 3325 vel
1143 3273 1436 3342 inquisisse
1473 3277 1555 3330 vel
1589 3280 1862 3349 proloqui.
1907 3299 2028 3350 quae

454 3353 620 3408 vitam
675 3355 757 3410 vel
806 3359 1212 3427 inquirentibus
1253 3365 1338 3419 vel
1377 3364 1723 3436 loquentibus
1762 3371 2022 3430 tribuant.

456 3443 585 3510 Quie
613 3459 790 3502 autem
817 3461 942 3503 sunt
969 3452 1021 3506 in
1051 3455 1248 3522 quibus
1276 3457 1489 3510 excelsa
1519 3473 1604 3512 me
1635 3459 1780 3530 loqui
1808 3478 2028 3520 necesse

455 3535 573 3588 est?
606 3535 832 3602 Quando
865 3541 930 3595 de
961 3545 1352 3613 «nnnipotentia
1404 3547 1496 3602 Dei
1535 3549 1745 3617 loquor,
1779 3553 1846 3606 de
1890 3554 2027 3608 invi-

455 3626 716 3681 sibilitate
763 3639 817 3683 et
854 3633 1290 3701 sempiternitate
1338 3637 1480 3705 ejus,
1538 3643 1754 3696 excelsa
1809 3644 2020 3713 loquor.

455 3716 685 3782 Quando
714 3721 780 3773 de
813 3719 1086 3792 Unigeniti
1135 3726 1252 3793 ejus
1289 3731 1664 3787 coaeternitate
1702 3736 2024 3806 celerisque

455 3807 572 3875 ejus
621 3813 894 3880 mysteriis
941 3819 1254 3885 pronuntio.
1298 3820 1512 3875 excelsa
1550 3822 1760 3892 loquor.
1796 3827 2022 3893 Quando

454 3900 522 3954 de
565 3905 738 3958 sancti
793 3904 1029 3975 Spiritus
1076 3910 1480 3980 magnificentia
1521 3916 1751 3983 dissero,
1807 3923 2020 3978 excelsa

455 3993 666 4062 loquor.
705 3996 759 4049 In
792 3997 875 4052 his
909 4009 1113 4054 tantum
1173 4004 1329 4058 nobis
1376 4010 1696 4064 conceditur
1736 4012 1878 4082 loqui
1926 4030 2022 4068 ex-

452 4085 618 4140 celsa.
660 4087 791 4143 Post
823 4091 938 4144 huic
973 4093 1072 4146 tria
1116 4093 1228 4164 jam
1267 4097 1398 4150 nihil
1445 4099 1688 4168 loquaris
1715 4106 2017 4160 excelsum.

453 4180 643 4233 Omnia
677 4184 822 4237 enim
870 4185 1089 4241 humilia
1130 4200 1255 4243 sunt
1288 4202 1342 4245 et
1374 4193 1601 4261 dejecta,
1647 4209 1908 4264 quantum
1954 4201 2019 4253 ad

451 4273 740 4328 Trinitatis
775 4275 936 4345 hujus
964 4278 1340 4337 celsitudinem
1387 4297 1617 4352 spectat.
1668 4287 1844 4344 Nolite
1887 4306 2018 4362 ergo

455 4366 818 4435 multiplicare
849 4369 992 4437 loqui
1021 4373 1259 4440 excelsa,
1295 4375 1394 4430 nisi
1424 4377 1490 4431 de
1518 4377 1682 4434 Patre
1712 4388 1767 4435 et
1794 4381 1934 4438 Filio
1965 4394 2021 4439 et

2154 504 2415 557 Convenit
2444 503 2545 556 hoe
2571 503 2674 558 dici
2708 503 2773 556 de
2800 502 2947 555 omni
2985 501 3222 555 homine.
3273 499 3526 556 Miserum
3569 521 3722 558 nam-

2151 602 2258 667 que
2284 608 2368 651 cst
2416 597 2721 652 mortalium
2761 612 2932 666 genus
2958 610 2972 647 :
3003 595 3266 665 siquidem
3301 610 3406 651 non
3449 597 3624 652 solum
3665 599 3717 652 in

2152 690 2330 754 malis,
2357 691 2448 744 sed
2493 700 2546 743 et
2597 689 2648 742 in
2683 689 2840 742 bonis
2889 687 3286 756 periclitamur.
3317 687 3480 743 Verbi
3516 691 3714 755 gratia,

2152 785 2387 836 visiones
2424 781 2685 850 quasdam
2721 781 2828 834 vidi
2860 780 3051 842 bonas,
3097 777 3256 834 factm
3283 792 3410 835 sunt
3442 781 3570 834 mihi
3603 781 3717 835 ela-

2151 875 2303 930 tioni.
2331 874 2495 944 Signa
2523 881 2577 926 et
2599 873 2838 942 prodigia
2871 887 2967 942 per
2994 887 3078 926 me
3111 871 3331 942 impleta
3355 883 3501 937 sunt,
3529 888 3718 942 super-

2147 967 2248 1022 bus
2275 964 2501 1019 effectus
2529 980 2644 1019 sum
2689 965 2739 1017 in
2777 963 2952 1018 bonis.
2986 962 3213 1019 Servavi
3257 963 3544 1034 justitiam,
3580 980 3718 1020 con-

2151 1055 2454 1119 tinentiam,
2491 1056 2768 1117 virtutem,
2817 1053 2912 1108 sed
2949 1054 3000 1107 in
3037 1055 3122 1108 his
3159 1054 3458 1122 periclitor.
3491 1055 3716 1121 Quando

2146 1150 2291 1203 enim
2328 1147 2458 1202 nihil
2503 1145 2647 1201 aliud
2699 1145 2890 1200 fecerit
2937 1146 3191 1210 Zabulus,
3228 1161 3325 1215 pro
3357 1146 3438 1200 bis
3463 1147 3719 1203 omnibus

2149 1240 2375 1294 suscitat
2408 1239 2538 1292 mihi
2579 1239 2915 1308 superbiam,
2942 1238 3011 1290 ita
3043 1247 3100 1290 ut
3133 1247 3318 1308 postea
3348 1237 3576 1292 habeam
3612 1255 3715 1294 an-

2147 1332 2322 1399 gelum
2361 1331 2576 1386 Satanae.
2605 1333 2696 1401 qui
2732 1345 2816 1384 me
2846 1329 3171 1398 colapbizet,
3209 1330 3282 1383 uti
3315 1345 3382 1384 ne
3404 1330 3636 1386 extollar
3658 1341 3714 1386 et

2146 1433 2304 1477 exeat
2335 1422 2751 1493 magniloquium
2781 1422 2846 1475 de
2871 1436 2965 1476 ore
2993 1437 3112 1476 meo
3125 1422 3193 1487 ‘7,
3222 1421 3275 1476 id
3298 1431 3402 1486 est,
3429 1439 3496 1478 ne
3521 1440 3710 1495 magna

2146 1515 2212 1569 de
2273 1516 2478 1582 meipso
2533 1514 2742 1582 loquar,
2801 1511 3052 1580 quoniam
3105 1513 3322 1582 quidem
3383 1515 3713 1568 exterminat

2147 1606 2406 1660 Dominus
2453 1606 2597 1660 labia
2651 1605 2857 1670 dolosa,
2900 1615 2954 1659 et
3013 1605 3247 1674 linguam
3302 1605 3708 1675 magniloquam

2145 1713 2330 1752 eorum
2370 1700 2460 1766 qui
2497 1697 2806 1753 dixerunt"
2836 1716 2850 1750 :
2879 1716 2896 1748 «
2921 1697 3185 1768 Linguam
3217 1707 3458 1751 nostram
3497 1699 3712 1766 magni-

2146 1791 2449 1845 licavimus.
2517 1788 2630 1844 Non
2681 1804 2809 1858 ergo
2847 1799 3004 1843 exeat
3049 1789 3474 1857 magniloqulum
3518 1790 3584 1844 de
3616 1799 3711 1843 ore

2141 1894 2343 1943 vestro.
2377 1883 2501 1950 quia
2543 1882 2698 1935 fortis
2727 1882 3075 1935 scientiarum
3102 1879 3386 1935 Dominus.
3409 1898 3428 1932 ι

2211 1971 2300 2025 15.
2338 1991 2356 2022 «
2390 1971 2454 2024 Et
2506 1986 2609 2024 non
2654 1973 3081 2023 emendaverunt
3125 1979 3482 2034 excusantes;
3517 1990 3536 2022 ι
3573 1973 3708 2026 sicut

2139 2075 2195 2120 et
2245 2063 2318 2118 ibi
2368 2064 2568 2119 dictum
2611 2064 2748 2118 est”
2782 2082 2794 2116 :
2825 2061 2979 2116 «Non
3031 2062 3264 2118 declinet
3303 2079 3398 2119 cor
3447 2075 3594 2118 tuum
3652 2067 3717 2118 in;

2138 2158 2303 2213 verba
2345 2156 2485 2214 mala
2535 2155 2600 2209 ad
2650 2154 2984 2210 excusandas
3034 2157 3418 2212 excusationes
3473 2157 3525 2212 in
3576 2169 3705 2226 pec-

2140 2249 2277 2304 catis
2328 2263 2448 2302 cum
2514 2246 2829 2302 hominibus
2884 2246 3235 2316 operantibus
3291 2247 3708 2318 iniquitatemn

2139 2341 2206 2395 Et
2234 2341 2286 2394 in
2322 2337 2617 2393 Proverbiis
2649 2337 2949 2392 dicitur”:
2978 2355 2997 2390 «
3035 2339 3361 2394 Occasiones
3391 2341 3595 2410 accipit
3620 2343 3703 2411 pi-

2137 2447 2230 2501 ger
2276 2441 2332 2485 et
2376 2430 2505 2484 dicit
2543 2448 2556 2483 :
2594 2427 2705 2486 Leo
2753 2437 2834 2484 est
2887 2428 2941 2483 in
2997 2431 3083 2484 via
3113 2471 3126 2495 ,
3183 2431 3237 2485 in
3293 2431 3483 2500 plateis
3525 2442 3699 2486 autem

2136 2522 2440 2577 homicidae.
2476 2541 2496 2573 ι
2536 2521 2841 2576 Invenimus
2882 2535 3014 2592 ergo
3047 2520 3181 2576 tales
3211 2536 3331 2576 esse
3367 2533 3700 2590 peccatores,

2133 2611 2300 2685 489
2330 2622 2648 2669 accusantes
2671 2613 2852 2667 omnia
2892 2614 3062 2683 magis
3088 2627 3248 2682 quam
3280 2615 3616 2692 semetipsos,
3648 2622 3702 2669 et

2134 2708 2449 2762 occasiones
2498 2707 2718 2760 sibimet
2765 2705 3171 2761 excusatiouum
3233 2705 3516 2776 tingentes,
3572 2720 3694 2760 cum

2135 2799 2362 2854 dicunt:
2396 2796 2628 2852 Zabulus
2669 2812 2754 2852 me
2801 2798 3183 2868 supplantavit,
3231 2798 3424 2853 mulier
3479 2813 3563 2852 me
3611 2813 3700 2853 se-

2133 2889 2306 2954 duxit,
2344 2889 2433 2944 ille
2462 2890 2590 2943 mihi
2631 2891 2972 2945 occasionem
3009 2891 3257 2960 pra'stitit
3293 2902 3349 2944 ut
3377 2907 3658 2962 peccarem
3679 2931 3709 2958 ,_

2133 2998 2257 3039 cum
2291 2983 2480 3050 utique
2522 2992 2801 3053 oporteret
2854 2983 3163 3039 meminisse
3212 2985 3460 3053 prreeepti
3511 2985 3700 3040 dicen-

2134 3075 2288 3130 tis";
2309 3094 2328 3126 «
2359 3076 2449 3130 Dic
2476 3087 2528 3130 tu
2555 3087 2772 3144 peccata
2803 3086 2892 3130 tua
2909 3079 3057 3139 prior
3083 3077 3509 3145 utjustiiiceris:
3543 3099 3560 3132 ι
3591 3096 3697 3134 non

2137 3169 2277 3223 cnim
2328 3167 2620 3222 emendant
2651 3171 3052 3233 excusationes,
3089 3185 3263 3238 neque
3310 3171 3416 3236 hic,
3449 3187 3620 3241 neque
3647 3173 3710 3228 in.

2137 3260 2342 3324 futuro,
2377 3261 2422 3315 si
2463 3261 2604 3315 male
2635 3261 2949 3317 fecerimus.
2986 3262 3089 3316 Sed
3136 3272 3191 3315 et
3221 3263 3350 3316 illud
3382 3265 3434 3318 in
3468 3279 3707 3320 excursu-

2135 3354 2447 3424 contingere
2464 3355 2833 3409 necessarium
2869 3355 3099 3409 videtur.
3125 3354 3318 3410 Mirum
3351 3359 3547 3427 quippe
3571 3373 3701 3414 con-

2136 3448 2270 3503 tinet
2290 3465 2530 3516 sensum,
2568 3452 2692 3518 quia
2721 3450 2982 3521 scriptum
3013 3461 3096 3506 est
3116 3453 3160 3484 ³¹
3189 3470 3202 3506 :
3235 3452 3460 3510 «Justus
3481 3460 3591 3526 ipse
3614 3458 3702 3512 sui-

2134 3549 2419 3593 accusator
2449 3541 2509 3594 tit
2542 3541 2592 3592 in
2622 3540 2888 3610 principio
2911 3542 3178 3596 sermonis
3203 3545 3305 3605 sui,
3327 3565 3342 3596 ι
3369 3561 3488 3600 cum
3517 3556 3702 3602 tamen

2133 3630 2363 3699 injustus
2397 3646 2502 3686 non
2534 3631 2605 3686 sit
2634 3634 2715 3686 sui
2746 3643 3033 3687 aecusator
3063 3672 3078 3698 ,
3122 3635 3214 3689 sed
3244 3635 3490 3691 aliorum.
3542 3638 3698 3692 Sicut

2130 3730 2185 3775 et
2221 3720 2454 3778 Zabulus
2483 3734 2768 3780 accusator
2803 3726 3015 3794 quidem
3045 3734 3150 3790 est,
3197 3737 3481 3782 accusator
3513 3739 3693 3785 autem

2131 3828 2236 3868 non
2283 3814 2390 3879 sui,
2437 3815 2531 3870 sed
2585 3815 2834 3871 fratrum.
2865 3816 3082 3872 Interim
3113 3831 3302 3874 omnes
3349 3834 3568 3875 necesse
3612 3835 3697 3876 est

2131 3906 2372 3959 accusari
2406 3921 2420 3959 :
2452 3907 2547 3961 sed
2576 3907 2620 3961 si
2646 3908 2861 3977 quidem
2892 3908 3071 3978 justus
3108 3910 3280 3977 fuero,
3313 3927 3416 3965 non
3439 3925 3696 3981 exspecto

2132 4008 2188 4051 ut
2215 3999 2353 4053 alius
2383 4012 2467 4052 me
2484 4008 2730 4063 accuset,
2764 4001 2856 4053 sed
2891 4001 3002 4068 ipse
3029 4001 3129 4054 mei
3163 4011 3445 4056 accusator
3465 4004 3694 4060 exsisto.

2133 4091 2350 4145 Plenius
2390 4101 2568 4145 tamen
2607 4091 2768 4146 velim
2825 4091 3128 4156 discutere,
3184 4095 3455 4162 quomodo
3519 4107 3694 4165 potest

2125 4180 2306 4251 justus
2357 4183 2440 4235 sui
2491 4193 2776 4236 accusator
2810 4197 2956 4238 esse.
3009 4183 3228 4237 Certum
3256 4193 3340 4238 est
3369 4185 3495 4253 quia
3522 4186 3695 4240 donec

2129 4273 2254 4342 quis
2292 4281 2481 4342 peccat
2513 4282 2568 4326 et
2599 4285 2878 4341 permanet
2911 4276 2962 4328 in
3016 4274 3250 4340 delictis,
3293 4288 3468 4345 neque
3512 4276 3694 4345 justus

2127 4375 2232 4432 est,
2285 4381 2462 4434 neque
2493 4375 2777 4420 accusator
2810 4374 2893 4420 est
2943 4368 3050 4423 sui.
3103 4365 3222 4421 Non
3276 4368 3420 4421 enim
3473 4379 3694 4423 accusat

453 4455 655 4527 Spiritu
690 4469 904 4516 sancto.
939 4462 1004 4516 Et
1035 4474 1089 4517 ut
1127 4465 1340 4534 plenius
1372 4470 1718 4527 manifestum
1750 4475 1841 4530 ﬁat
1873 4480 2019 4547 quod
2056 4461 2098 4515 D
2129 4460 2270 4528 quod
2301 4461 2433 4529 agit.
2464 4458 2596 4512 Cum
2651 4473 2780 4512 vero
2836 4459 3150 4526 paenituerit
3195 4473 3222 4510 a
3284 4457 3516 4523 delictis,
3565 4467 3694 4512 tunc

451 4548 744 4617 loquimur,
801 4561 1016 4606 utamur
1077 4556 1273 4621 adhuc,
1321 4559 1368 4612 si
1422 4561 1658 4629 videtur,
1706 4569 2014 4636 exemplis:

451 4643 600 4695 verbi
633 4643 804 4711 gratia
841 4655 1032 4713 gentes
1077 4646 1272 4703 multos
1313 4650 1664 4708 introducunt
1713 4656 1862 4712 deos.
1898 4660 2019 4715 Ista:

449 4732 818 4800 multiplicant
869 4736 1013 4806 loqui
1067 4741 1298 4795 excelsa.
1336 4741 1723 4800 l-l-zereticorum
1767 4751 2015 4820 quidam,

451 4821 884 4894 derelinquentes
933 4839 1232 4886 creatorem
1290 4835 1494 4900 mundi,
1541 4848 1595 4890 et
1635 4838 1830 4894 Filium
1873 4843 2013 4911 ejus,

451 4915 656 4986 fingunt
682 4920 783 4975 sibi
821 4921 986 4976 alium
1015 4926 1201 4979 nescio
1233 4942 1394 4995 quem
1428 4929 1790 4985 excelsiorem
1829 4931 2014 4999 deum,

454 5016 502 5060 et
526 5009 662 5064 alios
681 5011 930 5066 similiter
957 5015 1326 5078 introducunt.
1348 5019 1461 5072 sive
1487 5035 1623 5089 quos
1647 5021 1869 5086 αἰῶνας,
1901 5023 2016 5079 sive

453 5115 587 5167 quos
632 5101 764 5155 deos
809 5103 1105 5175 appellant.
1137 5105 1201 5161 Et
1252 5107 1339 5163 isti
1378 5125 1508 5178 ergo
1543 5109 1900 5182 multiplicant
1929 5113 2014 5169 lo-

445 5195 534 5261 qui
565 5195 803 5250 excelsa.

516 5285 605 5339 14.
662 5303 681 5336 «
711 5285 826 5341 Non
857 5298 1014 5344 exeat
1039 5291 1461 5360 magniloquium
1487 5291 1553 5346 de
1584 5307 1678 5347 ore
1703 5302 1880 5348 vestro
1897 5295 1964 5346 ’⁸.
1988 5311 2009 5346 ι

448 5372 579 5430 \lide
617 5377 745 5445 quid
797 5379 999 5433 dictmn
1045 5389 1131 5436 est
1176 5382 1242 5436 ab
1289 5381 1607 5450 Apostolo"
1636 5401 1650 5436 :
1681 5383 1880 5437 «Miser
1913 5399 2013 5453 ego

514 5579 559 5610 ²¹
595 5577 765 5647 lReg.
798 5595 857 5639 ιι,
889 5578 945 5634 2.
1040 5580 1084 5611 ’³
1125 5582 1252 5635 ibid.
1296 5582 1349 5636 5.
1446 5581 1491 5612 “
1530 5580 1698 5636 Eccli.
1745 5596 1824 5647 ιιι,
1866 5582 1955 5639 22.

449 5645 492 5676 "'
517 5650 654 5702 Psal.
686 5645 778 5706 xit.
804 5651 856 5710 5,
889 5652 932 5701 ι.
1014 5652 1055 5681 ’9
1082 5651 1217 5704 Psal.
1242 5667 1388 5713 cxu,
1497 5652 1552 5704 4.

454 5729 514 5785 tt,
542 5723 594 5774 Δ.
668 5719 713 5751 ⁸⁸
741 5721 884 5775 Psal.
913 5737 970 5784 tt,
1000 5721 1036 5775 2
1070 5732 1121 5776 ct
1155 5723 1294 5777 l'sal.
1329 5737 1435 5790 vlt,
1462 5722 1550 5777 13.

2033 5586 2079 5615 "
2123 5581 2140 5635 l
2187 5581 2317 5651 Reg.
2363 5599 2421 5643 ιι.
2461 5580 2515 5638 5.

1630 5653 1672 5684 ³⁰
1699 5651 1853 5708 Prov.
1893 5664 2040 5720 xxvi,
2070 5655 2158 5708 15.

2121 4551 2304 4620 justus
2326 4549 2586 4617 etiicitur,
2630 4559 2686 4604 et
2718 4564 2822 4603 non
2868 4549 3119 4616 alterius,
3163 4549 3258 4603 sed
3289 4550 3369 4604 sui
3405 4559 3692 4605 accusator

2123 4645 2354 4700 exsistit.

2195 4737 2285 4793 16.
2315 4756 2332 4788 ι
2370 4736 2545 4791 Arcus
2583 4735 2880 4806 potentium
2914 4734 3220 4790 inﬁrmatus
3252 4744 3336 4788 εει
3363 4736 3426 4790 ³³.
3458 4759 3475 4791 ι
3500 4737 3690 4801 Jacuia

2125 4830 2484 4898 maligniqua:
2523 4828 2777 4881 dicuntur
2815 4827 3002 4894 ignita,
3038 4843 3134 4895 per
3170 4845 3354 4884 arcum
3391 4833 3690 4899 potentium

2126 4923 2467 4975 emittuntur.
2529 4920 2781 4975 Potentes
2810 4931 2987 4973 autem
3016 4921 3246 4976 virtutes
3301 4923 3552 4978 dicuntur
3595 4924 3692 4982 ad-

2124 5027 2319 5078 versae,
2346 5013 2414 5068 de
2452 5013 2647 5081 quibus
2676 5012 2873 5066 dicitur
2896 5012 2973 5076 ³⁸,
3010 5029 3029 5064 ι
3074 5015 3198 5082 quia
3226 5029 3355 5070 ecce
3377 5025 3691 5084 peccatores

2123 5107 2471 5162 intenderunt
2497 5122 2707 5168 arcum,
2739 5106 2871 5159 etin
2896 5107 3014 5174 ipso
3041 5118 3373 5178 paraverunt
3395 5123 3520 5162 vasa
3552 5124 3692 5161 mor-

2125 5199 2214 5254 tis.
2253 5217 2272 5250 ι
2307 5197 2372 5251 Et
2401 5199 2596 5253 iterum
2629 5214 2641 5248 :
2681 5215 2698 5248 «
2736 5196 2976 5266 Sagittas
3021 5215 3150 5254 suas
3192 5199 3510 5253 ardentibus
3553 5198 3685 5254 eﬂ‘e-

2121 5289 2217 5345 cit.
2253 5309 2272 5343 ι
2318 5288 2424 5344 Sed
2455 5301 2509 5344 et
2535 5305 2678 5344 nunc
2706 5290 2922 5353 dicitur,
2973 5292 3100 5358 quia
3135 5309 3151 5342 «
3189 5306 3348 5344 arcus
3388 5291 3688 5359 potentium

2119 5383 2425 5438 inﬁrmatus
2453 5393 2554 5438 est.
2593 5402 2613 5436 ι
2651 5383 2708 5437 Si
2735 5383 2880 5436 enim
2914 5383 3133 5438 indutus
3168 5385 3244 5437 sis
3280 5383 3448 5436 armis
3480 5381 3597 5445 Dei,
3639 5383 3687 5438 si

2611 5581 2654 5612 ³⁸
2689 5580 2844 5635 Rom.
2880 5596 2975 5645 vn,
3011 5580 3103 5634 24;

2806 5652 2850 5684 ³³
2882 5652 3036 5707 l'rov.
3066 5666 3218 5717 xvttt,
3257 5653 3339 5708 18.

3209 5582 3252 5612 ’⁷
3283 5580 3321 5634 ll
3348 5578 3472 5636 Cor.
3503 5598 3602 5642 xu,
3628 5582 3684 5635 7.

2235 5650 2428 5708 “is-ai.
2461 5653 2726 5718 xuuﬂt’i.
2806 5652 2850 5684 δ’
2882 5652 3036 5707 l'rov.
3066 5666 3218 5717 xvtu,
3257 5653 3339 5708 18.
3415 5653 3457 5684 ³³
3488 5650 3510 5704 l
3549 5653 3693 5722 lteg.
