4046 6152
331 337 458 391 ιυιι

1781 331 2102 389 ORIGENIS

3415 330 3564 386 1012

325 462 479 507 scuto
518 452 638 507 ﬁdei
674 453 751 507 sis
787 454 1021 510 munitus
1042 464 1095 511 et
1123 455 1276 526 galea
1311 453 1504 510 salutis
1535 453 1809 521 obtectus,
1837 462 1894 507 et
1920 471 1967 527 Α
1998 451 2124 507 ﬁliis
2164 450 2432 505 inﬁrmata
2467 460 2568 505 est.
2610 470 2628 501 ι
2663 448 2885 503 Patroni
2932 448 3133 504 litterae
3172 445 3340 505 ,ιιιύωί
3393 452 3562 507 velim

324 541 494 596 lorica
535 542 843 607 charitatis,
907 552 962 597 et
1015 544 1189 615 gladio
1243 543 1466 612 spiritus
1524 543 1797 596 accinctus
1821 541 1888 608 ³³,

325 648 483 688 arcus
525 642 714 688 contra
758 642 808 689 te
856 636 1154 704 potentium
1186 652 1284 706 pro
1311 635 1662 690 munimentis
1697 634 1891 689 talibus

326 723 715 780 inﬁrmabitur.
763 725 823 779 Si
849 726 991 779 enim
1017 726 1289 793 iaculatus
1321 726 1481 781 fuerit
1515 726 1801 780 adversum
1841 734 1892 779 te

328 832 495 871 unum
545 815 763 886 aliquod
794 816 1034 885 jaculum
1075 819 1329 889 ignitum,
1369 819 1419 872 id
1454 827 1735 888 exceptum
1768 816 1889 871 fidei

326 920 483 964 scuto
508 909 769 965 continuo
802 910 1178 981 restinguitur.
1210 909 1349 965 Jecit
1378 919 1434 965 et
1458 909 1600 963 aliud
1628 908 1891 978 iaculum,

326 1001 599 1071 repulsum
631 1003 681 1056 id
710 1016 924 1072 quoque
960 1019 987 1055 a
1035 1003 1258 1056 thorace
1287 1000 1514 1069 iustitiae
1536 1009 1641 1055 est.
1669 1000 1804 1054 Jecit
1836 1008 1892 1054 et

327 1094 567 1160 tertium,
622 1103 677 1147 et
733 1094 783 1147 id
842 1094 1023 1163 gladio
1078 1092 1303 1162 spiritus
1351 1092 1729 1147 detruncatum
1782 1096 1889 1144 est.

325 1184 487 1238 Mittit
514 1184 757 1239 fortassis
788 1194 843 1239 et
872 1195 1148 1254 quartum,
1182 1184 1326 1254 quod
1369 1182 1617 1237 similiter
1657 1195 1755 1250 per
1794 1196 1891 1250 ga-

326 1275 463 1328 leam
496 1276 687 1329 salutis
730 1274 993 1343 abjectum
1022 1283 1123 1329 est.
1166 1273 1410 1345 Cumque
1438 1288 1531 1342 per
1558 1273 1672 1326 haec
1710 1271 1888 1324 omnia

264 1384 277 1393 ι
330 1367 490 1420 homo
519 1358 611 1420 Dei
642 1364 844 1436 petitus
878 1362 1286 1418 invulnerabilis
1304 1361 1590 1424 manserit,
1612 1368 1736 1413 tunc
1761 1372 1890 1411 arcu

326 1458 624 1525 potentium
650 1470 985 1526 nequaquam
1019 1463 1096 1508 tot
1125 1454 1347 1508 directis
1386 1450 1606 1522 spiculis
1646 1450 1889 1503 inﬁrma-

326 1548 490 1601 bitur.

396 1638 484 1693 17.
517 1657 536 1690 ι
570 1636 637 1692 Et
679 1636 875 1692 inﬁrmi
909 1636 1139 1692 accincti
1168 1645 1295 1691 sunt
1341 1634 1657 1690 fortitudine
1682 1635 1746 1688 “.
1778 1654 1795 1687 ι
1834 1633 1887 1689 Si

324 1731 601 1807 videamus
638 1734 909 1799 quomodo
939 1748 957 1779 ι
999 1744 1118 1799 qum
1148 1728 1311 1783 stulta
1349 1735 1476 1783 sunt
1509 1728 1690 1781 mundi
1731 1726 1892 1795 elegit

328 1825 489 1889 Deus,
517 1831 576 1876 ut
598 1820 903 1895 confundat
923 1822 1294 1891 sapientes,et
1324 1836 1442 1889 qua:
1470 1820 1682 1874 inﬁrma
1707 1820 1887 1873 mundi
1920 1849 1963 1903 Β

326 1924 479 1979 sunt,
527 1922 587 1969 ut
627 1914 930 1969 confundat
971 1911 1131 1967 fortia
1161 1912 1237 1975 ",
1272 1930 1289 1963 ι
1327 1911 1583 1981 intelligis
1624 1909 1890 1981 quomodo

326 2006 523 2060 inﬁrmi
552 2006 780 2061 accincti
806 2016 933 2059 sunt
965 2004 1307 2059 fortitudine.
1338 2002 1581 2056 Inﬁrmus
1606 2012 1723 2058 erat
1759 2017 1889 2070 gen-

328 2098 436 2153 tilis
482 2098 708 2167 populus
736 2137 751 2162 ,
798 2098 996 2167 quippe
1043 2097 1136 2166 qui
1207 2097 1412 2151 alienus
1472 2105 1589 2150 erat
1642 2110 1671 2148 a
1719 2104 1890 2148 testa-

326 2198 510 2243 meuto
545 2187 682 2243 Dei:
718 2187 823 2254 hic.
866 2189 1092 2257 adeptus
1134 2196 1216 2243 est
1272 2186 1661 2242 fortitudinem.
1718 2186 1888 2253 Quatn

324 2275 733 2332 fortitudinem?
768 2295 786 2329 ι
826 2277 1110 2332 Fortitudo
1135 2294 1252 2331 mea
1279 2286 1333 2332 et
1368 2277 1604 2331 laudatio
1637 2293 1753 2331 mea
1787 2278 1892 2330 Do-

327 2368 531 2432 minus,
562 2377 613 2421 et
640 2366 816 2423 factus
837 2378 921 2422 est
952 2369 1081 2423 mihi
1115 2370 1167 2423 in
1201 2370 1428 2424 salutem
1465 2368 1530 2422 ³⁸.
1566 2388 1584 2419 ι
1612 2368 1893 2423 Fortitudo

327 2473 456 2529 ergo
483 2474 598 2513 mea
635 2460 748 2528 ipse
791 2472 874 2515 est
903 2460 1159 2516 Christus
1195 2462 1491 2525 Dominus,
1523 2477 1626 2532 qua
1661 2462 1889 2516 accincti

323 2565 512 2605 sumus
542 2567 641 2606 nos
668 2552 756 2620 qui
781 2567 1001 2608 eramus
1027 2554 1318 2623 aliquando
1339 2555 1495 2609 alieni
1522 2568 1552 2607 a
1573 2561 1893 2608 testamento

325 2640 443 2708 Dei,
477 2652 530 2696 et
566 2645 681 2698 sine
714 2646 820 2699 Deo
856 2645 907 2698 in
942 2646 1043 2701 hoc
1075 2646 1275 2700 mundo
1301 2645 1366 2702 ".

396 2734 482 2790 18.
518 2753 537 2788 ι
577 2735 818 2789 Saturati
872 2738 1105 2805 panibus
1136 2736 1349 2791 deducti
1383 2742 1508 2790 sunt
1538 2736 1606 2790 ad
1654 2735 1891 2793 servitu-

323 2826 512 2881 tem".
550 2845 567 2878 ι
599 2827 879 2896 Culpabile
911 2827 1145 2882 ostendit
1194 2842 1314 2881 esse
1364 2828 1596 2881 saturari
1640 2828 1893 2897 panibus,

324 2917 448 2987 quia
478 2916 645 2972 Jacob
674 2917 1083 2971 manducavitet
1105 2917 1259 2980 bibit,
1278 2927 1331 2973 et
1355 2918 1587 2988 repletus
1614 2927 1785 2983 est,et
1809 2916 1895 2970 in-

324 3019 602 3063 crassatus
631 3017 733 3072 est,
764 3018 818 3063 et
847 3010 1211 3063 recalcitravit
1242 3009 1472 3064 dilectus
1493 3009 1567 3061 “.
1592 3026 1611 3060 ι
1638 3008 1895 3062 Esurien-

327 3110 410 3156 tes
436 3101 923 3170 dercliquerunt".
949 3120 966 3153 ι
990 3100 1118 3157 lllos
1148 3101 1279 3157 dicit
1308 3103 1400 3171 qui
1429 3103 1655 3156 saturati
1678 3099 1894 3155 fuerant

1992 545 2181 598 videre
2210 544 2484 614 quomodo
2516 553 2764 597 asserunt
2793 540 2936 612 quod
2965 540 3193 596 fecunda
3240 542 3294 596 in
3320 541 3446 597 ﬁliis
3477 543 3563 597 in-

1993 635 2265 699 ﬁrmatur,
2306 642 2361 689 et
2389 633 2597 689 sterilis
2633 635 2903 705 quomodo
2932 636 3143 706 peperit
3178 642 3385 705 septem
3414 652 3429 688 :
3465 634 3560 689 sed

1994 727 2204 781 illorum
2255 725 2450 780 fabulis
2481 728 2679 795 spretis
2722 743 2820 781 nos
2848 730 3276 790 consideremus,
3307 742 3377 781 ne
3421 726 3563 781 forte

1998 818 2375 888 unusquisque
2414 829 2661 872 nostrum
2697 819 2892 874 habeat
2920 820 3059 874 intra
3089 834 3149 875 se
3176 818 3415 874 sterilem
3439 835 3562 888 quze

1992 912 2202 980 peperit
2241 919 2470 980 septem,
2502 910 2698 965 habeat
2736 920 2790 965 et
2831 911 3118 966 fecundam
3175 914 3226 967 in
3279 912 3406 968 ﬁliis
3437 928 3561 983 qua:

1994 1001 2315 1056 inﬁrmatur.
2374 1000 2623 1055 Fecunda
2662 1001 2713 1055 in
2747 1003 3040 1072 propagine
3090 1012 3210 1058 erat
3257 1019 3391 1059 caro
3440 1018 3560 1058 mea

1994 1091 2198 1147 habens
2226 1091 2489 1162 plurimos
2518 1093 2700 1148 carnis
2724 1091 2952 1155 fructus.
2980 1092 3417 1161 fornicationem,
3454 1096 3559 1149 im-

1994 1181 2337 1248 munditiam,
2384 1181 2807 1252 impudicitiam,
2852 1183 3242 1251 idololatriam,
3270 1185 3557 1251 veneﬁcia,

1994 1273 2326 1340 inimicitias,
2382 1274 2781 1342 contentiones,
2840 1275 3235 1344 aemulationes,
3279 1277 3559 1333 incitatio-

1992 1380 2110 1433 nes,
2143 1366 2510 1421 dissensiones
2536 1384 2552 1432 ;
2582 1367 2698 1422 haec
2724 1376 2878 1422 erant
2902 1368 3086 1423 carnis
3117 1377 3315 1423 nostra:
3365 1382 3557 1423 nume-

1996 1472 2136 1510 rosa:
2160 1458 2469 1527 progenies.
2500 1457 2604 1512 Sed
2632 1471 2756 1513 cum
2808 1460 3052 1513 venimus
3090 1459 3157 1513 ad
3187 1460 3347 1514 ﬁdem
3378 1460 3559 1515 crucis

1992 1548 2215 1610 Christi,
2242 1559 2296 1602 et
2342 1549 2808 1604 mortiﬁcationem
2839 1548 2986 1616 Iesu,
3020 1551 3283 1618 cmpimus
3322 1550 3560 1606 circum-

1995 1641 2136 1696 ferre
2186 1642 2239 1695 in
2288 1657 2521 1711 corpore
2568 1652 2773 1707 nostro,
2820 1653 2876 1697 et
2929 1645 3258 1699 mortiﬁcare
3318 1645 3558 1699 membra

1994 1741 2176 1787 nostra
2204 1748 2324 1801 qua:
2350 1742 2480 1786 sunt
2521 1748 2680 1802 super
2721 1742 2946 1797 terram,
2983 1743 3037 1787 et
3065 1734 3322 1787 exhibere
3351 1747 3415 1788 ea
3444 1749 3558 1788 ser-

1993 1824 2346 1894 virejustitize
2373 1835 2427 1879 et
2455 1826 2735 1879 sobrietati
2763 1844 2777 1880 :
2813 1836 2938 1880 tunc
2962 1826 3261 1880 fecunditas
3290 1826 3561 1895 probrose

1993 1914 2153 1984 hujus
2174 1917 2535 1985 generationis
2559 1917 2782 1973 exclusa
2814 1927 2917 1982 est,
2942 1928 2997 1973 et
3017 1918 3118 1973 hoc
3147 1919 3307 1972 modo
3331 1918 3559 1974 fecunda

1991 2007 2042 2059 in
2062 2005 2185 2061 ﬁliis
2206 2008 2477 2062 inﬁrmata
2501 2018 2602 2062 est.
2622 2008 2903 2075 Quomodo
2921 2021 3100 2064 autem
3125 2010 3325 2065 sterilis
3351 2021 3560 2080 septem

1992 2098 2198 2168 pariat,
2233 2100 2535 2154 videamus.
2572 2100 2788 2156 Stcrilis
2833 2111 2949 2153 erat
2978 2103 3032 2155 in
3064 2116 3151 2155 me
3181 2102 3359 2154 anima
3392 2115 3511 2156 mea
3537 2141 3556 2169 ,

1991 2201 2094 2238 non
2131 2185 2390 2242 afferebat
2415 2187 2626 2244 fructus
2655 2190 2878 2260 iustitia:
2910 2208 2925 2244 ε
2961 2205 3102 2244 nunc
3134 2201 3311 2245 autem
3339 2192 3429 2245 ubi
3459 2206 3559 2263 per

1994 2275 2151 2327 ﬁdem
2184 2274 2388 2331 Christi
2430 2278 2628 2331 meruit
2677 2278 2911 2347 gratiam
2964 2276 3194 2347 Spiritus
3243 2278 3451 2344 sancti,
3501 2285 3560 2332 et

1993 2365 2217 2433 replevit
2256 2381 2375 2421 eam
2422 2368 2643 2437 spiritus
2673 2369 2951 2437 sapientia:
2987 2379 3039 2423 et
3074 2369 3377 2423 intellectus
3399 2411 3414 2435 ,
3446 2368 3561 2439 spi-

1992 2456 2127 2511 ritus
2157 2458 2369 2511 consilii
2400 2470 2453 2511 et
2487 2460 2838 2524 fortitudinis,
2879 2459 3339 2527 spiritusjustitize
3366 2469 3419 2513 et
3450 2459 3557 2513 mi-

1992 2549 2318 2615 sericordite,
2369 2557 2425 2604 et
2453 2550 2676 2618 replevit
2703 2565 2823 2603 eam
2855 2551 3076 2620 Spiritus
3127 2550 3335 2604 timoris
3372 2548 3558 2603 Domi-

1994 2640 2045 2693 ni
2068 2638 2114 2670 “
2146 2656 2161 2693 :
2197 2653 2408 2695 certum
2441 2651 2523 2696 est
2555 2642 2698 2710 quod
2742 2643 2946 2697 sterilis
2984 2645 3196 2713 peperit
3237 2650 3466 2711 septem,
3505 2648 3562 2696 et

1995 2729 2224 2787 fecunda
2258 2733 2310 2787 in
2341 2732 2465 2787 ﬁliis
2492 2732 2761 2787 inﬁrmata
2796 2744 2895 2787 est.

2065 2824 2152 2880 i9.
2192 2843 2211 2876 ι
2253 2826 2513 2880 Dominus
2547 2826 2838 2880 mortiﬁcat
2865 2836 2920 2880 et
2952 2825 3194 2881 viviﬁcat
3226 2825 3293 2879 ι’.
3332 2844 3352 2879 ι
3386 2825 3557 2893 Quem

1994 2915 2287 2969 mortiﬁcat
2342 2917 2624 2983 Dominus,
2677 2926 2732 2971 et
2781 2932 2939 2986 quem
2974 2918 3254 2972 vivitlcat?
3290 2917 3553 2986 Meipsnni

1997 3006 2312 3071 ruortiﬁcat,
2342 3022 2467 3061 cum
2497 3021 2583 3062 me
2612 3018 2881 3063 mortuum
2912 3010 3040 3064 facit
3079 3024 3200 3065 esse.
3230 3021 3472 3079 peccato.
3494 3009 3559 3064 Et

1997 3098 2260 3167 meipsum
2289 3098 2549 3162 viviﬁcat,
2585 3113 2712 3153 cum
2740 3114 2826 3153 me
2857 3097 2990 3153 facit
3025 3100 3205 3156 vivere
3252 3102 3380 3157 Deo.
3424 3100 3558 3157 Pec-

328 3191 704 3258 panibugquia
727 3188 1767 3260 reliqueruntesurientes.Venitfames,
1786 3204 1889 3242 non
1920 3189 1962 3244 ο
1995 3197 2147 3243 cator
2194 3202 2367 3254 eram,
2417 3197 2474 3242 et
2522 3188 2573 3241 in
2604 3189 2813 3244 delictis
2879 3190 3128 3244 vivebam
3164 3210 3178 3246 :
3207 3192 3556 3247 mortiﬁcavit

331 3280 498 3334 fames
530 3280 700 3352 panis,
739 3296 910 3350 neque
934 3295 1087 3349 aqua:
1111 3280 1250 3347 sitis,
1270 3280 1361 3334 sed
1390 3279 1637 3333 audiendi
1669 3279 1888 3332 verbum

329 3374 534 3429 Domini
561 3374 625 3427 “.
645 3372 932 3442 Propterea
960 3386 1091 3435 ergo
1120 3389 1139 3422 ι
1163 3371 1465 3425 esurientes
1488 3370 1890 3438 dereliquerunt

325 3476 603 3530 usquequo
624 3461 824 3515 sterilis
848 3462 1055 3528 peperit
1081 3469 1311 3528 septem,
1341 3470 1396 3515 et
1418 3460 1645 3515 fecunda
1680 3458 1734 3513 in
1759 3458 1886 3515 ﬁliis

325 3556 595 3608 inﬁrmata
623 3564 703 3609 est
721 3554 787 3609 “.
814 3553 963 3607 Multi
987 3552 1128 3606 enim
1157 3553 1247 3606 ﬁlii
1283 3553 1507 3606 deserta:
1535 3552 1708 3622 magis
1728 3567 1888 3620 quam

322 3644 437 3709 eius
462 3660 581 3713 qum
608 3645 773 3699 habet
798 3645 969 3698 virum
991 3644 1058 3697 ".
1092 3664 1109 3695 ι
1149 3643 1363 3698 Sterilis
1394 3651 1478 3698 est
1508 3652 1680 3697 mater
1704 3653 1888 3697 nostra

326 3734 597 3802 Ecclesia,
630 3738 742 3791 lucc
784 3736 993 3806 peperit
1026 3746 1254 3804 septem,
1283 3735 1651 3804 septenarium
1681 3734 1892 3789 scilicet

325 3841 631 3891 numerum,
664 3828 751 3882 cui
780 3828 995 3897 requies
1021 3826 1257 3895 ascripta
1289 3834 1392 3881 est.
1422 3844 1439 3877 ι
1475 3825 1543 3881 Ει
1574 3825 1798 3880 fecunda
1836 3827 1889 3881 in

568 4096 731 4170 490
761 4097 1001 4167 Origenis
1031 4099 1084 4170 in
1120 4100 1274 4170 primi
1302 4099 1421 4151 libri
1453 4098 1649 4165 Regum

618 4186 734 4236 cap.
772 4183 959 4221 nvtti.
982 4168 1129 4222 -οε
1154 4168 1600 4239 Ειιθαειιὶηιξμιιο.

397 4279 524 4345 Qua:
556 4278 692 4333 lecta
725 4278 1047 4341 audivimus,
1077 4279 1226 4347 plura
1269 4288 1394 4333 sunt
1428 4297 1442 4332 :
1474 4280 1541 4332 de
1573 4279 1638 4332 iis
1669 4281 1720 4332 in
1751 4280 1887 4334 duas

328 4383 509 4439 partes
550 4371 738 4424 divisis
785 4384 960 4423 sermo
1005 4371 1161 4424 nobis
1194 4371 1472 4425 habendas
1497 4370 1625 4425 erit.
1668 4369 1796 4435 Quae
1822 4370 1889 4425 de

396 4509 666 4581 f'mliphes.
704 4526 779 4581 vl,
822 4509 1033 4581 M._16,
1073 4510 1156 4565 Π.
1258 4509 1302 4541 ³⁸
1330 4509 1367 4581 il
1402 4510 1535 4581 Reg.
1582 4509 1735 4581 tu}.

326 4581 371 4613 ‘°
395 4577 414 4632 1
442 4579 572 4645 Reg.
607 4596 663 4635 ιι.
695 4580 747 4633 5.
850 4582 891 4611 ⁸¹
932 4579 1086 4633 Deut.
1126 4596 1295 4638 xxx".
1320 4580 1406 4635 15.

326 4651 371 4681 ⁸⁸
399 4649 497 4706 lsa.
524 4664 599 4713 at,
638 4649 692 4713 2,
720 4652 774 4705 5.
876 4651 918 4681 ⁸⁷
946 4652 965 4703 ι
997 4648 1126 4719 Reg.
1160 4666 1219 4715 ιι,
1256 4650 1307 4703 6.

396 4788 472 4856 (Ι)
527 4787 1000 4856 Ἀναγνωσθὲντα
1027 4785 1277 4841 πλεῖοι-ἀ
1306 4787 1454 4840 ἐστι.
1486 4785 1543 4843 Id
1584 4788 1747 4841 moris
1784 4794 1902 4842 erat

326 4863 464 4924 apud
502 4868 738 4919 vi-terrs,
775 4860 848 4910 titi
884 4858 936 4910 in
984 4857 1171 4911 homil.
1204 4857 1274 4911 20
1315 4859 1364 4909 in
1388 4856 1513 4910 Jusu
1548 4858 1726 4922 Nave,
1769 4873 1890 4924 cap.

330 4928 415 4990 15,
448 4925 859 4990 adnutabamus,
889 4940 945 4980 ut
977 4943 1097 4980 cum
1141 4927 1205 4979 ad
1243 4942 1397 4981 sacra
1430 4929 1706 4989 coiissent,
1743 4937 1892 4982 certa

327 4999 569 5065 quicdam
616 4996 914 5065 Scriptura:
960 4998 1137 5065 capita
1185 4997 1378 5065 populo
1432 4999 1892 5065 prmlegerentur,

326 5084 442 5134 cpite
492 5068 606 5119 fusa
658 5068 1002 5135 postmodum
1032 5067 1300 5130 oratione,
1353 5066 1421 5121 ad
1464 5066 1750 5135 arbitrium
1783 5067 1895 5135 cpi-

326 5138 499 5205 scopi,
539 5145 595 5190 et
633 5134 697 5189 ad
723 5135 1049 5205 praefinitum
1088 5148 1317 5205 tempus,
1346 5134 1700 5205 praesentibus
1729 5134 1891 5188 etiam

326 5201 738 5262 i-atecbuinenis
801 5207 1151 5260 concionator
1199 5201 1549 5273 'cxpla'inaret.
1622 5201 1885 5273 Origenes

326 5279 484 5342 paulo
535 5276 762 5331 inferius
813 5293 827 5329 :
882 5276 1173 5346 Τεσσάρων
1228 5270 1403 5329 οὐσῶν
1437 5270 1786 5346 περικοπῶν,
1820 5270 1893 5328 ὧν

327 5349 531 5420 ἑκάστη
556 5349 852 5420 πράγματα
884 5347 982 5420 οςῦκ
1014 5345 1167 5420 ρλίγα
1212 5347 1352 5420 ἔχει,⁸
1375 5345 1637 5420 findunt
1661 5348 1772 5420 τοῖς
1800 5346 1892 5420 διέ-

327 5415 579 5487 ναμένοις
601 5415 875 5484 ἐξετάζειν
902 5416 1174 5487 δυνάμενα
1204 5416 1502 5487 ἁσχολῇσαι
1522 5415 1740 5487 ὧραςᾼοὺ
1767 5418 1892 5484 μιᾶς

331 5485 631 5553 συνάξεως,
669 5488 803 5541 ἀλλὰ
841 5488 935 5541 καὶ
968 5485 1244 5550 πλειόνων,
1286 5488 1314 5539 ὅ
1343 5486 1395 5539 τί
1428 5485 1833 5556 ποτ-ε’βούλεται
1865 5487 1894 5538 ὁ

326 5559 621 5628 ἐπίσκοπος
648 5558 983 5628 προτεινάτω
1006 5556 1112 5609 τῶν
1142 5557 1442 5628 τεσσάρων,
1465 5556 1551 5628 ἵνα
1569 5553 1708 5628 inept
1737 5553 1893 5628 τοῦτο

326 5626 730 5698 ἀσχοληοῶμενέ
754 5628 829 5690 ὡς
858 5628 925 5681 τὰ
954 5627 1086 5697 περὶ
1104 5628 1201 5698 τῆς
1218 5626 1673 5698 ἐγγαστριμύθου,
1705 5626 1889 5695 φησὶν,

329 5700 387 5761 ἐξ
424 5698 679 5761 ταζέσοω.
716 5697 780 5749 Ει
806 5698 896 5750 lib.
934 5714 991 5763 ιιι
1034 5697 1217 5750 contra
1260 5698 1428 5751 Cels.:
1456 5697 1519 5749 Τί
1542 5697 1747 5759 τούτοις
1786 5713 1890 5748 πα-

334 5770 629 5843 ραπλήσιον
662 5768 993 5844 πράττομεν,
1021 5770 1067 5822 οἱ
1106 5769 1198 5826 καὶ
1229 5770 1294 5823 δι’
1331 5768 1766 5840 ἀναγνωσμάτων
1798 5768 1891 5819 καὶ

1836 4509 1879 4541 ³⁷
1922 4508 1941 4561 l
1974 4507 2098 4563 Cor.
2133 4522 2171 4570 I,
2211 4506 2300 4561 27.

1510 4579 1600 4634 “1
1638 4579 1772 4651 Reg.
1803 4596 1864 4646 ιι,
1900 4580 1954 4634 5.

1996 3294 2083 3333 me
2116 3293 2145 3332 a
2176 3281 2433 3348 peccatis,
2466 3280 2603 3334 mori
2635 3295 2719 3333 me
2760 3282 2889 3334 fecit
2917 3282 3041 3335 vitae
3070 3282 3260 3351 priori,
3294 3292 3350 3337 et
3385 3283 3561 3337 viviﬁ-

1996 3371 2141 3426 cabit
2172 3386 2259 3425 me
2299 3381 2357 3427 ut
2395 3372 2448 3426 in
2499 3372 2691 3428 timore
2740 3387 2838 3427 suo
2890 3373 3088 3441 vivam,
3122 3384 3180 3428 ut
3228 3376 3282 3429 in
3317 3375 3421 3428 ﬁde
3461 3390 3560 3429 sua

1994 3474 2152 3531 stem,
2183 3474 2240 3518 ut
2271 3464 2407 3519 ultra
2437 3480 2539 3519 non
2572 3466 2746 3520 vivam
2795 3478 3036 3535 peccato,
3071 3468 3164 3521 sed
3201 3469 3326 3532 Deo,
3360 3468 3448 3536 qui
3473 3482 3561 3523 me

1995 3571 2025 3608 a
2057 3557 2285 3611 mortuis
2330 3557 2630 3624 suscitavit,
2661 3571 2717 3609 ιιι
2758 3559 2809 3611 ἰιι
2853 3559 3094 3613 novitate
3123 3559 3247 3612 vita!
3279 3559 3554 3614 ambulem

1998 3646 2050 3699 in
2081 3646 2298 3701 Christo
2325 3645 2449 3702 Jesu
2489 3646 2716 3702 Domino
2742 3659 2949 3711 nostro,
2985 3649 3071 3702 cui
3093 3658 3176 3703 est
3196 3649 3364 3719 gloria
3382 3659 3437 3703 et
3459 3648 3560 3702 im-

1995 3734 2202 3803 perium
2231 3735 2284 3789 in
2309 3735 2504 3790 szecula
2537 3737 2878 3793 saeculorum.
2906 3737 3099 3792 Amen.

1923 4105 1967 4161 D
2008 4085 2336 4175 Ὠριγένουζι
2372 4108 2457 4171 εἰς
2495 4106 2608 4172 τὴν
2637 4105 2753 4159 τῶν
2777 4104 3106 4159 [Μαλειῶν
3136 4102 3391 4171 πρώτην,
3423 4121 3556 4174 περ.

2226 4182 2334 4243 κη’.
2369 4207 2435 4216 --
2477 4177 2640 4243 Ὑπὲρ
2672 4176 2780 4242 τῆς
2810 4176 3322 4244 Ἐγγαστριμύϋου.

2067 4270 2147 4325 Τὰ
2169 4268 2585 4338 ἀναγνωσθέντα
2630 4266 2852 4320 πλείονα
2887 4269 3002 4318 ἐστι
3033 4265 3130 4335 (1)·
3164 4264 3257 4319 καὶ
3285 4266 3406 4318 ἐπεὶ
3450 4262 3557 4336 χρὴ

1987 4364 2406 4436 ἐπιτεμνόμενον
2435 4364 2605 4415 εἰπεῖν
2633 4362 2752 4415 δυσὶ
2785 4363 3129 4431 περικοπαῖς,
3149 4356 3461 4429 ἀνεγνώσθη
3487 4356 3558 4412 τὰ

2378 4505 2423 4535 ³⁸
2465 4501 2605 4556 Psal.
2655 4517 2841 4563 cxvm,
2885 4500 2967 4554 l4.
3043 4500 3087 4532 ³⁸
3130 4498 3329 4563 Ephes.
3369 4516 3430 4562 ιι,
3467 4500 3553 4553 12.

2059 4578 2104 4608 ⁵³
2140 4581 2327 4640 Amos,
2367 4590 2485 4639 viti,
2516 4575 2594 4627 11.
2671 4572 2717 4603 ⁵⁸
2740 4571 2758 4624 1
2784 4571 2915 4640 Reg.
2948 4587 3009 4633 ιι,
3034 4570 3086 4624 5.
3160 4571 3205 4601 ⁵⁵
3236 4570 3337 4623 isa.
3366 4586 3473 4634 Liv,
3502 4571 3551 4623 1.

2004 4784 2092 4837 διὰ
2123 4782 2231 4835 τῶν
2261 4784 2338 4844 εἰς
2368 4779 2436 4833 τὰ
2462 4776 2863 4848 ἀναγνώτματα
2892 4775 3192 4848 διηγήσεων
3224 4775 3559 4848 προτρέπον-

2003 4871 2095 4916 τες
2135 4853 2231 4924 μὲν
2267 4852 2365 4924 ἐπὶ
2409 4848 2506 4924 τῂν
2545 4846 2623 4924 εἰς
2662 4848 2792 4924 θεὸν
2835 4846 3116 4924 ςτ-ὦνίᾷλων
3149 4846 3467 4924 ερσέὸειαη
3503 4855 3560 4924 et

1999 4917 2187 4977 homil.
2225 4922 2291 4975 12
2338 4924 2388 4974 in
2429 4917 2600 4975 Exod.
2628 4930 2681 4973 et
2711 4918 2896 4971 homil.
2925 4917 2956 4971 7
2994 4919 3045 4970 in
3084 4917 3253 4970 Levit.
3288 4928 3345 4970 et
3371 4919 3556 4971 homil.

1998 4997 2031 5048 ὕ
2054 5003 2109 5046 et
2140 4993 2209 5047 15
2279 4994 2331 5045 in
2370 4990 2528 5044 Num.
2570 4988 2770 5042 Morem
2807 4988 2950 5040 hunc
2983 4992 3256 5048 eli-ganter
3300 4988 3560 5040 describit

1994 5063 2237 5118 Justinus
2264 5060 2481 5130 Apolog.
2510 5061 2565 5115 2.
2592 5058 2700 5112 Nec
2725 5058 2858 5130 viris
2878 5058 3048 5130 solum
3072 5058 3178 5130 Deo
3196 5058 3557 5130 consecratis,

1995 5136 2088 5189 sed
2119 5133 2270 5188 laicis
2299 5126 2463 5185 etiam
2503 5130 2553 5183 id
2594 5128 2831 5182 muneris
2862 5127 3153 5193 aliquando
3187 5126 3423 5194 episcopi
3458 5129 3554 5179 de-

1996 5205 2344 5258 mandabant.
2400 5199 2553 5265 Quod
2598 5200 2650 5251 in
2691 5198 2921 5265 Origene
2962 5197 3194 5250 nondum
3244 5198 3562 5266 presbytero

1995 5275 2196 5329 factum
2230 5275 2296 5327 ab
2322 5272 2626 5325 Alexandro
2646 5267 3156 5337 Hierosolymitano,
3174 5277 3226 5320 et
3246 5266 3563 5323 Theoct.isto

1995 5342 2316 5398 Caesariensi
2370 5341 2637 5410 episcopis
2686 5354 2807 5410 cum
2859 5337 3199 5410 Demetrius_
3221 5338 3564 5410 Alexandriae

1995 5414 2277 5484 episcopus
2304 5407 2741 5484 reprehenderet,
2773 5408 2870 5474 ipsi
2900 5416 3148 5459 auctores
3168 5407 3300 5460 facti
3329 5407 3561 5484 aliorum

1996 5476 2287 5538 multorum
2319 5476 2566 5547 eieiuplo
2610 5486 2965 5540 excusarunt,
3003 5485 3066 5547 ut
3091 5487 3173 5530 est
3207 5477 3347 5545 apud
3382 5476 3558 5531 Euse-

1995 5553 2163 5618 bium,
2192 5553 2283 5607 lib.
2316 5566 2368 5603 vi
2415 5545 2616 5602 Hister.
2646 5549 2798 5612 eccl.,
2843 5563 2965 5615 cap.
2998 5545 3434 5618 i9.Concionem
3462 5548 3561 5600 de—

1996 5616 2158 5675 mum
2193 5619 2497 5687 excipiebat
2530 5620 2771 5686 precatio
2804 5636 2818 5670 :
2853 5618 2995 5684 quod
3014 5616 3265 5687 __discere
3312 5616 3463 5687 licet,
3488 5631 3557 5670 ex

1996 5693 2222 5745 liomilia‘
2288 5684 2357 5744 5‘6
2388 5684 2637 5757 Origenis
2672 5691 2723 5741 in
2757 5687 2979 5748 Lucam.
3013 5684 3138 5740 Β.υο
3167 5686 3503 5757 consuetudo
3525 5701 3557 5740 e

1998 5762 2281 5835 synagogis
2315 5755 2622 5815 Iudico—rum
2663 5760 2715 5814 in
2754 5758 3025 5815 Ecclesias
3056 5757 3259 5813 Christi
3291 5755 3550 5812 transiit:
