4046 6152
508 302 646 358 1013

1589 301 1659 358 ιΝ
1696 308 1960 365 LIBRUM
1992 308 2226 368 REGUM
2273 307 2555 368 HOMILIA
2592 307 2660 365 ll.

3600 284 3741 343 1οη

497 421 624 492 ἑξῆς
651 419 780 493 περὶ¹
807 420 995 477 Ναὸἆλ
1022 421 1113 479 τδν
1148 423 1484 498 Καρμήλιονο
1524 418 1643 478 εἶτα
1679 424 1818 496 μετά
1844 424 1999 478 τοῦτο
2030 426 2060 496 ἡ

2171 424 2370 479 Nabale
2422 420 2674 478 Carmelo
2749 417 3034 490 Scriptura
3109 411 3406 475 narrat“,
3459 410 3733 481 legimus;

497 511 706 585 ἱστορία
734 513 767 584 ή
815 514 942 585 περὶ
972 514 1064 568 τοῦ
1096 515 1399 588 κεκρύφθαι
1443 516 1535 569 τὸν
1577 516 1738 570 Δαυῖδ
1767 516 1916 588 παρά
1954 518 2066 580 τοῖς

496 602 761 675 Ζιφαίοις,
792 605 888 659 καὶ
912 605 1295 679 διαϐεϐλῆσθαι
1343 608 1502 661 αὑτὸν
1539 608 1631 662 ὑπ’
1656 609 1855 673 αὐτῶν,
1881 608 2068 680 ἐληλυ-

497 695 644 748 θέναι
671 695 728 749 δὲ
755 696 846 751 τὸν
869 697 1040 750 Σαοὺλ
1064 698 1381 771 βουλόμενον
1419 699 1598 753 λαϐεῖν
1628 701 1718 754 τὸν
1748 700 1926 763 Δαυῒδ,
1975 702 2069 753 καὶ

496 786 790 858 ἐληλυθότα
829 789 1156 862 ἐπιτηρῆσαι
1205 792 1412 864 καιρὸν,
1463 792 1847 863 ἐπεληλυθέναι
1885 810 1942 845 τε
1991 790 2069 863 τῷ

495 879 668 934 Σαοὺλ
713 881 803 935 τὸν
844 882 1026 948 Δαυῒδ,
1068 884 1163 939 καὶ
1194 884 1494 955 εἰληφέναι,
1529 885 1870 957 κοιμωμένου
1904 882 2067 939 αὑτοῦ

494 976 590 1028 καὶ
618 974 728 1029 τῶν
756 976 1063 1048 φερούντων
1095 978 1171 1048 (2)
1197 978 1379 1042 αὑτὸν,
1414 980 1474 1033 τὸ
1499 980 1623 1051 δόρυ
1656 983 1750 1034 καὶ
1778 982 1869 1035 τὸν
1896 981 2068 1051 φακὸν

493 1065 588 1119 τοῦ
620 1064 826 1130 ὓδατος,
854 1068 948 1121 καὶ
992 1067 1131 1137 μετά
1161 1067 1349 1121 τούτου
1372 1068 1590 1141 ἔλεγχον
1621 1072 2067 1144 προσενηνοχέναι

493 1159 606 1220 τοῖς
629 1157 1079 1228 πεπιστευμένοις
1113 1159 1211 1231 μὲν
1242 1159 1528 1228 φυλάττειν
1557 1162 1741 1228 αὑτὸν,
1766 1164 2070 1235 ἀποκοιμη-

496 1247 632 1300 Osis:
660 1248 737 1302 δέ.
776 1245 907 1302 Εἶτα
928 1249 995 1303 τὰ
1018 1251 1143 1322 ἑξῆς
1174 1254 1207 1323 ἡ
1242 1252 1451 1323 ἱστορία
1485 1248 1553 1324 ἦν
1584 1254 1762 1326 τρίτη,
1790 1255 1872 1308 ὅτι
1910 1256 2070 1308 κατέ-

496 1356 634 1409 φυγε
669 1339 803 1413 πρὸς
834 1342 1011 1414 Ἀχαρ
1033 1341 1255 1413 βασιλέα
1277 1342 1377 1395 Γέθ
1411 1345 1439 1396 ὁ
1461 1343 1641 1409 Δαυῒδ,
1672 1345 1766 1397 καὶ
1782 1344 1913 1416 ὅσην
1942 1337 2068 1417 εὗρε

494 1432 653 1504 χάριν
699 1433 826 1505 παρ’
872 1433 1019 1506 αὑτῴ
1075 1434 1213 1505 μετά
1254 1435 1320 1488 τὰ
1349 1435 1517 1489 πολλὰ
1553 1435 2013 1508 ἀνδραγαθήματα
2038 1436 2067 1488 ὁ

493 1516 672 1583 Δαυῒδ,
707 1519 840 1591 πρὸς
872 1521 953 1585 ὃν,
982 1541 1000 1570 ι
1048 1522 1640 1594 Ἀρχισωματοφύλακα
1670 1524 1902 1596 θήσομαί
1929 1543 2006 1590 σε,
2042 1546 2059 1579 ι

493 1610 678 1680 φησίν.
727 1612 884 1682 Ἑξῆς
912 1612 1121 1677 τούτοις
1145 1610 1212 1685 ἦν
1245 1617 1277 1686 ὴ
1310 1614 1518 1684 ἱστορία
1546 1618 1578 1687 ή
1614 1616 1897 1686 διαϐόητος
1928 1617 2068 1689 ὑπὲρ

490 1700 590 1772 τῆς
613 1702 1047 1776 ἐγγαστριμύθου
1073 1708 1166 1760 καὶ
1192 1708 1322 1778 περὶ
1348 1706 1440 1760 τοῦ
1478 1707 1747 1779 Σαμουήλ-
1779 1709 1860 1761 ὃτι
1892 1705 2066 1771 ἔδοξεν

490 1792 807 1866 ἀηνοχέναι
831 1798 863 1868 ἡ
891 1796 1326 1869 ἐγγαστρίμυθος
1358 1797 1448 1851 τὸν
1475 1798 1746 1870 Σαμουὴλ,
1784 1801 1877 1853 καὶ
1899 1802 1928 1852 ό
1958 1801 2061 1853 Σα-
2098 1783 2134 1840 θ

494 1884 663 1956 μουὴλ
715 1888 1046 1959 προφητεύει
1097 1891 1172 1961 (5)
1207 1890 1282 1961 τῷ
1318 1890 1510 1944 Σαούλ.
1556 1892 1846 1964 Τεσσάρων
1888 1893 2062 1946 οὐσῶν

490 1977 801 2046 περικοπῶν
826 1979 923 2050 (4),
963 1974 1037 2033 ὧν
1066 1982 1267 2054 ἑκάστη
1297 1983 1595 2054 πράγματα
1630 1985 1730 2037 οὐκ
1751 1984 1901 2054 ὀλίγα
1928 1986 2058 2057 ἔχει,

490 2066 626 2121 ἀλλὰ
666 2069 895 2134 καὶτοῖς
925 2070 1240 2143 δυναμένοις
1276 2072 1550 2139 ἐξετάζειν
1592 2075 1862 2146 δυνάμενα
1910 2077 2066 2148 ἀσχο-

489 2158 652 2230 λῆσαι
698 2160 846 2233 ὥρας
882 2163 942 2216 οὐ
986 2165 1115 2234 μιᾶς
1152 2165 1442 2231 συνάξεως,
1477 2167 1613 2221 ἀλλά
1655 2168 1748 2221 καὶ
1782 2168 2058 2231 πλειόνων,

486 2251 517 2306 δ
544 2252 599 2305 τί
630 2270 759 2306 ποτε
794 2253 1039 2323 βούλεται
1069 2256 1097 2308 ὁ
1125 2255 1421 2321 ἐπίσκοπος
1442 2259 1777 2330 προτεινάτω
1812 2258 1918 2311 τῶν
1949 2276 2063 2312 τεσ-

490 2345 694 2416 σάρων,
730 2346 815 2399 ἵνα
845 2348 973 2419 περὶ
995 2347 1152 2402 τοῦτο
1174 2349 1578 2423 ἀσχοληθῶμεν·
1607 2352 1682 2416 ὡς
1714 2351 1781 2405 τὰ
1809 2352 1935 2423 περὶ
1960 2351 2061 2422 τῆς

487 2438 953 2511 ἐγγαστριμύθου,
996 2442 1182 2512 φησὶν,
1211 2440 1562 2506 ἐξεταζέσθω.
1596 2443 1773 2494 Ἔνιαι
1797 2442 1894 2512 μὲν
1923 2442 2063 2493 ἱστο-

491 2530 602 2600 ρίαι
625 2518 725 2602 οὐχ
753 2530 1202 2605 ἆπτονταιὴμῶν·
1221 2531 1363 2587 οὕτω
1391 2534 1435 2586 δ’
1458 2528 1631 2597 εἶπον,
1664 2533 1910 2604 ἱστορίαι,
1938 2532 2061 2585 ἐπεὶ

486 2622 697 2677 οὐδέπω
754 2623 1024 2695 φθάνομεν
1062 2624 1154 2677 ἐπὶ
1185 2625 1254 2679 τὰ
1278 2625 1377 2695 τῆς
1415 2625 1728 2695 ἀναγωγῆς.
1760 2624 1923 2677 rrach
1982 2622 2059 2694 τῷ

486 2713 648 2767 εἰδότι
666 2715 907 2783 ἀνάγειν,
932 2716 964 2787 ἢ
990 2715 1207 2769 ἀκούειν
1226 2717 1572 2787 ἀναγομένων
1604 2718 1848 2787 χρήσιμα
1871 2716 2054 2768 πᾶσιψ

486 2801 595 2858 οἷον
623 2806 698 2870 ὠς
723 2806 813 2859 ἐπὶ
831 2806 1269 2879 παραδείγματος
1297 2809 1329 2877 ἡ
1364 2807 1624 2878 ἱστορίαή
1656 2809 1782 2877 περὶ
1815 2809 1908 2862 τοῦ
1935 2809 2058 2864 Λὼτ

488 2900 582 2954 καὶ
606 2899 714 2954 τῶν
737 2898 1051 2972 θυγατέρων
1089 2900 1273 2955 αὐτοῦ.
1304 2902 1369 2954 Εἰ
1406 2902 1587 2972 μέντοι
1616 2902 1757 2957 κατὰ
1802 2902 1898 2974 τὴν
1921 2905 2057 2958 ἀνα-

486 2992 672 3064 γωγὴν
699 2990 808 3062 ἔχει
847 2994 1134 3064 χρήσιμον,
1168 2992 1301 3058 Θεὸς
1326 2988 1453 3057 οἶδε,
1475 2994 1567 3046 καὶ
1593 2987 1637 3061 ᾧ
1663 2993 1729 3049 ἂν
1764 2996 2056 3067 χαρίσηται

487 3084 612 3146 τοὺς
634 3082 825 3151 λόγους
857 3084 1096 3147 ἐκείνους
1118 3083 1409 3150 ἐξετάζεινο
1448 3087 1496 3139 εί
1525 3086 1583 3139 δὲ
1608 3085 1749 3140 κατά
1781 3088 1881 3159 τὴν
1912 3091 2055 3141 ἱστο-

491 3174 610 3244 ρίαν
641 3171 900 3246 ζητήσαις
928 3172 1014 3236 ἂν,
1040 3175 1092 3228 τί
1127 3175 1234 3245 γὰρ
1257 3175 1444 3244 ὄφελός
1476 3194 1565 3247 μοι
1604 3178 1669 3231 ἐκ
1701 3179 1799 3249 τῆς
1820 3178 2057 3251 ἱστορίας

487 3264 587 3333 τῆς
611 3264 846 3336 περὶτοῦ
874 3263 995 3319 Λὼτ
1023 3267 1115 3319 καὶ
1127 3266 1231 3320 τῶν
1250 3266 1564 3338 θυγατέρων
1589 3269 1753 3323 αὑτοῦ
1774 3287 1789 3336 ;
1825 3271 2057 3342 Ὁμοίως

487 3358 539 3409 τί
577 3357 767 3428 ὄφελός
816 3376 905 3429 μοι
932 3358 1117 3424 ἁπλῶς
1150 3360 1400 3431 λεχθεῖσα
1426 3363 1459 3432 ἡ
1484 3364 1693 3435 ἱστορία
1730 3367 1763 3435 ἡ
1799 3366 1927 3436 περὶ
1967 3365 2059 3418 τὸν

487 3449 660 3504 Σαοὺλ
689 3451 784 3505 καὶ
799 3452 901 3525 τὴν
913 3452 1346 3525 ἐγγαστρίμυθον
1365 3472 1379 3519 ;
1395 3454 1618 3509 Πάντων
1637 3456 1865 3510 ἅπτεται
1890 3458 2058 3526 ἀναγ-

489 3542 618 3594 καία
647 3541 874 3612 ἀλήθεια
906 3544 1047 3598 κατά
1078 3545 1168 3597 τὸν
1214 3545 1388 3614 λόγον·
1440 3546 1522 3611 τίς
1557 3547 1685 3618 γὰρ,
1727 3547 2060 3617 ἀπαλλαγεὶς

487 3633 679 3685 τούτου
711 3634 802 3687 τοῦ
829 3634 963 3704 βίου,
994 3635 1134 3689 θέλει
1161 3632 1297 3689 εἶναι
1331 3638 1435 3690 ὑπὸ
1467 3636 1713 3702 ἐξουσίαν
1746 3638 2055 3709 δαιμονίους

492 3721 607 3775 ’ἱνα
637 3724 1068 3797 ἐγγαστρίμυθυς
1095 3728 1349 3801 ἀναγάγῃ
1371 3729 1430 3781 οὐ
1460 3728 1548 3783 τὸν
1580 3729 1809 3799 τυχόντα
1828 3730 1932 3784 τῶν
1964 3748 2062 3784 πε·

490 3817 875 3884 πιστευκότων,
916 3817 1051 3872 ἀλλά
1094 3819 1344 3891 Σαμουὴλ
1382 3821 1472 3873 τὸν
1496 3823 1799 3893 προφήτην,
1842 3824 1968 3894 περὶ
2000 3818 2060 3877 οὗ

487 3922 653 3977 φησιν
692 3911 720 3962 ὁ
751 3909 883 3974 Θεὸς
931 3910 1021 3964 διὰ
1069 3911 1163 3965 τοῦ
1204 3914 1490 3984 Ἱερεμίου·
1531 3932 1549 3964 ι
1591 3914 1713 3967 Οὐδ’
1748 3913 1813 3967 ἂν
1858 3916 2062 3987 Μωσῆς

490 4001 583 4054 γα).
623 4001 874 4074 Σαμουὴλ
905 4003 1011 4075 πρὸ
1061 4003 1348 4074 προσώπου
1385 4021 1508 4075 μου,
1543 4005 1664 4058 οὐδὲ
1691 4005 1891 4059 τούτων
1948 4007 2060 4059 εισ-

562 4182 607 4213 ⁸³
634 4182 648 4235 Ι
683 4183 811 4248 Reg.
840 4200 955 4238 xm.

494 4268 579 4307 xv.
620 4258 663 4308 l.
770 4255 815 4286 ³⁸
851 4256 991 4311 Psal.
1024 4271 1210 4321 xcvm,
1237 4255 1291 4314 ϐξ

1062 4184 1106 4217 ⁸⁸
1136 4184 1153 4239 Ι
1190 4186 1317 4256 Reg.
1396 4202 1543 4241 xxvr.
1602 4189 1647 4219 "°
1674 4189 1804 4244 ibid.
1838 4191 1922 4245 l2.
1978 4190 2060 4244 “l
2088 4190 2216 4260 Reg.
2252 4202 2418 4242 xxvn.
2467 4187 2512 4217 δ’
2547 4184 2725 4255 lReg.
2758 4182 3006 4247 xxvttt,2.
3082 4182 3127 4215 ⁸³
3150 4182 3280 4237 ibid.
3304 4181 3360 4236 8.

2169 517 2404 587 posthinc
2447 512 2829 569 occultationis
2858 509 3076 564 Davidis
3103 508 3240 577 apud
3274 506 3522 574 lehteos
3563 506 3735 559 histo-

2170 610 2303 663 riam
2335 609 2403 674 δ’,
2434 607 2583 661 illum
2619 604 2689 659 ab
2721 606 2801 659 eis
2825 613 3163 665 accusatum,
3199 599 3483 653 advenisse
3513 596 3733 653 Saulem

2167 716 2233 756 eo
2260 701 2463 764 animo,
2510 709 2570 753 ιιι
2599 697 2853 752 Davidem
2894 706 3143 766 caperet;
3188 702 3243 747 et
3271 706 3393 746 cum
3425 691 3734 745 advenisset

2172 802 2383 860 tempus
2415 802 2798 862 exspectasse;
2834 787 3218 856 supervenisse
3260 783 3406 839 Sauli
3455 783 3730 845 Davidem,

2169 884 2365 955 illoque
2424 898 2487 937 ac
2550 881 2695 936 illius
2750 878 3062 935 custodibus
3111 875 3545 941 dormientibus,
3615 875 3734 929 lan-

2169 992 2318 1030 ceam
2363 984 2419 1030 et
2449 989 2599 1044 aquae
2653 970 2960 1025 lenticulam
3007 969 3350 1038 rapuisse”;
3406 977 3593 1038 postea
3626 967 3734 1022 illis

2168 1067 2260 1137 qui
2290 1066 2432 1120 illius
2468 1063 2723 1119 custodes
2747 1071 2922 1127 erant,
2951 1062 3248 1117 revelasse.
3285 1058 3544 1128 Sequitur
3570 1057 3732 1113 tertia

2169 1158 2412 1212 narratio
2434 1157 2500 1220 ³η,
2535 1153 2789 1209 Davidem
2830 1155 2898 1209 ad
2944 1154 3124 1208 Achar
3174 1168 3354 1222 regem
3389 1150 3525 1206 Getlt
3582 1153 3730 1204 auru-

2140 1252 2331 1320 'gisse,
2362 1261 2415 1304 et
2448 1266 2609 1321 quant
2643 1249 2849 1303 invenit
2876 1247 3107 1318 gratiam
3143 1244 3310 1298 David
3339 1253 3458 1314 post
3492 1259 3576 1298 res
3597 1260 3733 1313 pra:-

2167 1343 2311 1398 clare
2339 1351 2540 1413 gestas,
2590 1342 2654 1396 ad
2706 1356 2887 1411 quem,
2922 1359 2940 1392 ι
2971 1338 3231 1409 Corporis
3282 1339 3387 1392 mei
3450 1338 3730 1392 custodem

2169 1435 2490 1490 constituam
2530 1443 2601 1493 te.
2644 1452 2663 1484 ι
2704 1434 2877 1503 inquit
2905 1433 2971 1486 ⁸².
3011 1431 3209 1487 Ultima
3249 1430 3490 1486 omnium
3527 1438 3611 1485 est
3643 1443 3734 1485 ce-

2167 1527 2334 1583 lebris
2382 1527 2608 1582 historia
2653 1526 2719 1581 de
2752 1526 3089 1594 ventriloqua
3128 1534 3184 1580 et
3219 1523 3473 1579 Samuele
3500 1523 3569 1577 ⁸³.
3607 1522 3730 1578 Visa
3810 1536 3815 1551 '

2166 1635 2399 1690 namque
2413 1629 2499 1675 est
2520 1619 2855 1688 ventriloqua
2880 1618 3183 1673 Samuelem
3209 1631 3461 1673 evocasse
3481 1634 3495 1682 ;
3515 1614 3731 1671 Samuel

2170 1709 2317 1765 Sauli
2368 1711 2715 1767 vaticinatur.
2761 1707 3025 1776 Quaelibet
3078 1707 3272 1762 harum
3308 1707 3562 1776 partium,
3614 1721 3733 1774 qua:

2171 1812 2405 1873 quatuor
2428 1811 2573 1867 sunt,
2604 1816 2784 1855 rerum
2804 1800 2981 1869 copia,
3001 1800 3163 1853 etiam
3184 1798 3267 1852 his
3290 1798 3381 1867 qtti
3398 1797 3548 1852 hisce
3572 1797 3733 1851 rebus

2169 1895 2538 1952 examinandis
2557 1894 2667 1965 apti
2690 1905 2833 1960 sunt,
2867 1908 2976 1947 non
3000 1890 3180 1956 unius,
3205 1888 3299 1945 sed
3325 1888 3614 1959 plurimum
3637 1889 3729 1940 ho-

2169 2003 2351 2043 rarum
2370 2002 2715 2060 congressum
2735 1984 3065 2053 oceupando,
3088 1981 3356 2053 negotium
3378 1981 3622 2036 lacesset.
3636 1977 3732 2032 Αἰ·-

2170 2078 2370 2134 bitratu
2396 2094 2494 2133 suo
2518 2086 2747 2147 partem,
2773 2091 2933 2145 quam
2967 2073 3100 2139 vult,
3136 2079 3400 2144 proponat
3421 2071 3726 2142 episcopus,

2168 2178 2227 2223 ut
2251 2168 2303 2222 in
2325 2168 2376 2222 id
2394 2168 2629 2222 studium
2650 2175 2891 2221 nostrum
2909 2165 3271 2221 conferamus.
3292 2164 3419 2230 Quae
3440 2164 3506 2218 de
3526 2163 3733 2217 ventri—
3816 2163 3821 2230 ἶ

2170 2259 2324 2329 loqua
2347 2266 2658 2321 narrantur,
2671 2258 2768 2321 ait,
2787 2255 3180 2311 examinentur.
3198 2252 3477 2308 Nonnullae
3494 2252 3743 2307 historias

2169 2348 2354 2404 n'ostra
2373 2364 2479 2402 non
2503 2348 2793 2403 intersunt.
2818 2346 2892 2399 Ita
2911 2360 3036 2401 vero
3057 2343 3269 2398 locutus
3295 2358 3411 2398 sum
3434 2360 3448 2407 ;
3479 2343 3730 2412 quando-

2167 2440 2386 2509 quidem
2418 2438 2485 2493 ad
2525 2438 2755 2494 altiores
2784 2451 2965 2492 rerum
3005 2450 3230 2501 sensus,
3278 2434 3731 2502 sublimioresqne

2168 2529 2406 2584 nondum
2439 2527 2807 2597 pervenimus,
2836 2523 2929 2594 qui
2962 2523 3215 2577 omnibus
3249 2520 3411 2576 utiles
3439 2529 3587 2585 sunt,
3619 2530 3729 2572 tum

2168 2619 2236 2674 iis
2258 2620 2347 2687 qui
2366 2618 2489 2673 illos
2508 2616 2779 2687 proferre,
2804 2624 2917 2669 tum
2939 2614 3005 2669 iis
3026 2613 3119 2682 qui
3138 2612 3259 2667 illos
3275 2611 3462 2666 audire
3481 2618 3727 2680 possunt.

2164 2710 2323 2783 491
2364 2708 2679 2778 Exemplum
2715 2714 2798 2761 est
2844 2706 3067 2761 historia
3101 2705 3171 2759 de
3202 2702 3303 2759 Lot
3366 2712 3422 2757 et
3451 2701 3568 2770 eius
3594 2699 3729 2754 ﬁlia-

2166 2805 2285 2858 bus.
2321 2802 2377 2856 Si
2407 2804 2566 2855 senst't
2614 2801 2868 2871 mystico,
2909 2812 2974 2851 ac
3023 2796 3321 2861 recondito,
3352 2794 3589 2861 aliquam
3619 2807 3730 2861 prie

2166 2909 2226 2948 se
2272 2891 2377 2948 fert
2421 2893 2736 2956 utilitatem,
2763 2892 2904 2945 Deus
2949 2890 3119 2950 novit,
3145 2897 3199 2940 et
3230 2887 3275 2941 is
3308 2887 3397 2942 cui
3439 2886 3580 2940 Deus
3604 2899 3706 2954 ωτι

2171 2987 2298 3039 tiam
2331 2984 2562 3040 contulit
2602 2996 2885 3038 sermones
2929 2980 3048 3035 illos
3101 2977 3471 3034 examinandi.
3508 2974 3565 3030 Si
3597 2990 3749 3029 vero-

2166 3084 2462 3140 secundum
2488 3082 2726 3136 historia:
2755 3080 2950 3134 seriem
2984 3078 3283 3148 perquiras.
3306 3074 3522 3130 cuinam
3556 3073 3729 3127 histo-

2167 3176 2243 3231 ria
2270 3174 2393 3241 Lot,
2425 3174 2677 3244 illiusque
2706 3172 2937 3226 ﬁliarum
2971 3170 3190 3225 utilitati
3219 3168 3352 3223 mihi
3376 3166 3491 3222 est?
3521 3165 3729 3220 Simili-

2167 3278 2250 3322 ter
2302 3267 2572 3337 quodnam
2622 3265 2753 3320 mihi
2798 3266 2910 3333 jam
2970 3263 3114 3318 dicta
3160 3262 3229 3316 de
3285 3259 3625 3328 ventriloqua
3675 3267 3731 3312 et

2144 3355 2327 3411 'Saule
2360 3356 2587 3410 historia
2616 3355 2778 3409 atfert
2809 3350 3471 3410 emolumentum?0mnia
3507 3348 3728 3416 veritas,

2166 3462 2287 3518 qua:
2314 3451 2366 3501 in
2400 3462 2651 3503 sermone
2677 3457 2782 3511 est,
2808 3446 3116 3501 necessario
3136 3452 3373 3513 superat.
3399 3439 3531 3507 Quis
3558 3441 3749 3506 enim,_

2166 3541 2420 3612 praesenti
2463 3541 2571 3595 vita
2619 3540 2856 3604 deserta,
2888 3539 2988 3594 sub
3028 3545 3297 3608 potestate
3328 3538 3585 3592 daemonis
3610 3550 3733 3590 esse

2166 3632 2330 3687 velit?
2358 3631 2785 3699 Utventriloqua
2816 3638 3006 3686 evocet
3050 3646 3157 3685 non
3192 3646 3223 3685 e
3255 3630 3504 3685 fidelibus
3539 3643 3726 3691 unum,
3762 3690 3771 3703 δ

2169 3727 2262 3780 sed
2312 3723 2615 3779 Samuelem
2656 3724 2993 3793 prophetam,
3025 3722 3090 3775 de
3117 3737 3224 3791 quo
3262 3722 3401 3775 Deus
3439 3736 3534 3791 per
3575 3719 3729 3775 Jere-

2166 3819 2329 3872 miant
2372 3816 2647 3871 dixerat“
2674 3834 2687 3868 :
2718 3833 2737 3866 ι
2768 3814 2950 3883 Neque
2977 3817 3021 3869 si
3052 3814 3267 3886 Moyses
3300 3823 3354 3869 et
3385 3813 3602 3868 Samuel
3631 3830 3728 3866 an-

2167 3921 2218 3963 te
2253 3908 2445 3963 faciem
2501 3923 2696 3972 meam,
2748 3922 2842 3960 eos
2898 3906 3217 3970 exaudiam;
3248 3924 3266 3957 ι
3322 3906 3388 3958 de
3440 3919 3550 3974 quo
3598 3905 3726 3957 item

2166 4001 2432 4072 Propheta
2461 3998 2663 4054 fatetur
2685 3998 2740 4052 in
2767 3997 2982 4067 hymnis
3002 3997 3086 4050 ”:
3119 4014 3136 4047 ι
3183 3994 3391 4065 Moyses
3440 4002 3496 4050 et
3545 3995 3725 4048 Aaron

3454 4180 3501 4213 "
3521 4179 3727 4236 Jcrem.

492 4412 564 4466 ibi
593 4410 734 4485 enim
752 4419 905 4485 erant
933 4410 1298 4485 ἀναγνῶσται,
1328 4421 1382 4485 et
1405 4415 1471 4468 ad
1503 4428 1784 4485 suosunus
1810 4413 2056 4485 Scriptu-

2234 4414 2314 4479 (5)
2355 4409 2973 4485 Hpogpntepet._Forte
2993 4410 3303 4485 legendum,
3336 4407 3721 4485 ειιεῳφητειίιειν.⁵

495 4498 610 4535 ram
644 4482 696 4534 in
723 4481 992 4553 sectiones
1019 4483 1216 4553 popqu
1235 4483 1600 4553 prmlegendas
1622 4481 2050 4550 distribuebant;

492 4561 545 4604 et
577 4566 696 4619 quae
742 4551 998 4623 praelecta
1047 4551 1284 4617 fuerant,
1319 4551 1749 4623 exponebantur.
1804 4555 1954 4622 Quod
2007 4556 2050 4611 si

491 4632 785 4694 extraneus
838 4620 1054 4694 aliquis
1087 4620 1404 4694 dignitate,
1459 4626 1733 4678 tneritisve
1792 4620 2052 4694 praestans

492 4693 725 4760 adesset,
768 4694 976 4756 copiam
1010 4691 1056 4745 ei
1087 4690 1295 4760 legendi
1344 4705 1398 4747 et
1430 4695 1728 4749 disserendi
1763 4690 2050 4751 faciebant.

492 4758 679 4833 Eidem
724 4761 809 4815 his
838 4760 1047 4815 faciunt
1080 4758 1201 4830 quin
1248 4772 1433 4817 narrat
1480 4762 1676 4831 Lucas,
1709 4781 1827 4833 cap.
1864 4782 1939 4830 tv,
1963 4766 2052 4832 16,

494 4830 584 4893 17,
615 4839 669 4885 et
707 4845 853 4900 seq.,
903 4841 958 4884 et
989 4833 1107 4885 Act.
1155 4847 1277 4898 χιιι,
1309 4849 1417 4895 xtv,
1464 4848 1553 4900 xv,
1587 4830 2053 4890 xxvn.'Eumdem

493 4901 660 4974 igitur
686 4899 1073 4974 dividendzein
1103 4904 1408 4973 περικοπὰς
1446 4899 1760 4974 Scriptum,
1784 4915 1838 4960 et
1871 4906 1936 4959 ad
1961 4922 2059 4974 po-

493 4970 1056 5042 pulumAprgelegendq:
1119 4970 1538 5042 et‘exponendte
1570 4970 1784 5029 'ntorent
1829 4970 2057 5042 usurpa-

495 5038 627 5117 runt
660 5038 1293 5117 C_ltris_tiani.__Quoniant
1337 5053 1515 5117 autem
1564 5045 1856 5114 aliquando
1902 5038 2057 5117 περι-

492 5110 656 5184 κοπή-
686 5109 913 5178 longior,
945 5110 1235 5179 aliquando
1265 5112 1501 5184 brevior,
1555 5109 1782 5184 qua-tque
1815 5109 2056 5170 versicu-

494 5182 602 5236 lunt
626 5182 888 5256 duntaxat
921 5196 1084 5234 unum
1129 5183 1457 5256 contineret,
1483 5182 1706 5256 populo
1729 5186 2053 5256 praelegeba-

496 5263 604 5316 tur,
639 5250 761 5304 inde
791 5251 991 5325 factum
1025 5259 1083 5305 ut
1118 5252 1452 5325 ἀνάγνωσμα
1482 5250 1620 5307 idem
1654 5250 1741 5309 sit'
1760 5250 2055 5325 aliquando

494 5336 556 5374 ac
581 5323 894 5392 Αιτερικοιτὴ.Δ
919 5319 1208 5392 aliquando
1239 5319 1394 5392 idem
1444 5339 1512 5392 ac
1543 5319 1869 5379 versiculus:
1900 5325 2052 5378 Ἀνα-

494 5389 721 5463 γνὼσεις
748 5389 1274 5463 εειιάναγνώσματα
1302 5391 1471 5447 Gra-ci
1500 5391 1709 5457 Patres,
1751 5394 1924 5447 Latini
1978 5396 2053 5449 le-

496 5462 705 5531 cti_0nes
727 5460 1017 5531 appellant,
1040 5460 1179 5516 unde
1204 5465 1469 5530 hodieque
1500 5465 1552 5516 in
1588 5463 1803 5531 liturgia
1836 5467 2013 5518 missae
2033 5505 2048 5527 ,

505 5549 523 5600 ι
562 5529 723 5600 lectio
765 5529 1041 5600 epistolae:
1081 5551 1100 5584 ι
1146 5533 1270 5585 inde
1313 5529 1474 5586 etiam
1522 5529 1776 5598 lectores;
1829 5534 1951 5587 inde
2001 5544 2055 5588 et

502 5598 835 5655 h-etinuaria.
869 5600 1006 5655 Vide
1036 5616 1133 5657 nos
1174 5603 1227 5656 itt
1267 5601 1427 5657 .loan.
1477 5619 1537 5667 ιι,
1574 5602 1641 5656 12
1675 5616 1727 5657 et
1757 5620 1871 5674 seq.
1909 5603 2051 5660 Hus-

402 5676 419 5694 ‘
499 5684 643 5726 tios.

572 5738 652 5809 (2)
682 5739 1041 5805 Φερωίντων.
1070 5738 1449 5811 Scribenlum,
1472 5742 1920 5816 δορυφορούντων.

2233 4485 2310 4554 (4)
2349 4480 2711 4554 Περικοπῶν.
2760 4480 3072 4554 Περικοπάς
3111 4480 3196 4534 hic
3221 4480 3468 4554 appellat,
3508 4494 3629 4550 quae
3671 4483 3724 4541 in

2164 4551 2358 4608 usitata
2431 4553 2716 4607 bibliorum
2772 4551 3119 4606 distinctione
3175 4551 3352 4617 capita
3405 4559 3722 4610 censentur.

2162 4625 2479 4692 Quanquam
2503 4623 2605 4676 alia
2630 4631 2757 4675 tunc
2790 4631 2909 4675 erat
2931 4635 3209 4676 sacrorum
3241 4620 3503 4673 librorum
3530 4620 3725 4692 divisio

2162 4691 2501 4764 atquenmte
2534 4702 2657 4764 est:
2695 4706 2822 4764 suos
2862 4693 3007 4744 enim
3057 4705 3268 4764 versus.
3318 4704 3414 4764 sua
3463 4691 3722 4760 capitula,

2164 4760 2291 4820 suos
2325 4763 2507 4817 titulos
2552 4763 2819 4818 habebant
2860 4777 2889 4815 a
2936 4760 3137 4816 nostris
3162 4760 3323 4828 plane
3359 4761 3631 4815 diversos.
3664 4764 3722 4819 ω

2166 4845 2404 4888 veterum
2436 4832 2732 4903 Scriptum
2774 4832 3125 4899 interpretum
3161 4830 3540 4903 commentarii
3586 4835 3725 4890 satis

2146 4905 2414 4973 probant,
2445 4903 2538 4970 qui
2562 4899 2694 4973 suis
2723 4903 2958 4973 distincti
2986 4908 3111 4955 sunt
3140 4899 3439 4969 capitibus,
3467 4915 3496 4954 a
3521 4907 3724 4961 nostris

2162 4971 2384 5028 omnino
2413 4973 2624 5028 alienis.
2655 4971 2903 5042 Vulgata,
2923 4973 3207 5042 istaiquam
3237 4985 3580 5042 usurpamus,
3611 4974 3724 5030 dis-

2144 5044 2354 5111 tinctio
2400 5045 2669 5099 recentior
2709 5041 2822 5110 est;
2880 5058 2981 5099 nec
3019 5041 3316 5112 Scriptura:
3369 5041 3593 5112 solum,
3626 5048 3722 5100 sed

2162 5116 2493 5169 exoticorttm
2539 5110 3251 5184 quorumdamauctorum,
3288 5110 3381 5181 qui
3421 5111 3573 5184 _olim_
3612 5130 3719 5168 uno

2162 5195 2417 5239 contextu
2433 5194 2489 5240 et
2511 5181 2652 5239 serie
2678 5181 2953 5253 descripti,
2969 5183 3083 5237 suis
3099 5196 3242 5253 nunc
3253 5182 3722 5253 orttati‘capitibus

2163 5267 2214 5309 et
2230 5255 2398 5309 titulis
2412 5255 2680 5310 videntur.
2699 5254 2753 5306 ld
2775 5251 2901 5307 ante
2917 5267 3088 5307 annos
3109 5252 3329 5307 circiter
3348 5251 3494 5306 mille
3509 5253 3563 5304 in
3591 5254 3719 5307 Ari—

2154 5326 2343 5381 stotele
2355 5335 2406 5380 et
2419 5324 2538 5379 aliis
2551 5322 2913 5393 compluribus
2924 5324 3284 5393 studiosorum
3300 5322 3574 5375 hominum
3590 5339 3721 5379 cura

2157 5395 2472 5461 attentavit;
2501 5392 2727 5465 quorum
2760 5393 3077 5465 industriam
3102 5392 3519 5465 annulatiltujns
3543 5396 3721 5446 atatis

2158 5466 2359 5527 critici,
2405 5460 2657 5518 auctores
2692 5463 2964 5531 hodieque
2987 5463 3269 5532 divellunt.
3312 5460 3718 5532 Non'negamus

2162 5543 2341 5588 tamen
2376 5535 2668 5604 scriptores
2691 5533 2920 5604 aliquos,
2956 5531 3219 5604 Agellium
3268 5542 3418 5604 puta,
3456 5531 3716 5586 libroruin

2163 5620 2386 5657 suorum
2422 5601 2690 5673 capitibus
2735 5601 3284 5670 titulospheflxisse.
3319 5601 3441 5669 Sed,
3469 5604 3582 5660 haec
3618 5613 3732 5659 διιον

2159 5673 2277 5730 lucu
2303 5673 2609 5731 disserenda
2643 5689 2784 5737 sunt.
2829 5679 3103 5738 llusrws.~

3784 1572 3825 1737 l

3816 2162 3823 2189 l

3816 2226 3823 2257 ἱ
