4046 6152
396 254 534 309 {MSS

1832 247 2154 304 ORIGENIS

3494 246 3633 303 ιοισ

396 367 451 423 in
509 367 881 422 sacerdotibus
929 364 1066 432 ejus,
1106 370 1160 418 et
1214 362 1433 418 Samuel
1480 364 1532 418 in
1586 364 1962 421 invocantibus

2063 366 2385 438 ακούσομαιο
2426 385 2444 418 ι
2478 367 2605 437 περὶ
2641 359 2701 420 οὗ
2731 382 2892 437 φησιν
2940 367 2971 419 6
3009 365 3301 437 Προφήτης
3331 366 3390 420 ἐν
3418 366 3626 439 ὕμνοις·

396 477 594 516 nomen
629 458 777 529 ejus:
801 459 1125 512 invocabant
1150 457 1457 523 Dominum,
1488 466 1543 512 et
1568 457 1681 526 ipse
1706 459 1962 514 exaudie-

393 555 488 609 bat
512 568 627 616 eos,
656 553 709 605 iu
742 550 991 605 columna
1033 550 1192 604 nubis
1238 549 1563 620 loquebatur
1594 550 1660 603 ad
1697 564 1826 617 eos;
1857 569 1874 601 ι
1910 559 1964 604 et

394 645 501 701 alio
540 645 658 699 loco
685 660 700 695 :
728 640 825 697 «Si
876 642 1128 696 steterint
1183 640 1394 711 Moyses
1438 649 1492 696 et
1526 640 1768 705 Samuel,
1800 652 1853 695 et
1880 643 1964 698 de-

277 776 283 787 .
394 738 599 810 precati
631 735 905 806 fuerint”,
952 744 1153 791 etc.....
1206 736 1377 802 Itane,
1420 736 1465 789 si
1505 734 1624 790 talis
1670 750 1733 790 ac
1779 743 1962 791 tantus

393 831 495 886 sub
548 840 691 884 terra
737 837 876 896 erat,
913 837 968 884 et
1014 828 1265 885 evocavit
1306 827 1455 883 illum
1496 828 1854 899 ventrilnqua,
1899 829 1952 883 in

276 918 285 929 '
393 921 628 975 animam
675 921 1054 990 pr0pheticam
1103 919 1312 974 daemon
1384 926 1707 989 potestatem
1755 919 1962 974 habet?

393 1012 533 1082 Quid
554 1013 830 1070 dicemus?
854 1013 1137 1084 Scriptane
1162 1013 1276 1066 hmc
1300 1012 1463 1067 sunt?
1482 1011 1691 1068 Verane
1712 1028 1774 1068 ea
1803 1024 1955 1076 sunt,

392 1121 575 1161 annon
597 1116 722 1161 sunt
745 1106 913 1162 vera?
941 1104 1099 1160 Certe
1113 1119 1360 1160 asserere
1376 1119 1438 1160 ea
1461 1121 1587 1161 vera
1609 1121 1714 1160 non
1734 1120 1878 1170 esse,
1902 1107 1956 1160 ιη

392 1197 767 1254 inﬁdelitatem
801 1198 1025 1261 inducit,
1050 1199 1320 1267 cadetque
1351 1212 1512 1267 super
1553 1198 1847 1255 dicentium
1875 1213 1963 1253 ca-

393 1291 525 1361 pita.
566 1288 701 1346 Vera
745 1305 888 1354 esse,
947 1290 1385 1360 disquisitionem
1459 1289 1959 1360 dubitationcmque

393 1381 550 1437 nobis
582 1382 825 1436 exbibet.
858 1380 1076 1437 Scimus
1106 1396 1172 1437 ex
1204 1380 1408 1438 nostris
1431 1381 1695 1439 fratribus
1727 1383 1961 1437 nonnul-

306 1518 311 1544 ι
392 1471 474 1527 los
505 1472 822 1527 adversatos
852 1472 1151 1544 Scriptura:
1187 1475 1407 1541 dixisse,
1452 1474 1816 1544 Yentriloqua:
1849 1487 1953 1526 non

393 1565 583 1618 credo.
625 1565 980 1647 Ventriloqua
1033 1576 1221 1619 narrat
1268 1582 1328 1622 se
1369 1568 1676 1623 Samuelcm
1715 1567 1953 1631 vidisse;

394 1656 680 1722 mentitur;
732 1656 947 1711 Samuel
990 1673 1095 1712 non
1133 1667 1216 1714 est
1259 1670 1552 1726 evocatus;
1596 1658 1815 1714 Samuel
1848 1673 1954 1713 non

2069 477 2088 509 ε
2112 454 2335 530 “Μωσῆς
2372 458 2466 512 καὶ
2517 457 2725 527 Ἀαρὼν
2758 459 2816 510 ἐν
2856 460 2967 520 τοῖς
3020 455 3255 528 ἱερεῦσιν
3299 456 3484 521 αὐτοῦ,
3537 461 3636 514 καὶ

2062 551 2312 625 Σαμουὴλ
2330 554 2387 607 ἐν
2408 555 2519 616 τοῖς
2550 552 2995 623 ἐπικαλουμένοις
3026 552 3087 605 τὸ
3101 552 3269 622 δνομα
3294 550 3477 604 αὐτοῦ·
3508 553 3639 603 ἐπε-
3742 592 3757 607 .

2063 642 2324 699 καλοῦντο
2344 644 2435 697 τὸν
2462 643 2686 714 Κύριον,
2718 644 2812 696 καὶ
2830 643 2991 706 αὐτὸς
3019 644 3303 714 εἰσήκουεν
3342 640 3542 707 αὐτῶν,
3576 641 3636 694 ἐν

2064 736 2239 808 στύλῳ
2267 735 2497 807 νεφέλης
2543 735 2717 790 ἐλάλει
2751 734 2889 804 πρὸς
2920 733 3132 797 αὐτούς·
3169 752 3188 784 ι
3239 734 3333 787 καὶ
3374 732 3632 804 ἀλλαχοῦ·

2067 847 2086 880 ‹
2124 827 2248 883 Ἐὰν
2270 830 2367 898 στῇ
2394 828 2630 899 Μωῦσῆς
2646 827 2740 880 καὶ
2755 824 3023 898 Σαμουὴλ,
3041 827 3131 879 καὶ
3152 825 3573 897 προσεύξωνται,
3607 842 3628 873 ι

2060 921 2153 974 καὶ
2187 920 2253 974 τὰ
2274 919 2470 991 ἐξῆς...
2509 913 2762 991 τιὶρόίὶν,
2791 918 2839 971 εἰ
2859 920 2887 972 6
2916 916 3230 989 τηλικοῦτος
3254 915 3359 969 ὑπὸ
3385 916 3482 987 τὴν
3503 916 3633 986 γῆν,

2061 1014 2156 1068 καὶ
2187 1004 2460 1085 ἀνήγαγεν
2494 1013 2712 1084 αὐτὶ,νὴ
2744 1009 3197 1082 ἐγγαστρίμυθος,
3239 1008 3486 1073 ἐξουσίαν
3517 1008 3632 1078 ἕχει
3702 1003 3709 1007 ’

2061 1108 2334 1177 δαιμόνιον
2360 1103 2538 1177 ψυχῆς
2574 1103 2952 1177 πῳφητικῆω
2997 1101 3061 1155 Τί
3100 1101 3376 1172 εἴπωμεν;
3425 1101 3634 1171 Γέγρα-

2062 1216 2192 1252 πται
2216 1197 2422 1263 mitra;
2469 1196 2668 1269 Ἀληθῆ
2719 1196 2891 1263 ἐστιν,
2924 1194 2958 1266 ἢ
2991 1195 3093 1247 οὐκ
3132 1192 3279 1248 ἐστιν
3313 1191 3523 1262 ἀληθῆς
3558 1192 3632 1243 Τὸ

2067 1287 2162 1357 μὲν
2185 1286 2259 1359 μὴ
2292 1283 2430 1342 εἶναι
2462 1288 2634 1359 ἀληθῆ
2673 1286 2872 1355 λέγειν,
2906 1288 2985 1350 εἰς
3011 1286 3267 1339 ἀπιστίαν
3312 1282 3630 1356 προτρέπει·

2060 1379 2282 1451 χωρήσῃ
2306 1378 2395 1432 ἐπὶ
2416 1377 2653 1448 κεφαλὰς
2673 1378 2779 1431 τῶν
2793 1378 3079 1447 λεγόντων·
3109 1375 3169 1430 τὸ
3192 1377 3248 1430 δέ
3269 1373 3404 1430 εἶναι
3431 1375 3632 1446 ἀληθῆ,

2061 1471 2286 1543 ζήτησιν
2319 1472 2411 1524 καὶ⁸
2439 1471 2765 1542 ἐξαπόρησιν
2798 1472 2928 1541 ἡμῖν
2957 1468 3204 1539 παρέχει.
3227 1468 3339 1522 Καὶ
3372 1467 3480 1539 μὴν
3502 1468 3636 1537 γοῦν

2061 1560 2217 1633 ἴσμεν
2248 1560 2398 1624 τινάς
2423 1560 2530 1614 τῶν
2556 1560 2832 1631 ἡμετέρων
2852 1558 3094 1628 ἀδελφῶν
3117 1556 3539 1627 ἀντιϐλέψαντας
3561 1559 3630 1627 τῇ

2061 1652 2270 1724 Γραφῇ,
2303 1653 2395 1705 καὶ
2427 1652 2700 1718 λέγοντας,
2731 1652 2803 1705 Ού
2835 1650 3074 1706 πιστεύω
3100 1653 3167 1722 τῇ
3190 1648 3632 1720 ἐγγαστριμύθῳ.

392 1719 808 1818 Ιοιιυίιυνξεειί
862 1752 1315 1820 quemadmodum
1366 1719 1956 1822 pseudoprophetarum

2060 1719 2291 1816 Λέγει-ὴ
2326 1745 2758 1815 ἐγγαστρίμυθος
2784 1742 3107 1816 ἐορταμέναι
3248 1742 3339 1795 τὸν
3360 1719 3635 1811 Σαμουὴλ,

392 1838 559 1910 aliqui
592 1838 831 1895 fatentur
862 1861 874 1896 :
905 1857 925 1892 ι
968 1839 1091 1896 Haec
1120 1841 1250 1896 dicit
1284 1840 1563 1907 Dominus,
1595 1859 1615 1893 ι
1645 1850 1725 1896 et:
1753 1839 1961 1894 «Domi-

391 1948 496 1988 nus
515 1947 618 1987 uon
641 1932 850 1988 locutus
869 1941 984 1998 est;
1007 1953 1026 1986 ›
1049 1934 1127 1988 sic
1142 1943 1195 1987 et
1219 1933 1539 1987 daemonium
1558 1932 1662 1988 hoc
1678 1932 1839 1987 menti
1852 1941 1957 1991 tur,

392 2027 518 2081 dum
546 2024 636 2081 'ad
674 2025 854 2081 Saulis
898 2026 1226 2080 voluntatem
1274 2026 1562 2095 pollicetur
1614 2039 1781 2078 unum
1827 2020 1960 2077 edu-

391 2132 554 2173 cere:
584 2135 603 2169 ι
630 2117 800 2183 Quem
844 2117 1012 2184 enim,
1060 2118 1136 2171 ait
1157 2117 1225 2186 ⁸⁸,
1257 2116 1520 2172 educam?
1547 2114 1766 2172 Samuel
1824 2113 1954 2168 mihi

390 2219 668 2264 evocetur.
692 2228 710 2261 ι
757 2207 882 2263 llaac
917 2209 1010 2278 qui
1063 2209 1206 2265 lianc
1246 2208 1525 2263 historiam
1571 2207 1735 2262 veluti
1768 2206 1957 2260 falsam

332 2348 343 2375 ,
390 2312 723 2372 oppugnant,
768 2302 1116 2371 producunt:
1149 2299 1367 2356 Samuel
1413 2300 1552 2370 apud
1595 2298 1835 2353 inl‘eros?
1869 2296 1960 2352 Sa-

294 2382 334 2467 ’ξ
390 2394 535 2449 muel
597 2408 627 2447 a
668 2392 1009 2470 ventriloqua
1080 2393 1354 2458 educitur,
1408 2391 1793 2462 prophetarum
1851 2388 1962 2444 exi-

308 2476 325 2525 ι’
391 2485 569 2552 mius;
621 2485 687 2540 ab
735 2485 848 2556 ipsa
875 2483 1158 2539 nativitate
1184 2484 1298 2538 Deo
1348 2493 1698 2538 consecratus
1717 2482 1804 2549 ⁵⁷,
1834 2489 1960 2538 ante

391 2578 725 2633 nativitatem
775 2577 829 2630 in
862 2576 1061 2647 templo
1106 2575 1317 2631 futurus
1375 2573 1759 2640 denuntiatus;
1801 2583 1958 2628 ante-
1984 2569 2004 2589 “

391 2683 554 2738 quam
585 2683 636 2744 a_
668 2678 843 2723 matre
882 2668 1251 2724 ablactaretur
1289 2666 1465 2737 epbod
1519 2667 1758 2729 indutus,
1790 2675 1846 2720 et
1878 2665 1961 2720 di-

390 2757 570 2826 ploide
622 2763 874 2824 amictus,
927 2767 981 2812 et
1036 2758 1248 2814 Domini
1311 2757 1570 2811 sacerdos
1635 2754 1955 2820 ell‘eclus“;

388 2866 551 2920 quem
596 2865 720 2905 cum
762 2851 941 2907 adhuc
990 2852 1044 2906 in
1078 2850 1264 2920 pueris
1297 2859 1441 2905 esset
1473 2850 1613 2904 Deus
1644 2860 1728 2904 est
1760 2850 1960 2905 allocu-

389 2953 480 2999 tus
501 2943 594 2997 ‘9?
642 2942 858 2997 Samuel
912 2944 1050 3012 apud
1098 2941 1347 2997 inferos?
1386 2940 1605 2995 Samuel
1654 2941 1706 2994 in
1756 2942 1961 2996 subter-

2057 1836 2327 1907 ψεύδεται’
2375 1837 2623 1908 Σαμουὴλ
2655 1837 2755 1889 οὐκ
2796 1834 3021 1905 ἀνήχθη
3056 1833 3310 1904 Σαμουὴλ
3340 1833 3401 1886 οὐ
3454 1833 3633 1887 λαλεῖ.

2070 1927 2207 1980 Ἀλλ’
2253 1925 2440 1999 ὥσπερ
2490 1928 2594 1981 εἰσί
2653 1943 2797 1990 τινες
2851 1922 3294 1996 ψευδοπροφῆται
3357 1923 3632 1992 λέγοντες

2064 2038 2082 2070 ι
2122 2019 2258 2073 Τάδε
2299 2019 2444 2089 λέγει
2485 2018 2708 2092 Κύριος,
2753 2038 2772 2070 ι
2825 2017 2936 2071 καί·
2993 2037 3011 2069 ι
3048 2016 3253 2088 Κύριος
3290 2015 3390 2069 οὐκ
3429 2014 3635 2085 ἐλάλη-

2061 2122 2150 2158 σεν
2194 2106 2290 2177 (6)’
2341 2127 2359 2159 ι
2415 2106 2558 2161 οὕτω
2600 2108 2692 2161 καὶ
2732 2107 2794 2160 τὸ
2844 2106 3119 2176 δαιμόνιον
3164 2104 3323 2158 τοῦτο
3352 2104 3637 2175 ψεύδεται,

2058 2197 2522 2269 ἐπαγγελλόμενον
2564 2197 2788 2266 ἀνάγειν
2821 2196 2912 2249 τὸν
2941 2195 3047 2250 ὑπὸ
3068 2195 3163 2249 τοῦ
3198 2194 3369 2248 Σαοὺλ
3397 2211 3642 2265 προτασ-

2062 2291 2304 2360 σύμενον.
2334 2309 2352 2341 ι
2393 2290 2525 2345 Τίνα
2552 2289 2661 2361 γὰρ
2689 2289 2904 2359 ἀνάγω;
2946 2309 2965 2341 ι
2997 2288 3148 2361 φησί.
3179 2306 3198 2338 (
3230 2286 3477 2357 Σαμουὴλ
3499 2284 3639 2339 ἀνά-

2059 2384 2196 2452 γαγέ
2246 2401 2356 2456 μοι.
2396 2403 2415 2435 ›
2452 2382 2637 2437 Ταῦτα
2667 2382 2882 2451 λέγεται
2927 2381 3034 2435 ὑπὸ
3055 2380 3162 2434 τῶν
3194 2378 3510 2449 φασκόντων
3535 2379 3641 2450 τὴν

2060 2476 2299 2548 ἱστορίαν
2330 2474 2534 2546 ταύτην
2586 2474 2658 2545 μὴ
2689 2467 2826 2527 εἶναι
2859 2472 3052 2544 ἀληθῆ”
3090 2472 3342 2544 Σαμουὴλ
3378 2473 3436 2526 ἐν
3467 2471 3637 2544 ᾄδου;

2058 2567 2311 2639 Σαμουὴλ
2351 2566 2457 2620 ὑπὸ
2492 2564 2931 2637 ἐγγαστριμύθου
2977 2564 3257 2634 ἀνάγεται,
3290 2566 3319 2617 6
3357 2563 3641 2636 ἐξαίρετος

2058 2662 2165 2716 τῶν
2196 2658 2507 2733 προφητῶν·
2539 2662 2567 2713 6
2604 2659 2710 2712 ἀπὸ
2742 2658 2841 2729 τῆς
2874 2657 3139 2726 γενέσεως
3172 2657 3525 2727 ἀνακείμενος
3556 2657 3640 2727 τῷ

2058 2752 2198 2826 Θεῷο
2229 2756 2257 2806 6
2296 2753 2401 2823 πρὸ
2425 2751 2689 2821 γενέσεως
2719 2753 2777 2805 ἐν
2809 2749 2887 2821 τῷ
2919 2750 3046 2823 ἱερῷ
3068 2749 3359 2820 λεγόμενος
3389 2747 3635 2802 ἔσεσθαι·

2058 2846 2088 2899 6
2113 2846 2228 2917 ἅμα
2248 2844 2325 2914 τῷ
2363 2842 2893 2914 ἀπογαλακτισθῆναι
2926 2843 3285 2913 ἐνδυσάμενος
3318 2841 3498 2910 ἐφοὺδ,
3538 2842 3638 2894 καὶ

2061 2936 2521 3010 περιϐεϐλημένος
2561 2935 2825 3001 διπλοΐδα,
2873 2937 2965 2997 καὶ
3009 2938 3187 3006 ἱερεὺς
3221 2937 3504 3006 γενόμενος
3535 2933 3636 2987 τοῦ

390 3036 597 3100 raneis,
632 3037 724 3104 qui
750 3035 886 3099 Heli,
923 3043 1147 3105 propter
1178 3033 1413 3086 ﬁliorum
1439 3033 1644 3087 scelera
1679 3040 1734 3093 et
1768 3032 1958 3102 impie—

2061 3031 2288 3102 Κυρίου·
2313 3023 2357 3098 ᾧ
2399 3028 2593 3099 παιδίῳ
2621 3028 2696 3081 ἔτι
2722 3028 2836 3081 ὄντι
2865 3029 3231 3099 ἐχρημάτισεν
3266 3030 3293 3081 6
3320 3027 3520 3097 Κύριος
3538 3026 3637 3080 λα·

389 3138 529 3182 tates
559 3144 589 3181 a
614 3127 961 3182 Providentia
995 3128 1379 3191 condemnato,
1414 3127 1711 3181 Successit?
1742 3125 1959 3180 Samuel

395 3219 539 3286 apud
589 3220 812 3282 inferos,
846 3234 1006 3286 quem
1061 3229 1304 3288 tempore
1355 3220 1549 3274 messis
1594 3218 1765 3272 tritici
1820 3218 1958 3272 Deus

388 3308 683 3373 exaudivit,
729 3308 1092 3378 elargitusque
1141 3318 1247 3373 est,
1284 3320 1341 3363 ut
1375 3309 1549 3363 imber
1589 3308 1654 3363 de
1694 3306 1834 3361 etelo
1865 3322 1958 3360 ca-

390 3397 641 3454 deret“?
672 3396 887 3452 Samuel
936 3398 1076 3468 apud
1125 3396 1352 3462 inferos,
1397 3398 1488 3466 qui
1534 3396 1646 3452 haec
1683 3397 1860 3451 omnia
1896 3396 1960 3450 li-

390 3490 519 3545 bere
553 3499 717 3559 atque
758 3487 988 3557 ingenue
1015 3489 1204 3544 dixit“
1234 3505 1248 3543 :
1282 3507 1300 3541 ι
1332 3489 1387 3543 Si
1414 3488 1766 3544 desiderabile
1796 3487 1957 3560 492

391 3582 619 3652 alicujus
665 3581 929 3650 accepi?»
966 3580 1086 3638 Non
1125 3582 1335 3651 accepit
1369 3581 1624 3646 vitulum,
1655 3596 1758 3634 non
1799 3596 1958 3635 acce-

390 3675 468 3743 pit
506 3674 719 3740 bovem,
760 3673 1048 3742 judicavit,
1078 3672 1569 3742 condemnavitque
1607 3675 1881 3742 papulum.
1905 3683 1957 3728 et

390 3780 594 3836 pauper
639 3766 882 3820 mansit:
914 3781 1189 3835 nunquam
1224 3765 1430 3833 aliquid
1477 3779 1508 3818 a
1559 3764 1653 3818 tali
1701 3773 1958 3833 tantoque

393 3856 590 3927 populo
626 3857 953 3912 desideravit
1001 3858 1265 3926 accipere.
1295 3856 1361 3911 Ut
1387 3856 1516 3926 quid
1565 3854 1785 3910 Samuel
1814 3858 1955 3926 apud

391 3946 594 4002 inferos
664 3949 914 4003 videtur?
975 3949 1107 4017 Quis
1164 3949 1304 4018 apud
1367 3947 1570 4003 inferos
1647 3948 1953 4004 Samuelem

390 4041 675 4110 sequitur?
697 4040 911 4095 Samuel
938 4042 1079 4110 apud
1104 4042 1311 4097 inferos
1329 4042 1351 4096 ?
1367 4040 1546 4109 Quare
1571 4058 1676 4115 non
1708 4051 1763 4096 et
1787 4043 1957 4095 Abra-

390 4135 537 4199 ltam,
585 4144 640 4189 et
688 4133 856 4199 Isaac,
886 4143 939 4187 et
970 4130 1136 4187 Jacob
1179 4136 1319 4203 apud
1369 4134 1571 4187 inferos
1635 4133 1801 4188 sunt?
1852 4131 1946 4188 Sa-

390 4225 533 4281 muel
573 4224 716 4296 apud
749 4225 983 4281 inferos?
1015 4223 1196 4291 Quare
1229 4241 1335 4280 non
1364 4235 1418 4278 et
1456 4224 1688 4296 Moyses,
1726 4226 1816 4294 qui
1848 4240 1952 4278 una

390 4331 514 4370 cum
539 4315 812 4381 Samuele,
842 4326 900 4370 ut
929 4316 1128 4370 dictum
1169 4325 1272 4379 est,
1302 4314 1648 4385 coniungitur
1673 4316 1717 4347 ⁶²
1745 4334 1759 4370 :
1794 4334 1811 4367 ι
1845 4315 1949 4370 Ne-

2060 3122 2197 3189 λῶνς
2227 3121 2482 3193 Σαμουὴλ
2505 3122 2562 3173 ἐν
2579 3121 2704 3192 ᾅδου
2721 3136 2735 3183 ;
2763 3119 3015 3191 Σαμουὴλ
3032 3122 3089 3172 ἐν
3103 3123 3214 3184 τοῖς
3229 3117 3598 3189 καταχθονίοις
3614 3134 3631 3183 ;

2058 3216 2086 3268 6
2108 3214 2486 3285 διαδεξάμενος
2524 3214 2664 3277 Ἠλὶ,
2691 3213 2779 3266 διὰ
2800 3212 2865 3266 τὰ
2896 3210 3002 3266 τῶν
3030 3213 3235 3267 τέκνων
3262 3214 3635 3283 ἁμαρτήματα

2059 3308 2152 3361 καὶ
2208 3308 2647 3378 παρανομήματα
2698 3304 3159 3359 καταδικασθέντα
3206 3305 3313 3357 ὑπὸ
3352 3305 3451 3374 τῆς
3492 3305 3637 3377 Προ-

2058 3397 2237 3464 νοίας;
2269 3398 2519 3470 Σαμουὴλ
2541 3401 2598 3451 ἐν
2622 3398 2770 3468 ᾅδου,
2798 3392 2858 3451 οὗ
2879 3400 2907 3451 6
2935 3397 3065 3461 Θεὸς
3092 3398 3394 3467 ἐπήκουσεν
3420 3399 3477 3449 ἐν
3508 3413 3633 3449 και-

2062 3488 2137 3561 ρῷ
2162 3489 2422 3561 θερισμοῦ
2451 3488 2657 3560 πυρῶν,
2684 3490 2778 3543 καὶ
2805 3488 2959 3542 ὑετὸν
2989 3488 3188 3541 ἔδωκεν
3217 3487 3390 3540 ἐλθεῖν
3419 3487 3528 3540 ἀπὸ
3547 3488 3637 3540 ού-

2061 3582 2255 3653 ρανοῦς
2284 3580 2536 3652 Σαμουὴλ
2559 3582 2616 3635 ἐν
2635 3581 2780 3652 ᾅδου,
2807 3584 2835 3635 6
2857 3579 3077 3634 τοιαῦτα
3092 3581 3630 3653 παρρησιασάμενος

2064 3692 2082 3725 ι
2129 3675 2190 3728 El
2220 3673 2544 3745 ἐπιθύμημά
2572 3691 2714 3737 τινος
2742 3673 2968 3739 έλαϐον;
3010 3693 3028 3725 ι
3067 3675 3182 3727 Οὐκ
3214 3673 3373 3727 ἔλαϐε
3408 3674 3501 3726 τὸν
3532 3674 3634 3743 μό-

2058 3782 2203 3835 σχον,
2229 3766 2329 3819 ούκ
2349 3764 2507 3819 ἔλαϐε
2535 3763 2625 3818 τὸν
2653 3763 2799 3836 βοῦν,
2834 3763 3037 3837 ἔκρινε,
3073 3765 3168 3818 καὶ
3194 3762 3514 3818 κατεδίκασε
3539 3762 3635 3817 τὸν

2055 3856 2201 3922 λαὸν,
2249 3857 2425 3928 μένων
2457 3856 2643 3929 πένης·
2695 3857 2950 3911 οὐδέποτε
2995 3855 3309 3928 ἐπεθύμησε
3353 3855 3534 3909 λαϐεῖν
3581 3873 3635 3908 τι

2058 3950 2162 4003 ἀπὸ
2189 3949 2508 4023 τηλικούτου
2540 3949 2670 4003 λαοῦ
2688 3951 2780 4003 καὶ
2795 3950 3069 4004 τοσούτου.
3100 3950 3354 4021 Σαμουὴλ
3383 3950 3469 4002 ἵνα
3489 3948 3544 4001 τί
3575 3951 3635 4001 ἐν

2057 4041 2181 4113 ᾅδου
2197 4043 2423 4113 ὁρᾶται;
2455 4042 2549 4106 Τίς
2583 4039 2864 4094 ἀκολουθεῖ
2883 4040 2960 4112 τῷ
2980 4040 3232 4112 Σαμουὴλ
3261 4043 3319 4094 ἐν
3344 4039 3469 4111 ᾅδου
3490 4056 3505 4102 ;
3528 4039 3636 4092 Σα-

2059 4132 2227 4204 μουὴλ
2260 4135 2316 4187 ἐν
2340 4132 2495 4204 ᾇδου;
2521 4131 2619 4185 Διὰ
2644 4133 2694 4185 τί
2717 4133 2835 4202 οὐχὶ
2868 4132 2962 4186 καὶ
2995 4131 3262 4202 Ἀϐραὰμ,
3292 4130 3387 4182 καὶ
3423 4129 3632 4194 Ἰσαὰκ,

2056 4226 2149 4278 καὶ
2185 4224 2377 4278 Ἰακὼϐ
2407 4228 2465 4280 ἐν
2500 4225 2658 4296 ᾇδου;
2704 4225 2956 4297 Σαμουὴλ
2987 4227 3046 4279 ἐν
3072 4224 3236 4296 ᾇδους
3286 4224 3384 4277 Διά
3412 4225 3462 4277 τί
3508 4225 3634 4294 οὐχὶ

2055 4317 2147 4369 καὶ
2180 4317 2383 4388 Μωσῆς
2441 4316 2469 4367 6
2507 4313 2933 4386 συνεζευγμένος
2974 4314 3052 4385 τῷ
3094 4315 3343 4388 Σαμουὴλ
3378 4315 3518 4368 κατά
3568 4315 3634 4368 τὸ

387 4423 493 4478 que
520 4408 563 4464 si
593 4409 806 4465 steterit
834 4408 1045 4479 Moyses
1112 4417 1166 4462 et
1199 4407 1434 4476 Samuel,
1467 4423 1560 4464 eos
1586 4410 1905 4463 exaudiam?
1929 4427 1947 4461 ι

2059 4408 2362 4480 εἰρημένον
2396 4426 2414 4459 ι
2455 4407 2587 4460 osse
2632 4406 2726 4461 ἐὰν
2750 4409 2847 4478 στῇ
2879 4406 3084 4477 Μωσῆς
3116 4406 3208 4460 καὶ
3236 4405 3509 4477 Σαμουὴλ,
3539 4406 3633 4459 ού-

390 4500 610 4557 Samuel
632 4501 771 4570 apud
805 4500 1046 4556 inferos?
1072 4502 1252 4567 Quare
1293 4518 1397 4556 non
1428 4510 1482 4556 et
1510 4500 1778 4557 Jeremias
1811 4502 1951 4572 apud

388 4590 718 4647 inferos?ad
762 4607 924 4662 quem
973 4592 1180 4647 dictum
1220 4602 1342 4647 est:
1378 4595 1720 4663 «Antequam
1753 4593 1952 4650 forma-

389 4697 501 4736 rem
524 4693 575 4738 te
609 4683 661 4737 iu
693 4694 871 4749 utero,
905 4686 1131 4753 cognovi
1161 4697 1234 4751 te,
1263 4699 1317 4741 et
1345 4698 1633 4758 antequam
1665 4686 1845 4740 exires
1884 4686 1954 4742 de

384 4775 565 4839 vulva,
589 4773 920 4830 sanctiﬁcavi
947 4786 1017 4831 te.
1043 4795 1061 4828 ι
1101 4778 1253 4846 Apud
1284 4779 1487 4834 inferos
1519 4790 1574 4835 et
1599 4780 1784 4842 lsaias,
1809 4780 1950 4849 apud

389 4866 591 4923 inferos
607 4878 663 4923 et
680 4867 966 4936 Jeremias,
992 4875 1130 4938 apud
1149 4872 1349 4928 inferos
1376 4874 1608 4945 denique
1627 4889 1817 4930 omnes
1835 4890 1953 4943 pro-

387 4958 588 5027 phetae,
605 4961 746 5031 apud
776 4961 996 5018 inferos.
1021 4963 1168 5017 Talia
1187 4964 1402 5034 quidem
1421 4964 1588 5030 dicet,
1615 4965 1706 5034 qui
1727 4965 1952 5020 Samue-

387 5051 495 5107 lem
523 5067 709 5108 revera
739 5055 990 5110 eductum
1021 5070 1141 5112 esse
1186 5058 1507 5126 pertendere
1561 5072 1626 5111 ac
1651 5072 1957 5127 propugna-

391 5162 452 5203 re
493 5163 599 5202 non
642 5148 778 5203 vult.
817 5148 952 5202 Cum
999 5158 1179 5205 autem
1224 5159 1474 5219 oporteat
1511 5149 1648 5204 bene
1676 5164 1796 5203 esse
1825 5148 1955 5205 affe-

386 5246 560 5303 ctum,
586 5239 677 5309 qui
703 5237 1013 5309 Scripturas
1040 5239 1312 5309 intelligit,
1339 5240 1800 5310 probabiliterque
1817 5240 1952 5295 satis

386 5329 564 5384 oratio
598 5344 698 5384 nos
728 5329 1010 5384 deduxerit
1056 5339 1114 5384 ut
1156 5344 1281 5385 vere
1314 5347 1409 5386 nos
1441 5340 1496 5385 et
1525 5344 1870 5385 commovere
1896 5341 1950 5384 et

2053 4499 2109 4552 δὲ
2142 4499 2362 4552 ἐκείνων
2389 4497 2811 4568 εἰσακούσομαι;
2865 4516 2884 4549 t
2929 4497 3186 4570 Σαμουὴλ
3217 4500 3274 4550 ἐν
3312 4497 3474 4569 ᾆδου;
3514 4498 3633 4551 Ἵνα

2055 4592 2107 4645 τί
2142 4592 2215 4663 μὴ
2245 4591 2338 4644 καὶ
2372 4590 2642 4662 Ἱερεμίας
2682 4593 2740 4643 ἐν
2762 4589 2925 4661 ᾆδου;
2960 4590 3096 4659 πρὸς
3111 4589 3170 4643 ὃν
3196 4589 3428 4662 εἴρηται·
3461 4609 3479 4640 ‹
3513 4589 3632 4660 Πρὸ

2054 4683 2147 4737 τοῦ
2179 4700 2245 4754 με
2266 4682 2467 4736 πλάσαι
2494 4699 2551 4736 σε
2568 4684 2625 4735 ἐν
2647 4682 2842 4754 κοιλίᾳ,
2870 4681 3167 4753 ἐπίσταμαί
3190 4699 3269 4746 σε,
3295 4683 3389 4737 καὶ
3408 4683 3513 4752 πρὸ
3532 4682 3631 4736 τοῦ

2057 4793 2117 4830 σε
2155 4776 2387 4842 ἐξελθεῖν
2434 4778 2498 4831 ἐκ
2540 4779 2751 4848 μήτρας
2792 4777 2993 4846 ἡγίασά
3044 4790 3124 4829 σε·
3176 4795 3195 4826 ι
3242 4776 3329 4829 Ἐν
3371 4774 3495 4846 ᾅδου
3530 4775 3632 4828 καὶ

2069 4870 2315 4934 Ἡσαΐας,
2353 4870 2410 4922 ἐν
2460 4868 2585 4939 ᾅδου
2615 4868 2710 4921 καὶ
2758 4866 3043 4940 Ἱερεμίας,
3078 4867 3133 4919 ἐν
3166 4865 3296 4938 ᾅδου
3335 4866 3537 4929 πάντες
3575 4868 3629 4918 οἱ

2059 4961 2357 5032 προφῆται,
2382 4962 2439 5016 ἐν
2473 4960 2619 5032 ᾂδου.
2653 4958 2837 5013 Ταῦτα
2884 4960 2981 5030 μὲν
3014 4960 3128 5030 ἐρεῖ
3147 4960 3179 5012 6
3207 4958 3279 5029 μὴ
3307 4943 3645 5028 βουλόμενος

2052 5056 2237 5125 ἀγῶνα
2289 5053 2716 5125 παραδέξασθαι,
2762 5054 2847 5108 ὃτι
2895 5053 3149 5125 Σαμουὴλ
3205 5053 3352 5105 ἐστιν
3397 5051 3564 5114 ὅντως
3596 5053 3630 5104 6

2055 5146 2325 5217 ἀναχθείς·
2365 5142 2549 5218 ἐπειδὴ
2599 5147 2680 5200 δεῖ
2717 5145 3034 5217 εὐγνώμονα
3058 5126 3196 5197 εἶναι
3218 5145 3276 5197 ἐν
3301 5143 3379 5214 τῷ
3406 5142 3629 5196 ἀκούειν

2050 5235 2156 5289 τῶν
2184 5234 2431 5307 Γραφῶν,
2469 5235 2709 5299 πιθανῶς
2755 5236 3286 5306 καταπομπήσαντος
3332 5235 3478 5304 ἡμᾶς
3528 5232 3626 5286 τοῦ

2050 5329 2229 5400 λόγου,
2276 5330 2370 5383 καὶ
2411 5329 2623 5401 ἀληθῶς
2653 5329 2949 5401 δυναμένου
2979 5325 3230 5401 ταράξαι,
3256 5326 3349 5380 καὶ
3404 5325 3626 5395 κινῆσαι

458 5449 547 5524 "Al
578 5453 707 5524 Reg.
732 5469 921 5521 xxvtn,
944 5454 1029 5508 ll.
1106 5453 1150 5485 "’
1176 5452 1195 5506 l
1222 5453 1353 5524 Reg.
1384 5468 1423 5508 ι.
1499 5451 1584 5505 ⁵⁸1
1618 5451 1749 5523 Reg.
1779 5467 1838 5518 tt,
1873 5452 1959 5506 l8.

2059 5452 2104 5506 'l
2135 5450 2354 5522 Reg.tn,
2375 5451 2429 5506 4.
2515 5452 2558 5483 ⁶⁰
2587 5449 2760 5522 lReg.
2787 5464 2889 5517 xu,
2916 5450 3004 5505 l7.
3079 5449 3123 5483 ⁵⁸
3148 5449 3279 5506 ibid.
3357 5451 3403 5484 “
3418 5448 3623 5506 Jerem.

355 5646 362 5659 ο
457 5615 535 5760 ἱξῗέ

584 5617 977 5687 Ἑορταμένιιι.
1036 5619 1197 5675 Forte
1245 5618 1960 5689 scribentlttm,éwpaxévat.

563 5686 682 5743 Οὐκ
711 5686 1036 5759 ἐλάλησεν.
1071 5691 1265 5746 Huctio
1309 5691 1531 5747 delenda
1579 5686 1789 5746 videtur
1815 5686 2098 5760 particula,
2129 5686 2226 5739 οὐκ
