4046 6152
518 236 657 289 1017

1625 249 1692 303 ΙΝ
1730 248 1987 305 LIBRUM
2025 250 2261 307 REGUM
2299 251 2584 307 llOMlLIA
2622 253 2687 308 ll.

3622 260 3758 321 ιοιε

514 352 681 421 ἡμᾶς,
718 349 916 421 ἴδωμεν
973 351 1199 422 πότερόν
1239 370 1369 408 ποτε
1412 357 1723 430 νενόηταιή
1776 360 1815 411 Γ
1819 359 1967 431 ραφὴ
2014 358 2075 429 τᾷ

2195 373 2485 419 concutere
2520 364 2716 429 valeat,
2772 364 3051 423 videamus
3097 377 3277 423 utrum
3321 380 3468 435 recte
3512 370 3758 445 Scriptu-

509 441 670 495 τοῦτο
697 442 773 512 μὴ
813 444 1259 517 παραδεξαμένῳ·
1290 446 1324 517 ἢ
1364 448 1472 501 ἀπὸ
1495 450 1719 517 ἐνδόξων
1756 453 1853 522 μὲν
1884 454 2089 522 ἐπιχει-

516 536 620 606 ρεῖ,
678 534 894 588 ἐναντία
940 536 998 589 δὲ
1026 536 1173 607 λέγει
1213 543 1322 603 τοῖς
1349 543 1771 613 γεγραμμένοις.
1801 544 1934 599 Τίνα
1979 544 2088 617 γάρ

508 623 630 677 ἐστι
651 623 721 678 τά
749 627 1139 698 γεγραμμένα;
1171 647 1190 680 ι
1233 631 1341 684 Καὶ
1374 626 1527 686 εἶπεν
1558 636 1591 704 ἡ
1614 636 1770 706 γυνή’
1807 634 1940 689 Τίνα
1965 635 2089 690 ἀνα-

510 715 670 783 γάγω
691 731 804 780 σοις
842 736 861 767 »
897 716 1053 783 Τίνος
1084 722 1373 791 πρόσωπόν
1410 725 1525 777 ἐστι
1554 725 1616 778 τὸ
1644 725 1820 794 λέγον,
1855 747 1875 779 ι
1918 722 2086 781 Εἶπεν

511 807 737 879 ήγυνής
785 827 804 861 ι
848 803 994 881 *Αρα
1028 812 1090 864 τὸ
1119 814 1407 883 πρόσωπον
1445 815 1600 883 ἀγίου
1639 818 1976 888 Πνεύματος,
2026 816 2086 885 ἐξ

508 896 572 953 οὗ
599 899 955 954 πεπίστευται
979 903 1387 976 ἀναγεγράφθαι
1418 909 1452 979 ἡ
1492 909 1704 981 Γραφὴ,
1735 910 1768 981 ἢ
1797 912 2085 982 πρόσωπον

508 993 670 1047 ἄλλου
699 993 877 1058 τινός;
917 995 989 1047 Τὸ
1010 994 1117 1067 γὰρ
1144 997 1536 1070 διηγηματικὸν
1572 1002 1861 1073 πρόσωπον
1889 1021 2085 1059 παντα-

511 1084 632 1155 χοῦ,
657 1084 733 1149 ὡς
771 1086 918 1140 ἴσασι
950 1086 1045 1140 καὶ
1069 1089 1118 1141 οἱ
1148 1088 1276 1159 περὶ
1308 1090 1676 1155 παντοδαποὺς
1695 1093 1968 1163 γενόμενοι
1996 1096 2084 1150 λό-

509 1193 662 1243 γους,
696 1177 812 1229 ἐστὶ
841 1177 1133 1247 πρόσωπον
1177 1177 1274 1231 τοῦ
1313 1182 1692 1253 συγγραφέως.
1728 1186 2082 1257 Συγγραφεὺς

507 1269 568 1322 δὲ
593 1271 684 1322 ἐπὶ
716 1269 920 1323 τούτων
943 1271 1052 1326 τῶν
1083 1271 1257 1342 λόγων
1293 1275 1649 1330 πεπίστευται
1684 1274 1822 1333 εἶναι
1857 1281 1958 1333 οὐκ
1988 1279 2082 1333 ἄν·

510 1360 747 1431 θρωπος,
780 1362 917 1416 ἀλλά
961 1366 1311 1437 συγγραφεὺς
1357 1367 1420 1420 τὸ
1450 1369 1674 1440 Πνεῦμα
1709 1371 1772 1423 τὸ
1808 1372 1982 1440 ἅγιον,
2018 1374 2080 1428 τὸ

508 1455 735 1526 κινῆσαν
760 1456 884 1520 τοὺς
912 1455 1248 1529 ἀνθρώπους·
1279 1460 1473 1514 οὐκοῦν
1497 1460 1558 1514 τὸ
1597 1463 1822 1534 Πνεῦμα
1848 1464 1907 1517 τὸ
1928 1464 2078 1534 ἅγιον

507 1545 675 1615 λέγει’
721 1566 740 1598 ι
776 1549 886 1602 Καὶ
931 1544 1133 1621 εἶπενή
1159 1552 1315 1623 γυνή’
1353 1551 1485 1606 Τίνα
1532 1554 1792 1623 ἀναγάγω
1825 1571 1936 1621 σοις
1983 1556 2078 1610 καὶ

504 1633 649 1691 εἷπε·
684 1640 934 1712 Σαμουὴλ
963 1640 1202 1711 ἀνάγαγέ
1237 1660 1345 1711 μοι.
1373 1662 1391 1694 ι
1415 1643 1510 1707 Τίς
1545 1643 1712 1712 λέγει’
1750 1664 1768 1695 ς
1807 1646 1915 1699 Καὶ
1941 1642 2077 1700 εἶδεν

2193 457 2625 524 rasperceperit,
2660 456 2753 525 qui
2786 456 2839 511 id
2868 473 2973 511 non
3002 459 3260 526 admittit,
3295 462 3378 516 vel
3412 478 3755 533 argumente-

2189 553 2278 599 tur
2342 546 2411 602 ab
2458 547 2777 612 illustribus,
2841 551 3249 620 pugnantiaque
3294 552 3438 607 dicat
3485 556 3591 612 illis
3636 574 3757 628 qum

2188 640 2389 707 scripta
2442 651 2591 696 sunt.
2640 640 2777 695 Nam
2825 657 2944 712 quae
2970 653 3096 697 sunt
3129 647 3328 715 scripta
3353 647 3437 703 ιιι
3475 668 3495 702 ι
3525 651 3589 705 Ει
3619 652 3756 707 dixit

2185 734 2397 800 mulier,
2422 733 2593 802 Quem
2622 737 2859 791 evocabo
2890 736 3020 793 tibi?
3049 758 3067 790 ι
3096 736 3388 807 Cuiusnam
3415 753 3497 799 est
3520 759 3753 812 persona

2189 824 2298 887 illa,
2344 841 2464 894 qua:
2516 826 2697 881 dicit:
2732 828 2919 881 «Dixit
2967 829 3232 884 mulier?»
3283 832 3475 889 Annon
3522 852 3752 907 persona

2186 914 2424 985 Spiritus
2450 918 2649 982 sancti,
2689 933 2718 971 a
2750 934 2860 987 quo
2889 920 3100 976 divinas
3128 922 3336 977 litteras
3364 928 3596 996 scriptas
3634 945 3754 987 esse

2185 1010 2476 1074 credimus,
2505 1009 2589 1065 vel
2624 1010 2851 1068 alterius
2909 1013 3249 1083 cujuspiam?
3282 1015 3488 1086 Quippe
3524 1035 3750 1089 persona

2186 1114 2414 1155 narrans
2463 1101 2681 1171 ubique,
2736 1106 3196 1173 quemadmodum
3252 1110 3342 1177 qui
3399 1124 3497 1177 per
3563 1127 3754 1170 omnes

2183 1190 2453 1246 orationis
2504 1195 2695 1248 modos
2741 1196 2943 1250 versati
2978 1209 3105 1251 sunt
3153 1198 3360 1267 optime
3406 1199 3625 1265 callent,
3656 1220 3755 1259 att-

2184 1283 2349 1338 cwris
2379 1299 2604 1353 persona
2634 1287 2824 1341 est.At
2858 1303 3165 1343 sermonum
3185 1290 3376 1345 borum
3410 1303 3621 1359 auctor,
3644 1311 3752 1353 non

2185 1375 2367 1439 homo,
2412 1376 2505 1429 sed
2550 1376 2787 1444 Spiritus
2842 1389 3085 1443 sanctus,
3120 1382 3213 1450 qui
3267 1384 3436 1438 movit
3480 1384 3750 1453 homines,

2184 1476 2306 1519 esse
2343 1466 2602 1519 creditur.
2648 1466 2790 1521 Dicit
2846 1468 3010 1539 igitur
3049 1469 3284 1540 Spiritus
3329 1484 3556 1530 sanctus
3589 1493 3604 1529 :
3639 1496 3658 1528 ι
3685 1476 3753 1533 Ει

2184 1554 2321 1610 dixit
2342 1555 2536 1610 mulier
2569 1574 2584 1611 :
2611 1556 2783 1630 Quem
2817 1559 3044 1614 educam
3075 1563 3212 1617 tibi?
3235 1574 3290 1619 et
3313 1564 3449 1620 dixit
3477 1586 3492 1621 :
3518 1565 3749 1624 Samue-

2182 1647 2287 1702 lem
2322 1649 2460 1704 educ
2492 1651 2644 1708 mihi.
2676 1670 2696 1703 ι
2731 1650 2863 1717 Quis
2891 1654 3064 1710 dicit:
3096 1673 3115 1706 ι
3143 1656 3203 1710 Et
3235 1658 3370 1712 vidit
3422 1660 3619 1715 mulier
3647 1659 3750 1717 Sa-

506 1734 540 1802 ή
558 1733 694 1803 γυνὴ
720 1704 811 1786 τδν
834 1704 1109 1805 Σαμουὴλ,
1141 1704 1541 1807 καίέὁόησεν-ἠ
1729 1741 1879 1809 φωνῇ
1913 1739 2075 1809 μεγά-

2187 1739 2441 1806 nmelem,
2481 1749 2536 1796 et
2565 1742 2822 1798 clamavit
2856 1744 3050 1800 mulier
3079 1762 3210 1802 voce
3254 1764 3448 1818 magna
3477 1751 3698 1810 dicens?
3722 1771 3743 1807 ο

504 1823 572 1897 λῃ
597 1824 856 1893 λέγουσα;
898 1845 916 1877 ι
966 1824 1227 1898 Ἐροῦμεν
1266 1827 1402 1898 πρὸς
1441 1830 1647 1884 ἐκεῖνον
1682 1829 1919 1884 τοσαῦτα
1949 1832 2080 1900 ἡμῖν

503 1917 1019 1988 κατασομϐήσαντα,
1054 1919 1147 1971 καὶ
1190 1919 1357 1991 μυρία
1395 1921 1675 1993 εἰρηκότα,
1720 1923 1796 1988 ὡς
1825 1923 1935 1994 ἄρα
1973 1925 2079 1978 Σα-

504 2008 675 2080 μουὴλ
703 2010 803 2063 οὐκ
830 2006 897 2082 ἦν
934 2014 992 2065 ὲν
1014 2012 1162 2085 ᾅδου.
1200 2034 1220 2067 ι
1260 2012 1414 2070 Εἷδεν
1442 2020 1475 2090 ή
1504 2020 1642 2091 γυνὴ
1678 2019 1953 2091 Σαμουὴλ,
1991 2039 2011 2072 ι
2043 2022 2077 2091 ἡ

499 2099 871 2172 διηγηματικὴ
895 2104 1046 2175 φωνὴ
1064 2105 1220 2159 τοῦτο
1242 2106 1435 2178 ἔφησε,
1466 2125 1485 2159 ι
1517 2110 1612 2162 καὶ
1635 2108 1858 2180 ἐϐόησεν
1882 2111 1914 2180 ή
1940 2109 2076 2180 γυνὴ

501 2192 655 2261 φωνῇ
701 2190 931 2265 μεγάλῃ,
965 2194 1060 2248 καὶ
1092 2190 1234 2263 εἶπε,
1263 2196 1354 2269 Μὴ
1374 2197 1564 2268 φοϐοῦ,
1599 2199 1732 2269 πρὸς
1764 2200 1955 2254 Σαούλο
1990 2203 2078 2258 ἵνα

497 2282 552 2334 τί
578 2284 973 2355 παρηνοχλήσω
1002 2304 1090 2357 με,
1118 2288 1213 2341 καὶ
1242 2290 1308 2343 σὺ
1327 2286 1380 2343 εἶ
1405 2290 1605 2357 Σαούλς
1628 2293 1738 2345 Καὶ
1762 2289 1914 2347 εἶπεν
1935 2295 2073 2368 αὐτῇ

498 2375 531 2426 ὃ
559 2373 825 2443 βασιλεύςο
858 2376 923 2429 Τί
958 2375 1068 2450 γάρ
1110 2379 1226 2434 ἐστι
1248 2420 1264 2448 ,
1297 2381 1387 2453 Μὴ
1446 2381 1646 2453 φοϐοῦς
1679 2384 1744 2437 Τί
1779 2385 2072 2457 ὲώρακας;

499 2462 607 2519 Καὶ
630 2462 835 2540 εί-πενή
870 2470 1005 2542 γυνὴ
1036 2472 1171 2543 πρὸς
1197 2473 1289 2527 τὸν
1335 2474 1525 2529 Σαούλ·
1566 2475 1734 2540 Θεοὺς
1770 2472 1910 2531 εἶδον
1942 2478 2073 2532 ἀνα-

495 2555 781 2624 ϐαίνοντας
820 2564 884 2615 ὲκ
915 2562 1015 2633 τῆς
1063 2564 1185 2635 γῆς.
1224 2565 1336 2620 Καὶ
1366 2563 1517 2621 εἶπεν
1549 2568 1705 2639 αὑτῇο
1739 2569 1805 2622 Τί
1836 2568 1897 2624 τὸ
1935 2564 2074 2634 εἶδος

495 2649 710 2714 αὐτῶν;
743 2653 853 2705 Καὶ
882 2648 1036 2707 εἶπεν
1056 2653 1225 2725 αύτῷο
1270 2655 1435 2727 Ἀνὴρ
1459 2657 1829 2728 πρεσϐύτερος
1849 2659 2074 2714 ἀναϐαί-

495 2759 638 2805 νων,
681 2745 774 2797 καὶ
820 2745 981 2809 αὐτὸς
1034 2746 1495 2818 περιϐεϐλημένος
1538 2747 1778 2802 διπλοΐδα
1815 2751 1996 2819 ἐφούδ.
2043 2772 2063 2804 ι

495 2832 661 2901 Λέγει
705 2834 873 2906 αὐτὴν
900 2837 1206 2908 ἑωρακέναι
1239 2837 1332 2890 καὶ
1356 2837 1417 2890 τὸ
1442 2836 1655 2908 ἱμάτιον
1679 2839 1739 2892 τὸ
1775 2840 2065 2911 ίερατικόν.

494 2918 630 2977 Οίδα
656 2925 734 2989 δὲ,
758 2926 840 2979 ὅτι
878 2927 1118 2981 ἐναντίον
1150 2928 1217 2981 ὲκ
1258 2928 1352 2982 τοῦ
1381 2929 1540 2997 λόγου
1570 2930 1737 2999 λέγει,
1761 2932 1821 2985 οὐ
1862 2932 2064 3004 θαῦμα.

2182 1829 2421 1886 Dicimus
2462 1833 2528 1887 ad
2569 1833 2739 1900 illum,
2770 1836 2860 1906 qui
2907 1847 3128 1893 nostras
3176 1854 3337 1894 aures
3379 1841 3623 1911 implevit
3654 1860 3747 1899 ru-

2180 1924 2440 1985 moribus,
2473 1923 2875 1997 immodicaque
2915 1929 3206 1983 verborum
3239 1932 3396 2000 copia
3435 1931 3746 1990 Samuelem

2178 2011 2316 2077 apud
2359 2009 2563 2067 inferos
2597 2028 2705 2068 non
2741 2014 2908 2070 fuisse
2950 2018 3250 2072 contendit.
3302 2039 3321 2070 ι
3352 2018 3496 2075 Vidit
3548 2023 3746 2079 mulier

2177 2099 2500 2167 Samnelem,
2534 2123 2552 2156 ι
2583 2120 2811 2160 narrans
2831 2121 2933 2162 vox
2963 2107 3183 2174 dixit“,
3209 2128 3228 2161 ι
3263 2120 3317 2165 et
3337 2111 3595 2167 clamavit
3626 2130 3747 2168 mu-

2174 2192 2277 2247 lier
2307 2209 2437 2249 voce
2471 2210 2693 2265 magna,
2738 2206 2794 2253 et
2822 2199 2959 2254 dixit
2987 2200 3052 2254 ad
3088 2201 3308 2256 Sanlrm
3345 2220 3359 2257 :
3396 2202 3474 2259 Ne
3509 2205 3742 2260 timeas:

2175 2284 2387 2354 utquid
2420 2285 2679 2357 decepisti
2733 2305 2841 2355 me,
2861 2302 2917 2345 et
2962 2300 3015 2346 tu
3074 2308 3133 2347 es
3189 2292 3354 2348 Saul?
3394 2293 3463 2349 Et
3512 2295 3651 2350 dixit
3693 2297 3741 2350 ei

2176 2390 2267 2430 rex
2300 2393 2315 2430 :
2347 2375 2486 2444 Quid
2519 2378 2572 2432 id
2596 2387 2712 2444 est,
2741 2374 2819 2436 Ne
2854 2382 3231 2450 timeas?Quid
3258 2384 3484 2440 vidisti?
3515 2385 3579 2441 Et
3607 2386 3744 2442 dixit

2175 2468 2369 2522 tnulier
2404 2469 2469 2523 ad
2510 2468 2636 2524 Saul
2667 2488 2681 2524 :
2713 2470 2851 2527 Deos
2884 2472 2989 2528 vidi
3023 2476 3380 2532 ascendentes
3403 2493 3434 2533 e
3468 2489 3638 2537 terra.
3676 2480 3743 2536 Et

2172 2559 2309 2614 dixit
2335 2562 2402 2615 ad
2429 2576 2549 2615 eam
2574 2579 2588 2615 :
2618 2562 2749 2630 Qua
2767 2574 2852 2619 est
2883 2564 3053 2620 forma
3093 2568 3435 2625 illorum?Et
3461 2571 3599 2627 dixit
3632 2573 3735 2628 illi:

2174 2648 2271 2703 Vir
2299 2651 2481 2707 senior
2518 2655 2840 2717 ascendens,
2877 2665 2934 2710 et
2959 2657 3049 2711 hic
3083 2658 3267 2713 senior
3298 2660 3536 2729 diploide
3560 2662 3741 2732 ephod

2173 2740 2412 2798 indutus.
2441 2764 2458 2795 ι
2491 2742 2717 2798 Fatetur
2744 2760 2863 2799 eam
2889 2747 3092 2802 vidisse
3119 2758 3176 2802 et
3202 2761 3402 2804 vestem
3430 2754 3743 2813 sacerdota-

2173 2832 2298 2886 lem.
2326 2832 2463 2888 Novi
2494 2836 2803 2904 oppositum
2837 2839 3039 2901 dicere,
3069 2840 3211 2909 quod
3247 2841 3443 2915 mirum
3489 2858 3593 2897 non
3631 2853 3736 2907 est.

2171 2920 2286 2986 lpse
2316 2924 2515 2992 quippe
2568 2925 2800 2980 Satanas
2855 2928 3212 2982 transformat
3266 2944 3325 2983 se
3375 2931 3426 2982 in
3486 2932 3737 3003 angelum

500 3016 672 3079 Αὐτὸς
687 3016 796 3087 γὰρ
825 3018 853 3070 ό
883 3019 1127 3082 Σατανᾶς
1154 3018 1684 3089 μετασχηματίζεται
1723 3023 1803 3084 εἰς
1842 3022 2070 3091 ἄγγελον

2174 3009 2391 3066 lucis".
2428 3011 2609 3080 Quare
2648 3029 2903 3085 magnum
2937 3032 3040 3071 non
3093 3028 3197 3083 est,
3231 3020 3276 3074 si
3311 3028 3366 3087 et
3398 3020 3546 3075 illius
3582 3021 3741 3077 mini-

507 3108 700 3177 φωτός.
728 3109 802 3162 Οὐ
832 3109 973 3180 μέγα
987 3106 1080 3164 οὖν
1106 3112 1154 3163 εί
1176 3110 1268 3164 καὶ
1281 3112 1330 3163 oi
1362 3110 1772 3164 διάκονοιαύτοῦ
1801 3129 2073 3184 μετασχη-

503 3197 815 3271 ματίζονται
846 3201 921 3263 ὡς
956 3201 1190 3256 διάκονοι
1219 3200 1583 3271 δικαιοσύνης.
1624 3200 1786 3253 Ἀλλὰ
1815 3201 1867 3254 τί
1902 3203 2068 3266 ἐστιν,

490 3291 633 3364 ὅπερ
658 3287 795 3346 εἶδεν
822 3294 855 3362 ἡ
885 3291 1043 3363 γυνὴ,
1083 3291 1176 3345 τοῦ
1208 3292 1486 3363 Σαμουήλ;
1536 3291 1694 3345 Ἀλλά
1742 3292 2069 3363 γέγραπται,

494 3385 578 3437 ὅτι
632 3384 772 3453 ἔγνω
813 3384 1004 3448 Σαοὺλ,
1041 3386 1123 3439 ὅτι
1174 3383 1425 3455 Σαμουηλ
1485 3386 1621 3450 ἐστι,
1675 3404 1693 3436 ι
1725 3385 1834 3438 Καὶ
1879 3384 2070 3439 ἔπεσεν

494 3477 586 3529 ἐπὶ
612 3477 898 3548 πρόσωπον
921 3477 1014 3529 ἐπὶ
1043 3476 1141 3548 τὴν
1155 3476 1282 3546 γῆν,
1315 3477 1410 3529 καὶ
1440 3475 1864 3548 προσεκύνησεν.
1897 3496 1915 3527 ι
1936 3472 2069 3531 Εἶτα

499 3568 661 3621 πάλιν
687 3566 748 3620 τὸ
772 3567 1064 3639 πρόσωπον
1089 3567 1189 3638 τῆς
1220 3568 1462 3640 Γραφῆς·
1496 3585 1514 3618 ι
1544 3568 1653 3621 Καὶ
1677 3562 1796 3620 εἷπε
1818 3568 2068 3640 Σαμουὴλ

495 3660 633 3731 πρὸς
658 3658 849 3712 Σαούλο
888 3657 1001 3712 Ἵνα
1041 3659 1094 3712 τί
1125 3658 1483 3731 παρώργισάς
1535 3676 1602 3730 με
1636 3658 1729 3712 τοῦ
1767 3660 2067 3728 ἀναγαγεῖν

498 3764 596 3819 με;
618 3768 637 3801 ›
670 3744 886 3811 «Eine,»
915 3746 1077 3820 φησὶν
1100 3748 1135 3818 ἡ
1184 3749 1224 3801 Γ
1229 3749 1396 3821 ραφὴ,
1424 3750 1530 3804 ἔδει
1569 3750 1859 3815 πιστεύειν,
1892 3770 1911 3802 ι
1948 3748 2067 3804 εἷπε

494 3840 765 3910 Σαμουήλο
798 3840 914 3894 ’Ἱνα
934 3840 985 3893 τί
1019 3839 1375 3912 παρώργισάς
1396 3858 1463 3912 με
1495 3841 1589 3896 τοῦ
1615 3843 1908 3912 ἀναγαγεῖν
1925 3860 1994 3914 με
2015 3860 2061 3909 ;›

495 3927 631 3985 Εἶτα
673 3931 808 4004 πρὸς
831 3932 1018 3987 τοῦτον
1067 3934 1419 4006 ἀποκρίνεται
1465 3933 1655 3987 Σαούλ·
1698 3953 1716 3985 ι
1763 3933 1973 4006 Σφόδρα
2014 3934 2065 3987 oi

493 4025 779 4095 ἀλλόφυλοι
826 4025 1151 4097 πολεμοῦσιν
1194 4029 1253 4083 ὲν
1286 4027 1431 4098 ἐμοὶ,
1476 4028 1568 4081 καὶ
1612 4028 1640 4080 ό
1680 4024 1814 4090 Θεὸς
1852 4026 2062 4098 ἀπέστη

492 4119 587 4172 ἀπ’
610 4116 766 4189 ἐμοῦ,
806 4120 900 4174 καὶ
919 4120 1018 4174 οὐκ
1044 4119 1315 4191 ἀπεκρίθη
1349 4138 1438 4191 μοι
1469 4120 1572 4179 ἔτι.
1608 4120 1701 4173 καί
1730 4136 1796 4187 γε
1839 4120 1897 4172 ὲν
1923 4120 2066 4192 χειρὶ

490 4208 600 4263 τῶν
638 4211 951 4282 προφητῶν,
982 4212 1077 4265 καὶ
1117 4213 1175 4264 ὲν
1207 4213 1322 4274 τοῖς
1368 4210 1638 4274 ἐνυπνίοις
1670 4210 1924 4274 ἐκάλεσα,
1969 4209 2063 4265 τοῦ

488 4295 725 4368 δηλῶσαί
754 4315 841 4368 μοι
865 4297 917 4351 τί
943 4300 1173 4369 ποιήσω.
1206 4317 1226 4351 ι
1264 4298 1434 4353 Πάλιν
1474 4302 1507 4371 ἡ
1537 4299 1749 4372 Γραφὴ,
1785 4300 1885 4355 οὐκ
1908 4299 2064 4365 ἄλλος

491 4383 665 4452 εἶπεν,
707 4386 824 4443 ἀλλ’
862 4390 945 4444 ὅτι
989 4390 1150 4456 αὐτὸς
1193 4392 1446 4464 Σαμουὴλ
1491 4370 1627 4464 ἔφη·
1665 4411 1685 4445 ι
1715 4370 1827 4448 Καὶ
1878 4395 1964 4448 ἵνα
2011 4396 2064 4449 τί
2097 4370 2141 4424 D

490 4479 847 4552 ὲπερὼτησάς
885 4500 983 4553 με;
1031 4485 1142 4537 Καὶ
1196 4485 1399 4557 Κύριος
1439 4486 1650 4559 ἀπέστη
1683 4487 1790 4541 ἀπὸ
1819 4486 1933 4547 σοῦ.
1970 4488 2065 4541 καὶ

491 4568 721 4640 ἐγενήθη
754 4570 893 4624 κατά
919 4571 1034 4635 σοῦ,
1071 4572 1166 4626 καὶ
1197 4575 1450 4644 ἐποίησεν
1474 4574 1633 4629 ἄλλον
1660 4575 1830 4647 αὐτῷ,
1861 4576 1921 4631 ὃν
1949 4578 2066 4649 τρό-

491 4678 592 4714 πον
615 4661 880 4733 ἐλάλησεν
898 4665 956 4717 ὲν
986 4665 1129 4735 χειρί
1160 4683 1281 4737 μου.
1313 4668 1424 4720 Καὶ
1460 4656 1744 4739 διαῤῥήξει
1775 4669 1874 4738 τὴν
1914 4668 2064 4739 βασι-

490 4751 637 4806 λείαν
668 4755 733 4807 ὲκ
779 4755 961 4826 χειρός
1016 4770 1132 4809 σου.
1176 4774 1197 4809 ι
1248 4758 1359 4811 Καὶ
1403 4758 1677 4830 δαιμόνιον
1724 4760 2058 4832 προφητεύει

489 4843 620 4913 περὶ
655 4844 930 4915 βασιλείας
964 4847 1381 4920 Ἰσραηλιτικῆς.
1429 4849 1494 4902 Τί
1546 4866 1710 4920 φησιν
1751 4853 1780 4905 ό
1820 4852 2060 4916 ἐναντίος

488 4935 679 5006 λόγος;
726 4939 923 5011 Ὁρᾶτε
942 4941 1066 5004 ὅσος
1088 4940 1235 5010 ἀγών
1261 4944 1409 4997 ἐστιν
1436 4944 1494 4996 ὲν
1518 4943 1595 5014 τῷ
1618 4942 1761 5015 λόγῳ
1784 4944 1876 4998 τοῦ
1902 4944 2059 5009 Θεοῦ,

488 5030 677 5101 χρείαν
705 5030 841 5101 ἔχων
873 5033 970 5086 καὶ
998 5034 1279 5105 ἀκροατῶν
1305 5034 1616 5106 δυναμένων
1651 5037 1820 5106 ἀγίων
1842 5036 2058 5093 ἀκούειν

487 5125 660 5194 λόγων
695 5127 963 5197 μεγάλων,
986 5130 1079 5182 καὶ
1099 5130 1423 5200 ἀπορρήτων
1454 5128 1563 5183 τῶν
1587 5131 1716 5201 περὶ
1732 5131 1830 5201 τῆς
1850 5130 2057 5195 ἐξόδου,

486 5216 946 5288 ὲπαπορουμένων
970 5232 1029 5270 τε
1054 5216 1159 5271 τῶν
1192 5216 1494 5289 προτέρων,
1518 5216 1638 5271 οὔτε
1662 5217 1769 5273 τῶν
1794 5218 2061 5289 δευτέρων

490 5308 677 5379 σαφῶν
727 5309 918 5365 ὄντων.
982 5310 1121 5364 Ἀλλ’
1148 5312 1178 5365 ό
1207 5310 1363 5380 λόγος
1402 5310 1482 5364 ἔτι
1541 5310 1871 5378 ἐξετάζεται.
1903 5310 2061 5379 Λέγω

488 5400 567 5464 δὲ,
614 5401 696 5454 ὅτι
740 5401 1015 5471 ἀναγκαία
1060 5403 1154 5456 καὶ
1194 5402 1230 5474 ἠ
1280 5401 1510 5474 ἱστορία,
1554 5402 1649 5456 καὶ
1680 5403 1714 5473 ή
1757 5401 2057 5475 ἐξέτασιςή

491 5493 620 5566 περὶ
648 5494 837 5567 αὐτῆς,
876 5494 964 5548 ἵνα
990 5494 1189 5566 ἴδωμεν
1220 5494 1274 5548 τί
1313 5495 1462 5566 ἡμᾶς
1491 5495 1602 5567 ἔχει
1627 5495 1765 5567 μετά
1804 5494 1901 5567 τὴν
1946 5495 2061 5564 ἕξο-

562 5665 610 5700 ⁸³
639 5667 813 5741 lReg.
843 5686 1034 5740 xxvut,
1064 5672 1150 5729 ll.
1227 5672 1272 5708 “
1299 5674 1452 5743 ibid.,
1479 5674 1565 5743 l2,
1596 5676 1678 5735 15.
1757 5675 1802 5711 ⁸⁸
1832 5673 1875 5732 ll
1904 5676 2028 5736 Cor.
2063 5692 2139 5744 xt,
2170 5676 2233 5732 Η

2177 3105 2275 3158 stri
2321 3105 2372 3158 in
2419 3106 2951 3176 ministrosjustitize
2991 3120 3414 3166 commutantur.
3458 3111 3564 3167 Sed
3608 3112 3738 3182 quid

2175 3196 2227 3250 id
2256 3206 2358 3259 est,
2388 3197 2529 3266 quod
2579 3198 2850 3253 Samuelis
2890 3216 3010 3255 esse
3064 3200 3259 3257 mulier
3300 3204 3588 3273 cognovit?
3630 3204 3739 3259 Sed

2173 3289 2437 3358 scriptum
2487 3298 2571 3345 est
2620 3290 2838 3347 Saulem
2875 3295 3198 3363 cognovisse
3241 3293 3394 3349 illum
3426 3296 3593 3350 fuisse
3636 3292 3741 3351 Sat--

2173 3381 2467 3436 muelem“
2494 3400 2507 3436 :
2539 3401 2559 3435 ι
2604 3383 2671 3436 Ει
2722 3384 3001 3453 procubuit
3033 3383 3195 3457 [‘93
3253 3386 3305 3439 in
3359 3384 3550 3440 faciem
3582 3400 3739 3440 suam

2170 3486 2336 3542 super
2375 3480 2597 3539 terram,
2632 3482 2686 3528 et
2716 3474 2982 3529 adoravit.
3010 3494 3029 3527 ι
3072 3475 3285 3529 Rursus
3320 3475 3450 3530 item
3483 3475 3739 3545 Scriptuo

2173 3578 2245 3615 rte
2279 3572 2505 3618 auctor:
2538 3581 2558 3615 ι
2588 3563 2652 3617 Ει
2688 3564 2825 3619 dixit
2852 3564 3068 3620 Samuel
3095 3565 3161 3617 ad
3207 3563 3428 3617 Saulem
3459 3582 3474 3620 :
3503 3561 3575 3619 Ut
3607 3562 3739 3632 quid

2170 3657 2496 3724 perturbasti
2531 3673 2617 3714 me
2639 3656 2881 3712 faciendo
2904 3656 3251 3711 ascendere?)
3290 3653 3516 3721 «Dixit,»
3563 3654 3738 3725 inquit

2171 3745 2475 3816 Scriptura,
2508 3745 2618 3813 iam
2661 3746 2883 3799 credere
2912 3760 3048 3814 Opus
3091 3755 3175 3799 est
3204 3759 3215 3793 :
3257 3762 3276 3795 ι
3300 3742 3444 3799 Dixit
3469 3744 3685 3800 Samuel
3718 3761 3733 3797 :

2171 3835 2238 3891 Ut
2275 3837 2400 3906 quid
2449 3839 2501 3890 in
2538 3836 2679 3891 iram
2714 3838 2960 3892 excitasti
2999 3853 3105 3902 me,
3150 3837 3396 3891 faciendo
3439 3853 3524 3892 me
3550 3852 3741 3891 ascen-

2167 3929 2364 3983 dere?»
2403 3929 2711 3998 Respondet
2742 3929 2937 3984 deinde
2967 3928 3095 3984 Saul
3128 3948 3142 3985 :
3175 3947 3194 3981 ι
3222 3928 3387 3984 Valde
3422 3930 3738 3998 alienigena

2167 4034 2408 4090 pugnant
2442 4022 2494 4074 in
2521 4035 2642 4086 me,
2678 4031 2733 4074 et
2764 4020 2908 4075 Deus
2946 4023 3198 4076 discessit
3232 4038 3261 4075 a
3296 4036 3399 4083 me,
3430 4031 3485 4076 et
3516 4037 3619 4076 non
3650 4037 3740 4075 re—

2166 4114 2385 4179 spondit
2435 4112 2567 4166 tuibi
2628 4112 2790 4176 ultra,
2830 4112 2958 4167 licet
3009 4114 3183 4182 ipsum
3232 4116 3283 4168 in
3332 4116 3584 4170 manibus
3618 4131 3742 4182 pro-

2166 4206 2473 4275 phetarum,
2523 4214 2576 4261 et
2627 4206 2680 4260 in
2737 4206 2965 4261 somniis
3020 4207 3409 4273 invocaverim,
3446 4208 3513 4262 ad
3548 4207 3733 4261 natii-

2167 4297 2397 4351 candum
2432 4297 2564 4352 mihi
2595 4297 2723 4366 quid
2756 4297 2977 4352 faciam.
3004 4318 3023 4350 ι
3057 4298 3259 4353 lterum
3298 4296 3605 4369 Scriptura,
3635 4312 3737 4353 nec

2169 4387 2306 4443 alius
2349 4388 2509 4451 dixit,
2543 4389 2716 4457 ipsum
2764 4386 3073 4443 Samuelem
3116 4390 3382 4446 dixisse"
3414 4407 3427 4443 :
3461 4408 3479 4441 ι
3503 4388 3572 4446 Ut
3601 4389 3734 4459 quid

2168 4481 2469 4551 interrogas
2526 4480 2652 4534 me?
2690 4480 2753 4535 Et
2808 4480 3067 4535 Dominus
3115 4482 3362 4536 discessit
3392 4498 3420 4535 a
3458 4491 3530 4549 te,
3572 4493 3627 4537 et
3662 4481 3735 4537 fa-

2167 4581 2291 4626 ctus
2320 4581 2401 4626 est
2440 4582 2627 4625 contra
2659 4581 2732 4635 te,
2779 4580 2834 4625 et
2878 4570 3012 4626 fecit
3042 4573 3209 4628 alium
3254 4574 3379 4637 sibi,
3413 4575 3553 4629 sicut
3594 4575 3735 4628 locu-

2168 4674 2254 4720 tus
2284 4673 2366 4719 est
2403 4664 2454 4717 in
2492 4680 2650 4718 manu
2688 4646 2827 4720 mea.
2864 4664 2934 4719 Et
2963 4665 3246 4719 abscindet
3271 4682 3493 4737 regnum
3525 4666 3590 4719 de
3616 4682 3704 4720 ma

2167 4771 2237 4809 nu
2272 4764 2383 4807 tua.
2408 4774 2425 4806 ι
2473 4754 2805 4810 Βιθηιοηίιιηι
2836 4755 2904 4809 de
2940 4755 3236 4810 Israelitico
3266 4773 3432 4827 regno
3458 4758 3723 4811 vaticina-

2168 4858 2276 4902 tur.
2309 4846 2447 4915 Quid
2478 4849 2546 4902 ad
2586 4849 2722 4918 lucc,
2748 4849 2839 4918 qui
2865 4849 3203 4904 contrarium
3241 4850 3537 4904 asserunt?
3572 4849 3737 4906 Vide-

2168 4939 2237 4995 tis
2276 4940 2543 5008 quodnam
2581 4950 2861 4995 certamen
2914 4941 2983 4995 sit
3030 4940 3084 4994 in
3136 4940 3319 4995 verbis
3350 4940 3582 5006 Domini,
3610 4956 3732 5010 quae

2164 5032 2501 5087 auditoribus
2532 5032 2798 5101 indigent,
2839 5032 2929 5101 qui
2962 5048 3155 5103 magna
3190 5042 3244 5088 et
3287 5028 3577 5087 ineﬂ'abilia
3609 5046 3735 5100 pos-

2161 5126 2269 5181 sint
2297 5125 2595 5196 intelligere
2632 5127 2701 5181 de
2727 5127 2875 5181 exitu
2908 5141 2976 5181 ex
3029 5127 3129 5180 hac
3153 5128 3283 5192 vita,
3313 5143 3434 5182 cum
3472 5125 3646 5196 prima
3675 5124 3731 5179 in

2163 5218 2382 5272 dubium
2405 5226 2901 5282 controvertantur,
2939 5226 2995 5272 et
3022 5219 3261 5272 secunda
3300 5216 3585 5271 manifesta
3621 5230 3729 5269 non

2162 5309 2287 5363 sint.
2323 5306 2429 5364 Sed
2469 5322 2652 5362 sermo
2684 5308 2862 5363 adhuc
2899 5308 2952 5363 in
2994 5310 3247 5363 examine
3301 5318 3406 5362 est.
3440 5307 3573 5362 Dico
3599 5319 3732 5360 νεό

2162 5401 2522 5458 necessariam
2551 5415 2672 5456 esse
2702 5411 2756 5456 et
2778 5401 3092 5468 historiam,
3128 5412 3184 5457 et
3219 5401 3362 5456 illius
3390 5415 3641 5465 examen,
3670 5416 3735 5455 ut

2165 5493 2293 5565 quid
2328 5507 2427 5549 nos
2459 5502 2581 5563 post
2624 5493 2749 5549 vita!
2786 5493 2950 5565 hujus
2975 5494 3181 5550 exitum
3210 5502 3509 5564 exspectat,
3540 5493 3725 5549 videa-

2354 5674 2400 5708 “
2426 5672 2443 5729 Ι
2469 5671 2605 5748 Reg.
2633 5676 2945 5764 XXVIII,'14.
3020 5675 3063 5709 ⁸⁷
3088 5673 3244 5747 ibid.,
3281 5676 3367 5741 l6,
3403 5675 3491 5732 l7.
