4046 6152
405 257 544 313 1019

1831 258 2168 317 ORIGENIS.

3496 258 3517 313 Ι
3528 258 3633 311 οὲιι

401 391 543 430 mus.
586 392 605 426 ι
633 373 869 429 Locutus
897 381 979 428 est
1012 373 1064 428 in
1099 388 1257 428 manu
1290 388 1431 439 mea,
1469 385 1522 429 et
1550 375 1830 430 abscindet
1856 377 1961 431 Do-

2065 375 2172 429 δον.
2203 393 2223 426 ι
2264 372 2569 444 Δελάληκεν
2590 372 2646 425 ἐν
2677 370 2818 442 χειρί
2841 386 2959 442 μου·
2989 367 3085 424 καὶ
3111 367 3385 441 διαρῤήξει
3427 369 3633 440 Κύριος

401 469 581 521 minus
627 479 853 534 regnum
896 465 963 519 de
992 479 1151 518 manu
1207 474 1324 528 tua,
1352 472 1406 520 et
1438 466 1587 520 dabit
1621 467 1748 520 illud
1781 469 1966 536 proxi-

403 572 492 610 mo
545 565 634 609 tuo
667 555 854 608 David.
887 573 906 606 ι
941 555 1272 609 Dmmoninm
1326 571 1458 610 vero
1518 573 1746 623 regnum
1799 557 1964 614 David

403 648 589 713 nequit
639 644 842 700 habere
890 656 1255 715 compertum,
1288 650 1430 716 quod
1475 665 1502 703 a
1539 648 1649 703 Deo
1690 651 1962 706 decretum

400 746 539 792 eral.
575 736 816 802 Quidni?
860 736 1051 791 Nonne
1098 754 1284 794 vocem
1348 741 1560 795 Domini
1615 742 1967 799 intellexisti?

408 848 427 880 ι
456 829 570 882 Non
601 828 727 883 fecit
779 830 1203 900 indignationem
1242 832 1338 886 ira:
1365 848 1494 896 suae,
1528 833 1579 887 in
1604 834 1825 890 Amalec
1844 835 1911 891 ⁸⁸.
1938 856 1956 888 ι

400 919 592 975 Nonne
649 920 765 975 hate
795 931 925 976 sunt
952 923 1117 978 verba
1151 923 1405 978 Domini?
1435 940 1610 979 nonne
1641 941 1764 980 vera
1805 926 1963 980 sunt?

400 1010 544 1067 Vere
596 1013 817 1081 quidem
860 1014 1192 1070 voluntatem
1246 1016 1462 1071 Domini
1496 1016 1626 1072 Sanl
1675 1030 1962 1075 exsecutus

402 1119 507 1158 non
533 1113 617 1159 est
644 1123 658 1159 :
690 1094 784 1159 sed
817 1120 996 1175 regem
1026 1106 1249 1162 Amalec
1298 1109 1483 1162 vivum
1523 1113 1959 1177 conservabat”,

402 1202 620 1264 propter
652 1210 812 1265 quem
861 1205 918 1251 et
966 1208 1258 1266 antequam
1292 1199 1612 1268 quiesceret,
1640 1210 1696 1256 et
1728 1203 1959 1259 inexitu

402 1285 521 1353 ipso
537 1285 750 1339 Samuel
771 1286 920 1341 Sauli
950 1289 1330 1357 exprobravit:
1355 1308 1373 1340 ι
1400 1290 1464 1344 Et
1482 1301 1702 1361 propter
1720 1292 1821 1347 hoc
1844 1308 1963 1347 ver-

401 1371 527 1427 bum
555 1374 657 1428 hoc
675 1376 801 1429 fecit
826 1377 1154 1432 Dominusin
1179 1377 1268 1432 die
1289 1379 1484 1433 hac.Et
1508 1379 1680 1434 tradet
1709 1381 1963 1438 Dominus

402 1466 457 1533 ip
480 1484 578 1520 ,um
612 1467 773 1523 Israel
806 1470 858 1524 in
894 1486 1053 1526 manu
1095 1473 1540 1541 alienigenarum.
1574 1494 1591 1526 ι
1617 1476 1688 1530 De
1712 1477 1963 1532 universo

401 1558 497 1613 Dei
548 1561 741 1629 populo
778 1562 1101 1617 daemonium
1159 1574 1332 1634 potest
1369 1565 1651 1620 vaticinari
1678 1567 1961 1622 Dominum

2070 466 2168 537 τὴν
2198 465 2473 536 βασιλείαν
2517 466 2580 517 ὲκ
2630 462 2811 534 χειρός
2860 479 2973 524 σου,
3013 461 3109 515 καὶ
3140 459 3300 513 δώσει
3347 459 3516 531 αὐτὴν
3551 461 3633 531 τῷ

2071 556 2296 628 πλησίον
2319 572 2413 609 σου
2442 554 2518 626 τῷ
2546 553 2728 607 Δαυῖδ.
2758 572 2778 604 ι
2814 552 3095 623 Δαιμόνιον
3129 551 3187 604 δὲ
3218 552 3278 603 οὐ
3307 550 3527 604 δύναται
3555 553 3635 604 el-

2069 650 2217 703 δέναι
2243 651 2341 722 τὴν
2375 647 2650 719 βασιλείαν
2679 646 2859 704 Δαυῖδ.
2893 646 2988 716 τὴν
3016 645 3120 698 ὑπὸ
3142 643 3236 697 τοῦ
3277 643 3481 717 Κυρίου
3516 660 3633 715 χει-

2071 742 2466 814 ῳτονηθεῖσαν.
2501 740 2739 801 Καθότις
2784 740 2897 791 υύκ
2929 738 3162 807 ἤκουσας
3189 735 3287 807 τὴν
3324 734 3508 806 φωνὴν
3534 735 3629 789 τοῦ

2069 833 2314 905 Κυρίου;
2351 854 2369 885 ι
2408 833 2521 886 Οὐκ
2555 832 2807 902 ἐποίησεν
2848 830 3015 900 ὀργὴν
3048 828 3217 898 θυμοῦ
3251 828 3411 882 αὑτοῦ
3447 829 3505 881 ὲν
3545 828 3618 881 ’Δ-

2073 925 2272 998 μαλήκ.
2296 945 2314 976 ι
2331 924 2513 978 Ταῦτα
2535 924 2633 978 οὑκ
2650 922 2763 975 ἔστι
2787 924 3002 993 ῥήματα
3026 919 3159 973 Θεοῦ
3182 920 3313 984 ;οὐκ
3338 919 3485 973 ἔστιν
3508 918 3633 990 ἀλη-
3704 1001 3711 1005 -

2069 1014 2170 1085 θῆ;
2233 1012 2471 1084 Ἀληθῶς
2513 1012 2622 1084 γὰρ
2654 1012 2754 1065 οὐκ
2799 1012 3022 1083 ἐποίησε
3067 1009 3128 1063 τὸ
3173 1009 3382 1081 θέλημα
3422 1008 3625 1078 Κυρίου

2069 1106 2257 1160 Σαούλ·
2284 1105 2419 1160 ἀλλὰ
2455 1105 2706 1177 περιέπει
2746 1104 2837 1157 τὸν
2883 1103 3103 1174 βασιλέα
3144 1102 3387 1173 Ἀμαλὴκ
3427 1100 3623 1165 ζῶντα,

2067 1199 2154 1267 ἐφ’
2181 1191 2225 1265 ᾧ
2263 1198 2357 1251 καὶ
2404 1197 2510 1266 πρὸ
2541 1196 2639 1267 τῆς
2685 1196 2993 1266 κοιμήσεως
3040 1192 3225 1255 αὐτοῦ,
3272 1193 3365 1246 καὶ
3402 1192 3494 1244 ἐπὶ
3527 1192 3626 1263 τῆς

2068 1288 2248 1356 ἐξόδου
2280 1289 2525 1341 ὠνείδισε
2556 1285 2806 1357 Σαμουὴλ
2835 1285 2914 1355 τῷ
2941 1284 3132 1338 Σαούλ·
3170 1301 3189 1334 ι
3230 1282 3340 1335 Kal.
3359 1281 3448 1334 διὰ
3471 1280 3627 1334 τοῦτο

2066 1379 2129 1432 τὸ
2161 1378 2313 1449 ῥῆμα
2361 1377 2517 1430 τοῦτο
2562 1376 2782 1448 ἐποίησε
2816 1375 3018 1446 Κύριος
3048 1377 3106 1429 έν
3132 1376 3197 1444 τῇ
3232 1371 3413 1444 ἡμέρᾳ
3434 1371 3623 1443 ταύτῃ.

2068 1470 2179 1522 Καὶ
2202 1468 2362 1522 δώσει
2392 1468 2595 1539 Κύριος
2621 1468 2713 1522 καί
2740 1485 2803 1537 γε
2841 1467 2931 1521 τὸν
2969 1465 3182 1537 Ἰσραὴλ
3220 1466 3276 1518 ὲν
3308 1463 3451 1535 χειρὶ
3474 1462 3627 1517 ἀλλο-

2070 1562 2268 1631 φύλων.
2325 1582 2344 1614 »
2389 1563 2523 1634 Περὶ
2563 1563 2684 1616 ὅλου
2723 1561 2851 1616 λαοῦ
2906 1558 3040 1613 Θεοῦ
3094 1559 3316 1611 δύναται
3357 1557 3634 1629 δαιμόνιον

403 1655 728 1708 traditurum
781 1656 985 1710 Israel?
1014 1675 1032 1708 ι
1060 1658 1122 1712 Ει
1156 1659 1556 1717 tabernaculum
1588 1665 1759 1732 ipsum
1792 1661 1959 1717 Israel

2071 1651 2459 1723 προφητεῦσαι,
2483 1653 2563 1705 ὅτι
2594 1651 2795 1724 Κύριος
2824 1650 3000 1723 μέλλει
3029 1647 3371 1721 παραδιδόναι
3398 1648 3488 1701 τὸν
3524 1648 3628 1701 Ἰσ-

403 1745 580 1797 tradet
611 1744 871 1799 Dominus
899 1746 950 1799 in
980 1762 1138 1802 manu
1159 1731 1688 1820 alienigenarum.Et
1715 1765 1792 1815 tu.
1812 1755 1961 1819 Sanl,

2068 1740 2238 1813 ραήλ;
2269 1760 2287 1792 ι
2330 1743 2437 1796 Καί
2464 1759 2529 1810 γε
2554 1742 2654 1814 τὴν
2687 1740 3032 1813 παρεμϐολὴν
3075 1737 3289 1808 Ἰσραὴλ
3317 1734 3628 1807 παραδώσει

403 1849 525 1889 cras
550 1836 812 1902 accelera,
840 1847 916 1902 ιιι,
937 1848 990 1894 et
1012 1838 1155 1895 ﬁlius
1180 1851 1298 1896 tuus
1333 1858 1543 1898 mecum
1574 1846 1640 1898 ⁷ο.
1682 1865 1701 1897 ›
1750 1848 1810 1899 Et
1834 1848 1961 1901 illud

403 1926 727 1981 daemonium
759 1930 899 1985 scire
945 1940 1140 1999 p01est,
1190 1948 1367 2004 regem
1408 1935 1616 1995 scilicet
1665 1939 1965 1995 chrismate

402 2014 714 2082 prophetico
744 2018 1093 2087 declaratum,
1118 2019 1332 2075 Saulem
1363 2038 1486 2079 cras
1512 2041 1541 2078 e
1570 2027 1672 2079 vita
1702 2029 1962 2098 migratu-

406 2119 547 2170 rum,
597 2118 652 2160 et
683 2109 820 2163 ﬁlios
854 2110 999 2166 illius
1034 2128 1139 2166 una
1172 2128 1294 2168 cum
1319 2115 1428 2169 eo?
1460 2134 1477 2169 ι
1499 2117 1634 2171 Cras
1671 2127 1750 2184 tu,
1782 2131 1837 2175 et
1869 2122 1962 2176 ﬁlii

405 2196 480 2249 tui
515 2212 743 2252 mecum.
765 2219 784 2251 ι
808 2200 901 2254 llis
929 2203 1175 2271 superius
1195 2205 1393 2273 scripta
1416 2206 1804 2263 confirmantur
1835 2227 1959 2265 vera

400 2300 545 2351 esse,
573 2299 629 2343 et.
657 2290 708 2344 in
743 2290 908 2345 vitam
947 2305 1230 2349 evocatum
1264 2296 1429 2351 fuisse
1464 2297 1793 2356 Samuelem.
1823 2302 1960 2369 Quid

404 2378 570 2449 igitur
593 2381 681 2436 hic
730 2385 1071 2455 ventriloqua
1103 2390 1399 2456 operatur?
1423 2389 1560 2455 Quid
1594 2393 1646 2445 in
1675 2393 1964 2449 eductione

401 2469 741 2541 animmjusti
775 2477 1110 2545 ventriloqua
1140 2479 1287 2547 agit?
1317 2480 1417 2547 Qui
1452 2483 1644 2551 prima:
1672 2487 1964 2542 sententiae

401 2572 509 2627 est,
559 2563 782 2619 evitavit
817 2582 886 2622 ne
932 2584 1042 2637 prae
1088 2581 1162 2625 tot
1201 2572 1320 2626 aliis
1348 2583 1403 2628 et
1457 2591 1655 2629 novum
1687 2586 1960 2634 certamen

402 2649 543 2705 inire
579 2664 906 2723 cogeretur:
941 2657 1083 2712 circa
1118 2662 1468 2729 quaestionem
1501 2663 1659 2733 hujus
1711 2667 1811 2721 loci
1872 2685 1958 2724 re-

400 2744 662 2810 spondet:
697 2745 812 2799 Non
859 2759 941 2802 est
971 2747 1209 2810 Samuel.
1241 2751 1406 2824 494
1433 2755 1639 2810 daemon
1684 2760 1958 2826 mentitur,

401 2848 525 2888 cum
560 2835 675 2906 ipsa
704 2835 989 2907 Scriptura
1040 2844 1254 2898 mentiri
1285 2861 1389 2903 non
1416 2849 1605 2916 possit.
1632 2851 1805 2904 Verba
1835 2868 1962 2909 vero

404 2926 700 2998 Scriptura:
742 2942 867 2986 sunt
901 2952 912 2986 :
940 2950 1044 2989 non
1073 2951 1101 2989 a
1138 2938 1403 3006 daemone,
1434 2942 1526 2995 sed
1579 2943 1647 2997 ab
1689 2944 1830 2999 illius
1863 2964 1961 3000 au-

2063 1830 2264 1902 Κύριος
2283 1831 2451 1902 αὐτὴν
2478 1833 2535 1884 ὲν
2552 1831 2697 1903 χειρὶ
2716 1830 3044 1900 ἀλλοφύλων.
3063 1829 3301 1897 Τάχυνον
3324 1826 3402 1891 δὲ,
3431 1824 3623 1888 Σαοὺλ,

2062 1921 2270 1991 αὔριον-
2318 1923 2414 1977 καὶ
2476 1925 2564 1989 σὺ,
2605 1925 2698 1977 καὶ
2735 1926 2764 1977 6
2812 1922 2924 1986 υίός
2961 1938 3052 1974 σου
3109 1919 3222 1989 μετ’
3259 1917 3413 1989 ἐμοῦ.
3453 1935 3475 1970 ι
3516 1915 3633 1970 Καὶ

2061 2011 2217 2066 τοῦτο
2260 2012 2480 2067 δύναται
2510 2013 2705 2067 εἰδέναι
2740 2013 3034 2084 δαιμόνιον,
3079 2009 3296 2080 βασιλέα
3321 2025 3628 2081 χειροτονη-

2063 2101 2224 2155 θέντα
2254 2103 2393 2172 μετὰ
2419 2102 2717 2175 χρίσματος
2751 2099 3110 2173 πῳφητικοῦ,
3140 2101 3221 2153 ὅτι
3258 2097 3443 2169 αὔριον
3467 2097 3628 2169 ἐμελ-

2061 2193 2150 2247 λεν
2191 2194 2466 2259 ἐξελέσθαι
2512 2195 2541 2247 6
2592 2195 2763 2249 Σαοὺλ
2800 2195 2890 2248 τὸν
2938 2193 3071 2264 βίον,
3106 2193 3199 2247 καὶ
3240 2192 3290 2245 oi
3332 2192 3434 2245 υἱοὶ
3458 2188 3627 2244 αὑτοῦ

2065 2288 2181 2356 μετ’
2215 2287 2413 2352 αὐτοῦς
2453 2304 2471 2338 ι
2509 2285 2707 2358 Αὔριον
2736 2288 2821 2351 σὺ,
2855 2286 2949 2340 καὶ
2994 2285 3098 2339 υίοί
3136 2301 3229 2337 σου
3264 2285 3378 2355 μετ’
3404 2282 3556 2355 ἐμοῦ.
3596 2303 3619 2335 ο

2062 2377 2246 2432 Ταῦτα
2272 2376 2392 2448 ’μὲν
2434 2374 2546 2442 οὖν,
2576 2379 2657 2433 ὅτι
2691 2378 2790 2431 οὐκ
2817 2378 2931 2432 ἔστι
2964 2378 3040 2448 (7)
3085 2376 3253 2447 ψευδῆ
3287 2375 3354 2429 τὰ
3384 2376 3494 2431 ἀνω
3531 2391 3627 2443 γε-

2060 2468 2374 2539 γραμμένα,
2409 2470 2503 2522 καὶ
2528 2469 2611 2522 ὅτι
2648 2469 2901 2540 Σαμουήλ
2928 2471 3071 2522 ὲστιν
3100 2470 3128 2521 6
3159 2465 3524 2536 ἀναϐεϐηκώς.
3556 2465 3623 2519 Τί

2061 2556 2153 2613 οὖν
2178 2563 2321 2612 ποιεῖ
2347 2559 2778 2632 ὲγγαστρίμυθος
2809 2558 3026 2624 hilaria;
3058 2558 3121 2612 Τί
3157 2560 3301 2612 ποιεῖ
3335 2555 3624 2627 ἐγγαστρί-

2065 2652 2231 2723 μυθος
2284 2653 2412 2724 περὶ
2461 2653 2561 2723 τὴν
2589 2651 2875 2722 ἀναγωγὴν
2907 2652 3005 2723 τῆς
3043 2651 3220 2721 ψυχῆς
3248 2650 3343 2704 τοῦ
3371 2650 3622 2716 δικαίους

2074 2744 2309 2807 Ἐκεῖνος
2334 2743 2532 2812 ἔφυγεν
2564 2744 2593 2795 6
2622 2743 2712 2797 τὸν
2737 2742 2950 2814 πρῶτον
2987 2742 3076 2795 τὸν
3104 2742 3260 2810 λόγον
3301 2740 3495 2794 εἰπών·
3533 2740 3622 2793 ἵνα

2061 2840 2169 2913 γὰρ
2222 2840 2296 2910 (8)
2352 2838 2425 2910 μὴ
2463 2839 2648 2908 ἀγῶνα
2679 2838 2820 2909 ἔχειν
2853 2838 2978 2910 δοκῇ
3012 2837 3153 2891 κατὰ
3192 2834 3426 2889 τοσαῦτα
3464 2834 3624 2903 ἄλλα,

2060 2931 2202 2987 κατὰ
2231 2931 2320 2984 τὸν
2346 2930 2505 2984 τόπον
2530 2928 2855 3001 ζητούμενα,
2884 2932 2978 2982 καὶ
3026 2928 3191 2996 λέγει·
3221 2927 3334 2981 υύκ
3370 2926 3480 2979 ἐστι
3518 2926 3623 2978 Σα-

401 3028 556 3075 ctore
598 3032 728 3076 sunt
757 3024 964 3093 prolata
997 3043 1012 3078 :
1041 3047 1059 3078 ι
1086 3026 1151 3080 Ει
1189 3028 1318 3084 vidit
1350 3030 1545 3087 mulier
1575 3034 1905 3090 Samuelem.
1937 3056 1953 3088 ι

2066 3021 2255 3093 μουὴλ,
2283 3022 2533 3091 ψεύδεται
2562 3020 2622 3073 τὸ
2652 3020 2945 3091 δαιμόνιον,
2986 3020 3109 3073 ἐπεὶ
3138 3019 3199 3072 οὑ
3239 3017 3457 3072 δύναται
3494 3015 3626 3086 ψεῶ

404 3110 553 3163 Dixit
605 3112 733 3165 Sanl
783 3128 901 3182 qua:
943 3116 1161 3172 locutus
1210 3117 1389 3175 fuerat
1430 3120 1669 3179 Samuel.
1717 3124 1959 3190 Quanam

2064 3113 2245 3167 δεσθαι
2282 3116 2315 3185 ἠ
2345 3113 2554 3184 Γραφή.
2586 3110 2666 3165 Τὰ
2696 3111 2752 3164 δὲ
2789 3113 3006 3184 ῥήματα
3049 3111 3147 3181 τῆς
3189 3110 3407 3182 Γραφῆς
3442 3110 3623 3161 ἐστιν·

405 3201 574 3268 igitur
603 3204 828 3269 ratione,
864 3221 984 3274 qua:
1012 3209 1064 3262 in
1093 3210 1193 3263 hoc
1229 3211 1347 3265 loco
1381 3213 1446 3265 de
1471 3216 1808 3286 ventriloqua
1858 3218 1961 3273 dua

404 3292 668 3359 bitantur,
711 3297 1030 3352 solventur?
1070 3301 1262 3366 Quaero
1293 3318 1322 3355 a
1353 3303 1540 3370 prima:
1577 3306 1720 3361 illius
1749 3319 1964 3364 senten-

406 3385 494 3439 tia:
526 3397 788 3442 auctore:
831 3388 1051 3445 Samuel
1095 3396 1234 3463 apud
1283 3397 1530 3452 inferos?
1569 3408 1675 3455 etc.
1716 3399 1960 3470 Respon-

403 3476 526 3528 deat
554 3478 618 3530 ad
655 3479 979 3551 interrogata
1014 3486 1175 3552 :qnis
1220 3488 1409 3553 major,
1444 3488 1685 3555 Samuel,
1720 3491 1961 3549 anJesus

402 3565 689 3622 Christus?
711 3566 844 3635 Quis
877 3572 1064 3640 major,
1094 3576 1390 3642 prophetae,
1413 3592 1478 3630 an
1507 3576 1663 3632 Jesus
1691 3579 1964 3636 Christus?

403 3660 526 3726 quis
555 3663 748 3729 major,
780 3664 1077 3729 Abraham,
1103 3682 1168 3720 an
1196 3665 1356 3721 Jesus
1383 3668 1672 3724 Christus?
1702 3668 1844 3725 Sane
1878 3672 1963 3726 hic

405 3765 562 3804 nemo
603 3767 814 3817 eorum,
839 3755 928 3822 qui
967 3757 1051 3809 vel
1093 3772 1196 3810 una
1236 3759 1354 3812 vice
1387 3767 1592 3813 tantum
1621 3761 1760 3814 scire
1789 3763 1962 3830 potuit

401 3838 583 3894 Jesum
629 3842 903 3898 Christum
951 3861 1091 3911 esse,
1118 3847 1211 3914 qui
1247 3862 1276 3900 a
1310 3849 1590 3917 prophetis
1634 3853 1963 3919 praenuntia-

403 3942 492 3986 tus
523 3944 628 3997 est,
666 3936 881 3990 audebit
911 3938 1089 3992 dicere
1111 3939 1383 3992 Christum
1419 3954 1524 3993 non
1550 3956 1674 3995 esse
1704 3941 1958 4009 majorem

402 4026 697 4094 prophetis.
722 4026 850 4081 Cum
875 4029 1056 4096 itaque
1084 4028 1355 4083 Christum
1389 4030 1647 4100 majorem
1678 4031 1956 4095 fateberis.

401 4117 722 4172 Christusne
773 4121 912 4189 apud
962 4121 1201 4176 inferos?
1252 4123 1440 4176 Nonne
1499 4122 1625 4178 illuc
1684 4126 1964 4193 pervenit?

400 4207 591 4265 Nonne
645 4226 828 4264 vermn
887 4222 971 4267 cst
1016 4214 1159 4282 quod
1201 4214 1256 4268 in
1297 4214 1528 4269 Psalmis
1559 4215 1778 4281 dicitur,
1820 4216 1963 4271 etab

404 4300 667 4366 apostolis
702 4301 753 4354 in
782 4299 999 4355 Actibus
1034 4304 1499 4374 interpretatur“,
1526 4304 1860 4360 Salvatorem
1895 4308 1960 4359 ad

2063 3205 2162 3257 οὐκ
2182 3204 2324 3257 ἐστιν
2347 3205 2409 3256 ὲκ
2436 3202 2724 3274 προσώπου
2753 3201 2847 3254 τοῦ
2892 3202 3163 3273 δαιμονίου
3193 3200 3378 3264 αὐτοῦ,
3418 3201 3529 3254 ἀλλ’
3558 3203 3629 3254 ἐκ

2066 3294 2356 3366 προσώπου
2379 3295 2568 3364 αὐτῆς
2597 3315 2615 3345 ι
2659 3294 2766 3347 Καὶ
2791 3290 2927 3347 εἶδεν
2964 3297 2997 3366 ἡ
3032 3295 3166 3364 γυνὴ
3190 3294 3282 3348 τὸν
3317 3293 3619 3363 Σαμουὴλ.»

2063 3385 2197 3441 Εἷπε
2219 3386 2389 3440 Σαοὺλ
2405 3385 2474 3438 τὰ
2502 3385 2694 3459 λελαλη
2704 3386 2838 3457 μένα
2862 3385 2969 3438 ἀπὸ
3000 3384 3092 3437 τοῦ
3121 3384 3373 3455 Σαμουὴλ
3395 3382 3490 3455 (9)⁸
3510 3382 3626 3445 πῶς

2062 3478 2154 3535 οὖν
2188 3480 2420 3551 λυόμενα
2447 3479 2515 3532 τὰ
2544 3480 2642 3550 τῆς
2669 3476 3102 3549 ὲγγαστριμύθου
3138 3479 3383 3546 φανεῖται
3403 3476 3470 3528 τὰ
3489 3474 3633 3529 κατὼ

2061 3572 2152 3625 τὸν
2176 3572 2369 3637 τόπον;
2392 3569 2732 3641 Πυνθάνομαι
2756 3569 2847 3622 τοῦ
2874 3568 3256 3640 προειρηκότος
3282 3568 3349 3621 τὰ
3365 3566 3629 3637 πρότερα,

2064 3663 2314 3736 Σαμουὴλ
2356 3665 2413 3716 ὲν
2451 3662 2612 3734 ᾆδου;
2657 3663 2751 3717 καὶ
2797 3660 2867 3715 τὰ
2906 3660 3051 3732 ἑξῆς.
3093 3660 3201 3714 Καὶ
3243 3657 3626 3730 ἀποκρινάσθω

2065 3757 2202 3827 πρὸς
2257 3757 2318 3809 τὸ
2375 3757 2816 3827 ὲπηρωτημένον,
2874 3754 2969 3815 Τίς
3014 3752 3234 3824 μείζων,
3282 3749 3557 3821 Σαμουὴλ,
3588 3749 3624 3821 ἢ

2076 3848 2280 3916 Ἰησοῦς
2304 3850 2332 3901 6
2356 3848 2619 3919 Χριστός;
2649 3845 2729 3909 τίς
2761 3845 2979 3916 μείζων,
3014 3845 3064 3897 οἱ
3110 3842 3405 3916 προφῆται,
3443 3841 3477 3912 ἢ
3522 3841 3628 3909 Ἰη-

2065 3939 2190 4002 σοῦς
2216 3940 2245 3991 6
2276 3937 2536 4010 Χριστός;
2582 3937 2665 4000 τίς
2715 3935 2934 4006 μείζων,
2980 3934 3248 4006 Ἀδραὰμ,
3284 3933 3317 4002 ἢ
3367 3929 3571 4001 Ἰησοῦς
3597 3932 3627 3982 6

2062 4029 2334 4100 Χριστός;
2384 4028 2598 4081 Ἐνθάδε
2638 4028 2698 4081 οὐ
2752 4025 3007 4097 τολμήσοι
3043 4041 3126 4087 τις
3163 4022 3268 4077 τῶν
3302 4018 3448 4085 ἅπαξ
3494 4019 3628 4088 φθα-

2065 4123 2271 4176 σάντων
2305 4120 2396 4173 τὸν
2429 4119 2632 4191 Κύριον
2668 4118 2863 4171 εἰδέναι
2903 4114 3107 4186 Ἰησοῦν
3145 4113 3378 4186 Χριστὸν
3399 4112 3489 4165 τὸν
3522 4111 3629 4165 ὑπὸ

2060 4212 2168 4265 τῶν
2193 4208 2481 4282 προφητῶν
2514 4207 2954 4280 προκηρυχθέντα
2984 4203 3140 4270 εἶναι,
3173 4206 3365 4267 είπεῖν,
3392 4204 3474 4257 ὅτι
3510 4202 3634 4273 μεί-

2063 4303 2168 4367 ζων
2198 4303 2297 4355 οὐκ
2325 4300 2468 4355 ἔστιν
2499 4302 2527 4353 6
2571 4301 2801 4372 Χριστὸς
2835 4299 2941 4352 τῶν
2988 4295 3297 4369 προφητῶν,
3333 4295 3500 4349 Ὅταν
3532 4289 3626 4347 οὖν

402 4389 605 4445 inferos
635 4392 1015 4448 descendisse?
1036 4395 1187 4459 Quod
1218 4398 1270 4451 in
1305 4398 1516 4465 psalmo
1537 4396 1748 4452 decimo
1768 4398 1960 4467 quinto

2062 4394 2415 4465 ὁμολογήσῃς,
2445 4394 2527 4446 ὅτι
2577 4389 2785 4463 Ἰησοῦς
2809 4389 3040 4463 Χριστὸς
3069 4386 3267 4460 μείζων
3295 4386 3463 4449 ἐστὶν,
3490 4386 3624 4455 Χρι-

401 4482 621 4552 legitur,
657 4489 722 4541 ad
775 4486 948 4557 ipsum
1013 4488 1202 4543 referri
1265 4492 1530 4561 scriptum
1566 4491 1711 4546 est"
1748 4509 1762 4545 :
1796 4510 1814 4541 ι
1842 4490 1957 4546 Non

403 4578 754 4647 derelinques
785 4580 1026 4634 animam
1084 4597 1255 4636 meam
1301 4582 1354 4636 in
1413 4582 1646 4641 inferno.
1673 4597 1773 4638 nec
1808 4585 1962 4639 dabis

395 4665 600 4734 justum
633 4679 781 4723 tttttm
843 4671 1027 4727 videre
1073 4675 1540 4743 corruptionem.)
1596 4675 1651 4729 Si
1708 4675 1960 4743 deinceps

405 4762 766 4829 respondebit,
802 4763 926 4830 quia
971 4763 1219 4820 Christus
1268 4768 1334 4821 ad
1393 4765 1598 4820 inferos
1632 4766 1960 4821 descendit:

403 4852 530 4918 quid
582 4855 833 4908 acturus?
869 4856 1200 4921 victurusue,
1232 4871 1298 4910 an
1348 4872 1377 4910 a
1415 4866 1591 4911 morte
1636 4854 1966 4912 Vincendus?

405 4942 695 4999 Descendit
723 4947 787 4998 ad
815 4945 901 5000 illa
935 4948 1072 5013 loca,
1128 4963 1230 5001 non
1266 4959 1518 5016 tanquam
1555 4963 1743 5002 servus
1771 4964 1957 5002 eorum

405 5035 492 5102 qui
531 5035 601 5089 ibi
654 5047 830 5101 erant,
854 5038 946 5091 sed
977 5047 1235 5108 tanquam
1270 5038 1531 5093 Dominus
1561 5039 1963 5106 deeertaturus,

405 5138 461 5182 ut
491 5130 639 5196 prius
685 5130 1017 5198 dicebamus,
1051 5130 1176 5184 dum
1202 5130 1469 5200 psalmum
1501 5132 1812 5200 vigesimum
1849 5134 1963 5202 pri-

371 5220 375 5233 ‘
406 5237 549 5274 mum
577 5222 966 5289 explicaremus
988 5221 1520 5276 :cCircumdederunt
1538 5237 1624 5276 me
1648 5223 1801 5275 vituli
1827 5224 1967 5277 mul-

408 5306 470 5371 ti,
497 5309 635 5361 tauri
669 5309 893 5377 pingues
920 5310 1249 5364 obsederunt
1280 5325 1386 5365 me.
1418 5312 1760 5380 Aperuerunt
1801 5326 1967 5379 super

478 5422 523 5454 ⁸⁸
549 5424 567 5476 l
589 5423 718 5494 Reg.
742 5440 933 5491 xxvnt,
966 5427 1052 5481 18.
1126 5427 1170 5460 ⁶⁹
1202 5426 1217 5480 Ι
1246 5427 1378 5497 Reg.
1407 5442 1501 5492 xv,
1526 5426 1618 5481 28.

481 5536 559 5609 (7)
586 5540 704 5593 Ὅτι
735 5542 845 5612 οὐκ
881 5541 1032 5596 ἔστι.
1065 5541 1157 5596 Vel
1187 5542 1365 5612 scribe
1387 5541 1557 5612 δηλοῖ,
1585 5543 1668 5596 ὅτι
1700 5543 1800 5596 οὐκ
1827 5540 1960 5605 ἔστι,

412 5612 491 5662 vel
514 5612 712 5683 Asnpple
739 5611 907 5683 δηλοῖ,
949 5622 1042 5683 aut
1066 5612 1196 5680 quid
1221 5611 1448 5683 simile.’
1507 5681 1515 5683 Α
1633 5644 1637 5648 -

486 5680 801 5747 (8)Εἱπώγ·⁷
832 5682 932 5737 ἵνα
973 5680 1102 5750 γάρ,
1139 5692 1240 5737 etc.
1276 5681 1468 5738 liuetio
1505 5681 1779 5752 legendum
1811 5682 1958 5735 vide-

2063 4483 2184 4546 στὸς
2210 4485 2266 4536 ὲν
2293 4482 2452 4554 ᾃδους
2493 4483 2565 4536 ’Ἡ
2593 4484 2654 4534 οὐ
2683 4481 2901 4550 γέγονεν
2932 4482 3080 4545 exet;
3120 4479 3234 4531 Οὐκ
3260 4477 3406 4529 ἐστιν
3431 4474 3626 4547 ἀληθὲς

2058 4574 2120 4627 τὸ
2148 4576 2429 4645 εἰρημένον
2454 4576 2510 4627 ὲν
2558 4574 2842 4643 Ψαλμοῖς,
2868 4571 3195 4646 έρμηνευθὲν
3220 4570 3324 4624 ὑπὸ
3370 4568 3476 4624 τῶν
3504 4569 3631 4621 ἀπο·

2065 4668 2262 4720 στόλων
2285 4670 2341 4721 ὲν
2369 4669 2488 4730 ταῖς
2549 4665 2846 4734 Πράξεσιν
2887 4663 3065 4718 αὐτῶν
3098 4662 3226 4735 περὶ
3252 4659 3345 4715 τοῦ
3383 4661 3473 4714 τὸν
3515 4659 3627 4712 Σω-

2065 4760 2207 4830 τῆρα
2249 4761 2307 4813 ὲν
2340 4759 2464 4830 ᾅδου
2514 4758 2977 4829 καταϐεϐηκέναι;
3034 4758 3369 4829 Γέγραπται,
3409 4756 3491 4809 ὅτι
3538 4754 3625 4808 ἐπ’

2068 4851 2227 4905 αὐτὸν
2256 4851 2476 4923 φέρεται
2509 4851 2570 4904 τὸ
2596 4851 2653 4904 ὲν
2688 4852 2847 4904 πέντε
2886 4851 2981 4904 καὶ
3025 4849 3237 4918 δεκάτῳ
3268 4845 3494 4918 ψαλμῷο
3542 4846 3625 4899 ὅτι.

2072 4962 2091 4994 ι
2128 4945 2241 4996 Οὐκ
2275 4942 2687 5013 ἐγκαταλείψεις
2732 4942 2828 5012 τὴν
2856 4940 3031 5012 ψυχήν
3073 4957 3171 5012 μου
3211 4940 3290 5003 είς
3323 4938 3469 5010 ᾅδου,
3508 4935 3633 4990 οὐδὲ

2066 5033 2257 5097 δώσεις
2291 5033 2383 5087 τὸν
2429 5033 2573 5086 ὅσιόν
2616 5050 2708 5086 σου
2767 5033 2891 5086 ἰδεῖν
2941 5032 3252 5104 διαφθοράν.
3285 5050 3312 5083 ι
3338 5026 3471 5084 Εἶτα
3495 5027 3630 5099 μετὰ

2068 5124 2224 5179 τοῦτο
2258 5124 2353 5179 ἐὰν
2385 5124 2764 5196 ἀποκρίνηται,
2811 5125 2890 5177 ὅτι
2927 5123 3157 5196 Χριστὸς
3200 5125 3256 5176 ὲν
3300 5121 3424 5193 ᾅδου
3457 5136 3629 5173 κατα-

2071 5218 2289 5288 6ἐ6ηκε,
2320 5217 2372 5269 τί
2412 5218 2620 5281 music;
2668 5217 2923 5287 νικήσων,
2975 5216 3008 5287 ἢ
3058 5213 3479 5287 νικηθησόμενος
3524 5211 3631 5265 ὑπὸ

2069 5309 2159 5362 τοῦ
2190 5309 2415 5363 θανάτου
2439 5325 2455 5375 ;
2480 5309 2589 5361 Καὶ
2609 5307 2966 5379 κατελήλυθεν
3002 5310 3081 5371 είς
3112 5307 3182 5360 τὰ
3217 5306 3631 5378 χωρίαὲκεῖνα,

1717 5426 1805 5481 "°l
1843 5426 1973 5493 Reg.
2008 5443 2195 5490 xxvt't,
2231 5427 2315 5481 l9.
2388 5426 2435 5457 ἠ
2460 5426 2577 5479 Act.
2615 5441 2675 5492 ιι,
2710 5426 2797 5479 3!.
2874 5426 2920 5456 τ’
2959 5423 3103 5481 Psal.
3128 5441 3214 5487 xv,
3246 5423 3334 5481 10.

2074 5552 2180 5603 tur,
2208 5540 2397 5611 εἰπὼν,
2431 5540 2518 5611 ἵνα
2547 5540 2620 5611 μὴ
2654 5539 2859 5611 ἀγῶνα,
2888 5549 2995 5611 etc.

2142 5611 2221 5684 (ιη
2264 5610 2395 5668 Ἀπὸ
2427 5606 2864 5681 τοῦΣὶιμουήλ.
2913 5609 3072 5680 Lege.
3102 5607 3209 5663 ὑπὸ
3235 5607 3327 5663 τοῦ
3352 5606 3639 5679 Σαμουὴλ.
