4046 6152
430 324 561 377 lilii

1512 322 1577 377 IN
1619 318 1875 399 ιιιιιιυιι
1914 318 2151 374 REGUM
2190 318 2476 377 HOMlLIA
2514 321 2582 376 ll.

3533 315 3674 373 10922

424 442 525 513 οὐχ
554 441 630 505 ὡς
653 439 839 505 δοῦλος
866 441 974 496 τῶν
996 443 1131 509 ἐκεῖ,
1158 443 1272 497 ἀλλ’
1311 444 1387 508 ὡς
1413 444 1679 518 δεσπότης
1702 445 1990 509 παλαίσωνἸ

2110 459 2195 498 tne
2223 460 2284 500 os
2314 458 2495 508 suum,
2525 441 2666 495 sicut
2698 436 2783 491 leo
2810 436 3028 505 rapiens
3053 443 3107 488 ct
3144 434 3378 504 rugiens.
3418 432 3666 503 Dispersa

423 532 503 596 cii;
546 532 736 604 πρώην
788 532 1047 605 ἐλέγομεν
1075 534 1427 607 ἐξηγούμενοι
1481 536 1572 591 τὸν
1619 537 1832 608 ψαλμὸν
1881 543 1965 590 κα⁹
1986 552 1999 566 ·

432 641 454 674 ι
503 621 953 695 Περιεκύκλωσάν
993 642 1062 695 με
1105 626 1292 696 μόσχοι
1333 626 1537 691 πολλοὶ,
1586 627 1776 700 ταῦροι
1823 627 2005 691 πίονες

384 701 389 717 ³
426 715 715 787 περιέσχον
748 732 837 785 με.
871 714 1127 782 Ἤνοιξαν
1154 718 1244 770 ἐπ’
1272 718 1371 790 ἐμὲ
1404 719 1465 772 τὸ
1499 718 1671 790 στόμα
1696 716 1894 783 αὐτῶν,
1929 717 2006 781 ὡς

420 805 560 859 λέων
590 805 850 878 ἁρπάζων
877 808 968 860 καὶ
996 808 1326 881 ὠρυόμενος.
1348 810 1744 882 Διεσκορπίσθη
1774 808 1843 863 τὰ
1873 811 2006 863 ὀστᾶ

426 915 550 969 μου.
578 916 598 949 ι
618 897 976 969 Μεμνήμεθα,
991 898 1044 951 εί
1058 916 1121 968 γε
1139 901 1482 972 μεμνήμεθα,
1509 901 1622 955 τῶν
1650 899 1806 972 ἱερῶν
1821 916 1975 972 γραμ
1996 933 2006 942 -

425 987 631 1059 μάτων·
676 989 957 1060 μέμνημαι
988 990 1096 1062 γὰρ
1133 991 1309 1047 αὐτῶν
1347 994 1649 1066 εἰρημένων
1684 997 1763 1059 εἰς
1796 995 1887 1049 τὸν
1916 1000 2001 1049 κα⁹

421 1080 657 1151 ψαλμόν.
686 1079 895 1134 ῢύκοῦν
927 1083 956 1135 ὁ
991 1082 1182 1155 Σωτὴρ
1220 1084 1547 1157 κατελήλυθε
1582 1085 1800 1140 σώσωψ
1845 1104 2005 1139 κατε-

422 1171 654 1244 λήλυθεν
704 1173 822 1226 ἐκεῖ
864 1174 1266 1245 προκηρυχθεὶς
1302 1176 1406 1230 ὑπὸ
1452 1176 1569 1232 τῶν
1602 1177 1915 1249 προφητῶν,
1966 1179 2000 1251 ἢ

420 1264 522 1331 ob;
565 1264 703 1318 Ἀλλ’
734 1263 920 1318 ἐνθάδε
961 1265 1058 1336 μὲν
1091 1266 1475 1339 προεκηρύχθη
1503 1268 1610 1322 ὑπὸ
1645 1268 2004 1342 «Brit-pom-

421 1351 551 1405 τῶν·
587 1352 819 1423 ἀλλαχοῦ
850 1354 906 1407 δὲ
940 1353 1259 1425 κατέρχεται
1286 1355 1347 1407 οὐ
1396 1354 1483 1408 διὰ
1526 1356 1847 1428 προφητῶν;
1894 1359 2003 1413 Kal

421 1442 629 1513 Μωσῆς
662 1443 823 1497 αὑτὸν
860 1443 1125 1515 κηρύσσει
1165 1434 1569 1516 ἐπιδημήσοντα
1590 1445 1667 1516 τῷ
1700 1447 1849 1515 γένει
1895 1448 2002 1505 τῶν

419 1534 743 1608 ἀνθρώπων·
779 1535 919 1590 ῶστε
964 1536 1216 1606 λέγεσθαι
1265 1536 1445 1601 καλῶς
1486 1538 1593 1591 ὑπὸ
1658 1538 1752 1592 τοῦ
1796 1540 2000 1612 Κυρίου

421 1627 518 1680 καὶ
550 1627 799 1698 Σωτῆρος
823 1627 997 1699 ήμῶν·
1030 1647 1049 1679 ι
1071 1629 1133 1681 Εἰ
1160 1626 1473 1681 ἐπιστεύετε
1499 1630 1691 1700 Μωσῇ,
1719 1631 1999 1684 ἐπιστεύε-

420 1736 482 1773 τε
514 1718 580 1774 ἂν
617 1720 769 1791 ἐμοί’
805 1720 929 1791 περὶ
965 1719 1075 1790 γὰρ
1111 1719 1245 1792 ἐμοῦ
1290 1723 1497 1785 ἐκεῖνος
1541 1719 1798 1793 ἔγραψεν.
1838 1724 1897 1776 Εἰ
1938 1724 1997 1777 δὲ

2105 547 2235 592 sunt
2261 537 2444 591 omnia
2487 548 2611 588 ossa
2656 544 2771 584 mea
2796 528 2862 581 ⁷³.
2892 547 2911 580 ι
2956 528 3102 582 Sane
3149 529 3503 580 recordamur
3540 525 3673 579 divi-

2105 643 2297 682 narum
2345 627 2671 691 litterarum,
2705 637 2942 694 namque
2977 620 3093 673 ha‘c
3136 618 3189 671 in
3234 617 3443 687 psalmo
3470 616 3667 685 vigesi-

2105 736 2193 775 mo
2218 720 2394 790 primo
2439 720 2644 787 scripta
2671 732 2793 773 esse
2836 713 3077 771 memini.
3103 711 3273 780 Igitur
3299 709 3550 763 Salvator
3574 708 3670 761 de-

2102 810 2335 877 scendit,
2368 817 2425 863 ttt
2470 809 2748 867 liberaret.
2780 806 3132 861 descenditne
3178 801 3307 855 illuc
3341 799 3669 869 prtenuntia-

2103 910 2238 955 tnsa
2272 900 2573 969 prophetis,
2610 897 2833 951 annon?
2858 898 2927 951 At
2959 895 3048 948 hic.
3075 891 3296 961 quidem
3328 904 3356 943 a
3387 890 3668 958 pr0phetis

2104 991 2494 1061 prmttttntialus
2523 997 2639 1055 est;
2676 989 2784 1042 alio
2819 1002 2948 1042 vero
2982 986 3258 1040 descendit
3284 997 3386 1036 non
3415 996 3510 1050 per
3541 997 3668 1049 pro.

2113 1082 2345 1155 phetas?
2374 1082 2586 1153 Moyses
2617 1082 2744 1135 item
2783 1080 2956 1149 ipsum
2985 1077 3304 1148 praenuntiat
3333 1090 3431 1144 pro
3470 1088 3669 1142 genere

2102 1178 2341 1233 humano
2368 1176 2752 1239 adventorum,
2782 1172 2855 1226 ita
2891 1184 2948 1225 ut
2980 1182 3123 1225 recte
3155 1186 3183 1222 a
3214 1168 3442 1222 Domino
3457 1176 3507 1219 et
3541 1164 3668 1220 Sal-

2101 1280 2287 1325 vatore
2316 1276 2503 1323 nostro
2529 1267 2737 1322 dicatur
2754 1264 2803 1297 ⁷⁸
2825 1279 2839 1317 :
2864 1280 2883 1315 ι
2913 1264 2967 1318 Si
2986 1260 3283 1318 crederetis
3315 1256 3511 1329 Moysi,
3543 1268 3671 1311 cre-

2102 1360 2304 1418 deretis
2339 1369 2393 1413 et
2426 1358 2556 1412 mihi
2590 1374 2605 1412 :
2639 1359 2705 1411 de
2734 1371 2820 1410 tne
2858 1355 3003 1410 enim
3054 1352 3143 1406 ille
3171 1350 3412 1419 scripsit.
3448 1346 3505 1402 Si
3530 1344 3671 1401 scri-

2103 1454 2207 1522 ptis
2238 1452 2383 1506 illius
2429 1465 2536 1504 non
2578 1448 2825 1512 creditis,
2871 1446 3144 1516 quomodo
3177 1442 3361 1499 verbis
3395 1441 3531 1495 meis
3559 1452 3674 1495 cre-

2104 1541 2313 1597 detis‘h
2348 1540 2576 1593 Etvenit
2605 1538 2657 1592 in
2688 1539 2826 1591 hanc
2848 1537 3013 1589 vitam
3042 1534 3316 1597 Christus,
3336 1543 3389 1586 et
3419 1545 3674 1600 praenun-

2064 1644 2071 1649 '
2106 1632 2268 1686 tiatur
2290 1630 2546 1686 Christus
2570 1630 2622 1683 in
2646 1629 2786 1683 hanc
2824 1629 2993 1683 vitam
3025 1626 3340 1680 adveniens.
3372 1623 3426 1676 Si
3462 1622 3672 1691 Moyses

2105 1724 2171 1777 de
2204 1723 2297 1778 illo
2342 1724 2431 1778 hic
2459 1721 2829 1792 praenuntiat,
2861 1734 2969 1773 non
3007 1719 3087 1773 vis
3130 1727 3184 1774 et
3222 1718 3393 1787 ipsum
3431 1715 3557 1768 illuc
3584 1715 3675 1768 de-

420 1814 535 1875 τοῖς
560 1812 766 1866 ἐκείνου
789 1812 1106 1883 γράμμασιν
1137 1814 1198 1866 οὐ
1224 1814 1526 1878 πιστεύετε,
1558 1814 1680 1879 πῶς
1721 1818 1833 1878 τοῖς
1852 1816 1990 1887 ἐμοῖς

2107 1817 2403 1879 scendisse,
2435 1824 2492 1867 nt
2522 1812 2797 1868 Christum
2835 1812 3154 1883 prtediceret
3183 1823 3247 1864 eo
3274 1804 3672 1877 migraturum?

425 1905 631 1976 ῥήμασι
658 1904 1006 1969 πιστεύσετε;
1032 1923 1050 1955 ι
1083 1905 1190 1958 Καὶ
1222 1906 1584 1979 ἐπιδεδήμηκε
1607 1906 1781 1978 τούτῳ
1798 1906 1874 1978 τῷ
1896 1908 1995 1980 βίῳ

420 1995 678 2066 Χριστὸς,
708 1996 801 2050 καὶ
822 1996 1261 2067 προκηρύσσεται
1277 1997 1508 2069 Χριστὸς
1530 1998 1809 2068 ἐπιδημῶν
1823 1998 1996 2071 τούτῳ

418 2086 498 2155 τῷ
527 2087 644 2160 βίῳ.
673 2090 734 2142 El
775 2088 831 2142 δὲ
870 2090 1073 2161 Μωσῆς
1116 2090 1449 2161 προφητεύει
1485 2090 1647 2151 αὐτὸν
1679 2089 1886 2157 ἐνθάδε,
1932 2092 1991 2144 οὐ

420 2177 596 2243 θέλεις
638 2180 800 2233 αὐτὸν
832 2180 993 2234 κάκεῖ
1037 2180 1491 2251 καταϐεϐηκέναι,
1524 2182 1610 2235 ἵνα
1643 2182 1995 2254 προφητεύσῃ

419 2269 656 2340 Χριστὸν
683 2270 1031 2337 ἐλεύσεσθαι;
1080 2272 1145 2324 Ἰἰί
1173 2271 1265 2339 δέ;
1300 2272 1507 2344 Μωσῆς
1542 2273 1661 2345 μὲν,
1689 2277 1737 2328 οἱ
1769 2276 1826 2329 δὲ
1868 2274 1993 2347 ἑξῆς

416 2362 694 2433 προφῆται
726 2363 882 2435 οὐχί;
936 2363 1187 2435 Σαμουὴλ
1214 2365 1272 2419 δὲ
1312 2365 1462 2436 οὐχί;
1518 2366 1583 2420 Τί
1633 2366 1831 2421 ἄτοπόν
1876 2369 1991 2420 ἐστι

415 2456 543 2518 τοὺς
577 2456 790 2527 ἰατροὺς
820 2457 1169 2510 καταϐαίνειν
1204 2457 1340 2527 πρὸς
1377 2459 1502 2522 τοὺς
1543 2458 1726 2522 κακῶς
1747 2458 1988 2529 ἔχονταςς

414 2543 484 2596 Τί
515 2543 569 2597 δὲ
592 2545 789 2599 ἄτοπόν
817 2547 964 2599 ἐστιν
986 2546 1073 2598 ἵνα
1107 2546 1199 2598 καὶ
1226 2546 1255 2598 ὁ
1281 2547 1575 2619 ἀρχίατρος
1608 2547 1819 2619 καταϐῇ
1856 2549 1993 2620 πρὸς

412 2636 541 2699 τοὺς
569 2635 752 2700 κακῶς
771 2636 1029 2706 ἔχονταςς
1083 2638 1308 2692 Ἐκεῖνοι
1345 2640 1516 2710 ἰατροὶ
1552 2638 1649 2709 μὲν
1675 2634 1814 2710 ἦσαν
1859 2639 1989 2693 πολ-

414 2725 519 2788 λοὶ,
553 2728 582 2779 ὁ
606 2726 662 2779 δὲ
700 2725 900 2797 Κύριός
930 2744 1031 2798 μου
1054 2728 1146 2782 καὶ
1182 2726 1371 2799 Σωτὴρ
1397 2726 1690 2800 ἁρχίατρός
1717 2730 1851 2780 ἐστι·
1897 2728 1991 2781 καὶ

414 2817 527 2887 γὰρ
548 2816 643 2887 τὴν
670 2817 817 2871 ἔνδον
849 2818 1164 2890 ἐπιθυμίαν,
1197 2819 1230 2889 ἥ
1254 2821 1313 2872 οὐ
1340 2818 1560 2873 δύναται
1584 2819 1687 2872 ὑπὸ
1703 2819 1875 2872 ἄλλων
1904 2819 1991 2872 οε-

417 2908 772 2980 ραπευθῆναι,
810 2910 1320 2981 αὐτὸςθεραπεύειο
1352 2912 1472 2982 ἥτις
1518 2912 1616 2965 οὐκ
1648 2912 1864 2983 ἴσχυσεν
1897 2912 1989 2966 ὑπ’

414 3001 630 3064 οὐδενὸς
679 3000 1081 3072 Θεραπευθῆναι
1121 3002 1229 3056 τῶν
1263 3002 1483 3074 ἰατρῶν,
1513 3003 1744 3075 Χριστὸς
1787 3004 1989 3076 Ἰησοῦς

411 3088 583 3160 αὐτὴν
610 3088 917 3161 θεραπεύει.
943 3089 1033 3161 Μὴ
1057 3090 1243 3158 φοϐοῦ.
1274 3090 1365 3161 Μὴ
1400 3090 1630 3159 Θαμϐοῦ.
1669 3092 1874 3163 Ἰησοῦς
1909 3098 1989 3157 εἰς

411 3182 542 3252 ᾅδου
569 3181 778 3250 γέγονε,
815 3182 908 3234 καὶ
938 3183 984 3234 οἱ
1014 3183 1290 3253 προφῆται
1322 3182 1427 3252 πρὸ
1446 3182 1633 3248 αὑτοῦ,
1665 3184 1759 3237 καὶ
1785 3201 1990 3256 προκη-

2094 3180 2222 3233 dicit
2257 3181 2531 3234 hominem
2576 3196 2635 3235 se
2676 3182 2901 3235 vidisse.
2950 3179 3156 3234 Timuit
3200 3194 3363 3249 quem
3394 3180 3530 3233 vidit
3564 3195 3578 3231 :
3609 3188 3667 3233 at
3742 3173 3753 3256 ᾖ
3858 3197 3869 3205 ⁸

415 3271 673 3343 ρύσσουσι
703 3270 795 3324 τοῦ
829 3270 1062 3343 Χριστοῦ
1087 3272 1185 3342 τὴν
1207 3271 1519 3343 ἐπιδημίαν.
1550 3268 1682 3325 Εἶτα
1725 3273 1821 3327 καὶ
1866 3273 1994 3327 ἄλλο

409 3380 465 3416 τι
504 3363 640 3417 θέλω
670 3365 842 3417 εἰπεῖν
870 3365 961 3417 ἀπ’
988 3363 1159 3433 αὐτῆς
1183 3364 1280 3435 τῆς
1302 3364 1544 3435 Γραφῆς.
1573 3364 1827 3436 Σαμουὴλ
1863 3367 1992 3419 ἀνα-

414 3455 609 3535 ϐαίνει,
642 3457 735 3508 καὶ
785 3456 891 3510 ἰδοὺ
925 3456 1097 3511 Σαοὺλ
1137 3456 1283 3524 λέγει
1327 3456 1628 3527 ἑωρακέναι
1659 3458 1836 3528 ψυχήν
1861 3475 1875 3489 ο
1928 3458 1988 3511 οὐ

412 3547 561 3615 λέγει
588 3548 890 3619 ἑωρακέναι
917 3548 1221 3621 ἄνθρωπον.
1253 3548 1491 3617 Ἐπτηξε
1528 3550 1715 3603 τοῦτον
1754 3550 1813 3604 ὃν
1850 3546 1987 3604 εἶδε·

409 3640 534 3691 τίνα
559 3641 659 3711 ὁρᾷ
682 3656 696 3704 ;
717 3659 734 3690 ι
768 3640 952 3706 Θεοῦς,
988 3642 1170 3712 φησὶν,
1206 3640 1314 3710 ἐγὼ
1328 3638 1484 3706 εἶδον,
1503 3642 1657 3705 Θεοὺς
1675 3642 1990 3697 ἀναϐαίνον-

411 3748 509 3795 τας
540 3731 649 3785 ἀπὸ
677 3732 776 3802 τῆς
798 3733 918 3805 γῆς.
949 3752 969 3784 ι
999 3733 1107 3788 Καὶ
1136 3733 1275 3804 τάχα
1296 3734 1546 3806 Σαμουὴλ
1568 3735 1629 3787 οὐ
1668 3735 1824 3805 μόνος
1859 3737 1990 3790 ἀνα-

409 3821 614 3891 ϐέϐηκε
644 3824 736 3876 καὶ
762 3824 884 3877 τότε
914 3822 1306 3895 προφητεύσων
1333 3822 1408 3893 τῷ
1437 3822 1635 3877 Σαούλ’
1668 3822 1781 3876 ἀλλ’
1818 3825 1986 3891 εἰκὸς,

409 3910 603 3984 ὥσπερ
648 3914 899 3967 ἐνταῦθα·
935 3933 953 3964 ι
992 3914 1145 3968 Μετὰ
1184 3914 1329 3967 ὁσίου
1374 3913 1668 3989 ὁσιωϐήσῃ,
1712 3916 1807 3968 καὶ
1852 3916 1989 3987 μετὰ

409 4004 604 4077 ἀνδρὸς
625 4005 804 4059 ἁθὼου
836 4006 1009 4070 άθῶος
1050 4008 1169 4079 ἔστι,
1200 4008 1295 4061 καὶ
1335 4006 1473 4078 μετὰ
1518 4007 1773 4061 ἐκλεκτοῦ
1836 4009 1989 4062 ἐκλε-

410 4097 541 4159 κτὸς
566 4096 685 4169 ἔσῃ·
712 4116 727 4148 ι
755 4097 850 4150 καὶ
885 4099 1020 4151 εἰσὶν
1054 4098 1284 4152 ἐνταῦθα
1315 4098 1587 4169 διατριϐαὶ
1629 4100 1801 4166 ἁγίων
1849 4100 1987 4172 μετὰ

406 4185 600 4253 ἁγίωνο
638 4187 758 4256 οὐχὶ
790 4186 846 4239 δὲ
869 4187 1038 4255 ἁγίων
1067 4187 1204 4258 μετὰ
1233 4188 1567 4259 ἁμαρτωλῶν
1588 4206 1599 4217 ·
1649 4188 1743 4242 καὶ
1781 4191 1829 4243 εἰ
1878 4189 1987 4261 ἄρα

408 4275 541 4329 ποτέ
561 4276 675 4329 ἐστι
702 4276 814 4331 τῶν
840 4277 1009 4347 ἁγίων
1037 4278 1286 4350 διατριϐὴ
1311 4279 1451 4349 μετὰ
1478 4276 1585 4332 τῶν
1621 4279 1983 4350 ἁμαρτωλῶν,

410 4369 550 4440 ὑπὲρ
569 4368 662 4421 τοῦ
689 4371 781 4423 καὶ
808 4370 932 4433 τοὺς
959 4370 1314 4442 ἁμαρτωλοὺς
1347 4370 1537 4424 σῶσαι.
1560 4369 1863 4443 Οὖτωτάχα
1893 4371 1985 4425 xal

406 4461 751 4514 ἀναϐαίνοντι
772 4460 850 4532 τῷ
880 4461 1131 4533 Σαμουὴλ
1172 4462 1670 4531 συναναϐεϐήκασιν
1689 4463 1806 4533 ἦτοι
1833 4463 1984 4532 ἅγιαι

354 4554 359 4559 ’
405 4549 575 4620 ψυχαὶ
603 4550 775 4604 ἄλλων
820 4553 1131 4623 προφητῶν.
1175 4555 1327 4625 Τάχα
1368 4554 1642 4628 ζητήσεις,
1678 4560 1725 4611 οἱ
1765 4560 1983 4629 ἄγγελοι

405 4635 547 4710 ἦσαν
580 4641 668 4694 ἐπὶ
712 4641 820 4694 τῶν
863 4643 1187 4713 πνευμάτων
1225 4645 1437 4712 αὑτῶν;
1480 4647 1537 4700 Ὀ
1569 4649 1860 4722 Προφήτης
1891 4651 1982 4705 λέ-

403 4746 525 4798 γει·
563 4748 582 4781 ι
615 4731 877 4800 Ἀγγελος
909 4735 938 4786 ὁ
982 4734 1158 4788 λαλῶν
1187 4738 1244 4789 ἐν
1276 4737 1449 4808 ἐμοί.»
1495 4738 1564 4792 Ἥ
1591 4741 1810 4811 ἄγγελοι
1842 4738 1983 4815 ἦσαν

408 4821 548 4891 μετὰ
582 4824 903 4894 πνευμάτων
937 4828 1452 4900 συναναϐεϐηκότες,
1496 4834 1591 4887 καὶ
1634 4833 1813 4889 πάντα
1845 4836 1982 4908 πλη-

406 4909 594 4981 ροῦται
621 4912 733 4983 (10)
764 4913 870 4967 τῶν
915 4914 1184 4985 δεομένων
1228 4918 1535 4989 σωτηρίας·
1570 4939 1590 4972 ι
1630 4922 1739 4974 Καὶ
1777 4922 1979 4989 πάντες

403 5000 512 5054 eiul
541 5000 886 5076 λειτουργικὰ
913 5007 1196 5078 πνεύματα
1225 5010 1305 5072 είς
1339 5009 1613 5066 διακονίαν
1650 5014 1979 5070 ἀποστελλὸ-

406 5107 545 5160 μενα
577 5092 666 5147 διὰ
686 5097 811 5159 τοὺς
844 5096 1131 5166 μέλλοντας
1154 5098 1506 5170 κληρονομεῖν
1539 5104 1825 5176 σωτηρίαν.
1864 5126 1884 5159 ι
1914 5108 1979 5161 Τί

404 5183 545 5256 φοϐῇ
579 5187 770 5249 εἰπεῖν,
800 5189 882 5241 ὅτι
916 5191 1023 5252 πᾶς
1046 5190 1211 5254 τόπος
1253 5190 1446 5261 χρῄζει
1484 5192 1658 5263 Ἰησοῦ
1702 5196 1975 5266 Χριστοῦ;

403 5275 539 5329 Οὐδὲ
572 5277 679 5349 γὰρ
700 5279 939 5349 Χριστοῦ
963 5280 1059 5350 μὲν
1094 5281 1287 5353 χρῄζει
1319 5280 1426 5334 τῶν
1455 5285 1747 5355 προφητῶν
1779 5288 1807 5339 ὁ
1846 5285 1979 5357 χρῄ-

403 5361 514 5427 ζων
542 5366 636 5419 τοῦ
670 5368 927 5437 Χριστοῦ.
961 5369 1092 5422 Οὐδὲ
1114 5369 1220 5441 γάρ
1252 5372 1487 5442 Χριστοῦ
1513 5372 1610 5443 μὲν
1635 5374 1843 5444 χρῄζει,
1870 5376 1978 5431 τῶν

401 5454 459 5509 δὲ
482 5456 908 5528 εύτρεπιζόντων
943 5460 1183 5531 Χριστοῦ
1223 5461 1522 5532 παρουσίαν
1551 5464 1645 5516 καὶ
1686 5464 1978 5536 ἐπιδημίαν

2102 1908 2239 1975 Quid
2274 1906 2471 1975 porro?
2506 1905 2718 1975 Moyses
2740 1903 2791 1955 id
2827 1904 2937 1972 egit
2969 1919 2984 1954 :
3012 1901 3206 1971 reliqui
3250 1899 3529 1969 propheta:
3560 1912 3671 1951 non

2103 1998 2270 2053 item?
2291 1997 2478 2053 Nonne
2520 1995 2783 2051 Samuel?
2819 1994 3088 2062 Quidnam
3113 1991 3334 2046 absurdi
3370 2000 3472 2054 est,
3500 1989 3670 2043 medi-

2100 2105 2195 2145 cos
2226 2091 2292 2144 ad
2319 2090 2457 2143 male
2496 2104 2556 2142 se
2587 2086 2854 2142 habentes
2882 2083 3258 2140 descendere?
3285 2081 3423 2148 Quid
3446 2079 3671 2136 absurdi

2099 2190 2183 2235 est
2227 2180 2521 2250 principem
2580 2177 2910 2232 medicorum
2958 2177 3024 2229 ad
3067 2183 3394 2243 mgrotantes
3439 2176 3669 2227 descen-

2101 2274 2265 2329 dere?
2310 2273 2390 2327 llli
2426 2272 2623 2327 medici
2680 2270 2899 2342 quidem
2948 2279 3123 2336 erant,
3176 2277 3233 2323 et
3278 2281 3412 2322 sane
3472 2266 3665 2322 multi:

2099 2375 2157 2420 at
2210 2366 2469 2421 Dominus
2536 2379 2687 2419 meus
2751 2372 2806 2418 et
2844 2362 3097 2417 Salvator
3165 2362 3419 2432 princeps
3474 2374 3667 2415 eorum

2098 2466 2198 2514 εει.
2264 2457 2473 2512 Etenim
2545 2459 2814 2513 internum
2888 2456 3260 2517 desiderium,
3316 2452 3478 2525 495
3527 2455 3668 2521 quod

2098 2566 2203 2604 non
2267 2558 2443 2620 potest
2483 2548 2550 2602 ab
2600 2548 2723 2603 aliis
2789 2547 3000 2613 curari,
3046 2555 3204 2601 curat
3251 2546 3367 2616 ipse
3404 2564 3419 2601 :
3452 2547 3593 2616 quod
3635 2562 3667 2601 a

2099 2640 2315 2695 nemine
2367 2640 2539 2709 potuit
2582 2638 2915 2693 medicorum
2971 2637 3173 2701 sanari,
3204 2645 3425 2691 sanatur
3453 2652 3481 2689 a
3507 2635 3668 2691 Chri-

2097 2739 2182 2784 sto
2227 2728 2377 2784 Jesu.
2418 2727 2496 2783 Ne
2542 2728 2751 2783 timeas.
2802 2726 2879 2781 Ne
2909 2729 3143 2782 mireris.
3187 2727 3433 2781 Christus
3484 2726 3537 2781 in
3579 2727 3666 2781 in-

2098 2820 2308 2875 fernum
2363 2820 2681 2883 descendit,
2736 2828 2792 2874 et
2840 2830 2964 2873 ante
3025 2835 3147 2873 eum
3205 2818 3517 2888 prophetae,
3571 2818 3666 2888 qui

2097 2911 2213 2977 ejus
2253 2913 2539 2965 adventum
2584 2910 2973 2981 praedicebant.
3024 2910 3233 2964 Addam
3301 2919 3562 2978 praeterea
3608 2917 3666 2965 et

2097 2999 2244 3053 aliud
2289 3000 2476 3054 nescio
2495 3001 2623 3069 quid
2650 3016 2715 3055 ex
2741 3001 2855 3069 ipsa
2886 2999 3190 3069 Scriptura.
3226 2998 3444 3054 Samuel
3474 3013 3668 3053 ascen-

2098 3089 2213 3155 dit;
2263 3099 2318 3143 et
2353 3105 2481 3144 ecce
2520 3090 2650 3145 Saul
2693 3091 2826 3144 dicit
2875 3105 2935 3144 se
2986 3091 3186 3145 vidisse
3230 3089 3467 3142 animam
3506 3107 3519 3144 :
3559 3104 3666 3144 non

2092 3287 2252 3340 quem
2280 3272 2459 3326 vidit?
2491 3290 2511 3324 ι
2552 3271 2712 3335 Deos,
2738 3272 2915 3342 inquit
2939 3272 3008 3338 ⁷⁵,
3031 3286 3129 3342 ego
3160 3271 3288 3335 vidi,
3317 3272 3448 3325 deos
3471 3283 3665 3323 ascen-

2094 3362 2285 3414 dentes
2310 3376 2340 3415 e
2373 3373 2539 3419 terra.
2572 3382 2591 3414 ι
2624 3363 2691 3416 Ει
2719 3362 2952 3416 fortasse
2999 3371 3126 3415 tunc
3156 3376 3260 3415 non
3301 3361 3449 3415 solus
3481 3374 3666 3413 ascen-

2094 3454 2170 3505 dit
2204 3450 2425 3507 Samuel
2457 3453 2606 3508 Sauli
2637 3454 3051 3509 vaticinaturus.
3100 3453 3207 3507 Sed
3234 3460 3660 3507 consentaneum

2091 3555 2196 3610 est,
2244 3545 2698 3615 quemadmodum
2731 3545 2818 3600 hic
2841 3545 2888 3577 ⁷⁸
2922 3564 2935 3598 :
2976 3564 2996 3597 ι
3035 3545 3169 3600 Cum
3214 3554 3404 3599 sancto
3433 3555 3658 3599 sanctus

2090 3638 2224 3702 eris,
2269 3645 2323 3692 et
2364 3651 2491 3691 cum
2537 3638 2757 3692 homine
2799 3637 3090 3692 innocente
3137 3637 3395 3691 innocens
3426 3639 3571 3704 eris;
3604 3647 3661 3693 et

2089 3743 2212 3783 cum
2238 3729 2410 3783 electo
2450 3730 2654 3783 elecuts
2695 3729 2840 3795 eris;
2884 3747 2903 3781 ι
2958 3738 3189 3796 suntque
3220 3729 3309 3783 hic
3339 3738 3657 3784 sanctorum

2089 3834 2212 3875 cum
2246 3819 2451 3874 sanctis
2483 3819 2938 3884 consuetudines;
2973 3829 3021 3873 at
3053 3835 3155 3871 non
3181 3830 3495 3873 sanctorum
3528 3836 3652 3874 cum

2090 3908 2632 3979 praevaricatorihus:
2672 3916 2726 3963 et
2756 3909 2800 3963 si
2852 3912 3173 3978 quandoque
3203 3909 3318 3963 lleri
3347 3911 3537 3981 possit,
3588 3918 3649 3965 ut

2088 4012 2403 4056 sanctorum
2451 4015 2555 4053 una
2592 4014 2714 4054 cum
2752 4001 3129 4069 peccatoribus
3175 4002 3511 4057 consuetudo
3556 4002 3650 4068 sit,

2088 4103 2147 4148 ut
2182 4102 2499 4163 peccatores
2534 4091 2828 4146 salventur.
2866 4091 3126 4147 Fortasse
3168 4094 3269 4149 hac
3304 4095 3516 4149 ratione
3547 4110 3655 4149 una

2088 4199 2211 4240 cum
2238 4183 2488 4238 Saumele
2510 4183 2836 4238 ascendente
2856 4184 3218 4239 ascenderunt
3237 4187 3399 4240 etiam
3424 4186 3654 4240 aliorum

2085 4280 2470 4349 prophetarum
2528 4279 2723 4332 anima:
2775 4286 3002 4332 sancta.
3049 4278 3253 4334 Forsan
3301 4295 3544 4348 quares,
3581 4294 3651 4332 an

2087 4369 2281 4424 fuerint
2313 4368 2486 4437 angeli
2508 4385 2669 4439 super
2706 4371 2986 4439 spiritibus
3030 4386 3240 4426 eorum.
3271 4368 3539 4439 Pr0pheta
3571 4371 3655 4425 di-

2089 4465 2226 4517 cit"
2254 4483 2268 4518 :
2294 4472 2320 4515 ἰ
2357 4466 2593 4535 Angelus
2619 4464 2708 4535 qui
2750 4469 2986 4534 loquitur
3023 4467 3075 4521 in
3128 4481 3235 4521 me.
3279 4485 3297 4518 ι
3334 4466 3429 4523 Vel
3479 4467 3653 4537 angeli

2090 4566 2268 4622 erant,
2301 4557 2389 4625 qui
2420 4572 2526 4610 una
2554 4573 2676 4610 cum
2724 4558 3009 4625 spiritibus
3035 4559 3419 4621 ascenderunt.
3444 4559 3652 4613 omnia-

2089 4662 2197 4716 que
2228 4647 2295 4701 ad
2329 4647 2600 4715 egentium
2636 4647 2868 4702 salutem
2914 4650 3193 4720 complent
3229 4667 3244 4704 :
3292 4667 3312 4700 ι
3366 4650 3430 4704 Et
3464 4664 3656 4704 omnes

2087 4748 2215 4793 sunt
2261 4737 2485 4806 spiritus
2548 4739 2967 4805 ministrantes,
3040 4742 3130 4810 qui
3188 4742 3239 4795 in
3296 4741 3653 4796 ministerium

2088 4839 2306 4899 propter
2330 4826 2538 4883 futuros
2560 4827 2799 4883 Ita'redes
2824 4828 3010 4883 salutis
3051 4831 3342 4884 mittuntur
3370 4831 3438 4887 ⁷⁸.
3465 4849 3484 4882 ι
3512 4829 3653 4897 Quid

2088 4920 2247 4973 times
2277 4919 2479 4986 dicere,
2504 4933 2718 4972 onmem
2748 4918 2925 4972 locum
2951 4917 3080 4974 Jesu
3118 4921 3339 4976 Christo
3371 4918 3657 4991 indigere?

2084 5008 2271 5078 Neque
2299 5023 2449 5074 vero,
2480 5009 2571 5077 qui
2605 5007 2823 5063 Christo
2869 5008 3090 5078 indiget,
3139 5010 3440 5080 prophetis,
3475 5011 3654 5082 iisque

2085 5101 2174 5170 qui
2201 5100 2400 5155 Christi
2431 5103 2770 5169 praesentiam
2798 5109 2852 5154 et
2880 5100 3050 5154 adven
3063 5110 3171 5155 tum
3199 5114 3527 5172 praeparant,
3544 5119 3651 5159 non

2087 5191 2350 5263 indigent.
2380 5192 2447 5248 Et
2478 5192 2715 5248 Joannes
2756 5209 2888 5249 sane
2911 5234 2927 5259 ,
2963 5209 3069 5265 quo
3108 5195 3280 5262 major
3323 5198 3465 5249 inter
3495 5205 3653 5250 natos

2086 5285 2391 5352 mulierum,
2437 5288 2657 5345 Christo
2700 5290 2817 5359 ipso
2854 5301 3010 5356 teste,
3045 5306 3203 5344 nemo
3246 5290 3389 5343 fuit:
3424 5307 3444 5340 ι
3481 5288 3653 5358 Major

2085 5380 2226 5432 inter
2247 5388 2400 5433 natos
2425 5380 2707 5435 mulierum
2729 5381 2936 5436 Joanne
2961 5382 3201 5449 Baptista
3230 5381 3407 5436 nullus
3426 5380 3525 5435 fuit
3542 5380 3645 5446 ⁷³;ι

2086 5482 2259 5537 neque
2306 5469 2501 5524 timeas
2556 5469 2606 5525 id
2648 5469 2916 5527 aﬂirtnare
2961 5487 2975 5523 :
3023 5472 3302 5527 descendit
3335 5473 3400 5529 ad
3446 5471 3651 5528 inferos

474 5569 699 5665 ’:.Ps:~'l;
1220 5573 1265 5605 7‘
1285 5572 1439 5628 Joan.
1467 5591 1517 5643 v,
1549 5575 1638 5631 46.
1715 5577 1761 5609 ⁷³
1797 5577 1812 5632 l
1844 5576 1974 5654 Reg.

2094 5598 2193 5653 rut,
2225 5582 2313 5640 l5.
2388 5584 2435 5617 "
2463 5583 2604 5665 Psal.
2635 5600 2771 5652 xvu,
2793 5585 2884 5641 26.
2958 5586 3003 5619 "
3027 5584 3194 5644 Zach.
3220 5588 3362 5657 “,5.
3436 5586 3486 5623 ⁷⁸
3508 5586 3645 5647 Hel»

405 5654 448 5701 ι,
493 5638 581 5691 ﬂ.
652 5639 699 5671 "
726 5639 918 5696 Matth.
954 5659 1030 5709 xt,
1066 5645 1149 5697 11.

486 5749 595 5825 (l0)
626 5754 982 5825 Πληροῦται.
1012 5755 1207 5821 Forte,
1232 5755 1581 5829 πληροῦντες.
