4046 6152
580 218 722 272 1023

2086 213 2406 269 OlilCENlS

3707 209 3823 267 1025

579 331 955 404 praenuntiatus
993 331 1306 395 Dominum,
1336 339 1392 383 ιιι
1414 329 1562 384 illum
1597 329 1984 385 descensurum
2015 345 2147 399 prm-

2254 330 2314 383 06
2368 328 2592 400 χρῄζει⁹
2642 327 2738 380 καὶ
2778 326 3049 397 Ἰωάννης,
3093 319 3156 381 οῦ
3203 325 3401 397 μείζων
3438 324 3495 379 ἐν
3550 333 3824 398 γεννητοῖς

580 425 812 479 diceret.
858 421 1175 488 Propterea,
1217 424 1344 474 dum
1390 421 1442 475 in
1471 422 1714 476 custodia
1761 431 1927 488 esset,
1956 437 2018 475 ac
2048 422 2151 476 sibi

560 515 785 568 exitum
821 512 1207 580 interitumque
1247 511 1532 565 inuuinere
1573 511 1935 581 conspiceret,
1973 514 2154 569 missis

578 604 791 658 duobus
819 601 1119 671 discipulis,
1153 602 1449 670 qumrebat,
1484 617 1625 657 nou:
1661 622 1679 654 ι
1716 602 1794 657 Tu
1824 620 1883 658 es
1912 605 2001 673 qui
2030 621 2154 659 ven-

578 706 736 751 turus
772 694 885 749 es?
923 713 943 746 ι
981 693 1200 748 Sciebat
1233 694 1377 747 enim
1405 710 1421 761 ;
1453 694 1587 748 sed:
1623 714 1643 746 ι
1685 694 1765 749 Tu
1802 711 1862 751 es
1906 702 1997 767 qui
2028 713 2154 752 vcn-

581 800 736 843 turus
764 780 844 853 es,
876 804 943 841 an
975 788 1141 842 alium
1170 786 1584 857 expectamus”
1618 786 1642 840 ?
1680 806 1697 838 ι
1734 788 1972 843 Gloriam
2012 790 2153 845 illius

581 890 920 950 compertam
946 879 1257 943 habuit;de
1291 878 1427 932 mira
1456 881 1572 947 ejus
1604 879 1654 933 vi
1681 880 1909 948 plurima
1944 882 2153 939 locutus

580 971 708 1034 fuit,
733 973 1050 1042 primusque
1082 972 1156 1027 illi
1192 970 1560 1025 testimonium
1587 971 1836 1028 exhibuit
1864 973 1908 1005 ⁸¹
1943 993 1957 1029 :
1990 992 2010 1026 ι
2049 974 2152 1042 Qui

579 1072 704 1132 post
751 1078 837 1117 me
892 1064 1058 1127 venit,
1099 1071 1226 1117 ante
1265 1077 1350 1117 me
1383 1061 1558 1117 laetus
1612 1073 1719 1121 est.
1775 1084 1794 1117 ι
1835 1063 1979 1120 Vidit
2008 1066 2155 1122 illius

574 1154 829 1225 gloriam,
865 1171 885 1207 ι
930 1154 1158 1225 gloriam
1205 1152 1361 1223 quasi
1408 1151 1677 1224 Unigeniti
1709 1172 1740 1208 a
1780 1155 1973 1220 Patre,
2008 1158 2151 1227 pleni

579 1246 767 1316 gratim
797 1253 853 1299 et
894 1245 1137 1300 veritatis
1156 1245 1221 1300 ⁸¹.
1262 1264 1282 1297 ι
1313 1244 1438 1299 Haec
1485 1259 1606 1299 cum
1631 1247 1697 1300 de
1735 1247 1951 1301 Christo
1982 1248 2153 1303 vidis-

579 1348 681 1402 set,
715 1338 865 1408 piget
901 1338 1154 1401 credere,
1187 1338 1384 1392 dubius
1411 1339 1607 1401 haeret,
1641 1351 1742 1392 nec
1777 1338 2019 1393 fatetur:
2063 1340 2154 1395 Di-

578 1432 686 1484 cite
713 1431 836 1499 ipsi,
870 1429 951 1481 Tu
985 1444 1044 1483 es
1081 1427 1353 1483 Christus.
1401 1429 1531 1497 Qua:
1561 1442 1681 1484 cum
1717 1446 1822 1485 non
1855 1432 2153 1489 intellexis-

579 1530 698 1575 sent
732 1520 993 1583 nonnulli,
1024 1530 1416 1577 asseverarunt
1438 1518 1700 1576 Joatmem
1732 1531 1937 1576 tantum
1968 1538 2031 1579 ac
2071 1534 2153 1579 ta-

579 1611 706 1675 lem,
744 1609 1021 1665 Christum
1067 1626 1175 1665 non
1226 1610 1460 1671 novisse.
1497 1613 1592 1666 sed
1628 1613 1695 1667 ab
1731 1628 1796 1668 eo
1832 1614 2151 1671 discessisse

2255 420 2533 489 γυναικῶν
2563 418 2738 482 οὐδεὶς
2786 414 2876 489 ἦν,
2911 415 3051 471 κατά
3092 417 3191 488 τὴν
3231 417 3323 471 τοῦ
3373 416 3638 489 Σωτῆρος
3687 420 3824 489 ἡμῶν

2254 510 2562 583 μαρτυρίαν
2583 509 2851 578 λέγοντοςο
2886 528 2904 560 ι
2937 510 3154 574 Μείζων
3180 511 3237 563 ἐν
3259 512 3533 581 γεννητοῖς
3560 512 3823 578 γυναικῶν

2265 602 2510 655 Ἰωάννου
2542 600 2634 654 τοῦ
2681 600 2984 653 Βαπτιστοῦ
3034 599 3207 664 οὐδείς
3256 602 3433 663 ἐστιν,
3470 620 3489 653 ι
3532 600 3618 672 μὴ
3676 602 3823 671 φοϐοῦ

2254 691 2454 760 λέγειν,
2498 693 2579 745 ὅτι
2622 692 2703 756 είς
2736 690 2864 763 ᾅδου
2917 689 3260 760 καταϐέϐηκε
3305 690 3719 762 προκηρύσσων
3746 692 3824 745 τὸν

2252 783 2475 854 Κύριον,
2502 786 2588 838 ἵνα
2604 784 2839 858 προείπῃ
2858 783 3019 838 αὑτὸν
3042 782 3516 853 κατελευσόμενον
3543 782 3643 837 διά
3661 783 3823 851 τοῦτο,

2252 874 2341 927 ὅτε
2367 870 2435 947 ἧν
2464 877 2522 929 ἐν
2549 879 2617 947 τῇ
2646 875 2882 947 φυλακῇ,
2924 876 3015 929 καὶ
3042 874 3158 945 ᾔδει
3193 873 3293 946 τὴν
3340 874 3517 942 ἔξοδον
3559 877 3672 948 τὴν
3721 877 3827 931 ἐταρ

2253 969 2511 1039 κειμένην
2560 968 2730 1039 αὐτῷ,
2773 968 2995 1039 πέμψας
3027 967 3122 1021 δύο
3160 967 3272 1023 τῶν
3302 968 3563 1041 μαθητῶν
3599 970 3825 1027 ἐπυνθά-

2252 1076 2394 1121 νετο,
2418 1059 2555 1129 οὐχί·
2596 1078 2615 1110 ι
2645 1061 2717 1114 Σὺ
2754 1056 2806 1113 εἴ
2835 1061 2864 1113 6
2906 1060 3195 1134 ἐρχόμενος
3221 1077 3236 1126 ;
3268 1079 3288 1113 ι
3315 1060 3432 1134 ᾔδει
3463 1063 3611 1134 γάρ·
3668 1063 3823 1117 ἀλλά·

2259 1170 2279 1203 ι
2310 1152 2381 1205 Σὺ
2414 1145 2463 1204 εἴ
2494 1153 2523 1203 6
2549 1152 2863 1223 ἐρχόμενος,
2898 1153 2932 1223 ἢ
2967 1153 3123 1207 ἄλλον
3154 1153 3583 1224 προσδοκῶμεν;
3632 1173 3654 1206 ι
3685 1152 3826 1210 Εἶδεν

2253 1241 2418 1295 αὐτοῦ
2448 1241 2543 1314 τὴν
2564 1242 2740 1310 δόξαν,
2775 1244 3000 1315 ἐλάλησε
3031 1244 3201 1299 πολλά
3235 1246 3363 1317 περὶ
3392 1245 3494 1316 τῆς
3529 1246 3826 1317 θαυμασιό-

2252 1351 2413 1406 τητος
2445 1335 2609 1388 αὐτοῦ
2628 1352 2642 1365 °
2674 1336 3054 1408 ἐμαρτύρησεν
3070 1337 3219 1408 αὐτῷ
3248 1337 3485 1408 πρῶτος⁸
3510 1356 3532 1389 ι
3580 1339 3644 1392 Ὀ
3665 1340 3826 1393 ὀπίσω

2257 1443 2357 1498 μου
2397 1427 2687 1498 ἐρχόμενος
2731 1426 3036 1498 ἔμπροσθέν
3068 1445 3167 1499 μου
3198 1429 3438 1497 γέγονεν.
3484 1447 3504 1481 ι
3539 1423 3705 1482 Εἷδεν
3736 1432 3825 1483 αὖ·

2252 1517 2348 1572 τοῦ
2377 1519 2472 1591 τὴν
2492 1518 2669 1587 δόξαν,
2706 1539 2723 1571 t
2757 1518 2914 1585 δόξαν
2937 1521 3011 1586 ὼς
3040 1521 3376 1590 Μονογενοῦς
3413 1521 3572 1594 παρὰ
3598 1522 3824 1596 Πατρός,

2254 1610 2469 1683 πλήρης
2494 1613 2717 1685 χάριτος
2748 1614 2841 1667 καὶ
2866 1613 3139 1684 ἀληθείας.
3172 1633 3191 1666 ι
3216 1614 3526 1685 Τηλικαῦτα
3552 1615 3686 1671 ἰδὼν
3712 1616 3828 1688 περὶ

580 1703 844 1771 Spiritum
876 1713 1144 1760 sanctum.
1172 1703 1279 1758 Sed
1307 1705 1514 1759 sciebat
1548 1704 1719 1772 illum,
1742 1707 1827 1761 cui
1858 1717 2147 1777 antequam

2251 1703 2507 1775 Χριστοῦ,
2541 1705 2690 1758 ὀκνεῖ
2714 1705 3020 1769 πιστεῦσαι,
3046 1705 3392 1777 ἀμφιϐάλλει,
3421 1708 3516 1760 καὶ
3541 1709 3613 1760 οὐ
3648 1707 3823 1775 λέγει’

579 1803 901 1847 nasceretur
925 1793 1299 1848 testimoniqu
1328 1793 1623 1863 perhibuit,
1642 1804 1696 1848 et
1725 1811 1823 1865 pro
1856 1812 1964 1868 quo
1984 1802 2151 1854 salta-

576 1886 675 1952 vit,
709 1884 837 1939 dum
862 1887 928 1940 ad
957 1886 1129 1955 ipsum
1156 1884 1324 1940 Maria
1361 1889 1664 1955 accederet,
1699 1900 1756 1943 ut
1782 1891 1849 1944 de
1879 1892 1969 1947 illo
2001 1896 2150 1949 testi-

577 1977 817 2030 monium
842 1975 1150 2049 {ecum
1173 1990 1346 2032 mater
1378 1979 1495 2047 ejus
1525 1978 1626 2033 illis
1662 1983 1841 2036 verbis
1857 1982 1979 2036 ⁸³ςι
2009 1983 2149 2040 Ecce

575 2069 720 2120 enim
746 2080 803 2122 ut
834 2069 978 2124 facta
1014 2080 1098 2125 est
1128 2085 1227 2124 vox
1265 2069 1604 2126 salutationis
1636 2072 1688 2126 in
1732 2074 1958 2132 auribus
1990 2079 2145 2142 meis,

574 2156 813 2211 exsilivit
846 2158 900 2213 in
938 2160 1134 2229 gaudio
1166 2160 1342 2216 infans
1370 2160 1421 2214 in
1462 2168 1617 2215 utero
1643 2179 1784 2222 meo.
1806 2184 1825 2217 ι
1851 2165 2148 2239 Hicitaque

572 2246 833 2317 Joannes,
855 2251 948 2320 qui
979 2262 1107 2307 ante
1132 2252 1466 2307 nativitatem
1490 2253 1728 2309 exsilivit
1754 2274 1768 2323 ;
1794 2258 1885 2326 qui
1908 2258 2145 2314 dixit“:

579 2358 601 2392 ι
646 2340 747 2395 Hic
766 2350 851 2396 est
880 2343 947 2397 de
971 2358 1077 2412 quo
1097 2358 1197 2415 ego
1226 2345 1336 2399 dixi
1368 2363 1384 2400 :
1424 2347 1527 2414 Qui
1558 2358 1675 2417 post
1707 2364 1795 2405 me
1821 2351 1991 2416 venit,
2022 2363 2149 2407 ante

574 2446 663 2486 me
712 2433 889 2488 factus
926 2442 1009 2489 est
1048 2451 1063 2498 ;
1112 2455 1131 2489 ι
1169 2445 1223 2490 et
1260 2436 1306 2469 ³³
1348 2453 1363 2490 :
1404 2455 1424 2490 ι
1474 2437 1576 2503 Qui
1630 2439 1778 2493 misit
1831 2456 1915 2495 me
1941 2481 1956 2505 ,
2010 2442 2149 2495 dixit

574 2524 706 2578 mihi
738 2541 754 2579 :
790 2527 964 2595 Super
1012 2544 1171 2597 quem
1203 2528 1404 2585 videris
1445 2530 1705 2601 Spiritum
1735 2534 2148 2589 descendentem

574 2623 629 2667 et
661 2625 989 2683 manentem,
1032 2620 1146 2686 ipse
1189 2629 1271 2673 est
1299 2617 1469 2676 Filius
1496 2621 1629 2689 Dei;
1669 2640 1689 2672 ι
1731 2623 1837 2689 hic,
1877 2623 2147 2691 inquiunt,

576 2705 812 2760 nondum
835 2721 1058 2762 noverat
1077 2708 1352 2765 Christum
1385 2711 1436 2765 in
1463 2723 1675 2769 ventre.
1694 2714 1931 2771 Noverat
1953 2718 2150 2788 quippe

575 2794 757 2865 illum;
781 2799 872 2851 sed
897 2799 1071 2855 simile
1085 2802 1211 2869 quid
1235 2802 1394 2859 Petro
1411 2821 1600 2873 passus
1618 2815 1701 2862 est
1726 2817 1947 2878 prepter
1965 2808 2150 2879 gloria:

572 2892 1038 2958 exsuperantiam.
1081 2893 1363 2959 Quodnam
1411 2898 1540 2954 illud
1587 2899 1705 2955 est?
1743 2899 1842 2955 Hic
1893 2915 2147 2971 magnum

572 2980 701 3048 quid
730 2981 1041 3079 dte-Christo
1068 2986 1290 3042 sciebat.
1321 2988 1455 3056 Quis
1491 3004 1611 3046 sum
1637 2992 1663 3048 ἲ
1700 3010 1721 3043 ι
1758 2993 1926 3059 Quem
1957 3007 2042 3047 me
2068 2993 2150 3048 di-
2175 3020 2217 3079 ρ

575 3079 704 3124 cunt
761 3071 853 3126 ﬁlii
893 3074 1168 3131 hominum
1208 3081 1393 3133 esse“
1421 3082 1445 3135 ?
1478 3101 1497 3134 ι
1542 3082 1658 3144 llic,
1710 3083 1810 3148 ait,
1859 3085 1991 3139 dicit
2023 3085 2145 3140 hoc.

574 3158 653 3213 Tu
683 3165 960 3232 veroquid
990 3164 1056 3217 ?r
1092 3166 1171 3219 Tu
1205 3182 1266 3223 es
1308 3169 1560 3228 Christus
1598 3172 1770 3228 Filius
1815 3175 1907 3228 Dci
1950 3176 2078 3230 vivi.
2122 3197 2142 3230 ι

574 3248 864 3319 Ρι·οριει·εέι
911 3254 1100 3309 beatus
1146 3262 1495 3330 enuntiatur,
1540 3265 1796 3334 quoniam
1830 3284 1850 3317 ι
1923 3281 2053 3322 caro
2095 3278 2148 3323 et

575 3341 796 3409 sanguis
818 3356 922 3396 non
949 3346 1213 3402 revelavit
1249 3370 1269 3405 ι
1297 3350 1395 3417 illi,
1436 3372 1456 3406 ι
1485 3354 1581 3409 sed
1608 3353 1769 3410 Pater
1788 3356 1877 3426 qni
1906 3358 1958 3410 in
1993 3358 2148 3413 caelis

572 3441 676 3484 est.
721 3448 742 3482 ι
787 3431 921 3487 Cum
960 3434 1128 3505 igitur
1172 3439 1396 3508 grandia
1434 3442 1503 3499 de
1544 3442 1761 3500 Christo
1805 3448 2065 3511 audisset,
2095 3460 2150 3503 et

572 3524 796 3592 grandia
837 3528 1194 3594 concepisset,
1236 3530 1492 3589 auxilium
1528 3533 1581 3587 in
1615 3543 1789 3590 semet
1826 3550 1929 3591 non
1962 3537 2140 3592 admi-

571 3613 643 3667 sit
670 3631 684 3667 :
718 3632 737 3665 ι
768 3616 906 3672 Ecce
936 3622 1281 3678 ascendimus
1313 3624 1363 3677 in
1404 3623 1729 3693 Jerusalem,
1760 3637 1815 3684 et
1857 3631 2145 3699 perlicien-

575 3713 664 3758 tur
686 3705 753 3758 ⁸⁷.
794 3726 813 3759 ι
845 3707 910 3762 Ει
945 3728 958 3763 :
993 3729 1013 3761 ι
1046 3711 1271 3777 Oportet
1299 3714 1492 3770 Filium
1528 3717 1764 3775 hominis
1804 3720 1967 3775 nmlta
2000 3724 2133 3790 pati,

571 3805 627 3849 et
657 3800 932 3866 reprobari
963 3818 990 3853 a
1019 3803 1353 3873 principibus
1374 3812 1733 3875 sacerdotum,
1764 3821 1821 3865 et
1846 3814 2138 3867 sacerdoti-

573 3886 695 3950 hus,
726 3896 781 3942 et
809 3893 1005 3958 occidi,
1035 3903 1089 3950 et
1114 3897 1268 3952 tertio
1286 3897 1371 3954 die
1390 3901 1776 3971 resurgere".r
1808 3920 1827 3954 ι
1849 3903 2145 3975 Propitius,

574 3979 825 4048 inquit",
855 3984 929 4037 sis
966 3984 1059 4039 tibi
1079 4024 1095 4049 ,
1124 3987 1370 4043 Domine.
1403 4009 1422 4043 ι
1447 3994 1675 4049 Maxima
1709 3995 1774 4049 de
1801 3995 2020 4052 Christo
2050 4016 2149 4054 no-

574 4078 723 4123 Verat
751 4087 767 4136 ;
799 4075 941 4141 quod
985 4078 1243 4134 humilius
1274 4091 1392 4135 erat
1425 4084 1491 4135 de
1526 4098 1591 4137 eo
1636 4087 1809 4142 noluit
1842 4089 2147 4145 admittere.

574 4158 820 4217 Similem
851 4166 978 4220 mihi
1009 4169 1195 4223 animo
1231 4173 1391 4240 pinge
1416 4172 1707 4240 Joannem,
1733 4178 1860 4233 dum
1884 4179 1938 4234 in
1967 4194 2150 4236 custo-

571 4252 657 4306 dia
689 4264 805 4307 erat
838 4272 852 4308 :
885 4259 1107 4326 grandia
1138 4261 1206 4315 de
1232 4262 1454 4320 Christo
1498 4268 1930 4337 apprehenderat
1959 4285 1974 4331 ;
2017 4273 2149 4326 vidit

2248 1794 2452 1848 Ε.”πατε
2485 1795 2653 1867 αὐτῷ’
2691 1798 2761 1849 Σὺ
2797 1792 2849 1850 si
2897 1798 2925 1848 6
2972 1800 3224 1868 Χριστὸς,
3265 1799 3377 1853 νῦν·
3418 1799 3493 1870 μὴ
3531 1804 3826 1872 νοήσαντες

2248 1888 2357 1959 γάρ
2387 1904 2529 1951 τινες
2554 1889 2622 1942 τὰ
2648 1889 2909 1961 εἰρημένα
2930 1890 3198 1959 λέγουσιν·
3241 1892 3493 1962 Ἰωάννης
3525 1895 3554 1945 6
3579 1893 3827 1963 τηλικοῦ-

2248 2000 2337 2046 τος
2387 1981 2487 2034 οὐκ
2539 1981 2654 2053 ᾔδει
2706 1981 2958 2053 Χριστὸν,
3000 1980 3116 2035 ἀλλ’
3148 1981 3359 2052 ἀπέστη
3406 1981 3500 2035 ἀπ’
3551 1982 3731 2036 αὐτοῦ
3773 1982 3828 2034 τὺ

2248 2075 2476 2147 Πνεῦμα
2527 2074 2587 2127 τὸ
2630 2071 2802 2141 ἀγιον.
2846 2072 2955 2124 Καὶ
2996 2070 3111 2142 ᾔδει
3140 2070 3345 2136 τοῦτον,
3387 2060 3435 2138 ᾧ
3472 2072 3829 2143 ἐμαρτύρησε

2248 2168 2355 2240 πρὸ
2386 2166 2674 2236 γενέσεως,
2698 2165 2789 2218 καί
2815 2164 2901 2234 ἐφ’
2934 2159 2979 2233 ᾧ
3015 2162 3355 2235 ἐσκίρτησεν,
3383 2163 3547 2236 ἡνίκα
3569 2160 3715 2236 ἦλθε
3743 2167 3829 2218 καὶ

2250 2261 2283 2328 ὴ
2310 2257 2497 2328 Μαρία
2532 2257 2667 2327 πρὸς
2696 2256 2876 2321 αὑτὸν,
2906 2254 2981 2318 ὼς
3001 2254 3378 2326 ἐμαρτύρησεν
3406 2254 3556 2326 αὐτῷ
3586 2259 3624 2327 ἡ
3651 2258 3828 2328 μήτηρ

2249 2348 2413 2404 αὐτοῦ
2459 2348 2709 2417 λέγουσα·
2751 2367 2769 2396 ι
2813 2346 2943 2400 Ἰδοὺ
2987 2348 3094 2418 γάρ
3133 2346 3209 2411 ὡς
3241 2342 3454 2416 ἐγένετο
3478 2350 3512 2418 ἡ
3549 2348 3706 2420 φωνὴ
3735 2349 3826 2402 τοῦ

2248 2440 2540 2512 ἀσπασμοῦ
2575 2456 2666 2493 σου
2701 2441 2780 2503 είς
2805 2439 2873 2492 τά
2906 2432 3019 2492 ὦτά
3054 2456 3177 2509 μου,
3207 2438 3530 2511 ἐσκίρτησεν
3570 2442 3631 2493 ἐν
3663 2439 3829 2508 ἀγαλο

2249 2533 2420 2586 λιάσει
2468 2533 2529 2586 τὸ
2573 2531 2766 2602 βρέφος
2811 2533 2869 2583 ἐν
2899 2533 2964 2601 τῇ
3013 2530 3188 2603 κοιλίᾳ
3223 2547 3343 2601 μου.
3379 2550 3399 2583 ι
3443 2523 3616 2595 Οὗτος
3664 2527 3758 2584 οὖν
3797 2532 3829 2587 6

2252 2626 2548 2696 σκιρτήσας
2574 2624 2679 2695 πρὸ
2708 2623 2992 2692 γενέσεως,
3031 2622 3282 2694 Ἰωάννης
3312 2625 3340 2676 6
3368 2622 3557 2677 είπιὶινο
3602 2643 3622 2675 ι
3662 2619 3828 2689 Οὗτός

2250 2718 2365 2769 ἐστι
2389 2715 2518 2787 περὶ⁵
2547 2710 2609 2769 οὗ
2639 2713 2748 2783 ἐγὼ
2770 2710 2940 2768 εἶπον·
2984 2713 3046 2767 '0
3069 2713 3245 2766 ὀπίσω
3276 2730 3376 2783 μου
3400 2714 3701 2787 ἐρχόμενος
3731 2714 3827 2785 ἔμ-

2251 2804 2504 2877 προσθέν·
2514 2820 2614 2875 μου
2647 2803 2854 2872 γέγονε·
2888 2822 2906 2853 ι
2934 2800 3080 2855 καί’‹
3104 2804 3161 2854 'U
3178 2802 3398 2873 πέμψας
3420 2798 3541 2856 εἶπέ
3577 2821 3695 2873 μοι·
3712 2804 3825 2871 Ἐφ’

2249 2896 2307 2949 6v
2338 2895 2404 2950 ἂν
2439 2896 2552 2968 ἴδῃς
2584 2896 2645 2949 τὸ
2690 2894 2913 2966 Πνεῦμα
2951 2893 3296 2956 καταϐαῖνον,
3358 2894 3453 2948 καὶ
3501 2895 3687 2965 μένον,
3739 2889 3825 2948 οῦ-

2250 2987 2342 3051 τός
2386 2988 2533 3040 ἐστιν
2564 2986 2593 3038 ὁ
2627 2986 2754 3050 Υἱὸς
2793 2986 2886 3039 τοῦ
2919 2984 3074 3038 Θεοῦ·
3117 3005 3136 3038 ι
3185 2980 3357 3050 οὗτος,
3415 2987 3600 3056 φασὶν,
3641 2986 3824 3040 οὐκέτι
3866 3013 3873 3022 ι

2252 3079 2367 3155 ᾔδει
2390 3078 2595 3151 Ἰησοῦν
2623 3078 2855 3150 Χριστὸν
2882 3079 2937 3131 ἐν
2959 3076 3153 3150 κοιλίᾳ.
3171 3078 3323 3150 ᾞδει
3346 3077 3454 3148 γὰρ
3484 3080 3668 3133 αὐτόν’
3692 3079 3822 3134 ἀλλά

2248 3169 2316 3224 δι’
2351 3168 2650 3241 ὑπερϐολὴν
2686 3167 2844 3239 δόξης
2874 3168 3056 3239 ὅμοιόν
3100 3185 3152 3222 τι
3187 3167 3264 3239 τῷ
3298 3169 3489 3240 Πέτρῳ
3533 3170 3820 3240 πεποίηκε.

2250 3262 2316 3315 Τί
2336 3262 2553 3333 ὃμοιον;
2589 3256 2756 3324 Uine;
2778 3261 2919 3332 μέγα
2934 3278 2987 3314 τι
3015 3260 3129 3332 ᾔδει
3162 3260 3291 3330 περὶ
3319 3260 3412 3313 τοῦ
3438 3262 3697 3332 Χριστοῦ.
3730 3262 3820 3327 Τίς

2249 3354 2399 3424 είμι;
2443 3371 2462 3405 ι
2501 3352 2636 3407 Τίνα
2689 3369 2755 3423 με
2801 3352 3049 3420 λέγουσιν
3091 3353 3141 3405 οἱ
3174 3351 3447 3423 ἄνθρωποι
3483 3349 3659 3421 sint;
3706 3375 3725 3407 ι
3768 3354 3822 3407 '0

2249 3441 2325 3505 δὲ,
2356 3441 2494 3495 τόδε.
2529 3442 2602 3495 Σὺ
2626 3441 2682 3495 δὲ
2712 3441 2796 3506 τί;
2832 3461 2851 3493 ι
2886 3442 2956 3495 Σὺ
2991 3437 3043 3494 εἷ
3063 3444 3091 3495 6
3120 3441 3351 3514 Χριστὸς
3372 3443 3400 3494 6
3420 3443 3547 3507 Υἰδς
3567 3444 3665 3498 τοῦ
3689 3442 3819 3497 Θεοῦ

2249 3531 2343 3586 τοῦ
2377 3532 2598 3597 ζῶντος·
2635 3551 2655 3584 ο
2688 3534 2745 3587 ἐν
2776 3526 2821 3600 ᾧ
2846 3535 2940 3586 καὶ
2967 3534 3349 3606 μακαρίζεται,
3374 3536 3458 3588 δτι
3496 3554 3516 3587 ι
3554 3536 3694 3608 σάρξ
3729 3537 3819 3589 καὶ

2250 3620 2387 3695 αἷμα
2424 3626 2523 3678 οὐκ
2562 3624 2910 3695 ἀπεκάλυψεν
2942 3643 2962 3677 ι
2990 3625 3161 3696 αὐτῷ,
3202 3645 3221 3677 ι
3262 3625 3376 3678 ἀλλ’
3406 3629 3435 3680 6
3478 3627 3667 3700 Πατὴρ
3700 3631 3730 3682 6
3763 3630 3819 3681 ἐν

2250 3719 2363 3779 τοῖς
2391 3716 2657 3789 οὐρανοῖς.
2700 3735 2719 3768 ι
2769 3718 2917 3770 Ἐπεὶ
2944 3713 3037 3771 οὖν
3065 3717 3273 3789 μεγάλα
3309 3718 3508 3789 ἤκουσε
3534 3720 3664 3791 περὶ
3690 3722 3818 3789 Χρι-

2253 3806 2401 3871 στοῦ,
2435 3808 2528 3861 καὶ
2579 3808 2788 3879 μεγάλα
2830 3809 3202 3879 ἀπελάμϐανε,
3238 3811 3331 3864 καὶ
3373 3812 3435 3864 οὐ
3491 3812 3815 3884 παρεδέξατο

2250 3900 2347 3970 τὴν
2370 3898 2618 3970 βοήθειαν
2643 3900 2740 3972 τὴν
2767 3901 2904 3972 πρὸς
2929 3902 3108 3957 αὐτόν·
3135 3921 3153 3954 t
3194 3904 3325 3957 Ἰδοὺ
3357 3903 3717 3976 ἀναϐαίνομεν
3736 3905 3809 3967 εἰς

2266 3990 2637 4061 Ἰερουσαλὴμ,
2662 3993 2756 4044 καὶ
2773 3991 3203 4065 τελειωθήσεται·
3231 4013 3250 4046 ι
3282 3994 3393 4048 καί·
3419 4014 3437 4046 ι
3468 3997 3560 4048 Δεῖ
3577 3996 3667 4049 τὸν
3689 3996 3809 4050 Υίδν

2249 4080 2343 4133 τοῦ
2388 4081 2673 4151 ἀνθρώπου
2717 4080 2888 4135 πολλά
2930 4081 3138 4146 παθεῖν,
3187 4085 3282 4153 καὶ
3319 4083 3807 4154 ἀποδοκιμασθῆναι

2250 4171 2357 4225 ἀπὸ
2377 4171 2485 4224 τῶν
2514 4172 2814 4244 ἀρχιερέων
2852 4172 2948 4225 καὶ
2978 4172 3382 4245 πρεσϐυτέρων,
3422 4174 3517 4227 καὶ
3547 4176 3806 4228 ἀποκταν-

2252 4260 2430 4330 θῆναι,
2447 4262 2540 4314 καὶ
2552 4264 2618 4332 τῇ
2642 4261 2801 4334 τρίτῃ
2817 4261 2997 4333 ἡμέρᾳ
3018 4262 3333 4333 ἀναστῆναι.
3360 4284 3377 4315 ι
3400 4264 3618 4335 Φησίν·‹
3633 4261 3804 4325 Ἰλεὼς

572 4342 740 4396 caelos
777 4356 1035 4415 apertos;
1074 4349 1205 4403 vidit
1248 4351 1513 4421 Spiritum
1550 4367 1800 4412 sanctum
1828 4373 1990 4428 super
2016 4361 2140 4415 Sal-

2249 4368 2349 4415 σοι,
2387 4352 2577 4423 Κύριε.
2604 4372 2620 4403 ι
2645 4353 2868 4421 Μεγάλα
2887 4353 3003 4424 ᾔδει
3029 4354 3157 4427 ’περὶ⁸
3184 4355 3557 4426 Χριστοῦ,ούκ
3583 4356 3801 4426 ἠθέλησε

571 4443 810 4487 vatorem
846 4436 1293 4507 descendentem,
1336 4459 1750 4519 manentemque
1796 4465 1963 4520 super
1991 4465 2135 4509 euun

573 4524 816 4583 Similem
852 4531 1078 4599 gloriam
1110 4536 1236 4589 dum
1257 4538 1422 4603 videt,
1460 4540 1629 4595 haeret
1657 4543 1876 4609 dubius,
1907 4544 2139 4602 fortasse

570 4616 734 4671 etiam
786 4634 892 4675 non
945 4624 1222 4689 credebat,
1273 4641 1341 4681 an
1370 4629 1450 4684 sic
1492 4631 1826 4700 gloriﬁcatus
1873 4652 2043 4706 usque
2071 4641 2137 4694 ad

571 4706 800 4775 inferos,
848 4718 904 4765 et
944 4711 1197 4783 abyssum
1250 4715 1425 4783 ipsum
1480 4721 1855 4789 descenderet,
1907 4740 2139 4795 quapro-

566 4809 687 4870 pter
730 4804 940 4861 dicebat
965 4807 1012 4839 ”
1043 4827 1057 4861 :
1093 4826 1112 4859 ι
1145 4808 1224 4863 Tu
1261 4825 1320 4865 es
1345 4812 1436 4880 qui
1475 4823 1731 4871 venturus
1770 4833 1849 4881 es,
1877 4833 1944 4871 an
1973 4818 2135 4872 alimn

567 4900 995 4963 exspectamus?
1022 4920 1041 4954 ι
1069 4900 1183 4955 Non
1220 4918 1469 4974 egressus
1502 4922 1620 4961 sum
1652 4924 1681 4962 a
1718 4911 2011 4979 proposito,
2046 4926 2139 4965 ne-

565 5001 674 5056 que
724 4992 994 5056 materiae,
1035 5008 1156 5063 quae
1208 4998 1338 5050 mihi
1375 5014 1483 5067 prae
1523 5001 1774 5056 manibus
1810 5012 1911 5068 est,
1937 5004 2137 5058 oblitus

567 5095 707 5135 sum.
754 5080 885 5137 Illud
918 5086 1147 5153 probare
1193 5088 1348 5142 nobis
1379 5088 1433 5142 in
1479 5096 1661 5144 animo
1703 5100 1818 5155 est,
1850 5094 1895 5147 si
1925 5107 2135 5161 omnes,

568 5175 660 5244 qui
702 5185 827 5230 ante
849 5176 1126 5233 Christum
1170 5180 1222 5235 in
1255 5181 1522 5237 infernum
1554 5183 1976 5251 descenderunt,
2006 5201 2138 5252 pra:-

566 5280 820 5322 cursores
859 5268 1091 5333 Christi,
1123 5284 1285 5341 atque
1334 5274 1607 5342 prephetae
1643 5273 1829 5337 fuere;
1878 5277 1991 5343 pari
2047 5292 2135 5331 ra-

572 5359 719 5414 tione
767 5370 822 5415 et
844 5359 1150 5417 Samuelem
1184 5379 1249 5419 eo
1270 5365 1641 5433 descendisse,
1657 5380 1765 5421 non
1794 5366 2129 5438 simpliciter,

2242 4443 2641 4512 παραδέξασθαι
2697 4445 2757 4497 τὸ
2785 4445 3162 4515 ταπεινότερον
3190 4445 3319 4517 περὶ
3345 4446 3530 4499 αὑτοῦ.
3566 4446 3801 4500 Τοιοῦτόν

2237 4534 2360 4588 τινά
2395 4553 2486 4606 μοι
2516 4536 2625 4589 νόει
2659 4536 2753 4590 καὶ
2795 4536 2887 4590 τὸν
2919 4537 3172 4610 Ἰωάννην
3207 4540 3266 4591 ἐν
3303 4539 3516 4611 φυλακῇ
3538 4557 3552 4570 ο
3598 4536 3665 4610 ἦν
3714 4555 3800 4609 με-

2238 4627 2377 4696 γάλα
2397 4628 2551 4691 εἰδὼς
2577 4630 2705 4701 περὶ
2725 4628 2959 4701 Χριστοῦ
2981 4646 2994 4660 ·
3024 4627 3160 4684 εἶδεν
3184 4631 3445 4705 οὐρανοὺς
3466 4634 3762 4703 ἀνεῳγότας
3780 4646 3795 4661 ·

2237 4715 2345 4774 εἶδε
2380 4720 2604 4791 Πνεῦμα
2632 4722 2785 4790 ἀγιον
2823 4720 2884 4787 ἐξ
2907 4721 3138 4793 οὐρανοῦ
3172 4724 3565 4795 κατερχόμενον
3597 4725 3689 4778 ἐπὶ
3717 4724 3803 4778 τὸν

2244 4814 2489 4884 Σωτῆρα,
2526 4815 2618 4869 καὶ
2648 4814 2806 4886 μένον
2855 4806 2944 4868 ἐπ’
2977 4815 3161 4869 αὐτόν·
3201 4814 3323 4871 ἰδὼν
3354 4817 3453 4887 τὴν
3482 4815 3802 4886 τηλικαύτην

2242 4905 2398 4970 δόξαν
2431 4907 2761 4978 ἀμφέϐαλλε,
2787 4908 2879 4962 καὶ
2915 4906 3056 4978 τάχα
3088 4908 3304 4978 ἠπίστει
3328 4926 3343 4940 ο
3385 4909 3464 4963 διὸ
3491 4904 3643 4972 οὗτος
3666 4908 3800 4961 ἐνδο-

2244 4996 2332 5063 ξος
2359 5000 2451 5053 καὶ
2478 5000 2667 5071 μέχρις
2694 5000 2842 5071 ᾅδου,
2871 5002 2966 5054 καὶ
2991 5000 3260 5072 μέχριτῆς
3292 4999 3527 5055 ἀϐύσσου
3556 4999 3799 5055 κατελεύ-

2242 5107 2413 5144 σεται.
2442 5091 2540 5145 Διά
2563 5091 2718 5145 τοῦτο
2748 5092 2918 5162 ἐλεγε-
2956 5112 2975 5143 ι
3019 5093 3090 5146 Σὺ
3117 5088 3169 5145 εἴ
3192 5094 3221 5146 6
3248 5092 3557 5165 ἐρχόμενος,
3586 5091 3620 5161 ἢ
3649 5090 3796 5143 ἄλλον

2242 5181 2668 5254 προσδοκῶμεν;
2718 5202 2738 5236 ι
2777 5184 2852 5237 Οὐ
2906 5182 3235 5255 παρεξέϐην,
3286 5183 3406 5238 οὐδὲ
3465 5181 3796 5252 ἐπελαθόμην

2240 5270 2336 5325 τοῦ
2371 5272 2747 5344 προκειμένου,
2773 5272 2907 5327 ἀλλά
2934 5272 3091 5326 τοῦτο
3127 5271 3348 5343 θέλομεν
3382 5272 3796 5333 κατασκευάσαι,

2237 5367 2341 5432 ὅτι,
2368 5368 2418 5420 εί
2445 5366 2644 5431 πάντες
2680 5368 2759 5430 εἰς
2783 5365 2909 5438 ᾅδου
2949 5365 3358 5438 καταϐεϐήκασι
3399 5366 3507 5439 πρὸ
3543 5364 3638 5419 τοῦ
3665 5366 3797 5436 Χρι-

645 5557 1099 5634 οθιιιειιιικχιφ.
1173 5561 1400 5617 ειιοειη.
1443 5581 1482 5630 ι,
1540 5565 1626 5619 15.
1703 5565 1909 5623 "ibid.
1967 5568 2048 5623 ιι.
2127 5569 2147 5601 ο

2253 5583 2337 5623 ur.
2374 5583 2415 5631 1,
2464 5568 2553 5623 tt.
2625 5567 2825 5624 ονηειη.
2869 5584 2908 5634 ι,
2952 5570 3043 5623 δι.
3115 5570 3160 5604 δ’
3192 5569 3320 5628 ibid.
3370 5568 3464 5628 σε.
3532 5552 3805 5626 “Matth.

576 5644 697 5697 xvi,
748 5631 833 5685 l5.
908 5632 951 5664 ⁸⁷
999 5632 1135 5687 Luc.
1170 5649 1326 5705 xvm,
1357 5634 1447 5691 51.
1523 5636 1570 5669 ⁸⁸
1596 5636 1730 5695 Luc.
1763 5652 1838 5708 Ix,
1871 5638 1963 5695 2‘2.
2037 5640 2083 5676 ⁸⁵
2107 5638 2147 5694 Μ

2249 5642 2294 5695 ιι.
2328 5655 2437 5707 xvt,
2460 5640 2545 5695 22.
2627 5640 2677 5672 ³⁸
2702 5631 2988 5708 Matth.“
3024 5641 3077 5696 5.
