4046 6152
221 193 268 246 1
287 193 394 246 025

1343 194 1411 249 IN
1448 189 1706 249 LIBRUM
1745 191 1983 247 REGUM
2024 190 2304 247 HOMILIA
2345 190 2410 245 II.

3362 191 3502 249 1026

213 307 396 366 στοῦ.
421 307 713 380 πρόδρομοι
735 307 971 380 Χριστοῦ
1003 309 1051 361 oi
1084 307 1362 381 προφῆται
1394 308 1629 382 Χριστοῦ
1649 327 1662 338 ·
1688 305 1816 362 οῦτοι

1934 307 2025 360 sed
2049 316 2104 360 ιιι
2133 315 2416 368 sanctum;
2455 302 2542 357 ubi
2579 303 2622 356 si
2646 312 2729 358 est
2756 311 3002 369 sanctus,
3035 315 3256 362 sanctus
3284 309 3506 362 omnino

213 398 340 451 καὶ
371 397 624 469 Σαμουὴλ
667 399 784 451 ἐκεῖ
813 398 1219 470 καταϐέϐηκεν·
1247 401 1309 453 οὐ
1343 400 1452 471 γὰρ
1484 400 1690 465 ἁπλῶς,
1718 390 1833 453 ἀλλ’

215 490 321 552 ('0;
356 490 526 558 ἅγιος·
563 489 698 542 ὃπου
744 488 842 543 ἐὰν
943 489 970 542 6
997 491 1172 559 ἅγιος,
1217 491 1364 544 ἐστιν
1396 493 1426 543 6
1473 491 1645 560 ἅγιος.
1686 493 1834 563 Μήτι

221 581 486 654 Χριστὸς
524 582 623 635 οὐκ
660 581 739 636 ἔτι
792 582 1028 654 Χριστός
1075 585 1244 647 ἐστιν,
1285 585 1406 638 ἐπεὶ
1435 586 1492 638 έν
1534 583 1659 654 ᾷδου
1705 584 1834 638 ποτὲ

215 668 348 744 ἧν;
379 674 493 726 Οὐκ
531 673 611 726 ἔτι
651 669 721 746 ἦν
750 673 879 737 Υίὸς
907 673 1065 738 Θεοῦ,
1115 675 1237 729 ἐπεὶ
1272 678 1329 730 ὲν
1364 677 1441 746 τῷ
1491 677 1833 749 καταχθονίῳ

214 767 536 836 γεγένηται
576 766 747 835 τόπῳ,
793 784 811 816 ι
843 767 931 820 ἵνα
977 768 1084 820 πᾶν
1113 767 1242 836 γόνυ
1283 767 1474 838 κάμψῃ
1515 769 1573 822 ὲν
1609 767 1687 839 τῷ
1716 769 1833 821 ὀνό-

225 872 380 925 ματι
421 854 596 926 Ἰησοῦ
630 854 890 925 Χριστοῦ,
917 856 1277 928 ἐπουρανίων,
1304 859 1398 910 καὶ
1427 858 1708 926 ἐπιγείων,
1736 858 1830 912 καὶ

219 946 612 1019 καταχθονίων
637 963 652 1012 ;
687 967 705 998 ι
739 947 925 1011 Οὖτως
960 949 1194 1018 Χριστὸς
1209 945 1296 1021 ἦν,
1323 950 1419 1004 καὶ
1441 951 1590 1004 κάτω
1619 949 1714 1016 ὢν,
1745 951 1830 1004 ἵνα

215 1037 421 1102 οὕτως
455 1038 616 1102 εἴπω,
651 1038 708 1091 ὲν
734 1038 814 1108 τῷ
859 1038 1008 1092 κάτω
1053 1039 1204 1110 τόπῳ
1250 1039 1345 1104 ὢν,
1377 1040 1690 1112 προαιρέσει
1718 1040 1829 1094 ἄνω

216 1126 312 1203 ἦν
345 1150 358 1162 ·
390 1130 536 1185 οῦτω
565 1131 659 1186 καὶ
684 1132 734 1185 οἱ
777 1131 1076 1203 προφῆται,
1107 1132 1201 1186 καὶ
1227 1133 1498 1203 Σαμουὴλ,
1527 1132 1627 1186 κᾶν
1660 1149 1828 1186 κατα-

219 1224 414 1277 ϐῶσιν
453 1224 584 1276 ὅπου
615 1225 672 1277 αἱ
701 1223 870 1294 ψυχαὶ
906 1226 962 1277 αἱ
997 1224 1167 1282 κάτω,
1197 1223 1346 1277 κάτω
1389 1225 1639 1279 δύνανται
1685 1220 1826 1279 εἶναι

222 1309 417 1381 τόπῳ,
441 1311 502 1363 ού
529 1310 681 1364 κάτω
704 1312 760 1364 δέ
786 1313 892 1365 είσι
914 1315 978 1384 τῇ
1014 1315 1346 1386 προαιρέσει.
1376 1315 1721 1385 Πυνθάνομαι
1746 1315 1823 1379 δὲ,

223 1403 662 1473 προεφήτευσαν
684 1403 752 1457 τά
781 1405 1183 1476 ὑπερουράνια;
1240 1405 1380 1474 Ἐγὼ
1417 1406 1474 1459 δὲ
1502 1407 1563 1459 οὐ
1593 1405 1825 1476 δύναμαι

224 1491 445 1547 διδόναι
466 1494 728 1564 δαιμονίῳ
749 1494 1078 1566 τηλικαύτην
1104 1496 1350 1567 δύναμιν,
1375 1499 1456 1551 ὅτι
1495 1497 1824 1569 προφητεύει

225 1586 375 1656 περὶ
403 1586 574 1640 Σαοὺλ
601 1586 870 1658 Σαμουὴλ,
899 1587 990 1640 καὶ
1012 1587 1104 1640 τοῦ
1135 1587 1266 1641 λαοῦ
1293 1589 1385 1642 τοῦ
1403 1589 1557 1654 Θεοῦ,
1583 1591 1675 1643 καὶ
1691 1605 1824 1660 προ-

1936 408 2037 454 est.
2078 397 2266 452 Nonne
2291 397 2342 450 id
2376 397 2540 451 etiam
2575 396 2640 451 de
2667 396 2881 452 Christo
2905 397 3234 453 alﬁrmamus
3259 399 3284 453 ?
3309 401 3504 456 Annon

1934 489 2185 544 Christus
2223 496 2365 552 erat,
2406 487 2532 542 licet.
2561 486 2848 557 aliquando
2889 489 3030 559 apud
3063 488 3264 545 inferos
3298 487 3507 546 fuerit?

1932 580 2126 634 Annon
2178 580 2279 634 fuit
2307 579 2478 634 Filius
2510 580 2639 646 Dei,
2674 580 2801 635 licet
2851 581 2902 634 in
2940 583 3307 638 subterraneis
3345 584 3502 653 dege-

1934 681 2016 724 ret
2072 671 2236 736 locis,
2278 689 2297 723 ι
2349 682 2408 725 ut
2443 684 2602 726 omne
2656 687 2793 741 genu
2841 671 3145 728 ﬂecteretur
3189 675 3240 728 in
3288 676 3504 731 nomine

1930 761 2078 826 Jesu,
2126 763 2452 826 ctelestium,
2513 766 2852 819 terrestrium
2891 773 2946 819 et
2993 766 3324 824 infernarum
3353 767 3445 823 “1
3476 790 3501 822 υ

1931 853 2050 906 Non
2085 853 2244 907 aliter
2265 852 2514 910 Christus
2551 863 2688 918 erat,
2735 856 2859 910 licet
2885 857 3112 912 inferius
3144 871 3308 925 esset,
3339 867 3396 913 ut
3423 859 3504 915 sic

1930 945 2132 1012 dicam,
2167 955 2222 1000 et
2253 945 2296 1002 si
2342 946 2393 997 in
2433 945 2676 999 inferiori
2711 947 2830 1000 loco
2863 959 3068 1016 ageret,
3104 949 3381 1005 voluntate
3415 966 3508 1006 su-

1931 1040 2110 1106 perius
2164 1048 2302 1092 erat.
2337 1038 2534 1093 Eodem
2573 1049 2729 1108 pacto
2756 1049 2808 1092 et
2853 1042 3151 1109 propheta}.
3175 1051 3227 1096 et
3255 1042 3502 1109 Samuel,

1929 1129 2176 1198 quamvis
2202 1144 2267 1183 eo
2303 1129 2654 1193 descendant,
2684 1129 2773 1182 ubi
2815 1141 2942 1184 sunt
2977 1131 3171 1186 anima:
3193 1147 3312 1201 qua:
3340 1135 3391 1186 in
3421 1135 3507 1188 in-

1929 1222 2123 1288 fernis,
2163 1223 2284 1278 loco
2332 1223 2548 1292 quidem
2582 1222 2806 1278 inferius
2835 1237 2993 1291 snnt;
3029 1236 3085 1280 at
3129 1242 3234 1280 non
3280 1227 3505 1283 inferius

1926 1324 2052 1368 sunt
2085 1315 2384 1368 voluntate.
2415 1314 2479 1368 Et
2512 1330 2696 1385 quaero
2731 1330 2797 1368 an
2828 1318 3236 1384 supercaalestia
3271 1320 3506 1388 prophe-

1925 1405 2109 1459 tarint.
2143 1407 2211 1459 At
2234 1420 2334 1474 ego
2365 1420 2628 1473 nusquam
2675 1406 2907 1460 daemoui
2943 1407 3172 1463 similem
3209 1411 3505 1478 potentiam

1925 1494 2240 1550 concedam.
2279 1494 2413 1549 Nam
2459 1494 2682 1549 Samuel
2737 1495 2803 1550 de
2843 1495 3038 1560 Saule,
3066 1508 3121 1553 et
3155 1500 3350 1570 populo
3385 1501 3500 1568 Dei,

1924 1597 1980 1640 et
2014 1601 2179 1658 regno
2208 1588 2402 1652 David,
2426 1587 2592 1644 David
2629 1588 2841 1644 scilicet
2863 1600 3211 1659 regnaturum
3241 1595 3504 1648 vaticina-

227 1677 470 1748 φητεύει
495 1679 624 1751 περὶ
659 1678 934 1748 βασιλείας
969 1679 1151 1744 Δαυῖδ,
1179 1681 1261 1734 ὅτι
1291 1680 1472 1752 μέλλει
1497 1681 1816 1752 βασιλεύειν.

1931 1682 2037 1728 tur.
2075 1675 2176 1741 Qui
2206 1677 2539 1731 contrarium
2573 1680 2835 1745 sentiunt,
2867 1680 3315 1753 veritatem,qu:n
3341 1684 3391 1740 iu
3434 1700 3502 1740 eo

225 1770 496 1824 Εἴσονται
514 1771 563 1822 οἱ
589 1768 761 1823 ταῦτα
794 1770 1042 1839 λέγοντες
1068 1771 1140 1825 τὰ
1153 1772 1254 1844 τῆς
1283 1773 1538 1843 ἀληθείας
1563 1773 1662 1841 τῆς
1679 1775 1822 1828 κατὰ

222 1859 334 1914 τὸν
344 1860 528 1924 τόπον,
553 1859 650 1931 οὐχ
666 1861 954 1932 εὑρήσουσι
979 1863 1326 1934 παραστῆσαι
1345 1863 1461 1928 πῶς
1475 1863 1540 1918 ἂν
1561 1864 1653 1918 καὶ
1669 1865 1823 1934 ἇγιος

225 1950 456 2019 γένοιτο
489 1950 630 2022 ὑπὲρ
657 1951 928 2023 σωτηρίας
949 1951 1054 2005 τῶν
1091 1954 1276 2018 κακῶς
1315 1955 1567 2026 ἐχόντων.
1604 1957 1700 2020 Et;
1731 1957 1821 2010 τὸν

227 2038 405 2092 τόπον
448 2039 556 2093 τῶν
600 2041 784 2106 κακῶς
827 2043 1060 2112 ἐχόντων
1115 2045 1288 2118 ἰατροὶ
1337 2047 1696 2115 γενέσθωσαν,
1741 2051 1821 2116 είς

225 2133 368 2195 τοὺς
392 2132 586 2195 τόπους
609 2133 716 2186 τῶν
743 2134 1057 2203 καμνόντων
1091 2138 1454 2207 στρατιωτῶν,
1483 2138 1576 2192 καὶ
1612 2139 1822 2194 εἰσίτω-

231 2240 342 2276 σαν
366 2223 501 2276 ὃπου
541 2226 595 2277 ai
623 2225 872 2279 δυσωδίαι
898 2227 1006 2282 τῶν
1042 2230 1369 2300 τραυμάτων
1403 2231 1600 2286 αὐτῶν.
1648 2231 1821 2286 Τοῦτο

232 2315 535 2368 ὑποϐάλλει
567 2318 600 2387 ἡ
638 2317 852 2388 ἰατρικὴ
893 2319 1288 2393 φιλανθρωπία.
1335 2321 1490 2376 Οὕτω
1512 2322 1670 2376 τοῦτο
1693 2324 1820 2377 ὑπο-

232 2408 478 2481 ϐέϐληκε
512 2410 588 2481 τῷ
616 2411 828 2483 Σωτῆρι
853 2414 880 2465 6
908 2411 1066 2481 λόγος
1093 2412 1356 2483 κατὰ(11)
1374 2415 1486 2475 τοῖς
1512 2415 1818 2485 προφήταις

232 2503 333 2554 καὶ
359 2502 548 2556 ἐνθάδε
582 2501 778 2566 ἐλθεῖν,
804 2505 898 2559 καὶ
922 2505 1002 2568 είς
1028 2504 1154 2575 ᾅδου
1179 2504 1502 2572 καταϐῆναι.
1529 2506 1638 2559 Καὶ
1664 2507 1819 2560 τοῦτο

230 2594 296 2648 δὲ
322 2593 648 2664 προσθετέον
687 2595 763 2666 τῷ
796 2595 939 2665 λόγῳ
959 2611 975 2627 ·
1007 2597 1088 2650 ὃτι
1137 2596 1386 2666 Σαμουὴλ
1414 2598 1695 2667 προφήτης
1725 2592 1813 2668 ἦν,

231 2687 335 2739 καὶ
361 2684 684 2750 ἐξελθόντος,
720 2685 929 2756 ἀπέστη
976 2686 1070 2738 ἀπ’
1096 2684 1259 2738 αὐτοῦ
1284 2687 1316 2756 ή
1345 2685 1672 2756 προφητεία·
1718 2687 1816 2739 οὐκ

232 2771 350 2848 ἆρα
374 2776 625 2848 ἀληθεύει
657 2777 686 2828 6
731 2775 902 2843 λέγων
942 2774 1294 2838 Ἀπόστολος·
1342 2794 1360 2825 ι
1406 2777 1563 2846 Ἀρτι
1606 2793 1816 2847 προφη-

230 2869 382 2922 τεύω
409 2871 474 2923 ἐκ
518 2870 737 2942 μέρους,
781 2869 874 2922 καὶ
919 2869 983 2922 ὲκ
1027 2868 1229 2939 μέρους
1269 2865 1556 2936 γινώσκω·
1601 2869 1730 2922 ὅταν
1756 2868 1814 2922 δὲ

231 2960 366 3032 ἔλθῃ
387 2960 448 3014 τὸ
472 2961 696 3022 τέλειον,
719 2960 813 3014 καὶ
839 2959 959 3012 τότε
988 2958 1049 3012 τὸ
1084 2960 1151 3013 ὲκ
1181 2958 1381 3030 μέρους
1409 2959 1818 3030 καταργηθήσε-

1929 1764 2049 1820 loco
2075 1777 2178 1833 est,
2230 1770 2556 1825 conﬁrmare
2591 1785 2651 1825 se
2685 1788 2791 1826 non
2841 1787 2998 1841 posse
3048 1775 3498 1830 animadvertant.

1929 1856 2033 1912 Sed
2059 1873 2290 1926 quanam
2320 1861 2530 1917 ratione
2559 1875 2776 1919 sanctus
2812 1880 2911 1934 pro
2947 1865 3122 1919 salute
3153 1865 3294 1920 male
3314 1881 3371 1920 se
3399 1867 3498 1920 ha-

1929 1947 2188 2012 bentium,
2243 1949 2295 2003 in
2341 1949 2517 2004 locum
2575 1953 2666 2007 ubi
2728 1966 3042 2022 permanent
3105 1955 3403 2011 deveniet?
3441 1957 3496 2012 In

1878 2075 1888 2088 .
1925 2037 2088 2110 497
2111 2041 2224 2095 loca
2251 2043 2480 2100 militum
2509 2047 2884 2116 mgrotantium
2917 2048 3112 2104 medici
3146 2065 3392 2118 gressum
3416 2053 3500 2106 di-

1927 2129 2111 2199 rigant
2145 2148 2160 2186 :
2196 2133 2471 2189 introeant
2505 2137 2591 2191 ubi
2644 2136 2806 2193 fautor
2854 2139 3094 2204 ulcerum
3127 2157 3316 2198 eorum
3359 2144 3499 2199 male

1925 2220 2053 2277 olet.
2080 2221 2191 2277 Hoc
2219 2225 2460 2294 suggerit
2489 2227 2823 2282 medicorum
2851 2230 2905 2286 in
2936 2233 3181 2289 homines
3205 2249 3378 2289 amor.
3406 2238 3498 2293 Sic

1904 2321 1981 2364 .et
2010 2314 2359 2380 propheticus
2381 2331 2560 2371 sermo
2584 2317 2854 2374 Salvatori
2883 2325 3076 2387 suasit,
3099 2333 3156 2378 ut
3183 2340 3246 2380 eo
3265 2329 3495 2396 veniret,

1925 2401 2384 2476 descenderetque
2413 2409 2464 2461 in
2498 2409 2788 2464 infernum.
2821 2411 2952 2467 Illud
2983 2415 3108 2469 item
3139 2418 3368 2472 orationi
3397 2422 3494 2474 a‘d-

1924 2493 2156 2548 dendum
2189 2513 2202 2549 :
2236 2497 2451 2553 Samuel
2482 2503 2738 2572 propheta
2769 2503 2892 2569 fuit,
2926 2521 3098 2575 eoque
3124 2519 3334 2564 mortuo
3365 2525 3497 2579 prc-

1923 2585 2107 2654 phetia
2135 2589 2202 2643 ab
2231 2590 2322 2644 illo
2377 2593 2652 2650 discessit.
2682 2597 2874 2650 Annon
2925 2613 3050 2652 vera
3092 2600 3225 2655 dicit
3263 2602 3498 2671 Aposto-

1923 2676 2008 2732 lus
2033 2679 2079 2710 ⁹²
2108 2697 2122 2732 :
2155 2699 2174 2731 ι
2219 2679 2337 2735 Jam
2385 2687 2644 2753 propheto
2677 2703 2743 2742 ex
2784 2699 2956 2758 parte,
3003 2701 3058 2744 et
3099 2707 3162 2747 ex
3217 2704 3368 2762 parte
3412 2710 3498 2748 cn-

1921 2784 2124 2840 gnosco
2153 2790 2166 2826 :
2198 2788 2320 2827 cum
2357 2790 2484 2830 vero
2517 2781 2917 2836 consummatio
2940 2784 3165 2850 venerit,
3199 2795 3324 2839 tunc
3351 2788 3492 2855 quod

1920 2875 1986 2916 ex
2014 2875 2166 2932 parte
2195 2876 2297 2932 est,
2319 2870 2483 2923 etiam
2515 2873 2940 2929 evacuabitur?»
2970 2875 3374 2933 Consummatio
3393 2880 3494 2934 ita-

1919 2970 2026 3025 que
2060 2965 2180 3024 post
2223 2958 2386 3030 hujus
2416 2964 2540 3016 vitae
2582 2963 2740 3017 ﬁnem
2787 2973 2888 3021 est.
2930 2966 2996 3020 Et
3029 2969 3290 3038 quidquid
3323 2971 3491 3028 Isaias

231 3068 358 3119 tat;
392 3072 410 3104 ι
461 3051 669 3106 υύκοῦν
700 3051 761 3104 τὸ
792 3052 994 3105 τέλειον
1020 3051 1158 3121 μετὰ
1188 3052 1279 3104 τὸν
1330 3051 1442 3121 βίον
1483 3052 1649 3105 ἐστίν.
1703 3053 1813 3106 Καὶ

1917 3049 2279 3117 prophetarit,
2300 3065 2366 3105 ex
2393 3061 2545 3120 parte
2567 3067 2688 3108 cum
2715 3056 2859 3109 omni
2892 3056 3143 3112 libertate
3168 3062 3490 3118 vaticinatus

231 3145 296 3199 εῐ
315 3161 368 3198 τι
401 3145 804 3216 προεφήτευσεν
837 3144 1084 3206 Ἡσαΐας,
1109 3145 1173 3196 ἐκ
1208 3142 1406 3214 μέρους
1445 3145 1814 3215 προεφήτευσε

235 3237 380 3310 μετὰ
404 3237 585 3306 πάσης
614 3235 956 3306 παρρησίας·
988 3233 1405 3305 μεμαρτύρηται
1438 3234 1495 3287 δὲ
1533 3234 1600 3287 τὰ
1627 3235 1813 3288 ἐνθάδε

230 3332 262 3384 6
293 3327 456 3382 Δαυῒδ
489 3329 615 3399 περὶ
637 3327 698 3379 τὸ
723 3325 928 3378 τέλειον
963 3325 1061 3395 τῆς
1089 3324 1425 3395 προφητείας
1443 3341 1457 3354 ·
1483 3325 1583 3377 οὐκ
1609 3325 1815 3379 ἀπέλα-

233 3411 445 3469 ϐενοῦν
465 3415 564 3486 τὴν
607 3415 769 3485 χάριν
809 3413 912 3484 τὴν
949 3414 1295 3484 προφητικὴν
1343 3414 1616 3485 Σαμουὴλ.
1653 3415 1709 3468 Ὀ
1757 3414 1813 3469 δὲ

233 3506 360 3570 νοῦς
390 3523 490 3576 μου
521 3505 778 3578 ἄκαρπός
820 3509 964 3559 ἐστι·
998 3505 1089 3558 καὶ
1131 3506 1212 3558 ὅτι
1261 3505 1583 3577 Ἐκκλησίαν
1612 3508 1814 3561 οἰκοδο-

236 3597 620 3670 μεῖὸγλώσσῃ
653 3597 847 3650 λαλῶν.
897 3598 1008 3652 Καὶ
1048 3596 1162 3668 γάρ
1202 3597 1348 3666 λέγει
1395 3599 1424 3650 6
1466 3598 1694 3662 Παῦλος,
1729 3601 1810 3653 ὅτι

247 3688 573 3759 Ἐκκλησίαν
620 3688 894 3759 οἰκοδομεῖ
935 3690 963 3740 6
1007 3687 1381 3760 προφητεύων,
1412 3689 1604 3752 αὑταῖς
1634 3688 1810 3755 λέξεσι

231 3782 425 3850 λέγων.
461 3781 600 3834 Εἰδὲ
620 3779 975 3852 προφητεύων
1016 3778 1340 3850 Ἐκκλησίαν
1365 3779 1653 3850 οἰκοδομεῖ,
1695 3774 1808 3848 εἶχε

232 3875 396 3946 χάριν
443 3875 823 3946 προφητικήν·
877 3874 938 3926 ού
988 3873 1097 3943 γὰρ
1145 3871 1481 3926 ἀπολωλέκει
1522 3872 1692 3944 αὐτὴν
1734 3873 1807 3944 μὴ

232 3965 589 4038 ἀφθαρτήσας
614 3963 747 4036 (12)·
789 3964 947 4035 μόνος
977 3965 1085 4035 γὰρ
1123 3964 1383 4017 ἀπόλλυσι
1412 3964 1570 4035 χάριν
1603 3977 1810 4035 προφη-

229 4057 408 4126 τικὴν,
432 4056 490 4118 ὃς
517 4053 655 4125 μετὰ
681 4054 741 4108 τὸ
764 4053 1136 4125 προφητεῦσαι
1173 4053 1471 4123 πεποίηκεν
1496 4051 1686 4118 ἀνάξια
1713 4051 1806 4105 τοῦ

231 4148 547 4219 Πνεύματος
571 4147 666 4201 τοῦ
695 4147 872 4215 ἁγίου,
901 4146 1028 4200 ὥστ’
1070 4144 1458 4214 ἐγκαταλιπεῖν
1500 4144 1681 4209 αὐτὸν,
1715 4145 1807 4198 καὶ

232 4242 423 4310 φυγεῖν
452 4239 560 4294 ἀπὸ
612 4239 706 4291 τοῦ
752 4237 1079 4309 ἡγεμονικοῦ
1125 4233 1319 4288 αὐτοῦ·
1380 4235 1515 4305 ὅπερ
1562 4233 1806 4302 ἐφοϐεῖτο

230 4334 351 4386 τότε
387 4332 480 4385 καὶ
527 4331 663 4401 μετὰ
717 4329 815 4400 τὴν
850 4329 1120 4400 ἁμαρτίαν
1165 4329 1194 4380 6
1239 4324 1421 4388 Δαυῒδ,
1466 4325 1562 4402 καὶ
1617 4324 1800 4393 ἔλεγε·

238 4442 258 4476 ι
299 4425 408 4478 Καὶ
455 4423 516 4476 τὸ
560 4423 784 4494 Πνεῦμα
807 4420 869 4479 τὸ
907 4421 1060 4490 ἆγιόν
1102 4436 1196 4472 σου
1241 4419 1314 4490 μὴ
1360 4417 1658 4488 ἀντανέλῃς
1707 4419 1801 4477 ἀπ’

232 4515 388 4586 ἐμοῦ.
432 4535 450 4568 ι
483 4517 547 4568 Ei
567 4514 745 4569 τοίνυν
774 4514 836 4567 τὸ
875 4511 1096 4583 Πνεῦμα
1128 4511 1190 4564 τὸ
1240 4511 1394 4579 ἅγιον
1440 4510 1800 4581 προφητεύει·

229 4609 370 4675 τίνι;
418 4609 722 4678 Ἀγγέλοις·
780 4627 800 4660 ι
857 4602 938 4672 οἷς
982 4607 1056 4678 μὴ
1105 4605 1294 4676 χρείαν
1337 4603 1450 4676 (15)
1494 4603 1708 4674 ἔχουσιν
1753 4607 1802 4658 oi

235 4699 504 4769 ἰσχύοντες
535 4697 754 4771 ἰατρῶν,
787 4697 900 4751 ἀλλ’
923 4696 973 4750 οἱ
1001 4695 1186 4758 κακῶς
1215 4694 1448 4765 ἔχοντες.
1493 4713 1514 4745 ›
1548 4693 1800 4764 Δέχονται

227 4791 372 4854 τίνες
398 4791 495 4861 τῆς
519 4789 853 4860 προφητείας
885 4787 994 4859 (14)
1024 4785 1189 4840 αὑτοῦ
1214 4802 1230 4851 ;
1272 4786 1345 4839 υύ
1379 4785 1488 4857 γὰρ
1519 4787 1678 4855 ἀργεῖ
1703 4787 1801 4856 χά-

231 4900 315 4955 ρις
336 4884 642 4954 προφητική
663 4900 677 4913 ·
698 4879 850 4935 οὐδὲν
880 4879 1124 4952 χάρισμα
1143 4879 1301 4950 ἀργεῖ
1315 4877 1424 4931 τῶν
1455 4880 1512 4931 ὲν
1533 4876 1609 4948 τῷ
1633 4877 1794 4948 ἁγίῳ.

229 4975 339 5047 Τῆς
368 4972 460 5030 οὖν
496 4977 715 5047 χάριτος
745 4977 845 5047 τῆς
869 4974 1210 5046 προφητικῆς
1260 4975 1316 5027 αἱ
1359 4973 1527 5042 ψυχαὶ
1547 4973 1652 5026 τῶν
1683 4991 1796 5026 κοι-

231 5068 514 5140 μωμένων,
543 5067 798 5138 τολμήσω
826 5066 919 5120 καὶ
961 5064 1122 5127 εἴπω,
1153 5064 1380 5117 ἐδέοντο.
1425 5064 1562 5117 Ἀλλ’
1607 5064 1793 5118 ἐνθάδε

230 5161 325 5232 μὲν
344 5161 531 5233 χρείαν
564 5161 743 5232 ἔχεται
775 5159 886 5231 (15)
905 5157 1000 5212 τοῦ
1032 5158 1312 5230 προφήτου
1351 5156 1596 5230 Ἰσραήλ·
1642 5159 1735 5212 καὶ
1763 5159 1792 5212 6

293 5303 336 5335 ’ί
367 5301 597 5372 Philipp.
631 5317 691 5367 ιι,
720 5300 807 5356 10.
882 5301 929 5333 ⁸³
959 5299 978 5354 1
1006 5281 1130 5355 Cor.
1155 5315 1275 5368 xui,
1299 5299 1355 5355 9.
1428 5299 1473 5331 ⁸³
1501 5299 1669 5357 ICor.
1700 5315 1810 5365 xtv,
1843 5301 1926 5354 II.

295 5439 603 5510 (11)Κατά.
637 5441 822 5512 Forte,
853 5439 1024 5512 παρά.
1074 5471 1078 5474 ~

295 5512 404 5583 (12)
446 5510 868 5583 Ἅφθαρτήσας.
903 5509 1134 5583 Omnino
1174 5509 1457 5583 legendum
1487 5510 1788 5583 [ἁμαρτή-

229 5579 342 5647 σας.
376 5579 518 5636 Infra
549 5583 713 5654 εόπερ
737 5581 982 5652 ἐφοϐεῖτο
1008 5581 1150 5649 τότε,
1187 5580 1280 5634 καὶ
1311 5579 1448 5650 μετὰ
1476 5579 1587 5648 τὴν
1606 5579 1786 5653 ἁμαρ-

226 5655 340 5707 τίαν
365 5653 394 5706 ’5
427 5652 608 5709 Δαυῗδ.

1916 3147 2020 3204 est,
2053 3147 2385 3210 testatusque
2424 3153 2507 3197 est
2543 3144 2657 3200 haec
2689 3148 2872 3201 omnia
2902 3149 2974 3207 de.
3012 3152 3310 3218 prophetiae
3358 3169 3489 3208 con-

1916 3229 2280 3283 summatione
2308 3231 2510 3286 David:
2545 3250 2650 3289 non
2687 3236 2889 3304 recepit
2911 3236 3078 3306 igitur
3109 3241 3335 3306 gratiam
3359 3259 3487 3312 pro-

1913 3319 2190 3387 pheticam
2229 3321 2466 3379 Samuel.
2504 3324 2574 3379 At
2624 3326 2933 3382 intellectus
2974 3342 3124 3383 meus
3151 3331 3269 3386 sine
3312 3334 3488 3390 fructu

1913 3409 2087 3461 est”:
2114 3420 2167 3464 et
2197 3415 2338 3480 quod
2373 3414 2666 3470 Ecclesiam
2699 3415 2949 3484 mdiilcat,
2974 3421 3062 3487 qui
3095 3420 3275 3490 lingua
3312 3423 3489 3493 loqui-

1915 3496 2081 3552 tur".
2125 3499 2190 3554 Et
2215 3501 2413 3558 Paulus
2451 3505 2563 3573 ipse
2602 3506 2834 3560 aliirntat
2864 3509 3271 3577 prophetantem
3300 3513 3487 3570 Eccle-

1912 3589 2048 3643 siam
2089 3591 2359 3648 aediﬁcare
2387 3595 2472 3650 his
2521 3597 2708 3654 iisdem
2751 3597 2953 3650 verbis.
2991 3601 3161 3657 Porro
3185 3603 3230 3657 si
3257 3607 3483 3672 prophe-

1914 3688 2033 3734 tans
2063 3681 2356 3738 Ecclesiam
2381 3689 2630 3756 ardilicat,
2652 3692 2838 3762 utique
2855 3694 3086 3764 gratiam
3110 3697 3481 3766 propheticam

1911 3770 2094 3840 habet,
2142 3791 2317 3846 neque
2349 3781 2494 3834 enim
2549 3782 2716 3851 ipsam
2754 3786 2965 3851 amisit,
2995 3786 3098 3841 nisi
3151 3789 3480 3857 peccaverit.

1911 3863 2068 3920 Solus
2091 3868 2287 3938 quippe
2310 3871 2538 3940 gratiam
2561 3876 2926 3943 propheticum
2945 3878 3166 3941 amittit,
3185 3880 3300 3948 qui,
3328 3891 3477 3948 post-

1907 3965 2072 4020 quam
2111 3959 2473 4028 prophetarit,
2507 3963 2724 4031 indigna
2752 3965 2954 4034 Spiritu
2973 3978 3164 4021 sancto
3187 3981 3477 4039 operatur;

1907 4044 1980 4099 ita
1999 4056 2057 4100 ut
2077 4047 2248 4118 ipsum
2273 4053 2534 4123 Spiritum
2558 4057 2791 4121 deserat,
2811 4058 3086 4128 fugiatque
3110 4060 3178 4116 ab
3192 4061 3308 4128 ejus
3330 4065 3482 4133 prin-

1905 4145 2026 4219 cipe
2052 4148 2245 4203 animae
2278 4149 2554 4209 facultate.
2585 4153 2736 4220 Quod
2785 4155 3007 4210 timebat
3035 4166 3164 4212 tunc
3199 4167 3317 4226 post
3353 4174 3478 4228 pec-

1905 4251 2087 4293 catum
2118 4241 2308 4307 David,
2339 4243 2663 4313 dicebatque
2687 4245 2762 4298 ἐς
2797 4263 2816 4296 ι
2843 4245 2908 4298 Et
2934 4245 3196 4314 Spiritum
3230 4257 3476 4303 sanctum

1908 4343 2058 4386 tuum
2083 4346 2151 4387 ne
2179 4335 2395 4389 auferas
2430 4351 2460 4388 a
2486 4351 2590 4390 me.
2626 4355 2645 4387 ι
2680 4337 2870 4406 Itaque
2913 4339 2956 4392 si
2995 4337 3231 4406 Spiritus
3255 4352 3476 4395 sanctus

1907 4426 2194 4496 prophetat
2231 4445 2246 4480 :
2275 4427 2490 4480 cuinam
2512 4425 2536 4479 ‘i
2556 4427 2776 4496 Angelis
2802 4429 2828 4482 ?
2853 4428 2921 4483 At
2954 4443 2968 4480 :
3015 4447 3035 4481 ι
3073 4428 3188 4484 Non
3215 4445 3354 4500 Opus
3390 4443 3477 4487 est

1907 4517 2147 4572 medicus
2188 4517 2347 4582 bene,
2401 4518 2495 4572 sed
2550 4519 2688 4572 male
2740 4520 3061 4576 habentibus
3080 4521 3144 4576 “.
3185 4541 3206 4574 ι
3241 4523 3473 4589 Quinam

1903 4608 2021 4674 ejus
2057 4608 2391 4676 prophetiam
2425 4611 2734 4680 excipiunt?
2760 4611 2944 4682 Neque
2974 4613 3119 4667 enim
3155 4613 3354 4669 frustra
3390 4627 3475 4671 est

1902 4701 2072 4770 gratia
2128 4700 2440 4769 prophetica
2468 4743 2484 4768 ,
2534 4717 2707 4772 neque
2752 4703 2918 4758 ullum
2963 4704 3235 4758 charisma
3280 4721 3469 4761 eorum

1900 4804 2019 4857 quae
2053 4791 2106 4842 in
2136 4802 2322 4844 sancto
2357 4803 2486 4845 sunt
2510 4791 2713 4847 frustra
2754 4802 2856 4850 est.
2889 4794 3072 4848 Gratia
3123 4795 3305 4865 itaque
3344 4813 3474 4866 pro-

1905 4882 2116 4949 pltetica
2142 4891 2476 4937 mortuorum
2504 4884 2719 4951 anitum,
2751 4886 3009 4940 audacter
3039 4887 3234 4952 dicam,
3260 4888 3470 4959 indige-

1901 4973 2052 5026 bant.
2105 4973 2209 5027 Sed
2268 4974 2357 5029 hic
2402 4975 2619 5044 quidem
2671 4979 3008 5032 necessarius
3069 4989 3154 5034 est
3203 4983 3468 5050 propheta

1899 5064 2085 5129 Israel,
2109 5076 2164 5120 et
2191 5067 2282 5136 qui
2325 5069 2543 5132 dormit,
2579 5068 2940 5138 discessitque
2981 5085 3050 5125 ex
3081 5071 3184 5128 hac
3219 5074 3349 5137 vita,
3379 5076 3465 5128 in-

1899 5157 2115 5227 digcbat
2162 5160 2455 5229 prephetis,
2500 5170 2561 5215 ut
2606 5162 2710 5216 alia
2752 5165 3102 5234 rationeipsi
3133 5164 3338 5220 Christi
3370 5167 3468 5220 ad-

2033 5301 2080 5334 ”
2108 5303 2238 5358 ibid.
2268 5305 2322 5358 4.
2399 5305 2446 5336 ³⁵
2482 5303 2623 5360 Psal.
2654 5321 2708 5372 L,
2737 5274 2858 5362 ιιιιί.
2931 5308 3189 5362 "Matth.
3224 5324 3300 5372 ιιι,
3335 5309 3417 5365 I2.

1969 5442 2078 5515 (l5)
2120 5443 2449 5518 ξΑγγέλοις·
2491 5440 2581 5511 οἷς
2629 5445 2716 5516 μὴ
2769 5448 2997 5517 χρείαν.
3031 5447 3259 5503 Scribe:
3290 5449 3461 5518 ἀγγέ-·

1896 5513 2011 5594 λοιις
2029 5530 2050 5594 ξ
2075 5515 2158 5594 μὴ
2167 5515 2383 5594 χρείαν,
2415 5527 2520 5569 etc.

2274 5585 2904 5662 apognrsluq._8cribez
2940 5587 3038 5652 τὰς
3067 5591 3402 5662 προφητείη

1967 5655 2079 5726 (15)
2111 5657 2362 5724 Ἔχεται.
2388 5657 2576 5712 Scribe
2607 5674 2620 5711 :
2646 5655 2780 5728 Exst,
