4046 6152
605 145 747 202 ιοεῖ

2050 146 2141 201 EX
2174 143 2472 201 ORIGENE

3718 151 3868 207 1028

600 277 821 322 ventum
849 267 1298 323 vaticinarentnr.
1320 266 1458 319 Ante
1486 265 1699 323 Domini
1725 267 1828 323 mei
1860 266 1987 323 Jesu
2009 267 2170 323 Chri-

2274 266 2613 339 κοιμώμενος
2640 267 2697 321 δὲ
2729 269 2758 321 6
2782 266 3198 338 ἀπηλλαγμένος
3229 266 3323 322 τοῦ
3360 268 3473 339 βίου
3501 270 3691 341 χρείαν
3733 267 3857 341 εἶχε

603 357 674 413 sti
718 359 1005 412 adventum
1048 358 1249 412 nemini
1299 358 1483 413 datum
1530 369 1649 414 erat
1683 358 1773 413 ubi
1808 359 2008 429 lignum
2058 361 2180 414 vita:

601 460 722 507 erat
754 448 1136 518 praetergredi,
1166 458 1219 504 ct
1264 450 1351 504 illa
1390 452 1691 521 transgredi
1738 467 1858 522 quae
1903 453 2006 506 via:
2049 453 2177 522 ligni

604 540 728 594 vitae
760 539 1127 595 custodienda:
1156 540 1443 609 praeposita
1474 550 1654 595 erant.
1690 541 1827 609 Quis
1863 542 2002 595 viam
2036 542 2177 594 illam

606 638 814 687 tentare
855 639 1069 700 poterat
1103 631 1126 685 l
1158 631 1293 698 Quis
1336 631 1499 687 alicui
1557 641 1749 688 auctor
1804 648 1924 688 esse
1971 645 2181 703 poterat

604 719 915 776 ﬂammeum
946 722 1189 793 gladius-
1233 724 1656 791 ραι-ωηερε.δί
1681 724 1727 757 ’⁸
1765 725 1791 778 ἲ
1816 724 2183 791 Quemadmo-

602 811 729 865 dum
757 828 855 868 nec
880 828 1029 868 mare
1055 815 1274 869 transiri
1306 824 1518 883 poterat
1560 814 1679 869 sine
1716 830 1817 884 ope
1848 815 2054 879 divina,
2090 832 2177 869 co-

602 900 894 973 lumnaque
936 905 1154 971 divina,
1201 907 1452 962 columna
1509 905 1756 968 luminis,
1801 919 1920 974 quae
1961 912 2079 957 erat
2114 905 2180 958 ab

602 995 721 1065 ipso
749 996 856 1050 Deo
886 996 975 1048 “z
1023 999 1481 1067 quemadmodum
1537 997 1769 1051 neminis
1811 1005 1929 1050 erat
1983 993 2174 1049 Iorda-

604 1103 727 1143 nem
761 1090 987 1158 pedibus
1020 1090 1271 1160 trajicere
1315 1102 1677 1163 praeterquam
1708 1087 1915 1160 .losue(
1945 1090 2056 1141 veri
2087 1086 2177 1140 Dei

606 1180 777 1250 iigura
808 1190 931 1234 erat
970 1181 1057 1235 ille
1094 1180 1278 1254 Iosue)
1313 1200 1327 1236 :
1362 1183 1440 1237 sic
1475 1198 1570 1253 per
1604 1180 1905 1234 ﬂammeum
1946 1178 2177 1248 gladium

605 1271 825 1325 Samuel
857 1274 1090 1328 transire
1121 1289 1226 1328 non
1270 1284 1482 1343 poterat
1510 1293 1523 1328 :
1569 1289 1671 1327 non
1711 1272 1983 1327 Abraham
2015 1287 2031 1336 ;
2060 1272 2180 1324 ideo

602 1372 659 1417 et
689 1365 958 1418 Abraham
992 1366 1060 1420 ab
1086 1380 1152 1420 eo
1176 1366 1265 1435 qui
1309 1368 1686 1435 torquebatur,
1730 1363 2083 1434 conspicitur.
2114 1362 2182 1416 Et

600 1454 770 1529 498
797 1472 917 1511 cum
959 1459 1013 1511 iu
1055 1458 1337 1513 tormentis
1370 1460 1523 1514 dives
1554 1467 1720 1522 esset,
1759 1456 1986 1512 elevatis
2008 1453 2180 1509 oculis

601 1551 875 1603 Abraham
920 1550 1208 1619 conspicit,
1250 1550 1377 1604 licet
1409 1552 1631 1621 alonge
1671 1551 1884 1613 videat;
1924 1548 2071 1602 videt
2098 1556 2179 1599 ta-

2280 358 2388 411 τῶν
2408 358 2720 431 προφητῶν,
2746 360 2833 413 ἵνα
2861 359 3017 412 πάλιν
3045 361 3095 412 oi
3117 360 3388 431 προφῆται
3412 361 3558 431 αὑτῷ
3579 361 3864 433 κηρύξωσι

2280 447 2379 518 τὴν
2409 448 2645 518 Χριστοῦ
2674 448 2984 520 ἐπιδημίαν.
3010 448 3216 513 Ἀλλως
3237 468 3296 503 τε
3320 451 3414 508 καὶ
3435 453 3718 523 προφήτης
3746 453 3767 523 (
3776 454 3862 524 16)

2279 536 2373 590 τοῦ
2401 537 2603 610 Κυρίου
2646 556 2747 609 μου
2784 539 2954 611 Ἰησοῦ
2994 541 3229 611 Χριστοῦ
3272 541 3565 612 ἐπιδημίας
3598 544 3862 598 ἀδύνατον

2279 618 2346 694 ῆν
2371 641 2494 678 τινα
2521 625 2808 696 παρελθεῖν
2833 627 2965 679 ὅπου
2994 628 3053 681 τὸ
3082 627 3235 693 ξύλον
3261 629 3362 699 τῆς
3388 628 3533 701 ζωῆς
3552 648 3565 662 ⁸
3599 632 3861 689 ἀδύνατον

2279 708 2348 784 ἦν
2370 714 2655 786 παρελθεῖν
2686 715 2752 770 τὰ
2793 719 3099 788 τεταγμένα
3131 719 3423 789 φυλάσσειν
3470 721 3568 792 τὴν
3600 723 3717 777 ὁδὸν
3762 724 3860 779 τοῦ

2283 806 2438 871 ξύλου
2468 808 2570 878 τῆς
2594 807 2760 878 ζωῆς.
2789 810 2886 874 Τίς
2906 811 3137 881 ἠδύνατο
3162 813 3506 885 ὁδοποιῆσαι;
3541 817 3636 880 Τίς
3662 818 3862 887 ⁴ἢδύνα-

2279 914 2341 949 το
2390 898 2487 969 τὴν
2528 898 2786 971 φλογίνην
2834 901 3109 972 ῥομφαίαν
3167 905 3397 975 ποιῆσαι
3428 906 3657 963 διελθεῖν
3701 928 3858 976 τινας

2284 989 2492 1061 Ὥσπερ
2517 989 2789 1045 θάλασσαν
2819 993 2918 1046 οὐκ
2948 989 3015 1065 ἦν
3040 994 3348 1067 ὁδοποιῆσαι
3382 999 3414 1070 ἢ
3460 1000 3553 1054 τοῦ
3582 998 3721 1055 Θεοῦ
3765 1006 3865 1057 καὶ

2279 1076 2372 1129 τοῦ
2401 1079 2589 1133 στύλου
2615 1081 2708 1133 τοῦ
2740 1083 2985 1153 πυρίνου,
3036 1084 3128 1138 τοῦ
3165 1087 3356 1141 στύλου
3394 1090 3487 1144 τοῦ
3536 1094 3716 1161 φωτὸς
3759 1095 3858 1147 τοῦ

2280 1169 2388 1222 ἀπὸ
2417 1170 2510 1223 τοῦ
2541 1171 2674 1225 Θεοῦ
2693 1189 2706 1202 ·
2744 1172 2932 1245 ὥσπερ
2960 1176 3048 1230 τὸν
3080 1180 3348 1251 Ἰορδάνην
3381 1184 3479 1237 οὐκ
3519 1180 3587 1255 ἦν
3641 1187 3862 1250 οὐδενὸς

2279 1261 2591 1333 ὁδοποιῆσαι
2634 1266 2666 1337 ἢ
2727 1267 2932 1338 Ἰησοῦ·
2966 1269 3059 1322 τοῦ
3110 1271 3362 1342 ἀληθινοῦ
3409 1276 3545 1330 Θεοῦ
3588 1279 3756 1342 τύπος
3789 1276 3859 1350 ἦν

2280 1357 2484 1419 ἐκεῖνος
2508 1358 2536 1408 6
2576 1358 2781 1430 Ἰησοῦς
2807 1377 2820 1389 ·
2861 1360 3002 1414 οὓτω
3035 1362 3121 1415 διὰ
3160 1365 3258 1435 τῆς
3287 1366 3544 1439 φλογίνης
3580 1372 3859 1441 ῥομφαίας

2280 1447 2532 1519 Σαμουὴλ
2571 1451 2670 1503 οὐκ
2713 1451 2943 1520 ἠδύνατο
2980 1453 3237 1509 διελθείνο
3289 1459 3389 1511 οὑκ
3435 1460 3715 1534 Ἀϐραάμ·
3767 1464 3859 1518 διὰ

2280 1540 2435 1593 τοῦτο
2470 1543 2562 1596 καὶ
2607 1543 2857 1615 Ἀϐραὰμ
2903 1545 3157 1615 βλέπεται
3202 1549 3306 1603 ὑπὸ
3342 1551 3436 1604 τοῦ
3467 1554 3855 1627 κολαζομένου.

602 1656 749 1707 men,
773 1653 829 1696 et
850 1618 1113 1695 Lazarum
1141 1642 1193 1695 in
1225 1643 1343 1696 sinu
1370 1618 1991 1712 ipsius—Exspectabam
2016 1638 2170 1708 igitur

2283 1632 2391 1684 Kal.
2416 1632 2674 1705 ὑπάρχων
2717 1637 2776 1688 ὲν
2825 1636 3078 1706 βασάνοις
3110 1643 3138 1694 6
3176 1642 3429 1708 πλούσιος
3475 1618 3686 1716 ἐπάρας
3729 1650 3859 1711 τοὺς

607 1731 814 1787 Domini
843 1733 944 1791 mei
970 1730 1094 1786 Jesu
1126 1731 1326 1787 Christi
1352 1735 1740 1799 adventum,et
1762 1732 2104 1803 patriarchas.
2127 1742 2178 1785 et

602 1823 900 1894 propheta,
922 1835 977 1878 et
998 1839 1209 1887 omnes,
1230 1826 1391 1879 utsic
1422 1825 1559 1878 viam
1582 1825 1879 1895 aperiretzc
1911 1825 2024 1895 Ego
2057 1840 2178 1879 sum

602 1915 691 1970 via
726 1932 740 1969 :
780 1930 881 1986 ego
908 1932 1026 1971 sum
1055 1925 1209 1985 porta
1232 1916 1301 1969 θ’.
1341 1934 1362 1969 ι
1398 1916 1493 1972 Via
1526 1927 1609 1971 est
1636 1916 1703 1970 ad
1730 1917 1932 1985 lignum
1962 1916 2181 1977 vitae,ut

602 2004 649 2061 si
679 2021 776 2076 per
806 2006 982 2076 ignem
1026 2005 1260 2061 transire
1286 2005 1380 2061 tibi
1415 2006 1720 2076 contingat.
1748 2004 1962 2059 ﬂamma
1988 2014 2039 2058 te
2072 2020 2176 2058 nou

606 2099 951 2153 comburat:
1005 2096 1182 2167 qualis
1237 2096 1376 2165 ignis
1438 2097 1617 2166 posuit
1667 2096 1980 2161 cherubim,
2023 2093 2177 2149 ﬂatu-

603 2205 890 2259 meumque
912 2188 1151 2260 gladium
1174 2190 1264 2260 qui
1288 2189 1623 2251 volvebatur,
1640 2197 1697 2241 ut
1721 2188 1859 2241 viam
1882 2186 1950 2241 ad
1975 2187 2175 2255 lignum

603 2286 733 2338 vitae
778 2285 1140 2339 custodirent.
1190 2283 1313 2338 Ideo
1354 2281 1499 2336 beati
1543 2280 1652 2335 illic
1699 2281 2086 2350 permanebant
2115 2294 2176 2333 se

602 2384 994 2443 praeparantes,
1033 2383 1087 2430 et
1134 2388 1257 2428 cum
1287 2386 1391 2425 non
1422 2381 1652 2448 possent
1684 2387 1749 2426 eo
1775 2371 2055 2437 accedere,
2085 2370 2175 2424 ubi

598 2478 720 2520 erat
748 2465 948 2534 lignum
991 2467 1136 2532 vitze,
1175 2470 1460 2537 paradisus
1497 2466 1613 2529 Dei,
1651 2474 1708 2519 et
1733 2463 1874 2519 Deus
1914 2462 2172 2534 agricola,

601 2557 692 2612 ubi
727 2557 892 2622 beati,
938 2567 994 2612 et
1025 2558 1206 2623 electi,
1250 2568 1305 2614 et
1340 2560 1514 2613 sancti
1559 2557 1673 2612 Dei.
1720 2555 1930 2610 Nullum
1960 2569 2089 2624 ergo
2120 2555 2172 2608 in

599 2646 707 2702 hoc
748 2648 868 2703 loco
908 2646 1293 2703 oﬂendiculum
1331 2657 1416 2704 est
1454 2664 1468 2700 :
1517 2648 1611 2703 sed
1640 2648 1822 2703 omnia
1862 2647 1996 2701 mira
2038 2662 2176 2717 qua-

598 2739 724 2793 dam
768 2740 816 2792 vi
862 2740 1061 2810 scripta
1096 2753 1248 2804 sunt,
1291 2738 1774 2809 intelligunturque
1811 2741 1878 2794 ab
1912 2739 2018 2793 illis
2054 2738 2174 2807 qui-

598 2828 702 2886 bus
739 2833 878 2886 Deus
907 2833 1131 2885 revelat.
1152 2831 1259 2888 Nos
1288 2833 1581 2903 porro,qui
1617 2832 1668 2885 in
1699 2831 2019 2886 saeculorum
2042 2846 2171 2885 cou-

598 2923 966 2977 summatione
1012 2923 1362 2990 advenimus,
1417 2923 1678 2977 habemus
1723 2922 1853 2992 quid
1909 2922 2164 2976 eximium

597 3010 738 3066 ultra
767 3021 1016 3067 caeteros.
1046 3011 1186 3079 Quid
1210 3012 1340 3068 illud
1367 3012 1496 3068 est?
1527 3012 1582 3067 Si
1606 3030 1668 3068 ex
1705 3014 1806 3068 hac
1836 3015 1946 3067 vita
1981 3028 2168 3068 exces-

597 3103 829 3158 serimus
849 3104 971 3158 boni
1001 3113 1056 3158 et
1100 3105 1253 3175 prnbi
1273 3144 1288 3170 ,
1318 3122 1424 3161 non
1457 3122 1561 3161 una
1610 3105 1889 3161 nobiscum
1917 3114 2168 3174 peccato—

600 3212 717 3250 rum
748 3195 979 3250 sarcinis
1018 3198 1322 3264 condnctis,
1351 3198 1806 3268 pertransibimus
1860 3195 2167 3252 ﬂammeum

595 3286 856 3356 gladium,
881 3302 982 3341 nec
1021 3287 1073 3340 in
1110 3287 1284 3342 locum
1315 3290 1483 3353 illum,
1517 3290 1568 3342 in
1604 3304 1712 3358 quo
1757 3288 1849 3356 qui
1892 3296 2017 3342 ante
2057 3288 2169 3356 ejus

595 3376 889 3431 adventum
926 3378 1267 3445 quieveram,
1317 3378 1591 3434 Christum
1634 3380 2044 3449 exspectabant,
2074 3380 2169 3433 de-

593 3466 897 3523 veniemus.
951 3468 1410 3523 Pertransibimus
1460 3470 1610 3523 nullo
1660 3469 1818 3525 nobis
1854 3486 1884 3523 a
1921 3472 2169 3523 ﬂammeo

595 3560 690 3617 illo
716 3561 893 3633 gladio
918 3564 1113 3617 damno
1131 3561 1301 3617 illato.
1331 3581 1350 3614 ι
1387 3562 1813 3631 Uniuscujusque
1844 3577 1974 3617 vero
2003 3562 2167 3631 quale

593 3666 733 3722 Opus
779 3654 875 3718 sit,
938 3653 1078 3723 ignis
1141 3654 1255 3724 ipse
1307 3655 1560 3723 probabit
1588 3655 1628 3710 ⁸.
1666 3652 1721 3707 Si
1769 3652 1994 3722 alicujus
2030 3669 2166 3722 opus

594 3746 943 3800 combustum
1000 3745 1187 3813 fuerit,
1231 3747 1487 3802 damnum
1532 3748 1837 3814 contrahet,
1882 3747 1998 3816 ipse
2034 3762 2165 3801 vero

593 3837 896 3892 salvabitur
927 3838 1009 3893 sic
1049 3839 1204 3909 quasi
1244 3853 1340 3909 per
1384 3840 1561 3909 ignem
1586 3840 1627 3893 ³.
1659 3856 1677 3891 ι
1712 3838 2164 3894 Pertransibimus

593 3943 746 3999 ergo.
779 3929 1049 3985 llabemus
1083 3931 1210 3985 item
1265 3932 1401 3986 ultra
1446 3940 1504 3985 et
1546 3931 1689 3986 aliud
1734 3932 2162 3990 eximiummon

594 4034 905 4090 possumus,
925 4021 972 4076 si
1015 4031 1162 4077 recte
1194 4022 1514 4091 vixerimus,
1553 4023 1691 4076 male
1722 4021 2019 4077 discedere.
2051 4021 2164 4077 llnc

594 4125 703 4165 non
757 4110 1009 4166 dicebant
1056 4113 1286 4182 antiqui,
1342 4129 1449 4168 non
1504 4114 1846 4182 patriarchae,
1883 4129 1989 4169 non
2041 4129 2164 4183 pro-

591 4204 786 4276 phetaz.
812 4202 1001 4259 Nonne
1028 4204 1082 4260 id
1109 4220 1207 4261 nos
1231 4204 1384 4260 eﬂ'ari
1413 4221 1730 4275 possumus:
1766 4207 1813 4261 si
1844 4206 1980 4261 bene
2007 4207 2160 4260 vixe-

2279 1723 2588 1795 ὀφθαλμοὺς
2620 1727 2720 1798 ὁρᾷ
2758 1729 3024 1802 Ἀϐραὰμ,
3060 1736 3109 1786 εἰ
3148 1735 3241 1788 καὶ
3284 1736 3389 1788 ἀπὸ
3419 1738 3692 1809 μακρόθεν
3716 1741 3854 1811 δρᾷ·

2279 1812 2395 1866 ἀλλ’
2415 1814 2538 1886 όρὰ,
2564 1817 2658 1870 καὶ
2679 1818 2769 1871 τὸν
2800 1820 3047 1895 Λάζαρον
3073 1826 3131 1878 ὲν
3158 1828 3269 1889 τοῖς
3295 1827 3513 1891 κόλποις
3544 1830 3728 1883 αὑτοῦ.
3751 1832 3859 1884 Hs-

2279 1903 2526 1976 ριέμενον
2550 1904 2642 1961 οὖν
2670 1909 2767 1981 τὴν
2792 1912 2884 1966 τοῦ
2913 1915 3115 1987 Κυρίου
3150 1934 3249 1987 μου
3288 1919 3458 1990 Ἰησοῦ
3482 1922 3719 1995 Χριστοῦ
3744 1925 3860 1975 ἐπι-

2274 1997 2474 2068 δημίαν
2503 2000 2597 2053 καὶ
2636 2005 2989 2077 πατριάρχαι,
3041 2010 3135 2061 καὶ
3177 2013 3469 2083 προφῆται,
3499 2015 3591 2067 καὶ
3629 2016 3855 2079 πάντες,

2276 2088 2341 2141 ἵν’
2362 2087 2535 2154 οὕτως
2565 2090 2661 2163 τὴν
2702 2094 2820 2148 ὁδὸν
2854 2096 3038 2170 ἀνοίξῃ
3064 2115 3078 2129 ⁸
3120 2118 3139 2151 ι
3182 2100 3321 2170 Ἐγώ
3348 2105 3461 2174 εἰμι
3506 2107 3539 2176 ἡ
3571 2105 3710 2171 ὁδὸς,
3742 2106 3856 2177 ἐγώ

2275 2181 2391 2251 εἰμι
2423 2183 2455 2253 ὴ
2491 2182 2649 2254 θύρα.
2688 2204 2707 2237 ι
2751 2187 2895 2251 Ὀδός
2923 2190 3069 2243 ἐστιν
3116 2192 3206 2245 ἐπὶ
3253 2193 3312 2246 τὸ
3348 2193 3502 2259 ξύλον
3542 2198 3644 2268 τῆς
3683 2196 3854 2265 ζωῆς,

2275 2271 2361 2324 ἵνα
2389 2273 2633 2346 γένηται,
2680 2276 2774 2331 ἐὰν
2816 2279 3026 2352 διέλθῃς
3063 2282 3150 2337 διὰ
3190 2286 3379 2357 πυρὸς,
3408 2288 3537 2357 φλὸξ
3580 2291 3640 2343 οῦ
3684 2308 3860 2345 κατα--

2273 2362 2464 2452 καύσει
2532 2383 2622 2419 σε·
2680 2370 2831 2423 ποίου
2876 2374 3044 2444 πυρὸς
3084 2376 3240 2443 ἔταξε
3291 2377 3359 2431 τά
3407 2381 3697 2452 χερουϐὶμ,
3752 2386 3852 2437 καὶ

2271 2451 2369 2524 τὴν
2402 2454 2657 2526 φλογίνην
2705 2462 2977 2530 ῥομφαίαν
3008 2462 3105 2535 τὴν
3151 2451 3521 2541 στρεφομένην
3556 2451 3854 2541 φυλάσσειν

2271 2545 2369 2615 τὴν
2397 2546 2513 2601 ὁδὸν
2541 2550 2634 2602 τοῦ
2659 2548 2814 2615 ξύλου
2844 2554 2941 2625 τῆς
2990 2554 3163 2626 ζωῆςο
3199 2559 3338 2613 ὥστε
3369 2562 3459 2616 διὰ
3493 2563 3649 2617 τοῦτο
3693 2582 3854 2638 περι-

2271 2633 2461 2706 έμενον
2486 2640 2535 2691 οἰ
2561 2642 2817 2715 μακάριοι
2846 2647 2961 2700 ἐκεῖ
2988 2650 3296 2721 οἰκονομίαν
3322 2655 3619 2721 ποιοῦντες,
3651 2658 3747 2711 καὶ

2269 2727 2554 2800 δυνάμενοι
2578 2733 2710 2787 ὅπου
2750 2736 2811 2790 τὸ
2840 2738 2994 2805 ξύλον
3016 2742 3115 2814 τῆς
3144 2741 3312 2814 ζωῆς,
3353 2748 3485 2801 ὅπου
3524 2749 3553 2800 ὁ
3584 2727 3851 2823 παράδειεί

2273 2837 2361 2885 σος
2383 2825 2411 2876 6
2438 2824 2528 2877 τοῦ
2556 2824 2712 2890 Θεοῦ,
2746 2829 2882 2883 ὅπου
2905 2835 2933 2885 6
2971 2833 3102 2899 Θεὸς
3130 2839 3393 2909 γεωργὸς,
3424 2841 3557 2893 ὅπου
3587 2844 3636 2895 οἱ
3665 2846 3852 2913 μακά-

2274 2928 2375 3000 ριοι
2430 2914 2521 2967 καὶ
2566 2917 2829 2985 ἐκλεκτοὶ,
2876 2923 2969 2976 καὶ
3010 2924 3152 2993 ἆγιοι
3175 2927 3329 2994 Θεοῦ,
3360 2932 3630 3000 γενέσθαι.
3678 2936 3848 2989 Οὐδὲν

2269 2996 2363 3055 οὖν
2394 3003 2729 3077 πρόσκομμα
2764 3010 2903 3064 κατὰ
2947 3014 3037 3068 τὸν
3077 3016 3238 3071 τόπον
3280 2996 3458 3073 ἐστίν·
3490 3022 3627 3076 ἀλλὰ
3666 3023 3849 3080 πάντα

2270 3091 2589 3164 θαυμασίως
2627 3098 2955 3168 γέγραπται.
3001 3106 3093 3157 καὶ
3138 3109 3382 3180 νενόηται
3419 3109 3501 3175 οἷς
3545 3112 3611 3167 ἂν
3649 3115 3679 3168 6
3710 3114 3849 3180 Θεὲς

2264 3184 2611 3273 ἀποκαλύψῃ.
2638 3190 2901 3262 Περισσὺν
2924 3194 2980 3248 δέ
3015 3214 3066 3249 τι
3095 3198 3293 3270 ἔχομεν
3319 3204 3477 3273 ἡμεῖς
3507 3206 3556 3257 οἱ
3584 3205 3677 3259 ἐπὶ
3720 3224 3847 3260 συν-

2268 3271 2447 3343 τελείᾳ
2478 3275 2585 3328 τῶν
2619 3277 2830 3332 αἰώνων
2872 3282 3208 3354 ἐληλυθότες.
3259 3271 3654 3363 Τίίνπερισσόνς
3718 3296 3846 3350 Ἐὰν

2267 3362 2669 3438 ἀπαλλαγῶμεν
2696 3371 2974 3444 γενόμενοι
2998 3376 3150 3431 καλοὶ
3175 3381 3268 3433 καὶ
3293 3362 3508 3451 ἀγαθοὶ,
3544 3387 3617 3457 μὴ
3642 3388 3846 3457 ἑπαγό-

2271 3470 2420 3525 μενοι
2453 3457 2520 3510 τὰ
2540 3459 2642 3529 τῆς
2673 3461 2944 3534 ἁμαρτίας
2967 3470 3182 3541 φορτία,
3213 3471 3591 3544 διελευσόμεθα
3626 3478 3720 3531 καὶ
3745 3478 3846 3531 αὐ-

2265 3547 2349 3641 τοὶ
2385 3548 2483 3641 τῆν
2530 3550 2786 3641 φλογίνην
2832 3558 3127 3628 ῥομφαίαν,
3158 3564 3252 3617 καὶ
3294 3566 3353 3618 οὐ
3402 3568 3841 3641 κατελευσόμεθα

2266 3637 2346 3700 εἰς
2382 3637 2479 3709 τὴν
2510 3639 2691 3713 χώραν
2729 3645 2863 3698 ὅπου
2911 3651 3229 3720 περιέμενον
3260 3652 3350 3705 τὸν
3379 3655 3610 3725 Χριστὸν
3649 3637 3712 3709 οἰ-
3732 3658 3839 3727 πρὸ

2264 3727 2364 3799 τῆς
2402 3733 2703 3804 παρουσίας
2737 3736 2902 3791 αὐτοῦ
2951 3741 3309 3813 κοιμώμενοι·
3353 3744 3735 3818 διελευσόμεθα
3777 3749 3835 3802 δὲ

2267 3819 2433 3890 μηδὲν
2490 3821 2849 3898 βλαπτόμενοι
2906 3831 3008 3885 ὑπὸ
3073 3833 3172 3904 τῆς
3222 3835 3477 3908 φλογίνης
3535 3840 3827 3911 ῥομφαίας.

2269 3929 2290 3964 ι
2339 3914 2601 3968 Ἐκάστου
2632 3917 2689 3971 δὲ
2721 3920 2781 3973 τὸ
2804 3920 2963 3993 ἔργον
2994 3924 3173 3978 ὁποῖόν
3204 3928 3343 3992 ὲστι,
3367 3929 3427 3982 τὸ
3456 3929 3567 4001 πῦρ
3592 3932 3723 3984 αὐτὸ
3748 3932 3831 3985 δο-

2264 4006 2510 4076 κιμάσει.
2539 4009 2606 4060 Εί
2629 4027 2774 4076 τινος
2804 4013 2864 4065 τὸ
2896 4014 3056 4086 ἔργον
3086 4021 3512 4091 κατακαήσεται,
3554 4022 3829 4094 ζημιωθή-

2265 4115 2435 4166 σεται,
2459 4102 2619 4168 αὐτὸς
2644 4103 2701 4157 δὲ
2733 4106 3034 4178 σωθήσεται
3055 4109 3226 4175 οὕτως
3254 4113 3329 4177 ὼς
3363 4114 3451 4167 διὰ
3480 4117 3670 4186 πυρός.
3702 4135 3719 4167 ι
3747 4118 3829 4169 Δι-

2262 4190 2591 4264 ελευσόμεθα
2618 4191 2731 4250 οὖν.
2760 4199 2870 4251 Καὶ
2896 4200 3057 4256 πλέον
3088 4202 3280 4275 ἔχομέν
3306 4223 3378 4269 τι,
3410 4209 3501 4260 καὶ
3525 4209 3643 4279 οὐχὶ
3672 4209 3827 4263 δυνά-

592 4297 785 4362 rimus,
802 4295 995 4352 melius
1022 4307 1077 4351 et
1107 4297 1479 4363 dissolvemur,
1506 4298 1818 4366 erimusque
1848 4313 1971 4352 cum
2000 4296 2158 4353 Chri-

2271 4283 2402 4354 μεθα
2434 4285 2611 4350 καλῶς
2645 4287 2935 4358 βιώσαντες
2974 4293 3159 4358 κακῶς
3205 4296 3529 4363 ἀπαλλάξαι.
3570 4299 3685 4353 Ούκ
3712 4298 3827 4354 ἔλε-

591 4398 678 4444 sto
700 4390 723 4443 Ἰ
743 4389 1036 4458 Propterea
1069 4403 1191 4443 cum
1230 4389 1369 4444 ultra
1398 4398 1625 4445 exteros
1662 4390 1712 4443 id
1741 4389 2022 4455 habemus,
2054 4404 2154 4444 nec

588 4482 708 4539 leve
740 4484 813 4538 sit
834 4482 1280 4549 emolumentum,
1312 4498 1437 4538 cum
1482 4484 1535 4537 in
1577 4482 1683 4538 line
1716 4481 2030 4538 saeculorum
2064 4483 2159 4536 de-

588 4572 922 4639 venerimus,
959 4574 1117 4643 primi
1152 4574 1437 4630 denarium
1485 4574 1853 4643 accipiemus:
1884 4589 2009 4628 nam
2033 4575 2157 4629 audi

587 4663 900 4734 parabolam
926 4664 978 4719 ἰ
1014 4683 1032 4716 ι
1065 4663 1335 4737 Incipiens
1353 4664 1517 4723 dabat
1536 4664 1812 4721 denarium
1838 4665 1906 4721 ab
1932 4664 2156 4720 ultimis.

585 4758 658 4811 At
683 4757 843 4825 primi
876 4757 1263 4813 existimabant
1310 4776 1368 4816 se
1405 4758 1579 4829 maius
1620 4759 1895 4829 quidpiam
1940 4757 2158 4812 habitu-

585 4864 696 4903 ros.
727 4867 747 4902 ι
779 4848 861 4905 Tu
885 4864 1015 4919 ergo
1054 4852 1286 4922 primus,
1312 4852 1406 4922 qui
1433 4853 1659 4907 ultimus
1698 4850 1917 4916 venisti,
1943 4865 2153 4905 mercc-

583 4942 704 4997 dem
740 4958 768 4995 a
802 4943 1190 5012 patrel‘amilias
1230 4945 1433 5014 accipis
1463 4946 1515 4998 in
1560 4943 1774 4998 Christo
1804 4940 1928 4997 Jesu
1968 4942 2142 4996 Domi-

587 5048 656 5088 no
681 5045 887 5101 nostro,
911 5036 995 5089 cui
1016 5046 1098 5091 est
1128 5036 1297 5106 gloria
1335 5047 1393 5093 et
1426 5035 1713 5104 imperium
1738 5034 1790 5087 in
1831 5034 2025 5089 swcnla
2053 5050 2155 5089 sae-

582 5126 848 5181 culorum.
882 5128 1074 5182 Amen.

2258 4403 2353 4455 γον
2378 4388 2426 4440 οἱ
2463 4389 2698 4461 ἀρχαῖοι,
2725 4391 2843 4446 οὐδὲ
2881 4395 2930 4447 οἰ
2965 4397 3320 4469 πατριάρχαι,
3360 4400 3480 4452 οὐδὲ
3519 4402 3568 4453 οἱ
3620 4401 3826 4473 προφῆ-

2259 4502 2369 4542 ται.
2402 4489 2475 4541 Οὐ
2500 4489 2774 4561 δυνάμεθα
2800 4494 2960 4564 ἡμεῖς
2990 4497 3183 4560 εἰπεῖν,
3206 4497 3299 4552 ἐὰν
3321 4499 3499 4562 καλῶς
3523 4499 3821 4571 βιώσωμεν,

2259 4578 2475 4634 κάλλιον
2506 4582 2600 4635 καὶ
2620 4584 2905 4650 ἀναλῦσαι,
2935 4588 3030 4640 καὶ
3069 4590 3166 4642 σὺν
3188 4590 3405 4661 Χριστῷ
3429 4587 3595 4659 εἷναι;
3628 4595 3825 4667 Διόπερ

2260 4671 2433 4736 οὕτως
2464 4673 2677 4745 ἔχοντές
2712 4694 2765 4730 τι
2811 4678 2970 4732 πλέον
3001 4682 3094 4734 καὶ
3122 4682 3256 4735 πολὺ
3299 4684 3487 4755 κέρδος
3527 4686 3587 4738 ὲν
3619 4686 3698 4756 τῷ
3733 4688 3828 4742 ἐπὶ

2262 4767 2540 4839 συντελείᾳ
2569 4771 2676 4824 τῶν
2709 4771 2917 4827 αἰώνων
2952 4774 3288 4846 ἐληλυθέναι,
3330 4777 3534 4849 πρῶτοι
3574 4780 3638 4832 τὸ
3675 4781 3827 4853 δηνά-

2260 4874 2374 4929 ριον
2420 4859 2792 4933 λαμϐάνομεν·
2848 4861 3012 4920 ditatis
3052 4867 3160 4938 γὰρ
3196 4857 3296 4938 τ’ῖῇ
3340 4869 3673 4941 παραϐολῆς,
3721 4874 3824 4940 ὅτι,

2266 4969 2285 5002 ι
2327 4952 2653 5023 Ἀρξάμενος
2675 4957 2848 5012 ἐδίδου
2885 4960 2947 5013 τὸ
2992 4962 3243 5033 δηνάριον
3280 4965 3386 5018 ἀπὸ
3423 4967 3530 5019 τῶν
3562 4967 3823 5037 ἐσχάτων.

2258 5043 2320 5095 Ol
2349 5043 2405 5096 δὲ
2446 5044 2653 5116 πρῶτοι
2687 5046 2873 5119 ᾤοντο,
2910 5053 2991 5105 ὅτι
3023 5055 3203 5109 πλεῖον
3232 5056 3524 5129 λήψονται.
3558 5079 3577 5111 ι
3615 5061 3687 5114 Σὺ
3734 5057 3826 5115 οὖν

2256 5130 2488 5201 πρῶτος,
2510 5136 2538 5188 6
2553 5135 2777 5208 ἔσχατος
2806 5141 2995 5207 ἐλθὼν,
3018 5128 3313 5215 λαμϐάνεις
3334 5150 3460 5214 τοὺς
3480 5148 3704 5220 μισθοὺς
3719 5150 3824 5205 ἀπὸ

577 5218 672 5273 τοῦ
694 5220 1067 5275 οἰκοδεσπότου
1082 5224 1141 5276 ὲν
1164 5221 1382 5295 Χριστῷ
1397 5220 1565 5294 Ἰησοῦ
1590 5219 1668 5292 τῷ
1696 5220 1884 5294 Κυρίῳ
1914 5223 2089 5293 ἡμῶν,
2113 5217 2155 5292 ᾧ
2172 5227 2206 5297 ἡ
2220 5225 2344 5291 δόξα
2375 5230 2469 5283 καὶ
2481 5231 2542 5285 τὸ
2557 5234 2756 5305 κράτος
2771 5238 2851 5302 εἰς
2870 5241 2993 5303 τοὺς
3012 5240 3214 5306 αἰῶνας
3230 5244 3338 5297 τῶν
3364 5217 3591 5299 αἰώνων.
3633 5248 3687 5299 Ἀ
3697 5248 3821 5317 μήτε.

650 5379 695 5412 ⁵⁷
725 5382 861 5437 Gen.
883 5397 965 5445 ιιι,
988 5383 1078 5437 24.
1152 5383 1198 5415 ⁸⁸
1218 5383 1389 5438 Exod.
1412 5401 1524 5451 xiv,
1542 5386 1630 5440 21.
1707 5384 1753 5416 ³⁸
1774 5380 1929 5439 Joan.
1964 5397 2073 5449 xw,
2094 5381 2157 5450 6;

2271 5404 2333 5443 in.
2358 5405 2411 5454 ι.
2439 5391 2493 5452 9.
2572 5396 2766 5452 ‘lCor.
2788 5400 2978 5467 "1,13.
3055 5406 3075 5436 ²
3097 5404 3209 5461 bid.
3235 5404 3322 5461 15.
3396 5404 3620 5460 'Mattb.
3644 5423 3736 5469 xx,
3767 5416 3816 5463 ιε.

654 5474 766 5547 (16)
801 5477 1136 5548 Προφήτης.
1168 5479 1553 5550 Scribendum,
1579 5481 1687 5555 πρὸ
1717 5480 1837 5551 τῆς.
