4046 6152
567 164 704 219 1031

2102 330 3585 361 Μ

1986 171 2075 225 EX
2114 168 2413 230 ORICENE

1292 478 2228 617 ΩΡΙΓΕΝΟΥΣ
2326 488 3070 627 ΕΚΑΟΓΑΙ

1977 722 2148 808 ΕΙΣ
2211 723 2415 810 ΙΩΒ.

1112 1029 1336 1143 ΕΧ
1445 1031 2277 1153 ORIGENE
2409 1043 3245 1163 SELECTA

1953 1260 2074 1346 IN
2159 1262 2416 1354 JOB.

1228 1577 1381 1635 CAP.
1418 1578 1460 1637 Ι.

630 1672 796 1729 Vnus.
825 1672 912 1728 17.
949 1670 1165 1743 Equites
1191 1670 1422 1740 fecerunt
1458 1673 1602 1730 nobis
1624 1676 1800 1743 capita
1829 1677 1930 1732 tria
1950 1687 1996 1732 et
2021 1679 2126 1733 cir-

558 1765 939 1821 cumdederunt
975 1763 1225 1818 camelos.
1270 1761 1521 1819 Camelos
1572 1765 1738 1837 igitur
1791 1769 1846 1823 in
1883 1773 2127 1840 equitum

559 1867 883 1930 potestatem
915 1857 1152 1927 redegit;
1179 1856 1360 1912 asinos
1379 1872 1441 1912 ac
1464 1856 1591 1931 jnga
1617 1860 1783 1915 boum
1819 1862 1888 1917 iis
1914 1865 2002 1932 qui
2030 1865 2128 1920 ab-

558 1950 854 2016 duxerunt,
892 1940 1135 2012 addixit;
1168 1960 1299 2001 oves
1351 1945 1717 2005 inﬂammatus
1768 1952 2129 2017 odio,incen-

557 2040 647 2096 dio
680 2040 997 2103 interemit;
1029 2038 1157 2094 [iliis
1186 2052 1423 2108 quoque,
1463 2055 1587 2094 cum
1638 2053 1979 2112 compararet
2003 2047 2126 2102 insi-

558 2132 699 2197 dias,
734 2132 1012 2200 patrandae
1051 2131 1201 2186 necis
1262 2132 1719 2199 opportunitatem
1772 2136 2122 2193 observabat.

558 2223 617 2279 Si
642 2220 959 2278 oﬂcndisset
995 2238 1088 2279 eos
1121 2221 1387 2292 legentes,
1420 2225 1637 2281 domum
1692 2240 1802 2281 non
1836 2228 2125 2296 attigisset,

553 2323 611 2369 et
638 2314 705 2368 ad
737 2313 1175 2369 interficiendum
1209 2316 1362 2370 locus
1404 2314 1694 2383 defuisset;
1744 2318 1791 2372 si
1840 2332 2126 2388 precantes

557 2404 872 2472 invenisset,
901 2405 1034 2460 nihil
1065 2414 1258 2460 contra
1292 2406 1413 2460 illos
1441 2400 1655 2461 efﬁcere
1698 2410 1962 2475 potuisset
1989 2431 2002 2465 :
2031 2412 2127 2467 sed

555 2512 678 2555 cum
706 2498 1157 2565 Opportunitatezn
1182 2509 1374 2554 nactus
1406 2499 1623 2564 fuisset,
1652 2500 1952 2569 praevaluit.
1982 2502 2129 2570 Qua-
2175 2546 2177 2549 .

556 2588 626 2644 lis
659 2599 840 2643 autem
870 2589 1093 2644 occasio
1124 2599 1180 2644 et
1228 2593 1606 2661 opportunitas
1633 2591 1775 2646 fuit?
1795 2602 1954 2664 potus
1981 2607 2122 2666 erat,

552 2679 860 2734 convivium
886 2689 1023 2735 erat.
1051 2680 1126 2734 Eo
1149 2695 1277 2736 vero
1300 2682 1442 2750 quod
1464 2692 1697 2752 quatuor
1730 2682 1925 2743 domus
1950 2700 2121 2756 angu-

557 2770 638 2826 los
682 2782 876 2828 ventus
927 2772 1238 2842 contigerit.
1274 2774 1420 2831 disce
1462 2774 1515 2828 in
1564 2774 1775 2844 angulis
1819 2766 2121 2846 platearum

557 2862 867 2934 hypocrilas
917 2862 983 2916 ad
1018 2863 1281 2918 orandum
1332 2864 1675 2921 consistere:
1710 2866 1804 2922 sed
1848 2876 1902 2922 et
1954 2883 2122 2923 unus-

2157 1593 2207 1652 Α

2880 1593 3037 1648 ΚΕΦ.
3073 1599 3152 1650 Α’.

2294 1685 2358 1737 Ol
2383 1681 2583 1749 ἱππεῖς
2631 1683 2928 1753 ἐποίησαν
2984 1686 3130 1757 ἡμῖν
3178 1688 3450 1757 κεφαλὰς
3494 1692 3654 1759 τρεῖς
3698 1694 3800 1749 καὶ

2227 1773 2584 1828 ἐκύκλωσαν
2604 1773 2709 1840 τὰς
2734 1773 3062 1844 καμήλους.
3106 1776 3215 1840 Τὰς
3245 1779 3342 1848 μὲν
3397 1774 3491 1832 οὖν
3520 1784 3801 1853 καμήλους

2228 1865 2492 1935 πεποίηκε
2521 1864 2772 1936 γενέσθαι
2802 1865 2906 1919 ὑπὸ
2931 1867 3055 1930 τοὺς
3081 1867 3280 1932 ἱππεῖς·
3307 1869 3408 1932 τὰς
3434 1871 3586 1936 ὅνους
3617 1874 3677 1928 δὲ
3706 1875 3803 1929 καὶ

2226 1953 2296 2008 τὰ
2322 1952 2489 2026 ζεύγη
2530 1955 2637 2008 τῶν
2672 1954 2811 2025 βοῶν
2845 1957 2953 2010 ὑπὸ
2977 1959 3103 2022 τοὺς
3156 1961 3674 2031 αἰχμαλωτίζονταςο
3733 1969 3803 2022 τὰ

2227 2044 2471 2115 πρόϐατα
2494 2045 2549 2098 δὲ
2576 2046 2775 2117 ἐμίσει·
2806 2047 2893 2101 διὰ
2916 2048 3074 2102 τοῦτο
3104 2050 3214 2122 πῦρ
3240 2052 3326 2105 ἐπ’
3363 2054 3502 2108 αὐτὰ
3556 2060 3803 2129 κατήγα-

2226 2153 2339 2205 γεν·
2377 2136 2512 2190 ἀλλὰ
2561 2139 2651 2191 καὶ
2694 2141 2806 2202 τοῖς
2854 2142 2987 2203 υἱοῖς
3030 2141 3387 2207 ἐπεϐούλευε,
3456 2147 3550 2200 καὶ
3606 2150 3801 2221 καιρὸν

2225 2227 2404 2301 ἐζήτει
2436 2229 2529 2284 τοῦ
2563 2231 2759 2294 αὐτοὺς
2815 2232 3095 2286 ἀπολέσαι.
3145 2236 3208 2288 Εἰ
3239 2237 3465 2308 εὑρήκει
3520 2241 3798 2309 ἀναγινώ-

2227 2335 2473 2384 σκοντας,
2506 2320 2605 2372 οὑκ
2642 2320 2707 2373 ἂν
2743 2320 2919 2391 ἥψατο
2944 2322 3044 2392 τῆς
3068 2324 3263 2391 οἰκίας,
3300 2329 3420 2382 οὐδὲ
3463 2329 3624 2384 τόπον
3672 2326 3799 2404 εἷχε

2224 2409 2317 2462 τοῦ
2345 2411 2541 2475 αὐτοὺς
2570 2412 2906 2466 ἀποκτεῖναι·
2942 2414 2991 2466 εί
3031 2416 3255 2487 εὑρήκει
3298 2421 3795 2492 προσευχομένους,

2223 2500 2374 2554 οὐδὲν
2408 2498 2626 2555 ἐδύνατο
2668 2500 2889 2571 ποιῆσαι
2930 2503 3052 2556 κατ’
3101 2503 3296 2557 αὐτῶν·
3347 2505 3460 2558 ἀλλ’
3497 2508 3587 2561 ὅτε
3633 2503 3798 2579 εὗρεν

2224 2588 2526 2662 εὐκαιρίαν,
2562 2590 2765 2660 ἴσχυσε.
2798 2590 2952 2653 ﬂcio;
2974 2584 3042 2662 ἦν
3076 2591 3105 2643 ὁ
3127 2593 3315 2664 καιρός
3339 2610 3353 2657 ;
3384 2594 3522 2666 μέθη
3545 2591 3634 2666 ἦν,
3660 2613 3799 2667 συμν

2225 2680 2411 2734 πόσιον
2430 2677 2518 2752 ἧν.
2559 2681 2647 2753 Τῷ
2677 2681 2734 2735 δὲ
2760 2680 2869 2734 τῶν
2897 2682 3111 2752 γωνιῶν
3162 2682 3400 2752 ἅψασθαι
3425 2684 3485 2737 τὸ
3537 2686 3794 2756 πνεῦμα,

2223 2774 2532 2845 ἐπίστησον,
2555 2774 2636 2826 ὃτι
2655 2776 2713 2827 ἐν
2741 2778 2860 2838 ταῖς
2891 2775 2996 2829 τῶν
3032 2775 3241 2845 γωνιῶν
3271 2776 3552 2841 πλατείαις
3576 2777 3709 2849 (16⁸)
3740 2781 3795 2831 οί

2224 2867 2514 2939 ὑποκριταὶ
2529 2867 2760 2930 ἑστῶτες
2777 2868 3184 2939 προσεύχονται·
3201 2871 3308 2932 πᾶς
3326 2868 3385 2922 δὲ
3399 2871 3429 2922 ό
3443 2869 3517 2942 μὴ
3532 2871 3797 2943 ἐπιϐεϐηρ

555 2932 805 3021 quisque,
848 2951 937 3021 qui
964 2953 1102 3006 haud
1134 2961 1277 3007 recta
1314 2953 1521 3008 incedit
1548 2954 1657 3021 via,
1681 2956 1890 3026 angulis
1917 2958 2119 3012 utitur:

2221 2959 2331 3023 κὼς
2352 2932 2562 3024 εὐθείας
2581 2960 2702 3013 ὁδοῦ
2727 2932 2846 3024 ταῖς
2882 2932 3111 3030 γωνίαις
3135 2960 3419 3033 κέχρηται·
3443 2932 3685 3017 ’πλατεῖα

556 3041 746 3110 platea:
770 3055 898 3097 vero
924 3043 1159 3117 angulus
1175 3053 1281 3112 est,
1314 3045 1605 3103 vehemens
1627 3056 1794 3118 atque
1823 3046 1990 3105 eﬂ'usa
2019 3050 2121 3106 im-

554 3132 819 3204 probitas.

1152 3241 1304 3297 CAP.
1343 3243 1486 3299 XIX.

628 3374 786 3432 Vens.
817 3377 867 3431 1.
895 3374 1171 3446 anuequo
1199 3377 1490 3432 molestiam
1510 3379 1714 3448 {arietis
1742 3386 1931 3438 anima:
1955 3401 2077 3438 mea'
2095 3386 2120 3438 ?

552 3465 1017 3533 Quemadmodum
1045 3480 1212 3520 onera
1262 3469 1447 3537 gravia
1486 3470 1814 3529 animalibus
1842 3475 2117 3545 imposita,

552 3557 926 3613 lassitudinem
956 3555 1296 3627 gestantibus
1323 3557 1666 3626 aﬂ'erunt,’ita
1682 3576 1876 3631 graves
1899 3565 2118 3633 quidam

553 3651 609 3696 et
645 3641 853 3696 molesti
889 3653 1170 3695 sermones
1204 3651 1353 3706 sunt,
1380 3657 1516 3712 quos
1533 3644 1624 3713 qui
1646 3645 1815 3708 audit,
1845 3648 1895 3700 vi
1931 3647 2122 3702 verbo-

556 3748 678 3787 rum
704 3748 822 3801 qua:
843 3747 966 3787 cum
1002 3733 1248 3786 convicio
1279 3743 1332 3788 et
1360 3735 1657 3789 acerbitate
1682 3736 1749 3790 ad
1780 3737 2123 3794 calumnian-

556 3821 684 3875 dum
735 3822 940 3890 prolata
975 3820 1408 3891 sunt,’tanquam
1441 3837 1607 3878 onere
1645 3825 1830 3894 aliquo
1867 3837 2120 3896 gravatus

554 3911 801 3965 lassescit
848 3927 859 3960 :
910 3919 1071 3981 prout
1126 3910 1295 3967 Jobus
1357 3913 1883 3984 itnpratsentiarum,
1942 3917 2010 3971 ob
2054 3931 2118 3972 ea

554 4018 677 4072 qua:
702 4017 733 4056 a
768 4003 1001 4058 Baldado
1039 4004 1395 4067 dicebantur.
1432 4005 1582 4073 quasi
1624 4022 1762 4062 onus
1793 4023 1957 4078 grave
1994 4024 2121 4063 sen-

557 4094 718 4157 tiens,
750 4093 906 4164 50],
945 4107 1000 4149 et
1033 4095 1199 4148 animi
1226 4094 1430 4150 viribus
1455 4095 1679 4162 fractus,
1709 4098 1884 4168 inquit
1911 4122 1923 4155 :
1958 4118 1978 4151 ι
2020 4099 2119 4156 Us—
2164 4119 2169 4123 ·

554 4200 768 4254 quequo
811 4186 1105 4240 molestiam
1151 4186 1362 4242 facietis
1402 4189 1597 4242 animae
1639 4192 1789 4251 πῆξαι.
1834 4209 1853 4241 ι
1901 4199 1956 4244 et
2001 4201 2119 4245 tan-

2219 3051 2391 3120 γωνία
2420 3051 2565 3106 ἐστὶν
2593 3054 2626 3123 ἡ
2655 3051 2823 3122 πολλὴ
2846 3052 2939 3105 καὶ
2965 3050 3223 3127 ἀνειμένη
3244 3051 3430 3109 κακία.

2848 3269 3004 3322 ΚΕΦ.
3035 3268 3137 3323 ΙΘ’.

2291 3361 2437 3426 Ἕως
2467 3360 2629 3426 τίνος
2657 3360 2917 3429 ἔγκωπον
2941 3359 3221 3427 ποιήσετε
3246 3356 3456 3428 ψυχήν
3473 3376 3627 3428 μου;
3651 3358 3785 3412 Ὠσ-

2219 3468 2323 3522 περ
2362 3450 2586 3522 σώματα
2630 3451 2800 3523 βαρέα
2850 3451 3200 3521 ἐπιτιθέμενα
3253 3450 3406 3515 ζώων
3436 3449 3648 3520 σώμασι
3684 3452 3786 3504 κά-

2222 3558 2373 3612 μνειν
2404 3543 2550 3594 ποιεῖ
2577 3540 2647 3594 τὰ
2701 3540 3052 3610 βαστάζοντα·
3083 3538 3255 3603 οὑτως
3297 3538 3401 3591 είσί
3439 3556 3582 3602 τινες
3637 3539 3783 3607 λόγοι

2220 3628 2423 3699 βαρεῖς,
2449 3628 2543 3692 οὓς
2560 3628 2800 3691 ἀκούσας
2830 3645 2938 3692 τις,
2977 3629 3177 3699 κάμνει
3213 3628 3290 3691 ὡς
3310 3628 3414 3681 ὑπὸ
3443 3627 3644 3699 βάρους
3665 3645 3784 3681 πιε-

2218 3715 2442 3789 ζόμενος
2470 3719 2567 3789 τῆς
2595 3718 2874 3788 δυνάμεως
2902 3717 3010 3770 τῶν
3039 3718 3231 3787 λόγων,
3269 3717 3377 3771 τῶν
3417 3718 3783 3782 όνειδιστικῶς

2217 3810 2313 3863 καὶ
2338 3810 2608 3881 χαλεπῶς,
2644 3810 2676 3881 ἢ
2719 3809 2812 3863 ἐπὶ
2865 3796 3150 3882 λοιδορίαις
3198 3809 3522 3881 εἰρημένων·
3564 3809 3642 3872 ὡς
3686 3811 3780 3862 καὶ

2217 3901 2311 3957 νῦν
2335 3899 2442 3953 τῶν
2477 3901 2581 3953 ὑπὸ
2614 3900 2818 3961 Βαλδὰδ
2843 3900 3165 3972 εἰρημένων.
3204 3901 3365 3953 οἱονεὶ
3421 3901 3642 3970 φορτίου
3694 3901 3780 3952 αξ-

2218 3990 2467 4054 σθανθεὶς
2510 3990 2701 4063 βαρέος
2758 3991 2788 4042 ὀ
2844 3988 2964 4042 Ἰὼϐ
2990 4029 3004 4053 ,
3050 3987 3242 4060 καμὼν
3285 3991 3350 4059 τῇ
3401 3988 3545 4060 ψυχῇ
3593 4007 3773 4062 φησιν·

2224 4084 2403 4148 «Ἕως
2424 4082 2568 4146 τίνος
2592 4081 2822 4150 ἕγκοπον
2846 4082 3097 4152 ποιήσετε
3123 4080 3218 4151 τὴν
3254 4081 3432 4152 ψυχήν
3460 4097 3591 4151 μου,
3632 4101 3652 4133 ι
3685 4082 3776 4135 καὶ

2216 4173 2348 4226 (basi.
2373 4172 2592 4243 φορτίον
2616 4171 2752 4242 βαρὺ
2782 4170 3065 4242 βαρυνείτε
3098 4172 3217 4224 κατ’
3242 4170 3376 4240 ἐμοῦ
3402 4171 3528 4233 τοὺς
3554 4170 3772 4239 λόγους;

551 4291 713 4347 quam
757 4278 906 4346 gravi
966 4278 1182 4332 sarcina
1234 4280 1412 4333 verbis
1452 4293 1536 4334 me
1576 4281 1919 4335 oncrahitis?
1955 4280 2112 4337 Vides

2228 4266 2410 4336 Ὁρᾷς,
2436 4265 2515 4318 ὅτι
2536 4261 2841 4334 τυραννικοὶ
2874 4264 3008 4315 εἰσιν
3048 4263 3097 4315 οί
3127 4260 3220 4314 τοῦ
3275 4260 3553 4330 Σαυχαίων
3582 4261 3773 4331 τυράν-

553 4375 612 4421 ut
647 4365 1032 4421 Sauchatorum
1073 4369 1283 4436 tyranni
1314 4383 1595 4425 sermones
1626 4372 1961 4441 tyrannidem
2000 4373 2112 4441 spi-

556 4467 676 4511 rent
701 4474 717 4524 ;
748 4457 941 4525 quibus
962 4458 1187 4523 auditis,
1211 4457 1377 4518 Johns
1406 4462 1574 4516 verba
1600 4477 1720 4530 quae
1757 4477 1918 4532 supra
1948 4463 2111 4519 allata

551 4557 701 4616 sunt,
733 4549 982 4618 protulit.
1019 4548 1162 4604 Nihil
1204 4552 1348 4607 enim
1390 4554 1525 4607 adeo
1561 4568 1733 4622 usque
1770 4553 1837 4607 ad
1881 4554 2113 4609 hominis

552 4642 788 4696 animam
824 4652 1095 4709 penetrat,
1127 4656 1192 4697 ac
1216 4642 1426 4714 pnngit,
1469 4652 1528 4697 ut
1557 4658 1740 4700 sermo
1769 4645 1971 4709 durus;
2007 4661 2112 4700 sa:-

554 4748 850 4804 penumero
904 4736 1050 4787 enim
1099 4735 1192 4803 qui
1225 4735 1470 4804 corporis
1512 4735 1787 4791 cruciatus
1835 4738 2109 4804 sustinuit,

552 4825 719 4880 verba
755 4840 858 4878 non
913 4825 1055 4881 tulit.
1096 4825 1386 4880 Perfectus
1414 4836 1599 4881 autem
1643 4826 1861 4890 athleta,
1908 4827 2112 4883 fractus

552 4915 677 4969 licet
701 4928 757 4970 et
783 4915 1056 4984 fatigatus,
1100 4916 1265 4971 verba
1313 4916 1591 4985 asperiora
1641 4917 1910 4985 patienter
1956 4917 2106 4986 fert;

552 5007 939 5061 Contumeliam
979 5021 1108 5062 vero
1161 5007 1392 5063 tolerare
1443 5006 1620 5076 magni
1674 5016 1759 5060 est
1800 5009 1942 5074 viri;
1971 5011 2111 5064 unde

551 5095 841 5163 Apostolus
867 5095 1088 5164 egregia
1140 5110 1237 5153 sua
1286 5094 1533 5151 facinora
1564 5108 1999 5153 commemorans
2028 5099 2110 5152 in-

552 5187 668 5256 quit
707 5186 729 5219 ⁸
766 5203 780 5240 :
816 5185 1133 5242 tConviciis
1184 5184 1366 5243 aﬂ'ecti
1423 5185 1812 5249 benedicimus,
1863 5185 2108 5241 infamati

550 5293 854 5348 precamur.
890 5296 913 5331 ι
937 5277 1090 5337 Nunc
1123 5293 1253 5335 vero
1277 5277 1443 5333 Johns
1467 5276 1562 5347 qui
1612 5276 1728 5332 hazc
1755 5276 1907 5340 dicit,
1934 5276 2110 5334 athle-

658 5444 680 5475 ⁸
707 5445 728 5501 Ι
756 5444 883 5504 Cor.
913 5465 987 5516 tv,
1014 5451 1103 5518 12,
1134 5450 1221 5506 15.

2215 4372 2305 4413 νου
2330 4355 2499 4424 λόγοι,
2528 4353 2619 4418 οὒς
2642 4352 2880 4419 ἀκούσας
2907 4353 2936 4405 ὁ
2970 4351 3110 4413 Ἰὼϐ,
3141 4352 3287 4421 λέγει
3308 4353 3381 4405 τὰ
3420 4352 3769 4423 προκείμενα.

2213 4449 2325 4518 οὐχ
2349 4445 2519 4508 οὕτως
2539 4445 2647 4516 γὰρ
2670 4443 3004 4498 καθικνεῖται
3030 4443 3206 4515 ψυχῆς
3229 4442 3515 4515 ἀνθρώπου
3549 4443 3676 4496 ἄλλο
3702 4459 3768 4500 τι,

2210 4540 2286 4603 ὡς
2309 4538 2464 4607 λόγος
2492 4537 2741 4610 σκληρός·
2769 4536 3025 4600 πολλάκις
3045 4537 3150 4608 γάρ
3179 4554 3262 4599 τις
3288 4536 3585 4608 ὑπομείνας
3610 4534 3773 4606 βασά-

2211 4647 2333 4694 νους
2360 4629 2569 4700 σώματι
2592 4629 3058 4701 προσφερομένας,
3096 4628 3288 4699 λόγους
3312 4629 3411 4701 οὑχ
3463 4628 3770 4697 ὑπέμεινεν.

2222 4724 2282 4776 '0
2311 4723 2555 4794 μέντοιγε
2608 4721 2812 4787 τέλειος
2860 4720 3115 4793 ἀθλητὴς,
3165 4721 3213 4772 εί
3242 4721 3337 4773 καὶ
3387 4720 3630 4790 κάμνων,
3661 4719 3771 4772 ἀλλ’

2210 4816 2469 4888 ὑπομένει
2493 4816 2620 4879 τοὺς
2652 4815 2921 4886 χαλεποὺς
2942 4813 3155 4882 λόγους·
3209 4811 3363 4884 ὓϐριν
3419 4812 3528 4883 γὰρ
3567 4810 3773 4882 ὑπομέ-

2209 4924 2341 4973 νειν,
2371 4906 2608 4978 μεγάλου
2634 4904 2828 4978 ἀνδρός
2858 4906 2990 4957 ἐστι·
3017 4902 3204 4972 διόπερ
3245 4903 3304 4956 ἐν
3356 4905 3467 4964 τοῖς
3505 4901 3771 4973 ἀνδραγα-

2211 5001 2448 5071 θήμασιν
2473 4994 2666 5052 ἑαυτοῦ
2694 5000 2723 5050 ό
2766 4993 3081 5058 Ἀπόστολος
3103 4992 3283 5061 λέγει·
3315 5011 3333 5043 ι
3365 4993 3771 5065 Δοιδορούμενοι

2211 5090 2554 5161 εὐλογοῦμεν·
2590 5087 3062 5160 βλασφημούμενοι
3110 5083 3551 5158 παρακαλοῦμεν.
3591 5104 3610 5137 ι
3666 5082 3772 5137 Καὶ

2210 5182 2306 5239 νῦν
2335 5182 2390 5236 δὲ
2424 5184 2453 5235 ὁ
2491 5180 2611 5236 ’1ὡὸ
2653 5181 2820 5245 ἐστιν,
2850 5180 2878 5231 ὁ
2906 5178 3013 5230 τῶν
3036 5177 3282 5249 ἀθλητῶν
3303 5175 3700 5244 γενναιότατος,
3740 5172 3769 5224 ό

2210 5275 2381 5331 ταῦτα
2405 5275 2594 5343 λέγων·
2628 5268 2688 5329 οὗ
2711 5273 2803 5326 καὶ
2834 5271 2893 5324 τὸ
2916 5270 3114 5342 βιϐλίον
3142 5269 3294 5323 οὐδὲν
3316 5267 3441 5323 ἄλλο
3481 5265 3768 5340 ἐξαιρέτως

624 5582 757 5652 (16⁸)
786 5583 1025 5639 Γωνιῶν
1053 5585 1379 5651 πλατείαις.
1420 5583 1572 5653 Legit
1599 5585 1867 5654 interpres
1889 5581 2115 5652 γωνίαις

2219 5579 2432 5654 ατειῶν,
2463 5592 2583 5632 mox
2620 5575 2880 5639 πλατείας
2898 5572 3069 5642 γωνία
3088 5589 3101 5605 ·
3133 5572 3286 5631 milio
3310 5571 3474 5631 etiam
3493 5585 3616 5646 Cap.
3648 5586 3761 5643 seq.

552 5648 679 5724 legit
710 5648 922 5726 φορτία,
960 5657 1077 5712 loco
1112 5648 1366 5729 σώματα·
1409 5648 1595 5726 εἱεᾷυο
1627 5648 1847 5712 omnino
1875 5648 2121 5725 legendut

2219 5653 2341 5707 ζυιτ.
2369 5648 2607 5705 ΡΑτιιοι..
