  <div class='ocr_page' id='page_1' title='image "/cluster/home/n/w/nwhite01/storage/ocr_20150623/12/mdp.39015028786690/526.png"; bbox 0 0 4046 6152; ppageno 0'>
   <div class='ocr_carea' id='block_1_1' title="bbox 400 230 1998 333">
    <p class='ocr_par' dir='ltr' id='par_1_1' title="bbox 400 230 1994 318">
     <span class='ocr_line' id='line_1_1' title="bbox 400 230 1994 318; baseline 0.011 -16"><span class='ocrx_word' id='word_1_1' title='bbox 400 230 549 306; x_wconf 66' lang='lat'><strong>1033</strong></span> <span class='ocrx_word' id='word_1_2' title='bbox 1640 232 1643 233; x_wconf 29' lang='grc' dir='ltr'>ί</span> <span class='ocrx_word' id='word_1_3' title='bbox 1734 256 1994 318; x_wconf 87' lang='lat' dir='ltr'><strong>SELEC&#39;f</strong></span> 
     </span>
    </p>
   </div>
   <div class='ocr_carea' id='block_1_2' title="bbox 2032 230 3630 333">
    <p class='ocr_par' dir='ltr' id='par_1_2' title="bbox 2032 262 3630 333">
     <span class='ocr_line' id='line_1_2' title="bbox 2032 262 3630 333; baseline 0.009 -16"><span class='ocrx_word' id='word_1_4' title='bbox 2032 290 2045 318; x_wconf 70' lang='grc' dir='ltr'><strong>ι</strong></span> <span class='ocrx_word' id='word_1_5' title='bbox 2076 262 2143 319; x_wconf 84' lang='grc' dir='ltr'><strong>ΙΝ</strong></span> <span class='ocrx_word' id='word_1_6' title='bbox 2177 263 2315 321; x_wconf 83' lang='lat' dir='ltr'><strong>JOB.</strong></span> <span class='ocrx_word' id='word_1_7' title='bbox 3495 264 3630 333; x_wconf 56' lang='grc'><strong>1031</strong></span> 
     </span>
    </p>
   </div>
   <div class='ocr_carea' id='block_1_3' title="bbox 403 366 2001 463">
    <p class='ocr_par' dir='ltr' id='par_1_3' title="bbox 403 366 2001 463">
     <span class='ocr_line' id='line_1_3' title="bbox 403 366 2001 463; baseline 0.012 -44"><span class='ocrx_word' id='word_1_8' title='bbox 403 366 648 439; x_wconf 81' lang='grc' dir='ltr'><strong>περιέχει</strong></span> <span class='ocrx_word' id='word_1_9' title='bbox 673 366 706 438; x_wconf 80' lang='grc' dir='ltr'><strong>ἥ</strong></span> <span class='ocrx_word' id='word_1_10' title='bbox 728 368 826 439; x_wconf 84' lang='grc' dir='ltr'>τὴν</span> <span class='ocrx_word' id='word_1_11' title='bbox 852 368 1101 441; x_wconf 78' lang='grc' dir='ltr'><strong>ἀνδρείαν</strong></span> <span class='ocrx_word' id='word_1_12' title='bbox 1122 372 1287 428; x_wconf 84' lang='grc' dir='ltr'>αὐτοῦ</span> <span class='ocrx_word' id='word_1_13' title='bbox 1310 376 1400 430; x_wconf 75' lang='grc' dir='ltr'>καὶ</span> <span class='ocrx_word' id='word_1_14' title='bbox 1417 378 1513 448; x_wconf 81' lang='grc' dir='ltr'>τὴν</span> <span class='ocrx_word' id='word_1_15' title='bbox 1532 378 1827 454; x_wconf 80' lang='grc' dir='ltr'>ὑπομονήν·</span> <span class='ocrx_word' id='word_1_16' title='bbox 1851 383 1965 437; x_wconf 90' lang='grc' dir='ltr'>ἀλλ’</span> <span class='ocrx_word' id='word_1_17' title='bbox 1994 449 2001 463; x_wconf 30' lang='grc' dir='ltr'><em>Α</em></span> 
     </span>
    </p>
   </div>
   <div class='ocr_carea' id='block_1_4' title="bbox 2029 366 3627 463">
    <p class='ocr_par' dir='ltr' id='par_1_4' title="bbox 2029 387 3627 463">
     <span class='ocr_line' id='line_1_4' title="bbox 2029 387 3627 463; baseline 0.008 -25"><span class='ocrx_word' id='word_1_18' title='bbox 2029 393 2250 463; x_wconf 68' lang='lat' dir='ltr'><strong>Ltarum</strong></span> <span class='ocrx_word' id='word_1_19' title='bbox 2299 387 2730 451; x_wconf 81' lang='lat' dir='ltr'><strong>strenuissimus.</strong></span> <span class='ocrx_word' id='word_1_20' title='bbox 2781 395 2837 444; x_wconf 89' lang='lat' dir='ltr'><strong>et</strong></span> <span class='ocrx_word' id='word_1_21' title='bbox 2884 388 3036 459; x_wconf 81' lang='lat' dir='ltr'><strong>cujus</strong></span> <span class='ocrx_word' id='word_1_22' title='bbox 3081 387 3217 446; x_wconf 86' lang='lat' dir='ltr'><strong>liber</strong></span> <span class='ocrx_word' id='word_1_23' title='bbox 3263 391 3627 451; x_wconf 76' lang='lat' dir='ltr'><strong>fortitudinem</strong></span> 
     </span>
    </p>
   </div>
   <div class='ocr_carea' id='block_1_5' title="bbox 402 456 2000 553">
    <p class='ocr_par' dir='ltr' id='par_1_5' title="bbox 402 456 2000 542">
     <span class='ocr_line' id='line_1_5' title="bbox 402 456 2000 542; baseline 0.01 -31"><span class='ocrx_word' id='word_1_24' title='bbox 402 457 552 527; x_wconf 78' lang='grc' dir='ltr'>ὅμως</span> <span class='ocrx_word' id='word_1_25' title='bbox 574 456 889 513; x_wconf 76' lang='grc' dir='ltr'>αἰσθάνεται</span> <span class='ocrx_word' id='word_1_26' title='bbox 920 462 1025 515; x_wconf 83' lang='grc' dir='ltr'><strong>τῶν</strong></span> <span class='ocrx_word' id='word_1_27' title='bbox 1048 464 1309 532; x_wconf 80' lang='grc' dir='ltr'><strong>καμάτων</strong></span> <span class='ocrx_word' id='word_1_28' title='bbox 1330 460 1404 520; x_wconf 80' lang='grc' dir='ltr'>ὧν</span> <span class='ocrx_word' id='word_1_29' title='bbox 1429 471 1698 542; x_wconf 84' lang='grc' dir='ltr'>κεκμήκει</span> <span class='ocrx_word' id='word_1_30' title='bbox 1736 473 1841 525; x_wconf 85' lang='grc' dir='ltr'><strong>ἀπὸ</strong></span> <span class='ocrx_word' id='word_1_31' title='bbox 1870 474 1962 527; x_wconf 82' lang='grc' dir='ltr'><strong>τοῦ</strong></span> <span class='ocrx_word' id='word_1_32' title='bbox 1994 456 2000 463; x_wconf 46' lang='grc'><em>’</em></span> 
     </span>
    </p>
   </div>
   <div class='ocr_carea' id='block_1_6' title="bbox 2031 456 3629 553">
    <p class='ocr_par' dir='ltr' id='par_1_6' title="bbox 2031 456 3629 553">
     <span class='ocr_line' id='line_1_6' title="bbox 2031 456 3629 553; baseline 0.011 -25"><span class='ocrx_word' id='word_1_33' title='bbox 2031 456 2041 463; x_wconf 66' lang='grc'><em>’</em></span> <span class='ocrx_word' id='word_1_34' title='bbox 2067 473 2185 543; x_wconf 86' lang='lat' dir='ltr'><strong>ejus</strong></span> <span class='ocrx_word' id='word_1_35' title='bbox 2215 490 2278 531; x_wconf 89' lang='lat' dir='ltr'><strong>ac</strong></span> <span class='ocrx_word' id='word_1_36' title='bbox 2308 478 2626 547; x_wconf 70' lang='lat' dir='ltr'><strong>patientiam</strong></span> <span class='ocrx_word' id='word_1_37' title='bbox 2657 480 2930 550; x_wconf 70' lang='lat' dir='ltr'><strong>praecipue</strong></span> <span class='ocrx_word' id='word_1_38' title='bbox 2963 483 3368 553; x_wconf 77' lang='lat' dir='ltr'><strong>complectitur,</strong></span> <span class='ocrx_word' id='word_1_39' title='bbox 3416 486 3629 545; x_wconf 82' lang='lat' dir='ltr'><strong>labores</strong></span> 
     </span>
    </p>
   </div>
   <div class='ocr_carea' id='block_1_7' title="bbox 401 549 1999 646">
    <p class='ocr_par' dir='ltr' id='par_1_7' title="bbox 401 549 1966 635">
     <span class='ocr_line' id='line_1_7' title="bbox 401 549 1966 635; baseline 0.008 -30"><span class='ocrx_word' id='word_1_40' title='bbox 401 550 557 620; x_wconf 83' lang='grc' dir='ltr'>λόγου</span> <span class='ocrx_word' id='word_1_41' title='bbox 589 549 686 605; x_wconf 89' lang='grc' dir='ltr'><strong>τοῦ</strong></span> <span class='ocrx_word' id='word_1_42' title='bbox 716 551 951 624; x_wconf 85' lang='grc' dir='ltr'>σκληροῦ</span> <span class='ocrx_word' id='word_1_43' title='bbox 972 554 1081 607; x_wconf 86' lang='grc' dir='ltr'>τῶν</span> <span class='ocrx_word' id='word_1_44' title='bbox 1107 556 1438 627; x_wconf 80' lang='grc' dir='ltr'><strong>ἐληλυθότων</strong></span> <span class='ocrx_word' id='word_1_45' title='bbox 1460 561 1619 616; x_wconf 80' lang='grc' dir='ltr'>αὐτὸν</span> <span class='ocrx_word' id='word_1_46' title='bbox 1669 564 1966 635; x_wconf 84' lang='grc' dir='ltr'>ἐπισκοπῆ-</span> 
     </span>
    </p>
   </div>
   <div class='ocr_carea' id='block_1_8' title="bbox 2031 549 3629 646">
    <p class='ocr_par' dir='ltr' id='par_1_8' title="bbox 2069 549 3629 646">
     <span class='ocr_line' id='line_1_8' title="bbox 2069 549 3629 646; baseline 0.013 -28"><span class='ocrx_word' id='word_1_47' title='bbox 2069 567 2419 623; x_wconf 76' lang='lat' dir='ltr'><strong>nihilominus</strong></span> <span class='ocrx_word' id='word_1_48' title='bbox 2448 578 2501 622; x_wconf 89' lang='lat' dir='ltr'><strong>et</strong></span> <span class='ocrx_word' id='word_1_49' title='bbox 2539 549 3131 644; x_wconf 17' lang='lat' dir='ltr'><strong>molestiasipersentit,</strong></span> <span class='ocrx_word' id='word_1_50' title='bbox 3163 590 3298 646; x_wconf 88' lang='lat' dir='ltr'><strong>quas</strong></span> <span class='ocrx_word' id='word_1_51' title='bbox 3321 593 3384 635; x_wconf 83' lang='lat' dir='ltr'><strong>ex</strong></span> <span class='ocrx_word' id='word_1_52' title='bbox 3410 579 3629 638; x_wconf 87' lang='lat' dir='ltr'><strong>duriore</strong></span> 
     </span>
    </p>
   </div>
   <div class='ocr_carea' id='block_1_9' title="bbox 401 643 1999 739">
    <p class='ocr_par' dir='ltr' id='par_1_9' title="bbox 401 643 1962 727">
     <span class='ocr_line' id='line_1_9' title="bbox 401 643 1962 727; baseline 0.007 -29"><span class='ocrx_word' id='word_1_53' title='bbox 401 659 513 698; x_wconf 85' lang='grc' dir='ltr'>σαι.</span> <span class='ocrx_word' id='word_1_54' title='bbox 547 643 655 696; x_wconf 73' lang='grc' dir='ltr'><strong>Καὶ</strong></span> <span class='ocrx_word' id='word_1_55' title='bbox 702 644 889 716; x_wconf 78' lang='grc' dir='ltr'>ἐπειδὴ</span> <span class='ocrx_word' id='word_1_56' title='bbox 950 646 986 715; x_wconf 79' lang='grc' dir='ltr'><strong>ἡ</strong></span> <span class='ocrx_word' id='word_1_57' title='bbox 1031 647 1124 700; x_wconf 88' lang='grc' dir='ltr'><strong>τοῦ</strong></span> <span class='ocrx_word' id='word_1_58' title='bbox 1176 648 1331 718; x_wconf 81' lang='grc' dir='ltr'><strong>λόγου</strong></span> <span class='ocrx_word' id='word_1_59' title='bbox 1372 650 1629 723; x_wconf 78' lang='grc' dir='ltr'><strong>βαρύτης,</strong></span> <span class='ocrx_word' id='word_1_60' title='bbox 1677 653 1865 727; x_wconf 85' lang='grc' dir='ltr'>ὥσπερ</span> <span class='ocrx_word' id='word_1_61' title='bbox 1909 673 1962 709; x_wconf 91' lang='grc' dir='ltr'><strong>τι</strong></span> 
     </span>
    </p>
   </div>
   <div class='ocr_carea' id='block_1_10' title="bbox 2031 643 3629 739">
    <p class='ocr_par' dir='ltr' id='par_1_10' title="bbox 2064 643 3629 739">
     <span class='ocr_line' id='line_1_10' title="bbox 2064 643 3629 739; baseline 0.012 -28"><span class='ocrx_word' id='word_1_62' title='bbox 2064 671 2315 713; x_wconf 87' lang='lat' dir='ltr'><strong>sermone</strong></span> <span class='ocrx_word' id='word_1_63' title='bbox 2364 673 2550 713; x_wconf 90' lang='lat' dir='ltr'><strong>eorum</strong></span> <span class='ocrx_word' id='word_1_64' title='bbox 2580 663 2672 731; x_wconf 89' lang='lat' dir='ltr'><strong>qui</strong></span> <span class='ocrx_word' id='word_1_65' title='bbox 2706 643 2974 720; x_wconf 81' lang='lat' dir='ltr'><strong>invisendi</strong></span> <span class='ocrx_word' id='word_1_66' title='bbox 3011 683 3171 724; x_wconf 91' lang='lat' dir='ltr'><strong>causa</strong></span> <span class='ocrx_word' id='word_1_67' title='bbox 3210 670 3276 723; x_wconf 90' lang='lat' dir='ltr'><strong>ad</strong></span> <span class='ocrx_word' id='word_1_68' title='bbox 3332 671 3503 739; x_wconf 87' lang='lat' dir='ltr'><strong>ipsum</strong></span> <span class='ocrx_word' id='word_1_69' title='bbox 3534 688 3629 728; x_wconf 77' lang='lat' dir='ltr'><strong>ac~</strong></span> 
     </span>
    </p>
   </div>
   <div class='ocr_carea' id='block_1_11' title="bbox 398 736 1996 831">
    <p class='ocr_par' dir='ltr' id='par_1_11' title="bbox 398 736 1963 820">
     <span class='ocr_line' id='line_1_11' title="bbox 398 736 1963 820; baseline 0.009 -33"><span class='ocrx_word' id='word_1_70' title='bbox 398 736 618 808; x_wconf 81' lang='grc' dir='ltr'><strong>φορτίον</strong></span> <span class='ocrx_word' id='word_1_71' title='bbox 645 736 1014 809; x_wconf 80' lang='grc' dir='ltr'><strong>ἐπιτιθέμενον</strong></span> <span class='ocrx_word' id='word_1_72' title='bbox 1044 742 1110 810; x_wconf 82' lang='grc' dir='ltr'>τῇ</span> <span class='ocrx_word' id='word_1_73' title='bbox 1132 739 1298 812; x_wconf 80' lang='grc' dir='ltr'>ψυχῇ,</span> <span class='ocrx_word' id='word_1_74' title='bbox 1324 742 1551 813; x_wconf 84' lang='grc' dir='ltr'><strong>κάμνειν</strong></span> <span class='ocrx_word' id='word_1_75' title='bbox 1581 745 1747 817; x_wconf 78' lang='grc' dir='ltr'>αὐτὴν</span> <span class='ocrx_word' id='word_1_76' title='bbox 1787 765 1963 820; x_wconf 89' lang='grc' dir='ltr'>παρα-</span> 
     </span>
    </p>
   </div>
   <div class='ocr_carea' id='block_1_12' title="bbox 2024 736 3622 831">
    <p class='ocr_par' dir='ltr' id='par_1_12' title="bbox 2063 736 3622 831">
     <span class='ocr_line' id='line_1_12' title="bbox 2063 736 3622 831; baseline 0.013 -32"><span class='ocrx_word' id='word_1_77' title='bbox 2063 757 2367 813; x_wconf 85' lang='lat' dir='ltr'><strong>cesserunt,</strong></span> <span class='ocrx_word' id='word_1_78' title='bbox 2406 750 2650 818; x_wconf 76' lang='lat' dir='ltr'><strong>pertulit.</strong></span> <span class='ocrx_word' id='word_1_79' title='bbox 2688 752 2756 807; x_wconf 87' lang='lat' dir='ltr'><strong>Et</strong></span> <span class='ocrx_word' id='word_1_80' title='bbox 2788 756 3042 823; x_wconf 89' lang='lat' dir='ltr'><strong>quoniam</strong></span> <span class='ocrx_word' id='word_1_81' title='bbox 3086 736 3365 815; x_wconf 78' lang='lat' dir='ltr'><strong>sermonis</strong></span> <span class='ocrx_word' id='word_1_82' title='bbox 3395 767 3622 831; x_wconf 87' lang='lat' dir='ltr'><strong>pondus,</strong></span> 
     </span>
    </p>
   </div>
   <div class='ocr_carea' id='block_1_13' title="bbox 398 826 1996 925">
    <p class='ocr_par' dir='ltr' id='par_1_13' title="bbox 398 826 1961 908">
     <span class='ocr_line' id='line_1_13' title="bbox 398 826 1961 908; baseline 0.008 -28"><span class='ocrx_word' id='word_1_83' title='bbox 398 829 674 894; x_wconf 81' lang='grc' dir='ltr'><strong>σκευάζει,</strong></span> <span class='ocrx_word' id='word_1_84' title='bbox 699 830 787 885; x_wconf 86' lang='grc' dir='ltr'><strong>διὰ</strong></span> <span class='ocrx_word' id='word_1_85' title='bbox 823 831 979 886; x_wconf 86' lang='grc' dir='ltr'>τοῦτό</span> <span class='ocrx_word' id='word_1_86' title='bbox 1011 826 1194 906; x_wconf 79' lang='grc' dir='ltr'>φησιν’</span> <span class='ocrx_word' id='word_1_87' title='bbox 1234 836 1374 889; x_wconf 83' lang='grc' dir='ltr'>Ἀνθ’</span> <span class='ocrx_word' id='word_1_88' title='bbox 1398 837 1542 903; x_wconf 83' lang='grc' dir='ltr'>ὅτου,</span> <span class='ocrx_word' id='word_1_89' title='bbox 1566 832 1611 891; x_wconf 82' lang='grc' dir='ltr'><strong>ὦ</strong></span> <span class='ocrx_word' id='word_1_90' title='bbox 1641 839 1811 908; x_wconf 87' lang='grc' dir='ltr'>φίλοι,</span> <span class='ocrx_word' id='word_1_91' title='bbox 1840 843 1961 905; x_wconf 89' lang='grc' dir='ltr'>ταῖς</span> 
     </span>
    </p>
   </div>
   <div class='ocr_carea' id='block_1_14' title="bbox 2024 826 3622 925">
    <p class='ocr_par' dir='ltr' id='par_1_14' title="bbox 2065 841 3622 925">
     <span class='ocr_line' id='line_1_14' title="bbox 2065 841 3622 925; baseline 0.013 -36"><span class='ocrx_word' id='word_1_92' title='bbox 2065 847 2320 908; x_wconf 90' lang='lat' dir='ltr'><strong>tanquam</strong></span> <span class='ocrx_word' id='word_1_93' title='bbox 2371 841 2520 909; x_wconf 82' lang='lat' dir='ltr'><strong>gravi</strong></span> <span class='ocrx_word' id='word_1_94' title='bbox 2571 858 2741 899; x_wconf 89' lang='lat' dir='ltr'><strong>onere</strong></span> <span class='ocrx_word' id='word_1_95' title='bbox 2802 846 3082 925; x_wconf 67' lang='lat' dir='ltr'><strong>imposito,</strong></span> <span class='ocrx_word' id='word_1_96' title='bbox 3130 851 3367 906; x_wconf 90' lang='lat' dir='ltr'><strong>animam</strong></span> <span class='ocrx_word' id='word_1_97' title='bbox 3414 854 3622 924; x_wconf 76' lang='lat' dir='ltr'><strong>fatigat,</strong></span> 
     </span>
    </p>
   </div>
   <div class='ocr_carea' id='block_1_15' title="bbox 393 918 1991 1005">
    <p class='ocr_par' dir='ltr' id='par_1_15' title="bbox 393 918 1959 1002">
     <span class='ocr_line' id='line_1_15' title="bbox 393 918 1959 1002; baseline 0.009 -31"><span class='ocrx_word' id='word_1_98' title='bbox 393 918 489 972; x_wconf 87' lang='grc' dir='ltr'><strong>τοῦ</strong></span> <span class='ocrx_word' id='word_1_99' title='bbox 518 921 768 991; x_wconf 85' lang='grc' dir='ltr'>σώματος</span> <span class='ocrx_word' id='word_1_100' title='bbox 794 923 1047 994; x_wconf 81' lang='grc' dir='ltr'><strong>ἀλγηδόσι</strong></span> <span class='ocrx_word' id='word_1_101' title='bbox 1073 927 1385 997; x_wconf 81' lang='grc' dir='ltr'><strong>προστίθετε</strong></span> <span class='ocrx_word' id='word_1_102' title='bbox 1407 928 1497 981; x_wconf 82' lang='grc' dir='ltr'>τὸν</span> <span class='ocrx_word' id='word_1_103' title='bbox 1524 929 1624 999; x_wconf 76' lang='grc' dir='ltr'>τῆς</span> <span class='ocrx_word' id='word_1_104' title='bbox 1657 928 1831 1002; x_wconf 77' lang='grc' dir='ltr'>ψυχῆς</span> <span class='ocrx_word' id='word_1_105' title='bbox 1859 932 1959 985; x_wconf 88' lang='grc' dir='ltr'>πό-</span> 
     </span>
    </p>
   </div>
   <div class='ocr_carea' id='block_1_16' title="bbox 2026 918 3624 1005">
    <p class='ocr_par' dir='ltr' id='par_1_16' title="bbox 2062 918 3624 1005">
     <span class='ocr_line' id='line_1_16' title="bbox 2062 918 3624 1005; baseline 0.013 -25"><span class='ocrx_word' id='word_1_106' title='bbox 2062 927 2266 983; x_wconf 88' lang='lat' dir='ltr'><strong>idcirco</strong></span> <span class='ocrx_word' id='word_1_107' title='bbox 2292 930 2419 986; x_wconf 90' lang='lat' dir='ltr'><strong>dicit</strong></span> <span class='ocrx_word' id='word_1_108' title='bbox 2448 950 2461 985; x_wconf 88' lang='lat'><strong>:</strong></span> <span class='ocrx_word' id='word_1_109' title='bbox 2489 930 2877 1002; x_wconf 84' lang='lat' dir='ltr'><strong>Quamobrem,</strong></span> <span class='ocrx_word' id='word_1_110' title='bbox 2905 918 3153 1005; x_wconf 41' lang='lat' dir='ltr'><strong>o&#39;atuici,</strong></span> <span class='ocrx_word' id='word_1_111' title='bbox 3188 944 3371 999; x_wconf 86' lang='lat' dir='ltr'><strong>acrius</strong></span> <span class='ocrx_word' id='word_1_112' title='bbox 3392 960 3478 999; x_wconf 85' lang='lat' dir='ltr'><strong>me</strong></span> <span class='ocrx_word' id='word_1_113' title='bbox 3500 961 3624 1000; x_wconf 87' lang='lat' dir='ltr'><strong>ver-</strong></span> 
     </span>
    </p>
   </div>
   <div class='ocr_carea' id='block_1_17' title="bbox 394 1011 1992 1103">
    <p class='ocr_par' dir='ltr' id='par_1_17' title="bbox 394 1011 1959 1095">
     <span class='ocr_line' id='line_1_17' title="bbox 394 1011 1959 1095; baseline 0.007 -30"><span class='ocrx_word' id='word_1_114' title='bbox 394 1028 504 1075; x_wconf 82' lang='grc' dir='ltr'>νον,</span> <span class='ocrx_word' id='word_1_115' title='bbox 530 1011 734 1085; x_wconf 79' lang='grc' dir='ltr'>μᾶλλον</span> <span class='ocrx_word' id='word_1_116' title='bbox 759 1015 1071 1081; x_wconf 81' lang='grc' dir='ltr'><strong>κεντοῦντες</strong></span> <span class='ocrx_word' id='word_1_117' title='bbox 1091 1020 1202 1082; x_wconf 85' lang='grc' dir='ltr'>τοῖς</span> <span class='ocrx_word' id='word_1_118' title='bbox 1233 1021 1470 1091; x_wconf 77' lang='grc' dir='ltr'>ῥήμασιν</span> <span class='ocrx_word' id='word_1_119' title='bbox 1500 1020 1532 1091; x_wconf 83' lang='grc' dir='ltr'><strong>ἢ</strong></span> <span class='ocrx_word' id='word_1_120' title='bbox 1586 1019 1654 1074; x_wconf 82' lang='grc' dir='ltr'>τὰ</span> <span class='ocrx_word' id='word_1_121' title='bbox 1706 1022 1850 1095; x_wconf 86' lang='grc' dir='ltr'>πάθη</span> <span class='ocrx_word' id='word_1_122' title='bbox 1899 1024 1959 1076; x_wconf 84' lang='grc' dir='ltr'>τὸ</span> 
     </span>
    </p>
   </div>
   <div class='ocr_carea' id='block_1_18' title="bbox 2023 1011 3621 1103">
    <p class='ocr_par' dir='ltr' id='par_1_18' title="bbox 2066 1016 3621 1103">
     <span class='ocr_line' id='line_1_18' title="bbox 2066 1016 3621 1103; baseline 0.013 -33"><span class='ocrx_word' id='word_1_123' title='bbox 2066 1016 2148 1072; x_wconf 90' lang='lat' dir='ltr'><strong>bis</strong></span> <span class='ocrx_word' id='word_1_124' title='bbox 2171 1021 2368 1075; x_wconf 81' lang='lat' dir='ltr'><strong>vestris</strong></span> <span class='ocrx_word' id='word_1_125' title='bbox 2416 1035 2714 1094; x_wconf 89' lang='lat' dir='ltr'><strong>pungentes</strong></span> <span class='ocrx_word' id='word_1_126' title='bbox 2740 1043 2901 1096; x_wconf 86' lang='lat' dir='ltr'><strong>quam</strong></span> <span class='ocrx_word' id='word_1_127' title='bbox 2948 1031 3160 1087; x_wconf 87' lang='lat' dir='ltr'><strong>dolores</strong></span> <span class='ocrx_word' id='word_1_128' title='bbox 3194 1048 3390 1103; x_wconf 91' lang='lat' dir='ltr'><strong>corpus</strong></span> <span class='ocrx_word' id='word_1_129' title='bbox 3429 1038 3621 1091; x_wconf 86' lang='lat' dir='ltr'><strong>stimu-</strong></span> 
     </span>
    </p>
   </div>
   <div class='ocr_carea' id='block_1_19' title="bbox 394 1099 3625 1198">
    <p class='ocr_par' dir='ltr' id='par_1_19' title="bbox 394 1099 3625 1198">
     <span class='ocr_line' id='line_1_19' title="bbox 394 1099 3625 1198; baseline 0.016 -66"><span class='ocrx_word' id='word_1_130' title='bbox 394 1099 594 1172; x_wconf 52' lang='lat' dir='ltr'><strong>céw;</strong></span> <span class='ocrx_word' id='word_1_131' title='bbox 2059 1108 2190 1177; x_wconf 89' lang='lat' dir='ltr'><strong>lant,</strong></span> <span class='ocrx_word' id='word_1_132' title='bbox 2232 1114 2397 1172; x_wconf 83' lang='lat' dir='ltr'><strong>animi</strong></span> <span class='ocrx_word' id='word_1_133' title='bbox 2450 1131 2712 1186; x_wconf 81' lang='lat' dir='ltr'><strong>angorem</strong></span> <span class='ocrx_word' id='word_1_134' title='bbox 2752 1123 3000 1190; x_wconf 89' lang='lat' dir='ltr'><strong>corporis</strong></span> <span class='ocrx_word' id='word_1_135' title='bbox 3040 1099 3317 1182; x_wconf 76' lang='lat' dir='ltr'><strong>doloribus</strong></span> <span class='ocrx_word' id='word_1_136' title='bbox 3361 1131 3625 1198; x_wconf 86' lang='lat' dir='ltr'><strong>superad-</strong></span> 
     </span>
    </p>
   </div>
   <div class='ocr_carea' id='block_1_20' title="bbox 2057 1202 3601 1257">
    <p class='ocr_par' dir='ltr' id='par_1_20' title="bbox 2057 1202 3601 1257">
     <span class='ocr_line' id='line_1_20' title="bbox 2057 1202 3601 1257; baseline 0.009 -3"><span class='ocrx_word' id='word_1_137' title='bbox 2057 1202 2183 1257; x_wconf 91' lang='lat' dir='ltr'><strong>ditis</strong></span> <span class='ocrx_word' id='word_1_138' title='bbox 2211 1204 2235 1255; x_wconf 78' lang='lat'>?</span> <span class='ocrx_word' id='word_1_139' title='bbox 3596 1213 3601 1219; x_wconf 76' lang='grc'><em>’</em></span> 
     </span>
    </p>
   </div>
   <div class='ocr_carea' id='block_1_21' title="bbox 464 1286 2062 1381">
    <p class='ocr_par' dir='ltr' id='par_1_21' title="bbox 464 1286 1955 1361">
     <span class='ocr_line' id='line_1_21' title="bbox 464 1286 1955 1361; baseline 0.009 -22"><span class='ocrx_word' id='word_1_140' title='bbox 464 1286 861 1343; x_wconf 73' lang='grc' dir='ltr'>Καταλαλεῖτέ</span> <span class='ocrx_word' id='word_1_141' title='bbox 888 1307 1026 1360; x_wconf 83' lang='grc' dir='ltr'>μου.</span> <span class='ocrx_word' id='word_1_142' title='bbox 1076 1291 1341 1356; x_wconf 85' lang='grc' dir='ltr'><strong>Πολλάκις</strong></span> <span class='ocrx_word' id='word_1_143' title='bbox 1386 1294 1674 1349; x_wconf 84' lang='grc' dir='ltr'><strong>καταλαλεῖ</strong></span> <span class='ocrx_word' id='word_1_144' title='bbox 1724 1313 1807 1361; x_wconf 90' lang='grc' dir='ltr'><strong>τις</strong></span> <span class='ocrx_word' id='word_1_145' title='bbox 1856 1314 1955 1352; x_wconf 87' lang='grc' dir='ltr'>κα-</span> 
     </span>
    </p>
   </div>
   <div class='ocr_carea' id='block_1_22' title="bbox 2015 1286 3613 1381">
    <p class='ocr_par' dir='ltr' id='par_1_22' title="bbox 2124 1291 3613 1381">
     <span class='ocr_line' id='line_1_22' title="bbox 2124 1291 3613 1381; baseline 0.013 -36"><span class='ocrx_word' id='word_1_146' title='bbox 2124 1291 2288 1349; x_wconf 75' lang='grc' dir='ltr'>νειιε.</span> <span class='ocrx_word' id='word_1_147' title='bbox 2319 1295 2374 1350; x_wconf 80' lang='grc'><strong>5.</strong></span> <span class='ocrx_word' id='word_1_148' title='bbox 2420 1296 2715 1369; x_wconf 80' lang='lat' dir='ltr'><strong>Loquimini</strong></span> <span class='ocrx_word' id='word_1_149' title='bbox 2760 1314 2942 1357; x_wconf 85' lang='lat' dir='ltr'><strong>contra</strong></span> <span class='ocrx_word' id='word_1_150' title='bbox 2974 1321 3073 1359; x_wconf 82' lang='lat' dir='ltr'><strong>me.</strong></span> <span class='ocrx_word' id='word_1_151' title='bbox 3117 1304 3500 1375; x_wconf 72' lang='lat' dir='ltr'><strong>Stupenumero</strong></span> <span class='ocrx_word' id='word_1_152' title='bbox 3526 1312 3613 1381; x_wconf 90' lang='lat' dir='ltr'><strong>qui</strong></span> 
     </span>
    </p>
   </div>
   <div class='ocr_carea' id='block_1_23' title="bbox 389 1375 1987 1461">
    <p class='ocr_par' dir='ltr' id='par_1_23' title="bbox 389 1375 1951 1459">
     <span class='ocr_line' id='line_1_23' title="bbox 389 1375 1951 1459; baseline 0.011 -31"><span class='ocrx_word' id='word_1_153' title='bbox 389 1375 503 1441; x_wconf 85' lang='grc' dir='ltr'><strong>κῶς</strong></span> <span class='ocrx_word' id='word_1_154' title='bbox 518 1379 703 1434; x_wconf 87' lang='grc' dir='ltr'>ποιῶν·</span> <span class='ocrx_word' id='word_1_155' title='bbox 734 1381 861 1436; x_wconf 86' lang='grc' dir='ltr'>ὅταν</span> <span class='ocrx_word' id='word_1_156' title='bbox 887 1382 943 1436; x_wconf 80' lang='grc' dir='ltr'>δὲ</span> <span class='ocrx_word' id='word_1_157' title='bbox 976 1383 1370 1457; x_wconf 78' lang='grc' dir='ltr'>ἀπερυθριάσῃ,</span> <span class='ocrx_word' id='word_1_158' title='bbox 1390 1390 1470 1450; x_wconf 86' lang='grc' dir='ltr'><strong>είς</strong></span> <span class='ocrx_word' id='word_1_159' title='bbox 1490 1388 1778 1459; x_wconf 83' lang='grc' dir='ltr'>πρόσωπον</span> <span class='ocrx_word' id='word_1_160' title='bbox 1806 1389 1951 1459; x_wconf 80' lang='grc' dir='ltr'><strong>λέγει</strong></span> 
     </span>
    </p>
   </div>
   <div class='ocr_carea' id='block_1_24' title="bbox 2014 1375 3612 1461">
    <p class='ocr_par' dir='ltr' id='par_1_24' title="bbox 2055 1384 3612 1461">
     <span class='ocr_line' id='line_1_24' title="bbox 2055 1384 3612 1461; baseline 0.011 -23"><span class='ocrx_word' id='word_1_161' title='bbox 2055 1384 2197 1440; x_wconf 89' lang='lat' dir='ltr'><strong>mala</strong></span> <span class='ocrx_word' id='word_1_162' title='bbox 2244 1398 2556 1458; x_wconf 88' lang='lat' dir='ltr'><strong>perpetrat,</strong></span> <span class='ocrx_word' id='word_1_163' title='bbox 2610 1392 2763 1446; x_wconf 86' lang='lat' dir='ltr'><strong>alteri</strong></span> <span class='ocrx_word' id='word_1_164' title='bbox 2813 1395 3073 1461; x_wconf 83' lang='lat' dir='ltr'><strong>detrahit;</strong></span> <span class='ocrx_word' id='word_1_165' title='bbox 3125 1408 3177 1451; x_wconf 90' lang='lat' dir='ltr'><strong>et</strong></span> <span class='ocrx_word' id='word_1_166' title='bbox 3214 1413 3336 1452; x_wconf 88' lang='lat' dir='ltr'><strong>cum</strong></span> <span class='ocrx_word' id='word_1_167' title='bbox 3379 1398 3612 1455; x_wconf 81' lang='lat' dir='ltr'><strong>frontem</strong></span> 
     </span>
    </p>
   </div>
   <div class='ocr_carea' id='block_1_25' title="bbox 389 1470 1987 1557">
    <p class='ocr_par' dir='ltr' id='par_1_25' title="bbox 389 1470 1947 1552">
     <span class='ocr_line' id='line_1_25' title="bbox 389 1470 1947 1552; baseline 0.01 -30"><span class='ocrx_word' id='word_1_168' title='bbox 389 1470 601 1527; x_wconf 77' lang='grc' dir='ltr'>ἐκείνου</span> <span class='ocrx_word' id='word_1_169' title='bbox 626 1512 642 1536; x_wconf 94' lang='grc'><strong>,</strong></span> <span class='ocrx_word' id='word_1_170' title='bbox 701 1473 802 1527; x_wconf 82' lang='grc' dir='ltr'>οὐκ</span> <span class='ocrx_word' id='word_1_171' title='bbox 850 1474 1106 1547; x_wconf 70' lang='grc' dir='ltr'>ἐλέγχων,</span> <span class='ocrx_word' id='word_1_172' title='bbox 1155 1478 1276 1532; x_wconf 77' lang='grc' dir='ltr'>οὐδὲ</span> <span class='ocrx_word' id='word_1_173' title='bbox 1328 1479 1530 1552; x_wconf 83' lang='grc' dir='ltr'>τάληθῆ</span> <span class='ocrx_word' id='word_1_174' title='bbox 1583 1480 1774 1551; x_wconf 81' lang='grc' dir='ltr'>λέγων,</span> <span class='ocrx_word' id='word_1_175' title='bbox 1835 1484 1947 1538; x_wconf 83' lang='grc' dir='ltr'>ἀλλ’</span> 
     </span>
    </p>
   </div>
   <div class='ocr_carea' id='block_1_26' title="bbox 2016 1470 3614 1557">
    <p class='ocr_par' dir='ltr' id='par_1_26' title="bbox 2050 1476 3614 1557">
     <span class='ocr_line' id='line_1_26' title="bbox 2050 1476 3614 1557; baseline 0.008 -26"><span class='ocrx_word' id='word_1_176' title='bbox 2050 1476 2218 1531; x_wconf 89' lang='lat' dir='ltr'><strong>semel</strong></span> <span class='ocrx_word' id='word_1_177' title='bbox 2262 1481 2625 1548; x_wconf 82' lang='lat' dir='ltr'><strong>perfricuerit,</strong></span> <span class='ocrx_word' id='word_1_178' title='bbox 2669 1500 2773 1538; x_wconf 85' lang='lat' dir='ltr'><strong>non</strong></span> <span class='ocrx_word' id='word_1_179' title='bbox 2811 1488 3105 1554; x_wconf 82' lang='lat' dir='ltr'><strong>arguendo,</strong></span> <span class='ocrx_word' id='word_1_180' title='bbox 3146 1501 3323 1557; x_wconf 84' lang='lat' dir='ltr'><strong>neque</strong></span> <span class='ocrx_word' id='word_1_181' title='bbox 3368 1504 3494 1544; x_wconf 85' lang='lat' dir='ltr'><strong>vera</strong></span> <span class='ocrx_word' id='word_1_182' title='bbox 3531 1493 3614 1544; x_wconf 78' lang='lat' dir='ltr'><strong>di-</strong></span> 
     </span>
    </p>
   </div>
   <div class='ocr_carea' id='block_1_27' title="bbox 386 1562 1984 1638">
    <p class='ocr_par' dir='ltr' id='par_1_27' title="bbox 386 1562 1333 1638">
     <span class='ocr_line' id='line_1_27' title="bbox 386 1562 1333 1638; baseline 0.005 -21"><span class='ocrx_word' id='word_1_183' title='bbox 386 1562 660 1627; x_wconf 77' lang='grc' dir='ltr'><strong>ὀνειδίζων</strong></span> <span class='ocrx_word' id='word_1_184' title='bbox 693 1564 789 1619; x_wconf 74' lang='grc' dir='ltr'>καὶ</span> <span class='ocrx_word' id='word_1_185' title='bbox 813 1564 1066 1638; x_wconf 75' lang='grc' dir='ltr'><strong>ὑϐρίζων.</strong></span> <span class='ocrx_word' id='word_1_186' title='bbox 1318 1608 1333 1630; x_wconf 88' lang='grc'><strong>,</strong></span> 
     </span>
    </p>
   </div>
   <div class='ocr_carea' id='block_1_28' title="bbox 2010 1562 3608 1638">
    <p class='ocr_par' dir='ltr' id='par_1_28' title="bbox 2049 1568 3608 1636">
     <span class='ocr_line' id='line_1_28' title="bbox 2049 1568 3608 1636; baseline 0.01 -16"><span class='ocrx_word' id='word_1_187' title='bbox 2049 1568 2240 1632; x_wconf 78' lang='lat' dir='ltr'><strong>cendo,</strong></span> <span class='ocrx_word' id='word_1_188' title='bbox 2285 1571 2379 1626; x_wconf 89' lang='lat' dir='ltr'><strong>sed</strong></span> <span class='ocrx_word' id='word_1_189' title='bbox 2420 1574 2776 1629; x_wconf 82' lang='lat' dir='ltr'><strong>conviciando</strong></span> <span class='ocrx_word' id='word_1_190' title='bbox 2817 1587 2870 1631; x_wconf 91' lang='lat' dir='ltr'><strong>et</strong></span> <span class='ocrx_word' id='word_1_191' title='bbox 2913 1576 3297 1635; x_wconf 83' lang='lat' dir='ltr'><strong>calumniando</strong></span> <span class='ocrx_word' id='word_1_192' title='bbox 3337 1580 3391 1634; x_wconf 92' lang='lat' dir='ltr'><strong>in</strong></span> <span class='ocrx_word' id='word_1_193' title='bbox 3436 1595 3499 1636; x_wconf 88' lang='lat' dir='ltr'><strong>os</strong></span> <span class='ocrx_word' id='word_1_194' title='bbox 3525 1581 3608 1635; x_wconf 87' lang='lat' dir='ltr'><strong>lo-</strong></span> 
     </span>
    </p>
   </div>
   <div class='ocr_carea' id='block_1_29' title="bbox 2047 1659 2253 1727">
    <p class='ocr_par' dir='ltr' id='par_1_29' title="bbox 2047 1659 2253 1727">
     <span class='ocr_line' id='line_1_29' title="bbox 2047 1659 2253 1727; baseline 0.029 -18"><span class='ocrx_word' id='word_1_195' title='bbox 2047 1659 2253 1727; x_wconf 85' lang='lat' dir='ltr'><strong>quitur.</strong></span> 
     </span>
    </p>
   </div>
   <div class='ocr_carea' id='block_1_30' title="bbox 453 1747 2051 1830">
    <p class='ocr_par' dir='ltr' id='par_1_30' title="bbox 453 1747 2020 1830">
     <span class='ocr_line' id='line_1_30' title="bbox 453 1747 2020 1830; baseline 0.01 -30"><span class='ocrx_word' id='word_1_196' title='bbox 453 1747 841 1818; x_wconf 80' lang='grc' dir='ltr'>Κεκράξομαι,</span> <span class='ocrx_word' id='word_1_197' title='bbox 867 1748 964 1803; x_wconf 78' lang='grc' dir='ltr'>καὶ</span> <span class='ocrx_word' id='word_1_198' title='bbox 984 1750 1246 1821; x_wconf 85' lang='grc' dir='ltr'>οὐδαμοῦ</span> <span class='ocrx_word' id='word_1_199' title='bbox 1278 1754 1471 1824; x_wconf 78' lang='grc' dir='ltr'>κρῖμα.</span> <span class='ocrx_word' id='word_1_200' title='bbox 1494 1755 1606 1811; x_wconf 90' lang='grc' dir='ltr'>Νῦν</span> <span class='ocrx_word' id='word_1_201' title='bbox 1627 1756 1720 1813; x_wconf 80' lang='grc' dir='ltr'>ἐὰν</span> <span class='ocrx_word' id='word_1_202' title='bbox 1742 1757 1945 1830; x_wconf 84' lang='grc' dir='ltr'>κράξω,</span> <span class='ocrx_word' id='word_1_203' title='bbox 1981 1762 2020 1816; x_wconf 88' lang='grc' dir='ltr'><strong><em>Β</em></strong></span> 
     </span>
    </p>
   </div>
   <div class='ocr_carea' id='block_1_31' title="bbox 2014 1747 3612 1830">
    <p class='ocr_par' dir='ltr' id='par_1_31' title="bbox 2014 1748 3612 1829">
     <span class='ocr_line' id='line_1_31' title="bbox 2014 1748 3612 1829; baseline 0.01 -26"><span class='ocrx_word' id='word_1_204' title='bbox 2014 1766 2020 1813; x_wconf 74' lang='grc' dir='ltr'>ς</span> <span class='ocrx_word' id='word_1_205' title='bbox 2120 1748 2283 1805; x_wconf 71' lang='lat' dir='ltr'><strong>Vnus.</strong></span> <span class='ocrx_word' id='word_1_206' title='bbox 2332 1753 2385 1806; x_wconf 89' lang='grc'><strong>7.</strong></span> <span class='ocrx_word' id='word_1_207' title='bbox 2434 1753 2686 1810; x_wconf 83' lang='lat' dir='ltr'><strong>Clamabo</strong></span> <span class='ocrx_word' id='word_1_208' title='bbox 2720 1767 2768 1811; x_wconf 84' lang='lat' dir='ltr'><strong>et</strong></span> <span class='ocrx_word' id='word_1_209' title='bbox 2809 1774 3066 1829; x_wconf 78' lang='lat' dir='ltr'><strong>nusquam</strong></span> <span class='ocrx_word' id='word_1_210' title='bbox 3112 1761 3407 1829; x_wconf 75' lang='lat' dir='ltr'><strong>judicium.</strong></span> <span class='ocrx_word' id='word_1_211' title='bbox 3457 1762 3612 1820; x_wconf 81' lang='lat' dir='ltr'><strong>Nunc</strong></span> 
     </span>
    </p>
   </div>
   <div class='ocr_carea' id='block_1_32' title="bbox 387 1836 1985 1920">
    <p class='ocr_par' dir='ltr' id='par_1_32' title="bbox 387 1836 1944 1916">
     <span class='ocr_line' id='line_1_32' title="bbox 387 1836 1944 1916; baseline 0.01 -26"><span class='ocrx_word' id='word_1_212' title='bbox 387 1836 624 1910; x_wconf 78' lang='grc' dir='ltr'>οὐδαμοῦ</span> <span class='ocrx_word' id='word_1_213' title='bbox 661 1840 723 1893; x_wconf 85' lang='grc' dir='ltr'>τὸ</span> <span class='ocrx_word' id='word_1_214' title='bbox 780 1841 953 1912; x_wconf 81' lang='grc' dir='ltr'>κρῖμά</span> <span class='ocrx_word' id='word_1_215' title='bbox 1008 1858 1108 1913; x_wconf 91' lang='grc' dir='ltr'><strong>μου</strong></span> <span class='ocrx_word' id='word_1_216' title='bbox 1158 1844 1397 1916; x_wconf 82' lang='grc' dir='ltr'>ἔρχεται·</span> <span class='ocrx_word' id='word_1_217' title='bbox 1448 1847 1532 1901; x_wconf 76' lang='grc' dir='ltr'>ἔτι</span> <span class='ocrx_word' id='word_1_218' title='bbox 1572 1847 1737 1904; x_wconf 87' lang='grc' dir='ltr'>ἀθλῶ.</span> <span class='ocrx_word' id='word_1_219' title='bbox 1802 1851 1944 1904; x_wconf 73' lang='grc' dir='ltr'>Ὠσεὶ</span> 
     </span>
    </p>
   </div>
   <div class='ocr_carea' id='block_1_33' title="bbox 2006 1836 3604 1920">
    <p class='ocr_par' dir='ltr' id='par_1_33' title="bbox 2052 1838 3604 1920">
     <span class='ocr_line' id='line_1_33' title="bbox 2052 1838 3604 1920; baseline 0.011 -28"><span class='ocrx_word' id='word_1_220' title='bbox 2052 1838 2178 1896; x_wconf 88' lang='lat' dir='ltr'><strong>licet</strong></span> <span class='ocrx_word' id='word_1_221' title='bbox 2217 1842 2542 1912; x_wconf 86' lang='lat' dir='ltr'><strong>clamavero,</strong></span> <span class='ocrx_word' id='word_1_222' title='bbox 2593 1860 2854 1916; x_wconf 83' lang='lat' dir='ltr'><strong>nusquam</strong></span> <span class='ocrx_word' id='word_1_223' title='bbox 2905 1858 3084 1905; x_wconf 88' lang='lat' dir='ltr'><strong>tamen</strong></span> <span class='ocrx_word' id='word_1_224' title='bbox 3122 1850 3389 1920; x_wconf 84' lang='lat' dir='ltr'><strong>judicium</strong></span> <span class='ocrx_word' id='word_1_225' title='bbox 3428 1868 3604 1910; x_wconf 88' lang='lat' dir='ltr'><strong>meum</strong></span> 
     </span>
    </p>
   </div>
   <div class='ocr_carea' id='block_1_34' title="bbox 389 1927 1987 2013">
    <p class='ocr_par' dir='ltr' id='par_1_34' title="bbox 389 1927 1944 2011">
     <span class='ocr_line' id='line_1_34' title="bbox 389 1927 1944 2011; baseline 0.009 -30"><span class='ocrx_word' id='word_1_226' title='bbox 389 1927 592 1995; x_wconf 64' lang='grc' dir='ltr'>ἔλεγενδ</span> <span class='ocrx_word' id='word_1_227' title='bbox 627 1930 723 1993; x_wconf 86' lang='grc' dir='ltr'>Ὦς</span> <span class='ocrx_word' id='word_1_228' title='bbox 758 1948 844 1994; x_wconf 89' lang='grc' dir='ltr'><strong>τις</strong></span> <span class='ocrx_word' id='word_1_229' title='bbox 900 1931 1136 2004; x_wconf 78' lang='grc' dir='ltr'>ἀθλητὴς</span> <span class='ocrx_word' id='word_1_230' title='bbox 1173 1936 1232 1988; x_wconf 87' lang='grc' dir='ltr'>ὲν</span> <span class='ocrx_word' id='word_1_231' title='bbox 1273 1937 1468 2009; x_wconf 83' lang='grc' dir='ltr'>σταδίῳ</span> <span class='ocrx_word' id='word_1_232' title='bbox 1518 1939 1763 2011; x_wconf 77' lang='grc' dir='ltr'><strong>κέκραγα</strong></span> <span class='ocrx_word' id='word_1_233' title='bbox 1789 1981 1804 2006; x_wconf 91' lang='grc'><strong>,</strong></span> <span class='ocrx_word' id='word_1_234' title='bbox 1850 1945 1944 1996; x_wconf 74' lang='grc' dir='ltr'>καὶ</span> 
     </span>
    </p>
   </div>
   <div class='ocr_carea' id='block_1_35' title="bbox 2009 1927 3607 2013">
    <p class='ocr_par' dir='ltr' id='par_1_35' title="bbox 2052 1931 3607 2013">
     <span class='ocr_line' id='line_1_35' title="bbox 2052 1931 3607 2013; baseline 0.013 -31"><span class='ocrx_word' id='word_1_235' title='bbox 2052 1931 2217 1996; x_wconf 87' lang='lat' dir='ltr'><strong>venit,</strong></span> <span class='ocrx_word' id='word_1_236' title='bbox 2247 1934 2422 1989; x_wconf 89' lang='lat' dir='ltr'><strong>adhuc</strong></span> <span class='ocrx_word' id='word_1_237' title='bbox 2443 1946 2629 2005; x_wconf 88' lang='lat' dir='ltr'><strong>certo;</strong></span> <span class='ocrx_word' id='word_1_238' title='bbox 2654 1952 2718 1992; x_wconf 91' lang='lat' dir='ltr'><strong>ac</strong></span> <span class='ocrx_word' id='word_1_239' title='bbox 2748 1938 2791 1993; x_wconf 91' lang='lat' dir='ltr'><strong>si</strong></span> <span class='ocrx_word' id='word_1_240' title='bbox 2817 1940 3077 1996; x_wconf 79' lang='lat' dir='ltr'><strong>dixisset:</strong></span> <span class='ocrx_word' id='word_1_241' title='bbox 3102 1941 3383 2013; x_wconf 84' lang='lat' dir='ltr'><strong>Tanquam</strong></span> <span class='ocrx_word' id='word_1_242' title='bbox 3403 1945 3607 2002; x_wconf 84' lang='lat' dir='ltr'><strong>athleta</strong></span> 
     </span>
    </p>
   </div>
   <div class='ocr_carea' id='block_1_36' title="bbox 383 2020 1981 2107">
    <p class='ocr_par' dir='ltr' id='par_1_36' title="bbox 383 2020 1937 2103">
     <span class='ocr_line' id='line_1_36' title="bbox 383 2020 1937 2103; baseline 0.01 -30"><span class='ocrx_word' id='word_1_243' title='bbox 383 2020 621 2092; x_wconf 83' lang='grc' dir='ltr'>οὐδαμοῦ</span> <span class='ocrx_word' id='word_1_244' title='bbox 645 2022 706 2075; x_wconf 78' lang='grc' dir='ltr'>τὸ</span> <span class='ocrx_word' id='word_1_245' title='bbox 740 2023 915 2095; x_wconf 83' lang='grc' dir='ltr'>κρῖμά</span> <span class='ocrx_word' id='word_1_246' title='bbox 944 2041 1045 2095; x_wconf 89' lang='grc' dir='ltr'><strong>μου</strong></span> <span class='ocrx_word' id='word_1_247' title='bbox 1072 2025 1442 2082; x_wconf 71' lang='grc' dir='ltr'>ὲπανίσταταν</span> <span class='ocrx_word' id='word_1_248' title='bbox 1466 2029 1545 2083; x_wconf 80' lang='grc' dir='ltr'>ἔτι</span> <span class='ocrx_word' id='word_1_249' title='bbox 1572 2030 1678 2103; x_wconf 88' lang='grc' dir='ltr'>γάρ</span> <span class='ocrx_word' id='word_1_250' title='bbox 1707 2032 1937 2088; x_wconf 87' lang='grc' dir='ltr'>παλαίω.</span> 
     </span>
    </p>
   </div>
   <div class='ocr_carea' id='block_1_37' title="bbox 2008 2020 3606 2107">
    <p class='ocr_par' dir='ltr' id='par_1_37' title="bbox 2049 2023 3606 2107">
     <span class='ocr_line' id='line_1_37' title="bbox 2049 2023 3606 2107; baseline 0.01 -30"><span class='ocrx_word' id='word_1_251' title='bbox 2049 2023 2104 2078; x_wconf 84' lang='grc' dir='ltr'>ἰη</span> <span class='ocrx_word' id='word_1_252' title='bbox 2145 2025 2324 2081; x_wconf 85' lang='lat' dir='ltr'><strong>stadio</strong></span> <span class='ocrx_word' id='word_1_253' title='bbox 2356 2027 2607 2092; x_wconf 82' lang='lat' dir='ltr'><strong>clamavi,</strong></span> <span class='ocrx_word' id='word_1_254' title='bbox 2635 2030 2899 2100; x_wconf 89' lang='lat' dir='ltr'><strong>judicium</strong></span> <span class='ocrx_word' id='word_1_255' title='bbox 2946 2044 3122 2089; x_wconf 89' lang='lat' dir='ltr'><strong>tamen</strong></span> <span class='ocrx_word' id='word_1_256' title='bbox 3175 2050 3356 2091; x_wconf 90' lang='lat' dir='ltr'><strong>meum</strong></span> <span class='ocrx_word' id='word_1_257' title='bbox 3402 2052 3606 2107; x_wconf 80' lang='lat' dir='ltr'><strong>nequa-</strong></span> 
     </span>
    </p>
   </div>
   <div class='ocr_carea' id='block_1_38' title="bbox 393 2113 1991 2200">
    <p class='ocr_par' dir='ltr' id='par_1_38' title="bbox 393 2113 1940 2200">
     <span class='ocr_line' id='line_1_38' title="bbox 393 2113 1940 2200; baseline 0.01 -33"><span class='ocrx_word' id='word_1_258' title='bbox 393 2113 521 2169; x_wconf 83' lang='grc' dir='ltr'><strong>Ἐὰν</strong></span> <span class='ocrx_word' id='word_1_259' title='bbox 552 2115 626 2187; x_wconf 82' lang='grc' dir='ltr'>μὴ</span> <span class='ocrx_word' id='word_1_260' title='bbox 653 2115 853 2171; x_wconf 79' lang='grc' dir='ltr'>τελέσω</span> <span class='ocrx_word' id='word_1_261' title='bbox 879 2117 940 2171; x_wconf 79' lang='grc' dir='ltr'>τὸ</span> <span class='ocrx_word' id='word_1_262' title='bbox 970 2119 1271 2189; x_wconf 82' lang='grc' dir='ltr'>πάλαισμα,</span> <span class='ocrx_word' id='word_1_263' title='bbox 1296 2123 1392 2176; x_wconf 83' lang='grc' dir='ltr'>οὐκ</span> <span class='ocrx_word' id='word_1_264' title='bbox 1423 2123 1638 2196; x_wconf 81' lang='grc' dir='ltr'>ἔρχεται</span> <span class='ocrx_word' id='word_1_265' title='bbox 1663 2126 1726 2180; x_wconf 84' lang='grc' dir='ltr'>τὸ</span> <span class='ocrx_word' id='word_1_266' title='bbox 1768 2132 1940 2200; x_wconf 86' lang='grc' dir='ltr'>κρῖμα</span> 
     </span>
    </p>
   </div>
   <div class='ocr_carea' id='block_1_39' title="bbox 2007 2113 3605 2200">
    <p class='ocr_par' dir='ltr' id='par_1_39' title="bbox 2048 2118 3605 2186">
     <span class='ocr_line' id='line_1_39' title="bbox 2048 2118 3605 2186; baseline 0.012 -20"><span class='ocrx_word' id='word_1_267' title='bbox 2048 2130 2213 2185; x_wconf 85' lang='lat' dir='ltr'><strong>quam</strong></span> <span class='ocrx_word' id='word_1_268' title='bbox 2262 2118 2451 2183; x_wconf 86' lang='lat' dir='ltr'><strong>instat,</strong></span> <span class='ocrx_word' id='word_1_269' title='bbox 2483 2122 2659 2177; x_wconf 85' lang='lat' dir='ltr'><strong>adhuc</strong></span> <span class='ocrx_word' id='word_1_270' title='bbox 2699 2124 2841 2178; x_wconf 85' lang='lat' dir='ltr'><strong>enim</strong></span> <span class='ocrx_word' id='word_1_271' title='bbox 2881 2124 3072 2181; x_wconf 87' lang='lat' dir='ltr'><strong>luctor.</strong></span> <span class='ocrx_word' id='word_1_272' title='bbox 3130 2127 3187 2182; x_wconf 88' lang='lat' dir='ltr'><strong>Si</strong></span> <span class='ocrx_word' id='word_1_273' title='bbox 3226 2137 3404 2184; x_wconf 88' lang='lat' dir='ltr'><strong>autem</strong></span> <span class='ocrx_word' id='word_1_274' title='bbox 3447 2131 3605 2186; x_wconf 72' lang='lat' dir='ltr'><strong>laetae</strong></span> 
     </span>
    </p>
   </div>
   <div class='ocr_carea' id='block_1_40' title="bbox 379 2204 1977 2291">
    <p class='ocr_par' dir='ltr' id='par_1_40' title="bbox 379 2204 1937 2291">
     <span class='ocr_line' id='line_1_40' title="bbox 379 2204 1937 2291; baseline 0.011 -34"><span class='ocrx_word' id='word_1_275' title='bbox 379 2204 477 2258; x_wconf 83' lang='grc' dir='ltr'><strong>τοῦ</strong></span> <span class='ocrx_word' id='word_1_276' title='bbox 504 2206 787 2276; x_wconf 80' lang='grc' dir='ltr'>στεφάνου.</span> <span class='ocrx_word' id='word_1_277' title='bbox 818 2209 927 2263; x_wconf 75' lang='grc' dir='ltr'><strong>Καὶ</strong></span> <span class='ocrx_word' id='word_1_278' title='bbox 946 2210 1117 2264; x_wconf 90' lang='grc' dir='ltr'>ταῦτά</span> <span class='ocrx_word' id='word_1_279' title='bbox 1145 2230 1341 2283; x_wconf 82' lang='grc' dir='ltr'>φαμεν,</span> <span class='ocrx_word' id='word_1_280' title='bbox 1382 2216 1467 2269; x_wconf 79' lang='grc' dir='ltr'>ἵνα</span> <span class='ocrx_word' id='word_1_281' title='bbox 1495 2216 1568 2288; x_wconf 77' lang='grc' dir='ltr'>μὴ</span> <span class='ocrx_word' id='word_1_282' title='bbox 1622 2221 1937 2291; x_wconf 84' lang='grc' dir='ltr'>κατηγορῶ-</span> 
     </span>
    </p>
   </div>
   <div class='ocr_carea' id='block_1_41' title="bbox 2001 2204 3599 2291">
    <p class='ocr_par' dir='ltr' id='par_1_41' title="bbox 2048 2207 3599 2291">
     <span class='ocr_line' id='line_1_41' title="bbox 2048 2207 3599 2291; baseline 0.013 -31"><span class='ocrx_word' id='word_1_283' title='bbox 2048 2207 2214 2263; x_wconf 80' lang='lat' dir='ltr'><strong>linem</strong></span> <span class='ocrx_word' id='word_1_284' title='bbox 2237 2226 2344 2265; x_wconf 87' lang='lat' dir='ltr'><strong>non</strong></span> <span class='ocrx_word' id='word_1_285' title='bbox 2366 2214 2693 2283; x_wconf 89' lang='lat' dir='ltr'><strong>itnposuero,</strong></span> <span class='ocrx_word' id='word_1_286' title='bbox 2715 2231 2917 2271; x_wconf 90' lang='lat' dir='ltr'><strong>corona</strong></span> <span class='ocrx_word' id='word_1_287' title='bbox 2944 2219 3076 2274; x_wconf 89' lang='lat' dir='ltr'><strong>mihi</strong></span> <span class='ocrx_word' id='word_1_288' title='bbox 3105 2236 3211 2276; x_wconf 88' lang='lat' dir='ltr'><strong>non</strong></span> <span class='ocrx_word' id='word_1_289' title='bbox 3246 2221 3599 2291; x_wconf 86' lang='lat' dir='ltr'><strong>adjudlcatur.</strong></span> 
     </span>
    </p>
   </div>
   <div class='ocr_carea' id='block_1_42' title="bbox 385 2298 1983 2385">
    <p class='ocr_par' dir='ltr' id='par_1_42' title="bbox 385 2299 1935 2377">
     <span class='ocr_line' id='line_1_42' title="bbox 385 2299 1935 2377; baseline 0.01 -26"><span class='ocrx_word' id='word_1_290' title='bbox 385 2315 486 2369; x_wconf 85' lang='grc' dir='ltr'><strong>μεν</strong></span> <span class='ocrx_word' id='word_1_291' title='bbox 510 2299 604 2353; x_wconf 83' lang='grc' dir='ltr'><strong>τοῦ</strong></span> <span class='ocrx_word' id='word_1_292' title='bbox 627 2300 783 2365; x_wconf 82' lang='grc' dir='ltr'>Θεοῦ,</span> <span class='ocrx_word' id='word_1_293' title='bbox 808 2303 891 2356; x_wconf 83' lang='grc' dir='ltr'><strong>ὅτι</strong></span> <span class='ocrx_word' id='word_1_294' title='bbox 917 2305 1151 2358; x_wconf 89' lang='grc' dir='ltr'>τοσαῦτα</span> <span class='ocrx_word' id='word_1_295' title='bbox 1178 2306 1374 2377; x_wconf 86' lang='grc' dir='ltr'><strong>πάσχει</strong></span> <span class='ocrx_word' id='word_1_296' title='bbox 1415 2308 1443 2359; x_wconf 85' lang='grc' dir='ltr'><em>ὁ</em></span> <span class='ocrx_word' id='word_1_297' title='bbox 1486 2309 1606 2363; x_wconf 79' lang='grc' dir='ltr'><strong>Ἰὼϐ</strong></span> <span class='ocrx_word' id='word_1_298' title='bbox 1631 2351 1645 2371; x_wconf 86' lang='grc'><strong>,</strong></span> <span class='ocrx_word' id='word_1_299' title='bbox 1694 2313 1785 2365; x_wconf 74' lang='grc' dir='ltr'>καὶ</span> <span class='ocrx_word' id='word_1_300' title='bbox 1843 2314 1935 2366; x_wconf 86' lang='grc' dir='ltr'><strong>οὑ-</strong></span> 
     </span>
    </p>
   </div>
   <div class='ocr_carea' id='block_1_43' title="bbox 2001 2298 3599 2385">
    <p class='ocr_par' dir='ltr' id='par_1_43' title="bbox 2047 2298 3599 2385">
     <span class='ocr_line' id='line_1_43' title="bbox 2047 2298 3599 2385; baseline 0.011 -32"><span class='ocrx_word' id='word_1_301' title='bbox 2047 2298 2170 2355; x_wconf 70' lang='grc' dir='ltr'>Ιίιιιο</span> <span class='ocrx_word' id='word_1_302' title='bbox 2226 2318 2356 2358; x_wconf 90' lang='lat' dir='ltr'><strong>vero</strong></span> <span class='ocrx_word' id='word_1_303' title='bbox 2408 2305 2657 2373; x_wconf 86' lang='lat' dir='ltr'><strong>dicimus,</strong></span> <span class='ocrx_word' id='word_1_304' title='bbox 2712 2323 2779 2363; x_wconf 91' lang='lat' dir='ltr'><strong>ne</strong></span> <span class='ocrx_word' id='word_1_305' title='bbox 2829 2308 2995 2365; x_wconf 92' lang='lat' dir='ltr'><strong>Deum</strong></span> <span class='ocrx_word' id='word_1_306' title='bbox 3052 2324 3400 2380; x_wconf 87' lang='lat' dir='ltr'><strong>accusemus,</strong></span> <span class='ocrx_word' id='word_1_307' title='bbox 3457 2318 3599 2385; x_wconf 86' lang='lat' dir='ltr'><strong>quod</strong></span> 
     </span>
    </p>
   </div>
   <div class='ocr_carea' id='block_1_44' title="bbox 377 2387 1975 2483">
    <p class='ocr_par' dir='ltr' id='par_1_44' title="bbox 377 2387 1936 2483">
     <span class='ocr_line' id='line_1_44' title="bbox 377 2387 1936 2483; baseline 0.01 -42"><span class='ocrx_word' id='word_1_308' title='bbox 377 2387 550 2459; x_wconf 89' lang='grc' dir='ltr'>δαμοῦ</span> <span class='ocrx_word' id='word_1_309' title='bbox 576 2388 639 2443; x_wconf 76' lang='grc' dir='ltr'>τὸ</span> <span class='ocrx_word' id='word_1_310' title='bbox 671 2396 863 2463; x_wconf 87' lang='grc' dir='ltr'>κρῖμα,</span> <span class='ocrx_word' id='word_1_311' title='bbox 894 2394 1167 2483; x_wconf 60' lang='grc' dir='ltr'>τουτέστιν</span> <span class='ocrx_word' id='word_1_312' title='bbox 1201 2397 1232 2465; x_wconf 82' lang='grc' dir='ltr'>ἡ</span> <span class='ocrx_word' id='word_1_313' title='bbox 1287 2398 1557 2467; x_wconf 74' lang='grc' dir='ltr'>ἀπόφασις</span> <span class='ocrx_word' id='word_1_314' title='bbox 1589 2401 1687 2471; x_wconf 81' lang='grc' dir='ltr'>τῆς</span> <span class='ocrx_word' id='word_1_315' title='bbox 1725 2400 1936 2456; x_wconf 77' lang='grc' dir='ltr'>ἐλευθε-</span> 
     </span>
    </p>
   </div>
   <div class='ocr_carea' id='block_1_45' title="bbox 1996 2387 3594 2483">
    <p class='ocr_par' dir='ltr' id='par_1_45' title="bbox 2041 2389 3594 2474">
     <span class='ocr_line' id='line_1_45' title="bbox 2041 2389 3594 2474; baseline 0.009 -27"><span class='ocrx_word' id='word_1_316' title='bbox 2041 2389 2208 2447; x_wconf 71' lang='lat' dir='ltr'><strong>Jobus</strong></span> <span class='ocrx_word' id='word_1_317' title='bbox 2256 2405 2362 2449; x_wconf 87' lang='lat' dir='ltr'><strong>tam</strong></span> <span class='ocrx_word' id='word_1_318' title='bbox 2400 2398 2585 2467; x_wconf 81' lang='lat' dir='ltr'><strong>gravia</strong></span> <span class='ocrx_word' id='word_1_319' title='bbox 2638 2409 2930 2468; x_wconf 89' lang='lat' dir='ltr'><strong>pateretur,</strong></span> <span class='ocrx_word' id='word_1_320' title='bbox 2987 2411 3045 2457; x_wconf 86' lang='lat' dir='ltr'><strong>et</strong></span> <span class='ocrx_word' id='word_1_321' title='bbox 3099 2418 3364 2474; x_wconf 89' lang='lat' dir='ltr'><strong>nusquam</strong></span> <span class='ocrx_word' id='word_1_322' title='bbox 3414 2414 3594 2461; x_wconf 79' lang='lat' dir='ltr'><strong>tamen</strong></span> 
     </span>
    </p>
   </div>
   <div class='ocr_carea' id='block_1_46' title="bbox 380 2481 1978 2561">
    <p class='ocr_par' dir='ltr' id='par_1_46' title="bbox 380 2481 1925 2561">
     <span class='ocr_line' id='line_1_46' title="bbox 380 2481 1925 2561; baseline 0.01 -28"><span class='ocrx_word' id='word_1_323' title='bbox 380 2481 525 2552; x_wconf 85' lang='grc' dir='ltr'>ρίας,</span> <span class='ocrx_word' id='word_1_324' title='bbox 555 2483 648 2536; x_wconf 83' lang='grc' dir='ltr'>καὶ</span> <span class='ocrx_word' id='word_1_325' title='bbox 666 2483 766 2555; x_wconf 85' lang='grc' dir='ltr'>τῆς</span> <span class='ocrx_word' id='word_1_326' title='bbox 791 2485 898 2539; x_wconf 86' lang='grc' dir='ltr'>τῶν</span> <span class='ocrx_word' id='word_1_327' title='bbox 925 2481 1111 2540; x_wconf 73' lang='grc' dir='ltr'>δεινῶν</span> <span class='ocrx_word' id='word_1_328' title='bbox 1136 2487 1471 2560; x_wconf 83' lang='grc' dir='ltr'>ἀπαλλαγῆς.</span> <span class='ocrx_word' id='word_1_329' title='bbox 1696 2510 1705 2517; x_wconf 90' lang='grc'><strong>·</strong></span> <span class='ocrx_word' id='word_1_330' title='bbox 1922 2560 1925 2561; x_wconf 17' lang='grc' dir='ltr'><em>ν</em></span> 
     </span>
    </p>
   </div>
   <div class='ocr_carea' id='block_1_47' title="bbox 2001 2481 3599 2561">
    <p class='ocr_par' dir='ltr' id='par_1_47' title="bbox 2036 2482 3599 2555">
     <span class='ocr_line' id='line_1_47' title="bbox 2036 2482 3599 2555; baseline 0.011 -18"><span class='ocrx_word' id='word_1_331' title='bbox 2036 2482 2301 2552; x_wconf 83' lang='lat' dir='ltr'><strong>judicium</strong></span> <span class='ocrx_word' id='word_1_332' title='bbox 2331 2498 2495 2552; x_wconf 87' lang='lat' dir='ltr'><strong>esset,</strong></span> <span class='ocrx_word' id='word_1_333' title='bbox 2544 2491 2596 2545; x_wconf 93' lang='lat' dir='ltr'><strong>id</strong></span> <span class='ocrx_word' id='word_1_334' title='bbox 2639 2503 2722 2547; x_wconf 88' lang='lat' dir='ltr'><strong>est</strong></span> <span class='ocrx_word' id='word_1_335' title='bbox 2759 2493 3025 2551; x_wconf 85' lang='lat' dir='ltr'><strong>libertatis</strong></span> <span class='ocrx_word' id='word_1_336' title='bbox 3065 2505 3120 2551; x_wconf 91' lang='lat' dir='ltr'><strong>et</strong></span> <span class='ocrx_word' id='word_1_337' title='bbox 3166 2496 3500 2555; x_wconf 87' lang='lat' dir='ltr'><strong>liberationis</strong></span> <span class='ocrx_word' id='word_1_338' title='bbox 3533 2501 3599 2554; x_wconf 86' lang='lat' dir='ltr'><strong>ab</strong></span> 
     </span>
    </p>
   </div>
   <div class='ocr_carea' id='block_1_48' title="bbox 2039 2578 2616 2635">
    <p class='ocr_par' dir='ltr' id='par_1_48' title="bbox 2039 2578 2616 2635">
     <span class='ocr_line' id='line_1_48' title="bbox 2039 2578 2616 2635; baseline 0.014 -8"><span class='ocrx_word' id='word_1_339' title='bbox 2039 2578 2298 2631; x_wconf 73' lang='lat' dir='ltr'><strong>mrumnis</strong></span> <span class='ocrx_word' id='word_1_340' title='bbox 2324 2582 2616 2635; x_wconf 88' lang='lat' dir='ltr'><strong>sententia.</strong></span> 
     </span>
    </p>
   </div>
   <div class='ocr_carea' id='block_1_49' title="bbox 907 2649 2505 2730">
    <p class='ocr_par' dir='ltr' id='par_1_49' title="bbox 907 2649 2303 2705">
     <span class='ocr_line' id='line_1_49' title="bbox 907 2649 2303 2705; baseline 0.008 -2"><span class='ocrx_word' id='word_1_341' title='bbox 907 2649 912 2656; x_wconf 81' lang='grc'><em>’</em></span> <span class='ocrx_word' id='word_1_342' title='bbox 1026 2650 1179 2704; x_wconf 82' lang='grc' dir='ltr'><strong>ΚΕΦ.</strong></span> <span class='ocrx_word' id='word_1_343' title='bbox 1215 2652 1299 2705; x_wconf 86' lang='grc' dir='ltr'><strong>Κ’.</strong></span> <span class='ocrx_word' id='word_1_344' title='bbox 2300 2690 2303 2693; x_wconf 58' lang='grc' dir='ltr'><strong>λ</strong></span> 
     </span>
    </p>
   </div>
   <div class='ocr_carea' id='block_1_50' title="bbox 1362 2649 2960 2730">
    <p class='ocr_par' dir='ltr' id='par_1_50' title="bbox 2300 2673 2960 2730">
     <span class='ocr_line' id='line_1_50' title="bbox 2300 2673 2960 2730; baseline 0.008 -5"><span class='ocrx_word' id='word_1_345' title='bbox 2300 2690 2303 2693; x_wconf 56' lang='grc' dir='ltr'><strong>λ</strong></span> <span class='ocrx_word' id='word_1_346' title='bbox 2652 2674 2801 2729; x_wconf 84' lang='lat' dir='ltr'><strong>CAP.</strong></span> <span class='ocrx_word' id='word_1_347' title='bbox 2842 2673 2960 2730; x_wconf 76' lang='lat' dir='ltr'><strong>XX.</strong></span> 
     </span>
    </p>
   </div>
   <div class='ocr_carea' id='block_1_51' title="bbox 459 2735 2057 2843">
    <p class='ocr_par' dir='ltr' id='par_1_51' title="bbox 459 2735 1932 2814">
     <span class='ocr_line' id='line_1_51' title="bbox 459 2735 1932 2814; baseline 0.01 -26"><span class='ocrx_word' id='word_1_348' title='bbox 459 2735 593 2789; x_wconf 82' lang='grc' dir='ltr'><strong>Ἐὰν</strong></span> <span class='ocrx_word' id='word_1_349' title='bbox 610 2736 802 2806; x_wconf 74' lang='grc' dir='ltr'>ἀναϐῇ</span> <span class='ocrx_word' id='word_1_350' title='bbox 831 2743 920 2805; x_wconf 85' lang='grc' dir='ltr'><strong>εις</strong></span> <span class='ocrx_word' id='word_1_351' title='bbox 949 2740 1208 2809; x_wconf 74' lang='grc' dir='ltr'><strong>οὐρανὸν</strong></span> <span class='ocrx_word' id='word_1_352' title='bbox 1227 2743 1412 2798; x_wconf 86' lang='grc' dir='ltr'>αὐτοῦ</span> <span class='ocrx_word' id='word_1_353' title='bbox 1449 2744 1520 2798; x_wconf 83' lang='grc' dir='ltr'>τὰ</span> <span class='ocrx_word' id='word_1_354' title='bbox 1556 2745 1732 2814; x_wconf 76' lang='grc' dir='ltr'>δῶρα.</span> <span class='ocrx_word' id='word_1_355' title='bbox 1763 2748 1872 2802; x_wconf 81' lang='grc' dir='ltr'><strong>Καὶ</strong></span> <span class='ocrx_word' id='word_1_356' title='bbox 1903 2752 1932 2803; x_wconf 83' lang='grc' dir='ltr'>ὁ</span> 
     </span>
    </p>
   </div>
   <div class='ocr_carea' id='block_1_52' title="bbox 1996 2735 3594 2843">
    <p class='ocr_par' dir='ltr' id='par_1_52' title="bbox 2105 2754 3594 2843">
     <span class='ocr_line' id='line_1_52' title="bbox 2105 2754 3594 2843; baseline 0.013 -34"><span class='ocrx_word' id='word_1_357' title='bbox 2105 2754 2269 2813; x_wconf 73' lang='lat' dir='ltr'><strong>Vsus.</strong></span> <span class='ocrx_word' id='word_1_358' title='bbox 2305 2759 2358 2815; x_wconf 87' lang='lat'><strong>6.</strong></span> <span class='ocrx_word' id='word_1_359' title='bbox 2402 2760 2465 2817; x_wconf 88' lang='lat' dir='ltr'><strong>Si</strong></span> <span class='ocrx_word' id='word_1_360' title='bbox 2496 2764 2837 2820; x_wconf 80' lang='lat' dir='ltr'><strong>ascenderint</strong></span> <span class='ocrx_word' id='word_1_361' title='bbox 2871 2768 2928 2820; x_wconf 85' lang='lat' dir='ltr'><strong>in</strong></span> <span class='ocrx_word' id='word_1_362' title='bbox 2953 2768 3139 2821; x_wconf 76' lang='lat' dir='ltr'><strong>caelum</strong></span> <span class='ocrx_word' id='word_1_363' title='bbox 3168 2770 3308 2824; x_wconf 87' lang='lat' dir='ltr'><strong>dona</strong></span> <span class='ocrx_word' id='word_1_364' title='bbox 3352 2772 3486 2843; x_wconf 72' lang='lat' dir='ltr'><strong>ejus.</strong></span> <span class='ocrx_word' id='word_1_365' title='bbox 3527 2772 3594 2829; x_wconf 83' lang='lat' dir='ltr'><strong>Et</strong></span> 
     </span>
    </p>
   </div>
   <div class='ocr_carea' id='block_1_53' title="bbox 371 2830 1969 2928">
    <p class='ocr_par' dir='ltr' id='par_1_53' title="bbox 371 2830 1926 2916">
     <span class='ocr_line' id='line_1_53' title="bbox 371 2830 1926 2916; baseline 0.009 -33"><span class='ocrx_word' id='word_1_366' title='bbox 371 2830 645 2900; x_wconf 78' lang='grc' dir='ltr'>αἱρετικδς</span> <span class='ocrx_word' id='word_1_367' title='bbox 662 2832 789 2887; x_wconf 85' lang='grc' dir='ltr'>ὅταν</span> <span class='ocrx_word' id='word_1_368' title='bbox 819 2833 1061 2906; x_wconf 73' lang='grc' dir='ltr'>εὔξηται,</span> <span class='ocrx_word' id='word_1_369' title='bbox 1095 2836 1222 2891; x_wconf 83' lang='grc' dir='ltr'>ὅταν</span> <span class='ocrx_word' id='word_1_370' title='bbox 1255 2842 1286 2909; x_wconf 84' lang='grc' dir='ltr'><strong>ἠ</strong></span> <span class='ocrx_word' id='word_1_371' title='bbox 1324 2838 1481 2893; x_wconf 86' lang='grc' dir='ltr'>θυσία</span> <span class='ocrx_word' id='word_1_372' title='bbox 1532 2842 1697 2896; x_wconf 86' lang='grc' dir='ltr'>αὐτοῦ</span> <span class='ocrx_word' id='word_1_373' title='bbox 1755 2844 1926 2916; x_wconf 75' lang='grc' dir='ltr'>ἀναϐῇ</span> 
     </span>
    </p>
   </div>
   <div class='ocr_carea' id='block_1_54' title="bbox 1994 2830 3592 2928">
    <p class='ocr_par' dir='ltr' id='par_1_54' title="bbox 2036 2844 3592 2928">
     <span class='ocr_line' id='line_1_54' title="bbox 2036 2844 3592 2928; baseline 0.012 -28"><span class='ocrx_word' id='word_1_374' title='bbox 2036 2844 2320 2905; x_wconf 81' lang='lat' dir='ltr'><strong>haereticus</strong></span> <span class='ocrx_word' id='word_1_375' title='bbox 2351 2867 2473 2907; x_wconf 90' lang='lat' dir='ltr'><strong>cum</strong></span> <span class='ocrx_word' id='word_1_376' title='bbox 2498 2868 2686 2922; x_wconf 90' lang='lat' dir='ltr'><strong>preces</strong></span> <span class='ocrx_word' id='word_1_377' title='bbox 2710 2859 2778 2911; x_wconf 92' lang='lat' dir='ltr'><strong>ad</strong></span> <span class='ocrx_word' id='word_1_378' title='bbox 2807 2849 2978 2912; x_wconf 86' lang='lat' dir='ltr'><strong>Deum</strong></span> <span class='ocrx_word' id='word_1_379' title='bbox 3005 2858 3228 2928; x_wconf 78' lang='lat' dir='ltr'><strong>fuderit,</strong></span> <span class='ocrx_word' id='word_1_380' title='bbox 3262 2876 3385 2917; x_wconf 91' lang='lat' dir='ltr'><strong>cum</strong></span> <span class='ocrx_word' id='word_1_381' title='bbox 3422 2864 3592 2919; x_wconf 76' lang='lat' dir='ltr'><strong>sacri-</strong></span> 
     </span>
    </p>
   </div>
   <div class='ocr_carea' id='block_1_55' title="bbox 368 2921 1966 3020">
    <p class='ocr_par' dir='ltr' id='par_1_55' title="bbox 368 2921 1929 3011">
     <span class='ocr_line' id='line_1_55' title="bbox 368 2921 1929 3011; baseline 0.01 -38"><span class='ocrx_word' id='word_1_382' title='bbox 368 2923 437 2990; x_wconf 78' lang='grc' dir='ltr'><strong>τῇ</strong></span> <span class='ocrx_word' id='word_1_383' title='bbox 470 2921 762 2994; x_wconf 75' lang='grc' dir='ltr'>ὑψηγορίᾳ,</span> <span class='ocrx_word' id='word_1_384' title='bbox 805 2925 934 2980; x_wconf 84' lang='grc' dir='ltr'>ὅταν</span> <span class='ocrx_word' id='word_1_385' title='bbox 983 2925 1113 2998; x_wconf 84' lang='grc' dir='ltr'><strong>δοκῇ</strong></span> <span class='ocrx_word' id='word_1_386' title='bbox 1182 2931 1624 3011; x_wconf 81' lang='grc' dir='ltr'>κατεστηρίχθαι,</span> <span class='ocrx_word' id='word_1_387' title='bbox 1675 2934 1793 2987; x_wconf 89' lang='grc' dir='ltr'>τότε</span> <span class='ocrx_word' id='word_1_388' title='bbox 1848 2937 1929 3000; x_wconf 82' lang='grc' dir='ltr'><strong>είς</strong></span> 
     </span>
    </p>
   </div>
   <div class='ocr_carea' id='block_1_56' title="bbox 1994 2921 3592 3020">
    <p class='ocr_par' dir='ltr' id='par_1_56' title="bbox 2034 2921 3592 3020">
     <span class='ocr_line' id='line_1_56' title="bbox 2034 2921 3592 3020; baseline 0.011 -28"><span class='ocrx_word' id='word_1_389' title='bbox 2034 2939 2213 2994; x_wconf 83' lang='lat' dir='ltr'><strong>licium</strong></span> <span class='ocrx_word' id='word_1_390' title='bbox 2258 2942 2374 3011; x_wconf 87' lang='lat' dir='ltr'><strong>ejus</strong></span> <span class='ocrx_word' id='word_1_391' title='bbox 2417 2921 2539 2998; x_wconf 87' lang='lat' dir='ltr'><strong>cunt</strong></span> <span class='ocrx_word' id='word_1_392' title='bbox 2584 2942 2726 3001; x_wconf 86' lang='lat' dir='ltr'><strong>fastu</strong></span> <span class='ocrx_word' id='word_1_393' title='bbox 2777 2956 2834 3001; x_wconf 90' lang='lat' dir='ltr'><strong>et</strong></span> <span class='ocrx_word' id='word_1_394' title='bbox 2888 2950 3387 3020; x_wconf 86' lang='lat' dir='ltr'><strong>superbiloquentia</strong></span> <span class='ocrx_word' id='word_1_395' title='bbox 3430 2954 3592 3011; x_wconf 87' lang='lat' dir='ltr'><strong>altius</strong></span> 
     </span>
    </p>
   </div>
   <div class='ocr_carea' id='block_1_57' title="bbox 370 3004 1968 3102">
    <p class='ocr_par' dir='ltr' id='par_1_57' title="bbox 370 3004 1928 3098">
     <span class='ocr_line' id='line_1_57' title="bbox 370 3004 1928 3098; baseline 0.01 -33"><span class='ocrx_word' id='word_1_396' title='bbox 370 3013 521 3078; x_wconf 84' lang='grc' dir='ltr'>τελος</span> <span class='ocrx_word' id='word_1_397' title='bbox 549 3014 846 3070; x_wconf 72' lang='grc' dir='ltr'>ἀπολεῖται*</span> <span class='ocrx_word' id='word_1_398' title='bbox 879 3020 913 3089; x_wconf 77' lang='grc' dir='ltr'><strong>ἡ</strong></span> <span class='ocrx_word' id='word_1_399' title='bbox 941 3018 1048 3091; x_wconf 84' lang='grc' dir='ltr'>γὰρ</span> <span class='ocrx_word' id='word_1_400' title='bbox 1082 3020 1212 3092; x_wconf 82' lang='grc' dir='ltr'>εὐχὴ</span> <span class='ocrx_word' id='word_1_401' title='bbox 1246 3004 1427 3076; x_wconf 73' lang='grc' dir='ltr'><strong>⁶αὑτοῦ</strong></span> <span class='ocrx_word' id='word_1_402' title='bbox 1478 3024 1747 3091; x_wconf 76' lang='grc' dir='ltr'>λογίζεται</span> <span class='ocrx_word' id='word_1_403' title='bbox 1780 3025 1928 3098; x_wconf 77' lang='grc' dir='ltr'><strong>αὑτῷ</strong></span> 
     </span>
    </p>
   </div>
   <div class='ocr_carea' id='block_1_58' title="bbox 1993 3004 3591 3102">
    <p class='ocr_par' dir='ltr' id='par_1_58' title="bbox 2035 3030 3591 3102">
     <span class='ocr_line' id='line_1_58' title="bbox 2035 3030 3591 3102; baseline 0.012 -19"><span class='ocrx_word' id='word_1_404' title='bbox 2035 3030 2360 3100; x_wconf 85' lang='lat' dir='ltr'><strong>ascenderit,</strong></span> <span class='ocrx_word' id='word_1_405' title='bbox 2399 3049 2521 3090; x_wconf 90' lang='lat' dir='ltr'><strong>cum</strong></span> <span class='ocrx_word' id='word_1_406' title='bbox 2565 3052 2650 3092; x_wconf 90' lang='lat' dir='ltr'><strong>res</strong></span> <span class='ocrx_word' id='word_1_407' title='bbox 2691 3053 2803 3093; x_wconf 72' lang='lat' dir='ltr'><strong>sua:</strong></span> <span class='ocrx_word' id='word_1_408' title='bbox 2833 3038 3009 3095; x_wconf 87' lang='lat' dir='ltr'><strong>stabili</strong></span> <span class='ocrx_word' id='word_1_409' title='bbox 3039 3042 3090 3095; x_wconf 91' lang='lat' dir='ltr'><strong>in</strong></span> <span class='ocrx_word' id='word_1_410' title='bbox 3126 3041 3247 3098; x_wconf 91' lang='lat' dir='ltr'><strong>loco</strong></span> <span class='ocrx_word' id='word_1_411' title='bbox 3281 3057 3402 3100; x_wconf 89' lang='lat' dir='ltr'><strong>esse</strong></span> <span class='ocrx_word' id='word_1_412' title='bbox 3436 3047 3591 3102; x_wconf 87' lang='lat' dir='ltr'><strong>vide-</strong></span> 
     </span>
    </p>
   </div>
   <div class='ocr_carea' id='block_1_59' title="bbox 368 3106 1966 3202">
    <p class='ocr_par' dir='ltr' id='par_1_59' title="bbox 368 3106 1966 3189">
     <span class='ocr_line' id='line_1_59' title="bbox 368 3106 1966 3189; baseline 0.009 -31"><span class='ocrx_word' id='word_1_413' title='bbox 368 3106 452 3169; x_wconf 84' lang='grc' dir='ltr'><strong>είς</strong></span> <span class='ocrx_word' id='word_1_414' title='bbox 475 3106 772 3180; x_wconf 82' lang='grc' dir='ltr'>ἁμαρτίαν.</span> <span class='ocrx_word' id='word_1_415' title='bbox 806 3112 867 3163; x_wconf 77' lang='grc' dir='ltr'><strong>υἱ</strong></span> <span class='ocrx_word' id='word_1_416' title='bbox 922 3110 980 3164; x_wconf 82' lang='grc' dir='ltr'>δὲ</span> <span class='ocrx_word' id='word_1_417' title='bbox 1035 3113 1233 3174; x_wconf 83' lang='grc' dir='ltr'>εἰδότες</span> <span class='ocrx_word' id='word_1_418' title='bbox 1286 3114 1450 3168; x_wconf 84' lang='grc' dir='ltr'>αὑτοῦ</span> <span class='ocrx_word' id='word_1_419' title='bbox 1508 3115 1578 3168; x_wconf 84' lang='grc' dir='ltr'><strong>τά</strong></span> <span class='ocrx_word' id='word_1_420' title='bbox 1636 3117 1966 3189; x_wconf 69' lang='grc' dir='ltr'>σφάλματα(</span> 
     </span>
    </p>
   </div>
   <div class='ocr_carea' id='block_1_60' title="bbox 1990 3106 3588 3202">
    <p class='ocr_par' dir='ltr' id='par_1_60' title="bbox 1990 3119 3588 3202">
     <span class='ocr_line' id='line_1_60' title="bbox 1990 3119 3588 3202; baseline 0.012 -30"><span class='ocrx_word' id='word_1_421' title='bbox 1990 3119 2249 3188; x_wconf 66' lang='grc' dir='ltr'>ἰὺυηιιιιι,</span> <span class='ocrx_word' id='word_1_422' title='bbox 2295 3134 2423 3179; x_wconf 92' lang='lat' dir='ltr'><strong>tunc</strong></span> <span class='ocrx_word' id='word_1_423' title='bbox 2474 3124 2714 3182; x_wconf 91' lang='lat' dir='ltr'><strong>funditus</strong></span> <span class='ocrx_word' id='word_1_424' title='bbox 2750 3128 3029 3195; x_wconf 86' lang='lat' dir='ltr'><strong>interibit;</strong></span> <span class='ocrx_word' id='word_1_425' title='bbox 3057 3130 3173 3198; x_wconf 90' lang='lat' dir='ltr'><strong>ejus</strong></span> <span class='ocrx_word' id='word_1_426' title='bbox 3204 3133 3350 3187; x_wconf 91' lang='lat' dir='ltr'><strong>enim</strong></span> <span class='ocrx_word' id='word_1_427' title='bbox 3394 3146 3588 3202; x_wconf 81' lang='lat' dir='ltr'><strong>preces</strong></span> 
     </span>
    </p>
   </div>
   <div class='ocr_carea' id='block_1_61' title="bbox 368 3198 1966 3287">
    <p class='ocr_par' dir='ltr' id='par_1_61' title="bbox 368 3198 1934 3275">
     <span class='ocr_line' id='line_1_61' title="bbox 368 3198 1934 3275; baseline 0.009 -23"><span class='ocrx_word' id='word_1_428' title='bbox 368 3198 804 3260; x_wconf 77' lang='grc' dir='ltr'>ἐκκλησιαστικοὶ</span> <span class='ocrx_word' id='word_1_429' title='bbox 844 3202 1091 3275; x_wconf 77' lang='grc' dir='ltr'>ἐροῦμενο</span> <span class='ocrx_word' id='word_1_430' title='bbox 1129 3204 1239 3259; x_wconf 88' lang='grc' dir='ltr'><strong>Ποῦ</strong></span> <span class='ocrx_word' id='word_1_431' title='bbox 1267 3207 1402 3261; x_wconf 80' lang='grc' dir='ltr'>εἰσιν</span> <span class='ocrx_word' id='word_1_432' title='bbox 1440 3210 1488 3261; x_wconf 87' lang='grc' dir='ltr'><strong>οί</strong></span> <span class='ocrx_word' id='word_1_433' title='bbox 1531 3208 1760 3263; x_wconf 89' lang='grc' dir='ltr'>τοιοῦτοι</span> <span class='ocrx_word' id='word_1_434' title='bbox 1844 3213 1934 3266; x_wconf 84' lang='grc' dir='ltr'><strong>ὲν-</strong></span> 
     </span>
    </p>
   </div>
   <div class='ocr_carea' id='block_1_62' title="bbox 1990 3198 3588 3287">
    <p class='ocr_par' dir='ltr' id='par_1_62' title="bbox 2031 3198 3588 3287">
     <span class='ocr_line' id='line_1_62' title="bbox 2031 3198 3588 3287; baseline 0.008 -23"><span class='ocrx_word' id='word_1_435' title='bbox 2031 3210 2107 3264; x_wconf 90' lang='lat' dir='ltr'><strong>illi</strong></span> <span class='ocrx_word' id='word_1_436' title='bbox 2145 3227 2245 3282; x_wconf 92' lang='lat' dir='ltr'><strong>pro</strong></span> <span class='ocrx_word' id='word_1_437' title='bbox 2278 3224 2497 3283; x_wconf 83' lang='lat' dir='ltr'><strong>peccato</strong></span> <span class='ocrx_word' id='word_1_438' title='bbox 2540 3218 2964 3287; x_wconf 87' lang='lat' dir='ltr'><strong>imputabuntur.</strong></span> <span class='ocrx_word' id='word_1_439' title='bbox 3013 3219 3121 3277; x_wconf 84' lang='lat' dir='ltr'><strong>Nos</strong></span> <span class='ocrx_word' id='word_1_440' title='bbox 3159 3235 3288 3277; x_wconf 89' lang='lat' dir='ltr'><strong>vero</strong></span> <span class='ocrx_word' id='word_1_441' title='bbox 3328 3198 3588 3279; x_wconf 78' lang='lat' dir='ltr'><strong>ecclesia-</strong></span> 
     </span>
    </p>
   </div>
   <div class='ocr_carea' id='block_1_63' title="bbox 358 3290 1956 3379">
    <p class='ocr_par' dir='ltr' id='par_1_63' title="bbox 358 3290 1923 3371">
     <span class='ocr_line' id='line_1_63' title="bbox 358 3290 1923 3371; baseline 0.01 -32"><span class='ocrx_word' id='word_1_442' title='bbox 358 3290 849 3359; x_wconf 73' lang='grc' dir='ltr'>υπνιαζόμενοικαὶ</span> <span class='ocrx_word' id='word_1_443' title='bbox 864 3294 1291 3361; x_wconf 80' lang='grc' dir='ltr'>ἀναπλάττοντες</span> <span class='ocrx_word' id='word_1_444' title='bbox 1339 3299 1551 3362; x_wconf 77' lang='grc' dir='ltr'>ἑαυτοῖς</span> <span class='ocrx_word' id='word_1_445' title='bbox 1597 3298 1923 3371; x_wconf 81' lang='grc' dir='ltr'>σφάλματα;</span> 
     </span>
    </p>
   </div>
   <div class='ocr_carea' id='block_1_64' title="bbox 1991 3290 3589 3379">
    <p class='ocr_par' dir='ltr' id='par_1_64' title="bbox 2027 3301 3589 3379">
     <span class='ocr_line' id='line_1_64' title="bbox 2027 3301 3589 3379; baseline 0.011 -25"><span class='ocrx_word' id='word_1_446' title='bbox 2027 3301 2171 3369; x_wconf 89' lang='lat' dir='ltr'><strong>stici,</strong></span> <span class='ocrx_word' id='word_1_447' title='bbox 2198 3305 2396 3370; x_wconf 89' lang='lat' dir='ltr'><strong>quibus</strong></span> <span class='ocrx_word' id='word_1_448' title='bbox 2413 3306 2529 3376; x_wconf 84' lang='lat' dir='ltr'><strong>ejus</strong></span> <span class='ocrx_word' id='word_1_449' title='bbox 2552 3322 2766 3364; x_wconf 88' lang='lat' dir='ltr'><strong>errores</strong></span> <span class='ocrx_word' id='word_1_450' title='bbox 2791 3311 2990 3379; x_wconf 90' lang='lat' dir='ltr'><strong>cogniti</strong></span> <span class='ocrx_word' id='word_1_451' title='bbox 3013 3321 3160 3378; x_wconf 87' lang='lat' dir='ltr'><strong>sunt,</strong></span> <span class='ocrx_word' id='word_1_452' title='bbox 3184 3313 3428 3370; x_wconf 89' lang='lat' dir='ltr'><strong>dicemus</strong></span> <span class='ocrx_word' id='word_1_453' title='bbox 3453 3333 3467 3371; x_wconf 91' lang='lat'><strong>:</strong></span> <span class='ocrx_word' id='word_1_454' title='bbox 3490 3316 3589 3371; x_wconf 87' lang='lat' dir='ltr'><strong>Ubi</strong></span> 
     </span>
    </p>
   </div>
   <div class='ocr_carea' id='block_1_65' title="bbox 366 3380 1964 3475">
    <p class='ocr_par' dir='ltr' id='par_1_65' title="bbox 366 3380 1927 3462">
     <span class='ocr_line' id='line_1_65' title="bbox 366 3380 1927 3462; baseline 0.009 -29"><span class='ocrx_word' id='word_1_455' title='bbox 366 3380 443 3433; x_wconf 82' lang='grc' dir='ltr'><strong>Οὐ</strong></span> <span class='ocrx_word' id='word_1_456' title='bbox 479 3382 544 3453; x_wconf 77' lang='grc' dir='ltr'>τῇ</span> <span class='ocrx_word' id='word_1_457' title='bbox 572 3382 799 3456; x_wconf 75' lang='grc' dir='ltr'>ἀληθείᾳ</span> <span class='ocrx_word' id='word_1_458' title='bbox 843 3384 941 3457; x_wconf 81' lang='grc' dir='ltr'>τὴν</span> <span class='ocrx_word' id='word_1_459' title='bbox 1016 3386 1255 3445; x_wconf 87' lang='grc' dir='ltr'>διάνοιαν</span> <span class='ocrx_word' id='word_1_460' title='bbox 1304 3389 1638 3461; x_wconf 80' lang='grc' dir='ltr'>ἐπερείδουσι</span> <span class='ocrx_word' id='word_1_461' title='bbox 1698 3392 1927 3462; x_wconf 85' lang='grc' dir='ltr'>σφαλλό-</span> 
     </span>
    </p>
   </div>
   <div class='ocr_carea' id='block_1_66' title="bbox 1987 3380 3585 3475">
    <p class='ocr_par' dir='ltr' id='par_1_66' title="bbox 2026 3395 3585 3475">
     <span class='ocr_line' id='line_1_66' title="bbox 2026 3395 3585 3475; baseline 0.01 -29"><span class='ocrx_word' id='word_1_462' title='bbox 2026 3401 2153 3447; x_wconf 83' lang='grc' dir='ltr'>ευιιι</span> <span class='ocrx_word' id='word_1_463' title='bbox 2199 3395 2286 3449; x_wconf 86' lang='lat' dir='ltr'><strong>isti</strong></span> <span class='ocrx_word' id='word_1_464' title='bbox 2334 3399 2723 3466; x_wconf 89' lang='lat' dir='ltr'><strong>somniatores,</strong></span> <span class='ocrx_word' id='word_1_465' title='bbox 2767 3402 2859 3471; x_wconf 88' lang='lat' dir='ltr'><strong>qui</strong></span> <span class='ocrx_word' id='word_1_466' title='bbox 2893 3417 3103 3459; x_wconf 91' lang='lat' dir='ltr'><strong>errores</strong></span> <span class='ocrx_word' id='word_1_467' title='bbox 3128 3405 3229 3459; x_wconf 85' lang='lat' dir='ltr'><strong>sibi</strong></span> <span class='ocrx_word' id='word_1_468' title='bbox 3262 3405 3396 3475; x_wconf 88' lang='lat' dir='ltr'><strong>ipsis</strong></span> <span class='ocrx_word' id='word_1_469' title='bbox 3434 3421 3585 3463; x_wconf 88' lang='lat' dir='ltr'><strong>com-</strong></span> 
     </span>
    </p>
   </div>
   <div class='ocr_carea' id='block_1_67' title="bbox 367 3471 1965 3558">
    <p class='ocr_par' dir='ltr' id='par_1_67' title="bbox 367 3471 1925 3546">
     <span class='ocr_line' id='line_1_67' title="bbox 367 3471 1925 3546; baseline 0.01 -25"><span class='ocrx_word' id='word_1_470' title='bbox 367 3485 541 3540; x_wconf 80' lang='grc' dir='ltr'><strong>μενοι⁸</strong></span> <span class='ocrx_word' id='word_1_471' title='bbox 581 3471 677 3524; x_wconf 78' lang='grc' dir='ltr'>καὶ</span> <span class='ocrx_word' id='word_1_472' title='bbox 708 3472 944 3540; x_wconf 89' lang='grc' dir='ltr'>γίνονται</span> <span class='ocrx_word' id='word_1_473' title='bbox 974 3472 1162 3546; x_wconf 81' lang='grc' dir='ltr'>ὥσπερ</span> <span class='ocrx_word' id='word_1_474' title='bbox 1209 3476 1457 3532; x_wconf 80' lang='grc' dir='ltr'>ἐνύπνιον</span> <span class='ocrx_word' id='word_1_475' title='bbox 1509 3480 1862 3545; x_wconf 82' lang='grc' dir='ltr'>ὲκπετασθὲν,</span> <span class='ocrx_word' id='word_1_476' title='bbox 1895 3482 1925 3537; x_wconf 79' lang='grc' dir='ltr'><strong>ὃ</strong></span> 
     </span>
    </p>
   </div>
   <div class='ocr_carea' id='block_1_68' title="bbox 1990 3471 3588 3558">
    <p class='ocr_par' dir='ltr' id='par_1_68' title="bbox 2028 3484 3588 3558">
     <span class='ocr_line' id='line_1_68' title="bbox 2028 3484 3588 3558; baseline 0.012 -23"><span class='ocrx_word' id='word_1_477' title='bbox 2028 3484 2440 3540; x_wconf 88' lang='lat' dir='ltr'><strong>miniscuntur?</strong></span> <span class='ocrx_word' id='word_1_478' title='bbox 2474 3488 2688 3558; x_wconf 87' lang='lat' dir='ltr'><strong>Decepti</strong></span> <span class='ocrx_word' id='word_1_479' title='bbox 2726 3502 2957 3546; x_wconf 90' lang='lat' dir='ltr'><strong>mentem</strong></span> <span class='ocrx_word' id='word_1_480' title='bbox 2994 3495 3228 3550; x_wconf 83' lang='lat' dir='ltr'><strong>veritate</strong></span> <span class='ocrx_word' id='word_1_481' title='bbox 3273 3512 3378 3552; x_wconf 92' lang='lat' dir='ltr'><strong>non</strong></span> <span class='ocrx_word' id='word_1_482' title='bbox 3418 3499 3588 3554; x_wconf 86' lang='lat' dir='ltr'><strong>stabi-</strong></span> 
     </span>
    </p>
   </div>
   <div class='ocr_carea' id='block_1_69' title="bbox 360 3561 1958 3651">
    <p class='ocr_par' dir='ltr' id='par_1_69' title="bbox 360 3561 1924 3641">
     <span class='ocr_line' id='line_1_69' title="bbox 360 3561 1924 3641; baseline 0.009 -26"><span class='ocrx_word' id='word_1_483' title='bbox 360 3561 424 3616; x_wconf 83' lang='grc' dir='ltr'>οὐ</span> <span class='ocrx_word' id='word_1_484' title='bbox 457 3562 532 3635; x_wconf 83' lang='grc' dir='ltr'>μὴ</span> <span class='ocrx_word' id='word_1_485' title='bbox 565 3563 784 3637; x_wconf 78' lang='grc' dir='ltr'>εὑρεθῇ.</span> <span class='ocrx_word' id='word_1_486' title='bbox 821 3565 1065 3620; x_wconf 86' lang='grc' dir='ltr'>Τοιοῦτόν</span> <span class='ocrx_word' id='word_1_487' title='bbox 1096 3585 1148 3620; x_wconf 82' lang='grc' dir='ltr'>τι</span> <span class='ocrx_word' id='word_1_488' title='bbox 1173 3569 1265 3622; x_wconf 77' lang='grc' dir='ltr'>καὶ</span> <span class='ocrx_word' id='word_1_489' title='bbox 1291 3569 1676 3641; x_wconf 80' lang='grc' dir='ltr'>Δαυῒδψάλλει·</span> <span class='ocrx_word' id='word_1_490' title='bbox 1717 3592 1734 3624; x_wconf 81' lang='grc' dir='ltr'>ι</span> <span class='ocrx_word' id='word_1_491' title='bbox 1775 3575 1837 3627; x_wconf 84' lang='lat' dir='ltr'><strong>0i</strong></span> <span class='ocrx_word' id='word_1_492' title='bbox 1867 3575 1924 3629; x_wconf 83' lang='grc' dir='ltr'>δὲ</span> 
     </span>
    </p>
   </div>
   <div class='ocr_carea' id='block_1_70' title="bbox 1987 3561 3585 3651">
    <p class='ocr_par' dir='ltr' id='par_1_70' title="bbox 2024 3570 3585 3651">
     <span class='ocr_line' id='line_1_70' title="bbox 2024 3570 3585 3651; baseline 0.011 -27"><span class='ocrx_word' id='word_1_493' title='bbox 2024 3570 2179 3637; x_wconf 89' lang='lat' dir='ltr'><strong>liunt,</strong></span> <span class='ocrx_word' id='word_1_494' title='bbox 2211 3589 2273 3628; x_wconf 87' lang='lat' dir='ltr'><strong>ac</strong></span> <span class='ocrx_word' id='word_1_495' title='bbox 2306 3585 2556 3645; x_wconf 89' lang='lat' dir='ltr'><strong>tauquam</strong></span> <span class='ocrx_word' id='word_1_496' title='bbox 2592 3580 2884 3648; x_wconf 87' lang='lat' dir='ltr'><strong>somnium,</strong></span> <span class='ocrx_word' id='word_1_497' title='bbox 2913 3584 3053 3651; x_wconf 91' lang='lat' dir='ltr'><strong>quod</strong></span> <span class='ocrx_word' id='word_1_498' title='bbox 3081 3584 3318 3639; x_wconf 89' lang='lat' dir='ltr'><strong>avolavit</strong></span> <span class='ocrx_word' id='word_1_499' title='bbox 3349 3594 3405 3642; x_wconf 85' lang='lat' dir='ltr'><strong>et</strong></span> <span class='ocrx_word' id='word_1_500' title='bbox 3455 3603 3585 3643; x_wconf 66' lang='lat' dir='ltr'><strong>nus~</strong></span> 
     </span>
    </p>
   </div>
   <div class='ocr_carea' id='block_1_71' title="bbox 358 3654 1956 3738">
    <p class='ocr_par' dir='ltr' id='par_1_71' title="bbox 358 3654 1922 3738">
     <span class='ocr_line' id='line_1_71' title="bbox 358 3654 1922 3738; baseline 0.009 -31"><span class='ocrx_word' id='word_1_501' title='bbox 358 3654 546 3727; x_wconf 72' lang='grc' dir='ltr'>ἐχθροὶ</span> <span class='ocrx_word' id='word_1_502' title='bbox 580 3654 677 3710; x_wconf 88' lang='grc' dir='ltr'><strong>τοῦ</strong></span> <span class='ocrx_word' id='word_1_503' title='bbox 728 3658 932 3730; x_wconf 81' lang='grc' dir='ltr'>Κυρίου</span> <span class='ocrx_word' id='word_1_504' title='bbox 981 3658 1245 3725; x_wconf 78' lang='grc' dir='ltr'>ἐξέλιπον.</span> <span class='ocrx_word' id='word_1_505' title='bbox 1290 3662 1436 3733; x_wconf 71' lang='grc' dir='ltr'>’Ἅμα</span> <span class='ocrx_word' id='word_1_506' title='bbox 1490 3665 1550 3718; x_wconf 89' lang='grc' dir='ltr'>τὸ</span> <span class='ocrx_word' id='word_1_507' title='bbox 1600 3664 1922 3738; x_wconf 62' lang='grc' dir='ltr'>δοξασθῖυιαι</span> 
     </span>
    </p>
   </div>
   <div class='ocr_carea' id='block_1_72' title="bbox 1982 3654 3580 3738">
    <p class='ocr_par' dir='ltr' id='par_1_72' title="bbox 2021 3662 3580 3732">
     <span class='ocr_line' id='line_1_72' title="bbox 2021 3662 3580 3732; baseline 0.015 -24"><span class='ocrx_word' id='word_1_508' title='bbox 2021 3671 2183 3725; x_wconf 83' lang='lat' dir='ltr'><strong>quam</strong></span> <span class='ocrx_word' id='word_1_509' title='bbox 2234 3662 2560 3729; x_wconf 87' lang='lat' dir='ltr'><strong>invenietur,</strong></span> <span class='ocrx_word' id='word_1_510' title='bbox 2611 3670 2867 3723; x_wconf 85' lang='lat' dir='ltr'><strong>evadunt.</strong></span> <span class='ocrx_word' id='word_1_511' title='bbox 2902 3669 3041 3725; x_wconf 82' lang='lat' dir='ltr'><strong>lluic</strong></span> <span class='ocrx_word' id='word_1_512' title='bbox 3090 3673 3268 3730; x_wconf 88' lang='lat' dir='ltr'><strong>simile</strong></span> <span class='ocrx_word' id='word_1_513' title='bbox 3318 3674 3485 3731; x_wconf 84' lang='lat' dir='ltr'><strong>David</strong></span> <span class='ocrx_word' id='word_1_514' title='bbox 3526 3678 3580 3732; x_wconf 73' lang='lat' dir='ltr'><strong>in</strong></span> 
     </span>
    </p>
   </div>
   <div class='ocr_carea' id='block_1_73' title="bbox 357 3746 1955 3826">
    <p class='ocr_par' dir='ltr' id='par_1_73' title="bbox 357 3747 1922 3826">
     <span class='ocr_line' id='line_1_73' title="bbox 357 3747 1922 3826; baseline 0.009 -26"><span class='ocrx_word' id='word_1_515' title='bbox 357 3747 556 3812; x_wconf 83' lang='grc' dir='ltr'>αὐτοὺς</span> <span class='ocrx_word' id='word_1_516' title='bbox 587 3748 682 3803; x_wconf 75' lang='grc' dir='ltr'>καὶ</span> <span class='ocrx_word' id='word_1_517' title='bbox 706 3749 980 3821; x_wconf 73' lang='grc' dir='ltr'>ὑψωθῆναι</span> <span class='ocrx_word' id='word_1_518' title='bbox 1010 3752 1348 3818; x_wconf 76' lang='grc' dir='ltr'>ἐκλείποντες</span> <span class='ocrx_word' id='word_1_519' title='bbox 1375 3755 1508 3810; x_wconf 84' lang='grc' dir='ltr'>ὡσεὶ</span> <span class='ocrx_word' id='word_1_520' title='bbox 1553 3758 1757 3822; x_wconf 79' lang='grc' dir='ltr'>καπνὸς</span> <span class='ocrx_word' id='word_1_521' title='bbox 1807 3759 1922 3826; x_wconf 74' lang='grc' dir='ltr'><strong>ἐξέ-</strong></span> 
     </span>
    </p>
   </div>
   <div class='ocr_carea' id='block_1_74' title="bbox 1979 3746 3577 3826">
    <p class='ocr_par' dir='ltr' id='par_1_74' title="bbox 2021 3746 3577 3823">
     <span class='ocr_line' id='line_1_74' title="bbox 2021 3746 3577 3823; baseline 0.015 -22"><span class='ocrx_word' id='word_1_522' title='bbox 2021 3746 2247 3805; x_wconf 82' lang='lat' dir='ltr'><strong>Psalmis</strong></span> <span class='ocrx_word' id='word_1_523' title='bbox 2279 3755 2424 3808; x_wconf 87' lang='lat' dir='ltr'><strong>canit</strong></span> <span class='ocrx_word' id='word_1_524' title='bbox 2466 3756 2525 3809; x_wconf 76' lang='grc' dir='ltr'><strong>σε</strong></span> <span class='ocrx_word' id='word_1_525' title='bbox 2562 3773 2583 3807; x_wconf 76' lang='grc' dir='ltr'>ι</span> <span class='ocrx_word' id='word_1_526' title='bbox 2629 3756 2831 3812; x_wconf 88' lang='lat' dir='ltr'><strong>Inimici</strong></span> <span class='ocrx_word' id='word_1_527' title='bbox 2880 3771 3059 3816; x_wconf 89' lang='lat' dir='ltr'><strong>autem</strong></span> <span class='ocrx_word' id='word_1_528' title='bbox 3110 3763 3321 3821; x_wconf 88' lang='lat' dir='ltr'><strong>Domini</strong></span> <span class='ocrx_word' id='word_1_529' title='bbox 3360 3768 3577 3823; x_wconf 53' lang='lat' dir='ltr'><strong>defecea</strong></span> 
     </span>
    </p>
   </div>
   <div class='ocr_carea' id='block_1_75' title="bbox 356 3833 1954 3924">
    <p class='ocr_par' dir='ltr' id='par_1_75' title="bbox 356 3833 1919 3924">
     <span class='ocr_line' id='line_1_75' title="bbox 356 3833 1919 3924; baseline 0.01 -34"><span class='ocrx_word' id='word_1_530' title='bbox 356 3833 535 3895; x_wconf 85' lang='grc' dir='ltr'>λιπον’</span> <span class='ocrx_word' id='word_1_531' title='bbox 572 3859 593 3894; x_wconf 73' lang='grc' dir='ltr'><strong>ι</strong></span> <span class='ocrx_word' id='word_1_532' title='bbox 640 3842 736 3896; x_wconf 77' lang='grc' dir='ltr'>καὶ</span> <span class='ocrx_word' id='word_1_533' title='bbox 795 3842 980 3897; x_wconf 75' lang='grc' dir='ltr'>πάλιν*</span> <span class='ocrx_word' id='word_1_534' title='bbox 1028 3862 1048 3896; x_wconf 77' lang='grc' dir='ltr'><strong>ι</strong></span> <span class='ocrx_word' id='word_1_535' title='bbox 1092 3843 1233 3897; x_wconf 82' lang='grc' dir='ltr'>Ὦσεὶ</span> <span class='ocrx_word' id='word_1_536' title='bbox 1284 3848 1533 3901; x_wconf 80' lang='grc' dir='ltr'>ἐνύπνιον</span> <span class='ocrx_word' id='word_1_537' title='bbox 1575 3849 1919 3924; x_wconf 83' lang='grc' dir='ltr'>ὲξεγειρομέ-</span> 
     </span>
    </p>
   </div>
   <div class='ocr_carea' id='block_1_76' title="bbox 1981 3833 3579 3924">
    <p class='ocr_par' dir='ltr' id='par_1_76' title="bbox 2021 3844 3579 3917">
     <span class='ocr_line' id='line_1_76' title="bbox 2021 3844 3579 3917; baseline 0.015 -23"><span class='ocrx_word' id='word_1_538' title='bbox 2021 3851 2166 3896; x_wconf 86' lang='lat' dir='ltr'><strong>runt.</strong></span> <span class='ocrx_word' id='word_1_539' title='bbox 2205 3864 2223 3896; x_wconf 74' lang='grc' dir='ltr'><strong>ι</strong></span> <span class='ocrx_word' id='word_1_540' title='bbox 2262 3844 2327 3899; x_wconf 86' lang='lat' dir='ltr'><strong>Et</strong></span> <span class='ocrx_word' id='word_1_541' title='bbox 2359 3863 2544 3902; x_wconf 87' lang='lat' dir='ltr'><strong>rursus</strong></span> <span class='ocrx_word' id='word_1_542' title='bbox 2580 3848 2642 3903; x_wconf 78' lang='grc' dir='ltr'><strong>ἰ</strong></span> <span class='ocrx_word' id='word_1_543' title='bbox 2681 3865 2700 3898; x_wconf 78' lang='lat' dir='ltr'><strong>t</strong></span> <span class='ocrx_word' id='word_1_544' title='bbox 2738 3848 2861 3904; x_wconf 81' lang='lat' dir='ltr'><strong>Mox</strong></span> <span class='ocrx_word' id='word_1_545' title='bbox 2903 3861 2965 3906; x_wconf 91' lang='lat' dir='ltr'><strong>ut</strong></span> <span class='ocrx_word' id='word_1_546' title='bbox 3006 3855 3345 3912; x_wconf 85' lang='lat' dir='ltr'><strong>honoriﬁcati</strong></span> <span class='ocrx_word' id='word_1_547' title='bbox 3378 3857 3579 3917; x_wconf 82' lang='lat' dir='ltr'><strong>fueritit</strong></span> 
     </span>
    </p>
   </div>
   <div class='ocr_carea' id='block_1_77' title="bbox 357 3936 3573 4016">
    <p class='ocr_par' dir='ltr' id='par_1_77' title="bbox 357 3936 3573 4016">
     <span class='ocr_line' id='line_1_77' title="bbox 357 3936 3573 4016; baseline 0.007 -30"><span class='ocrx_word' id='word_1_548' title='bbox 357 3946 483 3987; x_wconf 86' lang='grc' dir='ltr'>νων.</span> <span class='ocrx_word' id='word_1_549' title='bbox 524 3950 546 3986; x_wconf 75' lang='grc' dir='ltr'>ι</span> <span class='ocrx_word' id='word_1_550' title='bbox 2016 3943 2070 3986; x_wconf 85' lang='lat' dir='ltr'><strong>et</strong></span> <span class='ocrx_word' id='word_1_551' title='bbox 2113 3936 2365 4005; x_wconf 80' lang='lat' dir='ltr'><strong>exaltati,</strong></span> <span class='ocrx_word' id='word_1_552' title='bbox 2415 3939 2726 3997; x_wconf 83' lang='lat' dir='ltr'><strong>deﬁcientes</strong></span> <span class='ocrx_word' id='word_1_553' title='bbox 2756 3944 2900 3998; x_wconf 89' lang='lat' dir='ltr'><strong>sicut</strong></span> <span class='ocrx_word' id='word_1_554' title='bbox 2936 3943 3117 4003; x_wconf 91' lang='lat' dir='ltr'><strong>fumus</strong></span> <span class='ocrx_word' id='word_1_555' title='bbox 3152 3948 3513 4016; x_wconf 84' lang='lat' dir='ltr'><strong>defecerunt;</strong></span> <span class='ocrx_word' id='word_1_556' title='bbox 3552 3974 3573 4008; x_wconf 75' lang='grc' dir='ltr'><strong>ι</strong></span> 
     </span>
    </p>
   </div>
   <div class='ocr_carea' id='block_1_78' title="bbox 2014 4030 3578 4119">
    <p class='ocr_par' dir='ltr' id='par_1_78' title="bbox 2014 4030 3578 4119">
     <span class='ocr_line' id='line_1_78' title="bbox 2014 4030 3578 4119; baseline 0.004 -36"><span class='ocrx_word' id='word_1_557' title='bbox 2014 4040 2070 4084; x_wconf 91' lang='lat' dir='ltr'><strong>et</strong></span> <span class='ocrx_word' id='word_1_558' title='bbox 2117 4031 2176 4084; x_wconf 72' lang='grc' dir='ltr'>δε</span> <span class='ocrx_word' id='word_1_559' title='bbox 2218 4048 2236 4081; x_wconf 79' lang='grc' dir='ltr'><strong>ι</strong></span> <span class='ocrx_word' id='word_1_560' title='bbox 2269 4030 2548 4101; x_wconf 83' lang='lat' dir='ltr'><strong>Tanquam</strong></span> <span class='ocrx_word' id='word_1_561' title='bbox 2611 4036 2879 4090; x_wconf 83' lang='lat' dir='ltr'><strong>somnium</strong></span> <span class='ocrx_word' id='word_1_562' title='bbox 2934 4051 3122 4092; x_wconf 88' lang='lat' dir='ltr'><strong>eorum</strong></span> <span class='ocrx_word' id='word_1_563' title='bbox 3173 4041 3265 4111; x_wconf 88' lang='lat' dir='ltr'><strong>qui</strong></span> <span class='ocrx_word' id='word_1_564' title='bbox 3323 4048 3578 4119; x_wconf 70' lang='lat' dir='ltr'><strong>expet-gi-</strong></span> 
     </span>
    </p>
   </div>
   <div class='ocr_carea' id='block_1_79' title="bbox 2013 4131 2321 4177">
    <p class='ocr_par' dir='ltr' id='par_1_79' title="bbox 2013 4131 2321 4177">
     <span class='ocr_line' id='line_1_79' title="bbox 2013 4131 2321 4177; baseline -0.003 -2"><span class='ocrx_word' id='word_1_565' title='bbox 2013 4131 2262 4177; x_wconf 88' lang='lat' dir='ltr'><strong>scttntur.</strong></span> <span class='ocrx_word' id='word_1_566' title='bbox 2300 4141 2321 4174; x_wconf 75' lang='grc' dir='ltr'><strong>ι</strong></span> 
     </span>
    </p>
   </div>
   <div class='ocr_carea' id='block_1_80' title="bbox 424 4206 2022 4294">
    <p class='ocr_par' dir='ltr' id='par_1_80' title="bbox 424 4206 1910 4287">
     <span class='ocr_line' id='line_1_80' title="bbox 424 4206 1910 4287; baseline 0.009 -27"><span class='ocrx_word' id='word_1_567' title='bbox 424 4206 691 4276; x_wconf 69' lang='grc' dir='ltr'>Πλοῦτος</span> <span class='ocrx_word' id='word_1_568' title='bbox 733 4209 954 4278; x_wconf 80' lang='grc' dir='ltr'>ἀδίκως</span> <span class='ocrx_word' id='word_1_569' title='bbox 1009 4215 1421 4284; x_wconf 70' lang='grc' dir='ltr'>συναγόμενος</span> <span class='ocrx_word' id='word_1_570' title='bbox 1472 4216 1910 4287; x_wconf 75' lang='grc' dir='ltr'>ἐξεμεθ,ξσεται.</span> 
     </span>
    </p>
   </div>
   <div class='ocr_carea' id='block_1_81' title="bbox 1974 4206 3572 4294">
    <p class='ocr_par' dir='ltr' id='par_1_81' title="bbox 2086 4212 3572 4294">
     <span class='ocr_line' id='line_1_81' title="bbox 2086 4212 3572 4294; baseline 0.011 -27"><span class='ocrx_word' id='word_1_571' title='bbox 2086 4213 2248 4268; x_wconf 76' lang='lat' dir='ltr'><strong>Vens.</strong></span> <span class='ocrx_word' id='word_1_572' title='bbox 2287 4213 2372 4272; x_wconf 80' lang='grc'><strong>15.</strong></span> <span class='ocrx_word' id='word_1_573' title='bbox 2397 4212 2557 4285; x_wconf 77' lang='lat'><strong>502</strong></span> <span class='ocrx_word' id='word_1_574' title='bbox 2600 4214 2811 4272; x_wconf 66' lang='lat' dir='ltr'><strong>Divitiis</strong></span> <span class='ocrx_word' id='word_1_575' title='bbox 2857 4219 3037 4290; x_wconf 80' lang='lat' dir='ltr'><strong>inique</strong></span> <span class='ocrx_word' id='word_1_576' title='bbox 3085 4235 3410 4294; x_wconf 73' lang='lat' dir='ltr'><strong>congregata:</strong></span> <span class='ocrx_word' id='word_1_577' title='bbox 3452 4243 3572 4282; x_wconf 81' lang='lat' dir='ltr'><strong>evo-</strong></span> 
     </span>
    </p>
   </div>
   <div class='ocr_carea' id='block_1_82' title="bbox 351 4291 1949 4386">
    <p class='ocr_par' dir='ltr' id='par_1_82' title="bbox 351 4291 1913 4378">
     <span class='ocr_line' id='line_1_82' title="bbox 351 4291 1913 4378; baseline 0.01 -31"><span class='ocrx_word' id='word_1_578' title='bbox 351 4291 483 4352; x_wconf 76' lang='grc' dir='ltr'>Οἶδα</span> <span class='ocrx_word' id='word_1_579' title='bbox 499 4299 592 4352; x_wconf 75' lang='grc' dir='ltr'>καὶ</span> <span class='ocrx_word' id='word_1_580' title='bbox 619 4298 773 4354; x_wconf 79' lang='grc' dir='ltr'>ἄλλον</span> <span class='ocrx_word' id='word_1_581' title='bbox 801 4302 1027 4358; x_wconf 89' lang='grc' dir='ltr'>πλοῦτον</span> <span class='ocrx_word' id='word_1_582' title='bbox 1058 4305 1257 4369; x_wconf 87' lang='grc' dir='ltr'>ἀδίκως</span> <span class='ocrx_word' id='word_1_583' title='bbox 1289 4297 1653 4378; x_wconf 75' lang='grc' dir='ltr'>συναγόμενον</span> <span class='ocrx_word' id='word_1_584' title='bbox 1673 4348 1687 4370; x_wconf 89' lang='grc'><strong>,</strong></span> <span class='ocrx_word' id='word_1_585' title='bbox 1735 4308 1827 4362; x_wconf 85' lang='grc' dir='ltr'>τὸν</span> <span class='ocrx_word' id='word_1_586' title='bbox 1855 4310 1913 4362; x_wconf 85' lang='grc' dir='ltr'>ὲν</span> 
     </span>
    </p>
   </div>
   <div class='ocr_carea' id='block_1_83' title="bbox 1974 4291 3572 4386">
    <p class='ocr_par' dir='ltr' id='par_1_83' title="bbox 2012 4291 3572 4386">
     <span class='ocr_line' id='line_1_83' title="bbox 2012 4291 3572 4386; baseline 0.008 -27"><span class='ocrx_word' id='word_1_587' title='bbox 2012 4315 2248 4360; x_wconf 72' lang='lat' dir='ltr'><strong>meatur.</strong></span> <span class='ocrx_word' id='word_1_588' title='bbox 2280 4302 2411 4361; x_wconf 80' lang='lat' dir='ltr'><strong>Novi</strong></span> <span class='ocrx_word' id='word_1_589' title='bbox 2443 4309 2608 4361; x_wconf 90' lang='lat' dir='ltr'><strong>etiam</strong></span> <span class='ocrx_word' id='word_1_590' title='bbox 2633 4318 2689 4363; x_wconf 88' lang='lat' dir='ltr'><strong>et</strong></span> <span class='ocrx_word' id='word_1_591' title='bbox 2715 4309 2858 4364; x_wconf 88' lang='lat' dir='ltr'><strong>aliud</strong></span> <span class='ocrx_word' id='word_1_592' title='bbox 2887 4311 3088 4381; x_wconf 90' lang='lat' dir='ltr'><strong>injuste</strong></span> <span class='ocrx_word' id='word_1_593' title='bbox 3130 4291 3572 4386; x_wconf 78' lang='lat' dir='ltr'><strong>comparatarum</strong></span> 
     </span>
    </p>
   </div>
   <div class='ocr_carea' id='block_1_84' title="bbox 346 4387 1944 4468">
    <p class='ocr_par' dir='ltr' id='par_1_84' title="bbox 346 4387 1944 4468">
     <span class='ocr_line' id='line_1_84' title="bbox 346 4387 1944 4468; baseline 0.009 -30"><span class='ocrx_word' id='word_1_594' title='bbox 346 4388 463 4451; x_wconf 84' lang='grc' dir='ltr'>τοῖς</span> <span class='ocrx_word' id='word_1_595' title='bbox 492 4387 668 4457; x_wconf 82' lang='grc' dir='ltr'>λόγοις</span> <span class='ocrx_word' id='word_1_596' title='bbox 689 4391 799 4445; x_wconf 85' lang='grc' dir='ltr'>τῶν</span> <span class='ocrx_word' id='word_1_597' title='bbox 855 4394 1163 4464; x_wconf 82' lang='grc' dir='ltr'>αἱρετικῶν,</span> <span class='ocrx_word' id='word_1_598' title='bbox 1185 4395 1235 4448; x_wconf 80' lang='grc' dir='ltr'>οἳ</span> <span class='ocrx_word' id='word_1_599' title='bbox 1280 4395 1460 4467; x_wconf 78' lang='grc' dir='ltr'>ἔχουσι</span> <span class='ocrx_word' id='word_1_600' title='bbox 1504 4395 1794 4468; x_wconf 86' lang='grc' dir='ltr'>μαθήματα</span> <span class='ocrx_word' id='word_1_601' title='bbox 1827 4400 1911 4452; x_wconf 84' lang='grc' dir='ltr'><strong>ὲν-</strong></span> <span class='ocrx_word' id='word_1_602' title='bbox 1943 4464 1944 4468; x_wconf 20' lang='grc' dir='ltr'><strong>η</strong></span> 
     </span>
    </p>
   </div>
   <div class='ocr_carea' id='block_1_85' title="bbox 1974 4387 3572 4468">
    <p class='ocr_par' dir='ltr' id='par_1_85' title="bbox 1974 4387 3572 4468">
     <span class='ocr_line' id='line_1_85' title="bbox 1974 4387 3572 4468; baseline 0.013 -26"><span class='ocrx_word' id='word_1_603' title='bbox 1974 4463 1980 4468; x_wconf 77' lang='lat'><strong><em>_</em></strong></span> <span class='ocrx_word' id='word_1_604' title='bbox 2012 4387 2326 4449; x_wconf 79' lang='lat' dir='ltr'><strong>divitiarum</strong></span> <span class='ocrx_word' id='word_1_605' title='bbox 2348 4411 2539 4466; x_wconf 87' lang='lat' dir='ltr'><strong>genus.</strong></span> <span class='ocrx_word' id='word_1_606' title='bbox 2560 4399 2703 4467; x_wconf 90' lang='lat' dir='ltr'><strong>quod</strong></span> <span class='ocrx_word' id='word_1_607' title='bbox 2732 4399 2787 4453; x_wconf 91' lang='lat' dir='ltr'><strong>in</strong></span> <span class='ocrx_word' id='word_1_608' title='bbox 2807 4401 3189 4458; x_wconf 68' lang='lat' dir='ltr'><strong>haereticorum</strong></span> <span class='ocrx_word' id='word_1_609' title='bbox 3225 4407 3572 4462; x_wconf 86' lang='lat' dir='ltr'><strong>sermonibus</strong></span> 
     </span>
    </p>
   </div>
   <div class='ocr_carea' id='block_1_86' title="bbox 345 4458 1943 4565">
    <p class='ocr_par' dir='ltr' id='par_1_86' title="bbox 345 4458 1943 4559">
     <span class='ocr_line' id='line_1_86' title="bbox 345 4458 1943 4559; baseline 0.006 -27"><span class='ocrx_word' id='word_1_610' title='bbox 345 4479 504 4534; x_wconf 82' lang='grc' dir='ltr'>αντία</span> <span class='ocrx_word' id='word_1_611' title='bbox 531 4483 643 4544; x_wconf 82' lang='grc' dir='ltr'>τοῖς</span> <span class='ocrx_word' id='word_1_612' title='bbox 661 4481 889 4553; x_wconf 86' lang='grc' dir='ltr'>δόγμασι</span> <span class='ocrx_word' id='word_1_613' title='bbox 918 4458 1020 4556; x_wconf 70' lang='grc' dir='ltr'>τῆς</span> <span class='ocrx_word' id='word_1_614' title='bbox 1052 4458 1342 4556; x_wconf 70' lang='grc' dir='ltr'>ἀληθείαςῖ</span> <span class='ocrx_word' id='word_1_615' title='bbox 1361 4458 1664 4559; x_wconf 64' lang='grc' dir='ltr'>ὲγγάστρια</span> <span class='ocrx_word' id='word_1_616' title='bbox 1702 4489 1901 4541; x_wconf 65' lang='grc' dir='ltr'>αὐτῶνθ</span> <span class='ocrx_word' id='word_1_617' title='bbox 1940 4505 1943 4515; x_wconf 80' lang='lat'><em>‘</em></span> 
     </span>
    </p>
   </div>
   <div class='ocr_carea' id='block_1_87' title="bbox 1973 4458 3571 4565">
    <p class='ocr_par' dir='ltr' id='par_1_87' title="bbox 1973 4462 3571 4565">
     <span class='ocr_line' id='line_1_87' title="bbox 1973 4462 3571 4565; baseline 0.011 -31"><span class='ocrx_word' id='word_1_618' title='bbox 1973 4462 2264 4552; x_wconf 68' lang='lat' dir='ltr'><strong>’apparet,</strong></span> <span class='ocrx_word' id='word_1_619' title='bbox 2313 4492 2402 4556; x_wconf 90' lang='lat' dir='ltr'><strong>qui</strong></span> <span class='ocrx_word' id='word_1_620' title='bbox 2452 4488 2726 4544; x_wconf 88' lang='lat' dir='ltr'><strong>doctrinas</strong></span> <span class='ocrx_word' id='word_1_621' title='bbox 2756 4492 3005 4547; x_wconf 89' lang='lat' dir='ltr'><strong>veritatis</strong></span> <span class='ocrx_word' id='word_1_622' title='bbox 3050 4495 3398 4565; x_wconf 79' lang='lat' dir='ltr'><strong>dogmatibus</strong></span> <span class='ocrx_word' id='word_1_623' title='bbox 3439 4512 3571 4552; x_wconf 89' lang='lat' dir='ltr'><strong>cou-</strong></span> 
     </span>
    </p>
   </div>
   <div class='ocr_carea' id='block_1_88' title="bbox 341 4570 1939 4659">
    <p class='ocr_par' dir='ltr' id='par_1_88' title="bbox 341 4570 1905 4649">
     <span class='ocr_line' id='line_1_88' title="bbox 341 4570 1905 4649; baseline 0.004 -23"><span class='ocrx_word' id='word_1_624' title='bbox 341 4570 382 4626; x_wconf 74' lang='grc' dir='ltr'>ἃ</span> <span class='ocrx_word' id='word_1_625' title='bbox 411 4572 509 4625; x_wconf 77' lang='grc' dir='ltr'>οὐκ</span> <span class='ocrx_word' id='word_1_626' title='bbox 534 4572 648 4627; x_wconf 80' lang='grc' dir='ltr'>ἐστι</span> <span class='ocrx_word' id='word_1_627' title='bbox 680 4575 900 4643; x_wconf 83' lang='grc' dir='ltr'>γλυκέα,</span> <span class='ocrx_word' id='word_1_628' title='bbox 932 4576 1066 4630; x_wconf 88' lang='grc' dir='ltr'><strong>ἀλλά</strong></span> <span class='ocrx_word' id='word_1_629' title='bbox 1101 4596 1120 4629; x_wconf 77' lang='grc' dir='ltr'><strong>ι</strong></span> <span class='ocrx_word' id='word_1_630' title='bbox 1151 4577 1281 4649; x_wconf 82' lang='grc' dir='ltr'>χολὴ</span> <span class='ocrx_word' id='word_1_631' title='bbox 1314 4578 1537 4642; x_wconf 85' lang='grc' dir='ltr'>ἀσπίδος</span> <span class='ocrx_word' id='word_1_632' title='bbox 1562 4619 1576 4639; x_wconf 81' lang='lat'><strong>.</strong></span> <span class='ocrx_word' id='word_1_633' title='bbox 1610 4599 1629 4631; x_wconf 71' lang='grc' dir='ltr'><strong>ι</strong></span> <span class='ocrx_word' id='word_1_634' title='bbox 1664 4580 1905 4634; x_wconf 80' lang='grc' dir='ltr'>τουτέστι</span> 
     </span>
    </p>
   </div>
   <div class='ocr_carea' id='block_1_89' title="bbox 1967 4570 3565 4659">
    <p class='ocr_par' dir='ltr' id='par_1_89' title="bbox 2014 4574 3565 4659">
     <span class='ocr_line' id='line_1_89' title="bbox 2014 4574 3565 4659; baseline 0.012 -35"><span class='ocrx_word' id='word_1_635' title='bbox 2014 4574 2209 4628; x_wconf 90' lang='lat' dir='ltr'><strong>trarias</strong></span> <span class='ocrx_word' id='word_1_636' title='bbox 2239 4575 2289 4629; x_wconf 90' lang='lat' dir='ltr'><strong>iu</strong></span> <span class='ocrx_word' id='word_1_637' title='bbox 2319 4586 2507 4632; x_wconf 88' lang='lat' dir='ltr'><strong>ventre</strong></span> <span class='ocrx_word' id='word_1_638' title='bbox 2536 4594 2599 4633; x_wconf 84' lang='lat' dir='ltr'><strong>ac</strong></span> <span class='ocrx_word' id='word_1_639' title='bbox 2641 4579 2940 4637; x_wconf 86' lang='lat' dir='ltr'><strong>visceribus</strong></span> <span class='ocrx_word' id='word_1_640' title='bbox 2971 4584 3190 4649; x_wconf 82' lang='lat' dir='ltr'><strong>habent,</strong></span> <span class='ocrx_word' id='word_1_641' title='bbox 3223 4601 3342 4655; x_wconf 71' lang='lat' dir='ltr'><strong>qua:</strong></span> <span class='ocrx_word' id='word_1_642' title='bbox 3380 4592 3565 4659; x_wconf 72' lang='lat' dir='ltr'><strong>gustui</strong></span> 
     </span>
    </p>
   </div>
   <div class='ocr_carea' id='block_1_90' title="bbox 341 4661 1939 4743">
    <p class='ocr_par' dir='ltr' id='par_1_90' title="bbox 341 4665 1905 4743">
     <span class='ocr_line' id='line_1_90' title="bbox 341 4665 1905 4743; baseline 0.006 -26"><span class='ocrx_word' id='word_1_643' title='bbox 341 4665 574 4736; x_wconf 85' lang='grc' dir='ltr'>πονηρά·</span> <span class='ocrx_word' id='word_1_644' title='bbox 598 4665 675 4730; x_wconf 85' lang='grc' dir='ltr'>ὡς</span> <span class='ocrx_word' id='word_1_645' title='bbox 700 4666 914 4739; x_wconf 71' lang='grc' dir='ltr'>εἴρηται</span> <span class='ocrx_word' id='word_1_646' title='bbox 946 4671 1004 4723; x_wconf 81' lang='grc' dir='ltr'>ἐν</span> <span class='ocrx_word' id='word_1_647' title='bbox 1033 4670 1432 4741; x_wconf 86' lang='grc' dir='ltr'>Δευτερονομιῳ</span> <span class='ocrx_word' id='word_1_648' title='bbox 1465 4673 1522 4724; x_wconf 77' lang='grc' dir='ltr'>ἐν</span> <span class='ocrx_word' id='word_1_649' title='bbox 1565 4671 1673 4743; x_wconf 80' lang='grc' dir='ltr'>ᾠδῇ</span> <span class='ocrx_word' id='word_1_650' title='bbox 1738 4673 1905 4726; x_wconf 81' lang='grc' dir='ltr'><strong>Μωῦ-</strong></span> 
     </span>
    </p>
   </div>
   <div class='ocr_carea' id='block_1_91' title="bbox 1969 4661 3567 4743">
    <p class='ocr_par' dir='ltr' id='par_1_91' title="bbox 2010 4661 3567 4743">
     <span class='ocr_line' id='line_1_91' title="bbox 2010 4661 3567 4743; baseline 0.012 -29"><span class='ocrx_word' id='word_1_651' title='bbox 2010 4661 2197 4717; x_wconf 87' lang='lat' dir='ltr'><strong>dttlces</strong></span> <span class='ocrx_word' id='word_1_652' title='bbox 2226 4679 2330 4718; x_wconf 91' lang='lat' dir='ltr'><strong>non</strong></span> <span class='ocrx_word' id='word_1_653' title='bbox 2364 4678 2511 4734; x_wconf 88' lang='lat' dir='ltr'><strong>sunt,</strong></span> <span class='ocrx_word' id='word_1_654' title='bbox 2547 4669 2639 4723; x_wconf 86' lang='lat' dir='ltr'><strong>sed</strong></span> <span class='ocrx_word' id='word_1_655' title='bbox 2671 4688 2691 4722; x_wconf 75' lang='grc' dir='ltr'>ι</span> <span class='ocrx_word' id='word_1_656' title='bbox 2720 4669 2791 4725; x_wconf 91' lang='lat' dir='ltr'><strong>fel</strong></span> <span class='ocrx_word' id='word_1_657' title='bbox 2823 4672 3052 4741; x_wconf 90' lang='lat' dir='ltr'><strong>aspidis,</strong></span> <span class='ocrx_word' id='word_1_658' title='bbox 3092 4693 3111 4725; x_wconf 75' lang='grc' dir='ltr'>ι</span> <span class='ocrx_word' id='word_1_659' title='bbox 3150 4675 3202 4729; x_wconf 90' lang='lat' dir='ltr'><strong>id</strong></span> <span class='ocrx_word' id='word_1_660' title='bbox 3233 4685 3339 4743; x_wconf 90' lang='lat' dir='ltr'><strong>est,</strong></span> <span class='ocrx_word' id='word_1_661' title='bbox 3366 4678 3567 4732; x_wconf 68' lang='lat' dir='ltr'><strong>vitiatae</strong></span> 
     </span>
    </p>
   </div>
   <div class='ocr_carea' id='block_1_92' title="bbox 342 4754 1940 4832">
    <p class='ocr_par' dir='ltr' id='par_1_92' title="bbox 342 4754 1902 4832">
     <span class='ocr_line' id='line_1_92' title="bbox 342 4754 1902 4832; baseline 0.006 -24"><span class='ocrx_word' id='word_1_662' title='bbox 342 4755 482 4820; x_wconf 82' lang='grc' dir='ltr'>σὲως</span> <span class='ocrx_word' id='word_1_663' title='bbox 514 4754 756 4830; x_wconf 76' lang='grc' dir='ltr'>περὶτοῦ</span> <span class='ocrx_word' id='word_1_664' title='bbox 802 4759 943 4813; x_wconf 82' lang='grc' dir='ltr'>οἴνου</span> <span class='ocrx_word' id='word_1_665' title='bbox 975 4760 1074 4832; x_wconf 83' lang='grc' dir='ltr'>τῆς</span> <span class='ocrx_word' id='word_1_666' title='bbox 1117 4761 1464 4827; x_wconf 76' lang='grc' dir='ltr'>διδασκαλίας</span> <span class='ocrx_word' id='word_1_667' title='bbox 1502 4763 1703 4817; x_wconf 82' lang='grc' dir='ltr'>αὐτῶν·</span> <span class='ocrx_word' id='word_1_668' title='bbox 1743 4783 1761 4814; x_wconf 77' lang='grc' dir='ltr'>ι</span> <span class='ocrx_word' id='word_1_669' title='bbox 1809 4765 1902 4818; x_wconf 88' lang='grc' dir='ltr'>Ἐκ</span> 
     </span>
    </p>
   </div>
   <div class='ocr_carea' id='block_1_93' title="bbox 1966 4754 3564 4832">
    <p class='ocr_par' dir='ltr' id='par_1_93' title="bbox 2005 4762 3564 4829">
     <span class='ocr_line' id='line_1_93' title="bbox 2005 4762 3564 4829; baseline 0.01 -22"><span class='ocrx_word' id='word_1_670' title='bbox 2005 4763 2062 4807; x_wconf 89' lang='lat' dir='ltr'><strong>et</strong></span> <span class='ocrx_word' id='word_1_671' title='bbox 2093 4765 2403 4825; x_wconf 78' lang='lat' dir='ltr'><strong>corruptae;</strong></span> <span class='ocrx_word' id='word_1_672' title='bbox 2454 4762 2908 4829; x_wconf 86' lang='lat' dir='ltr'><strong>quemadmodum</strong></span> <span class='ocrx_word' id='word_1_673' title='bbox 2955 4766 3007 4819; x_wconf 92' lang='lat' dir='ltr'><strong>in</strong></span> <span class='ocrx_word' id='word_1_674' title='bbox 3056 4767 3472 4824; x_wconf 87' lang='lat' dir='ltr'><strong>Deuteronomiu</strong></span> <span class='ocrx_word' id='word_1_675' title='bbox 3514 4778 3564 4823; x_wconf 90' lang='lat' dir='ltr'><strong>et</strong></span> 
     </span>
    </p>
   </div>
   <div class='ocr_carea' id='block_1_94' title="bbox 335 4845 1933 4939">
    <p class='ocr_par' dir='ltr' id='par_1_94' title="bbox 335 4851 1901 4928">
     <span class='ocr_line' id='line_1_94' title="bbox 335 4851 1901 4928; baseline 0.005 -23"><span class='ocrx_word' id='word_1_676' title='bbox 335 4851 450 4924; x_wconf 84' lang='grc' dir='ltr'>γὰρ</span> <span class='ocrx_word' id='word_1_677' title='bbox 477 4853 719 4924; x_wconf 85' lang='grc' dir='ltr'>ἀμπέλου</span> <span class='ocrx_word' id='word_1_678' title='bbox 764 4853 1008 4926; x_wconf 87' lang='grc' dir='ltr'>Σοδόμων</span> <span class='ocrx_word' id='word_1_679' title='bbox 1039 4858 1071 4926; x_wconf 82' lang='grc' dir='ltr'>ἡ</span> <span class='ocrx_word' id='word_1_680' title='bbox 1120 4855 1358 4928; x_wconf 82' lang='grc' dir='ltr'>ἄμπελος</span> <span class='ocrx_word' id='word_1_681' title='bbox 1410 4856 1609 4911; x_wconf 78' lang='grc' dir='ltr'>αὐτῶν.</span> <span class='ocrx_word' id='word_1_682' title='bbox 1645 4879 1665 4912; x_wconf 68' lang='grc' dir='ltr'>ι</span> <span class='ocrx_word' id='word_1_683' title='bbox 1714 4859 1848 4913; x_wconf 84' lang='grc' dir='ltr'>Ἀλλ’</span> <span class='ocrx_word' id='word_1_684' title='bbox 1872 4861 1901 4913; x_wconf 88' lang='grc' dir='ltr'><strong>ὁ</strong></span> 
     </span>
    </p>
   </div>
   <div class='ocr_carea' id='block_1_95' title="bbox 1964 4845 3562 4939">
    <p class='ocr_par' dir='ltr' id='par_1_95' title="bbox 2007 4845 3562 4939">
     <span class='ocr_line' id='line_1_95' title="bbox 2007 4845 3562 4939; baseline 0.013 -42"><span class='ocrx_word' id='word_1_685' title='bbox 2007 4845 2221 4899; x_wconf 84' lang='lat' dir='ltr'><strong>cantico</strong></span> <span class='ocrx_word' id='word_1_686' title='bbox 2265 4847 2464 4918; x_wconf 84' lang='lat' dir='ltr'><strong>Moysis</strong></span> <span class='ocrx_word' id='word_1_687' title='bbox 2517 4850 2584 4905; x_wconf 87' lang='lat' dir='ltr'><strong>de</strong></span> <span class='ocrx_word' id='word_1_688' title='bbox 2636 4853 2896 4910; x_wconf 74' lang='lat' dir='ltr'><strong>doctrina:</strong></span> <span class='ocrx_word' id='word_1_689' title='bbox 2948 4871 3137 4912; x_wconf 83' lang='lat' dir='ltr'><strong>eorum</strong></span> <span class='ocrx_word' id='word_1_690' title='bbox 3184 4858 3313 4939; x_wconf 84' lang='lat' dir='ltr'><strong>vino</strong></span> <span class='ocrx_word' id='word_1_691' title='bbox 3360 4862 3562 4916; x_wconf 84' lang='lat' dir='ltr'><strong>dictum</strong></span> 
     </span>
    </p>
   </div>
   <div class='ocr_carea' id='block_1_96' title="bbox 337 4936 1935 5013">
    <p class='ocr_par' dir='ltr' id='par_1_96' title="bbox 337 4941 1899 5013">
     <span class='ocr_line' id='line_1_96' title="bbox 337 4941 1899 5013; baseline 0.005 -17"><span class='ocrx_word' id='word_1_692' title='bbox 337 4941 542 5010; x_wconf 79' lang='grc' dir='ltr'>ἀγαθὸς</span> <span class='ocrx_word' id='word_1_693' title='bbox 568 4943 700 5007; x_wconf 81' lang='grc' dir='ltr'>Θεὸς</span> <span class='ocrx_word' id='word_1_694' title='bbox 728 4945 829 4997; x_wconf 78' lang='grc' dir='ltr'>οὐκ</span> <span class='ocrx_word' id='word_1_695' title='bbox 860 4946 1009 4999; x_wconf 88' lang='grc' dir='ltr'>ὲάσει</span> <span class='ocrx_word' id='word_1_696' title='bbox 1041 4946 1236 5012; x_wconf 75' lang='grc' dir='ltr'>αὐτοὺς</span> <span class='ocrx_word' id='word_1_697' title='bbox 1258 4945 1486 5001; x_wconf 87' lang='grc' dir='ltr'>πλοῦτον</span> <span class='ocrx_word' id='word_1_698' title='bbox 1507 4948 1708 5013; x_wconf 86' lang='grc' dir='ltr'>ἀδίκως</span> <span class='ocrx_word' id='word_1_699' title='bbox 1739 4966 1899 5004; x_wconf 88' lang='grc' dir='ltr'>συνα-</span> 
     </span>
    </p>
   </div>
   <div class='ocr_carea' id='block_1_97' title="bbox 1963 4936 3561 5013">
    <p class='ocr_par' dir='ltr' id='par_1_97' title="bbox 2002 4936 3561 5007">
     <span class='ocr_line' id='line_1_97' title="bbox 2002 4936 3561 5007; baseline 0.01 -17"><span class='ocrx_word' id='word_1_700' title='bbox 2002 4948 2087 4991; x_wconf 86' lang='lat' dir='ltr'><strong>est</strong></span> <span class='ocrx_word' id='word_1_701' title='bbox 2112 4936 2132 4968; x_wconf 84' lang='grc'><strong><em>⁹</em></strong></span> <span class='ocrx_word' id='word_1_702' title='bbox 2168 4955 2182 4992; x_wconf 90' lang='lat'><strong>:</strong></span> <span class='ocrx_word' id='word_1_703' title='bbox 2225 4957 2244 4990; x_wconf 77' lang='grc' dir='ltr'>ι</span> <span class='ocrx_word' id='word_1_704' title='bbox 2287 4938 2500 4994; x_wconf 83' lang='lat' dir='ltr'><strong>Etenim</strong></span> <span class='ocrx_word' id='word_1_705' title='bbox 2528 4956 2596 4996; x_wconf 83' lang='lat' dir='ltr'><strong>ex</strong></span> <span class='ocrx_word' id='word_1_706' title='bbox 2626 4944 2737 4999; x_wconf 79' lang='lat' dir='ltr'><strong>vite</strong></span> <span class='ocrx_word' id='word_1_707' title='bbox 2760 4945 3116 5001; x_wconf 88' lang='lat' dir='ltr'><strong>Sodomorum</strong></span> <span class='ocrx_word' id='word_1_708' title='bbox 3148 4936 3276 5003; x_wconf 86' lang='lat' dir='ltr'><strong>vitis</strong></span> <span class='ocrx_word' id='word_1_709' title='bbox 3296 4964 3502 5005; x_wconf 89' lang='lat' dir='ltr'><strong>eorum.</strong></span> <span class='ocrx_word' id='word_1_710' title='bbox 3537 4968 3561 5007; x_wconf 71' lang='grc' dir='ltr'><strong>ι</strong></span> 
     </span>
    </p>
   </div>
   <div class='ocr_carea' id='block_1_98' title="bbox 333 5027 1931 5112">
    <p class='ocr_par' dir='ltr' id='par_1_98' title="bbox 333 5035 1900 5112">
     <span class='ocr_line' id='line_1_98' title="bbox 333 5035 1900 5112; baseline 0.006 -23"><span class='ocrx_word' id='word_1_711' title='bbox 333 5037 558 5107; x_wconf 81' lang='grc' dir='ltr'>γόμενον</span> <span class='ocrx_word' id='word_1_712' title='bbox 585 5035 730 5107; x_wconf 74' lang='grc' dir='ltr'>ἔχειν</span> <span class='ocrx_word' id='word_1_713' title='bbox 759 5036 846 5089; x_wconf 80' lang='grc' dir='ltr'>ἀεὶ</span> <span class='ocrx_word' id='word_1_714' title='bbox 876 5039 935 5090; x_wconf 88' lang='grc' dir='ltr'>ὲν</span> <span class='ocrx_word' id='word_1_715' title='bbox 977 5038 1217 5101; x_wconf 81' lang='grc' dir='ltr'>ἑαυτοῖς,</span> <span class='ocrx_word' id='word_1_716' title='bbox 1260 5038 1393 5093; x_wconf 86' lang='grc' dir='ltr'><strong>ἀλλά</strong></span> <span class='ocrx_word' id='word_1_717' title='bbox 1447 5042 1658 5112; x_wconf 81' lang='grc' dir='ltr'>ποιήσει</span> <span class='ocrx_word' id='word_1_718' title='bbox 1704 5044 1900 5109; x_wconf 85' lang='grc' dir='ltr'>αὐτοὺς</span> 
     </span>
    </p>
   </div>
   <div class='ocr_carea' id='block_1_99' title="bbox 1962 5027 3560 5112">
    <p class='ocr_par' dir='ltr' id='par_1_99' title="bbox 2002 5027 3560 5109">
     <span class='ocr_line' id='line_1_99' title="bbox 2002 5027 3560 5109; baseline 0.009 -28"><span class='ocrx_word' id='word_1_719' title='bbox 2002 5027 2204 5082; x_wconf 79' lang='lat' dir='ltr'><strong>Verum</strong></span> <span class='ocrx_word' id='word_1_720' title='bbox 2232 5029 2501 5098; x_wconf 85' lang='lat' dir='ltr'><strong>benignus</strong></span> <span class='ocrx_word' id='word_1_721' title='bbox 2533 5033 2671 5090; x_wconf 86' lang='lat' dir='ltr'><strong>Deus</strong></span> <span class='ocrx_word' id='word_1_722' title='bbox 2720 5051 2829 5091; x_wconf 87' lang='lat' dir='ltr'><strong>non</strong></span> <span class='ocrx_word' id='word_1_723' title='bbox 2872 5052 3087 5108; x_wconf 87' lang='lat' dir='ltr'><strong>semper</strong></span> <span class='ocrx_word' id='word_1_724' title='bbox 3127 5039 3362 5109; x_wconf 91' lang='lat' dir='ltr'><strong>patietur</strong></span> <span class='ocrx_word' id='word_1_725' title='bbox 3393 5052 3451 5095; x_wconf 90' lang='lat' dir='ltr'><strong>ut</strong></span> <span class='ocrx_word' id='word_1_726' title='bbox 3484 5043 3560 5095; x_wconf 91' lang='lat' dir='ltr'><strong>di-</strong></span> 
     </span>
    </p>
   </div>
   <div class='ocr_carea' id='block_1_100' title="bbox 332 5119 1930 5203">
    <p class='ocr_par' dir='ltr' id='par_1_100' title="bbox 332 5129 1898 5203">
     <span class='ocr_line' id='line_1_100' title="bbox 332 5129 1898 5203; baseline 0.004 -21"><span class='ocrx_word' id='word_1_727' title='bbox 332 5129 608 5200; x_wconf 81' lang='grc' dir='ltr'><strong>ὲξεμέσαι.</strong></span> <span class='ocrx_word' id='word_1_728' title='bbox 647 5129 910 5198; x_wconf 77' lang='grc' dir='ltr'>Ἀγγελος</span> <span class='ocrx_word' id='word_1_729' title='bbox 937 5131 1045 5202; x_wconf 78' lang='grc' dir='ltr'>γάρ</span> <span class='ocrx_word' id='word_1_730' title='bbox 1079 5133 1199 5184; x_wconf 83' lang='grc' dir='ltr'>κατ’</span> <span class='ocrx_word' id='word_1_731' title='bbox 1230 5133 1547 5203; x_wconf 84' lang='grc' dir='ltr'>εὐεργεσίαν</span> <span class='ocrx_word' id='word_1_732' title='bbox 1583 5134 1716 5188; x_wconf 84' lang='grc' dir='ltr'>Θεοῦ</span> <span class='ocrx_word' id='word_1_733' title='bbox 1751 5134 1898 5201; x_wconf 77' lang='grc' dir='ltr'>ἐξελ-</span> 
     </span>
    </p>
   </div>
   <div class='ocr_carea' id='block_1_101' title="bbox 1960 5119 3558 5203">
    <p class='ocr_par' dir='ltr' id='par_1_101' title="bbox 1998 5119 3558 5202">
     <span class='ocr_line' id='line_1_101' title="bbox 1998 5119 3558 5202; baseline 0.01 -30"><span class='ocrx_word' id='word_1_734' title='bbox 1998 5119 2162 5175; x_wconf 89' lang='lat' dir='ltr'><strong>vitias</strong></span> <span class='ocrx_word' id='word_1_735' title='bbox 2207 5137 2301 5192; x_wconf 90' lang='lat' dir='ltr'><strong>per</strong></span> <span class='ocrx_word' id='word_1_736' title='bbox 2340 5124 2593 5195; x_wconf 88' lang='lat' dir='ltr'><strong>iujuriam</strong></span> <span class='ocrx_word' id='word_1_737' title='bbox 2642 5137 2827 5199; x_wconf 83' lang='lat' dir='ltr'><strong>partas</strong></span> <span class='ocrx_word' id='word_1_738' title='bbox 2875 5131 3019 5189; x_wconf 87' lang='lat' dir='ltr'><strong>intus</strong></span> <span class='ocrx_word' id='word_1_739' title='bbox 3064 5132 3415 5202; x_wconf 87' lang='lat' dir='ltr'><strong>possideant,</strong></span> <span class='ocrx_word' id='word_1_740' title='bbox 3467 5135 3558 5187; x_wconf 87' lang='lat' dir='ltr'><strong>sed</strong></span> 
     </span>
    </p>
   </div>
   <div class='ocr_carea' id='block_1_102' title="bbox 332 5215 1930 5295">
    <p class='ocr_par' dir='ltr' id='par_1_102' title="bbox 332 5220 1897 5295">
     <span class='ocr_line' id='line_1_102' title="bbox 332 5220 1897 5295; baseline 0.003 -21"><span class='ocrx_word' id='word_1_741' title='bbox 332 5220 488 5274; x_wconf 83' lang='grc' dir='ltr'>κύσει</span> <span class='ocrx_word' id='word_1_742' title='bbox 526 5221 722 5284; x_wconf 78' lang='grc' dir='ltr'>αὐτοὺς</span> <span class='ocrx_word' id='word_1_743' title='bbox 757 5222 842 5273; x_wconf 77' lang='grc' dir='ltr'><strong>ἐπ’</strong></span> <span class='ocrx_word' id='word_1_744' title='bbox 873 5221 1043 5292; x_wconf 81' lang='grc' dir='ltr'>αὐτῆς</span> <span class='ocrx_word' id='word_1_745' title='bbox 1077 5222 1177 5291; x_wconf 80' lang='grc' dir='ltr'>τῆς</span> <span class='ocrx_word' id='word_1_746' title='bbox 1215 5222 1401 5286; x_wconf 85' lang='grc' dir='ltr'>κακῶς</span> <span class='ocrx_word' id='word_1_747' title='bbox 1455 5224 1897 5295; x_wconf 86' lang='grc' dir='ltr'>οίκοδομηθείσης</span> 
     </span>
    </p>
   </div>
   <div class='ocr_carea' id='block_1_103' title="bbox 1958 5215 3556 5295">
    <p class='ocr_par' dir='ltr' id='par_1_103' title="bbox 1997 5215 3556 5291">
     <span class='ocr_line' id='line_1_103' title="bbox 1997 5215 3556 5291; baseline 0.007 -25"><span class='ocrx_word' id='word_1_748' title='bbox 1997 5227 2252 5269; x_wconf 81' lang='lat' dir='ltr'><strong>evomere</strong></span> <span class='ocrx_word' id='word_1_749' title='bbox 2280 5215 2400 5272; x_wconf 84' lang='lat' dir='ltr'><strong>illas</strong></span> <span class='ocrx_word' id='word_1_750' title='bbox 2429 5216 2614 5274; x_wconf 87' lang='lat' dir='ltr'><strong>faciet.</strong></span> <span class='ocrx_word' id='word_1_751' title='bbox 2653 5219 2893 5291; x_wconf 75' lang='lat' dir='ltr'><strong>Angelus</strong></span> <span class='ocrx_word' id='word_1_752' title='bbox 2943 5225 3088 5277; x_wconf 91' lang='lat' dir='ltr'><strong>enim</strong></span> <span class='ocrx_word' id='word_1_753' title='bbox 3116 5224 3312 5281; x_wconf 83' lang='lat' dir='ltr'><strong>divina</strong></span> <span class='ocrx_word' id='word_1_754' title='bbox 3352 5224 3556 5279; x_wconf 77' lang='lat' dir='ltr'><strong>benefi-</strong></span> 
     </span>
    </p>
   </div>
   <div class='ocr_carea' id='block_1_104' title="bbox 326 5304 1924 5386">
    <p class='ocr_par' dir='ltr' id='par_1_104' title="bbox 326 5311 1894 5386">
     <span class='ocr_line' id='line_1_104' title="bbox 326 5311 1894 5386; baseline 0.004 -22"><span class='ocrx_word' id='word_1_755' title='bbox 326 5311 522 5375; x_wconf 78' lang='grc' dir='ltr'>οἰκίας·</span> <span class='ocrx_word' id='word_1_756' title='bbox 555 5312 676 5383; x_wconf 78' lang='grc' dir='ltr'>ἥτις</span> <span class='ocrx_word' id='word_1_757' title='bbox 703 5314 852 5366; x_wconf 73' lang='grc' dir='ltr'>ἐστὶν</span> <span class='ocrx_word' id='word_1_758' title='bbox 882 5314 915 5385; x_wconf 84' lang='grc' dir='ltr'>ἡ</span> <span class='ocrx_word' id='word_1_759' title='bbox 954 5312 1214 5384; x_wconf 80' lang='grc' dir='ltr'>ἐκκλησία</span> <span class='ocrx_word' id='word_1_760' title='bbox 1248 5315 1711 5386; x_wconf 81' lang='grc' dir='ltr'>πονηρευομένων.</span> <span class='ocrx_word' id='word_1_761' title='bbox 1731 5316 1894 5370; x_wconf 88' lang='grc' dir='ltr'>Ἐπά-</span> 
     </span>
    </p>
   </div>
   <div class='ocr_carea' id='block_1_105' title="bbox 1956 5304 3554 5386">
    <p class='ocr_par' dir='ltr' id='par_1_105' title="bbox 1998 5304 3554 5384">
     <span class='ocr_line' id='line_1_105' title="bbox 1998 5304 3554 5384; baseline 0.007 -27"><span class='ocrx_word' id='word_1_762' title='bbox 1998 5304 2176 5358; x_wconf 80' lang='grc' dir='ltr'>οεηιξιι</span> <span class='ocrx_word' id='word_1_763' title='bbox 2226 5320 2258 5360; x_wconf 95' lang='lat' dir='ltr'><strong>e</strong></span> <span class='ocrx_word' id='word_1_764' title='bbox 2294 5307 2455 5363; x_wconf 93' lang='lat' dir='ltr'><strong>domo</strong></span> <span class='ocrx_word' id='word_1_765' title='bbox 2490 5309 2632 5365; x_wconf 89' lang='lat' dir='ltr'><strong>male</strong></span> <span class='ocrx_word' id='word_1_766' title='bbox 2680 5321 2978 5381; x_wconf 78' lang='lat' dir='ltr'><strong>exstructa,</strong></span> <span class='ocrx_word' id='word_1_767' title='bbox 3028 5329 3149 5384; x_wconf 72' lang='lat' dir='ltr'><strong>quae</strong></span> <span class='ocrx_word' id='word_1_768' title='bbox 3185 5324 3271 5369; x_wconf 88' lang='lat' dir='ltr'><strong>est</strong></span> <span class='ocrx_word' id='word_1_769' title='bbox 3315 5315 3554 5384; x_wconf 76' lang='lat' dir='ltr'><strong>improbe</strong></span> 
     </span>
    </p>
   </div>
   <div class='ocr_carea' id='block_1_106' title="bbox 325 5394 1923 5477">
    <p class='ocr_par' dir='ltr' id='par_1_106' title="bbox 325 5403 1657 5476">
     <span class='ocr_line' id='line_1_106' title="bbox 325 5403 1657 5476; baseline 0 -18"><span class='ocrx_word' id='word_1_770' title='bbox 325 5420 414 5473; x_wconf 81' lang='grc' dir='ltr'><strong>γει</strong></span> <span class='ocrx_word' id='word_1_771' title='bbox 450 5404 599 5474; x_wconf 61' lang='grc' dir='ltr'>γοῦν</span> <span class='ocrx_word' id='word_1_772' title='bbox 631 5422 651 5456; x_wconf 78' lang='grc' dir='ltr'>ι</span> <span class='ocrx_word' id='word_1_773' title='bbox 704 5403 794 5470; x_wconf 76' lang='grc' dir='ltr'><strong>Ἐξ</strong></span> <span class='ocrx_word' id='word_1_774' title='bbox 818 5405 995 5470; x_wconf 76' lang='grc' dir='ltr'>οἰκίας</span> <span class='ocrx_word' id='word_1_775' title='bbox 1024 5405 1210 5471; x_wconf 81' lang='grc' dir='ltr'>αὐτοῦ,</span> <span class='ocrx_word' id='word_1_776' title='bbox 1243 5426 1261 5460; x_wconf 73' lang='grc' dir='ltr'>ι</span> <span class='ocrx_word' id='word_1_777' title='bbox 1298 5407 1392 5461; x_wconf 73' lang='grc' dir='ltr'>καὶ</span> <span class='ocrx_word' id='word_1_778' title='bbox 1411 5405 1479 5461; x_wconf 88' lang='grc' dir='ltr'><strong>τά</strong></span> <span class='ocrx_word' id='word_1_779' title='bbox 1510 5406 1657 5476; x_wconf 80' lang='grc' dir='ltr'><strong>ἑξῆς.</strong></span> 
     </span>
    </p>
   </div>
   <div class='ocr_carea' id='block_1_107' title="bbox 1955 5394 3553 5477">
    <p class='ocr_par' dir='ltr' id='par_1_107' title="bbox 1997 5394 3553 5477">
     <span class='ocr_line' id='line_1_107' title="bbox 1997 5394 3553 5477; baseline 0.009 -28"><span class='ocrx_word' id='word_1_780' title='bbox 1997 5394 2302 5465; x_wconf 86' lang='lat' dir='ltr'><strong>degentium</strong></span> <span class='ocrx_word' id='word_1_781' title='bbox 2331 5409 2525 5466; x_wconf 68' lang='lat' dir='ltr'><strong>coetus,</strong></span> <span class='ocrx_word' id='word_1_782' title='bbox 2556 5400 2675 5456; x_wconf 90' lang='lat' dir='ltr'><strong>illos</strong></span> <span class='ocrx_word' id='word_1_783' title='bbox 2713 5404 2985 5459; x_wconf 81' lang='lat' dir='ltr'><strong>extrahet.</strong></span> <span class='ocrx_word' id='word_1_784' title='bbox 3027 5406 3209 5471; x_wconf 85' lang='lat' dir='ltr'><strong>Quare</strong></span> <span class='ocrx_word' id='word_1_785' title='bbox 3232 5405 3507 5477; x_wconf 88' lang='lat' dir='ltr'><strong>subjungit</strong></span> <span class='ocrx_word' id='word_1_786' title='bbox 3538 5422 3553 5463; x_wconf 85' lang='lat'><strong>:</strong></span> 
     </span>
    </p>
   </div>
   <div class='ocr_carea' id='block_1_108' title="bbox 2001 5489 3095 5564">
    <p class='ocr_par' dir='ltr' id='par_1_108' title="bbox 2001 5489 3095 5564">
     <span class='ocr_line' id='line_1_108' title="bbox 2001 5489 3095 5564; baseline 0.009 -23"><span class='ocrx_word' id='word_1_787' title='bbox 2001 5505 2019 5539; x_wconf 79' lang='grc' dir='ltr'><strong>ι</strong></span> <span class='ocrx_word' id='word_1_788' title='bbox 2044 5489 2119 5543; x_wconf 91' lang='lat' dir='ltr'><strong>De</strong></span> <span class='ocrx_word' id='word_1_789' title='bbox 2147 5489 2309 5544; x_wconf 90' lang='lat' dir='ltr'><strong>domo</strong></span> <span class='ocrx_word' id='word_1_790' title='bbox 2336 5491 2452 5558; x_wconf 85' lang='lat' dir='ltr'><strong>ejus</strong></span> <span class='ocrx_word' id='word_1_791' title='bbox 2483 5496 2732 5550; x_wconf 79' lang='lat' dir='ltr'><strong>extrahet</strong></span> <span class='ocrx_word' id='word_1_792' title='bbox 2756 5510 2903 5564; x_wconf 91' lang='lat' dir='ltr'><strong>eum,</strong></span> <span class='ocrx_word' id='word_1_793' title='bbox 2939 5516 2958 5549; x_wconf 72' lang='grc' dir='ltr'>ι</span> <span class='ocrx_word' id='word_1_794' title='bbox 2989 5507 3095 5551; x_wconf 84' lang='lat' dir='ltr'><strong>etc.</strong></span> 
     </span>
    </p>
   </div>
   <div class='ocr_carea' id='block_1_109' title="bbox 317 5668 1915 5773">
    <p class='ocr_par' dir='ltr' id='par_1_109' title="bbox 317 5668 1915 5769">
     <span class='ocr_line' id='line_1_109' title="bbox 317 5668 1915 5769; baseline -0.001 -13"><span class='ocrx_word' id='word_1_795' title='bbox 317 5668 329 5675; x_wconf 19' lang='lat' dir='ltr'><strong>i</strong></span> <span class='ocrx_word' id='word_1_796' title='bbox 395 5699 581 5757; x_wconf 81' lang='lat' dir='ltr'><strong>’Psal.</strong></span> <span class='ocrx_word' id='word_1_797' title='bbox 620 5716 695 5763; x_wconf 78' lang='lat' dir='ltr'><strong>ix,</strong></span> <span class='ocrx_word' id='word_1_798' title='bbox 724 5701 773 5752; x_wconf 89' lang='lat'><strong>7.</strong></span> <span class='ocrx_word' id='word_1_799' title='bbox 851 5703 870 5734; x_wconf 86' lang='grc'>⁷</span> <span class='ocrx_word' id='word_1_800' title='bbox 903 5701 1041 5757; x_wconf 87' lang='lat' dir='ltr'><strong>Psal.</strong></span> <span class='ocrx_word' id='word_1_801' title='bbox 1075 5718 1261 5768; x_wconf 70' lang='grc' dir='ltr'>ιικνι,</span> <span class='ocrx_word' id='word_1_802' title='bbox 1295 5703 1385 5759; x_wconf 70' lang='grc' dir='ltr'><strong>ΞΟ.</strong></span> <span class='ocrx_word' id='word_1_803' title='bbox 1460 5703 1484 5736; x_wconf 87' lang='grc'><strong><em>⁸</em></strong></span> <span class='ocrx_word' id='word_1_804' title='bbox 1507 5700 1650 5758; x_wconf 87' lang='lat' dir='ltr'><strong>Psal.</strong></span> <span class='ocrx_word' id='word_1_805' title='bbox 1686 5716 1856 5769; x_wconf 76' lang='lat' dir='ltr'><strong>um,</strong></span> <span class='ocrx_word' id='word_1_806' title='bbox 1896 5700 1915 5755; x_wconf 75' lang='lat' dir='ltr'><strong>ﬁ</strong></span> 
     </span>
    </p>
   </div>
   <div class='ocr_carea' id='block_1_110' title="bbox 1276 5668 2874 5773">
    <p class='ocr_par' dir='ltr' id='par_1_110' title="bbox 1295 5700 2874 5773">
     <span class='ocr_line' id='line_1_110' title="bbox 1295 5700 2874 5773; baseline 0.001 -15"><span class='ocrx_word' id='word_1_807' title='bbox 1295 5703 1385 5759; x_wconf 70' lang='grc' dir='ltr'><strong>ΞΟ.</strong></span> <span class='ocrx_word' id='word_1_808' title='bbox 1460 5700 1650 5758; x_wconf 87' lang='lat' dir='ltr'><strong>&#39;Psal.</strong></span> <span class='ocrx_word' id='word_1_809' title='bbox 1686 5716 1856 5769; x_wconf 76' lang='lat' dir='ltr'><strong>um,</strong></span> <span class='ocrx_word' id='word_1_810' title='bbox 1896 5700 1986 5757; x_wconf 71' lang='grc' dir='ltr'><strong>ΞΟ.</strong></span> <span class='ocrx_word' id='word_1_811' title='bbox 2059 5701 2079 5734; x_wconf 79' lang='grc'><strong>⁸</strong></span> <span class='ocrx_word' id='word_1_812' title='bbox 2125 5703 2283 5759; x_wconf 86' lang='lat' dir='ltr'><strong>Deut.</strong></span> <span class='ocrx_word' id='word_1_813' title='bbox 2316 5719 2482 5773; x_wconf 67' lang='lat' dir='ltr'><strong>xxxii,</strong></span> <span class='ocrx_word' id='word_1_814' title='bbox 2521 5704 2609 5760; x_wconf 77' lang='grc'><strong>52.</strong></span> <span class='ocrx_word' id='word_1_815' title='bbox 2868 5740 2874 5747; x_wconf 69' lang='grc' dir='ltr'><em>ς</em></span> 
     </span>
    </p>
   </div>
   <div class='ocr_carea' id='block_1_111' title="bbox 639 5794 2237 5863">
    <p class='ocr_par' dir='ltr' id='par_1_111' title="bbox 639 5794 2217 5858">
     <span class='ocr_line' id='line_1_111' title="bbox 639 5794 2217 5858; baseline 0.008 -6"><span class='ocrx_word' id='word_1_816' title='bbox 639 5794 911 5857; x_wconf 68' lang='grc' dir='ltr'>Ρλτιιοι.</span> <span class='ocrx_word' id='word_1_817' title='bbox 952 5794 1069 5858; x_wconf 77' lang='lat' dir='ltr'><strong>Gn.</strong></span> <span class='ocrx_word' id='word_1_818' title='bbox 1117 5796 1262 5858; x_wconf 82' lang='grc' dir='ltr'><strong>ΧΙΙ.</strong></span> <span class='ocrx_word' id='word_1_819' title='bbox 2210 5830 2217 5836; x_wconf 93' lang='grc'><strong>·</strong></span> 
     </span>
    </p>
   </div>
   <div class='ocr_carea' id='block_1_112' title="bbox 1644 5794 3242 5863">
    <p class='ocr_par' dir='ltr' id='par_1_112' title="bbox 2210 5802 3242 5863">
     <span class='ocr_line' id='line_1_112' title="bbox 2210 5802 3242 5863; baseline 0.01 -10"><span class='ocrx_word' id='word_1_820' title='bbox 2210 5830 2217 5836; x_wconf 92' lang='grc'><strong><em>-</em></strong></span> <span class='ocrx_word' id='word_1_821' title='bbox 3165 5802 3242 5863; x_wconf 81' lang='lat'><strong>33</strong></span> 
     </span>
    </p>
   </div>
  </div>
