4046 6152
538 178 561 231 1
573 174 676 230 0'55

607 289 744 343 Vide
793 297 971 343 autem
1024 295 1158 356 quot
1216 298 1272 343 et
1323 301 1521 359 quanta
1576 293 1782 347 homini
1841 294 2169 361 liaereticoA

533 391 758 450 propter
802 379 960 448 impia
1008 379 1263 447 dogmata
1297 381 1576 435 recondita
1610 383 1739 437 sint.
1773 385 1954 450 Quare
1997 402 2091 441 ca-

532 485 660 526 vere
703 468 856 523 nobis
894 469 1024 538 ipsis
1068 470 1346 535 debemus,
1395 487 1463 525 ne
1516 474 1783 529 haeretica:
1832 477 2098 535 doctrinae

534 560 802 614 sermonis
833 558 1217 627 probabilitate
1248 560 1567 631 spoliemur,
1597 573 1653 619 et
1677 565 1931 623 Ecclesiae
1974 585 2094 642 my-

533 649 701 704 sterio
731 648 977 703 excidam
988 664 1071 702 us.

611 740 766 797 Vens.
806 740 890 795 17.
937 738 1060 794 Non
1098 739 1275 794 videat
1312 741 1592 798 mulctram
1644 762 1906 816 pecorum.
1957 748 2094 804 Mul-

532 833 738 889 sionem
756 847 887 887 vero
917 846 1141 904 gregum
1167 835 1531 891 heterodoxus
1562 850 1669 891 non
1697 839 1877 904 videt;
1907 856 2095 912 greges

532 932 713 980 autem
742 924 1096 989 suntanimaa,
1118 939 1237 994 quae
1276 940 1307 979 a
1354 926 1496 981 bono
1520 937 1737 996 pastore
1767 942 2091 999 pascuntur,

530 1026 588 1072 et
608 1016 861 1086 pabulum
897 1017 1177 1072 inveniunt
1202 1035 1216 1084 ;
1241 1019 1491 1090 dogmata
1516 1034 1642 1074 vero
1675 1036 1797 1090 quae
1839 1023 1952 1078 Deo
1991 1025 2093 1079 ad-

534 1116 836 1175 versantur,
867 1106 1000 1161 nihil
1027 1107 1338 1165 dulcedinis
1361 1111 1414 1163 in
1442 1124 1504 1165 se
1528 1109 1748 1177 habent,
1779 1114 1874 1169 sed
1904 1128 2092 1185 aspera

531 1215 587 1259 ει
616 1218 802 1258 amara
836 1215 981 1257 sunt.

600 1297 764 1354 Vens.
813 1295 899 1351 i9.
955 1294 1243 1350 Multorum
1305 1296 1441 1350 enim
1508 1299 1853 1367 impotentum
1909 1300 2091 1356 domos

525 1389 708 1460 fregit.
740 1390 808 1443 Et
832 1389 1195 1445 heterodoxus
1240 1389 1484 1458 quidem,
1513 1390 1559 1444 si
1589 1405 1746 1458 quem
1779 1390 1834 1445 in
1865 1390 1972 1447 ﬁde
2001 1394 2088 1446 in-

530 1481 744 1537 ﬁrmum
796 1489 850 1537 et
886 1480 939 1535 in
974 1495 1105 1536 sana
1138 1482 1385 1536 doctrina
1419 1482 1750 1537 imbecillum
1800 1484 2088 1554 invenerit,

529 1574 678 1629 illum
735 1575 1098 1643 deprendatur.
1148 1574 1217 1630 Et
1278 1587 1467 1629 revera
1514 1574 1580 1629 de
1629 1575 2085 1631 heterodoxorum

1924 177 2016 233 EX
2052 177 2209 237 OBIG
2218 178 2349 235 ENE

3627 200 3767 258 £036

2269 301 2407 373 Ὅρα
2439 301 2495 356 δὲ
2523 303 2685 358 πόσον
2704 302 2796 358 καὶ
2818 304 3203 381 τῷὲτεροδόξῳ
3232 310 3510 367 ἀπόκειται
3546 314 3645 369 διά
3699 316 3767 372 τὰ

2196 392 2369 464 ἀσεϐῆ
2398 393 2656 465 δόγματα.
2680 396 2778 450 Διά
2807 398 2964 452 τοῦτο
3004 402 3354 473 προσέχωμεν
3386 406 3625 472 ἑαυτοῖς,
3660 409 3765 477 μή·

2194 499 2324 536 ποτε
2369 485 2427 538 έν
2481 484 2883 556 πιθανολογίαις
2936 490 3255 565 συληθῶμεν
3307 496 3414 548 ἀπὸ
3467 498 3760 567 αἱρετικῆς

2191 574 2571 644 διδασκαλίας,
2621 581 2714 634 καὶ
2767 582 3086 655 ἐκπέσωμεν
3130 586 3223 640 τοῦ
3295 591 3601 661 μυστηρίου
3667 591 3765 662 τῆς

2204 662 2550 737 Ἐκκλησίας.
3383 687 3394 697 -

2261 754 2359 823 Μὴ
2393 755 2508 809 ἴδοι
2539 756 2792 827 ἄμελξιν·
2815 761 3109 831 νομάδων.
3139 767 3249 820 Καὶ
3275 769 3304 820 ὁ
3341 768 3661 838 ἑτερόδοξος
3706 770 3765 825 δὲ

2192 845 2254 898 οὐ
2285 846 2473 916 βλέπει
2504 847 2728 919 ἄμελξιν
2757 853 3022 922 νομάδων.
3055 856 3301 926 Νομάδες
3333 859 3390 912 δέ
3430 862 3536 913 είσι
3590 861 3766 931 ψυχαὶ

2192 936 2485 1008 νεμόμεναι
2517 938 2622 994 ὑπὸ
2669 941 2747 1012 τῷ
2791 943 2942 1014 καλῷ
2980 945 3214 1016 ποιμένι,
3257 951 3351 1003 καὶ
3395 952 3568 1021 νομὴν
3614 953 3767 1023 εὑρί-

2194 1043 2440 1084 σκουσαι.
2463 1031 2573 1084 Καὶ
2598 1031 2669 1085 τὰ
2692 1032 2932 1107 δόγματα
2970 1037 3027 1090 δὲ
3067 1038 3208 1092 κατά
3258 1039 3392 1096 Θεοῦ
3439 1044 3596 1097 οὐδὲν
3653 1044 3766 1117 ἔχει

2191 1120 2382 1189 γλυκὺ,
2412 1124 2548 1178 ἀλλά
2576 1129 2818 1199 στρυφνά
2846 1131 2940 1183 καὶ
2971 1131 3166 1185 πυκνά.

2256 1305 2510 1361 Πολλῶν
2544 1308 2655 1379 γὰρ
2684 1309 2999 1365 ἀδυνάτων
3025 1313 3235 1382 οἴκους
3262 1315 3544 1372 ἔθλασεν.
3588 1320 3709 1373 Καὶ
3733 1321 3764 1375 ὁ

2189 1397 2487 1467 έτερόδοξός
2533 1416 2593 1453 σε
2629 1400 2723 1455 ἐάν
2765 1419 2865 1456 που
2915 1407 3053 1478 εὕρῃ
3102 1406 3301 1479 ἀσθενῆ
3347 1411 3405 1462 ὲν
3442 1412 3510 1480 τῇ
3551 1411 3762 1479 πίστει,

2188 1487 2384 1559 ἀσθενῆ
2413 1491 2470 1543 ὲν
2488 1493 2553 1562 τῇ
2581 1492 2724 1559 ὑγιεῖ
2746 1492 3080 1566 διδασκαλία,
3106 1497 3293 1551 τοῦτον
3336 1499 3603 1572 ὐποσυλᾷ.
3651 1503 3764 1555 Καὶ

2189 1577 2333 1634 ἐστιν
2363 1581 2577 1651 ἀληθῶς
2601 1584 2727 1656 περὶ
2769 1584 2862 1638 τοῦ
2905 1585 3221 1641 διδασκάλου
3270 1589 3380 1644 τῶν
3429 1592 3763 1663 ἑτεροδόξων

532 1667 791 1735 magistro
819 1681 914 1721 seu
949 1667 1315 1725 haeresiarcha
1346 1668 1453 1723 dici
1489 1676 1690 1736 potest,
1717 1668 1861 1737 quod
1891 1667 2084 1721 multo-

2188 1673 2379 1735 είπεῖν,
2402 1644 2481 1726 ὅτι
2504 1644 2709 1727 πολλῶν
2738 1675 3013 1731 ἀδυνάτων
3039 1681 3219 1743 οίκους
3251 1678 3474 1737 ἔθλασεν
3503 1644 3539 1712 ἰ
3569 1644 3760 1755 ἀρπά-

533 1774 652 1813 rum
708 1757 1060 1826 impotentum
1108 1759 1299 1813 domos
1345 1755 1693 1828 confregerit,
1738 1765 1795 1811 et
1833 1756 2084 1811 taberna-

532 1849 713 1905 culum
762 1849 882 1917 ejus
915 1851 1006 1919 qui
1048 1848 1206 1904 facile
1237 1853 1288 1904 in
1323 1849 1569 1904 fraudem
1621 1849 1914 1908 inducitur.
1955 1847 2086 1903 diri-

529 1943 756 2011 puerit;
816 1955 914 1994 nec
957 1949 1142 2010 postea
1179 1939 1352 2009 ipsum
1402 1940 1686 2005 statuerit,
1745 1938 2083 1994 mendacium

529 2034 674 2089 enim
705 2041 943 2088 statuere
976 2032 1182 2101 nequit.

599 2120 762 2178 Vens.
794 2120 885 2177 28.
930 2121 1056 2176 Dies
1106 2121 1202 2175 ira:
1234 2119 1564 2189 superveniat
1619 2120 1690 2173 ei.
1739 2118 1856 2186 Qua
1894 2128 2084 2174 contra

532 2217 706 2286 ipsum
735 2214 817 2268 ira
851 2214 1036 2269 divina
1065 2213 1392 2275 concitatur,
1426 2211 1541 2266 sive
1570 2224 1639 2265 ex
1670 2209 2086 2265 circumcisione

527 2309 690 2365 fuerit
711 2308 804 2378 qui
833 2316 1024 2362 contra
1058 2305 1226 2361 Deum
1260 2303 1424 2373 impie
1452 2318 1511 2360 se
1542 2303 1797 2373 gesserit,
1829 2303 1945 2357 sive
1984 2301 2082 2357 he-

524 2400 845 2465 terodoxus,
901 2398 1017 2454 sive
1063 2398 1167 2452 alia
1216 2398 1407 2466 quavis
1441 2386 1651 2451 ratione
1692 2394 1910 2464 impius,
1964 2407 2084 2448 sors

510 2491 644 2561 ejus
672 2499 728 2546 et
759 2489 940 2560 portio
968 2498 1054 2543 est
1090 2502 1211 2557 quae
1240 2501 1402 2556 supra
1439 2485 1599 2540 dictis
1624 2492 1844 2541 ostensa
1870 2491 1973 2539 est.

1146 2578 1297 2634 CAP.
1338 2576 1478 2631 XXI.

598 2670 759 2731 Vens.
792 2675 849 2729 7.
887 2672 1063 2738 Quare
1114 2672 1260 2740 impii
1309 2672 1490 2725 vivunt
1517 2711 1532 2731 .
1576 2677 1860 2724 senuerunt
1906 2676 2082 2722 autem

512 2779 573 2825 et
602 2772 657 2825 in
680 2767 922 2823 divitiis?
950 2765 1083 2819 Illud
1113 2774 1313 2829 autem,
1351 2781 1369 2814 ι
1396 2773 1686 2817 senuerunt
1717 2761 1771 2814 in
1796 2760 2021 2828 divitiis,
2053 2777 2076 2813 ι

518 2860 581 2915 .id
627 2867 730 2923 est,
783 2872 887 2912 non
941 2868 1110 2923 nuper
1159 2851 1450 2920 locupletes
1507 2860 1820 2914 evaserunt,
1870 2852 1963 2906 sed
2010 2852 2079 2905 ab

2188 1762 2269 1828 ζει
2293 1763 2348 1817 δὲ
2368 1763 2463 1834 τὴν
2491 1764 2696 1818 δίαιταν
2725 1766 2816 1819 τοῦ
2841 1768 3262 1840 εὐεξαπατήτου,
3292 1772 3383 1825 καὶ
3409 1772 3551 1842 μετά
3581 1774 3762 1829 ταῦτα

2185 1857 2282 1926 οὐχ
2320 1855 2528 1926 ἵστησιν
2557 1856 2747 1926 αὐτήν*
2779 1858 2898 1912 οὐδὲ
2928 1858 3036 1931 γὰρ
3067 1858 3287 1914 δύναται
3319 1863 3514 1933 στῆσαι
3538 1864 3758 1935 τὸψεῦ-

2184 1947 2291 2011 δος.

2264 2128 2471 2198 Ἡμέρα
2511 2129 2694 2199 ὀργῆς
2711 2131 2949 2187 ἐπέλθοι
2976 2133 3152 2199 αὐτῷ.
3172 2135 3309 2188 Καθ’
3336 2135 3402 2207 ἢν
3423 2139 3457 2207 ἡ
3482 2136 3606 2191 θεία
3626 2139 3754 2192 κατ’

2183 2220 2348 2275 αὐτοῦ
2384 2224 2609 2275 κινεῖται
2636 2223 2780 2295 δίκηο
2819 2224 2930 2278 εἴτε
2958 2224 3050 2278 τοῦ
3077 2228 3140 2279 ὲκ
3165 2229 3462 2300 περιτομῆς
3493 2232 3576 2295 είς
3612 2231 3753 2286 Θεὸν

2185 2314 2573 2386 ἀσεϐήσαντος,
2609 2316 2719 2370 εἴτε
2752 2317 2845 2371 τοῦ
2894 2318 3217 2390 ὲτεροδὸξου,
3268 2320 3366 2373 εἴθ’
3412 2323 3562 2387 ὅπως
3612 2322 3751 2377 ποτὶ

2183 2408 2433 2475 ἀσεϐοῦς,
2451 2409 2598 2481 αὐτῷ
2632 2410 2785 2482 μερίς
2813 2412 2960 2467 ἐστιν
2982 2414 3019 2482 1‘}
3033 2413 3329 2486 δηλουμένη
3346 2416 3405 2468 ὲν
3426 2417 3536 2479 τοίς
3564 2431 3751 2487 προει-

2188 2516 2251 2571 ρη
2261 2499 2462 2569 μένοις.
3746 2534 3749 2539 .

2840 2588 2999 2647 ΚΕΦ.
3038 2586 3168 2648 KA'.

2252 2680 2353 2735 Διά
2374 2681 2432 2734 τί
2451 2680 2686 2748 ἀσεϐεῖς
2732 2679 2889 2742 ζῶσι.
2929 2684 3367 2738 πεπαλαίωνι-αι
3404 2683 3475 2739 δὲ
3524 2686 3627 2741 καὶ
3673 2688 3749 2741 ἐν

2180 2775 2459 2839 πλούτου
2504 2773 2577 2826 Τὸ
2602 2774 2801 2844 μέντοι,
2876 2795 2895 2829 ι
2923 2776 3323 2834 πεπαλαίπνται
3352 2784 3409 2835 ὲν
3437 2778 3651 2849 πλούτῳ
3672 2820 3690 2845 ,
3721 2800 3743 2833 ι

2182 2861 2332 2919 εἶπεν
2358 2867 2480 2920 ἀντὶ
2500 2865 2617 2928 τοῦ,
2645 2866 2745 2920 οὐκ
2761 2867 2867 2920 εἰσὶ
2891 2866 3216 2931 νεόπλουτοι,
3253 2867 3351 2922 ἀλλ
3388 2870 3455 2921 ὲκ
3489 2869 3737 2941 νεότητος

527 2953 747 3005 ineunte
775 2954 933 3001 aetate
955 2947 1020 2998 ad
1043 2952 1376 2998 senectutem
1405 2956 1575 3010 usque
1603 2942 1662 2995 in
1687 2940 1888 2996 divitiis
1912 2942 2075 2995 vitam

2184 2957 2274 3012 καὶ
2308 2955 2468 3028 μέχρι
2490 2958 2675 3029 γήρως
2703 2957 3052 3022 πλουτοῦντες
3086 2959 3408 3013 διετέλεσαν.

521 3045 927 3108 transegerunt.

595 3130 762 3186 Vens.
799 3127 885 3183 12.
929 3123 1202 3178 Sumentea
1239 3123 1547 3192 psalterium
1576 3130 1623 3177 et
1657 3123 1937 3177 citharam.
1962 3121 2080 3177 Alia

524 3234 608 3278 est
660 3226 947 3291 parentum
1006 3215 1261 3280 felicitas,
1319 3214 1617 3268 liberorum
1679 3213 1901 3278 laetitia,
1959 3227 2083 3282 quae

528 3314 698 3378 tibiis,
734 3309 963 3364 citharis
989 3315 1045 3360 et
1073 3305 1348 3376 tympanis
1379 3304 1439 3357 Iit
1461 3320 1476 3369 ;
1501 3318 1732 3374 quorum
1760 3317 1895 3359 sono
1921 3318 2082 3359 aures

523 3408 743 3475 quidem
771 3400 1079 3463 titillantur,
1110 3407 1166 3452 et
1198 3398 1366 3450 animi
1397 3396 1701 3464 voluptates
1745 3396 2078 3462 excitantur,

522 3509 577 3554 et
607 3498 700 3567 qui
741 3497 935 3549 adsunt
975 3491 1176 3547 lasciva
1234 3489 1466 3545 melodia
1509 3487 1867 3555 deliniuntur,
1914 3502 2077 3556 quam

523 3590 810 3658 impiorum
843 3586 938 3640 lilii
980 3583 1293 3655 petulanter
1333 3582 1560 3648 faciunt,
1611 3594 1804 3635 manus
1857 3579 2082 3634 intentis

524 3684 719 3738 [idibus
742 3681 1106 3737 admoventes,
1141 3685 1193 3730 et
1224 3674 1555 3729 musicorum
1586 3687 1912 3742 organorum
1947 3685 2080 3726 sono

524 3790 657 3832 voce
685 3789 779 3829 sua
815 3773 1164 3828 concinentes
1193 3778 1248 3823 et
1275 3766 1688 3837 applaudentes.

590 3980 757 4036 Vens.
787 3980 870 4033 15.
913 3976 1071 4048 503
1114 3974 1616 4031 Consummauerunt
1648 3978 1821 4023 autem
1848 3968 1904 4022 in
1932 3967 2080 4021 bonis

523 4077 687 4133 vitam
711 4088 877 4128 suam.
908 4069 1020 4126 Hoc
1049 4076 1154 4135 est,
1184 4065 1456 4122 felicitatis
1477 4077 1664 4118 eorum
1688 4071 1841 4116 tenor
1869 4074 1976 4113 non
2004 4058 2082 4112 in-

524 4176 802 4238 terruptus
831 4163 950 4225 fuit,
982 4170 1037 4216 et
1062 4159 1273 4215 deliciis
1302 4159 1579 4227 corporeis
1620 4152 1865 4208 fruentes
1910 4151 2078 4205 vitam

522 4260 828 4315 universam
857 4254 1235 4313 traduxerunt,
1259 4257 1596 4314 extensaque
1618 4245 1686 4298 ad
1709 4243 1837 4297 vitae
1869 4242 2076 4296 exitum

2264 3133 2656 3187 Ἀναλαϐόντα
2718 3131 3051 3202 ψαλτήριον
3112 3133 3206 3186 καὶ
3266 3130 3532 3201 κιθάραν.
3567 3134 3737 3205 ’Ἄλλη

2183 3224 2431 3296 πατέρων
2469 3223 2800 3295 εὐδαιμονία,
2844 3224 2951 3277 τῶν
2985 3225 3187 3278 παίδων
3301 3224 3628 3298 εὐφροσύνη,
3670 3228 3737 3297 ἠν

2180 3314 2587 3387 ἀποπληροῦσιν
2623 3315 2776 3368 αὐλοὶ
2810 3316 2903 3369 καὶ
2935 3315 3154 3386 κιθάραι
3195 3317 3289 3369 καὶ
3325 3315 3612 3387 τύμπανα,
3645 3317 3735 3386 ὑφ’

2180 3403 2254 3463 ὧν
2290 3410 2347 3462 αἱ
2379 3408 2477 3479 μὲν
2505 3409 2664 3461 ἀκοαὶ
2690 3407 3098 3470 καταυλοῦνται,
3120 3410 3173 3461 αἱ
3196 3408 3253 3461 δὲ
3282 3408 3382 3479 τῆς
3410 3408 3589 3479 ψυχῆς
3613 3409 3735 3480 ἡδο-

2182 3503 2270 3557 ναὶ
2302 3501 2677 3573 διεγείρονται,
2712 3502 2805 3555 καὶ
2832 3503 2881 3554 ot
2910 3503 3175 3574 παρόντες
3203 3504 3266 3573 τῇ
3302 3503 3580 3574 ἀκολάστῳ
3609 3504 3736 3574 μελ-

2179 3593 2312 3666 ῳδίᾳ
2350 3594 2797 3666 κατακηλοῦνται·
2820 3595 2884 3663 ἣν
2906 3595 2954 3646 οἱ
2985 3593 3093 3646 τῶν
3132 3593 3339 3647 ἀσεϐῶν
3363 3595 3549 3659 παῖδες
3576 3596 3736 3648 ἀσελ-

2182 3686 2294 3754 γῶς
2317 3686 2653 3757 ἐργάζονται,
2675 3689 2791 3749 ταῖς
2814 3686 3192 3756 ὲντεταμέναις
3211 3689 3422 3757 νευραῖς
3438 3684 3537 3750 τὰς
3551 3688 3734 3758 χεῖρας

2181 3778 2357 3833 αὐτῶν
2385 3779 2779 3844 ἐπιϐάλλοντες,
2819 3779 2912 3832 καὶ
2937 3778 3070 3849 πρὸς
3098 3776 3196 3849 τὴν
3223 3777 3402 3855 φωνὴν
3429 3777 3536 3832 τῶν
3566 3778 3733 3850 ὀργά-

2182 3888 2285 3925 νων
2309 3868 2736 3942 ἐπικροτοῦντες.

2249 3959 2659 4017 Συνετέλεσαν
2675 3959 2746 4012 ἑν
2765 3957 3005 4027 ἀγαθοῖς
3024 3952 3129 4008 τὸν
3137 3953 3281 4019 βίον
3306 3951 3524 4007 αὐτῶν.
3570 3953 3735 4008 Τουτ-

2176 4049 2506 4116 έστινφύδὲν
2523 4049 2817 4120 διάλειμμα
2843 4049 2940 4118 τῆς
2966 4045 3266 4116 εὐπραγίας
3288 4044 3470 4108 αὐτοῖς
3498 4044 3730 4112 ἐγένετο,

2180 4144 2294 4199 ἀλλ’
2329 4144 2387 4197 ἐν
2428 4141 2527 4214 βίῳ
2572 4141 2763 4211 τελείῳ
2797 4142 2907 4204 τοῖς
2942 4138 3267 4208 σωματικοῖς
3298 4136 3521 4205 ἀγαθοῖς
3554 4138 3734 4207 ἐντρυ-

2183 4236 2387 4306 φῶντες
2411 4234 2712 4289 διετέλεσαν
2728 4250 2741 4262 ’
2770 4232 2863 4286 καὶ
2888 4231 3059 4302 πέρας
3100 4229 3283 4291 αὐτοῖς
3315 4226 3651 4297 εὐδαιμονίας
3677 4227 3734 4280 τὸ

522 4352 822 4413 felicitate,
870 4347 1011 4401 idem
1068 4341 1416 4397 beatitudinis
1491 4347 1546 4395 et
1616 4338 1740 4392 vitae
1817 4335 2079 4389 terminus

2184 4329 2279 4400 τῆς
2308 4325 2449 4399 ζωῆς
2474 4328 2646 4398 πέρας
2666 4324 2899 4393 ἐγένετο,
2930 4320 3335 4393 παραταθείσης
3365 4319 3526 4392 μέχρι
3558 4318 3726 4374 τελευ-

521 4444 750 4498 exstitit.

590 4532 657 4585 Et
684 4531 739 4583 in
768 4528 941 4598 requie
969 4523 1167 4593 inferni
1193 4521 1538 4575 dormierunt.
1577 4517 1631 4571 Id
1661 4526 1777 4580 est,
1827 4514 1893 4569 ad
1932 4528 2079 4567 mor-

518 4637 625 4679 tem
672 4635 841 4691 usque
888 4614 1275 4687 tranquillitate
1325 4622 1560 4675 utentes,
1600 4619 1657 4662 et
1682 4609 1801 4662 sine
1828 4618 2076 4660 aerumna

520 4730 585 4770 ac
610 4713 854 4769 cruciatu
886 4710 1070 4765 lautitia
1110 4706 1374 4766 fruentes,
1417 4703 1483 4757 ad
1530 4702 1797 4757 infernum
1838 4700 2076 4753 descen-

520 4811 673 4862 dunt.
699 4804 816 4872 Vel,
856 4803 982 4873 quia
1025 4814 1173 4854 mors
1215 4797 1328 4866 ipsa
1363 4796 1429 4851 iis
1477 4795 1697 4848 minime
1745 4791 1943 4847 acerba
1981 4787 2072 4849 sit,

519 4901 613 4955 sed
661 4896 803 4950 sicut
857 4906 1050 4948 somno
1097 4887 1362 4955 consopiti
1405 4886 1722 4939 moriantur.
1768 4880 1885 4945 Vel,
1944 4878 2075 4948 quia

520 4990 608 5044 alii
643 4986 855 5057 quidem
889 4985 945 5038 in
970 4984 1079 5037 vita
1106 4994 1201 5035 sua
1234 4976 1613 5032 tribulationes
1650 4982 1707 5027 et
1759 4969 2077 5025 atllictiones

521 5080 816 5152 patiantur,
863 5076 920 5129 in
967 5082 1143 5128 morte
1189 5085 1319 5125 vero
1368 5067 1612 5137 requiem
1659 5065 1973 5119 inveniant:
2019 5059 2077 5115 hi

520 5183 701 5226 autem
727 5171 793 5225 de
816 5166 1014 5235 quibus
1034 5176 1119 5220 est
1146 5177 1352 5227 sermo,
1373 5161 1539 5214 vitam
1563 5171 1780 5213 omnem
1810 5153 2078 5211 indeﬂexa

523 5277 713 5319 tenore
737 5262 790 5317 in
817 5261 1003 5316 laetitia
1028 5260 1191 5313 animi
1215 5253 1603 5322 transigentes,
1632 5249 1710 5305 sic
1736 5247 1802 5302 ad
1832 5246 2072 5314 requiem

518 5372 639 5427 quae
670 5357 720 5410 in
754 5363 928 5409 morte
954 5363 1036 5408 cst
1066 5356 1453 5422 pervenerunt.

1110 5463 1260 5519 CAP.
1312 5457 1474 5515 XXII.

592 5557 751 5614 Vsus.
786 5557 839 5610 2.
885 5553 1071 5609 Nonne
1118 5552 1370 5607 Dominus
1417 5556 1490 5602 est
1521 5544 1611 5615 qui
1649 5542 1840 5596 docet?
1871 5537 2069 5593 Sanum

520 5662 601 5710 est
628 5652 730 5707 hoc
756 5649 961 5721 dogma.
1000 5646 1139 5713 quod
1173 5660 1332 5702 verus
1365 5638 1585 5698 virtutis
1615 5635 1877 5707 magiStcr
1908 5632 2070 5687 homo

2180 4419 2279 4489 τῆς
2307 4419 2405 4489 τῆς
2433 4418 2749 4490 εὐημερίας.

2251 4511 2358 4563 Καὶ
2379 4510 2448 4560 ἐν
2464 4507 2796 4563 ἀναπαύσει
2826 4504 2971 4571 ᾅδου
2999 4499 3422 4570 ἐκοιμήθησαν.
3457 4496 3603 4552 Ἀντὶ
3624 4496 3733 4559 zeli,

2186 4603 2343 4675 μέχρι
2369 4601 2594 4655 θανάτου
2623 4596 3019 4666 ἀναπαυόμενοι
3066 4593 3158 4646 καὶ
3188 4587 3567 4652 εὐθυμοῦντες,
3601 4587 3735 4641 ἀϐα-

2182 4694 2419 4749 σάνιστοι
2447 4693 2524 4755 είς
2549 4689 2677 4761 ᾅδην
2706 4688 3076 4757 κατέρχονται.
3107 4683 3180 4737 Ἦ
3203 4724 3219 4748 ,
3248 4683 3330 4736 ὅτι
3374 4680 3493 4734 οὐδὲ
3527 4679 3683 4739 αὐτὸς
3707 4678 3737 4731 ὁ

2179 4787 2403 4848 θάνατος
2432 4783 2627 4855 πικρὸς
2657 4783 2838 4844 αὐτοῖς
2864 4779 3069 4849 γίνεται
3093 4793 3108 4807 ο
3138 4775 3252 4830 ἀλλ’
3286 4773 3475 4844 ὥσπερ
3507 4768 3738 4824 ὑπνοῦνε

2177 4895 2301 4942 τες,
2335 4875 2506 4938 οὕτως
2540 4873 2988 4944 ἀποθνήσκουσιν.
3025 4870 3093 4922 Ἢ
3114 4909 3128 4934 ,
3160 4868 3240 4921 ὅτι
3272 4867 3323 4919 oi
3362 4865 3459 4937 μὲν
3504 4863 3650 4917 ἄλλοι
3683 4864 3738 4914 ἐν

2179 4967 2255 5040 τῷ
2281 4967 2378 5039 ζῇν
2405 4963 2775 5020 κακοπαθοῦσι
2798 4964 2891 5016 καὶ
2920 4957 3406 5031 ταλαιπωροῦνται,
3447 4953 3739 5009 ἀποθανόν-

2180 5077 2271 5123 τες
2292 5059 2350 5112 δὲ
2375 5056 2761 5113 ἀναπαύονταιο
2797 5048 2940 5108 οὗτοι
2973 5053 3030 5106 δὲ
3056 5053 3183 5122 περὶ
3202 5045 3277 5105 ὧν
3306 5052 3334 5104 ὁ
3361 5049 3545 5117 λόγος,
3560 5050 3737 5101 πᾶσαν

2181 5151 2280 5222 τὴν
2302 5149 2443 5220 ζωὴν
2467 5149 2524 5201 ὲν
2552 5145 2784 5216 εὐθυμία
2805 5142 3133 5215 διηνυκότες,
3162 5138 3332 5203 οὕτως
3359 5140 3437 5201 εἰς
3461 5137 3558 5209 τὴν
3585 5137 3644 5189 ἐν
3661 5133 3739 5205 τῷ

2180 5239 2395 5311 θανάτῳ
2422 5234 2584 5310 ἦλθον
2610 5235 2933 5290 ἀνάπαυσιν.

2797 5435 2952 5487 ΚΕΦ.
2992 5433 3115 5485 ΚΒ’.

2248 5536 2506 5601 Πότερον
2526 5530 2595 5583 οὺ
2620 5528 2829 5595 Κύριός
2859 5524 3026 5577 ἐστιν
3048 5526 3079 5575 ὀ
3110 5516 3409 5573 διδάσκων
3430 5513 3649 5583 ῩΎγιὲς
3686 5512 3744 5567 δὲ

2176 5626 2248 5704 τὸ.
2263 5625 2437 5696 δόγμα
2464 5619 2641 5686 τοῦτο,
2674 5620 2755 5672 ὅτι
2795 5614 3043 5687 ἀληθινὸς
3073 5607 3387 5668 διδάσκαλος
3430 5602 3636 5679 ἀρετῆς
3678 5604 3742 5661 οὐ
