4046 6152
300 219 452 274 1057
1647 216 1859 274 SELEC

1991 214 2059 270 IN
2089 214 2226 271 JOB.
3406 213 3544 270 {0'58

288 341 527 396 δύναται
555 336 693 395 εἶναι
722 341 1002 410 ἅνθρωπος
1021 358 1033 372 ⁸
1068 362 1085 393 ι
1111 345 1139 396 6
1162 340 1424 396 διδάσκων
1455 342 1563 413 γὰρ
1592 340 1859 413 ἄνθρωποι

1983 353 2089 393 non
2118 350 2244 392 esse
2281 332 2491 406 possit;
2524 333 2616 404 qui
2647 333 2793 390 enim
2829 352 2849 386 ι
2883 334 3041 389 docet
3062 333 3334 390 hominem
3371 336 3545 389 scicn—

290 433 528 503 γνῶσιν,
568 455 587 485 ι
625 437 720 489 καὶ
742 437 799 489 ὲν
816 436 1057 506 Ψαλμοῖς
1081 436 1512 506 ἀναγέγραπται,
1544 436 1626 489 ὃτι
1652 435 1751 488 οὐκ
1778 433 1859 488 άλ-

1983 431 2110 484 tiam
2144 430 2216 495 ιο,
2250 446 2271 480 ι
2323 437 2381 482 ut
2412 427 2465 482 in
2499 426 2733 483 Psalmis
2781 427 3043 496 scriptum
3106 438 3209 493 est,
3257 442 3360 481 non
3406 428 3547 483 alius

289 525 395 590 λος
426 528 574 580 ἐστὶν
600 527 715 580 ἀλλ’
756 526 788 598 ἢ
823 526 972 590 Θεός.
1019 528 1267 581 Διδάσκει
1299 528 1357 580 δὲ
1388 527 1521 591 Θεὸς
1544 566 1558 588 ,
1589 528 1859 599 ὲλλάμπωγ

1980 530 2066 576 est
2110 529 2305 591 praeter
2346 520 2538 575 Deum.
2581 518 2751 574 Docet
2794 531 2971 573 autem
3001 520 3146 573 Deus
3177 518 3423 588 discipuli
3459 520 3543 574 sui

286 622 368 690 τῇ
398 619 542 689 ψυχῇ
561 618 655 672 τοῦ
689 618 1049 690 μανθάνοντος
1072 621 1163 673 ὑπ’
1194 618 1379 683 αὐτοῦ,
1404 621 1497 673 καὶ
1522 620 1619 691 τὴν
1642 620 1859 674 διάνοιαι

1980 615 2217 667 animam
2248 611 2592 675 illustrando,
2632 621 2687 666 et
2714 626 2847 666 vero
2875 611 3098 676 lumine,
3131 612 3297 666 verbo
3331 611 3544 667 scilicet

288 711 553 778 φωτίζων
583 711 662 782 τῷ
693 712 830 780 φωτὶ
852 712 928 783 τῷ
951 712 1187 785 ἀληθινῷ
1209 714 1286 787 τῷ
1319 718 1511 770 ἑαυτοῦ
1542 715 1704 785 λόγῳ.
1734 714 1859 766 Οὐκ·

1980 719 2101 769 suo,
2130 713 2366 758 mentem
2400 701 2773 758 illuminando.
2803 703 2869 757 Et
2895 703 3118 773 quidem
3142 702 3271 759 licet
3294 704 3547 767 homines

283 795 427 861 οὖν,
464 796 567 850 κᾶν
603 798 795 866 ἄνδρες
833 798 1028 853 δίκαιοι
1055 803 1204 872 ἡμᾶς
1236 803 1546 866 διδάσκωσι,
1577 801 1857 855 διδασκαλι

1972 794 2129 864 justi,
2182 794 2406 850 docendi
2461 796 2695 866 gratiam
2740 796 3040 862 consecuti,
3096 810 3199 852 nos
3248 797 3540 859 erudiant;

287 888 404 961 κὴν
431 889 712 960 εἰληφότες
756 891 914 962 χάριν
932 931 948 956 ,
982 893 1144 946 πάλιν
1169 895 1197 946 6
1223 895 1424 965 Κύριός
1452 897 1599 949 ἐστιν
1627 898 1655 950 6
1681 895 1748 949 δι’
1781 896 1859 949 αὐ·

1977 888 2120 944 Deus
2175 898 2353 943 tamen
2400 899 2484 942 est
2547 888 2640 958 qui
2682 903 2782 958 per
2836 902 2933 943 eos
2976 903 3075 944 nos
3114 890 3391 944 instituit:
3433 889 3546 943 imo

282 979 410 1032 τῶν
436 978 703 1033 διδάσκων
717 983 896 1051 ἡμᾶς·
923 983 1016 1035 καὶ
1046 983 1179 1037 αὐτὸ
1201 983 1259 1037 δὲ
1286 984 1347 1037 τὸ
1372 985 1605 1038 συνιέναι
1622 984 1718 1038 καὶ⁵
1733 983 1859 1038 διαν·

1976 991 2029 1035 et
2067 980 2198 1035 illud
2227 982 2406 1036 divina
2436 980 2610 1050 gratia
2643 980 2725 1046 ﬁt,
2755 990 2812 1035 ut
2846 981 3231 1050 intelligamus,
3258 991 3313 1036 et
3345 984 3413 1036 ad
3452 981 3543 1035 di-

284 1070 546 1141 οιχθῆναι
596 1071 699 1135 τὰς
757 1073 986 1143 καρδίας
1052 1073 1208 1145 ἡμῶν
1265 1077 1344 1138 εἰς
1398 1075 1496 1147 τὴν
1551 1076 1659 1129 τῶν
1717 1074 1859 1129 θείωι

1977 1072 2224 1127 vinarum
2246 1072 2620 1129 doctrinarum
2636 1073 2999 1142 receptionem
3018 1074 3181 1128 corda
3203 1074 3535 1141 aperiamus.

287 1163 642 1235 μαθημάτων
722 1166 1055 1240 παραδοχὴν,
1093 1166 1235 1224 κατά
1292 1169 1392 1240 τὴν
1452 1168 1602 1223 θείαν
1666 1170 1873 1239 γίνεται

2047 1349 2212 1405 Vsus.
2252 1348 2307 1406 4.
2350 1351 2454 1403 Aut
2492 1349 2749 1402 rationem
2774 1350 2855 1402 tui
2881 1349 3076 1403 habena
3110 1357 3294 1418 arguet
3324 1356 3372 1402 te
3400 1348 3423 1400 2’
3457 1347 3540 1402 Ad

280 1446 455 1501 τοῦτο
518 1449 764 1519 εἴποιμεν
828 1448 893 1502 ἂν
920 1489 934 1513 ,
1018 1449 1099 1501 ὅτι
1167 1449 1228 1502 οὐ
1305 1449 1601 1523 φροντίζων
1660 1453 1689 1505 ὀ
1741 1451 1859 1515 Θεὸς

1975 1442 2079 1497 hoc
2106 1442 2438 1512 respondere
2468 1457 2783 1511 possumus,
2812 1443 3084 1497 hominem
3121 1441 3343 1510 impium
3367 1456 3397 1494 «ι
3428 1440 3540 1495 Deo

284 1540 509 1612 μήποτε
543 1540 704 1603 αὐτός
754 1557 806 1592 τι
857 1539 1023 1611 βλαϐῇ
1046 1579 1061 1603 ,
1111 1540 1320 1611 ἐλέγχει
1363 1542 1456 1595 τὸν
1493 1542 1689 1614 ἀσεϐῆ·
1735 1542 1859 1596 ἀλλά

1975 1536 2156 1606 argui,
2187 1549 2295 1589 non
2328 1535 2471 1603 quod
2516 1534 2789 1590 sollicitus
2817 1536 2889 1590 sit
2918 1548 2984 1588 ne
3010 1535 3266 1589 damnum
3307 1534 3539 1604 aliquod

275 1628 451 1699 λόγον
492 1633 810 1697 ποιούμενος
854 1632 950 1687 τοῦ
992 1633 1386 1704 προνοουμένου
1425 1636 1517 1688 καὶ
1566 1634 1869 1707 εὐεργετῶν

277 1721 477 1778 αὐτόν.

386 1903 769 1977 Ἦνεχύραζες
832 1907 973 1975 τοὺς
1034 1908 1333 1979 ἀδελφούς
1385 1926 1502 1965 σου
1577 1913 1865 1983 διακενῆς.

289 1996 705 2070 Ὕπολαμϐάνει
756 2000 814 2053 δὲ
866 2000 1024 2055 τιιῦτο
1074 2005 1204 2074 περὶ
1262 2003 1358 2057 τοῦ
1403 2002 1524 2058 Ἰὼϐ
1587 2005 1865 2072 ἐντεῦθεν,

277 2094 374 2148 ὅτι
426 2092 543 2164 ᾔδει
588 2091 751 2145 αὐτὸν
800 2091 1091 2158 πλούσιον,
1129 2096 1223 2148 καὶ
1265 2095 1581 2149 ὑπώπτευεν
1624 2097 1732 2150 ἀπὸ
1760 2116 1869 2151 τοι-

277 2185 462 2238 ούτων
487 2182 647 2238 τινῶν
671 2183 852 2253 πόρων
875 2184 1118 2239 πλουτεῖν
1145 2187 1305 2241 αὐτόν
1326 2203 1339 2217 ⁸
1372 2188 1452 2242 διό
1477 2205 1640 2260 φησιν
1658 2192 1866 2246 οιἩνε-

278 2274 527 2347 χύραζες
636 2274 887 2345 διακενῆς
911 2292 924 2305 ·
962 2294 982 2328 ι
1024 2277 1271 2332 τουτέστι
1315 2278 1479 2349 μηδὲν
1515 2281 1870 2354 ὲποφειλόμε-

278 2383 398 2430 νος.
433 2367 865 2438 Προσεπιτείνων
903 2367 961 2423 δὲ
1004 2368 1165 2423 πάλιν
1199 2370 1366 2443 ἄλλην
1395 2371 1559 2426 αὐτοῦ
1591 2373 1866 2444 ἁμαρτίαν

283 2477 366 2531 φη
374 2458 478 2513 σίν.

372 2644 690 2713 Ἀμφίασιν
727 2642 796 2697 δὲ
835 2644 1075 2715 γυμνῶν
1118 2644 1393 2715 ἀφείλου.
1433 2645 1589 2700 Ἔστι
1618 2647 1747 2700 ποτὲ
1773 2646 1868 2702 λα-

281 2734 404 2789 ϐεῖν
435 2735 820 2807 ἀμφιάσματα,
850 2736 912 2790 οὐ
940 2754 1005 2806 γυ
1014 2737 1167 2808 μνοῢ,
1189 2736 1325 2792 ἀλλὰ
1354 2737 1628 2803 πλουσίου,
1652 2738 1867 2809 ἔχοντος

280 2829 623 2901 ἀποκείμενα
658 2830 929 2902 ἐνδύματα
964 2830 1153 2886 πολλά.
1199 2831 1325 2886 Ἐἀν
1378 2832 1625 2902 μέντοιγε
1665 2832 1866 2904 χιτῶνα

278 2920 386 2994 ἔχῃ
423 2939 506 2988 τις
543 2922 670 2987 ἕνα,
713 2922 806 2977 καὶ
848 2922 1037 2977 τοῦτον
1081 2924 1174 2979 τὸν
1217 2923 1417 2995 χιτῶνα
1463 2924 1733 2996 προφάσει
1770 2922 1865 2978 τοῦ

279 3019 539 3072 ἀπαιτεῖν
570 3017 631 3070 τὸ
661 3016 791 3089 ἐμὸν
835 3017 1045 3072 ὲκδύσω
1070 3058 1084 3081 ,
1125 3004 1217 3088 μὴ⁴
1236 3016 1465 3087 ἐλεήσας
1507 3019 1708 3071 ἐκεῖνον
1769 3016 1861 3071 τὸν

279 3110 526 3181 γυμνὸν,
568 3111 833 3181 ἀμφίασιν
868 3108 963 3163 τοῦ
995 3109 1202 3181 γυμνοῦ
1233 3108 1550 3180 ἀφειλόμην.
1594 3108 1772 3162 Πολλὰ
1802 3108 1859 3162 δὲ

275 3199 510 3255 τοιαῦτα
531 3202 588 3255 ἐν
614 3202 744 3272 ἡμῖν
778 3202 1005 3271 γίνεται,
1023 3202 1150 3255 ὅταν
1170 3200 1522 3273 δανείζωμεν,
1544 3201 1671 3254 ὅταν
1691 3216 1860 3273 προσ·-

275 3293 563 3361 οφειλὲτας
611 3294 842 3365 ἔχωμεν.
897 3294 1163 3357 Πολλάκις
1197 3297 1225 3348 6
1260 3293 1542 3365 ὀφειλέτης
1579 3293 1738 3365 ἡμῶν
1777 3294 1858 3357 είς

278 3385 586 3459 ὑπερϐολὴν
632 3386 888 3451 πένεται,
937 3388 1011 3459 μὴ
1053 3386 1345 3459 δυνάμενος
1394 3387 1711 3442 ἀποδοῦναι·
1765 3388 1858 3440 καὶ

278 3479 480 3552 ἡμεῖς,
515 3479 585 3534 τὰ
630 3480 913 3553 σπλάγχνα
969 3478 1125 3553 ἡμῶν
1168 3482 1608 3545 ἀποκλείσαντες,
1640 3482 1734 3535 καὶ
1782 3481 1855 3552 μὴ

280 3569 591 3641 βλέποντες,
622 3571 704 3624 ὅτι
733 3574 967 3640 γυναῖκα
991 3572 1201 3644 τρέφει,
1229 3573 1320 3625 καὶ
1349 3572 1515 3625 τέκνα
1538 3612 1552 3636 ,
1580 3571 1673 3626 καὶ
1706 3571 1856 3642 μόλις

277 3663 537 3736 τρέφεται
570 3664 677 3718 ἀπὸ
708 3664 817 3719 τῶν
844 3665 1212 3738 ποριζομένων
1241 3664 1387 3736 αὐτῷ
1415 3664 1607 3734 ὀλίγων
1633 3664 1853 3728 ὀϐολῶν,

277 3757 619 3828 ἀπαιτοῦμεν
660 3755 908 3829 πικρῶς,
939 3757 1050 3811 ἔσθ’
1084 3758 1173 3811 ὅτε
1224 3759 1319 3811 καὶ
1364 3756 1600 3829 περισσά
1643 3756 1855 3827 ἔχοντες

281 3853 414 3922 παρ’
462 3852 689 3914 ἑαυτοῖς.
736 3850 921 3904 Ταῦτα
969 3846 1061 3904 οὖν
1106 3848 1250 3918 λέγει
1297 3849 1541 3918 ἐγκαλῶν
1586 3848 1665 3918 τῷ
1708 3846 1849 3913 Ἰὼϐ,

281 3945 396 4007 ὅτι,
439 3963 459 3996 ί
502 3943 791 4016 Ἀμφίασιν
819 3940 1039 4015 γυμνῶν
1076 3943 1318 4013 ἀφείλου.
1371 3962 1388 3993 ι
1440 3943 1600 4004 Ἴσως
1646 3940 1704 3994 δὲ
1761 3940 1855 3994 καὶ

282 4035 347 4089 τὸ
392 4037 467 4107 μὴ
507 4036 688 4090 δοῦναι
729 4034 809 4106 τῷ
856 4034 1047 4107 γυμνῷ
1079 4035 1290 4107 ἱμάτιον
1336 4032 1623 4104 ἀφαίρεσιν
1654 4030 1853 4101 ὀνομά-

283 4129 401 4193 ζει’
449 4127 828 4199 ἀποστερητὴς
866 4127 975 4198 γάρ
1016 4128 1132 4179 ἐστι
1179 4126 1272 4179 καὶ
1319 4123 1645 4193 πλεονέκτης
1689 4122 1782 4175 καὶ
1826 4125 1854 4176 ὀ

285 4219 363 4291 μὴ
397 4218 595 4273 ἑνδύων
623 4218 716 4272 τὸν
739 4216 945 4288 γυμνὸν
970 4257 984 4282 ,
1016 4217 1109 4270 καὶ
1146 4216 1173 4270 6
1214 4215 1288 4288 μὴ
1318 4216 1531 4288 τρέφων
1564 4212 1653 4267 τὸν
1687 4213 1851 4285 ἄρτου

279 4311 554 4384 δεόμενον.

1972 1628 2022 1681 ei
2051 1625 2269 1690 inferat,
2316 1626 2411 1680 sed
2458 1625 2585 1694 quia
2632 1641 2796 1695 quem
2832 1627 3176 1696 providentia
3208 1640 3305 1681 sua
3346 1626 3541 1696 digna—

1900 1710 1943 1765 B
1974 1728 2082 1782 tur,
2127 1732 2315 1773 curam
2365 1718 2481 1787 ejus
2534 1731 2710 1790 gerat,
2749 1727 2803 1772 et
2834 1719 3191 1775 beneficentia
3240 1733 3340 1774 sua
3385 1733 3539 1773 com-

1969 1809 2260 1879 plectatur.

2045 1900 2207 1956 Vnus.
2243 1900 2298 1956 6.
2340 1900 2406 1956 In
2425 1902 2614 1972 pignus
2639 1911 2814 1955 autem
2840 1901 3086 1971 accepisti
3110 1901 3305 1971 fratres
3333 1910 3454 1956 tuo:
3477 1902 3534 1953 in

1971 2010 2182 2048 vanum.
2221 1993 2333 2050 lloc
2361 2005 2543 2048 autem
2578 1994 2647 2049 de
2672 1991 2809 2049 Jobo
2841 2008 2905 2048 ex
2938 2008 3004 2050 eo
3037 1995 3373 2063 suspicatur,
3409 1993 3534 2062 quia

1970 2086 2191 2140 divitem
2215 2100 2337 2139 eum
2367 2084 2538 2139 fuisse
2564 2094 2910 2154 cognoverat,
2939 2091 2993 2139 et
3026 2083 3291 2152 ejusmodi
3337 2083 3535 2153 aliqui—

1969 2176 2072 2232 bus
2104 2175 2408 2231 rationibus
2447 2175 2775 2244 locupletem
2825 2176 3064 2230 evasisse
3110 2175 3531 2245 suspicabatur:

1970 2272 2194 2335 idcirco,
2229 2290 2249 2323 ι
2281 2272 2504 2343 Pignus,
2537 2271 2730 2340 inquit,
2776 2270 2831 2325 in
2873 2286 3073 2326 vanum
3108 2273 3448 2342 accepisti,»
3478 2271 3534 2328 id

1966 2373 2051 2419 est
2098 2364 2332 2419 fructum
2373 2364 2580 2419 nullum
2613 2362 2741 2417 inde
2767 2364 3092 2434 percipiens.
3130 2363 3532 2435 Improbitatem

1968 2465 2148 2512 autem
2190 2456 2310 2525 eius
2352 2468 2710 2527 exaggerans,
2761 2455 2904 2509 aliud
2945 2463 3208 2526 praeterea
3243 2465 3528 2527 peccatum

1965 2548 2082 2619 ejus
2108 2546 2274 2603 addit.

2038 2638 2109 2693 Et
2147 2640 2395 2693 amictum
2428 2639 2690 2692 nudorum
2722 2637 3009 2694 abstulisti.
3038 2637 3123 2694 Fit
3154 2639 3432 2696 interdum
3472 2649 3533 2695 ut

1967 2730 2339 2787 indumentum
2367 2730 2633 2799 capiatur,
2664 2743 2769 2783 non
2809 2739 2987 2785 autem
3019 2730 3178 2798 nudi,
3207 2732 3300 2787 sed
3329 2732 3534 2799 divitis,

1966 2823 2060 2894 qui
2116 2823 2283 2877 multa
2337 2824 2655 2881 vestimenta
2717 2824 2996 2880 recondita
3042 2825 3208 2880 habet
3250 2843 3265 2879 :
3313 2827 3357 2880 si
3404 2840 3534 2881 vero

1969 2915 2090 2984 quis
2114 2917 2350 2970 tunicam
2398 2917 2613 2971 unicam
2657 2925 2868 2970 tantum
2919 2917 3138 2982 habeat,
3175 2925 3230 2972 et
3258 2917 3401 2974 hanc
3430 2920 3534 2974 sub

1975 3016 2239 3078 praetextu
2290 3013 2563 3079 repetendi
2610 3010 2753 3079 quod
2808 3024 2987 3065 meum
3039 3016 3141 3077 est,
3192 3010 3340 3066 nulla
3397 3012 3526 3079 nudi

1965 3101 2108 3156 illius
2157 3102 2508 3156 miseratione
2548 3113 2744 3168 tactus,
2790 3103 3116 3167 detraxero,
3172 3103 3302 3158 nudi
3362 3105 3522 3159 indu-

1971 3199 2211 3246 mentum
2243 3191 2461 3246 abstuli.
2495 3192 2646 3246 Talia
2676 3202 2857 3245 autem
2890 3192 3059 3246 multa
3088 3191 3234 3247 inter
3269 3208 3370 3248 nos
3394 3207 3523 3249 eve-

1967 3285 2144 3351 niunt,
2172 3300 2293 3340 cum
2337 3285 2506 3341 fenori
2538 3285 2794 3355 pecunias
2835 3287 3178 3356 exponimus,
3200 3296 3256 3342 et
3283 3301 3406 3343 cum
3432 3288 3532 3342 ἀει

1971 3376 2235 3432 bitoribus
2265 3378 2477 3448 negotia
2513 3378 2797 3435 habemus.
2830 3378 3217 3449 Saepenumero
3246 3378 3341 3450 qui
3372 3380 3535 3435 nobis

1967 3467 2149 3522 debito
2178 3468 2558 3538 obstringitur,
2595 3473 2647 3525 in
2676 3487 2887 3526 summa
2927 3479 3013 3526 est
3057 3477 3320 3540 egestate,
3365 3470 3440 3523 ita
3471 3479 3534 3523 ut

1967 3561 2227 3617 solvendo
2259 3562 2491 3617 omnino
2540 3580 2648 3620 non
2694 3568 2823 3633 sit;
2863 3579 2961 3620 nos
3010 3576 3142 3617 vero
3189 3576 3533 3633 nequaquam

1963 3657 2368 3713 considerantes
2420 3664 2562 3728 quod
2604 3663 2887 3730 coniugem
2939 3666 2994 3715 et
3045 3657 3246 3714 liberos
3305 3660 3530 3717 alendos

1962 3749 2179 3814 habeat,
2212 3759 2264 3805 et
2297 3753 2485 3820 paucis
2513 3750 2675 3824 505.
2698 3753 2872 3808 obolis
2904 3752 2995 3820 qui
3044 3750 3122 3805 illi
3166 3750 3525 3817 exhibentur,

1963 3839 2256 3897 didiculter
2299 3844 2465 3896 vitam
2515 3849 2808 3906 sustineat,
2851 3841 3089 3898 occlusis
3138 3842 3527 3899 misericordiae

1963 3931 2309 3995 visceribus,
2371 3949 2495 3987 cum
2551 3935 2853 3999 acerbitate
2912 3933 3152 3987 debitum
3215 3932 3526 4002 exigimus,

1970 4020 2129 4089 idque
2158 4021 2429 4073 interdum
2460 4037 2581 4076 cum
2619 4022 2717 4093 ipsi
2740 4037 2918 4077 rerum
2937 4019 3181 4076 omnium
3201 4021 3528 4078 abundantia

1967 4111 2424 4167 circumﬂuamus.
2457 4112 2583 4169 Haac
2607 4115 2770 4186 igitur
2799 4113 2991 4168 Jobum
3023 4113 3337 4184 vituperans
3361 4116 3526 4172 dicit:

1965 4221 1984 4255 ι
2016 4204 2286 4259 Amictum
2310 4206 2576 4261 nudorum
2601 4207 2892 4265 abstulisti.
2928 4226 2946 4259 ι
2993 4205 3247 4263 Fortasse
3276 4208 3442 4264 etiam
3473 4219 3531 4265 et

1962 4298 2343 4352 vestimentum
2374 4300 2519 4353 nudo
2555 4314 2660 4353 non
2692 4300 2950 4368 praebere,
2980 4299 3312 4355 ablationem
3344 4313 3521 4356 vocat.

1886 4417 1931 4472 Β
1961 4385 2063 4453 Qui
2119 4389 2266 4444 enim
2321 4390 2521 4445 nudum
2576 4405 2683 4445 non
2729 4389 2928 4455 induit,
2965 4400 3022 4444 et
3065 4401 3342 4448 carentem
3386 4409 3530 4464 pane

1965 4494 2072 4534 non
2103 4480 2221 4545 alit,
2257 4479 2533 4535 fraudator
2558 4489 2644 4536 est
2671 4489 2728 4536 et
2761 4481 2924 4536 alieni
2957 4481 3167 4538 avidus.

367 4584 738 4654 Ἐθαύμασας
762 4579 827 4635 δέ
861 4595 1037 4634 τινων
1063 4579 1368 4647 πρόσωπα.
1415 4575 1576 4629 Ἀλλο
1607 4576 1699 4630 καὶ
1724 4574 1849 4629 τοῦ-

2034 4571 2198 4628 Vsns.
2229 4572 2285 4627 8.
2325 4571 2393 4625 Et
2429 4574 2806 4654 admiratus“
2840 4574 3189 4644 quorumdam
3221 4589 3522 4644 personam.

279 4696 344 4736 το
369 4679 688 4750 ιξιμιίιρττιμοι⁸
713 4675 1012 4747 ἁμάρτημα
1027 4672 1135 4744 γὰρ
1160 4672 1253 4725 καὶ
1275 4671 1334 4724 τὸ
1357 4668 1655 4741 θαυμάζειν
1685 4668 1852 4739 πρόσ-

1961 4664 2076 4720 Hoc
2127 4671 2385 4733 praeterea
2437 4663 2580 4717 aliud
2637 4653 2840 4717 crimen
2897 4673 3001 4718 est.
3070 4663 3317 4719 Hominis
3377 4664 3524 4720 enim

281 4790 450 4827 ωπον.
494 4772 550 4825 Ὀ
592 4769 759 4833 δεῖνα,
797 4769 878 4821 ὅτι
922 4764 1174 4830 πλούσιός
1204 4766 1341 4829 ἐστι,
1387 4764 1651 4834 θαυμάζω
1680 4760 1847 4814 αὐτοῦ

1961 4770 2242 4826 personam
2298 4756 2348 4809 in
2415 4755 2772 4811 admiratione
2834 4755 3059 4824 habere,
3119 4765 3346 4825 peccato
3417 4772 3527 4811 non

281 4864 343 4918 τὸ
369 4863 685 4934 πρόσωπον
727 4857 819 4913 τὸν
853 4859 911 4913 δὲ
950 4856 1158 4929 πένητα
1189 4855 1518 4921 mmmam,
1550 4854 1848 4926 ἐπειδήπερ

1961 4858 2150 4902 caret:
2186 4847 2346 4918 huius
2384 4863 2694 4917 personam,
2745 4847 2871 4917 quia
2923 4846 3080 4902 dives
3133 4858 3240 4914 est,
3293 4865 3526 4905 veneror

282 4957 498 5028 ἀξίωμα
521 4956 621 5010 οὐκ
645 4955 779 5026 ἔχει.

1961 4949 2011 4997 et
2050 4940 2325 5007 admiror;
2360 4956 2647 5011 pauperem
2701 4955 2853 5005 vero,
2899 4941 3023 5011 quia
3069 4939 3217 4995 nulla
3264 4942 3524 5012 dignitate

1957 5035 2219 5106 praeditus
2243 5044 2347 5099 est,
2378 5036 2477 5090 sub
2507 5035 2731 5105 pedibus
2766 5034 3049 5091 conculca.

355 5144 568 5200 Ἔσται
600 5141 712 5196 οὖν
749 5156 850 5194 σοι
880 5142 912 5193 ό
944 5129 1364 5203 παντοκράτωρ
1390 5130 1635 5199 βοηθός.
1673 5127 1856 5197 ’Υγιὲς

284 5237 469 5293 ἐνθάδε
515 5235 690 5307 δόγμα
717 5237 746 5287 ὀ
782 5229 1003 5299 Ἐλιφάζ
1038 5226 1223 5297 λέγει·
1262 5225 1431 5277 οἴεται
1471 5221 1580 5293 γὰρ
1610 5222 1702 5274 τὸν
1739 5219 1857 5272 Ἰὼϐ

282 5329 367 5382 διὰ
395 5327 462 5380 τά
486 5325 855 5397 ἁμαρτήματα
886 5321 1114 5391 πάσχειν
1134 5357 1148 5379 ,
1178 5316 1270 5370 καὶ
1313 5317 1393 5369 ὃτι
1432 5311 1729 5383 ὑπομείνας
1757 5326 1856 5363 κα-

285 5422 527 5492 θαίρεται
559 5419 623 5472 δι’
654 5416 817 5472 αὑτοῦ
863 5413 955 5468 τοῦ
1008 5411 1236 5482 πάσχειν
1262 5425 1274 5438 ·
1308 5407 1401 5461 καὶ
1432 5404 1851 5477 καθαιρόμενος,

285 5514 467 5587 ὥσπερ
504 5512 703 5585 χρυσὸς
730 5513 786 5565 ἐν
813 5505 1180 5581 χιυνευτηρίῳ,
1211 5501 1429 5574 δόκιμος
1460 5497 1849 5571 ἀποφαίνεται,

287 5609 391 5662 πᾶν
433 5607 492 5659 τὸ
542 5604 817 5674 ἀλλότριον
870 5598 1234 5670 ἀποθέμενος,
1286 5596 1378 5651 καὶ
1422 5592 1602 5663 πάσης
1655 5589 1852 5653 κακίας

358 5725 400 5758 ¹⁰
445 5722 585 5780 Psal.
632 5737 799 5788 xcut,
852 5718 941 5775 l0.

2036 5126 2200 5183 Vens.
2245 5127 2338 5184 25.
2382 5126 2501 5181 Erit
2541 5128 2704 5197 igitur
2755 5137 2875 5180 tuus
2925 5127 3255 5192 omnipotens
3289 5126 3522 5196 adjutor.

1961 5221 2250 5292 Eliphazus
2288 5222 2391 5276 hoc
2424 5220 2545 5276 loco
2576 5235 2770 5276 sanum
2801 5219 3001 5289 dogma
3049 5219 3295 5289 profert;
3331 5217 3523 5272 Jobum

1961 5314 2104 5367 enim
2158 5322 2379 5383 pr0pter
2426 5319 2646 5381 peccata
2695 5311 2809 5379 pati
2852 5311 3080 5365 adversa
3124 5308 3439 5370 arbitratur,
3471 5316 3526 5361 et

1962 5404 2104 5470 quod
2171 5403 2284 5471 ipsa
2332 5402 2597 5456 malorum
2655 5400 2979 5455 toleratione
3019 5396 3343 5453 sustinendo.
3392 5409 3525 5463 pur-

1961 5505 2137 5566 getur,
2189 5504 2244 5550 et
2289 5503 2569 5566 purgatus,
2623 5491 2837 5560 abjecto
2884 5491 3031 5548 omni
3074 5489 3274 5551 alieno,
3307 5495 3363 5541 et
3386 5485 3524 5538 liber

1960 5587 2028 5644 ab
2074 5587 2179 5644 ulla
2222 5586 2587 5659 improbitatis
2627 5584 2879 5641 mistura.
2929 5592 3182 5638 tanouam
3229 5591 3421 5635 aurum
3471 5576 3526 5629 in
