4046 6152
544 201 563 252 i
575 200 679 257 059

1938 201 2028 258 EX
2063 201 2361 273 ORIGENE

3649 200 3789 255 1040

540 315 760 365 lornace
791 316 1031 374 coctum,
1069 312 1333 379 probatus
1379 324 1655 383 appareat.
1699 314 1755 370 Si
1803 316 1987 386 igitur,
2016 316 2089 368 in-

2197 317 2402 389 ἀμιγὴς
2424 318 2679 388 γεγονώς.
2709 317 2880 391 Φησὶν
2908 313 3025 385 οὖν,
3057 318 3171 381 ὅτι,
3205 315 3300 372 ἐὰν
3333 317 3426 370 καὶ
3456 317 3521 370 σὺ
3551 315 3787 387 ὑπομεί-

536 402 676 471 qnit,
724 419 785 458 ea
831 417 953 472 quae
992 401 1090 458 tibi
1140 403 1488 470 acciderunt,
1536 407 1882 471 sustinueris,
1938 408 2094 472 Dens,

538 504 793 563 tanquam
819 501 1102 562 argentum
1138 493 1263 564 igne
1296 504 1611 565 purgatum,
1650 512 1842 567 purum
1891 508 1944 555 te
1981 503 2103 555 red-

536 587 669 652 det;
703 594 757 640 et
785 600 955 656 purus
997 585 1196 652 factus,
1234 595 1491 657 tanquam
1535 591 1582 645 is
1627 592 1721 661 qui
1759 602 1977 662 peccata
2001 595 2101 648 ab-

529 678 677 746 jeeit,
708 676 960 731 ﬁduciam
991 678 1290 748 concipies,
1329 689 1386 735 et
1408 683 1743 737 conscientia
1775 699 1803 738 a
1847 686 2102 740 condem-

532 768 751 824 natioue
778 765 944 820 libera
990 782 1180 835 preces
1225 768 1480 834 fundens,
1526 770 1758 825 hilarem
1791 771 1996 825 vultum
2047 773 2100 826 in

533 862 728 919 caelum
755 861 1014 918 attolles:
1044 870 1101 918 et
1129 863 1176 918 si
1203 871 1332 919 voto
1367 863 1549 934 aliquo
1605 874 1659 920 et
1685 866 1952 934 promisso
1992 866 2102 920 Deo

534 965 586 1011 te
627 955 1013 1018 obstrinxeris,
1066 953 1155 1010 ille
1208 965 1269 1010 ut
1315 956 1579 1026 promissa
1634 965 1722 1009 tua
1770 958 1834 1011 ad
1894 958 2099 1013 exitum

531 1033 817 1117 perducas,
874 1046 1021 1102 vires
1071 1046 1181 1102 tibi
1220 1048 1625 1118 suppeditabit;
1672 1046 1763 1102 ille
1810 1049 1954 1103 enim
2018 1056 2103 1104 est

537 1159 555 1191 ι
589 1140 680 1210 qui
710 1150 967 1210 operatur
1024 1139 1076 1193 in
1114 1139 1274 1194 nobis
1308 1150 1362 1193 et
1400 1149 1457 1194 ut
1500 1138 1749 1206 velimus,
1789 1150 1844 1195 et
1887 1150 1949 1194 ut
1988 1139 2100 1196 elli-

531 1234 763 1297 ciamus,
825 1246 925 1302 pro
969 1232 1206 1302 gratuita
1257 1246 1354 1285 sua
1403 1229 1777 1286 benevolentia
1815 1231 1878 1284 “.
1926 1252 1945 1284 ι
1994 1229 2098 1286 Pro

529 1324 622 1379 illo
677 1331 881 1389 autem,
928 1341 948 1375 ι
998 1322 1161 1380 dabis
1203 1324 1299 1380 tibi
1351 1325 1579 1380 reddere
1628 1333 1773 1387 vota,
1837 1343 1856 1376 ο
1922 1325 2098 1380 Theo-

528 1417 676 1473 dotio
722 1415 1112 1485 interpretatus
1155 1426 1264 1484 est,
1314 1434 1332 1469 ι
1377 1417 1602 1472 deﬁnies
1630 1418 1879 1482 verbum,
1916 1425 1975 1472 et
2004 1417 2093 1473 ﬁr-

526 1523 676 1564 mum
702 1508 813 1563 erit
841 1508 962 1576 tibi,
994 1526 1014 1561 ι
1075 1508 1127 1563 id
1173 1519 1279 1573 est,
1328 1509 1592 1579 quidquid
1641 1509 1998 1565 constitueris
2042 1521 2098 1566 et

529 1600 713 1655 animo
749 1598 1090 1666 formaveris,
1117 1615 1222 1655 non
1255 1601 1547 1655 intercidet
1577 1601 1672 1655 tibi
1703 1612 1756 1655 et
1783 1610 2093 1666 evanescet,

2205 426 2298 482 νῃς
2314 411 2381 465 τὰ
2407 411 2788 484 συμϐεϐηκότα
2811 430 2913 475 σοι,
2932 411 3198 465 ἀποδώσει
3225 429 3285 464 σε
3318 410 3557 480 καθαρὸν
3589 408 3784 481 ὥσπερ

2202 505 2437 574 ἄργυρον
2470 505 2863 576 πεπυρωμένον
2893 506 2921 557 6
2948 503 3079 569 Θεὸς
3100 521 3114 534 ⁸
3144 504 3239 558 καὶ
3272 504 3512 576 καθαρὸς
3549 503 3783 573 γενόμε-

2201 611 2319 658 νος,
2361 592 2671 667 παρρησίαν
2734 593 2907 660 ἕξεις,
2939 595 3015 658 ὡς
3062 594 3399 666 ἀποθέμενος
3436 594 3505 649 τὰ
3533 596 3786 666 ἁμαρτή-

2204 703 2377 756 ματα,
2414 688 2506 740 καὶ
2550 686 2747 758 ἱλαρῶς
2778 687 2840 740 τὸ
2880 688 3169 758 πρόσωπον
3198 688 3422 759 ἐπαρεῖς
3467 689 3550 751 εἰς
3579 686 3671 740 τὸν
3694 687 3787 739 οὐ·

2205 777 2380 847 ρανὸν,
2406 776 2807 849 ἀκαταγνώστῳ
2836 778 3097 832 συνειδότι
3130 778 3228 843 τὰς
3257 778 3494 842 ἱκετείας
3516 778 3781 849 ποιούμε-

2201 884 2314 933 νος·
2350 868 2452 922 κάν
2481 886 2534 922 τι
2565 867 2697 943 εὔξῃ
2728 870 2823 923 καὶ
2856 870 3064 942 ὑπόσχῃ
3092 870 3170 941 τῷ
3199 870 3335 941 Θεῷ,
3366 870 3527 934 αὐτὸς
3562 871 3777 943 ἐνισχύ-

2204 976 2290 1014 σει
2321 977 2381 1014 σε
2420 960 2557 1032 πρὸς
2586 962 2759 1033 πέρας
2798 963 3024 1031 ἀγαγεῖν
3067 963 3165 1027 τὰς
3196 963 3332 1035 πρὸς
3361 963 3523 1017 αὐτὸν
3549 962 3767 1035 ὑποσχέρ

2203 1070 2348 1116 σεις’
2392 1053 2553 1117 αὐτὸς
2596 1055 2703 1124 γάρ
2748 1055 2895 1109 ἐστιν
2947 1075 2966 1106 ι
3001 1058 3030 1109 6
3064 1056 3301 1127 ἐνεργῶν
3344 1058 3401 1109 ἐν
3434 1058 3567 1127 ἡμῖν
3599 1056 3696 1111 καὶ
3723 1057 3778 1112 τὶ

2200 1144 2376 1201 θέλειν
2414 1146 2602 1200 καὶτὸ
2645 1148 2889 1217 ἐνεργεῖν
2936 1149 3076 1221 ὑπὲρ
3115 1150 3216 1217 τῆς
3262 1150 3529 1213 εὐδοκίας.
3571 1169 3590 1201 ι
3636 1152 3778 1203 Ἀντὶ

2203 1238 2385 1309 μέντοι
2413 1237 2510 1291 τοῦ
2535 1278 2551 1303 ,
2594 1257 2613 1289 ι
2652 1238 2823 1291 Δώσει
2851 1238 2908 1292 δέ
2952 1256 3034 1292 σοι
3062 1240 3352 1296 ἀποδοῦναι
3395 1241 3496 1305 τὰς
3527 1242 3717 1312 εὐχὰς,
3756 1262 3776 1294 ι

2199 1328 2509 1394 Θεοδοτίων,
2546 1348 2565 1380 ί
2591 1328 2701 1383 Καὶ
2731 1331 2899 1401 ὁριεῖς
2930 1331 3101 1402 ῥῆμα,
3133 1332 3226 1386 καὶ
3257 1332 3585 1403 σταθήσεταί
3616 1351 3721 1399 σοι,
3754 1354 3775 1385 ι

2198 1420 2454 1486 ἐξέδωκε·
2482 1421 2779 1487 τουτέστιν,
2803 1422 2947 1477 ἅπαν
2973 1424 3001 1477 ὃ
3032 1423 3098 1478 ἂν
3128 1425 3358 1496 συντάξῃ
3383 1426 3478 1478 καὶ
3499 1425 3778 1498 τυπώσῃς.

2196 1515 2258 1568 οὐ
2289 1515 2623 1569 διαπεσεῖται
2646 1532 2659 1545 ·
2702 1517 2797 1570 καὶ
2835 1516 3021 1581 ἁπλῶς
3062 1520 3270 1584 εἰπεῖν,
3313 1519 3532 1573 ἅπασάν
3564 1536 3646 1591 σοι
3680 1521 3781 1591 τὴν

2198 1603 2545 1678 ἁρμόζουσαν
2570 1605 2763 1678 δικαίῳ
2788 1608 3014 1679 παρέξει
3041 1608 3317 1681 διαγωγήν
3335 1627 3349 1640 °
3387 1610 3481 1664 ml.
3514 1586 3688 1665 πᾶσαι
3721 1586 3779 1663 ἀι

527 1692 621 1747 sed
652 1690 866 1746 ﬁrmum
896 1700 952 1746 et
980 1701 1156 1747 ratum
1186 1691 1315 1758 ﬁet;
1348 1702 1399 1746 et
1429 1702 1489 1747 ut
1517 1693 1686 1750 verbo
1714 1693 1918 1757 dicam,
1946 1693 2089 1748 dabit

2196 1696 2306 1750 ὁδοί
2336 1713 2428 1750 σου
2462 1698 2991 1768 κατευοδωθήσονται
3024 1700 3129 1753 ὑπὸ
3157 1700 3252 1754 τοῦ
3294 1699 3437 1753 θείου
3477 1700 3777 1770 ὁδηγούμε-

529 1784 627 1839 tibi
667 1785 1131 1840 conversationem
1180 1784 1235 1839 in
1278 1786 1530 1841 omnibus
1567 1786 1785 1840 homine
1820 1785 1970 1853 justo
2012 1786 2098 1841 di-

527 1891 710 1945 gnam,
744 1885 801 1932 et
831 1876 930 1932 viae
960 1886 1067 1931 tuae
1096 1891 1305 1942 omnes,
1334 1878 1518 1932 divino
1552 1877 1755 1932 lumine
1800 1879 1905 1932 iter
1938 1892 2096 1934 mon-

527 1978 760 2038 strante,
805 1970 1300 2039 prosperabuntur,
1347 1971 1427 2024 vel
1487 1970 1649 2026 etiam
1702 1971 1944 2028 actiones
1988 1979 2094 2028 tua:

526 2063 824 2133 splendidae
857 2071 911 2118 et
937 2062 1250 2118 honoriﬁca:
1280 2072 1460 2117 erunt.

598 2154 758 2210 Vens.
792 2154 884 2210 29.
910 2153 1188 2219 Quoniam
1217 2154 1514 2208 humiliavit
1545 2155 1794 2225 seipsum,
1821 2165 1869 2210 et
1895 2155 2041 2210 dices
2071 2170 2088 2207 :

524 2245 716 2303 Elatia
737 2260 810 2303 est
835 2249 892 2301 in
922 2249 1243 2317 superbiam.
1278 2246 1425 2302 Licet
1450 2243 1642 2301 .Iobutn
1669 2248 1996 2317 alloquatur,
2026 2250 2094 2301 de

525 2342 635 2396 alio
654 2341 870 2395 videtur
892 2339 1053 2394 verba
1080 2338 1298 2394 facere:
1337 2336 1647 2406 Pr0pterea,
1688 2338 1884 2408 inquit,
1918 2340 2093 2409 poeni-

524 2436 750 2491 tentiam
781 2432 962 2503 agenti
982 2432 1099 2488 haec
1120 2432 1395 2498 evenient,
1416 2432 1546 2501 quia
1571 2432 1808 2502 seipsum
1833 2434 2089 2489 humilia-

523 2527 628 2591 vit,
684 2534 740 2580 et
794 2523 1229 2594 quandoquidem
1273 2522 1418 2577 fastu
1460 2533 1518 2578 et
1559 2524 1871 2594 arrogantia
1912 2524 2089 2581 elatus

522 2626 666 2681 erat,
712 2615 909 2670 merito
930 2624 992 2668 se
1029 2614 1352 2668 sustinuisse
1374 2613 1512 2667 dixit
1538 2628 1600 2667 ea
1622 2629 1742 2684 quae
1765 2630 1955 2685 passus
1981 2626 2084 2672 est.

592 2707 663 2762 Et
699 2706 983 2762 demissum
1008 2705 1176 2759 oculis
1211 2704 1453 2759 saluabit.
1498 2704 1610 2760 Hoc
1656 2714 1762 2771 est,
1810 2706 2089 2763 humiliter

521 2801 590 2856 de
616 2815 675 2856 se
703 2798 1052 2862 sentientem,
1077 2805 1133 2852 et
1159 2798 1309 2851 humi
1340 2797 1527 2852 oculos
1569 2798 1818 2867 ﬁgentem
1863 2809 2089 2869 propter

521 2896 763 2952 animum
794 2888 926 2946 mali
965 2889 1069 2945 sibi
1102 2889 1382 2944 conscium
1428 2904 1493 2944 ac
1534 2888 1742 2943 ﬁducia:
1783 2899 2083 2957 expertem,

2196 1809 2284 1845 ναι
2308 1792 2508 1861 φωτός
2536 1791 2569 1863 ἢ
2596 1793 2691 1846 καὶ
2723 1793 2781 1846 αἱ
2818 1791 3042 1864 πράξεις
3073 1809 3168 1845 σου
3196 1792 3448 1864 λαμπραὶ
3473 1794 3569 1846 καὶ
3597 1792 3777 1846 ἐπίδο-

2197 1880 2277 1948 ξοι
2304 1880 2539 1936 ἔσονται.

2264 2145 2390 2204 Ὀτι
2421 2150 2826 2207 ἐταπείνωσεν
2866 2153 3112 2217 ἑαυτὸν.
3153 2156 3253 2210 καὶ
3297 2152 3449 2225 ἐρεῖς
3471 2173 3487 2188 ·
3529 2158 3766 2227 Ὑπερη-

2187 2245 2548 2312 ςρανεύσατο.
2587 2246 2675 2309 Ὣς
2704 2247 2803 2317 μέν
2832 2248 2960 2323 περὶ
2987 2248 3174 2321 ἐτέρου
3197 2249 3343 2303 δοκεῖ
3371 2248 3551 2320 λέγειν
3574 2267 3590 2281 ν
3629 2252 3768 2324 πρὸς

2185 2334 2241 2389 δὲ
2262 2336 2353 2390 τὸν
2392 2335 2510 2390 Ἰὼϐ
2540 2339 2568 2390 6
2606 2337 2781 2406 λόγος.
2812 2339 2911 2392 Διά
2955 2339 3111 2394 τοῦτο
3134 2380 3148 2405 ,
3181 2343 3377 2414 φησὶν,
3409 2341 3563 2396 ἐσται
3589 2344 3777 2400 ταῦτα

2185 2426 2263 2499 τῷ
2296 2428 2661 2498 μετανοοῦντι,
2700 2431 2782 2483 ὅτι
2810 2431 3169 2486 ἐταπείνωσεν
3210 2433 3433 2498 ἐαυτὸν,
3466 2436 3566 2488 καὶ
3587 2435 3768 2504 εἶπεν,

2184 2519 2265 2574 ὅτι
2296 2520 2516 2586 ἐνδίκως
2539 2521 2698 2589 αὐτὸς
2719 2522 2925 2577 ὑπέστη
2954 2523 2990 2579 ἃ
3014 2523 3296 2591 πέπονθεν,
3327 2525 3515 2598 ἐπειδὴ
3550 2527 3772 2600 ὑπερησ-

2185 2610 2356 2682 φανεύ
2366 2629 2506 2667 εατο.

2256 2702 2371 2758 Καὶ
2396 2703 2666 2773 κύφοντα
2694 2700 3022 2773 ὀφθαλμοῖς
3042 2700 3246 2756 σώσει.
3273 2699 3529 2753 Τουτέστι
3558 2697 3651 2752 τὸν
3674 2714 3773 2751 τα-

2190 2795 2533 2868 πεινόφρονα,
2566 2796 2657 2849 τὸν
2690 2795 2841 2849 κάτω
2871 2794 3135 2865 βλέποντα
3157 2792 3244 2846 διὰ
3264 2792 3324 2845 τὸ
3349 2788 3766 2859 δυσσυνείδητον

2186 2891 2282 2943 καὶ
2314 2889 2763 2963 ἀπαρρησίαστον
2783 2928 2800 2955 ,
2829 2886 3079 2957 καθάπερ
3113 2887 3142 2940 6
3191 2886 3247 2938 ἐν
3270 2887 3383 2948 τοῖς
3410 2879 3766 2952 Εὑαγγελίοις

520 2984 970 3058 quemadmodum
992 2980 1314 3051 publicanus
1332 2980 1383 3033 in
1405 2979 1711 3050 Evangeliis
1722 2980 2081 3049 justiﬁcatus.

2192 2979 2493 3044 δικαιωθεὶς
2517 2978 2776 3051 τελώνης.

1097 3070 1245 3126 CAP.
1287 3068 1501 3124 XXVII.

592 3168 757 3221 Vens.
791 3168 844 3222 1.
884 3164 1071 3218 Adhuc
1125 3175 1300 3217 autem
1350 3160 1453 3215 Job
1522 3159 1775 3229 adjiciam
1835 3161 2085 3227 praemio

518 3261 676 3317 dixit.
707 3257 984 3323 Diabolus,
1011 3264 1282 3326 potestate
1305 3262 1550 3323 πετριε,
1581 3253 1814 3322 primum
1864 3250 2082 3321 quidem

519 3338 893 3417 extrinsecus,
937 3348 1138 3404 deinde
1170 3346 1341 3416 plagis
1378 3346 1591 3412 corpori
1630 3342 1876 3409 inﬂictis,
1923 3341 2086 3413 505

523 3462 589 3502 ac
621 3454 810 3514 postea
835 3455 936 3511 per
958 3439 1185 3503 amicos,
1214 3435 1407 3492 Jobum
1434 3437 1552 3492 dies
1580 3444 1635 3492 et
1659 3444 1846 3490 noctes
1871 3435 2085 3490 crucia-

528 3536 674 3591 tibus
722 3531 1048 3605 eXploravit.
1102 3528 1395 3598 Postquam
1453 3528 1600 3582 enim
1650 3541 1747 3597 per
1803 3524 2084 3596 coniugem

519 3630 764 3687 animum
790 3627 915 3698 ejus
941 3631 1324 3695 pertentasset,
1349 3630 1404 3676 et
1429 3620 1691 3675 invictum
1719 3635 1841 3675 eum
1869 3634 2087 3690 perma-

520 3736 653 3778 nere
697 3721 1076 3791 cognovisset,
1127 3715 1333 3771 atuicos
1389 3723 1504 3787 tres
1545 3714 1613 3768 ad
1663 3728 1786 3768 cum
1833 3712 2084 3778 adduxit,

519 3829 628 3869 non
671 3813 942 3878 inimicos,
989 3825 1166 3879 neque
1199 3808 1459 3863 insidiosa
1520 3807 1774 3876 dogmata
1816 3804 2079 3870 foventes,

518 3905 616 3960 sed
645 3905 735 3972 qui
762 3916 1042 3958 sermones
1085 3914 1267 3963 veros,
1314 3898 1440 3953 licet
1488 3897 1672 3952 minus
1711 3898 1958 3967 apposite
1988 3911 2085 3952 ne-

519 4010 627 4068 que
656 3973 899 4065 tempore
935 4001 1239 4063 Opportune
1266 3991 1510 4060 prolatos
1549 3990 1977 4057 usurpaverint;
2018 4003 2083 4044 ac

521 4100 619 4156 per
652 4084 751 4139 bos
787 4092 846 4137 ut
866 4081 1047 4150 justus
1077 4091 1264 4135 contra
1307 4078 1717 4135 Providentiam
1755 4078 1959 4148 aliquid
1986 4078 2082 4145 _lo—

522 4184 807 4247 queretur,
871 4181 1091 4243 propter
1138 4185 1410 4227 aerumnas
1456 4177 1514 4224 et
1558 4167 1835 4224 molestias
1881 4169 2083 4240 impius

517 4269 811 4335 evaderet,
840 4275 898 4322 et
927 4263 1130 4320 doloris
1154 4262 1455 4317 acerbitate
1497 4260 1672 4315 victus
1700 4261 1942 4316 animum
1987 4262 2083 4317 de-

2801 3073 2941 3126 ΚΕΦ
2957 3111 2971 3125 .
3001 3074 3127 3128 ΚΖ⁹.

2265 3166 2392 3221 Ἔτι
2421 3164 2489 3219 δὲ
2516 3165 2798 3235 προσθεὶς
2830 3164 2961 3219 Ἰὼϐ
2975 3163 3056 3231 τῷ
3083 3162 3367 3232 προοιμίῳ
3389 3155 3578 3214 εἷπεν.
3604 3155 3762 3210 Ἔλα-

2191 3256 2285 3311 ϐεν
2330 3256 2574 3324 ἐξουσίαν
2615 3257 2708 3310 τοῦ
2750 3256 2869 3310 Ἰὼϐ
2899 3259 2927 3310 ὁ
2961 3255 3200 3317 διάϐολος
3226 3252 3319 3306 καὶ
3360 3251 3560 3324 ἥτασεν
3597 3248 3762 3303 αὐτὸν

2190 3348 2381 3411 νυκτὸς
2424 3350 2518 3401 καὶ
2554 3349 2798 3421 ἡμέρας·
2834 3348 3094 3419 πρότερον
3149 3346 3248 3417 μὲν
3292 3345 3380 3398 διὰ
3426 3341 3535 3397 τῶν
3567 3338 3758 3402 ἐκτός·

2191 3436 2414 3511 ὕστερον
2443 3437 2500 3491 δέ
2532 3437 2598 3491 δι’
2641 3436 2803 3491 αὑτοῦ
2833 3437 2928 3490 τοῦ
2963 3435 3240 3507 σώματος·
3282 3434 3417 3506 μετὰ
3457 3431 3631 3487 ταῦτα
3667 3430 3762 3483 καὶ

2189 3528 2277 3582 διὰ
2315 3529 2420 3583 τῶν
2456 3529 2641 3600 φίλων.
2679 3530 2805 3583 Ὅτε
2844 3527 2952 3600 γὰρ
2996 3527 3156 3582 αὐτὸν
3203 3525 3487 3596 ἐδοκίμαζε
3522 3523 3613 3577 διὰ
3658 3523 3759 3593 τῆς

2189 3621 2480 3692 γυναικὸς,
2511 3621 2606 3675 καὶ
2639 3617 2776 3675 οἶδεν
2799 3660 2814 3685 ,
2844 3621 2924 3674 ὅτι
2967 3621 3027 3674 οὑ
3053 3618 3330 3689 νενίκηται
3368 3618 3398 3670 6
3435 3615 3577 3682 Ἰὼϐ,
3610 3617 3759 3687 τρεῖς

2190 3715 2374 3785 φίλους
2405 3714 2634 3784 ἧνεγκεν
2653 3752 2668 3776 ,
2695 3712 2794 3766 οὐκ
2822 3711 3067 3783 ἐχθροὺς,
3098 3710 3197 3763 οὐκ
3228 3708 3486 3763 ἐπίϐουλα
3514 3706 3759 3779 δόγματα

2188 3808 2435 3879 ἔχοντας·
2471 3804 2584 3859 ἀλλ’
2611 3804 2829 3877 ἀληθεῖς
2858 3803 2954 3876 μὲν
2980 3802 3191 3872 λόγους,
3223 3803 3284 3856 οὐ
3312 3799 3490 3863 καλῶς
3515 3799 3604 3864 δὲ,
3634 3797 3756 3852 οὐδὲ

2189 3901 2246 3952 ἐν
2269 3897 2443 3971 καιρῷ
2473 3896 2977 3968 προσφερομένους*
3016 3895 3110 3949 καὶ
3149 3893 3397 3948 ἐϐούλετο
3434 3891 3521 3945 διὰ
3550 3891 3755 3945 τούτων

2189 3992 2410 4061 ποιῆσαι
2457 3990 2547 4044 τὸν
2587 3989 2792 4043 δίκαιον
2838 3987 3170 4058 φθέγξασθαί
3205 4005 3259 4041 τι
3298 3986 3436 4041 κατά
3476 3985 3575 4056 τῆς
3616 3986 3754 4056 Προ-

2188 4084 2335 4148 νοίας
2357 4100 2370 4114 ·
2421 4082 2685 4155 ἀσεϐῆσαι
2724 4081 2812 4136 διὰ
2861 4082 2989 4146 τοὺς
3045 4080 3273 4145 πόνουςο
3318 4078 3627 4148 ἐκκακῆσαι
3668 4076 3751 4133 διὸ

2187 4174 2285 4239 τὰς
2312 4174 2634 4246 ἀλγηδόνας·
2663 4173 2779 4228 ἀλλ’
2815 4175 2844 4227 6
2876 4172 3098 4246 στερρὸς
3120 4171 3337 4243 ἀδάμας
3366 4165 3540 4237 οὗτος,
3574 4170 3677 4242 ὅρα
3698 4169 3750 4224 τί

2187 4266 2335 4336 λέγει
2385 4265 2525 4336 μετά
2562 4266 2686 4330 τοὺς
2732 4265 2923 4334 λόγους
2962 4264 3069 4319 τῶν
3106 4262 3306 4335 τριῶν,
3341 4261 3431 4316 ὅτε
3478 4261 3691 4315 ἐτέλεσε
3722 4260 3749 4312 6

516 4357 828 4426 attondent,
873 4353 1035 4409 enixe
1078 4351 1480 4408 contendebat:
1527 4364 1715 4404 verum
1741 4359 1859 4419 post
1886 4350 2080 4405 horum

2201 4358 2424 4427 Ἐλιφάζ
2453 4361 2601 4430 τρεῖς
2648 4358 2913 4423 διαλέξεις
2936 4396 2951 4419 ,
2986 4359 3014 4410 6
3051 4353 3258 4409 Βαλδάδ
3282 4356 3429 4425 τρεῖς
3453 4395 3470 4421 ,
3498 4353 3528 4406 6
3572 4349 3748 4420 Σοφὰρ

521 4450 679 4505 trium
719 4460 1023 4511 sermones,
1066 4453 1348 4514 postquam
1396 4441 1685 4511 Elipbazus
1725 4450 1837 4497 tres
1877 4441 2078 4496 disser-

521 4545 771 4609 tationes,
804 4541 1074 4596 Baldadns
1103 4546 1237 4602 tres,
1293 4545 1345 4592 et
1395 4535 1673 4605 Sopbarus
1718 4534 1853 4590 duas
1895 4535 2078 4592 absol-

517 4637 706 4702 visset,
730 4635 856 4691 vide
878 4635 1008 4706 quid
1036 4631 1226 4687 ﬁrmus
1252 4630 1343 4684 hic
1377 4630 1602 4684 adamas
1639 4629 1803 4685 dicat.

584 4724 749 4783 Vens.
789 4724 842 4780 6.
885 4722 998 4779 Nec
1018 4723 1155 4778 enim
1186 4719 1423 4773 conscius
1450 4734 1567 4771 sum
1600 4719 1727 4771 mihi
1758 4718 2082 4773 commisisse

510 4820 771 4876 absurda.
815 4817 930 4873 Hoc
961 4816 1124 4871 etiam
1163 4812 1369 4869 Paulus
1398 4820 1587 4880 postea
1622 4811 1835 4868 locutus
1868 4821 1986 4879 est,
2027 4822 2085 4868 et

515 4907 720 4965 addidit
761 4909 804 4939 “
852 4924 867 4961 :
908 4922 929 4959 ι
954 4904 1061 4961 Sed
1103 4918 1211 4960 non
1248 4918 1344 4973 per
1373 4903 1475 4956 hoc
1506 4900 1838 4970 justiﬁcatus
1875 4916 2018 4958 sum.
2055 4919 2076 4954 ι

523 4999 714 5069 Magna
741 4996 849 5052 fuit
873 4995 974 5050 viri
995 4995 1129 5066 justi
1160 4993 1358 5049 ﬁducia
1390 4999 1612 5063 propter
1640 4991 1765 5047 vita:
1787 5000 1920 5048 ante
1946 5005 2082 5048 acta:

516 5090 908 5155 innocentiam,
934 5097 989 5142 et
1012 5103 1076 5144 ea
1108 5100 1231 5158 quae
1263 5084 1592 5141 calamitatis
1625 5094 1867 5154 tempore
1899 5099 2081 5154 gesse-

515 5193 622 5252 rat,
659 5184 732 5240 ita
765 5193 826 5238 ut
851 5181 1070 5245 dixerit,
1098 5178 1310 5235 Nullius
1341 5177 1471 5233 mihi
1508 5175 1763 5232 conscius
1795 5191 1938 5231 sum.

1110 5271 1260 5328 CAP.
1298 5268 1487 5326 XXIX.

586 5368 750 5426 Vsus.
790 5368 846 5426 9.
886 5366 954 5422 Et
977 5374 1208 5435 potentes
1230 5368 1559 5416 cessaverunt
1585 5360 1749 5429 loqui.
1774 5358 1869 5415 Vel
1887 5375 2081 5416 secun-

409 5476 419 5488 ·
515 5459 645 5515 dum
693 5462 918 5516 aliorum
969 5456 1502 5528 interpretationem,
1561 5469 1580 5504 ι
1610 5452 1901 5523 principes.
1933 5470 1955 5510 ι
2011 5451 2079 5507 Hi

588 5645 628 5676 “
661 5644 798 5701 Phil.
829 5663 889 5712 ιι,
928 5647 1013 5700 15.
1095 5646 1138 5676 ¹¹
1173 5645 1190 5699 l
1225 5643 1349 5701 Cor.
1396 5655 1473 5719 tv,
1526 5638 1582 5693 4.

2186 4446 2299 4502 δύο.

2262 4730 2344 4782 Οὐ
2369 4729 2479 4798 γὰρ
2524 4723 2777 4779 σύνοιδα
2808 4720 3042 4793 ἐμαυτῷ
3077 4720 3270 4775 ἄτοπα
3305 4719 3553 4790 πράξας.
3585 4718 3750 4773 Τοῦτο

2189 4820 2286 4874 καί
2326 4818 2534 4883 Παῦλος
2576 4817 2800 4885 ὕστερον
2843 4813 3140 4884 ἐφθέγξατο
3163 4853 3180 4878 ,
3234 4814 3331 4867 καὶ
3376 4811 3707 4885 προσέθηκεν
3728 4825 3743 4841 ·

2188 4930 2207 4962 ‹
2254 4909 2391 4965 Ἀλλ’
2422 4911 2522 4964 οὐκ
2561 4910 2621 4963 ἐν
2665 4907 2837 4978 τούτῳ
2863 4905 3233 4977 δεδικαίωμαι.
3272 4925 3291 4957 ι
3322 4902 3497 4975 Πολλὴ
3536 4903 3570 4975 η
3608 4904 3745 4973 παῤ-

2183 5001 2347 5073 ῥησία
2372 5000 2467 5054 τοῦ
2494 5000 2704 5055 δικαίου
2736 5000 2831 5054 καὶ
2857 4999 2952 5053 ἐπὶ
2982 4997 3059 5069 τῷ
3087 4997 3338 5070 προτέρῳ
3379 4995 3507 5067 βίῳ,
3536 4995 3630 5049 καὶ
3658 4995 3748 5052 ἐπὶ

2179 5095 2293 5156 τοῖς
2321 5093 2462 5147 κατὰ
2495 5092 2587 5146 τὸν
2623 5092 2812 5161 καιρὸν
2851 5091 2950 5162 τῆς
2982 5089 3351 5160 περιστάσεως
3372 5128 3387 5153 ,
3417 5087 3558 5142 ὥστε
3588 5086 3748 5140 αὑτὸν

2182 5187 2355 5238 εἰπεῖν
2373 5203 2384 5214 ·
2420 5184 2583 5239 Οὐδὲν
2613 5182 2834 5255 ἐμαυτῷ
2861 5182 3096 5235 σύνοιδα.

2802 5276 2972 5328 ΚΕΦν.
3006 5273 3132 5328 KB'.

2268 5368 2458 5438 Ἀδροὶ
2495 5368 2564 5423 δὲ
2597 5369 2940 5424 ἐπαύσαντο
2984 5365 3338 5433 λαλοῦντες.
3378 5363 3449 5418 Ἠ
3484 5361 3625 5418 κατά
3648 5360 3744 5433 τὴν

2182 5459 2290 5516 τῶν
2317 5460 2517 5516 λοιπῶν
2540 5460 2747 5515 ἔκδοσιν
2810 5478 2830 5512 ι
2869 5461 2918 5515 oi
2947 5459 3223 5532 ἄρχοντες.
3261 5478 3281 5511 ι
3311 5449 3469 5512 Οὗτοι
3494 5468 3745 5527 παραχω-
