  <div class='ocr_page' id='page_1' title='image "/cluster/home/n/w/nwhite01/storage/ocr_20150623/12/mdp.39015028786690/530.png"; bbox 0 0 4046 6152; ppageno 0'>
   <div class='ocr_carea' id='block_1_1' title="bbox 295 319 432 374">
    <p class='ocr_par' dir='ltr' id='par_1_1' title="bbox 295 319 432 374">
     <span class='ocr_line' id='line_1_1' title="bbox 295 319 432 374; baseline 0.015 -2"><span class='ocrx_word' id='word_1_1' title='bbox 295 319 432 374; x_wconf 73' lang='grc'><strong>1041</strong></span> 
     </span>
    </p>
   </div>
   <div class='ocr_carea' id='block_1_2' title="bbox 1637 330 2210 390">
    <p class='ocr_par' dir='ltr' id='par_1_2' title="bbox 1637 330 2210 390">
     <span class='ocr_line' id='line_1_2' title="bbox 1637 330 2210 390; baseline 0.007 -4"><span class='ocrx_word' id='word_1_2' title='bbox 1637 330 1942 388; x_wconf 81' lang='lat' dir='ltr'><strong>SELECTA</strong></span> <span class='ocrx_word' id='word_1_3' title='bbox 1975 331 2039 386; x_wconf 73' lang='grc' dir='ltr'><strong>ΙΝ</strong></span> <span class='ocrx_word' id='word_1_4' title='bbox 2076 332 2210 390; x_wconf 74' lang='lat' dir='ltr'><strong>J08.</strong></span> 
     </span>
    </p>
   </div>
   <div class='ocr_carea' id='block_1_3' title="bbox 3378 343 3521 399">
    <p class='ocr_par' dir='ltr' id='par_1_3' title="bbox 3378 343 3521 399">
     <span class='ocr_line' id='line_1_3' title="bbox 3378 343 3521 399; baseline 0.014 -5"><span class='ocrx_word' id='word_1_5' title='bbox 3378 343 3521 399; x_wconf 65' lang='grc'>1042</span> 
     </span>
    </p>
   </div>
   <div class='ocr_carea' id='block_1_4' title="bbox 297 435 1845 520">
    <p class='ocr_par' dir='ltr' id='par_1_4' title="bbox 297 435 1845 520">
     <span class='ocr_line' id='line_1_4' title="bbox 297 435 1845 520; baseline 0.009 -31"><span class='ocrx_word' id='word_1_6' title='bbox 297 435 518 506; x_wconf 87' lang='grc' dir='ltr'>ροῦντες</span> <span class='ocrx_word' id='word_1_7' title='bbox 551 438 627 508; x_wconf 84' lang='grc' dir='ltr'><strong>τῷ</strong></span> <span class='ocrx_word' id='word_1_8' title='bbox 657 439 850 512; x_wconf 83' lang='grc' dir='ltr'>δικαίῳ</span> <span class='ocrx_word' id='word_1_9' title='bbox 874 439 966 494; x_wconf 89' lang='grc' dir='ltr'><strong>τοῦ</strong></span> <span class='ocrx_word' id='word_1_10' title='bbox 994 442 1173 512; x_wconf 90' lang='grc' dir='ltr'>λόγου,</span> <span class='ocrx_word' id='word_1_11' title='bbox 1222 444 1375 498; x_wconf 82' lang='grc' dir='ltr'>αὑτοὶ</span> <span class='ocrx_word' id='word_1_12' title='bbox 1404 445 1568 499; x_wconf 85' lang='grc' dir='ltr'>αὑτοῦ</span> <span class='ocrx_word' id='word_1_13' title='bbox 1601 449 1845 520; x_wconf 68' lang='grc' dir='ltr'>παρόντα</span> 
     </span>
    </p>
   </div>
   <div class='ocr_carea' id='block_1_5' title="bbox 1947 435 3522 520">
    <p class='ocr_par' dir='ltr' id='par_1_5' title="bbox 1969 449 3522 520">
     <span class='ocr_line' id='line_1_5' title="bbox 1969 449 3522 520; baseline 0 -16"><span class='ocrx_word' id='word_1_14' title='bbox 1969 460 2292 518; x_wconf 84' lang='lat' dir='ltr'><strong>potestatem</strong></span> <span class='ocrx_word' id='word_1_15' title='bbox 2348 449 2598 520; x_wconf 83' lang='lat' dir='ltr'><strong>loquendi</strong></span> <span class='ocrx_word' id='word_1_16' title='bbox 2638 451 2784 517; x_wconf 79' lang='lat' dir='ltr'><strong>juSto</strong></span> <span class='ocrx_word' id='word_1_17' title='bbox 2822 450 3213 514; x_wconf 76' lang='lat' dir='ltr'><strong>concedentes,</strong></span> <span class='ocrx_word' id='word_1_18' title='bbox 3261 461 3522 518; x_wconf 68' lang='lat' dir='ltr'><strong>pnesente</strong></span> 
     </span>
    </p>
   </div>
   <div class='ocr_carea' id='block_1_6' title="bbox 291 529 514 600">
    <p class='ocr_par' dir='ltr' id='par_1_6' title="bbox 291 529 514 600">
     <span class='ocr_line' id='line_1_6' title="bbox 291 529 514 600; baseline 0 -16"><span class='ocrx_word' id='word_1_19' title='bbox 291 529 514 600; x_wconf 79' lang='grc' dir='ltr'>ἐσίγων.</span> 
     </span>
    </p>
   </div>
   <div class='ocr_carea' id='block_1_7' title="bbox 367 620 1859 700">
    <p class='ocr_par' dir='ltr' id='par_1_7' title="bbox 367 620 1859 700">
     <span class='ocr_line' id='line_1_7' title="bbox 367 620 1859 700; baseline 0.006 -28"><span class='ocrx_word' id='word_1_20' title='bbox 367 620 677 675; x_wconf 79' lang='grc' dir='ltr'>Δάκτυλον</span> <span class='ocrx_word' id='word_1_21' title='bbox 710 622 1013 690; x_wconf 55' lang='grc' dir='ltr'>ἐπιθέντες</span> <span class='ocrx_word' id='word_1_22' title='bbox 1047 625 1144 678; x_wconf 81' lang='grc' dir='ltr'><strong>ἐπὶ</strong></span> <span class='ocrx_word' id='word_1_23' title='bbox 1178 625 1256 692; x_wconf 82' lang='grc' dir='ltr'>τῷ</span> <span class='ocrx_word' id='word_1_24' title='bbox 1283 628 1548 697; x_wconf 85' lang='grc' dir='ltr'>στόματι.</span> <span class='ocrx_word' id='word_1_25' title='bbox 1582 627 1730 694; x_wconf 80' lang='grc' dir='ltr'>Δόξει</span> <span class='ocrx_word' id='word_1_26' title='bbox 1762 629 1859 700; x_wconf 82' lang='grc' dir='ltr'>μὲν</span> 
     </span>
    </p>
   </div>
   <div class='ocr_carea' id='block_1_8' title="bbox 291 707 1858 786">
    <p class='ocr_par' dir='ltr' id='par_1_8' title="bbox 291 707 1858 786">
     <span class='ocr_line' id='line_1_8' title="bbox 291 707 1858 786; baseline 0.006 -22"><span class='ocrx_word' id='word_1_27' title='bbox 291 707 388 765; x_wconf 80' lang='grc' dir='ltr'><strong>οὖν</strong></span> <span class='ocrx_word' id='word_1_28' title='bbox 419 713 764 784; x_wconf 78' lang='grc' dir='ltr'>καὶ.σημεῖον</span> <span class='ocrx_word' id='word_1_29' title='bbox 789 709 928 768; x_wconf 79' lang='grc' dir='ltr'>εἶναι</span> <span class='ocrx_word' id='word_1_30' title='bbox 961 717 1170 786; x_wconf 83' lang='grc' dir='ltr'><strong>σιωπῆς</strong></span> <span class='ocrx_word' id='word_1_31' title='bbox 1195 717 1277 783; x_wconf 83' lang='grc' dir='ltr'><strong>τὸ,</strong></span> <span class='ocrx_word' id='word_1_32' title='bbox 1316 719 1574 773; x_wconf 83' lang='grc' dir='ltr'>δάκτυλον</span> <span class='ocrx_word' id='word_1_33' title='bbox 1598 721 1858 774; x_wconf 84' lang='grc' dir='ltr'>ἐπιθεῖναι</span> 
     </span>
    </p>
   </div>
   <div class='ocr_carea' id='block_1_9' title="bbox 289 803 1858 884">
    <p class='ocr_par' dir='ltr' id='par_1_9' title="bbox 289 803 1858 884">
     <span class='ocr_line' id='line_1_9' title="bbox 289 803 1858 884; baseline 0.008 -30"><span class='ocrx_word' id='word_1_34' title='bbox 289 803 387 855; x_wconf 70' lang='grc' dir='ltr'><strong>ἐπὶ</strong></span> <span class='ocrx_word' id='word_1_35' title='bbox 425 803 501 874; x_wconf 80' lang='grc' dir='ltr'>τῷ</span> <span class='ocrx_word' id='word_1_36' title='bbox 532 804 792 876; x_wconf 88' lang='grc' dir='ltr'>στόματι·</span> <span class='ocrx_word' id='word_1_37' title='bbox 823 808 964 877; x_wconf 89' lang='grc' dir='ltr'>τάχα</span> <span class='ocrx_word' id='word_1_38' title='bbox 997 807 1054 860; x_wconf 88' lang='grc' dir='ltr'><strong>δέ</strong></span> <span class='ocrx_word' id='word_1_39' title='bbox 1079 849 1092 870; x_wconf 93' lang='grc'><strong>,</strong></span> <span class='ocrx_word' id='word_1_40' title='bbox 1123 811 1245 862; x_wconf 76' lang='grc' dir='ltr'>ἐπεὶ</span> <span class='ocrx_word' id='word_1_41' title='bbox 1290 811 1323 881; x_wconf 83' lang='grc' dir='ltr'><strong>ή</strong></span> <span class='ocrx_word' id='word_1_42' title='bbox 1367 812 1487 882; x_wconf 71' lang='grc' dir='ltr'>χεὶρ</span> <span class='ocrx_word' id='word_1_43' title='bbox 1522 812 1641 865; x_wconf 65' lang='grc' dir='ltr'><strong>ἀντὶ¹</strong></span> <span class='ocrx_word' id='word_1_44' title='bbox 1683 813 1858 884; x_wconf 77' lang='grc' dir='ltr'>ἔργων</span> 
     </span>
    </p>
   </div>
   <div class='ocr_carea' id='block_1_10' title="bbox 287 893 1859 970">
    <p class='ocr_par' dir='ltr' id='par_1_10' title="bbox 287 893 1859 970">
     <span class='ocr_line' id='line_1_10' title="bbox 287 893 1859 970; baseline 0.006 -26"><span class='ocrx_word' id='word_1_45' title='bbox 287 893 647 963; x_wconf 78' lang='grc' dir='ltr'>λαμϐάνεται,</span> <span class='ocrx_word' id='word_1_46' title='bbox 675 895 844 967; x_wconf 85' lang='grc' dir='ltr'>δηλοῖ,</span> <span class='ocrx_word' id='word_1_47' title='bbox 871 897 952 950; x_wconf 77' lang='grc' dir='ltr'><strong>ὅτι</strong></span> <span class='ocrx_word' id='word_1_48' title='bbox 981 897 1040 948; x_wconf 83' lang='grc' dir='ltr'><strong>τὸ</strong></span> <span class='ocrx_word' id='word_1_49' title='bbox 1066 895 1224 968; x_wconf 77' lang='grc' dir='ltr'>ἔργον</span> <span class='ocrx_word' id='word_1_50' title='bbox 1247 899 1424 952; x_wconf 82' lang='grc' dir='ltr'>αὑτῶν</span> <span class='ocrx_word' id='word_1_51' title='bbox 1454 900 1650 970; x_wconf 89' lang='grc' dir='ltr'>ἐφίμου</span> <span class='ocrx_word' id='word_1_52' title='bbox 1678 901 1859 959; x_wconf 81' lang='grc' dir='ltr'>αὐτοῖς</span> 
     </span>
    </p>
   </div>
   <div class='ocr_carea' id='block_1_11' title="bbox 284 985 1853 1062">
    <p class='ocr_par' dir='ltr' id='par_1_11' title="bbox 284 985 1853 1062">
     <span class='ocr_line' id='line_1_11' title="bbox 284 985 1853 1062; baseline 0.005 -25"><span class='ocrx_word' id='word_1_53' title='bbox 284 986 360 1039; x_wconf 73' lang='grc' dir='ltr'><strong>τά</strong></span> <span class='ocrx_word' id='word_1_54' title='bbox 394 985 567 1058; x_wconf 75' lang='grc' dir='ltr'>χείλη,</span> <span class='ocrx_word' id='word_1_55' title='bbox 590 988 685 1042; x_wconf 77' lang='grc' dir='ltr'><strong>καὶ</strong></span> <span class='ocrx_word' id='word_1_56' title='bbox 717 991 878 1042; x_wconf 73' lang='grc' dir='ltr'>οἱονεὶ</span> <span class='ocrx_word' id='word_1_57' title='bbox 902 989 1095 1061; x_wconf 87' lang='grc' dir='ltr'>δεσμός</span> <span class='ocrx_word' id='word_1_58' title='bbox 1117 1009 1198 1053; x_wconf 86' lang='grc' dir='ltr'><strong>τις</strong></span> <span class='ocrx_word' id='word_1_59' title='bbox 1219 990 1296 1061; x_wconf 82' lang='grc' dir='ltr'>τῷ</span> <span class='ocrx_word' id='word_1_60' title='bbox 1323 990 1547 1062; x_wconf 89' lang='grc' dir='ltr'>στόματι</span> <span class='ocrx_word' id='word_1_61' title='bbox 1571 991 1819 1045; x_wconf 84' lang='grc' dir='ltr'>ἐπέκειτο</span> <span class='ocrx_word' id='word_1_62' title='bbox 1839 1009 1853 1022; x_wconf 90' lang='grc'><strong>·</strong></span> 
     </span>
    </p>
   </div>
   <div class='ocr_carea' id='block_1_12' title="bbox 288 1078 1860 1154">
    <p class='ocr_par' dir='ltr' id='par_1_12' title="bbox 288 1078 1860 1154">
     <span class='ocr_line' id='line_1_12' title="bbox 288 1078 1860 1154; baseline 0.004 -25"><span class='ocrx_word' id='word_1_63' title='bbox 288 1078 608 1150; x_wconf 77' lang='grc' dir='ltr'>ᾐσθήθησαν</span> <span class='ocrx_word' id='word_1_64' title='bbox 630 1079 755 1152; x_wconf 85' lang='grc' dir='ltr'>γὰρ,</span> <span class='ocrx_word' id='word_1_65' title='bbox 773 1081 854 1134; x_wconf 83' lang='grc' dir='ltr'>ὅτι</span> <span class='ocrx_word' id='word_1_66' title='bbox 876 1082 976 1135; x_wconf 89' lang='grc' dir='ltr'><strong>οὑκ</strong></span> <span class='ocrx_word' id='word_1_67' title='bbox 1009 1083 1146 1136; x_wconf 74' lang='grc' dir='ltr'>είσὶν</span> <span class='ocrx_word' id='word_1_68' title='bbox 1169 1081 1305 1147; x_wconf 78' lang='grc' dir='ltr'>ἄξιοι</span> <span class='ocrx_word' id='word_1_69' title='bbox 1325 1083 1418 1136; x_wconf 90' lang='grc' dir='ltr'><strong>τοῦ</strong></span> <span class='ocrx_word' id='word_1_70' title='bbox 1444 1083 1644 1148; x_wconf 84' lang='grc' dir='ltr'><strong>λαλεῖν,</strong></span> <span class='ocrx_word' id='word_1_71' title='bbox 1666 1083 1860 1154; x_wconf 83' lang='grc' dir='ltr'>παρόν-</span> 
     </span>
    </p>
   </div>
   <div class='ocr_carea' id='block_1_13' title="bbox 285 1169 1857 1246">
    <p class='ocr_par' dir='ltr' id='par_1_13' title="bbox 285 1169 1857 1246">
     <span class='ocr_line' id='line_1_13' title="bbox 285 1169 1857 1246; baseline 0.005 -26"><span class='ocrx_word' id='word_1_72' title='bbox 285 1185 382 1232; x_wconf 88' lang='grc' dir='ltr'><strong>τος</strong></span> <span class='ocrx_word' id='word_1_73' title='bbox 406 1169 499 1222; x_wconf 86' lang='grc' dir='ltr'><strong>τοῦ</strong></span> <span class='ocrx_word' id='word_1_74' title='bbox 533 1170 673 1236; x_wconf 77' lang='grc' dir='ltr'><strong>Ἰὼϐ,</strong></span> <span class='ocrx_word' id='word_1_75' title='bbox 707 1171 928 1242; x_wconf 82' lang='grc' dir='ltr'>μείζονα</span> <span class='ocrx_word' id='word_1_76' title='bbox 956 1173 1094 1246; x_wconf 77' lang='grc' dir='ltr'>ἔργα</span> <span class='ocrx_word' id='word_1_77' title='bbox 1126 1174 1499 1244; x_wconf 84' lang='grc' dir='ltr'><strong>πεποιηκότος,</strong></span> <span class='ocrx_word' id='word_1_78' title='bbox 1525 1175 1678 1229; x_wconf 74' lang='grc' dir='ltr'>αὑτοὶ</span> <span class='ocrx_word' id='word_1_79' title='bbox 1703 1176 1857 1245; x_wconf 83' lang='grc' dir='ltr'>ὀλίγα</span> 
     </span>
    </p>
   </div>
   <div class='ocr_carea' id='block_1_14' title="bbox 287 1264 1855 1340">
    <p class='ocr_par' dir='ltr' id='par_1_14' title="bbox 287 1264 1855 1340">
     <span class='ocr_line' id='line_1_14' title="bbox 287 1264 1855 1340; baseline 0.004 -26"><span class='ocrx_word' id='word_1_80' title='bbox 287 1264 635 1334; x_wconf 78' lang='grc' dir='ltr'>πεπραχότες</span> <span class='ocrx_word' id='word_1_81' title='bbox 659 1281 673 1294; x_wconf 78' lang='grc' dir='ltr'><strong>ο</strong></span> <span class='ocrx_word' id='word_1_82' title='bbox 697 1267 726 1318; x_wconf 89' lang='grc' dir='ltr'><strong>ό</strong></span> <span class='ocrx_word' id='word_1_83' title='bbox 747 1265 854 1338; x_wconf 83' lang='grc' dir='ltr'>γὰρ</span> <span class='ocrx_word' id='word_1_84' title='bbox 881 1265 1140 1330; x_wconf 88' lang='grc' dir='ltr'>δάκτυλος</span> <span class='ocrx_word' id='word_1_85' title='bbox 1160 1267 1259 1338; x_wconf 84' lang='grc' dir='ltr'>τὴν</span> <span class='ocrx_word' id='word_1_86' title='bbox 1283 1266 1569 1338; x_wconf 80' lang='grc' dir='ltr'><strong>ἐλαχίστην</strong></span> <span class='ocrx_word' id='word_1_87' title='bbox 1603 1268 1855 1340; x_wconf 78' lang='grc' dir='ltr'><strong>σημαίνει</strong></span> 
     </span>
    </p>
   </div>
   <div class='ocr_carea' id='block_1_15' title="bbox 286 1350 936 1426">
    <p class='ocr_par' dir='ltr' id='par_1_15' title="bbox 286 1350 936 1426">
     <span class='ocr_line' id='line_1_15' title="bbox 286 1350 936 1426; baseline 0.008 -23"><span class='ocrx_word' id='word_1_88' title='bbox 286 1350 486 1421; x_wconf 81' lang='grc' dir='ltr'>πρᾶξιν</span> <span class='ocrx_word' id='word_1_89' title='bbox 513 1354 606 1406; x_wconf 76' lang='grc' dir='ltr'><strong>καὶ</strong></span> <span class='ocrx_word' id='word_1_90' title='bbox 639 1353 936 1426; x_wconf 80' lang='grc' dir='ltr'><strong>ἐνέργειαν.</strong></span> 
     </span>
    </p>
   </div>
   <div class='ocr_carea' id='block_1_16' title="bbox 360 1445 1854 1522">
    <p class='ocr_par' dir='ltr' id='par_1_16' title="bbox 360 1445 1854 1522">
     <span class='ocr_line' id='line_1_16' title="bbox 360 1445 1854 1522; baseline 0.008 -28"><span class='ocrx_word' id='word_1_91' title='bbox 360 1445 761 1513; x_wconf 77' lang='grc' dir='ltr'><strong>Δικαιοσύνην</strong></span> <span class='ocrx_word' id='word_1_92' title='bbox 794 1445 862 1499; x_wconf 81' lang='grc' dir='ltr'>δὲ</span> <span class='ocrx_word' id='word_1_93' title='bbox 886 1446 1244 1502; x_wconf 78' lang='grc' dir='ltr'>ἐνδεδύκειν.</span> <span class='ocrx_word' id='word_1_94' title='bbox 1271 1449 1446 1503; x_wconf 80' lang='grc' dir='ltr'>Καλὸν</span> <span class='ocrx_word' id='word_1_95' title='bbox 1475 1451 1677 1522; x_wconf 85' lang='grc' dir='ltr'>χιτῶνα</span> <span class='ocrx_word' id='word_1_96' title='bbox 1715 1451 1854 1521; x_wconf 80' lang='grc' dir='ltr'>ὑφα-</span> 
     </span>
    </p>
   </div>
   <div class='ocr_carea' id='block_1_17' title="bbox 284 1536 1854 1616">
    <p class='ocr_par' dir='ltr' id='par_1_17' title="bbox 284 1536 1854 1616">
     <span class='ocr_line' id='line_1_17' title="bbox 284 1536 1854 1616; baseline 0.005 -27"><span class='ocrx_word' id='word_1_97' title='bbox 284 1553 379 1591; x_wconf 91' lang='grc' dir='ltr'>νεν</span> <span class='ocrx_word' id='word_1_98' title='bbox 413 1536 590 1607; x_wconf 81' lang='grc' dir='ltr'>ἐαυτῷ</span> <span class='ocrx_word' id='word_1_99' title='bbox 640 1539 669 1590; x_wconf 86' lang='grc' dir='ltr'>ὁ</span> <span class='ocrx_word' id='word_1_100' title='bbox 713 1537 860 1605; x_wconf 80' lang='grc' dir='ltr'>Ἰὼϐ,</span> <span class='ocrx_word' id='word_1_101' title='bbox 907 1539 994 1593; x_wconf 84' lang='grc' dir='ltr'>ἴνα</span> <span class='ocrx_word' id='word_1_102' title='bbox 1033 1540 1316 1612; x_wconf 79' lang='grc' dir='ltr'><strong>ἐνδύσηται</strong></span> <span class='ocrx_word' id='word_1_103' title='bbox 1366 1543 1464 1612; x_wconf 84' lang='grc' dir='ltr'>τὴν</span> <span class='ocrx_word' id='word_1_104' title='bbox 1509 1543 1854 1616; x_wconf 86' lang='grc' dir='ltr'>δικαιοσύνην</span> 
     </span>
    </p>
   </div>
   <div class='ocr_carea' id='block_1_18' title="bbox 285 1628 1851 1707">
    <p class='ocr_par' dir='ltr' id='par_1_18' title="bbox 285 1628 1851 1707">
     <span class='ocr_line' id='line_1_18' title="bbox 285 1628 1851 1707; baseline 0.005 -26"><span class='ocrx_word' id='word_1_105' title='bbox 285 1628 414 1681; x_wconf 74' lang='grc' dir='ltr'>ἀντὶ</span> <span class='ocrx_word' id='word_1_106' title='bbox 440 1628 680 1698; x_wconf 85' lang='grc' dir='ltr'><strong>χιτῶνος.</strong></span> <span class='ocrx_word' id='word_1_107' title='bbox 717 1630 822 1682; x_wconf 87' lang='grc' dir='ltr'><strong>Ἴδε</strong></span> <span class='ocrx_word' id='word_1_108' title='bbox 852 1631 1016 1684; x_wconf 84' lang='grc' dir='ltr'>αὑτοῦ</span> <span class='ocrx_word' id='word_1_109' title='bbox 1041 1633 1133 1686; x_wconf 78' lang='grc' dir='ltr'><strong>καὶ</strong></span> <span class='ocrx_word' id='word_1_110' title='bbox 1157 1633 1218 1686; x_wconf 85' lang='grc' dir='ltr'><strong>τὸ</strong></span> <span class='ocrx_word' id='word_1_111' title='bbox 1260 1633 1470 1704; x_wconf 77' lang='grc' dir='ltr'>ἱμάτιον</span> <span class='ocrx_word' id='word_1_112' title='bbox 1493 1651 1507 1665; x_wconf 77' lang='grc' dir='ltr'><strong><em>ο</em></strong></span> <span class='ocrx_word' id='word_1_113' title='bbox 1540 1633 1851 1707; x_wconf 79' lang='grc' dir='ltr'>δικαιοσύνη</span> 
     </span>
    </p>
   </div>
   <div class='ocr_carea' id='block_1_19' title="bbox 283 1718 1049 1792">
    <p class='ocr_par' dir='ltr' id='par_1_19' title="bbox 283 1718 1049 1792">
     <span class='ocr_line' id='line_1_19' title="bbox 283 1718 1049 1792; baseline 0.004 -19"><span class='ocrx_word' id='word_1_114' title='bbox 283 1721 315 1773; x_wconf 86' lang='grc' dir='ltr'>ὁ</span> <span class='ocrx_word' id='word_1_115' title='bbox 343 1718 504 1789; x_wconf 84' lang='grc' dir='ltr'>χιτών</span> <span class='ocrx_word' id='word_1_116' title='bbox 521 1737 534 1750; x_wconf 92' lang='grc'><strong>·</strong></span> <span class='ocrx_word' id='word_1_117' title='bbox 562 1723 732 1792; x_wconf 87' lang='grc' dir='ltr'>κρῖμα</span> <span class='ocrx_word' id='word_1_118' title='bbox 758 1723 791 1792; x_wconf 80' lang='grc' dir='ltr'><strong>ἡ</strong></span> <span class='ocrx_word' id='word_1_119' title='bbox 825 1721 1049 1787; x_wconf 79' lang='grc' dir='ltr'>διπλοῖς.</span> 
     </span>
    </p>
   </div>
   <div class='ocr_carea' id='block_1_20' title="bbox 904 1815 1230 1870">
    <p class='ocr_par' dir='ltr' id='par_1_20' title="bbox 904 1815 1230 1870">
     <span class='ocr_line' id='line_1_20' title="bbox 904 1815 1230 1870; baseline 0.009 -3"><span class='ocrx_word' id='word_1_120' title='bbox 904 1815 1038 1868; x_wconf 83' lang='grc' dir='ltr'><strong>ΚΕΦ</strong></span> <span class='ocrx_word' id='word_1_121' title='bbox 1061 1855 1074 1868; x_wconf 92' lang='grc'><strong>.</strong></span> <span class='ocrx_word' id='word_1_122' title='bbox 1109 1815 1230 1870; x_wconf 84' lang='lat' dir='ltr'><strong>AB’.</strong></span> 
     </span>
    </p>
   </div>
   <div class='ocr_carea' id='block_1_21' title="bbox 373 1903 1852 1982">
    <p class='ocr_par' dir='ltr' id='par_1_21' title="bbox 373 1903 1852 1982">
     <span class='ocr_line' id='line_1_21' title="bbox 373 1903 1852 1982; baseline 0.007 -27"><span class='ocrx_word' id='word_1_123' title='bbox 373 1905 655 1971; x_wconf 76' lang='grc' dir='ltr'>Φοϐηθεὶς</span> <span class='ocrx_word' id='word_1_124' title='bbox 695 1903 803 1959; x_wconf 84' lang='grc' dir='ltr'><strong>τοῦ</strong></span> <span class='ocrx_word' id='word_1_125' title='bbox 845 1905 986 1974; x_wconf 78' lang='grc' dir='ltr'>ὑμῖν</span> <span class='ocrx_word' id='word_1_126' title='bbox 1032 1908 1376 1979; x_wconf 71' lang='grc' dir='ltr'>ἀναγγεῖλαι</span> <span class='ocrx_word' id='word_1_127' title='bbox 1426 1910 1540 1979; x_wconf 77' lang='grc' dir='ltr'><strong>τὴν</strong></span> <span class='ocrx_word' id='word_1_128' title='bbox 1593 1911 1852 1982; x_wconf 83' lang='grc' dir='ltr'><strong>ἐμαυτοῦ</strong></span> 
     </span>
    </p>
   </div>
   <div class='ocr_carea' id='block_1_22' title="bbox 283 1992 1846 2075">
    <p class='ocr_par' dir='ltr' id='par_1_22' title="bbox 283 1992 1846 2075">
     <span class='ocr_line' id='line_1_22' title="bbox 283 1992 1846 2075; baseline 0.007 -29"><span class='ocrx_word' id='word_1_129' title='bbox 283 1992 642 2063; x_wconf 73' lang='grc' dir='ltr'><strong>ἐπιστήμην.</strong></span> <span class='ocrx_word' id='word_1_130' title='bbox 707 1997 1130 2066; x_wconf 86' lang='grc' dir='ltr'>Ἐπαγγέλλεται</span> <span class='ocrx_word' id='word_1_131' title='bbox 1186 2001 1366 2072; x_wconf 88' lang='grc' dir='ltr'>μέντοι</span> <span class='ocrx_word' id='word_1_132' title='bbox 1409 2021 1428 2054; x_wconf 73' lang='grc' dir='ltr'><strong>ι</strong></span> <span class='ocrx_word' id='word_1_133' title='bbox 1474 2004 1783 2075; x_wconf 78' lang='grc' dir='ltr'>ἐπιστήμην</span> <span class='ocrx_word' id='word_1_134' title='bbox 1828 2023 1846 2055; x_wconf 78' lang='grc' dir='ltr'><strong>ι</strong></span> 
     </span>
    </p>
   </div>
   <div class='ocr_carea' id='block_1_23' title="bbox 283 2083 1854 2162">
    <p class='ocr_par' dir='ltr' id='par_1_23' title="bbox 283 2083 1854 2162">
     <span class='ocr_line' id='line_1_23' title="bbox 283 2083 1854 2162; baseline 0.008 -27"><span class='ocrx_word' id='word_1_135' title='bbox 283 2083 432 2153; x_wconf 69' lang='grc' dir='ltr'>ἔχειν</span> <span class='ocrx_word' id='word_1_136' title='bbox 455 2124 470 2148; x_wconf 91' lang='grc'><strong>,</strong></span> <span class='ocrx_word' id='word_1_137' title='bbox 515 2086 547 2156; x_wconf 78' lang='grc' dir='ltr'>ἢ</span> <span class='ocrx_word' id='word_1_138' title='bbox 571 2125 586 2149; x_wconf 98' lang='grc'><strong>,</strong></span> <span class='ocrx_word' id='word_1_139' title='bbox 617 2086 758 2140; x_wconf 83' lang='grc' dir='ltr'>κατὰ</span> <span class='ocrx_word' id='word_1_140' title='bbox 782 2090 908 2152; x_wconf 83' lang='grc' dir='ltr'>τοὺς</span> <span class='ocrx_word' id='word_1_141' title='bbox 935 2089 1154 2155; x_wconf 83' lang='grc' dir='ltr'>λοιποὺς</span> <span class='ocrx_word' id='word_1_142' title='bbox 1179 2132 1193 2155; x_wconf 94' lang='grc'><strong>,</strong></span> <span class='ocrx_word' id='word_1_143' title='bbox 1229 2112 1247 2143; x_wconf 79' lang='grc' dir='ltr'><strong>ι</strong></span> <span class='ocrx_word' id='word_1_144' title='bbox 1287 2093 1484 2162; x_wconf 83' lang='grc' dir='ltr'>γνῶσιν</span> <span class='ocrx_word' id='word_1_145' title='bbox 1505 2135 1519 2159; x_wconf 92' lang='grc'><strong>,</strong></span> <span class='ocrx_word' id='word_1_146' title='bbox 1563 2113 1580 2146; x_wconf 67' lang='grc' dir='ltr'><strong>ι</strong></span> <span class='ocrx_word' id='word_1_147' title='bbox 1619 2095 1735 2158; x_wconf 83' lang='grc' dir='ltr'><strong>πῶς</strong></span> <span class='ocrx_word' id='word_1_148' title='bbox 1763 2096 1854 2150; x_wconf 82' lang='grc' dir='ltr'><strong>ἄν-</strong></span> 
     </span>
    </p>
   </div>
   <div class='ocr_carea' id='block_1_24' title="bbox 283 2175 1852 2254">
    <p class='ocr_par' dir='ltr' id='par_1_24' title="bbox 283 2175 1852 2254">
     <span class='ocr_line' id='line_1_24' title="bbox 283 2175 1852 2254; baseline 0.01 -27"><span class='ocrx_word' id='word_1_149' title='bbox 283 2175 494 2246; x_wconf 87' lang='grc' dir='ltr'>θρωποι</span> <span class='ocrx_word' id='word_1_150' title='bbox 546 2178 842 2248; x_wconf 82' lang='grc' dir='ltr'>πάσχουσιν</span> <span class='ocrx_word' id='word_1_151' title='bbox 900 2182 956 2234; x_wconf 79' lang='grc' dir='ltr'><strong>ἐν</strong></span> <span class='ocrx_word' id='word_1_152' title='bbox 1020 2182 1096 2253; x_wconf 85' lang='grc' dir='ltr'><strong>τῷ</strong></span> <span class='ocrx_word' id='word_1_153' title='bbox 1148 2183 1273 2254; x_wconf 85' lang='grc' dir='ltr'><strong>βίῳ·</strong></span> <span class='ocrx_word' id='word_1_154' title='bbox 1329 2186 1445 2250; x_wconf 84' lang='grc' dir='ltr'><strong>πῶς</strong></span> <span class='ocrx_word' id='word_1_155' title='bbox 1494 2204 1639 2251; x_wconf 90' lang='grc' dir='ltr'>τινες</span> <span class='ocrx_word' id='word_1_156' title='bbox 1681 2187 1852 2242; x_wconf 82' lang='grc' dir='ltr'>ἄδικοι</span> 
     </span>
    </p>
   </div>
   <div class='ocr_carea' id='block_1_25' title="bbox 283 2266 1850 2348">
    <p class='ocr_par' dir='ltr' id='par_1_25' title="bbox 283 2266 1850 2348">
     <span class='ocr_line' id='line_1_25' title="bbox 283 2266 1850 2348; baseline 0.01 -32"><span class='ocrx_word' id='word_1_157' title='bbox 283 2266 616 2336; x_wconf 80' lang='grc' dir='ltr'>εὐτυχοῦσιν.</span> <span class='ocrx_word' id='word_1_158' title='bbox 682 2267 836 2322; x_wconf 83' lang='grc' dir='ltr'>Εἶδον</span> <span class='ocrx_word' id='word_1_159' title='bbox 905 2271 1221 2338; x_wconf 84' lang='grc' dir='ltr'>ἀδικοῦντας</span> <span class='ocrx_word' id='word_1_160' title='bbox 1281 2277 1374 2328; x_wconf 78' lang='grc' dir='ltr'>καὶ</span> <span class='ocrx_word' id='word_1_161' title='bbox 1452 2277 1800 2348; x_wconf 81' lang='grc' dir='ltr'>παρανομοῦν</span> <span class='ocrx_word' id='word_1_162' title='bbox 1823 2309 1850 2320; x_wconf 91' lang='grc'><strong><em>-</em></strong></span> 
     </span>
    </p>
   </div>
   <div class='ocr_carea' id='block_1_26' title="bbox 291 2362 1845 2442">
    <p class='ocr_par' dir='ltr' id='par_1_26' title="bbox 291 2362 1845 2442">
     <span class='ocr_line' id='line_1_26' title="bbox 291 2362 1845 2442; baseline 0.006 -28"><span class='ocrx_word' id='word_1_163' title='bbox 291 2379 422 2424; x_wconf 80' lang='grc' dir='ltr'>τας,</span> <span class='ocrx_word' id='word_1_164' title='bbox 488 2362 879 2442; x_wconf 80' lang='grc' dir='ltr'>εὑθηνοῦντας,</span> <span class='ocrx_word' id='word_1_165' title='bbox 952 2367 1044 2419; x_wconf 76' lang='grc' dir='ltr'><strong>καὶ</strong></span> <span class='ocrx_word' id='word_1_166' title='bbox 1103 2367 1236 2438; x_wconf 84' lang='grc' dir='ltr'>ἐμοῦ</span> <span class='ocrx_word' id='word_1_167' title='bbox 1309 2370 1658 2441; x_wconf 78' lang='grc' dir='ltr'>παραμικρὸν</span> <span class='ocrx_word' id='word_1_168' title='bbox 1715 2374 1845 2424; x_wconf 75' lang='grc' dir='ltr'>ἐσαο</span> 
     </span>
    </p>
   </div>
   <div class='ocr_carea' id='block_1_27' title="bbox 285 2453 1851 2533">
    <p class='ocr_par' dir='ltr' id='par_1_27' title="bbox 285 2453 1851 2533">
     <span class='ocr_line' id='line_1_27' title="bbox 285 2453 1851 2533; baseline 0.006 -28"><span class='ocrx_word' id='word_1_169' title='bbox 285 2453 548 2525; x_wconf 79' lang='grc' dir='ltr'>Αεύθησαν</span> <span class='ocrx_word' id='word_1_170' title='bbox 595 2457 644 2506; x_wconf 78' lang='lat' dir='ltr'><strong>oi</strong></span> <span class='ocrx_word' id='word_1_171' title='bbox 711 2455 899 2520; x_wconf 81' lang='grc' dir='ltr'><strong>πόδες,</strong></span> <span class='ocrx_word' id='word_1_172' title='bbox 946 2457 1041 2510; x_wconf 86' lang='grc' dir='ltr'>ἐὰν</span> <span class='ocrx_word' id='word_1_173' title='bbox 1098 2460 1156 2512; x_wconf 91' lang='grc' dir='ltr'><strong>ἐν</strong></span> <span class='ocrx_word' id='word_1_174' title='bbox 1196 2458 1274 2531; x_wconf 87' lang='grc' dir='ltr'>τῷ</span> <span class='ocrx_word' id='word_1_175' title='bbox 1335 2460 1434 2531; x_wconf 85' lang='grc' dir='ltr'><strong>βίῳ</strong></span> <span class='ocrx_word' id='word_1_176' title='bbox 1483 2467 1656 2532; x_wconf 83' lang='grc' dir='ltr'>τούτῳ</span> <span class='ocrx_word' id='word_1_177' title='bbox 1707 2462 1851 2533; x_wconf 86' lang='grc' dir='ltr'>μόνῳ</span> 
     </span>
    </p>
   </div>
   <div class='ocr_carea' id='block_1_28' title="bbox 284 2545 1849 2622">
    <p class='ocr_par' dir='ltr' id='par_1_28' title="bbox 284 2545 1849 2622">
     <span class='ocr_line' id='line_1_28' title="bbox 284 2545 1849 2622; baseline 0.007 -26"><span class='ocrx_word' id='word_1_178' title='bbox 284 2545 472 2598; x_wconf 81' lang='grc' dir='ltr'>ἐνίδω·</span> <span class='ocrx_word' id='word_1_179' title='bbox 503 2545 597 2598; x_wconf 79' lang='grc' dir='ltr'><strong>ἐὰν</strong></span> <span class='ocrx_word' id='word_1_180' title='bbox 628 2545 684 2598; x_wconf 88' lang='grc' dir='ltr'><strong>δέ</strong></span> <span class='ocrx_word' id='word_1_181' title='bbox 717 2545 778 2598; x_wconf 85' lang='grc' dir='ltr'><strong>τὸ</strong></span> <span class='ocrx_word' id='word_1_182' title='bbox 821 2547 1010 2617; x_wconf 83' lang='grc' dir='ltr'>μέλλον</span> <span class='ocrx_word' id='word_1_183' title='bbox 1047 2551 1284 2622; x_wconf 81' lang='grc' dir='ltr'>ἐννοήσω</span> <span class='ocrx_word' id='word_1_184' title='bbox 1307 2591 1321 2618; x_wconf 93' lang='grc'><strong>,</strong></span> <span class='ocrx_word' id='word_1_185' title='bbox 1355 2551 1587 2616; x_wconf 83' lang='grc' dir='ltr'>ἐστῶτές</span> <span class='ocrx_word' id='word_1_186' title='bbox 1621 2554 1757 2606; x_wconf 78' lang='grc' dir='ltr'>εἰσιν</span> <span class='ocrx_word' id='word_1_187' title='bbox 1801 2558 1849 2607; x_wconf 78' lang='grc' dir='ltr'>οἱ</span> 
     </span>
    </p>
   </div>
   <div class='ocr_carea' id='block_1_29' title="bbox 284 2637 598 2706">
    <p class='ocr_par' dir='ltr' id='par_1_29' title="bbox 284 2637 598 2706">
     <span class='ocr_line' id='line_1_29' title="bbox 284 2637 598 2706; baseline 0.003 -18"><span class='ocrx_word' id='word_1_188' title='bbox 284 2637 446 2699; x_wconf 84' lang='grc' dir='ltr'>πόδες</span> <span class='ocrx_word' id='word_1_189' title='bbox 478 2654 598 2706; x_wconf 88' lang='grc' dir='ltr'>μου.</span> 
     </span>
    </p>
   </div>
   <div class='ocr_carea' id='block_1_30' title="bbox 363 2725 1850 2810">
    <p class='ocr_par' dir='ltr' id='par_1_30' title="bbox 363 2725 1850 2810">
     <span class='ocr_line' id='line_1_30' title="bbox 363 2725 1850 2810; baseline 0.007 -30"><span class='ocrx_word' id='word_1_190' title='bbox 363 2727 459 2780; x_wconf 84' lang='grc' dir='ltr'><strong>Διὸ</strong></span> <span class='ocrx_word' id='word_1_191' title='bbox 507 2725 676 2782; x_wconf 75' lang='grc' dir='ltr'><strong>εἶπα⁸</strong></span> <span class='ocrx_word' id='word_1_192' title='bbox 728 2731 1050 2786; x_wconf 79' lang='grc' dir='ltr'>Ἀκούσατέ</span> <span class='ocrx_word' id='word_1_193' title='bbox 1108 2751 1245 2802; x_wconf 64' lang='grc' dir='ltr'>μους</span> <span class='ocrx_word' id='word_1_194' title='bbox 1293 2736 1492 2807; x_wconf 86' lang='grc' dir='ltr'>Ἕτερα</span> <span class='ocrx_word' id='word_1_195' title='bbox 1542 2737 1850 2810; x_wconf 87' lang='grc' dir='ltr'>ἀντίγραφα</span> 
     </span>
    </p>
   </div>
   <div class='ocr_carea' id='block_1_31' title="bbox 286 2815 1850 2898">
    <p class='ocr_par' dir='ltr' id='par_1_31' title="bbox 286 2815 1850 2898">
     <span class='ocr_line' id='line_1_31' title="bbox 286 2815 1850 2898; baseline 0.007 -26"><span class='ocrx_word' id='word_1_196' title='bbox 286 2820 427 2892; x_wconf 78' lang='grc' dir='ltr'>μετά</span> <span class='ocrx_word' id='word_1_197' title='bbox 453 2822 512 2874; x_wconf 81' lang='grc' dir='ltr'>τὸ</span> <span class='ocrx_word' id='word_1_198' title='bbox 542 2840 560 2872; x_wconf 81' lang='lat' dir='ltr'><strong>t</strong></span> <span class='ocrx_word' id='word_1_199' title='bbox 603 2823 741 2893; x_wconf 83' lang='grc' dir='ltr'><strong>Ἐρῶ</strong></span> <span class='ocrx_word' id='word_1_200' title='bbox 767 2823 872 2896; x_wconf 72' lang='grc' dir='ltr'><strong>γάρ</strong></span> <span class='ocrx_word' id='word_1_201' title='bbox 896 2815 1047 2893; x_wconf 81' lang='grc' dir='ltr'>ὑμῶν</span> <span class='ocrx_word' id='word_1_202' title='bbox 1081 2827 1401 2890; x_wconf 74' lang='grc' dir='ltr'><strong>ἀκουόντων,</strong></span> <span class='ocrx_word' id='word_1_203' title='bbox 1437 2847 1454 2878; x_wconf 82' lang='grc'><strong>›</strong></span> <span class='ocrx_word' id='word_1_204' title='bbox 1478 2827 1587 2898; x_wconf 75' lang='grc' dir='ltr'>ἔχει</span> <span class='ocrx_word' id='word_1_205' title='bbox 1609 2831 1701 2882; x_wconf 71' lang='grc' dir='ltr'>καὶ</span> <span class='ocrx_word' id='word_1_206' title='bbox 1729 2829 1850 2882; x_wconf 87' lang='grc' dir='ltr'>τού-</span> 
     </span>
    </p>
   </div>
   <div class='ocr_carea' id='block_1_32' title="bbox 289 2913 1846 2991">
    <p class='ocr_par' dir='ltr' id='par_1_32' title="bbox 289 2913 1846 2991">
     <span class='ocr_line' id='line_1_32' title="bbox 289 2913 1846 2991; baseline 0.006 -28"><span class='ocrx_word' id='word_1_207' title='bbox 289 2928 408 2976; x_wconf 76' lang='grc' dir='ltr'>τους</span> <span class='ocrx_word' id='word_1_208' title='bbox 459 2913 706 2983; x_wconf 84' lang='grc' dir='ltr'>στίχους·</span> <span class='ocrx_word' id='word_1_209' title='bbox 759 2931 776 2964; x_wconf 77' lang='grc' dir='ltr'><strong>ι</strong></span> <span class='ocrx_word' id='word_1_210' title='bbox 843 2916 972 2968; x_wconf 82' lang='grc' dir='ltr'>Ἰδοὺ</span> <span class='ocrx_word' id='word_1_211' title='bbox 1021 2917 1227 2986; x_wconf 74' lang='grc' dir='ltr'>ἤκουσα</span> <span class='ocrx_word' id='word_1_212' title='bbox 1268 2918 1392 2981; x_wconf 76' lang='grc' dir='ltr'>τοὺς</span> <span class='ocrx_word' id='word_1_213' title='bbox 1439 2919 1626 2987; x_wconf 84' lang='grc' dir='ltr'>λόγους</span> <span class='ocrx_word' id='word_1_214' title='bbox 1673 2921 1846 2991; x_wconf 82' lang='grc' dir='ltr'>ὑμῶν,</span> 
     </span>
    </p>
   </div>
   <div class='ocr_carea' id='block_1_33' title="bbox 286 3004 1849 3083">
    <p class='ocr_par' dir='ltr' id='par_1_33' title="bbox 286 3004 1849 3083">
     <span class='ocr_line' id='line_1_33' title="bbox 286 3004 1849 3083; baseline 0.006 -28"><span class='ocrx_word' id='word_1_215' title='bbox 286 3004 634 3074; x_wconf 73' lang='grc' dir='ltr'>ἢνωτισάμην</span> <span class='ocrx_word' id='word_1_216' title='bbox 663 3005 785 3075; x_wconf 79' lang='grc' dir='ltr'>ἄχρι</span> <span class='ocrx_word' id='word_1_217' title='bbox 815 3007 1080 3071; x_wconf 86' lang='grc' dir='ltr'>συνέσεως</span> <span class='ocrx_word' id='word_1_218' title='bbox 1112 3009 1282 3078; x_wconf 85' lang='grc' dir='ltr'>ὑμῶν.</span> <span class='ocrx_word' id='word_1_219' title='bbox 1323 3029 1342 3062; x_wconf 86' lang='grc'><strong><em>›</em></strong></span> <span class='ocrx_word' id='word_1_220' title='bbox 1373 3011 1436 3062; x_wconf 84' lang='lat' dir='ltr'><strong>Ui</strong></span> <span class='ocrx_word' id='word_1_221' title='bbox 1463 3009 1518 3063; x_wconf 84' lang='grc' dir='ltr'>δὲ</span> <span class='ocrx_word' id='word_1_222' title='bbox 1552 3010 1725 3082; x_wconf 74' lang='grc' dir='ltr'>ἕτεροι</span> <span class='ocrx_word' id='word_1_223' title='bbox 1759 3014 1849 3083; x_wconf 88' lang='grc' dir='ltr'><strong>ἐρ-</strong></span> 
     </span>
    </p>
   </div>
   <div class='ocr_carea' id='block_1_34' title="bbox 284 3096 1845 3176">
    <p class='ocr_par' dir='ltr' id='par_1_34' title="bbox 284 3096 1845 3176">
     <span class='ocr_line' id='line_1_34' title="bbox 284 3096 1845 3176; baseline 0.007 -29"><span class='ocrx_word' id='word_1_224' title='bbox 284 3097 548 3166; x_wconf 73' lang='grc' dir='ltr'>μηνευταὶ</span> <span class='ocrx_word' id='word_1_225' title='bbox 584 3096 755 3161; x_wconf 80' lang='grc' dir='ltr'>οὑτως</span> <span class='ocrx_word' id='word_1_226' title='bbox 797 3099 1154 3154; x_wconf 80' lang='grc' dir='ltr'>ἐκδεδὼκασιν</span> <span class='ocrx_word' id='word_1_227' title='bbox 1179 3117 1192 3131; x_wconf 76' lang='grc' dir='ltr'><strong>ο</strong></span> <span class='ocrx_word' id='word_1_228' title='bbox 1247 3120 1265 3152; x_wconf 75' lang='grc' dir='ltr'>σ</span> <span class='ocrx_word' id='word_1_229' title='bbox 1317 3102 1477 3167; x_wconf 82' lang='grc' dir='ltr'>Ἰδοὺ,</span> <span class='ocrx_word' id='word_1_230' title='bbox 1518 3104 1845 3176; x_wconf 78' lang='grc' dir='ltr'>ἐξεδεξάμην</span> 
     </span>
    </p>
   </div>
   <div class='ocr_carea' id='block_1_35' title="bbox 289 3185 1843 3267">
    <p class='ocr_par' dir='ltr' id='par_1_35' title="bbox 289 3185 1843 3267">
     <span class='ocr_line' id='line_1_35' title="bbox 289 3185 1843 3267; baseline 0.006 -28"><span class='ocrx_word' id='word_1_231' title='bbox 289 3185 406 3248; x_wconf 78' lang='grc' dir='ltr'>τοὺς</span> <span class='ocrx_word' id='word_1_232' title='bbox 451 3185 635 3254; x_wconf 87' lang='grc' dir='ltr'>λόγους</span> <span class='ocrx_word' id='word_1_233' title='bbox 675 3187 845 3258; x_wconf 79' lang='grc' dir='ltr'>ὑμῶν’</span> <span class='ocrx_word' id='word_1_234' title='bbox 885 3191 1238 3262; x_wconf 74' lang='grc' dir='ltr'>ἠκροασάμην</span> <span class='ocrx_word' id='word_1_235' title='bbox 1277 3193 1360 3260; x_wconf 84' lang='grc' dir='ltr'>ἐφ’</span> <span class='ocrx_word' id='word_1_236' title='bbox 1390 3195 1511 3247; x_wconf 85' lang='grc' dir='ltr'>ὅσον</span> <span class='ocrx_word' id='word_1_237' title='bbox 1550 3197 1843 3267; x_wconf 87' lang='grc' dir='ltr'>ἐφρονεῖτε,</span> 
     </span>
    </p>
   </div>
   <div class='ocr_carea' id='block_1_36' title="bbox 283 3275 1843 3359">
    <p class='ocr_par' dir='ltr' id='par_1_36' title="bbox 283 3275 1843 3359">
     <span class='ocr_line' id='line_1_36' title="bbox 283 3275 1843 3359; baseline 0.01 -30"><span class='ocrx_word' id='word_1_238' title='bbox 283 3275 366 3346; x_wconf 80' lang='grc' dir='ltr'>ἐφ’</span> <span class='ocrx_word' id='word_1_239' title='bbox 401 3280 520 3332; x_wconf 85' lang='grc' dir='ltr'>ὅσον</span> <span class='ocrx_word' id='word_1_240' title='bbox 554 3279 836 3349; x_wconf 80' lang='grc' dir='ltr'>ἐξητάζετε</span> <span class='ocrx_word' id='word_1_241' title='bbox 867 3282 1054 3350; x_wconf 81' lang='grc' dir='ltr'>λόγους</span> <span class='ocrx_word' id='word_1_242' title='bbox 1076 3323 1090 3346; x_wconf 91' lang='grc'><strong>,</strong></span> <span class='ocrx_word' id='word_1_243' title='bbox 1122 3286 1215 3337; x_wconf 75' lang='grc' dir='ltr'>καὶ</span> <span class='ocrx_word' id='word_1_244' title='bbox 1248 3286 1406 3358; x_wconf 86' lang='grc' dir='ltr'>μέχρι</span> <span class='ocrx_word' id='word_1_245' title='bbox 1435 3288 1527 3342; x_wconf 86' lang='grc' dir='ltr'><strong>τοῦ</strong></span> <span class='ocrx_word' id='word_1_246' title='bbox 1559 3291 1843 3359; x_wconf 77' lang='grc' dir='ltr'>ἐφικέσθαι</span> 
     </span>
    </p>
   </div>
   <div class='ocr_carea' id='block_1_37' title="bbox 281 3369 1844 3452">
    <p class='ocr_par' dir='ltr' id='par_1_37' title="bbox 281 3369 1844 3452">
     <span class='ocr_line' id='line_1_37' title="bbox 281 3369 1844 3452; baseline 0.011 -32"><span class='ocrx_word' id='word_1_247' title='bbox 281 3369 455 3439; x_wconf 78' lang='grc' dir='ltr'>ὑμῶν,</span> <span class='ocrx_word' id='word_1_248' title='bbox 485 3371 744 3425; x_wconf 88' lang='grc' dir='ltr'>ἐνενόουν.</span> <span class='ocrx_word' id='word_1_249' title='bbox 785 3392 802 3425; x_wconf 81' lang='grc' dir='ltr'><strong>ι</strong></span> <span class='ocrx_word' id='word_1_250' title='bbox 842 3374 996 3428; x_wconf 83' lang='grc' dir='ltr'>Κατὰ</span> <span class='ocrx_word' id='word_1_251' title='bbox 1031 3377 1128 3446; x_wconf 87' lang='grc' dir='ltr'>μὲν</span> <span class='ocrx_word' id='word_1_252' title='bbox 1156 3374 1248 3430; x_wconf 83' lang='grc' dir='ltr'><strong>οῦν</strong></span> <span class='ocrx_word' id='word_1_253' title='bbox 1277 3378 1479 3450; x_wconf 87' lang='grc' dir='ltr'>ταύτην</span> <span class='ocrx_word' id='word_1_254' title='bbox 1508 3382 1605 3452; x_wconf 84' lang='grc' dir='ltr'>τὴν</span> <span class='ocrx_word' id='word_1_255' title='bbox 1634 3382 1844 3437; x_wconf 76' lang='grc' dir='ltr'>ἔκδοσιν</span> 
     </span>
    </p>
   </div>
   <div class='ocr_carea' id='block_1_38' title="bbox 282 3462 1844 3543">
    <p class='ocr_par' dir='ltr' id='par_1_38' title="bbox 282 3462 1844 3543">
     <span class='ocr_line' id='line_1_38' title="bbox 282 3462 1844 3543; baseline 0.01 -30"><span class='ocrx_word' id='word_1_256' title='bbox 282 3463 375 3514; x_wconf 75' lang='grc' dir='ltr'><strong>καὶ</strong></span> <span class='ocrx_word' id='word_1_257' title='bbox 404 3462 470 3515; x_wconf 84' lang='grc' dir='ltr'>τὰ</span> <span class='ocrx_word' id='word_1_258' title='bbox 496 3463 659 3533; x_wconf 71' lang='grc' dir='ltr'>ἔτερα</span> <span class='ocrx_word' id='word_1_259' title='bbox 688 3464 794 3517; x_wconf 83' lang='grc' dir='ltr'><strong>τῶν</strong></span> <span class='ocrx_word' id='word_1_260' title='bbox 827 3467 1170 3539; x_wconf 75' lang='grc' dir='ltr'>ἀντιγράφων</span> <span class='ocrx_word' id='word_1_261' title='bbox 1195 3509 1209 3530; x_wconf 88' lang='grc'><strong>,</strong></span> <span class='ocrx_word' id='word_1_262' title='bbox 1242 3471 1449 3542; x_wconf 83' lang='grc' dir='ltr'>’Ὠσπερ</span> <span class='ocrx_word' id='word_1_263' title='bbox 1469 3513 1482 3536; x_wconf 87' lang='grc'><strong>,</strong></span> <span class='ocrx_word' id='word_1_264' title='bbox 1517 3475 1699 3543; x_wconf 80' lang='grc' dir='ltr'>φησὶν,</span> <span class='ocrx_word' id='word_1_265' title='bbox 1734 3475 1844 3543; x_wconf 86' lang='grc' dir='ltr'><strong>ἐγὼ</strong></span> 
     </span>
    </p>
   </div>
   <div class='ocr_carea' id='block_1_39' title="bbox 281 3553 1844 3638">
    <p class='ocr_par' dir='ltr' id='par_1_39' title="bbox 281 3553 1844 3638">
     <span class='ocr_line' id='line_1_39' title="bbox 281 3553 1844 3638; baseline 0.01 -33"><span class='ocrx_word' id='word_1_266' title='bbox 281 3553 400 3623; x_wconf 85' lang='grc' dir='ltr'>μεθ’</span> <span class='ocrx_word' id='word_1_267' title='bbox 423 3556 652 3625; x_wconf 83' lang='grc' dir='ltr'>ἡσυχίας</span> <span class='ocrx_word' id='word_1_268' title='bbox 674 3556 877 3627; x_wconf 70' lang='grc' dir='ltr'>ηκουσα</span> <span class='ocrx_word' id='word_1_269' title='bbox 905 3559 1118 3612; x_wconf 87' lang='grc' dir='ltr'>πάντων</span> <span class='ocrx_word' id='word_1_270' title='bbox 1141 3555 1214 3614; x_wconf 82' lang='grc' dir='ltr'>ὧν</span> <span class='ocrx_word' id='word_1_271' title='bbox 1240 3562 1446 3626; x_wconf 73' lang='grc' dir='ltr'>εἴπατε,</span> <span class='ocrx_word' id='word_1_272' title='bbox 1470 3567 1563 3619; x_wconf 76' lang='grc' dir='ltr'><strong>καὶ</strong></span> <span class='ocrx_word' id='word_1_273' title='bbox 1587 3567 1844 3638; x_wconf 81' lang='grc' dir='ltr'>ἀνέμεινα</span> 
     </span>
    </p>
   </div>
   <div class='ocr_carea' id='block_1_40' title="bbox 281 3645 1845 3725">
    <p class='ocr_par' dir='ltr' id='par_1_40' title="bbox 281 3645 1845 3725">
     <span class='ocr_line' id='line_1_40' title="bbox 281 3645 1845 3725; baseline 0.01 -29"><span class='ocrx_word' id='word_1_274' title='bbox 281 3645 444 3716; x_wconf 86' lang='grc' dir='ltr'>μέχρι</span> <span class='ocrx_word' id='word_1_275' title='bbox 473 3649 930 3720; x_wconf 80' lang='grc' dir='ltr'>συμπεράσματος</span> <span class='ocrx_word' id='word_1_276' title='bbox 956 3651 1063 3703; x_wconf 85' lang='grc' dir='ltr'>τῶν</span> <span class='ocrx_word' id='word_1_277' title='bbox 1091 3653 1366 3724; x_wconf 87' lang='grc' dir='ltr'>ὑμετέρων</span> <span class='ocrx_word' id='word_1_278' title='bbox 1393 3655 1565 3725; x_wconf 90' lang='grc' dir='ltr'>λόγων</span> <span class='ocrx_word' id='word_1_279' title='bbox 1590 3674 1604 3687; x_wconf 91' lang='grc'><strong>·</strong></span> <span class='ocrx_word' id='word_1_280' title='bbox 1629 3660 1720 3711; x_wconf 77' lang='grc' dir='ltr'>καὶ</span> <span class='ocrx_word' id='word_1_281' title='bbox 1741 3659 1845 3722; x_wconf 82' lang='grc' dir='ltr'>ἓως</span> 
     </span>
    </p>
   </div>
   <div class='ocr_carea' id='block_1_41' title="bbox 282 3739 1844 3819">
    <p class='ocr_par' dir='ltr' id='par_1_41' title="bbox 282 3739 1844 3819">
     <span class='ocr_line' id='line_1_41' title="bbox 282 3739 1844 3819; baseline 0.008 -30"><span class='ocrx_word' id='word_1_282' title='bbox 282 3739 366 3790; x_wconf 61' lang='grc' dir='ltr'>ἁτε</span> <span class='ocrx_word' id='word_1_283' title='bbox 400 3739 576 3792; x_wconf 70' lang='grc' dir='ltr'>πᾶσαν</span> <span class='ocrx_word' id='word_1_284' title='bbox 604 3741 807 3793; x_wconf 81' lang='grc' dir='ltr'>ἑαυτῶν</span> <span class='ocrx_word' id='word_1_285' title='bbox 835 3743 932 3813; x_wconf 84' lang='grc' dir='ltr'>τὴν</span> <span class='ocrx_word' id='word_1_286' title='bbox 956 3742 1212 3813; x_wconf 87' lang='grc' dir='ltr'>φρόνησιν</span> <span class='ocrx_word' id='word_1_287' title='bbox 1238 3744 1508 3817; x_wconf 84' lang='grc' dir='ltr'>κενώσητε</span> <span class='ocrx_word' id='word_1_288' title='bbox 1533 3765 1545 3776; x_wconf 94' lang='grc'><strong>·</strong></span> <span class='ocrx_word' id='word_1_289' title='bbox 1572 3748 1665 3800; x_wconf 78' lang='grc' dir='ltr'>καὶ</span> <span class='ocrx_word' id='word_1_290' title='bbox 1689 3745 1844 3819; x_wconf 83' lang='grc' dir='ltr'>ὑμεῖς</span> 
     </span>
    </p>
   </div>
   <div class='ocr_carea' id='block_1_42' title="bbox 287 3826 1844 3909">
    <p class='ocr_par' dir='ltr' id='par_1_42' title="bbox 287 3826 1844 3909">
     <span class='ocr_line' id='line_1_42' title="bbox 287 3826 1844 3909; baseline 0.008 -30"><span class='ocrx_word' id='word_1_291' title='bbox 287 3826 388 3880; x_wconf 77' lang='grc' dir='ltr'>τῶν</span> <span class='ocrx_word' id='word_1_292' title='bbox 421 3827 568 3897; x_wconf 81' lang='grc' dir='ltr'>ἐμῶν</span> <span class='ocrx_word' id='word_1_293' title='bbox 596 3830 858 3883; x_wconf 80' lang='grc' dir='ltr'>ἀκούσατε</span> <span class='ocrx_word' id='word_1_294' title='bbox 901 3831 1092 3900; x_wconf 85' lang='grc' dir='ltr'>λόγων.</span> <span class='ocrx_word' id='word_1_295' title='bbox 1140 3835 1292 3888; x_wconf 67' lang='grc' dir='ltr'>Κατὰ</span> <span class='ocrx_word' id='word_1_296' title='bbox 1337 3834 1392 3887; x_wconf 85' lang='grc' dir='ltr'><strong>δὲ</strong></span> <span class='ocrx_word' id='word_1_297' title='bbox 1435 3837 1502 3889; x_wconf 73' lang='grc' dir='ltr'>τὰ</span> <span class='ocrx_word' id='word_1_298' title='bbox 1549 3841 1676 3908; x_wconf 87' lang='grc' dir='ltr'>παρ’</span> <span class='ocrx_word' id='word_1_299' title='bbox 1712 3841 1844 3909; x_wconf 84' lang='grc' dir='ltr'>ἡμῖν</span> 
     </span>
    </p>
   </div>
   <div class='ocr_carea' id='block_1_43' title="bbox 281 3917 1843 4003">
    <p class='ocr_par' dir='ltr' id='par_1_43' title="bbox 281 3917 1843 4003">
     <span class='ocr_line' id='line_1_43' title="bbox 281 3917 1843 4003; baseline 0.008 -31"><span class='ocrx_word' id='word_1_300' title='bbox 281 3919 582 3988; x_wconf 60' lang='grc' dir='ltr'>ἀντίγραφα</span> <span class='ocrx_word' id='word_1_301' title='bbox 608 3923 637 3974; x_wconf 87' lang='grc' dir='ltr'><strong>ό</strong></span> <span class='ocrx_word' id='word_1_302' title='bbox 663 3922 784 3986; x_wconf 84' lang='grc' dir='ltr'>νοῦς</span> <span class='ocrx_word' id='word_1_303' title='bbox 817 3917 968 3987; x_wconf 74' lang='grc' dir='ltr'>οὗτος</span> <span class='ocrx_word' id='word_1_304' title='bbox 990 3941 1002 3952; x_wconf 88' lang='grc'>·</span> <span class='ocrx_word' id='word_1_305' title='bbox 1051 3926 1340 3980; x_wconf 77' lang='grc' dir='ltr'>Ἀκούσατέ</span> <span class='ocrx_word' id='word_1_306' title='bbox 1363 3945 1482 3997; x_wconf 79' lang='grc' dir='ltr'>μου,</span> <span class='ocrx_word' id='word_1_307' title='bbox 1509 3931 1669 4000; x_wconf 79' lang='grc' dir='ltr'>φησίν</span> <span class='ocrx_word' id='word_1_308' title='bbox 1693 3949 1704 3961; x_wconf 93' lang='grc'><strong>·</strong></span> <span class='ocrx_word' id='word_1_309' title='bbox 1735 3932 1843 4003; x_wconf 81' lang='grc' dir='ltr'>ἐρῶ</span> 
     </span>
    </p>
   </div>
   <div class='ocr_carea' id='block_1_44' title="bbox 289 4011 1838 4092">
    <p class='ocr_par' dir='ltr' id='par_1_44' title="bbox 289 4011 1838 4092">
     <span class='ocr_line' id='line_1_44' title="bbox 289 4011 1838 4092; baseline 0.009 -31"><span class='ocrx_word' id='word_1_310' title='bbox 289 4011 387 4082; x_wconf 75' lang='grc' dir='ltr'><strong>γάρ</strong></span> <span class='ocrx_word' id='word_1_311' title='bbox 429 4011 580 4063; x_wconf 75' lang='grc' dir='ltr'>οὐδὲν</span> <span class='ocrx_word' id='word_1_312' title='bbox 629 4013 970 4085; x_wconf 82' lang='grc' dir='ltr'>ὑπέρογκον,</span> <span class='ocrx_word' id='word_1_313' title='bbox 1011 4015 1124 4069; x_wconf 82' lang='grc' dir='ltr'>ἀλλ’</span> <span class='ocrx_word' id='word_1_314' title='bbox 1166 4016 1200 4070; x_wconf 78' lang='grc' dir='ltr'><strong>ἃ</strong></span> <span class='ocrx_word' id='word_1_315' title='bbox 1261 4017 1486 4071; x_wconf 80' lang='grc' dir='ltr'>δύνασθε</span> <span class='ocrx_word' id='word_1_316' title='bbox 1528 4020 1838 4092; x_wconf 86' lang='grc' dir='ltr'>δοκιμάσαι.</span> 
     </span>
    </p>
   </div>
   <div class='ocr_carea' id='block_1_45' title="bbox 281 4101 1842 4185">
    <p class='ocr_par' dir='ltr' id='par_1_45' title="bbox 281 4101 1842 4185">
     <span class='ocr_line' id='line_1_45' title="bbox 281 4101 1842 4185; baseline 0.01 -34"><span class='ocrx_word' id='word_1_317' title='bbox 281 4120 301 4150; x_wconf 75' lang='grc' dir='ltr'><strong>ι</strong></span> <span class='ocrx_word' id='word_1_318' title='bbox 344 4101 452 4154; x_wconf 64' lang='lat' dir='ltr'><strong>Kal</strong></span> <span class='ocrx_word' id='word_1_319' title='bbox 482 4101 670 4173; x_wconf 80' lang='grc' dir='ltr'>μέχρις</span> <span class='ocrx_word' id='word_1_320' title='bbox 705 4104 856 4174; x_wconf 84' lang='grc' dir='ltr'>ὑμῶν</span> <span class='ocrx_word' id='word_1_321' title='bbox 887 4107 1118 4175; x_wconf 78' lang='grc' dir='ltr'>συνήσω,</span> <span class='ocrx_word' id='word_1_322' title='bbox 1162 4126 1179 4156; x_wconf 71' lang='grc' dir='ltr'><strong>ι</strong></span> <span class='ocrx_word' id='word_1_323' title='bbox 1211 4109 1330 4160; x_wconf 81' lang='grc' dir='ltr'>ἀντὶ</span> <span class='ocrx_word' id='word_1_324' title='bbox 1353 4109 1469 4169; x_wconf 84' lang='grc' dir='ltr'>τοῦ,</span> <span class='ocrx_word' id='word_1_325' title='bbox 1501 4111 1576 4164; x_wconf 85' lang='grc' dir='ltr'><strong>υὺ</strong></span> <span class='ocrx_word' id='word_1_326' title='bbox 1607 4128 1842 4185; x_wconf 79' lang='grc' dir='ltr'>κενοφω-</span> 
     </span>
    </p>
   </div>
   <div class='ocr_carea' id='block_1_46' title="bbox 283 4191 1837 4272">
    <p class='ocr_par' dir='ltr' id='par_1_46' title="bbox 283 4191 1837 4272">
     <span class='ocr_line' id='line_1_46' title="bbox 283 4191 1837 4272; baseline 0.006 -28"><span class='ocrx_word' id='word_1_327' title='bbox 283 4191 417 4254; x_wconf 61' lang='lat' dir='ltr'><strong>aiat;</strong></span> <span class='ocrx_word' id='word_1_328' title='bbox 447 4195 754 4264; x_wconf 80' lang='grc' dir='ltr'>χρήσομαι,</span> <span class='ocrx_word' id='word_1_329' title='bbox 805 4195 918 4248; x_wconf 72' lang='grc' dir='ltr'>ἀλλ’</span> <span class='ocrx_word' id='word_1_330' title='bbox 962 4196 1038 4259; x_wconf 86' lang='grc' dir='ltr'>ὡς</span> <span class='ocrx_word' id='word_1_331' title='bbox 1080 4196 1306 4249; x_wconf 87' lang='grc' dir='ltr'>δύνασθε</span> <span class='ocrx_word' id='word_1_332' title='bbox 1341 4199 1573 4252; x_wconf 76' lang='grc' dir='ltr'>συνιέναι</span> <span class='ocrx_word' id='word_1_333' title='bbox 1605 4200 1837 4272; x_wconf 85' lang='grc' dir='ltr'>λαλήσω.</span> 
     </span>
    </p>
   </div>
   <div class='ocr_carea' id='block_1_47' title="bbox 280 4281 1837 4362">
    <p class='ocr_par' dir='ltr' id='par_1_47' title="bbox 280 4281 1837 4362">
     <span class='ocr_line' id='line_1_47' title="bbox 280 4281 1837 4362; baseline 0.009 -29"><span class='ocrx_word' id='word_1_334' title='bbox 280 4281 351 4334; x_wconf 85' lang='grc' dir='ltr'><em>Ἥ</em></span> <span class='ocrx_word' id='word_1_335' title='bbox 379 4283 551 4336; x_wconf 88' lang='grc' dir='ltr'>ἐκεῖνό</span> <span class='ocrx_word' id='word_1_336' title='bbox 580 4303 762 4356; x_wconf 81' lang='grc' dir='ltr'>φησιν,</span> <span class='ocrx_word' id='word_1_337' title='bbox 793 4288 893 4351; x_wconf 84' lang='grc' dir='ltr'>ὅτι,</span> <span class='ocrx_word' id='word_1_338' title='bbox 933 4289 1006 4340; x_wconf 66' lang='lat' dir='ltr'><strong>Oti</strong></span> <span class='ocrx_word' id='word_1_339' title='bbox 1042 4290 1301 4360; x_wconf 83' lang='grc' dir='ltr'>πρότερον</span> <span class='ocrx_word' id='word_1_340' title='bbox 1339 4291 1443 4344; x_wconf 87' lang='grc' dir='ltr'><strong>παύ</strong></span> <span class='ocrx_word' id='word_1_341' title='bbox 1458 4309 1615 4362; x_wconf 72' lang='grc' dir='ltr'>τομαι</span> <span class='ocrx_word' id='word_1_342' title='bbox 1645 4293 1837 4356; x_wconf 84' lang='grc' dir='ltr'>λαλῶν,</span> 
     </span>
    </p>
   </div>
   <div class='ocr_carea' id='block_1_48' title="bbox 283 4370 1840 4448">
    <p class='ocr_par' dir='ltr' id='par_1_48' title="bbox 283 4370 1840 4448">
     <span class='ocr_line' id='line_1_48' title="bbox 283 4370 1840 4448; baseline 0.006 -26"><span class='ocrx_word' id='word_1_343' title='bbox 283 4370 406 4440; x_wconf 76' lang='grc' dir='ltr'>πρὶν</span> <span class='ocrx_word' id='word_1_344' title='bbox 435 4371 466 4441; x_wconf 84' lang='grc' dir='ltr'><strong>ἦ</strong></span> <span class='ocrx_word' id='word_1_345' title='bbox 493 4373 586 4425; x_wconf 77' lang='grc' dir='ltr'><strong>καὶ</strong></span> <span class='ocrx_word' id='word_1_346' title='bbox 618 4373 774 4443; x_wconf 83' lang='grc' dir='ltr'>ὑμεῖς</span> <span class='ocrx_word' id='word_1_347' title='bbox 801 4376 926 4437; x_wconf 78' lang='grc' dir='ltr'>τοὺς</span> <span class='ocrx_word' id='word_1_348' title='bbox 953 4377 1116 4445; x_wconf 78' lang='grc' dir='ltr'>ἐμοὺς</span> <span class='ocrx_word' id='word_1_349' title='bbox 1148 4376 1477 4448; x_wconf 83' lang='grc' dir='ltr'>δοκιμάσητε</span> <span class='ocrx_word' id='word_1_350' title='bbox 1525 4378 1712 4446; x_wconf 84' lang='grc' dir='ltr'>λόγους</span> <span class='ocrx_word' id='word_1_351' title='bbox 1732 4419 1745 4440; x_wconf 88' lang='grc'><strong>,</strong></span> <span class='ocrx_word' id='word_1_352' title='bbox 1793 4383 1840 4432; x_wconf 83' lang='grc' dir='ltr'><strong>εί</strong></span> 
     </span>
    </p>
   </div>
   <div class='ocr_carea' id='block_1_49' title="bbox 280 4459 1838 4538">
    <p class='ocr_par' dir='ltr' id='par_1_49' title="bbox 280 4459 1838 4538">
     <span class='ocr_line' id='line_1_49' title="bbox 280 4459 1838 4538; baseline 0.006 -25"><span class='ocrx_word' id='word_1_353' title='bbox 280 4459 384 4528; x_wconf 69' lang='lat' dir='ltr'><strong>ipa.</strong></span> <span class='ocrx_word' id='word_1_354' title='bbox 409 4459 562 4528; x_wconf 75' lang='grc' dir='ltr'>κάγὼ</span> <span class='ocrx_word' id='word_1_355' title='bbox 584 4462 816 4514; x_wconf 82' lang='grc' dir='ltr'>συνιέναι</span> <span class='ocrx_word' id='word_1_356' title='bbox 843 4463 1075 4534; x_wconf 81' lang='grc' dir='ltr'>δύναμαι</span> <span class='ocrx_word' id='word_1_357' title='bbox 1113 4485 1130 4515; x_wconf 76' lang='grc' dir='ltr'><strong>ι</strong></span> <span class='ocrx_word' id='word_1_358' title='bbox 1165 4466 1357 4536; x_wconf 89' lang='grc' dir='ltr'>μέχρις</span> <span class='ocrx_word' id='word_1_359' title='bbox 1392 4467 1544 4538; x_wconf 83' lang='grc' dir='ltr'>ὑμῶν</span> <span class='ocrx_word' id='word_1_360' title='bbox 1571 4507 1585 4528; x_wconf 91' lang='grc'><strong>,</strong></span> <span class='ocrx_word' id='word_1_361' title='bbox 1629 4488 1646 4519; x_wconf 77' lang='grc' dir='ltr'><strong>ι</strong></span> <span class='ocrx_word' id='word_1_362' title='bbox 1681 4486 1838 4522; x_wconf 87' lang='grc' dir='ltr'>τουτ-</span> 
     </span>
    </p>
   </div>
   <div class='ocr_carea' id='block_1_50' title="bbox 281 4546 1837 4632">
    <p class='ocr_par' dir='ltr' id='par_1_50' title="bbox 281 4546 1837 4632">
     <span class='ocr_line' id='line_1_50' title="bbox 281 4546 1837 4632; baseline 0.008 -30"><span class='ocrx_word' id='word_1_363' title='bbox 281 4550 390 4602; x_wconf 77' lang='grc' dir='ltr'>έστι</span> <span class='ocrx_word' id='word_1_364' title='bbox 414 4590 428 4612; x_wconf 91' lang='grc'><strong>,</strong></span> <span class='ocrx_word' id='word_1_365' title='bbox 471 4552 658 4622; x_wconf 81' lang='grc' dir='ltr'>μέχρις</span> <span class='ocrx_word' id='word_1_366' title='bbox 689 4546 749 4606; x_wconf 72' lang='grc' dir='ltr'>οὗ</span> <span class='ocrx_word' id='word_1_367' title='bbox 781 4554 875 4606; x_wconf 79' lang='grc' dir='ltr'><strong>καὶ</strong></span> <span class='ocrx_word' id='word_1_368' title='bbox 907 4555 1064 4624; x_wconf 87' lang='grc' dir='ltr'>ὑμεῖς</span> <span class='ocrx_word' id='word_1_369' title='bbox 1107 4557 1392 4629; x_wconf 70' lang='grc' dir='ltr'>ἐννοήσητε</span> <span class='ocrx_word' id='word_1_370' title='bbox 1417 4601 1428 4622; x_wconf 92' lang='grc'><strong>,</strong></span> <span class='ocrx_word' id='word_1_371' title='bbox 1466 4559 1497 4628; x_wconf 81' lang='grc' dir='ltr'><strong>ἢ</strong></span> <span class='ocrx_word' id='word_1_372' title='bbox 1539 4561 1630 4612; x_wconf 79' lang='grc' dir='ltr'><strong>καὶ</strong></span> <span class='ocrx_word' id='word_1_373' title='bbox 1671 4561 1837 4632; x_wconf 72' lang='grc' dir='ltr'>ὑπερ-ν</span> 
     </span>
    </p>
   </div>
   <div class='ocr_carea' id='block_1_51' title="bbox 279 4641 1150 4715">
    <p class='ocr_par' dir='ltr' id='par_1_51' title="bbox 279 4641 1150 4715">
     <span class='ocr_line' id='line_1_51' title="bbox 279 4641 1150 4715; baseline 0.007 -22"><span class='ocrx_word' id='word_1_374' title='bbox 279 4641 456 4695; x_wconf 81' lang='grc' dir='ltr'>όάλλω</span> <span class='ocrx_word' id='word_1_375' title='bbox 486 4643 583 4715; x_wconf 84' lang='grc' dir='ltr'>τὴν</span> <span class='ocrx_word' id='word_1_376' title='bbox 614 4644 885 4715; x_wconf 89' lang='grc' dir='ltr'>ὑμετέραν</span> <span class='ocrx_word' id='word_1_377' title='bbox 919 4645 1150 4700; x_wconf 81' lang='grc' dir='ltr'>σύνεσιν.</span> 
     </span>
    </p>
   </div>
   <div class='ocr_carea' id='block_1_52' title="bbox 347 4915 1835 4995">
    <p class='ocr_par' dir='ltr' id='par_1_52' title="bbox 347 4915 1835 4995">
     <span class='ocr_line' id='line_1_52' title="bbox 347 4915 1835 4995; baseline 0.007 -29"><span class='ocrx_word' id='word_1_378' title='bbox 347 4915 587 4982; x_wconf 50' lang='lat' dir='ltr'><strong>Ultimm</strong></span> <span class='ocrx_word' id='word_1_379' title='bbox 607 4917 716 4986; x_wconf 77' lang='grc' dir='ltr'>γάρ</span> <span class='ocrx_word' id='word_1_380' title='bbox 736 4921 848 4987; x_wconf 78' lang='grc' dir='ltr'>ειμι</span> <span class='ocrx_word' id='word_1_381' title='bbox 862 4920 1157 4989; x_wconf 76' lang='grc' dir='ltr'>ῥημάτων.</span> <span class='ocrx_word' id='word_1_382' title='bbox 1185 4923 1376 4988; x_wconf 77' lang='grc' dir='ltr'>Καλῶς</span> <span class='ocrx_word' id='word_1_383' title='bbox 1403 4919 1524 4977; x_wconf 80' lang='grc' dir='ltr'>εἷπε</span> <span class='ocrx_word' id='word_1_384' title='bbox 1549 4925 1630 4986; x_wconf 80' lang='grc' dir='ltr'><strong>τὸ,</strong></span> <span class='ocrx_word' id='word_1_385' title='bbox 1651 4943 1669 4974; x_wconf 80' lang='grc' dir='ltr'><strong>ι</strong></span> <span class='ocrx_word' id='word_1_386' title='bbox 1701 4924 1835 4995; x_wconf 81' lang='grc' dir='ltr'>πλή-</span> 
     </span>
    </p>
   </div>
   <div class='ocr_carea' id='block_1_53' title="bbox 275 5007 1836 5086">
    <p class='ocr_par' dir='ltr' id='par_1_53' title="bbox 275 5007 1836 5086">
     <span class='ocr_line' id='line_1_53' title="bbox 275 5007 1836 5086; baseline 0.001 -18"><span class='ocrx_word' id='word_1_387' title='bbox 275 5022 376 5076; x_wconf 78' lang='grc' dir='ltr'>ρης</span> <span class='ocrx_word' id='word_1_388' title='bbox 402 5007 553 5076; x_wconf 78' lang='grc' dir='ltr'>εἰμί’</span> <span class='ocrx_word' id='word_1_389' title='bbox 594 5028 612 5058; x_wconf 71' lang='grc' dir='ltr'><strong><em>ι</em></strong></span> <span class='ocrx_word' id='word_1_390' title='bbox 647 5012 676 5061; x_wconf 86' lang='grc' dir='ltr'><strong>ὁ</strong></span> <span class='ocrx_word' id='word_1_391' title='bbox 712 5009 819 5080; x_wconf 78' lang='grc' dir='ltr'>γὰρ</span> <span class='ocrx_word' id='word_1_392' title='bbox 849 5012 922 5081; x_wconf 83' lang='grc' dir='ltr'>μὴ</span> <span class='ocrx_word' id='word_1_393' title='bbox 950 5013 1163 5083; x_wconf 77' lang='grc' dir='ltr'>πλήρης</span> <span class='ocrx_word' id='word_1_394' title='bbox 1194 5013 1270 5066; x_wconf 80' lang='grc' dir='ltr'>ὢν</span> <span class='ocrx_word' id='word_1_395' title='bbox 1306 5017 1582 5085; x_wconf 77' lang='grc' dir='ltr'>ῥημάτων,</span> <span class='ocrx_word' id='word_1_396' title='bbox 1629 5017 1722 5069; x_wconf 74' lang='grc' dir='ltr'><strong>καὶ</strong></span> <span class='ocrx_word' id='word_1_397' title='bbox 1747 5019 1836 5086; x_wconf 84' lang='grc' dir='ltr'><strong>ἐρ-</strong></span> 
     </span>
    </p>
   </div>
   <div class='ocr_carea' id='block_1_54' title="bbox 273 5096 1836 5176">
    <p class='ocr_par' dir='ltr' id='par_1_54' title="bbox 273 5096 1836 5176">
     <span class='ocr_line' id='line_1_54' title="bbox 273 5096 1836 5176; baseline 0.009 -30"><span class='ocrx_word' id='word_1_398' title='bbox 273 5096 498 5164; x_wconf 74' lang='grc' dir='ltr'>χόμενος</span> <span class='ocrx_word' id='word_1_399' title='bbox 531 5099 623 5151; x_wconf 81' lang='grc' dir='ltr'><strong>ἐπὶ</strong></span> <span class='ocrx_word' id='word_1_400' title='bbox 664 5100 722 5151; x_wconf 84' lang='grc' dir='ltr'>τὸ</span> <span class='ocrx_word' id='word_1_401' title='bbox 751 5101 950 5166; x_wconf 87' lang='grc' dir='ltr'>λαλεῖν,</span> <span class='ocrx_word' id='word_1_402' title='bbox 977 5104 1106 5157; x_wconf 80' lang='grc' dir='ltr'>κενὰ</span> <span class='ocrx_word' id='word_1_403' title='bbox 1132 5106 1354 5176; x_wconf 79' lang='grc' dir='ltr'>λαλήσει</span> <span class='ocrx_word' id='word_1_404' title='bbox 1389 5106 1463 5169; x_wconf 85' lang='grc' dir='ltr'>ὡς</span> <span class='ocrx_word' id='word_1_405' title='bbox 1495 5107 1666 5170; x_wconf 81' lang='grc' dir='ltr'>κενὸς,</span> <span class='ocrx_word' id='word_1_406' title='bbox 1695 5108 1836 5162; x_wconf 70' lang='grc' dir='ltr'>κατὰ</span> 
     </span>
    </p>
   </div>
   <div class='ocr_carea' id='block_1_55' title="bbox 279 5184 1834 5269">
    <p class='ocr_par' dir='ltr' id='par_1_55' title="bbox 279 5184 1834 5269">
     <span class='ocr_line' id='line_1_55' title="bbox 279 5184 1834 5269; baseline 0.01 -33"><span class='ocrx_word' id='word_1_407' title='bbox 279 5184 332 5236; x_wconf 75' lang='grc' dir='ltr'>τὸ</span> <span class='ocrx_word' id='word_1_408' title='bbox 373 5187 688 5257; x_wconf 77' lang='grc' dir='ltr'>εἰρημένονο</span> <span class='ocrx_word' id='word_1_409' title='bbox 721 5209 738 5239; x_wconf 79' lang='grc' dir='ltr'><strong>ι</strong></span> <span class='ocrx_word' id='word_1_410' title='bbox 783 5190 839 5243; x_wconf 87' lang='lat'><strong>&#39;0</strong></span> <span class='ocrx_word' id='word_1_411' title='bbox 864 5191 970 5261; x_wconf 78' lang='grc' dir='ltr'>γὰρ</span> <span class='ocrx_word' id='word_1_412' title='bbox 1002 5192 1179 5262; x_wconf 79' lang='grc' dir='ltr'>μωρὸς</span> <span class='ocrx_word' id='word_1_413' title='bbox 1215 5194 1372 5266; x_wconf 76' lang='grc' dir='ltr'>μωρὰ</span> <span class='ocrx_word' id='word_1_414' title='bbox 1412 5195 1652 5267; x_wconf 89' lang='grc' dir='ltr'>λαλήσει,</span> <span class='ocrx_word' id='word_1_415' title='bbox 1683 5199 1834 5269; x_wconf 78' lang='grc' dir='ltr'>καὶὴ</span> 
     </span>
    </p>
   </div>
   <div class='ocr_carea' id='block_1_56' title="bbox 274 5277 1168 5354">
    <p class='ocr_par' dir='ltr' id='par_1_56' title="bbox 274 5277 1168 5354">
     <span class='ocr_line' id='line_1_56' title="bbox 274 5277 1168 5354; baseline 0.007 -24"><span class='ocrx_word' id='word_1_416' title='bbox 274 5277 467 5348; x_wconf 62' lang='grc' dir='ltr'>καρδία</span> <span class='ocrx_word' id='word_1_417' title='bbox 496 5279 659 5333; x_wconf 84' lang='grc' dir='ltr'>αὑτοῦ</span> <span class='ocrx_word' id='word_1_418' title='bbox 696 5281 897 5351; x_wconf 87' lang='grc' dir='ltr'>μάταια</span> <span class='ocrx_word' id='word_1_419' title='bbox 918 5284 1116 5354; x_wconf 86' lang='grc' dir='ltr'>νοήσει.</span> <span class='ocrx_word' id='word_1_420' title='bbox 1151 5303 1168 5336; x_wconf 76' lang='grc' dir='ltr'><strong>ι</strong></span> 
     </span>
    </p>
   </div>
   <div class='ocr_carea' id='block_1_57' title="bbox 350 5369 1833 5450">
    <p class='ocr_par' dir='ltr' id='par_1_57' title="bbox 350 5369 1833 5450">
     <span class='ocr_line' id='line_1_57' title="bbox 350 5369 1833 5450; baseline 0.008 -30"><span class='ocrx_word' id='word_1_421' title='bbox 350 5369 571 5423; x_wconf 71' lang='grc' dir='ltr'>ὐλέκει</span> <span class='ocrx_word' id='word_1_422' title='bbox 593 5371 703 5440; x_wconf 78' lang='grc' dir='ltr'>γάρ</span> <span class='ocrx_word' id='word_1_423' title='bbox 725 5391 802 5442; x_wconf 85' lang='grc' dir='ltr'><strong>με</strong></span> <span class='ocrx_word' id='word_1_424' title='bbox 825 5374 891 5428; x_wconf 83' lang='grc' dir='ltr'>τὸ</span> <span class='ocrx_word' id='word_1_425' title='bbox 924 5375 1157 5445; x_wconf 78' lang='grc' dir='ltr'>πνεῦμα</span> <span class='ocrx_word' id='word_1_426' title='bbox 1188 5375 1297 5444; x_wconf 82' lang='grc' dir='ltr'>τῆς</span> <span class='ocrx_word' id='word_1_427' title='bbox 1317 5380 1591 5446; x_wconf 71' lang='grc' dir='ltr'>γαστρός.</span> <span class='ocrx_word' id='word_1_428' title='bbox 1626 5379 1833 5450; x_wconf 84' lang='grc' dir='ltr'>’Ὠσπερ</span> 
     </span>
    </p>
   </div>
   <div class='ocr_carea' id='block_1_58' title="bbox 279 5463 1830 5542">
    <p class='ocr_par' dir='ltr' id='par_1_58' title="bbox 279 5463 1830 5542">
     <span class='ocr_line' id='line_1_58' title="bbox 279 5463 1830 5542; baseline 0.008 -29"><span class='ocrx_word' id='word_1_429' title='bbox 279 5478 355 5524; x_wconf 79' lang='grc' dir='ltr'><strong>εις</strong></span> <span class='ocrx_word' id='word_1_430' title='bbox 399 5463 590 5529; x_wconf 77' lang='grc' dir='ltr'>ἔγκυος</span> <span class='ocrx_word' id='word_1_431' title='bbox 628 5466 863 5533; x_wconf 87' lang='grc' dir='ltr'>γίνεται,</span> <span class='ocrx_word' id='word_1_432' title='bbox 901 5469 992 5522; x_wconf 76' lang='grc' dir='ltr'><strong>καὶ</strong></span> <span class='ocrx_word' id='word_1_433' title='bbox 1030 5469 1401 5541; x_wconf 83' lang='grc' dir='ltr'>μορφωθέντος</span> <span class='ocrx_word' id='word_1_434' title='bbox 1428 5470 1522 5524; x_wconf 90' lang='grc' dir='ltr'><strong>τοῦ</strong></span> <span class='ocrx_word' id='word_1_435' title='bbox 1553 5471 1830 5542; x_wconf 90' lang='grc' dir='ltr'>γεννωμέ-</span> 
     </span>
    </p>
   </div>
   <div class='ocr_carea' id='block_1_59' title="bbox 274 5556 1832 5635">
    <p class='ocr_par' dir='ltr' id='par_1_59' title="bbox 274 5556 1832 5635">
     <span class='ocr_line' id='line_1_59' title="bbox 274 5556 1832 5635; baseline 0.009 -27"><span class='ocrx_word' id='word_1_436' title='bbox 274 5571 362 5608; x_wconf 59' lang='grc' dir='ltr'><strong>νου</strong></span> <span class='ocrx_word' id='word_1_437' title='bbox 398 5556 456 5610; x_wconf 88' lang='grc' dir='ltr'><strong>ἐν</strong></span> <span class='ocrx_word' id='word_1_438' title='bbox 481 5557 620 5629; x_wconf 81' lang='grc' dir='ltr'>αὐτῇ</span> <span class='ocrx_word' id='word_1_439' title='bbox 652 5559 742 5612; x_wconf 80' lang='grc' dir='ltr'><strong>ἐπὶ</strong></span> <span class='ocrx_word' id='word_1_440' title='bbox 775 5560 970 5624; x_wconf 82' lang='grc' dir='ltr'>ὠδῖνας</span> <span class='ocrx_word' id='word_1_441' title='bbox 1007 5560 1242 5634; x_wconf 78' lang='grc' dir='ltr'>ἔρχεται,</span> <span class='ocrx_word' id='word_1_442' title='bbox 1274 5562 1464 5635; x_wconf 87' lang='grc' dir='ltr'>μέχρις</span> <span class='ocrx_word' id='word_1_443' title='bbox 1499 5559 1558 5619; x_wconf 82' lang='grc' dir='ltr'><strong>οῦ</strong></span> <span class='ocrx_word' id='word_1_444' title='bbox 1601 5567 1832 5635; x_wconf 81' lang='grc' dir='ltr'>ἀπογεν-</span> 
     </span>
    </p>
   </div>
   <div class='ocr_carea' id='block_1_60' title="bbox 345 5733 861 5798">
    <p class='ocr_par' dir='ltr' id='par_1_60' title="bbox 345 5733 861 5798">
     <span class='ocr_line' id='line_1_60' title="bbox 345 5733 861 5798; baseline 0.014 -12"><span class='ocrx_word' id='word_1_445' title='bbox 345 5733 387 5763; x_wconf 86' lang='grc'><strong>¹³</strong></span> <span class='ocrx_word' id='word_1_446' title='bbox 422 5733 545 5790; x_wconf 81' lang='lat' dir='ltr'><strong>lsai.</strong></span> <span class='ocrx_word' id='word_1_447' title='bbox 589 5750 758 5798; x_wconf 81' lang='lat' dir='ltr'><strong>xxxn,</strong></span> <span class='ocrx_word' id='word_1_448' title='bbox 806 5738 861 5793; x_wconf 87' lang='lat'><strong>6.</strong></span> 
     </span>
    </p>
   </div>
   <div class='ocr_carea' id='block_1_61' title="bbox 1967 543 2685 612">
    <p class='ocr_par' dir='ltr' id='par_1_61' title="bbox 1967 543 2685 612">
     <span class='ocr_line' id='line_1_61' title="bbox 1967 543 2685 612; baseline 0.003 -17"><span class='ocrx_word' id='word_1_449' title='bbox 1967 543 2100 611; x_wconf 88' lang='lat' dir='ltr'><strong>ipso,</strong></span> <span class='ocrx_word' id='word_1_450' title='bbox 2138 543 2406 596; x_wconf 88' lang='lat' dir='ltr'><strong>silentium</strong></span> <span class='ocrx_word' id='word_1_451' title='bbox 2434 543 2685 612; x_wconf 83' lang='lat' dir='ltr'><strong>agebant.</strong></span> 
     </span>
    </p>
   </div>
   <div class='ocr_carea' id='block_1_62' title="bbox 2039 619 3523 702">
    <p class='ocr_par' dir='ltr' id='par_1_62' title="bbox 2039 619 3523 702">
     <span class='ocr_line' id='line_1_62' title="bbox 2039 619 3523 702; baseline 0.001 -18"><span class='ocrx_word' id='word_1_452' title='bbox 2039 619 2274 702; x_wconf 83' lang='lat' dir='ltr'><strong>Digitum</strong></span> <span class='ocrx_word' id='word_1_453' title='bbox 2310 633 2630 700; x_wconf 85' lang='lat' dir='ltr'><strong>imponentes</strong></span> <span class='ocrx_word' id='word_1_454' title='bbox 2663 648 2818 699; x_wconf 87' lang='lat' dir='ltr'><strong>super</strong></span> <span class='ocrx_word' id='word_1_455' title='bbox 2847 648 2924 685; x_wconf 89' lang='lat' dir='ltr'><strong>os.</strong></span> <span class='ocrx_word' id='word_1_456' title='bbox 2975 631 3144 687; x_wconf 86' lang='lat' dir='ltr'><strong>Porro</strong></span> <span class='ocrx_word' id='word_1_457' title='bbox 3172 641 3351 686; x_wconf 88' lang='lat' dir='ltr'><strong>autem</strong></span> <span class='ocrx_word' id='word_1_458' title='bbox 3387 631 3523 702; x_wconf 80' lang='lat' dir='ltr'><strong>digi-</strong></span> 
     </span>
    </p>
   </div>
   <div class='ocr_carea' id='block_1_63' title="bbox 1967 722 3519 794">
    <p class='ocr_par' dir='ltr' id='par_1_63' title="bbox 1967 722 3519 794">
     <span class='ocr_line' id='line_1_63' title="bbox 1967 722 3519 794; baseline 0.001 -20"><span class='ocrx_word' id='word_1_459' title='bbox 1967 733 2052 778; x_wconf 90' lang='lat' dir='ltr'><strong>tus</strong></span> <span class='ocrx_word' id='word_1_460' title='bbox 2095 724 2176 778; x_wconf 90' lang='lat' dir='ltr'><strong>ori</strong></span> <span class='ocrx_word' id='word_1_461' title='bbox 2232 724 2547 794; x_wconf 90' lang='lat' dir='ltr'><strong>impositus,</strong></span> <span class='ocrx_word' id='word_1_462' title='bbox 2596 722 2794 779; x_wconf 90' lang='lat' dir='ltr'><strong>silentii</strong></span> <span class='ocrx_word' id='word_1_463' title='bbox 2853 725 3064 794; x_wconf 77' lang='lat' dir='ltr'><strong>signum</strong></span> <span class='ocrx_word' id='word_1_464' title='bbox 3107 723 3277 778; x_wconf 84' lang='lat' dir='ltr'><strong>videri</strong></span> <span class='ocrx_word' id='word_1_465' title='bbox 3328 733 3519 793; x_wconf 85' lang='lat' dir='ltr'><strong>potest.</strong></span> 
     </span>
    </p>
   </div>
   <div class='ocr_carea' id='block_1_64' title="bbox 1963 813 3522 887">
    <p class='ocr_par' dir='ltr' id='par_1_64' title="bbox 1963 813 3522 887">
     <span class='ocr_line' id='line_1_64' title="bbox 1963 813 3522 887; baseline -0.001 -19"><span class='ocrx_word' id='word_1_466' title='bbox 1963 813 2127 868; x_wconf 83' lang='lat' dir='ltr'><strong>Forte</strong></span> <span class='ocrx_word' id='word_1_467' title='bbox 2196 815 2357 868; x_wconf 90' lang='lat' dir='ltr'><strong>etiam</strong></span> <span class='ocrx_word' id='word_1_468' title='bbox 2412 815 2886 887; x_wconf 84' lang='lat' dir='ltr'><strong>(quandoquidem</strong></span> <span class='ocrx_word' id='word_1_469' title='bbox 2954 831 3146 869; x_wconf 87' lang='lat' dir='ltr'><strong>manus</strong></span> <span class='ocrx_word' id='word_1_470' title='bbox 3210 829 3309 883; x_wconf 92' lang='lat' dir='ltr'><strong>pro</strong></span> <span class='ocrx_word' id='word_1_471' title='bbox 3358 829 3522 882; x_wconf 89' lang='lat' dir='ltr'><strong>opere</strong></span> 
     </span>
    </p>
   </div>
   <div class='ocr_carea' id='block_1_65' title="bbox 1964 906 3520 974">
    <p class='ocr_par' dir='ltr' id='par_1_65' title="bbox 1964 906 3520 974">
     <span class='ocr_line' id='line_1_65' title="bbox 1964 906 3520 974; baseline -0.001 -14"><span class='ocrx_word' id='word_1_472' title='bbox 1964 906 2227 974; x_wconf 90' lang='lat' dir='ltr'><strong>sumitur)</strong></span> <span class='ocrx_word' id='word_1_473' title='bbox 2255 922 2417 974; x_wconf 82' lang='lat' dir='ltr'><strong>opera</strong></span> <span class='ocrx_word' id='word_1_474' title='bbox 2455 923 2642 962; x_wconf 89' lang='lat' dir='ltr'><strong>eorum</strong></span> <span class='ocrx_word' id='word_1_475' title='bbox 2687 909 2825 964; x_wconf 82' lang='lat' dir='ltr'><strong>labia</strong></span> <span class='ocrx_word' id='word_1_476' title='bbox 2858 908 2923 961; x_wconf 91' lang='lat' dir='ltr'><strong>iis</strong></span> <span class='ocrx_word' id='word_1_477' title='bbox 2955 907 3258 969; x_wconf 86' lang='lat' dir='ltr'><strong>obturasse,</strong></span> <span class='ocrx_word' id='word_1_478' title='bbox 3291 917 3345 960; x_wconf 75' lang='lat' dir='ltr'><strong>et</strong></span> <span class='ocrx_word' id='word_1_479' title='bbox 3368 906 3520 974; x_wconf 84' lang='lat' dir='ltr'><strong>quasi</strong></span> 
     </span>
    </p>
   </div>
   <div class='ocr_carea' id='block_1_66' title="bbox 1963 995 3521 1066">
    <p class='ocr_par' dir='ltr' id='par_1_66' title="bbox 1963 995 3521 1066">
     <span class='ocr_line' id='line_1_66' title="bbox 1963 995 3521 1066; baseline 0 -18"><span class='ocrx_word' id='word_1_480' title='bbox 1963 995 2234 1049; x_wconf 87' lang='lat' dir='ltr'><strong>vinculum</strong></span> <span class='ocrx_word' id='word_1_481' title='bbox 2290 997 2371 1050; x_wconf 92' lang='lat' dir='ltr'><strong>ori</strong></span> <span class='ocrx_word' id='word_1_482' title='bbox 2431 998 2702 1066; x_wconf 84' lang='lat' dir='ltr'><strong>injecisse,</strong></span> <span class='ocrx_word' id='word_1_483' title='bbox 2759 999 3022 1062; x_wconf 83' lang='lat' dir='ltr'><strong>ostendit;</strong></span> <span class='ocrx_word' id='word_1_484' title='bbox 3075 1012 3132 1052; x_wconf 89' lang='lat' dir='ltr'><strong>se</strong></span> <span class='ocrx_word' id='word_1_485' title='bbox 3183 999 3324 1052; x_wconf 89' lang='lat' dir='ltr'><strong>enim</strong></span> <span class='ocrx_word' id='word_1_486' title='bbox 3379 997 3521 1065; x_wconf 90' lang='lat' dir='ltr'><strong>quod</strong></span> 
     </span>
    </p>
   </div>
   <div class='ocr_carea' id='block_1_67' title="bbox 1962 1086 3519 1158">
    <p class='ocr_par' dir='ltr' id='par_1_67' title="bbox 1962 1086 3519 1158">
     <span class='ocr_line' id='line_1_67' title="bbox 1962 1086 3519 1158; baseline 0.001 -18"><span class='ocrx_word' id='word_1_487' title='bbox 1962 1086 2152 1155; x_wconf 81' lang='lat' dir='ltr'><strong>exigua</strong></span> <span class='ocrx_word' id='word_1_488' title='bbox 2196 1087 2590 1156; x_wconf 74' lang='lat' dir='ltr'><strong>praestitissent,</strong></span> <span class='ocrx_word' id='word_1_489' title='bbox 2645 1090 2894 1158; x_wconf 82' lang='lat' dir='ltr'><strong>indignos</strong></span> <span class='ocrx_word' id='word_1_490' title='bbox 2946 1105 3067 1143; x_wconf 86' lang='lat' dir='ltr'><strong>esse</strong></span> <span class='ocrx_word' id='word_1_491' title='bbox 3123 1088 3519 1142; x_wconf 81' lang='lat' dir='ltr'><strong>animadverte-</strong></span> 
     </span>
    </p>
   </div>
   <div class='ocr_carea' id='block_1_68' title="bbox 1963 1178 3518 1252">
    <p class='ocr_par' dir='ltr' id='par_1_68' title="bbox 1963 1178 3518 1252">
     <span class='ocr_line' id='line_1_68' title="bbox 1963 1178 3518 1252; baseline 0.002 -21"><span class='ocrx_word' id='word_1_492' title='bbox 1963 1187 2108 1244; x_wconf 87' lang='lat' dir='ltr'><strong>runt,</strong></span> <span class='ocrx_word' id='word_1_493' title='bbox 2131 1179 2221 1246; x_wconf 91' lang='lat' dir='ltr'><strong>qui</strong></span> <span class='ocrx_word' id='word_1_494' title='bbox 2251 1193 2434 1233; x_wconf 89' lang='lat' dir='ltr'><strong>coram</strong></span> <span class='ocrx_word' id='word_1_495' title='bbox 2455 1178 2590 1235; x_wconf 75' lang='lat' dir='ltr'><strong>Jobo</strong></span> <span class='ocrx_word' id='word_1_496' title='bbox 2618 1197 2681 1236; x_wconf 89' lang='lat' dir='ltr'><strong>os</strong></span> <span class='ocrx_word' id='word_1_497' title='bbox 2713 1183 3006 1252; x_wconf 87' lang='lat' dir='ltr'><strong>aperirent,</strong></span> <span class='ocrx_word' id='word_1_498' title='bbox 3032 1182 3122 1249; x_wconf 88' lang='lat' dir='ltr'><strong>qui</strong></span> <span class='ocrx_word' id='word_1_499' title='bbox 3150 1181 3354 1250; x_wconf 86' lang='lat' dir='ltr'><strong>majora</strong></span> <span class='ocrx_word' id='word_1_500' title='bbox 3386 1179 3518 1236; x_wconf 78' lang='lat' dir='ltr'><strong>faci-</strong></span> 
     </span>
    </p>
   </div>
   <div class='ocr_carea' id='block_1_69' title="bbox 1961 1271 3518 1342">
    <p class='ocr_par' dir='ltr' id='par_1_69' title="bbox 1961 1271 3518 1342">
     <span class='ocr_line' id='line_1_69' title="bbox 1961 1271 3518 1342; baseline 0.002 -19"><span class='ocrx_word' id='word_1_501' title='bbox 1961 1285 2093 1325; x_wconf 87' lang='lat' dir='ltr'><strong>nora</strong></span> <span class='ocrx_word' id='word_1_502' title='bbox 2146 1271 2445 1335; x_wconf 82' lang='lat' dir='ltr'><strong>edidisset;</strong></span> <span class='ocrx_word' id='word_1_503' title='bbox 2507 1273 2705 1342; x_wconf 81' lang='lat' dir='ltr'><strong>digitus</strong></span> <span class='ocrx_word' id='word_1_504' title='bbox 2749 1273 2892 1328; x_wconf 90' lang='lat' dir='ltr'><strong>enim</strong></span> <span class='ocrx_word' id='word_1_505' title='bbox 2938 1275 3204 1328; x_wconf 81' lang='lat' dir='ltr'><strong>actionem</strong></span> <span class='ocrx_word' id='word_1_506' title='bbox 3235 1283 3291 1326; x_wconf 92' lang='lat' dir='ltr'><strong>et</strong></span> <span class='ocrx_word' id='word_1_507' title='bbox 3322 1287 3518 1339; x_wconf 81' lang='lat' dir='ltr'><strong>Opera-</strong></span> 
     </span>
    </p>
   </div>
   <div class='ocr_carea' id='block_1_70' title="bbox 1963 1361 3237 1432">
    <p class='ocr_par' dir='ltr' id='par_1_70' title="bbox 1963 1361 3237 1432">
     <span class='ocr_line' id='line_1_70' title="bbox 1963 1361 3237 1432; baseline 0.003 -20"><span class='ocrx_word' id='word_1_508' title='bbox 1963 1361 2160 1414; x_wconf 88' lang='lat' dir='ltr'><strong>tionem</strong></span> <span class='ocrx_word' id='word_1_509' title='bbox 2184 1361 2459 1414; x_wconf 89' lang='lat' dir='ltr'><strong>minimam</strong></span> <span class='ocrx_word' id='word_1_510' title='bbox 2495 1362 2781 1432; x_wconf 84' lang='lat' dir='ltr'><strong>signiﬁcat.</strong></span> <span class='ocrx_word' id='word_1_511' title='bbox 3225 1404 3237 1416; x_wconf 95' lang='lat'><strong>.</strong></span> 
     </span>
    </p>
   </div>
   <div class='ocr_carea' id='block_1_71' title="bbox 2029 1447 3516 1509">
    <p class='ocr_par' dir='ltr' id='par_1_71' title="bbox 2029 1447 3516 1509">
     <span class='ocr_line' id='line_1_71' title="bbox 2029 1447 3516 1509; baseline 0.005 -8"><span class='ocrx_word' id='word_1_512' title='bbox 2029 1447 2194 1502; x_wconf 74' lang='lat' dir='ltr'><strong>Vens.</strong></span> <span class='ocrx_word' id='word_1_513' title='bbox 2236 1448 2323 1502; x_wconf 80' lang='grc'><strong>14.</strong></span> <span class='ocrx_word' id='word_1_514' title='bbox 2363 1448 2634 1504; x_wconf 78' lang='lat' dir='ltr'><strong>Justitiam</strong></span> <span class='ocrx_word' id='word_1_515' title='bbox 2661 1468 2776 1506; x_wconf 82' lang='lat' dir='ltr'><strong>vero</strong></span> <span class='ocrx_word' id='word_1_516' title='bbox 2799 1452 3014 1506; x_wconf 83' lang='lat' dir='ltr'><strong>indutus</strong></span> <span class='ocrx_word' id='word_1_517' title='bbox 3037 1469 3172 1506; x_wconf 82' lang='lat' dir='ltr'><strong>sum.</strong></span> <span class='ocrx_word' id='word_1_518' title='bbox 3197 1452 3516 1509; x_wconf 70' lang='lat' dir='ltr'><strong>Pratclaram</strong></span> 
     </span>
    </p>
   </div>
   <div class='ocr_carea' id='block_1_72' title="bbox 1959 1537 3520 1612">
    <p class='ocr_par' dir='ltr' id='par_1_72' title="bbox 1959 1537 3520 1612">
     <span class='ocr_line' id='line_1_72' title="bbox 1959 1537 3520 1612; baseline 0.002 -18"><span class='ocrx_word' id='word_1_519' title='bbox 1959 1539 2197 1594; x_wconf 82' lang='lat' dir='ltr'><strong>tunicam</strong></span> <span class='ocrx_word' id='word_1_520' title='bbox 2255 1537 2422 1593; x_wconf 87' lang='lat' dir='ltr'><strong>Jobus</strong></span> <span class='ocrx_word' id='word_1_521' title='bbox 2466 1541 2567 1594; x_wconf 85' lang='lat' dir='ltr'><strong>sibi</strong></span> <span class='ocrx_word' id='word_1_522' title='bbox 2623 1544 2941 1607; x_wconf 77' lang='lat' dir='ltr'><strong>contexuit,</strong></span> <span class='ocrx_word' id='word_1_523' title='bbox 2995 1551 3056 1596; x_wconf 91' lang='lat' dir='ltr'><strong>ut</strong></span> <span class='ocrx_word' id='word_1_524' title='bbox 3099 1543 3362 1612; x_wconf 83' lang='lat' dir='ltr'><strong>justitiam</strong></span> <span class='ocrx_word' id='word_1_525' title='bbox 3419 1557 3520 1611; x_wconf 84' lang='lat' dir='ltr'><strong>pro</strong></span> 
     </span>
    </p>
   </div>
   <div class='ocr_carea' id='block_1_73' title="bbox 1959 1631 3515 1705">
    <p class='ocr_par' dir='ltr' id='par_1_73' title="bbox 1959 1631 3515 1705">
     <span class='ocr_line' id='line_1_73' title="bbox 1959 1631 3515 1705; baseline 0.001 -19"><span class='ocrx_word' id='word_1_526' title='bbox 1959 1631 2140 1686; x_wconf 91' lang='lat' dir='ltr'><strong>tunica</strong></span> <span class='ocrx_word' id='word_1_527' title='bbox 2173 1631 2440 1686; x_wconf 87' lang='lat' dir='ltr'><strong>indueret.</strong></span> <span class='ocrx_word' id='word_1_528' title='bbox 2486 1632 2617 1687; x_wconf 82' lang='lat' dir='ltr'><strong>Vide</strong></span> <span class='ocrx_word' id='word_1_529' title='bbox 2643 1635 2803 1688; x_wconf 89' lang='lat' dir='ltr'><strong>etiam</strong></span> <span class='ocrx_word' id='word_1_530' title='bbox 2836 1635 2951 1705; x_wconf 88' lang='lat' dir='ltr'><strong>ejus</strong></span> <span class='ocrx_word' id='word_1_531' title='bbox 2999 1635 3235 1704; x_wconf 88' lang='lat' dir='ltr'><strong>pallium.</strong></span> <span class='ocrx_word' id='word_1_532' title='bbox 3279 1634 3515 1701; x_wconf 80' lang='lat' dir='ltr'><strong>Justitia,</strong></span> 
     </span>
    </p>
   </div>
   <div class='ocr_carea' id='block_1_74' title="bbox 1961 1720 2741 1791">
    <p class='ocr_par' dir='ltr' id='par_1_74' title="bbox 1961 1720 2741 1791">
     <span class='ocr_line' id='line_1_74' title="bbox 1961 1720 2741 1791; baseline 0.006 -17"><span class='ocrx_word' id='word_1_533' title='bbox 1961 1721 2140 1776; x_wconf 88' lang='lat' dir='ltr'><strong>tunica</strong></span> <span class='ocrx_word' id='word_1_534' title='bbox 2165 1739 2180 1786; x_wconf 91' lang='lat'><strong>;</strong></span> <span class='ocrx_word' id='word_1_535' title='bbox 2202 1720 2486 1790; x_wconf 88' lang='lat' dir='ltr'><strong>judicium,</strong></span> <span class='ocrx_word' id='word_1_536' title='bbox 2529 1723 2741 1791; x_wconf 91' lang='lat' dir='ltr'><strong>diplois.</strong></span> 
     </span>
    </p>
   </div>
   <div class='ocr_carea' id='block_1_75' title="bbox 2530 1813 2938 1870">
    <p class='ocr_par' dir='ltr' id='par_1_75' title="bbox 2530 1813 2938 1870">
     <span class='ocr_line' id='line_1_75' title="bbox 2530 1813 2938 1870; baseline 0.007 -3"><span class='ocrx_word' id='word_1_537' title='bbox 2530 1814 2684 1869; x_wconf 84' lang='lat' dir='ltr'><strong>CAP.</strong></span> <span class='ocrx_word' id='word_1_538' title='bbox 2726 1813 2938 1870; x_wconf 78' lang='lat' dir='ltr'><strong>XXXII.</strong></span> 
     </span>
    </p>
   </div>
   <div class='ocr_carea' id='block_1_76' title="bbox 2026 1901 3512 1974">
    <p class='ocr_par' dir='ltr' id='par_1_76' title="bbox 2026 1901 3512 1974">
     <span class='ocr_line' id='line_1_76' title="bbox 2026 1901 3512 1974; baseline 0.003 -20"><span class='ocrx_word' id='word_1_539' title='bbox 2026 1901 2191 1958; x_wconf 73' lang='lat' dir='ltr'><strong>Vens.</strong></span> <span class='ocrx_word' id='word_1_540' title='bbox 2228 1901 2282 1958; x_wconf 85' lang='lat'><strong>6.</strong></span> <span class='ocrx_word' id='word_1_541' title='bbox 2325 1903 2532 1958; x_wconf 83' lang='lat' dir='ltr'><strong>Timens</strong></span> <span class='ocrx_word' id='word_1_542' title='bbox 2566 1907 2619 1957; x_wconf 87' lang='lat' dir='ltr'><strong>in</strong></span> <span class='ocrx_word' id='word_1_543' title='bbox 2652 1905 2791 1958; x_wconf 81' lang='lat' dir='ltr'><strong>vobis</strong></span> <span class='ocrx_word' id='word_1_544' title='bbox 2813 1917 3132 1960; x_wconf 80' lang='lat' dir='ltr'><strong>atmunttare</strong></span> <span class='ocrx_word' id='word_1_545' title='bbox 3159 1922 3326 1959; x_wconf 84' lang='lat' dir='ltr'><strong>meam</strong></span> <span class='ocrx_word' id='word_1_546' title='bbox 3351 1907 3512 1974; x_wconf 82' lang='lat' dir='ltr'><strong>ipsius</strong></span> 
     </span>
    </p>
   </div>
   <div class='ocr_carea' id='block_1_77' title="bbox 1953 1994 3512 2064">
    <p class='ocr_par' dir='ltr' id='par_1_77' title="bbox 1953 1994 3512 2064">
     <span class='ocr_line' id='line_1_77' title="bbox 1953 1994 3512 2064; baseline 0 -16"><span class='ocrx_word' id='word_1_547' title='bbox 1953 1996 2253 2048; x_wconf 64' lang='lat' dir='ltr'><strong>scientiam:</strong></span> <span class='ocrx_word' id='word_1_548' title='bbox 2290 1994 2584 2050; x_wconf 80' lang='lat' dir='ltr'><strong>Proﬁtetur</strong></span> <span class='ocrx_word' id='word_1_549' title='bbox 2645 1995 2860 2064; x_wconf 89' lang='lat' dir='ltr'><strong>quidem</strong></span> <span class='ocrx_word' id='word_1_550' title='bbox 2923 2013 2943 2047; x_wconf 86' lang='grc'>‹</span> <span class='ocrx_word' id='word_1_551' title='bbox 2975 1996 3277 2059; x_wconf 83' lang='lat' dir='ltr'><strong>scientiam,</strong></span> <span class='ocrx_word' id='word_1_552' title='bbox 3309 2017 3329 2048; x_wconf 72' lang='grc' dir='ltr'><strong>ι</strong></span> <span class='ocrx_word' id='word_1_553' title='bbox 3391 1997 3512 2062; x_wconf 88' lang='lat' dir='ltr'><strong>vel,</strong></span> 
     </span>
    </p>
   </div>
   <div class='ocr_carea' id='block_1_78' title="bbox 1947 2085 3513 2156">
    <p class='ocr_par' dir='ltr' id='par_1_78' title="bbox 1947 2085 3513 2156">
     <span class='ocr_line' id='line_1_78' title="bbox 1947 2085 3513 2156; baseline 0.002 -19"><span class='ocrx_word' id='word_1_554' title='bbox 1947 2085 2099 2154; x_wconf 82' lang='lat' dir='ltr'><strong>juxta</strong></span> <span class='ocrx_word' id='word_1_555' title='bbox 2123 2086 2280 2151; x_wconf 88' lang='lat' dir='ltr'><strong>alios,</strong></span> <span class='ocrx_word' id='word_1_556' title='bbox 2313 2105 2332 2137; x_wconf 73' lang='grc' dir='ltr'><strong>ι</strong></span> <span class='ocrx_word' id='word_1_557' title='bbox 2356 2087 2600 2140; x_wconf 85' lang='lat' dir='ltr'><strong>nmitiam</strong></span> <span class='ocrx_word' id='word_1_558' title='bbox 2626 2105 2644 2138; x_wconf 76' lang='grc' dir='ltr'><strong>ι</strong></span> <span class='ocrx_word' id='word_1_559' title='bbox 2677 2101 2736 2141; x_wconf 87' lang='lat' dir='ltr'><strong>se</strong></span> <span class='ocrx_word' id='word_1_560' title='bbox 2773 2088 3010 2152; x_wconf 86' lang='lat' dir='ltr'><strong>habere,</strong></span> <span class='ocrx_word' id='word_1_561' title='bbox 3041 2089 3308 2156; x_wconf 90' lang='lat' dir='ltr'><strong>quomodo</strong></span> <span class='ocrx_word' id='word_1_562' title='bbox 3340 2089 3513 2141; x_wconf 83' lang='lat' dir='ltr'><strong>homi-</strong></span> 
     </span>
    </p>
   </div>
   <div class='ocr_carea' id='block_1_79' title="bbox 1954 2179 3508 2248">
    <p class='ocr_par' dir='ltr' id='par_1_79' title="bbox 1954 2179 3508 2248">
     <span class='ocr_line' id='line_1_79' title="bbox 1954 2179 3508 2248; baseline 0.001 -18"><span class='ocrx_word' id='word_1_563' title='bbox 1954 2193 2050 2232; x_wconf 90' lang='lat' dir='ltr'><strong>nes</strong></span> <span class='ocrx_word' id='word_1_564' title='bbox 2083 2179 2134 2231; x_wconf 90' lang='lat' dir='ltr'><strong>in</strong></span> <span class='ocrx_word' id='word_1_565' title='bbox 2159 2179 2265 2231; x_wconf 88' lang='lat' dir='ltr'><strong>vita</strong></span> <span class='ocrx_word' id='word_1_566' title='bbox 2296 2179 2595 2248; x_wconf 85' lang='lat' dir='ltr'><strong>patiantur,</strong></span> <span class='ocrx_word' id='word_1_567' title='bbox 2623 2188 2676 2232; x_wconf 93' lang='lat' dir='ltr'><strong>et</strong></span> <span class='ocrx_word' id='word_1_568' title='bbox 2699 2194 2804 2248; x_wconf 88' lang='lat' dir='ltr'><strong>qua</strong></span> <span class='ocrx_word' id='word_1_569' title='bbox 2837 2180 3044 2234; x_wconf 90' lang='lat' dir='ltr'><strong>ratione</strong></span> <span class='ocrx_word' id='word_1_570' title='bbox 3063 2179 3300 2233; x_wconf 89' lang='lat' dir='ltr'><strong>nonnulli</strong></span> <span class='ocrx_word' id='word_1_571' title='bbox 3327 2179 3508 2248; x_wconf 88' lang='lat' dir='ltr'><strong>injusti</strong></span> 
     </span>
    </p>
   </div>
   <div class='ocr_carea' id='block_1_80' title="bbox 1954 2271 3512 2341">
    <p class='ocr_par' dir='ltr' id='par_1_80' title="bbox 1954 2271 3512 2341">
     <span class='ocr_line' id='line_1_80' title="bbox 1954 2271 3512 2341; baseline 0.002 -18"><span class='ocrx_word' id='word_1_572' title='bbox 1954 2286 2206 2340; x_wconf 90' lang='lat' dir='ltr'><strong>prospera</strong></span> <span class='ocrx_word' id='word_1_573' title='bbox 2241 2273 2454 2324; x_wconf 81' lang='lat' dir='ltr'><strong>fortuna</strong></span> <span class='ocrx_word' id='word_1_574' title='bbox 2479 2280 2716 2324; x_wconf 88' lang='lat' dir='ltr'><strong>utantur.</strong></span> <span class='ocrx_word' id='word_1_575' title='bbox 2759 2271 2877 2324; x_wconf 83' lang='lat' dir='ltr'><strong>Vidi</strong></span> <span class='ocrx_word' id='word_1_576' title='bbox 2907 2271 3135 2339; x_wconf 89' lang='lat' dir='ltr'><strong>injustos</strong></span> <span class='ocrx_word' id='word_1_577' title='bbox 3155 2282 3211 2326; x_wconf 91' lang='lat' dir='ltr'><strong>et</strong></span> <span class='ocrx_word' id='word_1_578' title='bbox 3239 2271 3512 2341; x_wconf 88' lang='lat' dir='ltr'><strong>improbos</strong></span> 
     </span>
    </p>
   </div>
   <div class='ocr_carea' id='block_1_81' title="bbox 1951 2363 3509 2433">
    <p class='ocr_par' dir='ltr' id='par_1_81' title="bbox 1951 2363 3509 2433">
     <span class='ocr_line' id='line_1_81' title="bbox 1951 2363 3509 2433; baseline 0 -15"><span class='ocrx_word' id='word_1_579' title='bbox 1951 2363 2209 2418; x_wconf 79' lang='lat' dir='ltr'><strong>felicitate</strong></span> <span class='ocrx_word' id='word_1_580' title='bbox 2241 2363 2502 2427; x_wconf 80' lang='lat' dir='ltr'><strong>fruentes,</strong></span> <span class='ocrx_word' id='word_1_581' title='bbox 2533 2373 2586 2418; x_wconf 89' lang='lat' dir='ltr'><strong>et</strong></span> <span class='ocrx_word' id='word_1_582' title='bbox 2608 2363 2769 2433; x_wconf 88' lang='lat' dir='ltr'><strong>pedes</strong></span> <span class='ocrx_word' id='word_1_583' title='bbox 2790 2365 2894 2418; x_wconf 91' lang='lat' dir='ltr'><strong>mei</strong></span> <span class='ocrx_word' id='word_1_584' title='bbox 2926 2379 3060 2432; x_wconf 88' lang='lat' dir='ltr'><strong>pene</strong></span> <span class='ocrx_word' id='word_1_585' title='bbox 3081 2365 3334 2418; x_wconf 91' lang='lat' dir='ltr'><strong>commoti</strong></span> <span class='ocrx_word' id='word_1_586' title='bbox 3361 2375 3509 2427; x_wconf 79' lang='lat' dir='ltr'><strong>sunt.</strong></span> 
     </span>
    </p>
   </div>
   <div class='ocr_carea' id='block_1_82' title="bbox 1951 2457 3506 2524">
    <p class='ocr_par' dir='ltr' id='par_1_82' title="bbox 1951 2457 3506 2524">
     <span class='ocr_line' id='line_1_82' title="bbox 1951 2457 3506 2524; baseline -0.001 -13"><span class='ocrx_word' id='word_1_587' title='bbox 1951 2459 1995 2511; x_wconf 90' lang='lat' dir='ltr'><strong>si</strong></span> <span class='ocrx_word' id='word_1_588' title='bbox 2057 2459 2218 2510; x_wconf 91' lang='lat' dir='ltr'><strong>vitam</strong></span> <span class='ocrx_word' id='word_1_589' title='bbox 2263 2457 2400 2510; x_wconf 88' lang='lat' dir='ltr'><strong>hanc</strong></span> <span class='ocrx_word' id='word_1_590' title='bbox 2433 2465 2748 2524; x_wconf 74' lang='lat' dir='ltr'><strong>prteseutem</strong></span> <span class='ocrx_word' id='word_1_591' title='bbox 2781 2465 2988 2509; x_wconf 89' lang='lat' dir='ltr'><strong>tantum</strong></span> <span class='ocrx_word' id='word_1_592' title='bbox 3041 2457 3412 2524; x_wconf 72' lang='lat' dir='ltr'><strong>contemplor;</strong></span> <span class='ocrx_word' id='word_1_593' title='bbox 3461 2459 3506 2511; x_wconf 88' lang='lat' dir='ltr'><strong>si</strong></span> 
     </span>
    </p>
   </div>
   <div class='ocr_carea' id='block_1_83' title="bbox 1949 2549 3508 2618">
    <p class='ocr_par' dir='ltr' id='par_1_83' title="bbox 1949 2549 3508 2618">
     <span class='ocr_line' id='line_1_83' title="bbox 1949 2549 3508 2618; baseline 0.001 -18"><span class='ocrx_word' id='word_1_594' title='bbox 1949 2563 2080 2602; x_wconf 89' lang='lat' dir='ltr'><strong>vero</strong></span> <span class='ocrx_word' id='word_1_595' title='bbox 2107 2551 2247 2616; x_wconf 89' lang='lat' dir='ltr'><strong>quod</strong></span> <span class='ocrx_word' id='word_1_596' title='bbox 2282 2549 2520 2602; x_wconf 74' lang='lat' dir='ltr'><strong>futurum</strong></span> <span class='ocrx_word' id='word_1_597' title='bbox 2557 2559 2633 2602; x_wconf 85' lang='lat' dir='ltr'><strong>est</strong></span> <span class='ocrx_word' id='word_1_598' title='bbox 2663 2559 2841 2602; x_wconf 90' lang='lat' dir='ltr'><strong>mente</strong></span> <span class='ocrx_word' id='word_1_599' title='bbox 2868 2549 3196 2618; x_wconf 80' lang='lat' dir='ltr'><strong>cogitavero,</strong></span> <span class='ocrx_word' id='word_1_600' title='bbox 3222 2549 3384 2618; x_wconf 82' lang='lat' dir='ltr'><strong>pedes</strong></span> <span class='ocrx_word' id='word_1_601' title='bbox 3404 2550 3508 2602; x_wconf 88' lang='lat' dir='ltr'><strong>mei</strong></span> 
     </span>
    </p>
   </div>
   <div class='ocr_carea' id='block_1_84' title="bbox 1951 2640 2243 2694">
    <p class='ocr_par' dir='ltr' id='par_1_84' title="bbox 1951 2640 2243 2694">
     <span class='ocr_line' id='line_1_84' title="bbox 1951 2640 2243 2694; baseline -0.007 0"><span class='ocrx_word' id='word_1_602' title='bbox 1951 2640 2040 2694; x_wconf 78' lang='lat' dir='ltr'><strong>(ixi</strong></span> <span class='ocrx_word' id='word_1_603' title='bbox 2077 2650 2243 2694; x_wconf 88' lang='lat' dir='ltr'><strong>stant.</strong></span> 
     </span>
    </p>
   </div>
   <div class='ocr_carea' id='block_1_85' title="bbox 2019 2730 3508 2798">
    <p class='ocr_par' dir='ltr' id='par_1_85' title="bbox 2019 2730 3508 2798">
     <span class='ocr_line' id='line_1_85' title="bbox 2019 2730 3508 2798; baseline -0.002 -12"><span class='ocrx_word' id='word_1_604' title='bbox 2019 2730 2182 2790; x_wconf 73' lang='lat' dir='ltr'><strong>Vsus.</strong></span> <span class='ocrx_word' id='word_1_605' title='bbox 2222 2733 2305 2786; x_wconf 79' lang='lat' dir='ltr'><strong>iO.</strong></span> <span class='ocrx_word' id='word_1_606' title='bbox 2351 2731 2526 2797; x_wconf 84' lang='lat' dir='ltr'><strong>Quare</strong></span> <span class='ocrx_word' id='word_1_607' title='bbox 2557 2732 2701 2785; x_wconf 74' lang='lat' dir='ltr'><strong>dixi:</strong></span> <span class='ocrx_word' id='word_1_608' title='bbox 2739 2731 2927 2784; x_wconf 75' lang='lat' dir='ltr'><strong>Audite</strong></span> <span class='ocrx_word' id='word_1_609' title='bbox 2954 2747 3052 2784; x_wconf 89' lang='lat' dir='ltr'><strong>me.</strong></span> <span class='ocrx_word' id='word_1_610' title='bbox 3086 2731 3202 2784; x_wconf 90' lang='lat' dir='ltr'><strong>Alia</strong></span> <span class='ocrx_word' id='word_1_611' title='bbox 3231 2731 3508 2798; x_wconf 88' lang='lat' dir='ltr'><strong>exempla-</strong></span> 
     </span>
    </p>
   </div>
   <div class='ocr_carea' id='block_1_86' title="bbox 1949 2821 3502 2893">
    <p class='ocr_par' dir='ltr' id='par_1_86' title="bbox 1949 2821 3502 2893">
     <span class='ocr_line' id='line_1_86' title="bbox 1949 2821 3502 2893; baseline -0.005 -15"><span class='ocrx_word' id='word_1_612' title='bbox 1949 2824 2049 2889; x_wconf 85' lang='lat' dir='ltr'><strong>ria,</strong></span> <span class='ocrx_word' id='word_1_613' title='bbox 2086 2833 2204 2892; x_wconf 90' lang='lat' dir='ltr'><strong>post</strong></span> <span class='ocrx_word' id='word_1_614' title='bbox 2251 2823 2404 2888; x_wconf 88' lang='lat' dir='ltr'><strong>illud,</strong></span> <span class='ocrx_word' id='word_1_615' title='bbox 2459 2821 2683 2876; x_wconf 66' lang='lat' dir='ltr'><strong>(Dicam</strong></span> <span class='ocrx_word' id='word_1_616' title='bbox 2731 2822 2883 2875; x_wconf 89' lang='lat' dir='ltr'><strong>vobis</strong></span> <span class='ocrx_word' id='word_1_617' title='bbox 2927 2821 3290 2893; x_wconf 83' lang='lat' dir='ltr'><strong>audientibus,</strong></span> <span class='ocrx_word' id='word_1_618' title='bbox 3322 2839 3340 2872; x_wconf 78' lang='grc' dir='ltr'><strong>ι</strong></span> <span class='ocrx_word' id='word_1_619' title='bbox 3401 2821 3502 2873; x_wconf 73' lang='lat' dir='ltr'><strong>bos</strong></span> 
     </span>
    </p>
   </div>
   <div class='ocr_carea' id='block_1_87' title="bbox 1949 2913 3506 2973">
    <p class='ocr_par' dir='ltr' id='par_1_87' title="bbox 1949 2913 3506 2973">
     <span class='ocr_line' id='line_1_87' title="bbox 1949 2913 3506 2973; baseline -0.003 -7"><span class='ocrx_word' id='word_1_620' title='bbox 1949 2929 2136 2968; x_wconf 81' lang='lat' dir='ltr'><strong>versus</strong></span> <span class='ocrx_word' id='word_1_621' title='bbox 2180 2915 2378 2968; x_wconf 83' lang='lat' dir='ltr'><strong>habent</strong></span> <span class='ocrx_word' id='word_1_622' title='bbox 2412 2933 2423 2968; x_wconf 91' lang='lat'>:</span> <span class='ocrx_word' id='word_1_623' title='bbox 2459 2931 2478 2966; x_wconf 84' lang='lat' dir='ltr'><strong>t</strong></span> <span class='ocrx_word' id='word_1_624' title='bbox 2503 2913 2642 2968; x_wconf 82' lang='lat' dir='ltr'><strong>Ecce</strong></span> <span class='ocrx_word' id='word_1_625' title='bbox 2680 2913 2863 2968; x_wconf 86' lang='lat' dir='ltr'><strong>audivi</strong></span> <span class='ocrx_word' id='word_1_626' title='bbox 2921 2927 3201 2967; x_wconf 87' lang='lat' dir='ltr'><strong>sermones</strong></span> <span class='ocrx_word' id='word_1_627' title='bbox 3250 2921 3461 2967; x_wconf 70' lang='lat' dir='ltr'><strong>vestros</strong></span> <span class='ocrx_word' id='word_1_628' title='bbox 3487 2950 3506 2973; x_wconf 91' lang='lat'><strong>,</strong></span> 
     </span>
    </p>
   </div>
   <div class='ocr_carea' id='block_1_88' title="bbox 1947 3002 3504 3073">
    <p class='ocr_par' dir='ltr' id='par_1_88' title="bbox 1947 3002 3504 3073">
     <span class='ocr_line' id='line_1_88' title="bbox 1947 3002 3504 3073; baseline -0.001 -15"><span class='ocrx_word' id='word_1_629' title='bbox 1947 3005 2245 3060; x_wconf 85' lang='lat' dir='ltr'><strong>auscultavi</strong></span> <span class='ocrx_word' id='word_1_630' title='bbox 2295 3018 2462 3073; x_wconf 90' lang='lat' dir='ltr'><strong>usque</strong></span> <span class='ocrx_word' id='word_1_631' title='bbox 2500 3005 2565 3058; x_wconf 87' lang='lat' dir='ltr'><strong>ad</strong></span> <span class='ocrx_word' id='word_1_632' title='bbox 2595 3003 3004 3072; x_wconf 80' lang='lat' dir='ltr'><strong>intelligentiam</strong></span> <span class='ocrx_word' id='word_1_633' title='bbox 3041 3013 3296 3059; x_wconf 88' lang='lat' dir='ltr'><strong>vestram.</strong></span> <span class='ocrx_word' id='word_1_634' title='bbox 3323 3023 3342 3054; x_wconf 74' lang='grc' dir='ltr'><strong>ι</strong></span> <span class='ocrx_word' id='word_1_635' title='bbox 3386 3002 3504 3059; x_wconf 69' lang='lat' dir='ltr'><strong>Cte-</strong></span> 
     </span>
    </p>
   </div>
   <div class='ocr_carea' id='block_1_89' title="bbox 1951 3095 3505 3164">
    <p class='ocr_par' dir='ltr' id='par_1_89' title="bbox 1951 3095 3505 3164">
     <span class='ocr_line' id='line_1_89' title="bbox 1951 3095 3505 3164; baseline 0 -16"><span class='ocrx_word' id='word_1_636' title='bbox 1951 3097 2049 3149; x_wconf 88' lang='lat' dir='ltr'><strong>teri</strong></span> <span class='ocrx_word' id='word_1_637' title='bbox 2080 3110 2206 3150; x_wconf 91' lang='lat' dir='ltr'><strong>vero</strong></span> <span class='ocrx_word' id='word_1_638' title='bbox 2231 3095 2555 3164; x_wconf 85' lang='lat' dir='ltr'><strong>interpretes</strong></span> <span class='ocrx_word' id='word_1_639' title='bbox 2584 3096 2662 3150; x_wconf 89' lang='lat' dir='ltr'><strong>sic</strong></span> <span class='ocrx_word' id='word_1_640' title='bbox 2693 3095 3072 3150; x_wconf 88' lang='lat' dir='ltr'><strong>reddiderunt:</strong></span> <span class='ocrx_word' id='word_1_641' title='bbox 3112 3114 3130 3146; x_wconf 80' lang='grc' dir='ltr'><strong>ι</strong></span> <span class='ocrx_word' id='word_1_642' title='bbox 3156 3095 3298 3149; x_wconf 85' lang='lat' dir='ltr'><strong>Ecce</strong></span> <span class='ocrx_word' id='word_1_643' title='bbox 3319 3095 3505 3162; x_wconf 82' lang='lat' dir='ltr'><strong>excepi</strong></span> 
     </span>
    </p>
   </div>
   <div class='ocr_carea' id='block_1_90' title="bbox 1875 3183 3506 3252">
    <p class='ocr_par' dir='ltr' id='par_1_90' title="bbox 1875 3183 3506 3252">
     <span class='ocr_line' id='line_1_90' title="bbox 1875 3183 3506 3252; baseline 0 -12"><span class='ocrx_word' id='word_1_644' title='bbox 1875 3183 1915 3240; x_wconf 91' lang='lat' dir='ltr'>C</span> <span class='ocrx_word' id='word_1_645' title='bbox 1947 3200 2227 3240; x_wconf 90' lang='lat' dir='ltr'><strong>sermones</strong></span> <span class='ocrx_word' id='word_1_646' title='bbox 2247 3195 2482 3249; x_wconf 86' lang='lat' dir='ltr'><strong>vestros,</strong></span> <span class='ocrx_word' id='word_1_647' title='bbox 2511 3186 2807 3240; x_wconf 86' lang='lat' dir='ltr'><strong>auscultavi</strong></span> <span class='ocrx_word' id='word_1_648' title='bbox 2838 3185 3010 3241; x_wconf 89' lang='lat' dir='ltr'><strong>donec</strong></span> <span class='ocrx_word' id='word_1_649' title='bbox 3030 3187 3313 3252; x_wconf 84' lang='lat' dir='ltr'><strong>saperetis,</strong></span> <span class='ocrx_word' id='word_1_650' title='bbox 3335 3185 3506 3240; x_wconf 85' lang='lat' dir='ltr'><strong>donec</strong></span> 
     </span>
    </p>
   </div>
   <div class='ocr_carea' id='block_1_91' title="bbox 1946 3279 3510 3349">
    <p class='ocr_par' dir='ltr' id='par_1_91' title="bbox 1946 3279 3510 3349">
     <span class='ocr_line' id='line_1_91' title="bbox 1946 3279 3510 3349; baseline 0.001 -19"><span class='ocrx_word' id='word_1_651' title='bbox 1946 3279 2306 3347; x_wconf 79' lang='lat' dir='ltr'><strong>exquireretis</strong></span> <span class='ocrx_word' id='word_1_652' title='bbox 2324 3279 2486 3349; x_wconf 74' lang='lat'><strong>506</strong></span> <span class='ocrx_word' id='word_1_653' title='bbox 2505 3293 2807 3340; x_wconf 87' lang='lat' dir='ltr'><strong>sermones,</strong></span> <span class='ocrx_word' id='word_1_654' title='bbox 2826 3288 2881 3332; x_wconf 89' lang='lat' dir='ltr'><strong>et</strong></span> <span class='ocrx_word' id='word_1_655' title='bbox 2904 3279 3248 3348; x_wconf 82' lang='lat' dir='ltr'><strong>quoadusque</strong></span> <span class='ocrx_word' id='word_1_656' title='bbox 3269 3293 3363 3332; x_wconf 88' lang='lat' dir='ltr'><strong>vos</strong></span> <span class='ocrx_word' id='word_1_657' title='bbox 3382 3293 3510 3346; x_wconf 89' lang='lat' dir='ltr'><strong>per-</strong></span> 
     </span>
    </p>
   </div>
   <div class='ocr_carea' id='block_1_92' title="bbox 1945 3369 3504 3438">
    <p class='ocr_par' dir='ltr' id='par_1_92' title="bbox 1945 3369 3504 3438">
     <span class='ocr_line' id='line_1_92' title="bbox 1945 3369 3504 3438; baseline 0.001 -16"><span class='ocrx_word' id='word_1_658' title='bbox 1945 3371 2223 3433; x_wconf 89' lang='lat' dir='ltr'><strong>veniretis,</strong></span> <span class='ocrx_word' id='word_1_659' title='bbox 2255 3371 2720 3424; x_wconf 67' lang='lat' dir='ltr'><strong>considerabam.»</strong></span> <span class='ocrx_word' id='word_1_660' title='bbox 2753 3369 2911 3424; x_wconf 79' lang='lat' dir='ltr'><strong>Juxta</strong></span> <span class='ocrx_word' id='word_1_661' title='bbox 2939 3371 3077 3424; x_wconf 85' lang='lat' dir='ltr'><strong>hanc</strong></span> <span class='ocrx_word' id='word_1_662' title='bbox 3109 3371 3271 3438; x_wconf 83' lang='lat' dir='ltr'><strong>igitur</strong></span> <span class='ocrx_word' id='word_1_663' title='bbox 3295 3369 3504 3424; x_wconf 83' lang='lat' dir='ltr'><strong>versio-</strong></span> 
     </span>
    </p>
   </div>
   <div class='ocr_carea' id='block_1_93' title="bbox 1946 3461 3506 3532">
    <p class='ocr_par' dir='ltr' id='par_1_93' title="bbox 1946 3461 3506 3532">
     <span class='ocr_line' id='line_1_93' title="bbox 1946 3461 3506 3532; baseline -0.002 -16"><span class='ocrx_word' id='word_1_664' title='bbox 1946 3479 2068 3516; x_wconf 88' lang='lat' dir='ltr'><strong>nem</strong></span> <span class='ocrx_word' id='word_1_665' title='bbox 2119 3474 2175 3516; x_wconf 83' lang='lat' dir='ltr'><strong>et</strong></span> <span class='ocrx_word' id='word_1_666' title='bbox 2228 3463 2434 3532; x_wconf 90' lang='lat' dir='ltr'><strong>reliqua</strong></span> <span class='ocrx_word' id='word_1_667' title='bbox 2486 3463 2852 3530; x_wconf 80' lang='lat' dir='ltr'><strong>exemplaria,</strong></span> <span class='ocrx_word' id='word_1_668' title='bbox 2888 3461 3346 3524; x_wconf 79' lang='lat' dir='ltr'><strong>Quemadmodum</strong></span> <span class='ocrx_word' id='word_1_669' title='bbox 3385 3475 3506 3530; x_wconf 80' lang='lat' dir='ltr'><strong>ego,</strong></span> 
     </span>
    </p>
   </div>
   <div class='ocr_carea' id='block_1_94' title="bbox 1947 3552 3507 3625">
    <p class='ocr_par' dir='ltr' id='par_1_94' title="bbox 1947 3552 3507 3625">
     <span class='ocr_line' id='line_1_94' title="bbox 1947 3552 3507 3625; baseline -0.001 -16"><span class='ocrx_word' id='word_1_670' title='bbox 1947 3557 2138 3625; x_wconf 89' lang='lat' dir='ltr'><strong>inquit,</strong></span> <span class='ocrx_word' id='word_1_671' title='bbox 2164 3556 2342 3609; x_wconf 90' lang='lat' dir='ltr'><strong>omnia</strong></span> <span class='ocrx_word' id='word_1_672' title='bbox 2375 3570 2495 3623; x_wconf 66' lang='lat' dir='ltr'><strong>qua:</strong></span> <span class='ocrx_word' id='word_1_673' title='bbox 2514 3554 2729 3622; x_wconf 79' lang='lat' dir='ltr'><strong>dixiStis</strong></span> <span class='ocrx_word' id='word_1_674' title='bbox 2754 3554 2952 3613; x_wconf 88' lang='lat' dir='ltr'><strong>audivi,</strong></span> <span class='ocrx_word' id='word_1_675' title='bbox 2977 3562 3030 3604; x_wconf 91' lang='lat' dir='ltr'><strong>et</strong></span> <span class='ocrx_word' id='word_1_676' title='bbox 3057 3555 3122 3605; x_wconf 87' lang='lat' dir='ltr'><strong>ad</strong></span> <span class='ocrx_word' id='word_1_677' title='bbox 3153 3552 3312 3606; x_wconf 83' lang='lat' dir='ltr'><strong>ﬁnem</strong></span> <span class='ocrx_word' id='word_1_678' title='bbox 3341 3569 3507 3621; x_wconf 79' lang='lat' dir='ltr'><strong>usque</strong></span> 
     </span>
    </p>
   </div>
   <div class='ocr_carea' id='block_1_95' title="bbox 1945 3648 3505 3713">
    <p class='ocr_par' dir='ltr' id='par_1_95' title="bbox 1945 3648 3505 3713">
     <span class='ocr_line' id='line_1_95' title="bbox 1945 3648 3505 3713; baseline -0.003 -13"><span class='ocrx_word' id='word_1_679' title='bbox 1945 3658 2246 3702; x_wconf 80' lang='lat' dir='ltr'><strong>vestrorum</strong></span> <span class='ocrx_word' id='word_1_680' title='bbox 2295 3661 2629 3709; x_wconf 87' lang='lat' dir='ltr'><strong>sermonum,</strong></span> <span class='ocrx_word' id='word_1_681' title='bbox 2678 3661 2741 3698; x_wconf 87' lang='lat' dir='ltr'><strong>ac</strong></span> <span class='ocrx_word' id='word_1_682' title='bbox 2795 3648 2973 3713; x_wconf 85' lang='lat' dir='ltr'><strong>quoad</strong></span> <span class='ocrx_word' id='word_1_683' title='bbox 3014 3659 3226 3698; x_wconf 91' lang='lat' dir='ltr'><strong>omnem</strong></span> <span class='ocrx_word' id='word_1_684' title='bbox 3271 3654 3505 3699; x_wconf 86' lang='lat' dir='ltr'><strong>vestram</strong></span> 
     </span>
    </p>
   </div>
   <div class='ocr_carea' id='block_1_96' title="bbox 1946 3737 3504 3810">
    <p class='ocr_par' dir='ltr' id='par_1_96' title="bbox 1946 3737 3504 3810">
     <span class='ocr_line' id='line_1_96' title="bbox 1946 3737 3504 3810; baseline -0.004 -15"><span class='ocrx_word' id='word_1_685' title='bbox 1946 3741 2260 3810; x_wconf 84' lang='lat' dir='ltr'><strong>sapientiam</strong></span> <span class='ocrx_word' id='word_1_686' title='bbox 2324 3739 2727 3802; x_wconf 69' lang='lat' dir='ltr'><strong>exhaurit-etis,</strong></span> <span class='ocrx_word' id='word_1_687' title='bbox 2785 3738 2944 3790; x_wconf 85' lang='lat' dir='ltr'><strong>tacite</strong></span> <span class='ocrx_word' id='word_1_688' title='bbox 2993 3737 3341 3804; x_wconf 79' lang='lat' dir='ltr'><strong>exspectavi;</strong></span> <span class='ocrx_word' id='word_1_689' title='bbox 3409 3752 3504 3788; x_wconf 93' lang='lat' dir='ltr'><strong>vos</strong></span> 
     </span>
    </p>
   </div>
   <div class='ocr_carea' id='block_1_97' title="bbox 1943 3829 3501 3896">
    <p class='ocr_par' dir='ltr' id='par_1_97' title="bbox 1943 3829 3501 3896">
     <span class='ocr_line' id='line_1_97' title="bbox 1943 3829 3501 3896; baseline -0.004 -10"><span class='ocrx_word' id='word_1_690' title='bbox 1943 3834 2104 3886; x_wconf 83' lang='lat' dir='ltr'><strong>etiam</strong></span> <span class='ocrx_word' id='word_1_691' title='bbox 2143 3831 2394 3886; x_wconf 89' lang='lat' dir='ltr'><strong>similiter</strong></span> <span class='ocrx_word' id='word_1_692' title='bbox 2433 3829 2568 3884; x_wconf 89' lang='lat' dir='ltr'><strong>meis</strong></span> <span class='ocrx_word' id='word_1_693' title='bbox 2618 3831 2968 3884; x_wconf 80' lang='lat' dir='ltr'><strong>sermonibus</strong></span> <span class='ocrx_word' id='word_1_694' title='bbox 3016 3844 3198 3882; x_wconf 88' lang='lat' dir='ltr'><strong>aurem</strong></span> <span class='ocrx_word' id='word_1_695' title='bbox 3245 3829 3501 3896; x_wconf 63' lang='lat' dir='ltr'><strong>praebete.</strong></span> 
     </span>
    </p>
   </div>
   <div class='ocr_carea' id='block_1_98' title="bbox 1943 3920 3506 3988">
    <p class='ocr_par' dir='ltr' id='par_1_98' title="bbox 1943 3920 3506 3988">
     <span class='ocr_line' id='line_1_98' title="bbox 1943 3920 3506 3988; baseline -0.004 -9"><span class='ocrx_word' id='word_1_696' title='bbox 1943 3923 2104 3978; x_wconf 81' lang='lat' dir='ltr'><strong>Juxta</strong></span> <span class='ocrx_word' id='word_1_697' title='bbox 2137 3935 2316 3976; x_wconf 90' lang='lat' dir='ltr'><strong>autem</strong></span> <span class='ocrx_word' id='word_1_698' title='bbox 2347 3920 2680 3986; x_wconf 83' lang='lat' dir='ltr'><strong>exemplaria</strong></span> <span class='ocrx_word' id='word_1_699' title='bbox 2713 3921 2910 3988; x_wconf 87' lang='lat' dir='ltr'><strong>quibus</strong></span> <span class='ocrx_word' id='word_1_700' title='bbox 2944 3935 3041 3974; x_wconf 84' lang='lat' dir='ltr'><strong>nos</strong></span> <span class='ocrx_word' id='word_1_701' title='bbox 3067 3921 3288 3984; x_wconf 89' lang='lat' dir='ltr'><strong>utimur,</strong></span> <span class='ocrx_word' id='word_1_702' title='bbox 3311 3935 3506 3978; x_wconf 74' lang='lat' dir='ltr'><strong>sensus</strong></span> 
     </span>
    </p>
   </div>
   <div class='ocr_carea' id='block_1_99' title="bbox 1944 4011 3508 4083">
    <p class='ocr_par' dir='ltr' id='par_1_99' title="bbox 1944 4011 3508 4083">
     <span class='ocr_line' id='line_1_99' title="bbox 1944 4011 3508 4083; baseline -0.004 -13"><span class='ocrx_word' id='word_1_703' title='bbox 1944 4017 2031 4070; x_wconf 84' lang='lat' dir='ltr'><strong>hic</strong></span> <span class='ocrx_word' id='word_1_704' title='bbox 2072 4025 2192 4070; x_wconf 82' lang='lat' dir='ltr'><strong>est:</strong></span> <span class='ocrx_word' id='word_1_705' title='bbox 2219 4014 2534 4069; x_wconf 89' lang='lat' dir='ltr'><strong>Auscultate</strong></span> <span class='ocrx_word' id='word_1_706' title='bbox 2568 4013 2698 4067; x_wconf 88' lang='lat' dir='ltr'><strong>mibi</strong></span> <span class='ocrx_word' id='word_1_707' title='bbox 2721 4054 2734 4076; x_wconf 93' lang='lat'><strong>,</strong></span> <span class='ocrx_word' id='word_1_708' title='bbox 2778 4013 2970 4083; x_wconf 87' lang='lat' dir='ltr'><strong>inquit,</strong></span> <span class='ocrx_word' id='word_1_709' title='bbox 2999 4011 3135 4067; x_wconf 87' lang='lat' dir='ltr'><strong>nihil</strong></span> <span class='ocrx_word' id='word_1_710' title='bbox 3167 4013 3312 4067; x_wconf 86' lang='lat' dir='ltr'><strong>enim</strong></span> <span class='ocrx_word' id='word_1_711' title='bbox 3345 4012 3508 4066; x_wconf 86' lang='lat' dir='ltr'><strong>tumi-</strong></span> 
     </span>
    </p>
   </div>
   <div class='ocr_carea' id='block_1_100' title="bbox 1943 4104 3504 4174">
    <p class='ocr_par' dir='ltr' id='par_1_100' title="bbox 1943 4104 3504 4174">
     <span class='ocr_line' id='line_1_100' title="bbox 1943 4104 3504 4174; baseline 0 -14"><span class='ocrx_word' id='word_1_712' title='bbox 1943 4109 2067 4161; x_wconf 89' lang='lat' dir='ltr'><strong>dutn</strong></span> <span class='ocrx_word' id='word_1_713' title='bbox 2103 4117 2156 4162; x_wconf 90' lang='lat' dir='ltr'><strong>et</strong></span> <span class='ocrx_word' id='word_1_714' title='bbox 2182 4107 2414 4167; x_wconf 85' lang='lat' dir='ltr'><strong>elatum,</strong></span> <span class='ocrx_word' id='word_1_715' title='bbox 2467 4107 2560 4160; x_wconf 89' lang='lat' dir='ltr'><strong>sed</strong></span> <span class='ocrx_word' id='word_1_716' title='bbox 2591 4121 2708 4174; x_wconf 86' lang='lat' dir='ltr'><strong>quae</strong></span> <span class='ocrx_word' id='word_1_717' title='bbox 2747 4121 2841 4160; x_wconf 82' lang='lat' dir='ltr'><strong>vos</strong></span> <span class='ocrx_word' id='word_1_718' title='bbox 2890 4106 2989 4172; x_wconf 83' lang='lat' dir='ltr'><strong>ipsi</strong></span> <span class='ocrx_word' id='word_1_719' title='bbox 3037 4104 3319 4173; x_wconf 77' lang='lat' dir='ltr'><strong>explorare</strong></span> <span class='ocrx_word' id='word_1_720' title='bbox 3353 4116 3504 4174; x_wconf 84' lang='lat' dir='ltr'><strong>pote-</strong></span> 
     </span>
    </p>
   </div>
   <div class='ocr_carea' id='block_1_101' title="bbox 1945 4197 3503 4268">
    <p class='ocr_par' dir='ltr' id='par_1_101' title="bbox 1945 4197 3503 4268">
     <span class='ocr_line' id='line_1_101' title="bbox 1945 4197 3503 4268; baseline 0 -16"><span class='ocrx_word' id='word_1_721' title='bbox 1945 4201 2099 4261; x_wconf 72' lang='lat' dir='ltr'><strong>ritis,</strong></span> <span class='ocrx_word' id='word_1_722' title='bbox 2159 4199 2212 4252; x_wconf 90' lang='lat' dir='ltr'><strong>in</strong></span> <span class='ocrx_word' id='word_1_723' title='bbox 2277 4199 2505 4253; x_wconf 89' lang='lat' dir='ltr'><strong>medium</strong></span> <span class='ocrx_word' id='word_1_724' title='bbox 2561 4198 2868 4268; x_wconf 81' lang='lat' dir='ltr'><strong>proferam:</strong></span> <span class='ocrx_word' id='word_1_725' title='bbox 2907 4216 2926 4250; x_wconf 75' lang='grc' dir='ltr'><strong>ι</strong></span> <span class='ocrx_word' id='word_1_726' title='bbox 2963 4197 3030 4251; x_wconf 83' lang='grc' dir='ltr'>Ει</span> <span class='ocrx_word' id='word_1_727' title='bbox 3077 4212 3243 4266; x_wconf 87' lang='lat' dir='ltr'><strong>usque</strong></span> <span class='ocrx_word' id='word_1_728' title='bbox 3296 4198 3362 4252; x_wconf 87' lang='lat' dir='ltr'><strong>ad</strong></span> <span class='ocrx_word' id='word_1_729' title='bbox 3409 4212 3503 4252; x_wconf 81' lang='lat' dir='ltr'><strong>vos</strong></span> 
     </span>
    </p>
   </div>
   <div class='ocr_carea' id='block_1_102' title="bbox 1945 4287 3501 4357">
    <p class='ocr_par' dir='ltr' id='par_1_102' title="bbox 1945 4287 3501 4357">
     <span class='ocr_line' id='line_1_102' title="bbox 1945 4287 3501 4357; baseline -0.001 -16"><span class='ocrx_word' id='word_1_730' title='bbox 1945 4287 2258 4356; x_wconf 80' lang='lat' dir='ltr'><strong>intelligam,</strong></span> <span class='ocrx_word' id='word_1_731' title='bbox 2287 4308 2306 4340; x_wconf 71' lang='grc' dir='ltr'><strong>ι</strong></span> <span class='ocrx_word' id='word_1_732' title='bbox 2347 4289 2397 4342; x_wconf 91' lang='lat' dir='ltr'><strong>id</strong></span> <span class='ocrx_word' id='word_1_733' title='bbox 2439 4297 2556 4352; x_wconf 86' lang='lat' dir='ltr'><strong>est,</strong></span> <span class='ocrx_word' id='word_1_734' title='bbox 2607 4288 2749 4341; x_wconf 85' lang='lat' dir='ltr'><strong>nulla</strong></span> <span class='ocrx_word' id='word_1_735' title='bbox 2794 4287 3197 4357; x_wconf 86' lang='lat' dir='ltr'><strong>vaniloquentia</strong></span> <span class='ocrx_word' id='word_1_736' title='bbox 3231 4297 3371 4353; x_wconf 87' lang='lat' dir='ltr'><strong>utar,</strong></span> <span class='ocrx_word' id='word_1_737' title='bbox 3407 4288 3501 4342; x_wconf 89' lang='lat' dir='ltr'><strong>sed</strong></span> 
     </span>
    </p>
   </div>
   <div class='ocr_carea' id='block_1_103' title="bbox 1943 4379 3499 4450">
    <p class='ocr_par' dir='ltr' id='par_1_103' title="bbox 1943 4379 3499 4450">
     <span class='ocr_line' id='line_1_103' title="bbox 1943 4379 3499 4450; baseline 0.001 -19"><span class='ocrx_word' id='word_1_738' title='bbox 1943 4395 2059 4448; x_wconf 75' lang='lat' dir='ltr'><strong>qua:</strong></span> <span class='ocrx_word' id='word_1_739' title='bbox 2105 4381 2318 4450; x_wconf 88' lang='lat' dir='ltr'><strong>assequi</strong></span> <span class='ocrx_word' id='word_1_740' title='bbox 2367 4379 2556 4434; x_wconf 69' lang='lat' dir='ltr'><strong>valetis</strong></span> <span class='ocrx_word' id='word_1_741' title='bbox 2615 4380 2826 4450; x_wconf 86' lang='lat' dir='ltr'><strong>loquar.</strong></span> <span class='ocrx_word' id='word_1_742' title='bbox 2887 4379 2985 4435; x_wconf 84' lang='lat' dir='ltr'><strong>Vel</strong></span> <span class='ocrx_word' id='word_1_743' title='bbox 3031 4381 3136 4435; x_wconf 88' lang='lat' dir='ltr'><strong>hoc</strong></span> <span class='ocrx_word' id='word_1_744' title='bbox 3179 4380 3311 4434; x_wconf 87' lang='lat' dir='ltr'><strong>dicit</strong></span> <span class='ocrx_word' id='word_1_745' title='bbox 3351 4380 3499 4434; x_wconf 80' lang='lat' dir='ltr'><strong>:Nou</strong></span> 
     </span>
    </p>
   </div>
   <div class='ocr_carea' id='block_1_104' title="bbox 1943 4471 3500 4541">
    <p class='ocr_par' dir='ltr' id='par_1_104' title="bbox 1943 4471 3500 4541">
     <span class='ocr_line' id='line_1_104' title="bbox 1943 4471 3500 4541; baseline 0 -17"><span class='ocrx_word' id='word_1_746' title='bbox 1943 4471 2090 4540; x_wconf 86' lang='lat' dir='ltr'><strong>prius</strong></span> <span class='ocrx_word' id='word_1_747' title='bbox 2122 4471 2373 4541; x_wconf 88' lang='lat' dir='ltr'><strong>loquendi</strong></span> <span class='ocrx_word' id='word_1_748' title='bbox 2405 4472 2562 4524; x_wconf 87' lang='lat' dir='ltr'><strong>linem</strong></span> <span class='ocrx_word' id='word_1_749' title='bbox 2611 4472 2823 4536; x_wconf 76' lang='lat' dir='ltr'><strong>faciam,</strong></span> <span class='ocrx_word' id='word_1_750' title='bbox 2855 4487 3013 4541; x_wconf 89' lang='lat' dir='ltr'><strong>quam</strong></span> <span class='ocrx_word' id='word_1_751' title='bbox 3055 4487 3148 4525; x_wconf 89' lang='lat' dir='ltr'><strong>vos</strong></span> <span class='ocrx_word' id='word_1_752' title='bbox 3175 4472 3339 4526; x_wconf 88' lang='lat' dir='ltr'><strong>etiam</strong></span> <span class='ocrx_word' id='word_1_753' title='bbox 3383 4487 3500 4526; x_wconf 89' lang='lat' dir='ltr'><strong>ser-</strong></span> 
     </span>
    </p>
   </div>
   <div class='ocr_carea' id='block_1_105' title="bbox 1945 4563 3500 4632">
    <p class='ocr_par' dir='ltr' id='par_1_105' title="bbox 1945 4563 3500 4632">
     <span class='ocr_line' id='line_1_105' title="bbox 1945 4563 3500 4632; baseline 0.002 -16"><span class='ocrx_word' id='word_1_754' title='bbox 1945 4577 2130 4616; x_wconf 89' lang='lat' dir='ltr'><strong>mones</strong></span> <span class='ocrx_word' id='word_1_755' title='bbox 2185 4577 2334 4616; x_wconf 87' lang='lat' dir='ltr'><strong>meos</strong></span> <span class='ocrx_word' id='word_1_756' title='bbox 2384 4563 2850 4626; x_wconf 76' lang='lat' dir='ltr'><strong>examinaveritis,</strong></span> <span class='ocrx_word' id='word_1_757' title='bbox 2900 4565 2942 4616; x_wconf 91' lang='lat' dir='ltr'><strong>si</strong></span> <span class='ocrx_word' id='word_1_758' title='bbox 2997 4574 3051 4616; x_wconf 90' lang='lat' dir='ltr'><strong>et</strong></span> <span class='ocrx_word' id='word_1_759' title='bbox 3089 4578 3190 4632; x_wconf 80' lang='lat' dir='ltr'><strong>ego</strong></span> <span class='ocrx_word' id='word_1_760' title='bbox 3244 4582 3260 4614; x_wconf 78' lang='grc' dir='ltr'><strong>ι</strong></span> <span class='ocrx_word' id='word_1_761' title='bbox 3294 4563 3360 4617; x_wconf 90' lang='lat' dir='ltr'><strong>ad</strong></span> <span class='ocrx_word' id='word_1_762' title='bbox 3404 4577 3500 4619; x_wconf 85' lang='lat' dir='ltr'><strong>vos</strong></span> 
     </span>
    </p>
   </div>
   <div class='ocr_carea' id='block_1_106' title="bbox 1943 4654 3498 4724">
    <p class='ocr_par' dir='ltr' id='par_1_106' title="bbox 1943 4654 3498 4724">
     <span class='ocr_line' id='line_1_106' title="bbox 1943 4654 3498 4724; baseline -0.003 -18"><span class='ocrx_word' id='word_1_763' title='bbox 1943 4670 2108 4724; x_wconf 89' lang='lat' dir='ltr'><strong>usque</strong></span> <span class='ocrx_word' id='word_1_764' title='bbox 2144 4673 2162 4704; x_wconf 68' lang='grc' dir='ltr'><strong>ι</strong></span> <span class='ocrx_word' id='word_1_765' title='bbox 2197 4654 2496 4724; x_wconf 79' lang='lat' dir='ltr'><strong>intelligere</strong></span> <span class='ocrx_word' id='word_1_766' title='bbox 2527 4671 2763 4723; x_wconf 89' lang='lat' dir='ltr'><strong>possum,</strong></span> <span class='ocrx_word' id='word_1_767' title='bbox 2800 4655 2850 4708; x_wconf 93' lang='lat' dir='ltr'><strong>id</strong></span> <span class='ocrx_word' id='word_1_768' title='bbox 2876 4665 2978 4718; x_wconf 86' lang='lat' dir='ltr'><strong>est,</strong></span> <span class='ocrx_word' id='word_1_769' title='bbox 3013 4656 3185 4709; x_wconf 90' lang='lat' dir='ltr'><strong>donec</strong></span> <span class='ocrx_word' id='word_1_770' title='bbox 3211 4669 3306 4709; x_wconf 88' lang='lat' dir='ltr'><strong>vos</strong></span> <span class='ocrx_word' id='word_1_771' title='bbox 3333 4654 3498 4708; x_wconf 86' lang='lat' dir='ltr'><strong>etiam</strong></span> 
     </span>
    </p>
   </div>
   <div class='ocr_carea' id='block_1_107' title="bbox 1941 4746 3499 4814">
    <p class='ocr_par' dir='ltr' id='par_1_107' title="bbox 1941 4746 3499 4814">
     <span class='ocr_line' id='line_1_107' title="bbox 1941 4746 3499 4814; baseline 0.003 -17"><span class='ocrx_word' id='word_1_772' title='bbox 1941 4746 2358 4810; x_wconf 79' lang='lat' dir='ltr'><strong>intellexeritis,</strong></span> <span class='ocrx_word' id='word_1_773' title='bbox 2421 4750 2502 4801; x_wconf 89' lang='lat' dir='ltr'><strong>vel</strong></span> <span class='ocrx_word' id='word_1_774' title='bbox 2561 4755 2792 4801; x_wconf 83' lang='lat' dir='ltr'><strong>vestram</strong></span> <span class='ocrx_word' id='word_1_775' title='bbox 2861 4748 3027 4800; x_wconf 85' lang='lat' dir='ltr'><strong>etiam</strong></span> <span class='ocrx_word' id='word_1_776' title='bbox 3090 4747 3499 4814; x_wconf 79' lang='lat' dir='ltr'><strong>intelltgentiam</strong></span> 
     </span>
    </p>
   </div>
   <div class='ocr_carea' id='block_1_108' title="bbox 1937 4840 2213 4892">
    <p class='ocr_par' dir='ltr' id='par_1_108' title="bbox 1937 4840 2213 4892">
     <span class='ocr_line' id='line_1_108' title="bbox 1937 4840 2213 4892; baseline -0.011 0"><span class='ocrx_word' id='word_1_777' title='bbox 1937 4840 2213 4892; x_wconf 81' lang='lat' dir='ltr'><strong>excedam.</strong></span> 
     </span>
    </p>
   </div>
   <div class='ocr_carea' id='block_1_109' title="bbox 2009 4928 3500 4988">
    <p class='ocr_par' dir='ltr' id='par_1_109' title="bbox 2009 4928 3500 4988">
     <span class='ocr_line' id='line_1_109' title="bbox 2009 4928 3500 4988; baseline 0.003 -4"><span class='ocrx_word' id='word_1_778' title='bbox 2009 4929 2174 4984; x_wconf 73' lang='lat' dir='ltr'><strong>Vens.</strong></span> <span class='ocrx_word' id='word_1_779' title='bbox 2217 4931 2302 4985; x_wconf 75' lang='grc'><strong>18.</strong></span> <span class='ocrx_word' id='word_1_780' title='bbox 2363 4928 2555 4984; x_wconf 85' lang='lat' dir='ltr'><strong>Plenus</strong></span> <span class='ocrx_word' id='word_1_781' title='bbox 2615 4933 2751 4985; x_wconf 81' lang='lat' dir='ltr'><strong>enim</strong></span> <span class='ocrx_word' id='word_1_782' title='bbox 2806 4947 2919 4984; x_wconf 85' lang='lat' dir='ltr'><strong>sum</strong></span> <span class='ocrx_word' id='word_1_783' title='bbox 2984 4933 3272 4986; x_wconf 82' lang='lat' dir='ltr'><strong>verborum.</strong></span> <span class='ocrx_word' id='word_1_784' title='bbox 3339 4935 3500 4988; x_wconf 76' lang='lat' dir='ltr'><strong>Recte</strong></span> 
     </span>
    </p>
   </div>
   <div class='ocr_carea' id='block_1_110' title="bbox 1939 5022 3500 5092">
    <p class='ocr_par' dir='ltr' id='par_1_110' title="bbox 1939 5022 3500 5092">
     <span class='ocr_line' id='line_1_110' title="bbox 1939 5022 3500 5092; baseline 0 -16"><span class='ocrx_word' id='word_1_785' title='bbox 1939 5023 2094 5083; x_wconf 88' lang='lat' dir='ltr'><strong>dixit,</strong></span> <span class='ocrx_word' id='word_1_786' title='bbox 2126 5039 2144 5072; x_wconf 77' lang='grc' dir='ltr'><strong>ι</strong></span> <span class='ocrx_word' id='word_1_787' title='bbox 2171 5022 2359 5091; x_wconf 83' lang='lat' dir='ltr'><strong>plenus</strong></span> <span class='ocrx_word' id='word_1_788' title='bbox 2384 5037 2538 5088; x_wconf 86' lang='lat' dir='ltr'><strong>sum;</strong></span> <span class='ocrx_word' id='word_1_789' title='bbox 2577 5046 2596 5074; x_wconf 72' lang='grc' dir='ltr'>ι</span> <span class='ocrx_word' id='word_1_790' title='bbox 2651 5025 2743 5092; x_wconf 92' lang='lat' dir='ltr'><strong>qui</strong></span> <span class='ocrx_word' id='word_1_791' title='bbox 2788 5025 2929 5078; x_wconf 89' lang='lat' dir='ltr'><strong>enim</strong></span> <span class='ocrx_word' id='word_1_792' title='bbox 2960 5025 3246 5077; x_wconf 89' lang='lat' dir='ltr'><strong>verborum</strong></span> <span class='ocrx_word' id='word_1_793' title='bbox 3282 5026 3500 5078; x_wconf 84' lang='lat' dir='ltr'><strong>minime</strong></span> 
     </span>
    </p>
   </div>
   <div class='ocr_carea' id='block_1_111' title="bbox 1938 5113 3500 5185">
    <p class='ocr_par' dir='ltr' id='par_1_111' title="bbox 1938 5113 3500 5185">
     <span class='ocr_line' id='line_1_111' title="bbox 1938 5113 3500 5185; baseline 0.002 -19"><span class='ocrx_word' id='word_1_794' title='bbox 1938 5115 2128 5182; x_wconf 91' lang='lat' dir='ltr'><strong>plenus</strong></span> <span class='ocrx_word' id='word_1_795' title='bbox 2164 5115 2228 5167; x_wconf 88' lang='lat' dir='ltr'><strong>ad</strong></span> <span class='ocrx_word' id='word_1_796' title='bbox 2261 5113 2583 5183; x_wconf 89' lang='lat' dir='ltr'><strong>loquendum</strong></span> <span class='ocrx_word' id='word_1_797' title='bbox 2632 5115 2958 5178; x_wconf 89' lang='lat' dir='ltr'><strong>accesserit,</strong></span> <span class='ocrx_word' id='word_1_798' title='bbox 3013 5125 3269 5185; x_wconf 88' lang='lat' dir='ltr'><strong>tanquam</strong></span> <span class='ocrx_word' id='word_1_799' title='bbox 3323 5117 3500 5169; x_wconf 82' lang='lat' dir='ltr'><strong>inanis</strong></span> 
     </span>
    </p>
   </div>
   <div class='ocr_carea' id='block_1_112' title="bbox 1941 5204 3496 5274">
    <p class='ocr_par' dir='ltr' id='par_1_112' title="bbox 1941 5204 3496 5274">
     <span class='ocr_line' id='line_1_112' title="bbox 1941 5204 3496 5274; baseline 0.001 -17"><span class='ocrx_word' id='word_1_800' title='bbox 1941 5204 2117 5258; x_wconf 86' lang='lat' dir='ltr'><strong>inania</strong></span> <span class='ocrx_word' id='word_1_801' title='bbox 2138 5204 2404 5274; x_wconf 87' lang='lat' dir='ltr'><strong>loquetur,</strong></span> <span class='ocrx_word' id='word_1_802' title='bbox 2429 5205 2580 5274; x_wconf 85' lang='lat' dir='ltr'><strong>juxta</strong></span> <span class='ocrx_word' id='word_1_803' title='bbox 2610 5205 2740 5259; x_wconf 91' lang='lat' dir='ltr'><strong>illud</strong></span> <span class='ocrx_word' id='word_1_804' title='bbox 2771 5206 2814 5236; x_wconf 77' lang='grc'><strong>⁸³</strong></span> <span class='ocrx_word' id='word_1_805' title='bbox 2848 5224 2860 5258; x_wconf 92' lang='lat'><strong>:</strong></span> <span class='ocrx_word' id='word_1_806' title='bbox 2899 5223 2917 5256; x_wconf 78' lang='grc' dir='ltr'><strong>ι</strong></span> <span class='ocrx_word' id='word_1_807' title='bbox 2953 5205 3155 5261; x_wconf 86' lang='lat' dir='ltr'><strong>Fatuus</strong></span> <span class='ocrx_word' id='word_1_808' title='bbox 3183 5208 3324 5261; x_wconf 88' lang='lat' dir='ltr'><strong>enim</strong></span> <span class='ocrx_word' id='word_1_809' title='bbox 3355 5206 3496 5259; x_wconf 79' lang='lat' dir='ltr'><strong>fatua</strong></span> 
     </span>
    </p>
   </div>
   <div class='ocr_carea' id='block_1_113' title="bbox 1936 5293 3090 5366">
    <p class='ocr_par' dir='ltr' id='par_1_113' title="bbox 1936 5293 3090 5366">
     <span class='ocr_line' id='line_1_113' title="bbox 1936 5293 3090 5366; baseline 0.002 -20"><span class='ocrx_word' id='word_1_810' title='bbox 1936 5293 2205 5364; x_wconf 88' lang='lat' dir='ltr'><strong>loquetur,</strong></span> <span class='ocrx_word' id='word_1_811' title='bbox 2236 5307 2290 5350; x_wconf 90' lang='lat' dir='ltr'><strong>et</strong></span> <span class='ocrx_word' id='word_1_812' title='bbox 2320 5311 2413 5350; x_wconf 90' lang='lat' dir='ltr'><strong>cor</strong></span> <span class='ocrx_word' id='word_1_813' title='bbox 2440 5298 2556 5363; x_wconf 87' lang='lat' dir='ltr'><strong>ejus</strong></span> <span class='ocrx_word' id='word_1_814' title='bbox 2588 5310 2725 5350; x_wconf 77' lang='lat' dir='ltr'><strong>vana</strong></span> <span class='ocrx_word' id='word_1_815' title='bbox 2758 5296 3038 5366; x_wconf 72' lang='lat' dir='ltr'><strong>intelliget.</strong></span> <span class='ocrx_word' id='word_1_816' title='bbox 3071 5315 3090 5348; x_wconf 74' lang='grc' dir='ltr'><strong>ι</strong></span> 
     </span>
    </p>
   </div>
   <div class='ocr_carea' id='block_1_114' title="bbox 2016 5384 3495 5455">
    <p class='ocr_par' dir='ltr' id='par_1_114' title="bbox 2016 5384 3495 5455">
     <span class='ocr_line' id='line_1_114' title="bbox 2016 5384 3495 5455; baseline -0.003 -16"><span class='ocrx_word' id='word_1_817' title='bbox 2016 5386 2190 5440; x_wconf 85' lang='lat' dir='ltr'><strong>Perdit</strong></span> <span class='ocrx_word' id='word_1_818' title='bbox 2232 5388 2372 5441; x_wconf 84' lang='lat' dir='ltr'><strong>enim</strong></span> <span class='ocrx_word' id='word_1_819' title='bbox 2400 5404 2479 5440; x_wconf 89' lang='lat' dir='ltr'><strong>me</strong></span> <span class='ocrx_word' id='word_1_820' title='bbox 2503 5388 2719 5455; x_wconf 79' lang='lat' dir='ltr'><strong>spiritus</strong></span> <span class='ocrx_word' id='word_1_821' title='bbox 2766 5389 2984 5442; x_wconf 79' lang='lat' dir='ltr'><strong>centris.</strong></span> <span class='ocrx_word' id='word_1_822' title='bbox 3034 5384 3495 5455; x_wconf 81' lang='lat' dir='ltr'><strong>Quemadmodum</strong></span> 
     </span>
    </p>
   </div>
   <div class='ocr_carea' id='block_1_115' title="bbox 1939 5477 3498 5548">
    <p class='ocr_par' dir='ltr' id='par_1_115' title="bbox 1939 5477 3498 5548">
     <span class='ocr_line' id='line_1_115' title="bbox 1939 5477 3498 5548; baseline -0.003 -18"><span class='ocrx_word' id='word_1_823' title='bbox 1939 5477 2132 5530; x_wconf 87' lang='lat' dir='ltr'><strong>mulier</strong></span> <span class='ocrx_word' id='word_1_824' title='bbox 2152 5477 2370 5547; x_wconf 79' lang='lat' dir='ltr'><strong>gravida</strong></span> <span class='ocrx_word' id='word_1_825' title='bbox 2398 5478 2629 5548; x_wconf 86' lang='lat' dir='ltr'><strong>primum</strong></span> <span class='ocrx_word' id='word_1_826' title='bbox 2666 5478 2746 5543; x_wconf 87' lang='lat' dir='ltr'><strong>lit,</strong></span> <span class='ocrx_word' id='word_1_827' title='bbox 2784 5485 2839 5532; x_wconf 89' lang='lat' dir='ltr'><strong>et.</strong></span> <span class='ocrx_word' id='word_1_828' title='bbox 2878 5477 3109 5533; x_wconf 85' lang='lat' dir='ltr'><strong>formato</strong></span> <span class='ocrx_word' id='word_1_829' title='bbox 3148 5477 3295 5542; x_wconf 77' lang='lat' dir='ltr'><strong>fetu,</strong></span> <span class='ocrx_word' id='word_1_830' title='bbox 3329 5478 3498 5528; x_wconf 90' lang='lat' dir='ltr'><strong>donec</strong></span> 
     </span>
    </p>
   </div>
   <div class='ocr_carea' id='block_1_116' title="bbox 1939 5568 3496 5640">
    <p class='ocr_par' dir='ltr' id='par_1_116' title="bbox 1939 5568 3496 5640">
     <span class='ocr_line' id='line_1_116' title="bbox 1939 5568 3496 5640; baseline -0.006 -16"><span class='ocrx_word' id='word_1_831' title='bbox 1939 5578 2261 5638; x_wconf 84' lang='lat' dir='ltr'><strong>conceptum</strong></span> <span class='ocrx_word' id='word_1_832' title='bbox 2291 5573 2435 5639; x_wconf 87' lang='lat' dir='ltr'><strong>edat,</strong></span> <span class='ocrx_word' id='word_1_833' title='bbox 2472 5579 2659 5640; x_wconf 86' lang='lat' dir='ltr'><strong>partus</strong></span> <span class='ocrx_word' id='word_1_834' title='bbox 2680 5568 2891 5625; x_wconf 88' lang='lat' dir='ltr'><strong>dolores</strong></span> <span class='ocrx_word' id='word_1_835' title='bbox 2914 5570 3118 5636; x_wconf 86' lang='lat' dir='ltr'><strong>sentit;</strong></span> <span class='ocrx_word' id='word_1_836' title='bbox 3151 5570 3292 5626; x_wconf 86' lang='lat' dir='ltr'><strong>idem</strong></span> <span class='ocrx_word' id='word_1_837' title='bbox 3319 5568 3496 5621; x_wconf 83' lang='lat' dir='ltr'><strong>animo</strong></span> 
     </span>
    </p>
   </div>
  </div>
