4046 6152
566 295 710 352 1045

1950 282 2041 338 EX
2081 279 2385 336 ORIGENE

3682 271 3815 327 40H

567 413 813 469 discendi
837 411 1034 480 cupido
1060 409 1259 464 accidit
1290 426 1305 463 :
1331 420 1641 462 sermonem
1686 403 1833 460 enim
1874 400 2129 471 concipit,

2241 399 2374 471 νήσῃ
2397 396 2458 449 τὸ
2484 395 2808 467 συλληφθέν·
2837 393 2978 449 κατά
2996 391 3168 445 ταῦτα
3189 391 3244 444 δὲ
3257 387 3452 443 καὶέπὶ
3588 385 3809 480 φιλομα-

564 514 622 561 et
650 505 989 560 enuntiatum
1025 501 1199 571 lingit,
1228 508 1281 555 et
1314 498 1506 554 ordine
1529 497 1730 553 decoro
1754 495 1967 558 Format;
2006 504 2134 546 tunc

562 607 747 654 autem
779 601 921 667 parit
945 596 1041 669 (et
1064 597 1238 651 donec
1268 593 1467 663 pariat,
1493 592 1809 664 gravidatur
1839 598 1892 644 et
1917 588 2134 643 dolores

564 690 802 760 patitur)
848 705 970 745 cum
1024 688 1210 744 ﬁctum
1263 694 1318 742 et
1365 686 1694 753 formatum,
1738 681 2040 753 perfectum
2078 680 2132 734 in

560 781 737 840 lucem
762 781 1009 837 ediderit.

631 961 799 1019 Vens.
837 964 928 1020 20.
972 963 1183 1033 Loquar
1230 971 1288 1017 ut
1342 962 1668 1032 requiescam
1700 960 1939 1029 aperiens
1966 956 2132 1010 labia.

562 1055 667 1125 Qui
717 1053 897 1112 verbis
948 1056 1234 1120 abundat,
1287 1064 1345 1109 et
1391 1054 1781 1123 intelligentem
1829 1050 2135 1104 auditorem

564 1157 755 1204 nactus
785 1147 968 1216 fuerit,
997 1149 1268 1219 loquendo
1292 1188 1307 1214 ,
1335 1145 1766 1217 superﬂuitatem
1796 1141 1946 1198 illam
1977 1138 2134 1211 quasi

561 1242 882 1297 exinaniens
912 1251 967 1297 et
990 1241 1263 1310 rejiciens,
1295 1237 1605 1310 requiescit.

1137 1419 1288 1476 CAP.
1331 1417 1549 1475 XXXV.

639 1510 800 1567 Vens.
840 1512 894 1568 5.
936 1511 1126 1582 Aspice
1165 1512 1221 1566 in
1271 1511 1479 1566 calum.
1528 1511 1587 1567 In
1642 1509 1843 1567 ctelum
1885 1510 2134 1581 suspicit,

561 1617 669 1659 non
703 1603 798 1674 qui
829 1603 1017 1660 oculos
1060 1618 1350 1673 corporeos
1383 1603 1579 1659 attollit
1631 1617 1688 1660 et
1720 1605 1917 1662 celum
1959 1607 2139 1659 intue-

561 1705 691 1763 tur;
739 1697 841 1752 hac
889 1697 1032 1753 enim
1089 1698 1299 1753 ratione
1346 1713 1511 1754 canes
1553 1705 1606 1754 et
1636 1699 1775 1753 asini
1808 1698 2132 1767 suspiciunt.

2236 487 2361 551 θοῦς
2392 488 2566 558 ψυχῆς
2610 486 2818 556 γίνεται
2841 502 2853 514 ·
2887 481 3252 552 συλλαμϐάνει
3285 481 3392 551 γὰρ
3426 478 3517 532 τὸν
3544 477 3726 544 λόγον.
3756 476 3816 531 όν

2234 577 2708 649 ἀπαγγελλόμενον
2739 576 2968 648 μορφοῖ,
2996 584 3093 627 και
3118 574 3277 624 τυποῖ
3305 570 3464 623 αὐτὸν
3511 571 3580 639 τῇ
3620 566 3771 631 τάξει
3794 583 3810 597 ο

2232 671 2357 724 ὅταν
2389 669 2445 723 δὲ
2472 669 2612 740 μετά
2648 669 2708 721 τὸ
2738 664 2986 720 τυπῶσαι
3013 663 3107 717 καὶ
3135 661 3438 734 μορφῶσαι,
3470 658 3816 729 τετελειωμέ-

2232 782 2323 819 νον
2354 765 2514 817 αύτὸν
2546 761 2791 835 παραδῷ,
2817 762 2938 816 τότε
2967 760 3139 815 τίκτει
3158 776 3172 790 ο
3207 759 3303 812 καὶ
3341 757 3533 829 μέχρις
3566 754 3632 809 ἂν
3659 753 3813 827 τέκῃ,

2238 854 2530 927 βαρύνεται
2562 857 2620 908 ὲν
2648 853 2816 908 ὠδῖνι.

2307 942 2589 1012 Λαλήσω,
2633 943 2735 997 ἵνα
2764 941 3199 1010 ἀναπαύσωμαι
3232 937 3482 1004 ἀνοίξας
3508 936 3581 990 τὰ
3620 937 3813 1017 χείλη.

2249 1037 2306 1090 Ὁ
2338 1036 2620 1106 τυγχάνων
2651 1033 2871 1088 συνετοῦ
2904 1032 3174 1105 ἀκροατοῦ
3194 1073 3208 1095 ,
3238 1033 3333 1086 καὶ
3359 1031 3434 1084 ῶν
3477 1028 3693 1101 πλήρης
3733 1026 3808 1081 λό-

2236 1145 2368 1197 γων,
2405 1126 2581 1181 λαλῶν
2612 1126 2968 1193 ἀναπαύεται,
2996 1126 3094 1198 τὴν
3113 1124 3478 1198 περισσότητα
3510 1117 3623 1176 οἷον
3651 1118 3801 1173 κενὺ

2239 1237 2338 1285 σας
2372 1222 2465 1275 καὶ
2494 1220 2801 1276 ἀποϐαλών.
2880 1290 2885 1295 Ξ

2856 1423 2994 1477 ΚΕΦ
3013 1461 3026 1474 .
3068 1423 3190 1475 AE’.

2317 1517 2688 1587 Ἀνάϐλεψον
2707 1519 2794 1584 εὶς
2816 1516 2922 1571 τὸν
2944 1517 3224 1586 οὐρανόν.
3267 1513 3586 1568 Ἀναϐλέπει
3621 1515 3703 1578 εἰς
3728 1512 3820 1566 τὸν

2239 1610 2464 1682 οὐρανὸν
2502 1610 2601 1679 οὐχ
2646 1611 2675 1662 ό
2704 1610 2830 1672 τοὺς
2863 1609 3206 1679 σωματικοὺς
3243 1606 3555 1677 ὀφθαλμοὺς
3585 1606 3817 1678 ἐπάρας,

2239 1702 2334 1755 καὶ
2357 1698 2480 1755 ἰδὼν
2502 1700 2593 1754 τὸν
2613 1699 2837 1770 οὐρανόν
2857 1716 2870 1731 ·
2901 1700 3062 1753 τοῦτο
3082 1699 3191 1772 γάρ
3208 1700 3268 1753 τὸ
3288 1698 3613 1753 ἀναϐλέπειν
3639 1698 3819 1769 έχουσι

560 1788 730 1845 Nemo
756 1790 851 1859 qui
888 1789 1148 1844 mundum
1184 1789 1377 1861 diligit,
1419 1790 1473 1844 in
1503 1791 1698 1845 coelum
1731 1762 2000 1860 suspicit,
2040 1792 2135 1847 sed

2241 1795 2333 1848 καὶ
2361 1795 2411 1848 οἱ
2437 1794 2598 1858 κύνες
2626 1762 2721 1847 καὶ
2767 1794 2816 1845 οἱ
2846 1792 2978 1846 ὄνοι.
3015 1762 3204 1855 Οὐδείς
3240 1790 3567 1861 φιλόκοσμος
3596 1762 3820 1844 ἀναόλέ-

559 1884 654 1956 qui
682 1897 785 1938 nec
803 1884 1091 1948 mundum,
1117 1897 1217 1938 nec
1246 1898 1307 1939 ea
1337 1898 1455 1952 quae
1475 1882 1530 1936 in
1563 1884 1764 1937 mundo
1786 1891 1933 1947 sunt,
1965 1895 2134 1937 amat.

563 1973 776 2032 Rursus
816 1975 988 2028 nubes
1022 1989 1127 2027 non
1168 1976 1302 2028 adeo
1334 1973 1593 2027 sublimes
1642 1982 1773 2027 sunt
1815 1983 1870 2027 et
1913 1989 1942 2026 a
1982 1973 2137 2028 nobis

561 2075 806 2130 remoue,
853 2063 1009 2133 quin,
1059 2063 1105 2118 si
1154 2063 1353 2133 Moysis
1378 2064 1542 2119 vitam
1576 2074 1630 2119 et
1664 2065 2134 2120 conversationem

561 2172 669 2226 qua
701 2156 812 2210 Deo
838 2155 1062 2227 placuit,
1094 2170 1382 2226 meamque
1414 2157 1731 2212 tenuitatem
1770 2167 1825 2212 et
1858 2158 2133 2212 humilita-

561 2257 671 2303 tem
701 2247 1099 2317 contemplatus
1133 2247 1308 2313 l'uero,
1344 2250 1539 2303 nubem
1580 2250 1725 2303 hanc
1758 2249 2133 2304 sublimiorem

556 2347 615 2393 et
652 2339 996 2394 remetiorem
1040 2354 1073 2393 a
1127 2355 1212 2394 me
1269 2340 1485 2396 visurus
1540 2341 1643 2395 sim
1689 2358 1704 2393 :
1750 2342 1795 2396 si
1832 2341 1899 2395 ad
1946 2338 2132 2395 Jesum

561 2430 735 2486 ﬁlium
777 2431 948 2497 Nave,
986 2440 1045 2488 et
1093 2434 1158 2487 ad
1208 2436 1595 2504 prophetarum
1643 2435 1785 2489 vitas
1835 2434 2132 2499 devenero,

558 2521 884 2592 illorumque
917 2538 1004 2579 res
1038 2535 1217 2595 gestas
1240 2526 1524 2594 diligenter
1554 2527 1959 2590 examinavero,
1989 2525 2134 2594 quod

559 2616 824 2685 scriptum
860 2626 946 2671 est
973 2623 1103 2671 tunc
1137 2617 1443 2688 adimplebo
1468 2662 1481 2685 ,
1530 2627 1586 2674 et
1619 2619 1789 2673 nubes
1815 2626 2020 2687 quanto
2048 2632 2135 2673 me

560 2706 910 2764 sublimiores
939 2709 1044 2763 sint
1065 2749 1080 2773 ,
1113 2710 1413 2764 addiscam.

630 2800 801 2860 Vens.
835 2801 887 2858 6.
919 2802 979 2857 Si
1000 2801 1247 2869 peccasti,
1280 2802 1406 2870 quid
1439 2818 1560 2872 ages
1584 2802 1611 2855 .9
1638 2802 1718 2855 An
1747 2802 1909 2869 nosti,
1938 2802 2135 2872 inquit,

560 2893 953 2961 sipeccaveris
981 2892 1111 2962 quid
1151 2892 1247 2945 tibi
1282 2892 1589 2948 faciendum
1629 2894 1696 2948 sit
1718 2934 1734 2959 ,
1766 2906 1825 2948 ut
1851 2905 2133 2963 peccatum

561 2984 848 3041 diluatur?
885 2986 941 3039 Si
987 2984 1165 3039 verbis
1208 2984 1519 3054 deliquisti,
1575 2987 1760 3041 verbis
1802 2987 2134 3053 sanioribus,

2239 1903 2329 1939 πει
2356 1888 2435 1950 είς
2462 1886 2553 1939 τὸν
2589 1884 2816 1956 οὐρανὸν
2835 1926 2849 1951 ,
2881 1885 2994 1939 ἀλλ’
3034 1887 3063 1939 6
3096 1885 3170 1957 μὴ
3205 1884 3433 1953 ἀγαπῶν
3462 1882 3557 1937 τὸν
3590 1883 3821 1954 κόσμον,

2241 1978 2375 2051 μηδὲ
2429 1978 2497 2031 τά
2556 1980 2614 2034 ἐν
2666 1978 2746 2050 τῷ
2791 1979 3002 2051 κόσμῳ.
3062 1978 3229 2033 Πάλιν
3277 1977 3333 2030 δὲ
3394 1977 3495 2048 οὐχ
3550 1976 3695 2030 οὕτω
3754 1976 3823 2031 τὰ

2237 2071 2372 2141 νέφη
2420 2070 2601 2142 ὑψηλὰ
2643 2072 2735 2140 ἀφ’
2768 2071 2925 2142 ήμῶν
2971 2073 3139 2134 ἐστιν,
3173 2070 3249 2133 ὡς
3284 2070 3378 2123 ἐὰν
3438 2069 3534 2123 ἴδω
3570 2070 3664 2123 τὸν
3692 2071 3824 2123 Μω-

2238 2161 2375 2227 σέως
2406 2162 2540 2233 βίον,
2562 2163 2658 2216 καὶ
2687 2162 2785 2235 τὴν
2808 2163 3018 2217 ἐκείνου
3042 2163 3179 2233 πρὸς
3209 2161 3341 2217 Θεὸν
3377 2162 3692 2234 ἀρέσκειαν,
3726 2161 3825 2216 καὶ

2234 2255 2333 2326 τὴν
2355 2254 2593 2325 ἐμαυτοῦ
2626 2255 2963 2327 σμικρότητα
2991 2256 3087 2309 καὶ
3115 2254 3497 2324 ταπεινότητα,
3532 2253 3679 2311 οὕτω
3704 2254 3826 2324 βλέρ

2236 2361 2323 2398 πω
2345 2344 2408 2397 τὸ
2429 2346 2588 2416 νέφος
2622 2345 2823 2417 ὑψηλὸν
2854 2347 2947 2399 ἀπ’
2980 2344 3116 2417 ἐμοῦ
3141 2363 3155 2377 ⁸
3182 2346 3280 2401 ἐὰν
3309 2346 3445 2399 ἔλθω
3473 2347 3572 2400 ἐπὶ
3609 2346 3824 2419 Ἰησοῦν

2234 2436 2325 2489 τὸν
2348 2436 2441 2489 τοῦ
2469 2437 2647 2508 Ναυῆ,
2668 2438 2761 2490 ἐπὶ
2787 2438 2912 2501 τοὺς
2941 2437 3087 2508 βίους
3112 2438 3219 2492 τῶν
3247 2437 3565 2510 προφητῶν,
3596 2437 3694 2492 ὲάν
3732 2439 3827 2506 ea.

2236 2529 2414 2593 ετάζω
2444 2530 2620 2585 αὐτῶν
2642 2530 2743 2594 τὰς
2775 2530 3023 2603 πράξεις,
3055 2531 3179 2602 τότε
3220 2530 3356 2586 ποιῶ
3389 2531 3452 2584 τὸ
3491 2531 3821 2603 γεγραμμέο

2236 2640 2345 2687 νον,
2399 2625 2493 2678 καὶ
2531 2623 2930 2696 καταμανθάνω
2975 2625 3140 2678 πόσον
3185 2624 3299 2678 ἐστὶ
3350 2624 3421 2678 τὰ
3458 2624 3594 2695 νέφη
3635 2624 3822 2696 ὑψηλὰ

2236 2714 2331 2768 ἀπ’
2357 2714 2512 2786 ἐμοῦ.

2310 2805 2378 2857 ΕΙ
2407 2803 2684 2873 ἥμαρτες,
2719 2804 2776 2857 τι
2802 2802 3081 2872 πράξεις;
3111 2801 3258 2876 ’Ἄρα
3287 2798 3401 2869 οῦν,
3436 2804 3623 2876 φησὶν,
3650 2799 3819 2869 οἶδας,

2237 2895 2286 2946 εἰ
2312 2893 2579 2965 ἥμαρτες,
2599 2893 2652 2946 τί
2677 2893 2902 2966 πράξεις
2925 2895 3018 2949 ἐπὶ
3041 2895 3102 2949 τὸ
3122 2895 3284 2950 λῦσαι
3306 2896 3367 2950 τὺ
3392 2895 3782 2967 ἡμαρτημένον
3803 2911 3820 2960 ;

2238 2985 2301 3037 El
2321 2986 2566 3056 ἥμαρτες
2588 2985 2785 3054 λόγοις,
2809 2986 2987 3055 λόγοις
3019 2987 3323 3057 κρείττοσιν
3345 2987 3496 3041 ἴασαι
3517 3003 3529 3015 ’
3561 2988 3613 3039 εἰ
3636 2985 3825 3056 ἦμαρ-

563 3072 725 3144 507
743 3085 796 3129 et
814 3077 856 3129 si
883 3074 1136 3143 operibus
1155 3072 1451 3139 offendisti,
1478 3074 1635 3131 factis
1651 3080 1883 3147 egregiis
1903 3078 2132 3148 teipsum

2241 3094 2328 3141 τες
2367 3081 2425 3132 ὲν
2463 3077 2673 3150 ἔργοις,
2709 3078 2889 3150 ἔργοις
2926 3078 3272 3151 διαφέρουσιν
3310 3080 3469 3143 αὐτὸς
3506 3079 3699 3133 ἑαυτὸν
3730 3076 3826 3132 εὑ-

561 3180 785 3231 curans,
831 3164 924 3218 tibi
967 3164 1226 3229 medere;
1260 3168 1306 3218 si
1342 3180 1469 3219 vero
1514 3165 1830 3237 iniquitates
1864 3168 2045 3223 multae
2084 3180 2139 3224 et

563 3255 894 3311 incurabiles
926 3254 1128 3311 fuerint
1153 3298 1167 3323 ,
1203 3267 1426 3327 propter
1452 3256 1649 3312 delicta
1678 3258 2098 3316 immedicabilia
2120 3302 2136 3327 ,

562 3360 685 3410 quae
715 3345 813 3415 ipsi
855 3361 1048 3403 curare
1077 3363 1182 3402 non
1219 3362 1538 3417 possumus,
1567 3348 1634 3403 de
1668 3349 1822 3404 ccelis
1862 3351 2141 3408 descendit

561 3434 723 3493 Jesus
766 3436 1015 3493 Christus
1061 3448 1122 3493 ut
1156 3438 1482 3493 insanabilia
1512 3448 1865 3504 sanarentur,
1900 3442 2140 3513 illudque

561 3526 815 3584 eﬂ'ectum
853 3531 1146 3586 sortiretur
1181 3548 1197 3586 :
1242 3549 1261 3583 ι
1291 3531 1443 3587 Beati
1477 3545 1708 3601 quorum
1738 3533 1982 3588 remissas
2010 3545 2141 3590 sunt

563 3618 880 3688 iniquitates
915 3622 978 3677 “.
1007 3642 1025 3675 ι

639 3710 802 3772 Vens.
855 3717 944 3772 10.
1006 3716 1111 3783 Qui
1169 3716 1441 3773 distribuit
1503 3718 1773 3773 custodias
1828 3731 2139 3776 nocturnas.

2246 3185 2404 3239 μενος
2423 3187 2436 3199 ·
2463 3172 2513 3222 εἰ
2544 3170 2601 3223 δὲ
2631 3170 2820 3224 πολλαὶ
2845 3172 2938 3225 καὶ
2970 3171 3178 3225 ἀνίατοι
3200 3174 3257 3224 αἱ
3286 3171 3529 3242 ἀνομίαι,
3555 3171 3644 3226 διὰ
3662 3170 3827 3226 τοῦτο

2241 3262 2335 3315 ἐπὶ
2364 3264 2477 3325 τοῖς
2506 3262 2763 3327 ἀνιάτοις,
2783 3258 2865 3327 οἷς
2894 3265 3117 3327 ἑαυτοὺς
3147 3262 3400 3319 ἰάσασθαι
3427 3264 3489 3317 οὐ
3519 3262 3820 3334 δυνάμεθα,

2239 3349 2401 3426 ἦλθεν
2437 3357 2642 3428 Ἰησοῦς
2673 3357 2903 3429 Χριστὸς
2934 3356 2994 3422 ἐξ
3014 3357 3386 3429 ούρανῶν,ἴνα
3412 3358 3483 3412 τὰ
3512 3358 3709 3411 ἀνίατα
3743 3356 3824 3411 ἰά-

2245 3465 2427 3519 σηται,
2464 3451 2556 3502 καὶ
2578 3450 2798 3522 γένηται
2865 3450 2952 3507 τὸ.
2976 3470 2995 3503 ι
3032 3450 3312 3522 Μακάριοι
3341 3443 3416 3506 ὧν
3441 3449 3722 3522 ἀφέθησαν
3762 3450 3823 3503 αἱ

2242 3540 2527 3615 ἁμαρτίαι.
2573 3561 2592 3592 ι

2324 3721 2379 3775 Ὁ
2406 3720 2802 3775 κατατάσσων
2821 3722 3098 3791 φυλακὰς
3135 3720 3506 3790 νυκτερινὰς.
3567 3721 3709 3792 Ὅρα
3740 3721 3822 3774 ὅτι

561 3806 702 3866 Vide
744 3811 895 3866 Elius
928 3811 1115 3865 laudes
1159 3813 1251 3867 Dei
1284 3821 1338 3867 et
1372 3814 1645 3883 praeconia
1695 3814 1986 3884 persequi,
2018 3830 2137 3869 cum

2243 3815 2491 3886 ἐγκώμια
2518 3815 2611 3868 τοῦ
2639 3814 2774 3868 Θεοῦ
2805 3817 2896 3870 καὶ
2925 3815 3127 3887 ὕμνους
3155 3816 3483 3887 διεξέρχεται
3510 3817 3539 3870 6
3589 3814 3819 3879 Ἐλιοῦς,

566 3901 636 3955 de
665 3916 729 3955 eo
761 3901 909 3957 dicat
945 3921 957 3956 :
990 3920 1009 3955 ι
1033 3904 1139 3972 Qui
1168 3905 1446 3960 distribuit
1473 3907 1752 3963 custodias
1781 3915 2134 3961 nocturnas.»

2241 3907 2414 3976 λέγων
2445 3909 2574 3980 περὶ
2597 3908 2784 3972 αὐτοῦ,
2815 3929 2833 3960 ι
2873 3909 2932 3961 Ὁ
2959 3908 3313 3963 κατατάσσων
3347 3906 3592 3977 φυλακάς
3625 3922 3817 3961 νυκτε-

566 3990 661 4049 Vis
689 4003 869 4046 autem
904 3995 1092 4050 videre
1120 3998 1394 4067 quomodo
1430 3999 1569 4054 Deus
1601 4010 1904 4055 nocturnas
1927 4000 2137 4068 vigilias

2244 4001 2416 4073 ρινάς.
2459 4020 2480 4053 ι
2511 4000 2698 4064 Θέλεις
2732 4000 2856 4054 ἰδεῖν
2890 4000 3007 4063 πῶς
3057 3999 3387 4055 κατατάσσει
3431 3997 3677 4068 φυλακὰς
3730 4015 3821 4051 νυ-

567 4085 896 4141 distribuat?
944 4085 1142 4141 Totum
1191 4089 1350 4157 hujus
1396 4090 1524 4145 vita:
1560 4100 1773 4160 tempus
1818 4108 1926 4148 nox
1966 4104 2050 4149 est
2086 4104 2137 4150 et

2243 4092 2496 4166 κτερινάς
2529 4095 2559 4147 6
2584 4093 2749 4157 Θεός;
2785 4092 2942 4156 Ὃλος
2968 4094 2995 4145 6
3022 4090 3155 4144 αἰὼν
3197 4085 3351 4156 οὗτος
3381 4089 3479 4157 νύξ
3506 4092 3646 4156 ἐστι,
3698 4089 3820 4143 σκό-

566 4177 825 4244 tencbrae,
879 4176 969 4230 lux
1012 4179 1063 4232 in
1113 4190 1387 4249 posterum
1439 4184 1533 4239 tibi
1582 4194 1934 4251 reservatur;
1990 4204 2135 4243 nunc

2241 4204 2333 4252 τος
2358 4187 2492 4241 ἐστί.
2530 4187 2603 4239 Τὸ
2636 4185 2750 4254 φῶς
2777 4185 3025 4257 τηρεῖται
3056 4202 3167 4238 σοι·
3203 4185 3299 4239 νῦν
3326 4185 3432 4257 γάρ
3459 4185 3527 4238 δι’
3557 4185 3818 4251 ἐσόπτρου

565 4268 713 4324 enim
760 4270 814 4323 in
854 4269 1070 4338 speculo
1108 4272 1252 4326 vides
1297 4274 1359 4333 ’⁵,
1408 4273 1580 4329 lucem
1617 4285 1797 4331 autem
1846 4278 2137 4347 aliquando

2246 4279 2481 4350 βλέπεις,
2511 4277 2723 4349 μέλλεις
2755 4277 2812 4331 δέ
2835 4295 2963 4331 ποτε
2990 4277 3202 4348 βλέπειν
3239 4277 3299 4330 τὸ
3322 4277 3455 4347 φῶς.
3489 4276 3698 4330 Οὐκοῦν
3727 4273 3822 4339 νύξ

566 4361 784 4416 visurus
821 4375 901 4416 es.
939 4360 1052 4415 Nox
1080 4363 1354 4418 enimvero
1377 4365 1480 4420 hoc
1506 4367 1761 4422 saeculum
1794 4379 1899 4433 est,
1924 4378 1978 4423 et
2001 4370 2137 4439 vigi-

2246 4373 2361 4424 ἐστι
2384 4372 2493 4433 πᾶς
2521 4373 2550 4424 6
2574 4368 2730 4433 αἰὼν,
2761 4369 2857 4423 καὶ
2889 4369 3048 4440 χρεία
3075 4369 3328 4439 φυλάκων
3368 4369 3712 4439 τεταγμένων
3744 4370 3822 4430 εἰς

567 4453 658 4510 liis
711 4453 987 4524 dispositis
1031 4454 1085 4507 in
1144 4465 1303 4510 nocte
1352 4458 1453 4512 hac
1498 4474 1631 4527 opus
1677 4470 1781 4525 est,
1843 4469 1902 4514 ut
1951 4461 2137 4529 vigiles

2243 4459 2415 4515 νύκτα
2436 4459 2749 4531 ταύτην,ἵνα
2774 4461 2823 4511 οἱ
2846 4459 3156 4528 φύλακες,οί
3177 4458 3269 4511 ἐπὶ
3290 4458 3397 4513 τῶν
3424 4459 3822 4528 νυκτῶν,φρου-

566 4549 820 4604 noctibus
865 4548 1129 4615 deputati,
1190 4564 1219 4602 a
1266 4550 1582 4618 latronibus,
1620 4568 1650 4606 a
1692 4552 1824 4608 feris
1884 4561 1939 4606 et
1970 4553 2137 4608 hosti-

2254 4552 2389 4624 ρῶσι
2416 4555 2540 4618 τοὺς
2570 4555 2628 4607 ὲν
2648 4553 2798 4619 νυξὶν
2819 4552 2928 4607 ἀπὸ
2952 4551 3059 4605 τῶν
3082 4551 3313 4624 λῃστῶν,
3333 4551 3441 4605 ἀπὸ
3467 4550 3577 4604 τῶν
3598 4551 3819 4623 θηρίων,

569 4640 691 4703 bus,
725 4655 818 4696 eos
845 4641 934 4710 qui
960 4642 1012 4693 in
1042 4650 1198 4695 nocte
1223 4650 1366 4705 sunt,
1394 4645 1720 4698 custodiant.
1751 4644 1981 4711 Quinam
2015 4660 2137 4700 vero

2250 4644 2358 4698 ἀπὸ
2388 4645 2496 4699 τῶν
2527 4645 2818 4716 πολεμίων.
2851 4644 3006 4708 Τίνες
3037 4647 3087 4698 οἱ
3116 4643 3389 4713 φύλακες;
3421 4644 3485 4696 Οἱ
3508 4641 3822 4715 παρεμϐάλο

570 4743 699 4789 sunt
732 4737 1025 4791 custodes?
1052 4737 1241 4809 Angeli
1273 4737 1364 4807 qui
1388 4738 1535 4794 circa
1561 4754 1661 4795 nos
1709 4741 1939 4796 lentoria
1975 4739 2137 4811 figunt

2250 4735 2430 4801 λοντες
2461 4737 2698 4807 ἄγγελοι.

571 4837 627 4883 ει
657 4837 835 4881 castra
845 4838 1135 4885 metantur.

645 4919 811 4974 Vsus.
854 4920 941 4974 il.
973 4920 1075 4986 Qui
1105 4930 1314 4991 separat
1345 4938 1425 4976 me
1452 4938 1483 4974 a
1514 4924 1941 4991 quadrupedibus
1966 4932 2137 4978 ιρι-τω.

2329 4922 2382 4974 Ὁ
2411 4920 2674 4991 διορίζων
2705 4941 2782 4993 με
2835 4923 2953 4978 ἀπὸ
2991 4922 3370 4992 τετραπόδων
3396 4921 3529 4993 γῆς.
3575 4922 3733 4977 Κατὰ
3769 4920 3822 4973 δὲ

576 5010 886 5067 Secundum
942 5013 1177 5082 reliquos
1230 5030 1379 5074 vero.
1442 5016 1573 5083 «qui
1627 5015 1790 5069 docet
1830 5031 1926 5070 nos
1982 5031 2148 5085 super

570 5102 819 5176 jumeuta
848 5113 1008 5159 terrae
1027 5146 1042 5170 ,
1078 5115 1132 5160 et
1156 5107 1430 5176 sapientes
1454 5121 1553 5160 nos
1592 5106 1769 5159 reddit
1799 5121 1964 5175 super
1991 5108 2144 5162 vola—

579 5197 693 5252 tilia
723 5211 844 5267 quae
886 5212 982 5265 per
1024 5211 1202 5252 aerem
1245 5197 1512 5260 volitant;
1542 5216 1560 5248 ι
1600 5196 1746 5251 solus
1782 5198 1926 5251 enim
1984 5198 2146 5254 homo

578 5290 788 5345 ratione
831 5300 1057 5344 ornatus
1096 5299 1198 5344 est.
1228 5290 1533 5345 Creationis
1572 5289 1737 5359 igitur
1774 5288 2042 5345 beneﬂcio
2076 5291 2145 5347 ab

574 5384 828 5440 omnibus
890 5384 1211 5438 animalibus
1268 5383 1508 5438 distincti
1563 5398 1807 5449 sumus;
1858 5383 1902 5437 si
1964 5394 2145 5439 autem

575 5484 834 5545 peccator
864 5484 920 5529 et
974 5476 1186 5528 adulter
1214 5472 1487 5536 evaseris,
1534 5481 1590 5527 et
1636 5487 1806 5543 prono
1848 5471 2041 5529 alfectu
2078 5474 2146 5529 ad

579 5575 783 5622 terram
815 5567 1186 5636 propenderis,
1225 5580 1255 5619 a
1286 5565 1729 5636 quadrupedibus
1768 5576 1927 5624 terra:
1960 5579 2144 5625 secre-

657 5744 702 5782 ¹⁸
734 5744 1032 5811 ΡδῖΙΙᾸΧΧΙ,
1075 5748 1126 5803 1.
1208 5746 1251 5777 ⁸⁸
1291 5745 1310 5800 l
1344 5744 1468 5801 Cor.
1515 5758 1633 5809 xm,
1674 5744 1759 5801 12.

2247 5014 2372 5078 τοὺς
2396 5015 2635 5078 λοιποὺς,
2676 5033 2695 5064 ι
2729 5014 2994 5069 διδάσκων
3029 5017 3177 5087 ἡμᾶς
3243 5016 3380 5088 ὑπὲρ
3426 5015 3495 5069 τά
3528 5016 3700 5085 κτήνη
3728 5014 3821 5083 τῆς

2246 5106 2370 5177 γῆς,
2398 5107 2492 5160 καὶ
2523 5107 2763 5186 σοφίζων
2790 5108 2925 5180 ὑπὲρ
2950 5107 3017 5160 τὰ
3051 5107 3190 5162 κατά
3210 5108 3301 5161 τὸν
3330 5108 3466 5178 ἀέρα
3502 5106 3821 5176 διιπτάμενα

2249 5202 2501 5256 πετεινά·
2541 5221 2561 5252 ι
2595 5201 2755 5272 μόνος
2789 5199 2896 5271 γὰρ
2919 5202 2948 5254 ὁ
2994 5200 3277 5272 ἄνθρωπος
3320 5200 3461 5271 λόγῳ
3520 5202 3818 5272 τετίμηται.

2256 5290 2408 5344 Κατά
2439 5291 2537 5362 μὲν
2568 5286 2659 5345 οὖν
2685 5290 2774 5345 τὸν
2801 5290 2956 5361 λόγον
2983 5293 3082 5363 τῆς
3113 5292 3467 5363 δημιουργίας
3496 5290 3824 5362 διωρίσμεθα

2253 5385 2360 5439 ἀπὸ
2387 5385 2603 5439 πάντων
2628 5385 2738 5440 τῶν
2770 5383 2923 5450 ζώων
2944 5402 2959 5416 ο
2995 5385 3090 5439 ἐὰν
3129 5384 3185 5438 δὲ
3211 5380 3280 5457 ᾗς
3310 5383 3651 5456 ἁμαρτωλὸς,
3694 5382 3823 5454 πόρ-

2254 5496 2362 5545 νος,
2386 5479 2728 5551 κατωφερὴς,
2768 5481 2829 5532 οὐ
2854 5479 3142 5553 διωρίσθης
3173 5479 3281 5533 ἀπὸ
3316 5477 3662 5550 τετραπόδων
3700 5476 3820 5545 γῆς,

2253 5570 2390 5629 ἀλλὰ
2447 5570 2931 5648 παραπνεὸλήθης
2989 5575 3102 5639 τοῖς
3132 5572 3372 5645 κτήνεσι,
3414 5569 3509 5627 καὶ
3532 5569 3722 5639 ἐγένου
3749 5567 3824 5630 ὥς
