4046 6152
452 198 587 253 1045

1725 276 1755 303 ο
1797 209 2102 275 SELECTA
2137 209 2202 267 IN
2232 210 2372 267 JOB.

3518 208 3655 265 £066

451 314 615 376 ἵππος
644 313 740 366 καὶ
772 314 994 385 ἡμίονος
1012 356 1025 380 ,
1054 312 1134 380 οἷς
1162 318 1261 372 οὐκ
1304 318 1418 375 ἐστι
1457 318 1698 387 σύνεσις,
1729 323 1821 378 καὶ
1846 325 1996 391 ἵππος

2119 338 2204 384 tus
2225 343 2329 382 non
2360 340 2418 381 es
2441 369 2455 392 ,
2497 324 2588 381 sed
2615 329 2959 395 comparatus
2985 336 3045 379 es
3068 320 3349 394 jumentis,
3377 326 3659 393 factusque

447 402 578 475 θηλυ
587 404 783 475 μανής.

1077 690 1214 743 ΚΕΦ
1237 728 1255 744 .
1278 682 1372 743 Μ’.

500 779 619 849 Μὴ,
652 779 814 836 ἀλλὰ
847 776 1022 841 ζῶσαι
1045 776 1247 848 ὥσπερ
1273 778 1427 847 ἀνὴρ
1451 777 1567 848 τὴν
1626 780 1826 849 ὀσφύν
1855 795 1995 835 σου.

426 871 510 926 Τὰ
546 870 644 943 μὲν
673 870 850 924 τέλεια
873 868 982 923 τῶν
1036 870 1428 941 ἀγωνισμάτων
1458 872 1571 935 τοῖς
1621 869 1800 935 καλῶς
1830 870 1997 941 ἀθλή-

425 978 554 1016 σασι
587 960 723 1033 μετά
750 959 841 1015 τὸν
877 959 988 1032 βίον
1011 961 1297 1015 ἀπόκειται
1328 959 1537 1014 τοῦτονο
1567 961 1718 1015 οὐδὲν
1747 961 1804 1015 δέ
1835 958 1997 1035 ἦττον

427 1054 521 1108 καὶ
549 1053 647 1125 ήδη
677 1055 710 1124 ἡ
747 1052 905 1125 χάρις
932 1051 1023 1106 τοῦ
1060 1051 1195 1106 Θεοῦ
1223 1052 1650 1125 ἀρῤαόωνίζεται
1679 1052 1807 1117 τοὺς
1835 1051 2000 1124 ἀθλη-

429 1145 543 1208 τάς.
576 1143 673 1197 Διά
706 1144 885 1205 τοῦτο,
919 1144 1007 1196 ὅτε
1058 1143 1365 1213 ἠγωνίσατο
1390 1142 1458 1196 τὰ
1494 1143 1724 1214 μέγιστα
1768 1144 1797 1196 6
1840 1144 1960 1196 Ἰὼϐ
1980 1161 1994 1175 ο

428 1232 538 1296 ὅτε,
568 1232 856 1287 ἀποϐαλὼν
888 1234 955 1286 τά
987 1234 1319 1306 ὑπάρχοντα,
1346 1233 1561 1300 ἐδόξασε
1587 1234 1678 1288 τὸν
1707 1234 1996 1289 δεδωκόταθ

428 1324 537 1387 ὅτε,
559 1323 893 1391 ἀποθέμενος
916 1322 985 1376 τά
1014 1322 1198 1389 τέκνα,
1228 1324 1587 1395 εὐχαρίστησε
1607 1322 1685 1395 τῷ
1738 1324 2000 1398 παρειλη-

429 1414 568 1485 φότι·
598 1414 708 1479 ὅτε,
741 1417 976 1487 νοσήσας
1004 1415 1080 1478 ὡς
1128 1413 1413 1486 σκώληκας
1458 1415 1746 1487 ἀνομδρεῖν
1771 1416 1878 1469 ἀπὸ
1903 1414 1997 1469 τοῦ

429 1505 699 1578 σώματος,
752 1507 814 1564 οὐ
851 1508 1126 1579 νενίκηται
1179 1507 1287 1561 ἀπὸ
1336 1506 1444 1560 τῶν
1476 1506 1684 1561 πόνων·
1738 1509 2000 1580 προοίμια

427 1600 522 1652 καὶ
547 1598 836 1671 capacem
861 1599 967 1653 τῶν
992 1598 1167 1653 ἄθλων
1197 1598 1409 1652 δίδωσιν
1438 1599 1586 1671 αὐτῷ
1613 1601 1642 1653 6
1688 1600 1841 1664 Θεὸς,
1866 1618 2003 1675 χρη-

2095 441 2156 483 es
2197 424 2345 479 sicut
2383 432 2555 488 equus
2577 429 2635 471 et
2664 417 2862 483 mulus,
2906 416 2960 471 iu
2990 415 3186 486 quibus
3217 431 3323 471 non
3371 424 3456 471 est
3498 416 3658 470 intel-

2095 517 2268 572 lectus
2302 513 2371 579 “,
2432 521 2491 567 et
2537 522 2709 581 equus
2758 508 2979 579 quidem
3031 515 3202 563 (nstro
3249 506 3486 563 libidinis
3532 523 3658 577 per-

2095 608 2232 663 citus
2265 606 2329 662 "’.

2723 688 2877 747 CAP.
2910 688 3027 745 XL.

2167 786 2332 842 Vens.
2394 787 2447 842 7.
2519 761 2905 854 Ne‘quaquam,
2964 783 3056 837 sed
3100 782 3369 851 accingere
3405 782 3539 836 sicut
3577 783 3660 836 vi‘r

2094 880 2325 933 lumbum
2358 884 2528 931 tuum.
2569 874 2640 929 lis
2686 874 2901 943 quidem
2931 872 3020 943 qui
3056 887 3113 927 se
3140 882 3391 929 strenuos
3427 872 3661 926 athletas

2095 970 2497 1040 praestiterunt,
2565 965 2786 1032 praemia
2839 963 3281 1034 praestantissima
3342 972 3465 1034 post
3517 964 3660 1018 hanc

2093 1060 2262 1116 vitam
2298 1055 2577 1113 recondita
2626 1064 2787 1118 sunt;
2839 1054 3186 1111 nihilominus
3221 1071 3363 1111 nunc
3407 1054 3567 1111 etiam
3601 1057 3658 1110 in

2095 1148 2347 1221 praesenti
2379 1145 2600 1206 saaculo,
2630 1144 2739 1199 illis
2768 1144 2943 1214 gratia
2977 1143 3072 1198 Dei
3096 1159 3196 1215 pro
3220 1144 3524 1200 arrhabone
3551 1154 3656 1200 est.

2096 1239 2302 1295 Idcirco
2347 1236 2515 1293 Jo‘bus
2560 1250 2684 1289 cum
2745 1249 3015 1288 summum
3076 1234 3368 1289 discrimen
3414 1236 3659 1298 adiisset,

2096 1345 2220 1386 cum
2258 1328 2413 1383 bonis
2449 1328 2708 1388 nudatus,
2756 1325 2999 1395 largitori
3052 1325 3280 1396 gloriam
3336 1320 3658 1395 detulisset;

2098 1431 2220 1473 cum
2249 1415 2431 1471 liberis
2458 1424 2714 1479 ornatus,
2743 1415 2943 1483 gratias
2971 1413 3234 1470 aul'erenti
3261 1415 3462 1486 egisset
3486 1435 3503 1481 ;
3539 1432 3660 1472 cum

2096 1506 2417 1580 aegritudine
2470 1506 2808 1569 laborasset,
2863 1505 2937 1559 ita
2987 1516 3048 1559 ut
3100 1519 3311 1561 vermes
3366 1520 3398 1562 e
3435 1521 3663 1574 corpore

2101 1601 2276 1656 instar
2317 1598 2508 1654 imbris
2565 1596 2938 1668 produxerim,
2995 1596 3255 1652 molestiis
3298 1604 3354 1652 et
3405 1599 3663 1654 aerumnis

430 1690 658 1761 ματίσας
689 1690 836 1762 αὐτῷ
862 1691 949 1745 διὰ
976 1691 1171 1761 νέφους
1193 1692 1288 1745 καὶ
1317 1690 1596 1757 λαίλαπος.
1625 1692 1884 1758 ’Δκούσας
1903 1690 1996 1748 οὖν

2099 1701 2382 1761 superatus
2410 1705 2518 1745 non
2548 1699 2671 1757 est;
2712 1703 2900 1744 verum
2948 1688 3088 1744 Deus
3114 1705 3145 1743 e
3194 1697 3337 1746 nube
3366 1700 3421 1747 et
3452 1692 3664 1746 turbine

428 1781 535 1834 τῶν
568 1782 847 1853 προτέρων
879 1782 1072 1851 λόγων,
1106 1782 1223 1837 δέον
1251 1783 1645 1856 ἀποκρίνασθαι
1674 1785 1810 1857 πρὸς
1838 1785 1991 1851 Θεὸν,

427 1875 625 1945 σιωπᾷ,
661 1873 736 1938 ὡς
764 1875 865 1927 οὐκ
896 1874 1033 1945 ἔχων
1066 1876 1374 1946 παρρησίαν
1395 1892 1408 1905 ⁸
1461 1874 1612 1929 οὔπω
1638 1877 1744 1949 γὰρ
1769 1877 1884 1949 ᾔδει
1913 1878 1992 1942 τὸ,

431 1980 452 2014 ι
491 1964 696 2034 Μωσῆς
720 1964 916 2030 ἐλάλει,
951 1968 980 2018 6
1003 1965 1061 2019 δὲ
1090 1965 1222 2029 Θεὸς
1244 1966 1574 2037 ἀπεκρίνατο
1603 1968 1751 2038 αὐτῷ
1771 1971 1942 2040 φωνῇ.
1967 1987 1989 2023 ι

437 2054 497 2108 Ὅ
528 2054 710 2126 μέντοι
760 2054 892 2120 Θεὸς
920 2057 1134 2112 δίδωσιν
1165 2058 1313 2130 αὐτῷ
1344 2060 1654 2132 παρρησίαν
1680 2058 1770 2113 τοῦ
1792 2058 1991 2129 λέγειν·

426 2147 519 2201 ita!
572 2146 807 2218 τοσαύτη
833 2149 979 2202 ἐστὶν
1011 2150 1174 2204 αὐτοῦ
1204 2153 1238 2222 ή
1266 2151 1588 2223 χρηστότης,
1618 2150 1756 2204 ὥστε
1797 2150 1996 2206 ἀναλα-

425 2237 540 2293 σεϊν
571 2239 730 2295 αὐτὸν
761 2241 1047 2312 πρόσωπον
1073 2242 1134 2296 οὐ
1167 2244 1462 2314 κρίνοντος,
1496 2243 1630 2298 ἀλλὰ
1678 2243 1993 2315 κρινομένου

428 2328 566 2399 μετά
596 2329 690 2382 τοῦ
720 2328 1026 2403 ἀνθρώπου.
1057 2331 1169 2385 Καὶ
1196 2332 1351 2386 ἄλλαι
1383 2332 1540 2386 τοῦτο
1576 2332 1822 2399 ἐδίδαξαν
1854 2332 1995 2404 Γρα-

425 2418 554 2490 φαί·
584 2418 660 2485 ὡς
689 2419 771 2482 τὸ,
792 2438 812 2473 ι
841 2420 1024 2485 Δεῦτε,
1058 2423 1152 2477 καὶ
1181 2422 1573 2495 διαλεχθῶμεψ
1616 2443 1636 2477 ι
1666 2424 1781 2486 καὶ,
1810 2443 1829 2476 ι
1856 2425 1995 2489 Λαός

427 2525 550 2581 μου,
578 2511 630 2563 τί
684 2513 912 2584 ἐποίησά
944 2531 1058 2581 σοις
1093 2533 1112 2567 ι
1151 2515 1287 2586 Ἤδη
1320 2511 1479 2569 ἆθλον
1530 2515 1743 2569 δίδωσιν
1775 2516 1924 2588 αὐτῷ
1966 2518 1996 2570 6

425 2598 578 2664 Θεὸς,
610 2600 692 2654 ὅτι
743 2602 1026 2676 ἄνθρωπον
1054 2605 1254 2677 ἐρωτᾷ,
1312 2606 1393 2659 ὅτι
1435 2605 1759 2660 πυνθάνεται
1808 2605 1992 2672 αὑτοῦ,

425 2690 506 2742 ὅτι
532 2690 743 2745 δίδωσιν
766 2693 1011 2760 ἐξουσίαν
1034 2695 1132 2767 τῆς
1161 2695 1520 2765 ἀποκρίσεως.
1559 2696 1622 2749 EE
1665 2696 1739 2768 μὴ
1773 2691 1841 2767 ἦν
1859 2712 1996 2749 νενι-

422 2780 631 2851 κηκὼς,
655 2784 754 2837 οὐκ
792 2784 1093 2856 ἐλάμϐανεν
1112 2801 1127 2817 ο
1162 2788 1211 2839 εί
1244 2787 1318 2857 μὴ
1346 2782 1414 2858 ἦν
1461 2787 1779 2858 ὑπομείνας,
1805 2789 1905 2841 οὐκ
1929 2787 1994 2842 ἂν

424 2871 652 2945 ἢκουσε⁸
687 2891 706 2924 ι
740 2873 918 2927 Ζῶσαι
972 2874 1160 2946 ὥσπερ
1211 2874 1347 2947 ἀνὴρ
1375 2876 1474 2947 τὴν
1501 2876 1669 2945 ὀσφύν
1695 2894 1810 2940 σου,
1853 2896 1872 2930 ι
1902 2877 1996 2931 καὶ

428 2964 503 3036 μὴ
537 2962 749 3018 σιώπα·
784 2964 896 3019 ἀλλ’
925 2964 1174 3037 ἀνδρίζου
1209 2968 1343 3038 πρὸς
1371 2968 1469 3031 τὰς
1521 2969 1844 3039 ἐρωτήσεις·
1886 2968 1996 3041 ὅσῳ

424 3058 535 3129 γὰρ
561 3059 731 3127 ὀσφύς
754 3077 895 3123 τινος
919 3062 1020 3114 οὐκ
1048 3061 1297 3126 ἐζωσται,
1331 3062 1449 3116 οὐδὲ
1477 3062 1879 3131 συνεσφιγκται,
1902 3062 1996 3116 ἀλ-
2023 3042 2065 3100 C

423 3148 494 3202 λά
518 3149 814 3214 λέλυται,οὒ
838 3151 1056 3206 δύναται
1086 3153 1319 3221 εὐλόγως
1345 3154 1739 3223 ἀποκρίνασθαι
1760 3156 1838 3227 τῷ
1853 3155 1990 3227 Θεῷ.

424 3242 517 3313 Μὴ
550 3242 816 3315 πρότερον
847 3239 939 3298 οὖν
982 3244 1367 3316 ἀποκρινάσθω
1391 3262 1474 3309 τις
1503 3245 1580 3316 τῷ
1607 3246 1746 3318 Θεῷ,
1792 3248 1887 3302 ἐὰν
1920 3249 1994 3321 μὴ

423 3335 564 3406 ἀνὴρ
594 3334 816 3405 γένηται
841 3335 1043 3400 τέλειος
1092 3337 1191 3408 τὴν
1218 3336 1590 3409 πνευματικὴν
1635 3338 1848 3409 ἡλικίαν
1903 3341 1996 3394 καὶ

422 3425 522 3496 τὴν
549 3428 718 3495 ὀσφὺν
745 3426 1002 3499 ζώσηται.

2100 1797 2222 1838 eum
2248 1782 2535 1849 allocutus,
2558 1780 2905 1850 praemiorum
2935 1781 3290 1849 primordium
3322 1791 3377 1837 et
3402 1783 3663 1837 arrhabo-

2101 1892 2223 1931 nem
2277 1876 2323 1930 ei
2392 1874 2657 1930 concedit.
2723 1873 3166 1942 Quandoquidem
3222 1884 3404 1929 autem
3466 1875 3664 1931 auditis

2100 1967 2466 2036 superioribus
2512 1965 2604 2020 Dei
2657 1965 3035 2031 sermonibus,
3093 1979 3216 2018 cum
3261 1966 3408 2021 vices
3442 1980 3662 2037 respon-

2100 2057 2259 2112 dendi
2302 2056 2373 2110 illi
2406 2055 2797 2116 incubuissent,
2839 2054 3036 2108 ﬁducia
3069 2054 3320 2123 loquendi
3346 2057 3661 2124 destitutus,

2101 2151 2372 2205 silentium
2437 2148 2640 2220 egisset
2688 2146 2946 2219 (nondum
2998 2147 3145 2200 enim
3195 2146 3322 2201 illud
3373 2149 3661 2209 didicerat.

2107 2257 2127 2291 ι
2154 2239 2329 2294 Moses
2355 2239 2694 2309 loquebatur,
2720 2237 2858 2290 Deus
2886 2243 3062 2289 autem
3093 2251 3225 2292 voce
3244 2237 3293 2290 ei
3310 2229 3667 2303 respondit»),

2102 2337 2243 2389 Deus
2283 2332 2531 2402 loquendi
2572 2331 2824 2384 liduciam
2851 2329 2900 2383 ei
2938 2329 3214 2399 impertit;
3254 2337 3508 2400 tantaque
3545 2332 3661 2402 ejus

2100 2421 2408 2492 benignitas
2457 2428 2561 2487 est,
2604 2428 2665 2473 ut
2708 2433 2811 2474 non
2859 2420 3087 2489 judicis,
3134 2421 3226 2475 sed
3275 2435 3398 2475 eum
3440 2422 3661 2477 homine

2101 2514 2443 2570 decernentis
2497 2526 2780 2581 personam
2834 2511 3302 2581 suscipiat:quod
3354 2511 3473 2567 aliis
3511 2512 3661 2568 Scri-

2099 2615 2271 2675 pturae
2295 2603 2428 2657 locis
2442 2599 2768 2667 ostenditur;
2787 2610 2865 2666 ut,
2894 2601 3135 2666 «Venite,
3154 2613 3207 2654 et
3232 2616 3519 2673 arguamus
3547 2602 3657 2668 ¹⁸;»

2101 2707 2201 2751 et:
2245 2695 2523 2764 «Populus
2570 2708 2757 2759 meus,
2802 2694 2931 2762 quid
2983 2695 3086 2750 feci
3150 2695 3244 2749 tibi
3313 2695 3400 2748 ‘9?
3429 2715 3448 2748 ι
3508 2695 3659 2762 Quod

2100 2787 2375 2845 hominem
2431 2788 2752 2856 interroget,
2807 2788 2950 2854 quod
3005 2786 3309 2856 loquentem
3356 2789 3557 2855 audiat,
3608 2795 3662 2841 et

2102 2882 2246 2952 quod
2290 2878 2649 2950 respondendi
2709 2877 2982 2933 licentiam
3040 2880 3337 2946 concedat,
3401 2879 3662 2933 hactenus

2100 2973 2323 3045 praemio
2351 2988 2471 3027 eum
2502 2973 2642 3027 Deus
2663 2970 2863 3026 affecit.
2897 2970 2953 3026 Si
2988 2971 3164 3026 victor
3192 2985 3296 3024 non
3324 2970 3617 3025 exstitisset
3643 3009 3659 3034 ,

2101 3060 2265 3132 508
2291 3061 2568 3129 praemium
2600 3077 2703 3115 non
2736 3068 3096 3129 reportasset;
3131 3059 3173 3113 si
3216 3059 3382 3112 animi
3408 3068 3663 3114 constan-

2102 3158 2230 3212 tiam
2269 3171 2374 3210 non
2408 3155 2754 3218 ostendisset,
2802 3152 2930 3208 illud
2970 3158 3154 3224 utique
3203 3168 3308 3207 non
3346 3152 3660 3218 audivisset,

2104 3249 2378 3318 «Accinge
2405 3248 2547 3303 sicut
2574 3247 2657 3300 vir
2689 3246 2930 3299 lumbum
2968 3254 3141 3305 tuum,
3176 3263 3194 3298 ι
3241 3244 3348 3300 noli
3384 3244 3659 3299 silentium

2101 3351 2287 3409 agere,
2307 3338 2401 3392 sed
2424 3337 2491 3393 ad
2518 3334 2946 3405 respondendum
2976 3336 3212 3390 animum
3238 3335 3444 3390 virilem
3477 3336 3659 3389 indue:

2099 3439 2367 3501 quatenus
2408 3430 2551 3484 enim
2588 3430 2753 3484 lumbi
2803 3427 3029 3496 alicujus
3069 3428 3290 3482 minime
3329 3427 3556 3483 accincti
3608 3436 3664 3481 et

425 3524 728 3591 constricti,
760 3526 852 3579 sed
908 3526 1068 3580 soluti
1105 3536 1251 3595 sunt,
1299 3527 1346 3584 is
1396 3528 1531 3596 Deo,
1569 3536 1730 3598 prout
1765 3537 2186 3583 consentaneum
2225 3535 2332 3589 est,
2371 3526 2701 3593 respondere
2740 3540 2843 3580 non
2894 3533 3088 3596 potest.
3127 3525 3233 3579 Deo
3294 3525 3457 3594 igitur
3502 3538 3662 3578 nemo

424 3620 576 3680 prius
605 3615 950 3682 respondeat,
997 3605 1155 3687 quam
1192 3618 1460 3688 spirituali
1497 3629 1699 3675 statura
1747 3620 1832 3673 vir
1860 3628 2268 3674 consummatus
2287 3619 2544 3683 evaserit,
2569 3627 2623 3671 et
2645 3618 2857 3672 lumbos
2878 3617 3200 3671 accinxerit.

492 3709 589 3777 Μὴ
614 3710 908 3766 daren/orci}
931 3730 1050 3781 μου
1074 3712 1139 3766 τὸ
1167 3713 1362 3783 κρῖμα.
1390 3714 1481 3787 Μὴ
1511 3714 1624 3769 οἴου
1656 3713 1865 3784 ἀλόγως
1899 3731 1993 3768 κε-

422 3800 646 3873 κρίσθαι
693 3819 779 3872 μοι
823 3802 992 3856 ταῦτα
1021 3803 1160 3877 ἅπερ
1193 3804 1508 3876 ὑπέμεινας,
1569 3806 1701 3876 μηδὲ
1730 3804 1994 3860 ἀποποιοῦ

428 3910 530 3964 μου
557 3894 616 3947 τὸ
637 3896 826 3966 κρῖμα.
858 3895 1061 3949 Τούτου
1086 3895 1180 3949 τοῦ
1220 3895 1404 3968 ῥητοῦ.
1429 3897 1502 3960 ὡς
1540 3897 1810 3969 χρησίμου
1857 3916 1996 3970 μνη-

429 3986 759 4057 μονεύωμεν,
785 3988 911 4040 ὅταν
930 3988 958 4039 6
977 3988 1109 4052 Θεὸς
1141 3988 1333 4043 παθεῖν
1360 4007 1412 4042 τι
1444 3991 1589 4060 ἡμᾶς
1612 3991 1792 4063 κρίνῃ,
1810 3990 1996 4045 τέκνον

424 4076 738 4137 ἀποϐαλεῖν,
778 4078 949 4153 ἀρχὴν
974 4079 1253 4142 ἀπολέσαι,
1309 4081 1531 4152 νοσῆσαι
1565 4080 1706 4133 κατά
1725 4081 1786 4134 τὸ
1813 4081 1994 4152 σῶμα,

423 4169 453 4223 ὅ
475 4185 528 4222 τι
554 4171 750 4240 δήποτε
771 4171 973 4224 τούτων
1003 4172 1301 4243 ὑποστῆναι
1323 4188 1335 4201 ·
1384 4172 1536 4225 οὐδὲν
1573 4172 1775 4225 τούτων
1800 4167 1910 4225 οἷόν
1939 4189 2000 4226 τε

425 4259 619 4314 παθεῖν
641 4262 808 4332 ἡμᾶς,
844 4261 917 4334 μὴ
946 4263 1220 4334 κρίνοντος
1240 4263 1332 4316 τοῦ
1363 4262 1520 4319 Θεοῦ.
1563 4263 1714 4317 Ἐπεὶ⁴
1734 4260 1826 4318 οὖν
1849 4264 1999 4317 οὐδὲν

423 4350 626 4405 τούτων
674 4352 879 4421 γίνεται
911 4352 1078 4424 χωρὶς
1124 4353 1391 4426 κρίματος
1442 4352 1535 4407 τοῦ
1588 4354 1745 4418 Θεοῦ,
1785 4354 1998 4424 λέγεται

426 4444 561 4514 πρὸς
587 4444 678 4496 τὸν
714 4444 948 4497 παθόντα
973 4461 986 4474 ·
1019 4464 1037 4495 ι
1069 4445 1159 4516 Μὴ
1203 4445 1465 4499 ἀποποιοῦ
1508 4463 1609 4518 μου
1654 4446 1716 4501 τὸ
1744 4448 1936 4518 κρῖμα·
1972 4466 1992 4499 ι

2173 3712 2335 3767 Vens.
2375 3713 2431 3768 8.
2475 3711 2558 3766 Ne
2581 3712 2802 3781 repellas
2814 3710 3083 3780 judicium
3106 3725 3297 3766 meum.
3327 3709 3445 3766 Noli
3471 3712 3659 3768 existi-

2098 3821 2250 3862 mare
2293 3819 2378 3858 nte
2428 3816 2711 3874 perperam
2737 3810 2791 3856 et
2816 3802 2932 3856 sine
2962 3800 3192 3865 ratione,
3232 3816 3293 3855 ea
3323 3816 3443 3871 qua:
3468 3816 3662 3871 passus

2097 3914 2155 3955 es
2175 3896 2465 3967 judicasse,
2501 3908 2675 3963 neque
2712 3892 2978 3963 judicium
3012 3906 3188 3946 meum
3220 3893 3478 3963 delugito.
3518 3894 3660 3950 Dicti

2100 3989 2258 4055 hujus
2281 3987 2567 4040 utilitatem
2595 3982 2854 4038 memoria
2880 3982 3212 4048 recolamus,
3242 3999 3361 4038 cum
3391 3983 3529 4039 Deus
3551 3984 3661 4055 pati

2100 4096 2200 4137 nos
2253 4077 2460 4148 aliquid
2513 4076 2838 4139 decreverit,
2892 4075 2938 4129 si
2991 4073 3280 4129 liberorum
3324 4076 3611 4132 orbitatem
3642 4120 3661 4147 ,

2097 4173 2405 4228 dominatus
2440 4168 2808 4232 amissionem,
2849 4167 3096 4237 corporis
3130 4170 3503 4239 aegritudinem
3526 4211 3542 4237 ,
3574 4171 3663 4226 vel

2096 4265 2299 4335 aliquid
2335 4262 2640 4334 bujusmodi
2674 4259 2862 4315 subire
2886 4269 3139 4330 oporteat
3168 4279 3187 4317 ξ
3218 4262 3334 4316 fieri
3372 4265 3513 4318 enim
3551 4280 3660 4320 non

2095 4364 2292 4427 potest,
2318 4363 2379 4408 ut
2409 4354 2527 4408 sine
2567 4351 2658 4407 Dei
2680 4351 2886 4420 judicio
2932 4351 3225 4422 quidquam
3265 4354 3451 4408 horum
3485 4356 3660 4423 patia-

2097 4463 2239 4502 mur.
2262 4445 2392 4500 Cum
2427 4444 2609 4514 itaque
2636 4443 2841 4512 absque
2866 4442 3273 4521 divinojudicio
3303 4445 3436 4500 nihil
3468 4448 3660 4503 borum

423 4535 685 4598 τουτέστι,
718 4534 808 4607 Μὴ
854 4534 1098 4606 ἀπαρνοῦ
1150 4537 1287 4608 ὅπερ
1316 4536 1505 4610 ἔκρινα
1546 4538 1674 4608 περὶ
1729 4536 1851 4597 cui;
1903 4538 1992 4597 τὸν

2098 4538 2333 4603 eveniat,
2386 4538 2614 4593 adversa
2667 4535 2916 4590 toleranti
2973 4535 3188 4602 dicitur,
3253 4538 3366 4592 «Ne
3433 4538 3663 4609 repellas

426 4624 668 4695 παρόντα
691 4624 835 4694 λέγει
854 4642 956 4696 χρη
965 4625 1252 4697 ματισμόν.

496 4903 617 4957 Οἴει
659 4902 726 4957 δέ
750 4920 826 4973 με
865 4902 1066 4971 ἄλλως
1097 4921 1196 4959 σοι
1239 4906 1763 4980 κεχρημπικέιάι,
1801 4908 1840 4978 ἢ
1888 4910 1989 4963 ἵνα

421 4994 734 5063 ἀναφανῇς
758 4995 1021 5062 elaeatae;
1078 4996 1466 5068 Ἀπολογοῦμαί
1496 5014 1604 5051 σοι*
1668 4999 1870 5064 δίκαιος
1896 4997 1985 5072 ἧς,

368 5083 379 5091 “
422 5084 536 5138 ἀλλ’
589 5086 688 5139 οὐκ
736 5082 804 5157 ἧς
852 5087 1108 5158 φανερόςο
1177 5089 1451 5161 ὑπομονὴν
1509 5085 1691 5161 εἶχες·
1758 5092 1863 5144 ἔδει
1921 5110 1988 5162 με

422 5177 674 5250 ἀφορμὴν
714 5183 1012 5252 παρασχεῖν
1044 5180 1135 5234 τοῦ
1158 5180 1364 5252 λάμψαι
1403 5199 1496 5236 σου
1526 5183 1625 5253 τὴν
1671 5185 1944 5257 ὑπομονήν
1970 5202 1985 5217 ·

423 5262 568 5339 εἶχες
590 5270 838 5343 ἀνδρείαν
858 5289 871 5302 ·
927 5271 1042 5325 ἀλλ’
1071 5270 1368 5345 ἐκρύπτετο
1391 5274 1448 5327 ἐν
1478 5274 1588 5327 σοί·
1629 5275 1677 5327 οἱ
1713 5276 1987 5347 συμϐεϐη-

423 5359 579 5423 κύτες
610 5362 758 5415 πόνοι
795 5362 999 5427 ἑδειξάν
1034 5381 1126 5420 σου
1157 5365 1254 5435 τὴν
1299 5364 1566 5437 ἀνδρείαν.
1613 5365 1827 5419 Τούτων
1854 5384 1988 5438 μνη-

425 5451 733 5523 μονεύωμεν
753 5454 812 5507 ἐν
833 5456 944 5513 τοῖς
964 5454 1070 5507 τῶν
1092 5455 1456 5526 περιστάσεων
1476 5461 1701 5528 καιροῖς,
1721 5458 1813 5511 καὶ
1829 5457 1993 5524 δόξω-

2091 4630 2353 4699 judicium
2389 4644 2588 4690 meum,
2619 4647 2639 4679 ι
2684 4628 2739 4682 id
2774 4639 2878 4694 est,
2907 4629 3049 4697 quod
3083 4626 3150 4683 de
3178 4637 3230 4683 te
3254 4627 3461 4697 judicio
3495 4633 3660 4687 statui

2097 4725 2361 4793 (praesens
2409 4720 2621 4775 scilicet
2683 4735 2997 4790 responsum
3055 4721 3256 4793 meum)
3318 4724 3423 4777 noli
3475 4724 3659 4779 detre—

2092 4827 2262 4870 ctare.

2165 4906 2333 4961 Putas
2363 4917 2537 4961 autem
2580 4923 2661 4961 me
2704 4908 2859 4962 aliter
2890 4910 2985 4964 tibi
3018 4910 3345 4977 respondisse
3369 4952 3385 4978 ,
3411 4927 3568 4977 quam
3603 4923 3656 4964 ut

2094 5010 2346 5064 appareas
2377 4994 2604 5064 justus?
2646 4994 2833 5050 Justus
2866 5012 3017 5063 eras,
3065 4998 3255 5062 fateor,
3309 5016 3500 5055 verum
3540 5003 3658 5056 aliis

2094 5088 2308 5159 ignotus
2332 5103 2347 5151 ;
2371 5086 2632 5156 patientia
2665 5088 3044 5155 instruebaris,
3070 5091 3164 5145 sed
3188 5100 3244 5145 nt
3272 5092 3530 5161 patientia
3566 5103 3653 5146 tua

2093 5181 2342 5247 eniteret,
2378 5180 2721 5236 occasionem
2769 5195 2854 5235 nte
2893 5183 3133 5251 praebere
3155 5184 3433 5250 oportuit;
3473 5185 3657 5239 animo

2094 5271 2218 5327 forti
2244 5286 2386 5335 eras,
2419 5273 2511 5326 sed
2544 5271 2798 5326 latentem
2829 5273 2881 5327 in
2913 5283 2965 5328 te
2995 5272 3366 5328 fortitudinem
3398 5290 3656 5330 aerumnae

2094 5375 2150 5420 et
2182 5365 2440 5420 molestiae
2463 5378 2582 5433 qua:
2606 5363 2699 5419 tibi
2730 5366 3090 5434 contigerunt,
3119 5365 3449 5434 perspicuam
3477 5367 3657 5420 reddi-

2098 5459 2312 5513 derunt.
2367 5454 2567 5509 Horum
2620 5459 2984 5521 recordemur,
3035 5471 3155 5510 cum
3189 5456 3525 5510 calamitates
3558 5470 3654 5511 nos

500 5635 545 5666 “
584 5633 723 5691 Psal.
767 5651 963 5702 xu'tn,
1007 5637 1093 5703 15,
1124 5638 1214 5704 21,
1257 5653 1405 5702 xxxr,
1466 5638 1519 5694 9.
1594 5640 1634 5672 ¹⁷
1690 5637 1891 5696 Jerem.
1930 5656 1983 5707 ν,

2165 5640 2207 5673 ¹⁸
2246 5638 2557 5707 lsai.t,18.
2634 5639 2676 5672 ⁸⁸
2717 5638 2877 5696 Micb.
2919 5657 2995 5712 Vt,
3035 5641 3089 5698 3.
