4046 6152
441 284 584 341 1055

1709 275 2018 333 SELECTA
2052 275 2119 331 IN
2157 276 2496 333 PSALMOS.

3549 275 3689 333 1054

442 404 580 461 alios
612 400 895 469 scriptores
924 395 1328 469 ecclesiasticos,
1358 393 1643 469 Eusebium
1682 407 1832 463 puta,
1875 394 1918 449 Τ
1919 398 2281 469 Iteodoretum,
2306 406 2397 469 aut
2420 394 2876 469 _alios_quoslibet_,
2912 404 3156 463 parentes
3182 395 3373 451 habere
3399 396 3687 469 deprehen-

439 479 614 530 dimus
638 488 657 537 ;
687 464 876 523 ca'tera
898 484 1015 522 vero
1041 467 1375 537 admittenda
1395 466 1503 519 visa
1532 474 1672 527 sunt,
1699 482 1800 520 non
1829 476 1883 537 ut
1911 467 2037 537 certi
2068 478 2221 533 atque
2246 465 2530 518 indubitati
2564 464 2804 535 Origenis
2826 466 2989 536 fetus,
3021 483 3112 521 nec
3136 482 3191 520 ut
3215 483 3330 537 quae
3355 467 3430 522 vel
3455 484 3481 520 e
3508 469 3686 530 tomis,

437 543 519 600 uel
548 544 613 596 ea:
641 538 973 603 Enchiridio,
1003 548 1093 590 aut
1119 553 1184 591 ea:
1216 536 1474 599 homiliis,
1503 536 1549 589 si
1590 550 1758 603 pauca
1792 536 2078 588 admodum
2126 537 2377 602 excipias,
2431 546 2681 603 excerpta
2712 552 2823 589 esse
2871 546 3093 601 constet,
3143 554 3198 589 se

3276 546 3331 588 ut
3376 552 3494 600 qua:
3518 539 3672 592 certis

438 610 767 682 argumentis
803 602 1124 682 {damnatio
1162 615 1340 682 nostra
1385 621 1602 682 prorsus
1646 604 1962 682 abjttdirare~
2002 622 2106 682 non
2152 609 2438 682 potuimus.
2473 603 2554 657 Ea
2569 602 2773 682 partim
2797 622 2824 659 e
2855 604 3068 682 Catenis
3095 608 3251 682 editis
3279 622 3318 682 α
3363 606 3683 682 Ba‘lthasare

437 672 695 736 Co'rderio
726 687 778 732 et
823 676 1040 731 Daniele
1068 675 1331 738 Barbara,
1386 672 1579 742 partim
1616 672 1868 728 ese/tedis
1919 672 2106 728 Grabii
2151 677 2241 744 qui
2288 677 2493 728 codices
2547 674 2896 744 Anglicanas,
2931 687 2979 728 et
3010 674 3313 743 Combeﬁsii
3356 677 3448 744 qui
3481 677 3686 731 codices

438 752 632 821 Regios
658 747 954 813 exscripsit,
981 747 1174 815 partim
1202 746 1419 816 denique
1451 759 1479 799 ε
1515 745 1671 799 codd.
1700 761 1826 800 mss.
1850 745 2176 800 bibliotheca:
2204 743 2566 803 Coisliniame.
2597 743 2688 798 nec
2716 761 2820 798 non
2846 760 2911 798 ea:
2951 744 3074 800 aliis
3115 745 3247 800 locis
3289 743 3406 817 qua:
3442 761 3538 804 suo
3572 746 3687 801 loco

436 823 764 886 indicantur,
782 821 1085 888 deprompta
1113 825 1257 872 sunt.

916 1212 1235 1383 EK
1358 1207 1849 1387 ΤΩΝ,
1937 1199 3207 1380 ΩΡΙΓΕΝΟΥΣ

1442 1493 1706 1623 ΕΙΣ
1775 1483 2671 1622 ΨΑΛΜΟΥΣ.

1591 1901 1782 2014 EX
1856 1897 2389 2017 OBIGEN
2401 1898 2526 2015 IS

1175 2137 2099 2234 COMMENTARIIS
2172 2142 2298 2231 IN
2376 2137 2945 2233 PSALMOS.

1996 2342 2073 2356 ~

508 2496 604 2551 Διὰ
629 2494 756 2560 τοὺς
776 2490 1285 2565 ἐπιγεγραμμένους
1314 2490 1564 2564 ψαλμοὺς
1613 2511 1635 2546 ι
1675 2495 1756 2559 είς
1802 2492 1865 2547 τὸ
1912 2493 2007 2548 τέ-

2182 2494 2343 2566 513
2360 2492 2584 2563 Propter
2594 2491 2852 2564 psalmos,
2872 2509 2893 2542 ι
2918 2491 2968 2544 in
2985 2489 3142 2544 ﬁnem
3166 2507 3185 2541 ι
3204 2489 3510 2559 inscriptos,
3532 2496 3686 2549 vocis

435 2588 544 2653 λος,
582 2607 602 2640 ι
639 2584 1012 2657 ἐπελεξάμεθα
1048 2585 1177 2648 τοὺς
1220 2584 1381 2656 ὅρους
1411 2583 1599 2648 αὐτοῦ,
1638 2586 1703 2639 ὲκ
1761 2585 1859 2657 μὲν
1904 2585 2014 2639 τῶν

447 2678 841 2750 Ἀριστοτέλους
864 2676 1036 2741 οὕτως
1061 2675 1314 2747 ἔχοντας·
1348 2677 1514 2741 Τέλος
1541 2678 1690 2731 ἐστὶν
1722 2670 1785 2731 οὗ
1827 2678 2015 2734 ἕνεκεν

433 2769 503 2824 τὰ
527 2768 679 2834 ἄλλα,
714 2769 846 2822 αὐτὸ
875 2767 931 2821 δὲ
963 2767 1187 2839 μηδενὸς
1212 2767 1398 2823 ἕνεκεν
1432 2786 1447 2800 ”
1487 2769 1521 2841 ἢ
1548 2768 1749 2833 οὕτως·
1799 2764 1861 2825 οὗ
1894 2770 2012 2825 ἓνε-

433 2876 531 2914 γρν
564 2860 634 2913 τὰ
663 2859 817 2925 ἄλλα,
843 2859 974 2912 αὐτὸ
1004 2858 1061 2911 δὲ
1092 2860 1191 2911 οὐκ
1221 2860 1399 2912 αὐτῶν
1419 2858 1580 2913 ἕνεκα
1598 2876 1611 2890 ’
1643 2859 1677 2931 ἢ
1709 2859 1912 2924 οὕτως·
1943 2861 2011 2914 δι’

432 2940 494 3002 οὗ
521 2948 592 3003 τὰ
613 2948 749 3003 ἄλλα
770 2965 855 3014 τις
886 2949 1138 3021 πράττει,
1180 2950 1312 3002 αὐτὸ
1332 2949 1388 3003 δὲ
1423 2949 1509 3003 διὰ
1540 2950 1707 3021 μηδὲν
1735 2949 1864 3004 ἄλλο
1882 2966 1897 2981 ’
1946 2951 2013 3005 ὲκ

433 3039 491 3092 δὲ
518 3038 626 3093 τῶν
666 3038 951 3111 Ἦροφίλου
987 3038 1113 3110 περὶ
1154 3039 1399 3110 Στωϊκῆς
1445 3040 1722 3110 ὀνομάτων
1763 3040 2011 3112 χρήσεως

434 3130 638 3197 οὕτως·
675 3132 843 3195 Τέλος
871 3132 916 3185 δ’
952 3127 1094 3185 εἶναι
1120 3131 1336 3200 λέγουσι
1365 3132 1474 3203 (l7)
1533 3132 1898 3205 κατηγόρημα
1948 3125 2008 3187 οὗ

432 3222 617 3276 ἕνεκεν
650 3221 721 3276 τὰ
745 3220 908 3275 λοιπὰ
932 3220 1265 3293 πράττομεν,
1305 3221 1435 3275 αὐτὸ
1459 3221 1516 3275 δὲ
1537 3221 1750 3285 οὐδενὸς
1783 3222 1971 3276 ἓνεκεν
1988 3237 2005 3252 ·

432 3315 494 3372 τὸ
535 3316 592 3372 δὲ
628 3314 899 3386 συζιδγοῦν
940 3313 1136 3386 τούτῳ,
1185 3314 1440 3385 καθάπερ
1475 3316 1509 3385 ἡ
1570 3314 1884 3385 εὐδαιμονία
1928 3315 2009 3387 τῷ

433 3408 790 3480 εὐδαιμονεῖν,
823 3407 1058 3462 σκοπόν·
1097 3406 1126 3459 ὃ
1160 3405 1225 3477 δὴ
1257 3405 1484 3477 ἔσχατόν
1540 3407 1657 3461 ἐστι
1695 3406 1806 3461 τῶν
1858 3409 2008 3480 αἱρε-

431 3516 562 3554 των.

503 3675 568 3730 Ει
599 3674 658 3730 δὲ
687 3675 783 3729 καὶ
811 3675 862 3729 οί
891 3674 1020 3747 περὶ
1052 3672 1188 3728 Θεοῦ
1220 3675 1357 3746 ὅροι,
1403 3674 1497 3728 καὶ
1530 3675 1633 3730 ὅσα
1681 3675 2007 3748 σημαίνεται

433 3769 499 3822 ἐν
520 3766 621 3839 τῆς
663 3768 808 3835 Θεός
845 3766 1236 3838 προσηγορίας,
1266 3767 1532 3839 χρήσιμόν
1572 3785 1630 3821 τι
1681 3770 1811 3839 ἡμῖν
1863 3787 2007 3842 παρ-

2114 2585 2258 2642 illius
2300 2585 2644 2640 deﬁnitiones
2668 2583 2957 2653 selegimus
3009 2597 3077 2636 ex
3120 2581 3411 2637 Aristotele
3446 2583 3558 2638 sic:
3586 2584 3681 2638 Fi-

2114 2680 2202 2735 nis
2230 2687 2314 2733 est
2343 2679 2394 2732 id
2426 2676 2580 2746 cujus
2602 2691 2769 2731 causa
2804 2675 2933 2738 alia,
2958 2674 3133 2742 ipsqu
3162 2688 3289 2729 vero
3323 2675 3528 2731 nullius
3547 2692 3683 2730 cau-

2113 2785 2207 2835 sa;
2253 2767 2339 2822 vel
2389 2768 2491 2822 hoc
2528 2766 2904 2835 modozcujus
2949 2779 3114 2820 causa
3165 2764 3294 2830 alia,
3331 2766 3504 2836 ipsum
3541 2782 3673 2822 vero

2113 2877 2222 2917 non
2266 2874 2455 2914 eorum
2496 2874 2692 2923 causa;
2738 2858 2854 2913 sive
2904 2857 3004 2910 hoc
3050 2865 3247 2925 pacto:
3284 2868 3505 2926 propter
3532 2857 3682 2928 quod

2114 2954 2217 3009 alia
2257 2953 2435 3024 quivis
2479 2960 2757 3023 operatur,
2792 2951 2964 3019 ipsum
2995 2966 3124 3005 vero
3154 2961 3372 3020 propter
3408 2950 3555 3005 aliud
3589 2953 3678 3006 ni-

2111 3046 2207 3103 hil.
2240 3046 2323 3102 Ex
2355 3043 2646 3115 Herophilo
2669 3052 2871 3106 autem.
2910 3042 2976 3097 de
3013 3041 3196 3098 Stoico
3243 3044 3521 3097 nominum
3556 3058 3681 3111 usu,

2113 3137 2218 3192 hoc
2274 3138 2473 3191 modo:
2523 3135 2711 3190 Finem
2743 3148 2875 3190 vero
2916 3133 3106 3188 dicunt
3155 3148 3275 3190 esse
3311 3145 3679 3206 categorema,

2112 3240 2209 3281 seu
2227 3224 2598 3296 praedicatum,
2621 3224 2776 3293 cujus
2791 3237 2956 3277 causa
2991 3223 3193 3292 reliqua
3218 3224 3468 3289 facimus,
3495 3225 3670 3293 ipsum

2108 3331 2244 3373 vero
2279 3316 2484 3371 nullius
2517 3330 2705 3370 causa.
2733 3315 2888 3382 Quod
2915 3323 3097 3369 autem
3137 3315 3288 3380 huic,
3323 3314 3533 3370 scilicet
3566 3317 3682 3382 ﬁni,

2109 3409 2411 3481 coniungit,
2440 3408 2614 3464 veluti
2633 3408 2913 3464 beatitudo
2938 3407 2986 3462 ei
3012 3409 3154 3476 quod
3185 3418 3268 3462 est
3298 3406 3515 3462 beatum
3542 3422 3681 3475 esse,

2109 3514 2332 3571 scopum
2389 3499 2709 3571 appellant:
2743 3498 2890 3570 quod
2948 3508 3034 3554 est
3080 3500 3504 3570 appetendorum
3557 3498 3673 3552 ulti-

2109 3606 2279 3649 mum.

2180 3683 2263 3739 An
2301 3697 2431 3737 vero
2474 3681 2816 3738 deﬁnitiones
2870 3679 2962 3734 Dei
3007 3690 3059 3733 et
3092 3679 3258 3734 variae
3303 3678 3464 3750 huius
3527 3680 3675 3735 vocis

2112 3776 2255 3831 Deus
2296 3776 2744 3847 signiﬁcationes,
2803 3789 2870 3829 ex
2921 3773 3140 3843 Optimis
3190 3772 3549 3843 scriptoribus
3598 3789 3681 3830 se.

434 3856 664 3925 έξουσιν,
695 3856 1070 3929 ἐκλεξαμένοις
1095 3859 1191 3912 ἀπ’
1220 3858 1398 3911 αὐτῶν
1419 3858 1544 3923 τοὺς
1563 3858 1917 3932 διαφέροντας
1941 3865 2007 3935 τῇ

2112 3870 2287 3937 lectae,
2321 3869 2524 3937 aliquid
2564 3868 2718 3922 nobis
2768 3865 3019 3920 utilitatis
3065 3867 3376 3928 conferant,
3427 3867 3676 3921 conside-

436 3952 646 4023 Γραφῇ,
691 3951 785 4006 καὶ
825 3952 988 4015 αὐτὸς
1041 3952 1374 4023 ἐπιστήσεις.
1424 3952 1591 4023 Φησὶν
1621 3948 1714 4007 οὖν
1766 3954 1795 4007 ὁ
1846 3955 2010 4019 αὐτὸς

447 4045 730 4116 Ἡρόφιλος
753 4061 768 4074 ν
800 4043 932 4099 Θεὸν
963 4043 1061 4114 μὲν
1087 4041 1425 4113 γενικώτατα
1448 4043 1665 4112 λέγουσι
1705 4044 1845 4110 ζῶον
1874 4045 2010 4100 ἀθά-

435 4154 613 4203 νατον,
648 4137 886 4207 λογικὸν,
915 4135 1051 4191 καθὸ
1081 4137 1231 4191 πᾶσα
1268 4137 1461 4208 λογικὴ
1491 4137 1637 4209 ψυχὴ
1669 4139 1804 4202 Θεός
1837 4140 2006 4193 ἐστιν.

440 4230 646 4295 Ἄλλως
668 4230 746 4295 δὲ,
773 4229 908 4295 ζῶον
937 4230 1225 4296 ἀθάνατον,
1250 4229 1484 4298 λογικὸν,
1518 4229 1641 4284 καθ’
1667 4231 1798 4285 αὐτὸ
1822 4231 1901 4285 ὅνο
1932 4231 2009 4295 ὼς

433 4316 534 4381 τὰς
557 4319 616 4372 ὲν
658 4320 791 4389 ἡμῖν
832 4319 1225 4390 περιεχομένας
1262 4318 1442 4390 ψυχὰς
1501 4320 1578 4392 μὴ
1628 4316 1768 4376 εἶναι
1818 4320 2005 4386 Θεούς’

434 4410 839 4480 ἅπαλλαγείσας
867 4412 924 4465 δὲ
954 4411 1063 4466 τῶν
1098 4413 1364 4484 σωμάτων
1404 4412 1640 4469 ἔσεσθαι.
1681 4417 1817 4470 Κατ’
1850 4415 2008 4472 ἄλλον

434 4502 490 4556 δὲ
519 4503 741 4575 τρόπον,
782 4504 913 4558 Θεὸν
944 4504 1196 4574 λέγεσθαι
1252 4503 1390 4570 ζῶον
1420 4504 1708 4571 ἀθάνατον,
1772 4507 2005 4578 λογικὸν,

437 4596 721 4651 σπουδαῖον
741 4614 755 4627 ·
790 4596 933 4650 ὥστε
963 4600 1145 4653 πᾶσαν
1180 4598 1401 4652 ἀστείαν
1449 4599 1630 4671 ψυχὴν
1666 4601 1798 4656 Θεὸν
1830 4602 2008 4676 ὑπάρ-

434 4705 567 4759 χειν,
594 4689 698 4745 κᾶν
723 4691 781 4743 ὲν
806 4690 902 4745 ἀνθ
912 4689 1078 4763 ρώπῳ
1099 4693 1437 4765 περιέχηταιο
1466 4693 1640 4757 ἄλλως
1660 4695 1718 4748 δὲ
1755 4695 2007 4765 λέγεσθαι

434 4781 566 4837 Θεὸν
596 4783 659 4836 τὸ
686 4782 809 4837 καθ’
842 4782 976 4836 αὐτὸ
1010 4782 1069 4837 ὂν
1094 4782 1231 4849 ζῶον
1264 4783 1549 4851 ἀθάνατον,
1588 4786 1871 4840 σπουδαῖον
1890 4803 1903 4817 ⁸
1932 4786 2007 4851 ὡς

432 4874 533 4939 τὰς
569 4876 628 4929 ὲν
684 4875 993 4948 ἀνθρώποις
1035 4878 1219 4945 σοφοῖς
1274 4879 1668 4950 περιεχομένας
1709 4879 1887 4950 ψυχὰς
1930 4880 2005 4948 μὴ

432 4969 697 5041 ὑπάρχειν
728 4967 904 5032 θεούς.
946 4968 1059 5022 Καὶ
1097 4969 1178 5023 ἔτι
1211 4968 1385 5033 ἄλλως
1408 4969 1625 5028 λέγουσι
1646 4972 1810 5026 Θεόνο
1859 4970 2006 5024 Ζῶον

2113 3962 2342 4017 randum
2376 3962 2471 4015 tibi
2504 3975 2768 4030 propono.
2799 3959 2891 4012 Ait
2920 3959 3086 4029 igitur
3125 3960 3266 4012 idem
3303 3957 3624 4027 Herophilus
3653 3975 3670 4014 :

2112 4054 2280 4109 Deum
2332 4052 2553 4123 quidem
2607 4050 3019 4121 generalissime
3071 4050 3282 4116 dicunt,
3315 4050 3518 4104 animal
3577 4049 3682 4104 im-

2112 4143 2367 4209 mortale,
2406 4140 2709 4207 rationale;
2738 4139 3033 4194 secundum
3094 4155 3254 4208 quam
3304 4140 3681 4196 deﬁnitionem

2114 4236 2294 4290 omnis
2324 4236 2502 4290 anima
2536 4231 2813 4287 rationalis
2835 4239 2917 4285 est
2943 4231 3102 4287 Deus.
3123 4232 3246 4286 Alio
3267 4241 3444 4287 autem
3475 4231 3635 4286 modo
3663 4248 3680 4285 :

2110 4327 2329 4385 Animal
2385 4326 2676 4395 rationale,
2713 4325 3037 4390 immortale,
3084 4327 3384 4381 secundum
3436 4339 3495 4380 se
3537 4326 3685 4380 exsi-

2110 4430 2295 4487 stens;
2325 4419 2398 4473 ita
2425 4427 2483 4471 ut
2514 4418 2710 4472 anima:
2735 4417 2859 4473 dum
2900 4418 2954 4472 in
2984 4417 3140 4473 nobis
3173 4417 3541 4484 continentur,
3572 4432 3680 4472 non

2109 4512 2221 4566 sint
2254 4511 2349 4575 dii,
2374 4510 2467 4565 sed
2497 4509 2686 4565 soluta:
2730 4524 2760 4563 a
2795 4524 3025 4579 corpore
3060 4509 3131 4563 dii
3165 4508 3359 4563 futura:
3394 4509 3523 4563 sint.
3558 4507 3680 4562 Alio

2111 4614 2289 4659 autem
2321 4603 2481 4658 modo
2510 4602 2682 4658 Deum
2711 4602 2788 4657 ait
2818 4602 2926 4657 dici
2959 4617 2970 4650 :
3001 4600 3215 4655 Animal
3242 4599 3569 4668 immortale,
3592 4614 3681 4654 raa

2110 4697 2329 4762 tionale,
2369 4707 2695 4759 strenuum;
2733 4696 2807 4748 ita
2838 4702 2898 4746 ut
2936 4693 3114 4747 omnis
3144 4693 3323 4746 anima
3364 4692 3587 4760 elegans
3626 4700 3682 4746 et

2107 4768 2315 4842 urbana
2383 4787 2526 4841 Deus
2556 4785 2648 4849 sit,
2673 4784 2886 4839 etiamsi
2927 4782 2981 4837 in
3024 4783 3244 4838 homine
3299 4785 3677 4851 contineatur;

2107 4878 2213 4934 alio
2256 4879 2384 4933 item
2436 4878 2598 4932 modo
2649 4877 2818 4931 Deum
2850 4874 3087 4941 deﬁniri,
3120 4875 3261 4945 quod
3293 4875 3589 4931 secundum
3620 4890 3681 4931 se

2110 4979 2198 5024 est
2247 4968 2452 5023 animal
2498 4966 2828 5030 immortale,
2861 4975 3177 5033 strenuum;
3217 4982 3325 5037 quo
3354 4966 3529 5038 posito
3560 4966 3681 5020 ani-

432 5061 719 5124 ἀθάνατον,
748 5059 1033 5116 σπουδαῖον
1066 5100 1083 5125 ,
1141 5059 1262 5132 ἔχον
1308 5060 1431 5116 τινὰ
1470 5063 1792 5117 ἐπιστασίαν
1833 5063 1893 5115 ὲν
1929 5059 2006 5131 τῷ

2111 5072 2211 5117 mat
2258 5061 2565 5130 sapientum
2613 5060 2687 5116 dii
2740 5075 2846 5115 non
2892 5067 3036 5113 sunt.
3078 5056 3304 5129 insuper
3352 5059 3461 5115 alio
3513 5060 3678 5115 modo

433 5154 622 5225 κόσμῳ
651 5150 794 5206 κατὰ
818 5150 918 5223 τὴν
942 5151 1228 5220 διοίκησιν,
1256 5152 1315 5205 ὃν
1348 5153 1546 5226 τρόπον
1588 5156 1617 5207 ὁ
1642 5154 1793 5225 ἥλιος
1838 5153 1935 5206 καὶ
1968 5154 2002 5224 ἡ

2111 5155 2275 5209 Deum
2310 5153 2574 5209 deﬁniunt
2607 5170 2621 5207 :
2651 5151 2866 5207 Animal
2901 5151 3540 5218 immortale,strenuum,
3573 5152 3677 5207 ha-

434 5246 651 5316 σελήνη.
680 5243 889 5307 ’Ἄλλως
919 5244 976 5298 δὲ
998 5244 1146 5312 λέγει
1182 5243 1314 5297 Θεὸν
1345 5244 1437 5298 τὸν
1484 5245 1698 5317 πρῶτον
1746 5245 2005 5316 διοικητι-

2111 5248 2244 5303 bens
2268 5246 2500 5316 aliquam
2536 5244 2913 5315 praefecturam
2943 5247 2996 5300 in
3024 5248 3226 5302 mundo
3250 5246 3546 5302 secundum
3572 5247 3675 5300 ad-

433 5337 526 5390 κὸν
552 5335 645 5389 τοῦ
680 5335 907 5407 κόσμου.
948 5334 1074 5390 Ἐπὶ
1105 5336 1240 5389 πᾶσι
1277 5335 1335 5391 δὲ
1377 5335 1508 5390 Θεὸν
1546 5337 1793 5408 λέγουσι·
1854 5337 2005 5394 Ζῶον

2111 5339 2579 5403 ministrationem,
2613 5338 3067 5408 quemadmodum
3132 5337 3213 5392 sol
3259 5344 3317 5392 et
3354 5336 3507 5391 luna.
3549 5337 3677 5395 Alio

505 5535 618 5609 (ΓΙ)
651 5535 832 5609 Τέλος
847 5534 900 5590 δ’
922 5530 1077 5609 εἶναι
1095 5536 1367 5608 λέγουσι,
1394 5545 1503 5595 etc.
1532 5535 1593 5609 ὃ.
1620 5535 1858 5609 Hilarius
1878 5554 2004 5609 pro-

2111 5552 2232 5595 vero
2268 5536 2413 5591 aliud
2441 5535 3053 5609 postﬂnem._Narnque
3081 5537 3147 5592 ad
3182 5537 3345 5609 ﬁnem
3395 5535 3673 5609 tenditur,

435 5605 558 5685 lego
599 5605 659 5660 in
710 5607 909 5661 librum
958 5605 1296 5685 Psa’lmorum
1335 5623 1485 5663 num.
1531 5608 1590 5663 l8
1624 5605 1893 5685 :_t__Fit_t_is'
1909 5618 1994 5665 est
2103 5611 2196 5685 sed
2227 5610 2278 5662 in
2312 5611 2419 5663 line
2443 5605 3007 5685 'desinitur,_lta_ﬁt_tis
3034 5618 3089 5663 et
3118 5608 3453 5685 anteriorum
3484 5606 3666 5685 perfe—

435 5676 589 5744 cnjus
626 5691 791 5731 causa
820 5685 1017 5731 caetera
1053 5680 1208 5750 ﬁunt,
1238 5679 1557 5750 ipseautem
1584 5677 1715 5732 nulli
1745 5680 1837 5750 alii
1865 5695 1994 5734 cau-
2098 5680 2210 5736 ctio
2234 5688 2339 5742 est,
2358 5686 2434 5750 et
2469 5693 2529 5734 se
2558 5679 2611 5731 in
2638 5678 2773 5750 nihil
2800 5677 2948 5732 aliud
2983 5678 3336 5748 protendens,
3364 5677 3583 5750 propria
3610 5676 3671 5732 in

434 5761 553 5802 sam
605 5762 758 5802 suam
809 5756 1049 5819 praestat.
1104 5746 1187 5804 0b
1236 5749 1399 5806 ﬁnem
1433 5749 1577 5807 enim
1612 5749 1811 5818 omnia,
1858 5750 1994 5807 nihil
2100 5759 2273 5807 semet
2291 5748 2372 5807 sui
2393 5748 2509 5820 ipse
2536 5748 2811 5819 possessio
2832 5746 2990 5805 θείη
