4046 6152
402 229 542 287 £055
1814 224 1905 280 EX
1946 223 2245 284 ORIGENE
3500 224 3642 282 1056

402 353 584 415 pacto,
638 345 806 399 Deum
858 343 996 397 uicit
1040 358 1160 398 esse
1203 344 1439 413 primum
1474 344 1967 400 administratorem

2071 348 2348 423 ἄφθαρτον
2393 353 2495 405 καὶ
2544 351 2856 421 ἀγέννητον,
2890 350 2985 403 καὶ
3018 347 3235 419 πρῶτον
3282 343 3528 415 βασιλέα,
3568 342 3641 410 ἢν

404 437 610 492 mundi.
659 437 831 505 Super
880 437 1060 490 omnia
1126 445 1303 490 autem
1357 435 1522 490 Deum
1568 435 1753 490 dicunt
1800 450 1963 490 esse:

402 528 616 586 Animal
661 526 1067 595 incorruptibile
1118 534 1173 581 et
1226 542 1331 582 non
1361 528 1626 597 genitum,
1656 535 1708 583 et
1737 528 1965 597 primum

403 621 627 689 Regem,
656 633 815 687 quem
852 619 1016 672 habet
1052 618 1228 672 locum
1259 618 1548 673 universus
1573 620 1824 673 mundus.

472 706 529 763 In
579 708 817 777 quinque
868 706 1039 762 libros
1083 706 1336 762 dividunt
1384 706 1594 762 Hebraei
1626 706 1964 762 Psalmorum

402 802 619 866 librum,
666 815 900 870 quorum
932 800 1141 870 primus
1184 808 1306 856 est:
1348 819 1368 853 ι
1395 800 1594 857 Beatus
1624 802 1705 855 vir
1733 803 1825 870 qui
1860 816 1966 855 non

402 892 537 949 abiit
586 893 637 945 in
694 891 924 947 consilio
975 893 1264 963 impiorum
1291 894 1359 957 ²¹,
1391 911 1410 944 ›
1462 908 1634 962 usque
1680 895 1747 946 ad
1807 892 1966 948 finem

402 984 808 1053 quadragesimi
855 983 1086 1054 psalmi;
1113 985 1384 1040 secundus
1414 1000 1425 1034 :
1463 1004 1483 1037 ι
1507 985 1967 1051 Quemadmodum

401 1073 671 1130 desiderat
699 1076 981 1138 cerva",i
1021 1089 1192 1145 usque
1232 1076 1301 1130 ad
1347 1076 1809 1145 septuagesimum
1856 1078 1968 1148 pri-

401 1178 587 1229 mum;
618 1163 811 1219 tertius
842 1181 858 1219 :
888 1182 907 1216 ι
931 1163 1104 1232 Quam
1154 1167 1325 1221 bonus
1374 1166 1536 1221 lsrael
1599 1166 1737 1222 Deus
1808 1170 1969 1223 rectis

402 1255 566 1311 corde
588 1254 656 1320 ³³,
684 1272 704 1307 ι
733 1270 901 1324 usque
938 1256 1004 1311 ad
1046 1257 1439 1326 octogesimum
1488 1268 1760 1312 octavum.
1800 1260 1971 1325 Quar-

402 1352 489 1399 tus
520 1359 535 1397 :
568 1362 588 1395 ‹
616 1343 863 1409 Domine,
906 1344 1175 1416 refugium
1224 1345 1388 1418 515
1423 1346 1598 1401 factus
1631 1363 1691 1402 es
1728 1348 1884 1403 nobis
1915 1351 1966 1403 in

398 1436 745 1504 generatione
761 1445 815 1490 et
836 1437 1183 1503 generatione
1204 1436 1271 1504 ³⁸,
1304 1457 1323 1490 ι
1348 1453 1516 1506 usque
1529 1439 1595 1492 ad
1617 1442 1967 1496 centesimum

399 1527 679 1596 quintum;
703 1528 922 1598 quintus
949 1545 963 1582 :
992 1545 1011 1580 ι
1036 1528 1378 1584 Confitemini
1412 1531 1634 1584 Domino
1648 1532 1714 1597 ’⁸,
1741 1551 1760 1584 ι
1802 1547 1971 1601 usque

400 1622 469 1676 ad
494 1619 677 1675 linem.

470 1711 585 1782 Ego
626 1726 756 1767 vero
805 1711 1115 1768 arbitrabar
1144 1713 1196 1766 in
1232 1712 1372 1768 libro
1418 1714 1754 1770 Psalmorum
1803 1733 1965 1771 unum
2000 1688 2053 1745 Β.

401 1804 482 1860 sic
538 1804 860 1877 inscriptum
922 1819 1102 1860 esse:
1160 1804 1398 1862 «Oratio
1456 1806 1659 1877 Moysis
1732 1808 1969 1865 hominis

408 1896 503 1951 Dei
521 1897 591 1951 ".
623 1914 643 1948 ι
675 1895 781 1951 Sed
815 1895 1006 1951 deinde
1037 1897 1386 1965 quaestionem
1422 1897 1488 1952 de
1515 1898 1837 1967 quibusdam
1873 1900 1968 1956 Dei

401 1986 641 2043 oraculis
700 2003 926 2044 movens
957 1987 1099 2044 Jullo
1127 1989 1475 2059 patriarchae,
1500 2000 1553 2045 et
1589 1990 1802 2045 cuidam
1827 1993 1967 2062 apud

400 2075 620 2134 Judaros
647 2080 908 2149 sapientis
942 2079 1140 2134 famam
1172 2080 1414 2144 habenti,
1441 2082 1644 2146 audivi,
1670 2083 1721 2136 in
1748 2083 1969 2138 univer-

403 2184 465 2224 so
490 2167 831 2225 Psalmorum
865 2169 1004 2224 libro
1032 2185 1060 2223 a
1092 2170 1270 2239 primo
1302 2178 1354 2223 et
1378 2173 1614 2224 secundo
1643 2171 1851 2240 psalmo
1872 2186 1966 2227 eos

403 2261 497 2329 qui
543 2260 681 2330 apud
725 2258 982 2315 Hebraeos
1027 2259 1378 2328 inscriptione
1420 2271 1631 2322 carent,
1660 2260 1741 2314 vel
1772 2260 1966 2315 inscri-

401 2350 637 2421 ptionem
667 2351 880 2420 quidem
910 2351 1136 2416 habent,
1167 2353 1260 2406 sed
1308 2367 1411 2406 non
1450 2352 1730 2423 scriptoris
1749 2369 1963 2418 nomen,

405 2441 473 2496 ad
503 2456 624 2496 eum
655 2442 972 2512 scriptorem
1004 2442 1279 2512 pertinere
1303 2443 1455 2513 cujus
1487 2458 1679 2497 nomen
1714 2443 1888 2498 fertur
1912 2447 1963 2499 in

400 2534 726 2603 praecedenti
762 2534 940 2603 primo
1006 2534 1215 2605 psalmo
1271 2536 1363 2604 qui
1420 2550 1617 2590 nomen
1681 2537 1965 2604 scriptoris

401 2624 585 2683 habet.
625 2625 719 2680 His
756 2636 934 2681 autem
998 2628 1064 2682 de
1117 2628 1280 2682 rebus
1314 2629 1478 2682 verba
1529 2627 1756 2695 faciens,
1791 2631 1966 2699 primo

402 2715 617 2769 dicebat
656 2715 914 2770 tredecim
948 2730 1070 2771 esse
1100 2715 1302 2786 Moysis
1333 2716 1593 2784 psalmos.
1623 2717 1754 2772 Cum
1785 2730 1964 2774 autem

401 2822 469 2865 ex
498 2806 566 2863 iis
585 2821 705 2877 qua:
728 2808 1033 2873 audieram,
1070 2823 1380 2878 reponerem
1415 2810 1539 2879 ipsi,
1568 2810 1815 2865 undecim
1845 2819 1963 2864 tan-

2071 443 2181 527 Ξχει
2210 443 2392 516 χώραν
2417 445 2447 496 ὁ
2469 443 2690 515 σύμπας
2712 443 2930 523 κόσμος.

2140 717 2235 779 El;
2267 715 2425 768 πέντε
2452 714 2629 785 βιϐλία
2651 714 2761 785 (18)
2803 711 3099 783 διαιροῦσιν
3141 706 3491 781 Ἑϐραῖοιτὴν
3525 707 3633 761 τῶν

2068 807 2311 880 Ψαλμῶν
2369 807 2547 878 βίϐλον
2576 825 2589 838 ·
2638 802 2712 862 ὧν
2759 807 2820 860 τὸ
2871 806 2968 878 μὲν
3008 804 3257 877 πρῶτον*
3285 802 3319 854 ἰ
3350 801 3632 875 Μακάριος

2068 902 2206 973 ἀνὴρ
2236 902 2294 965 ὃς
2331 902 2430 955 οὐκ
2457 900 2723 973 ἐπορεύθη
2768 901 2826 953 ἐν
2860 897 3021 969 βουλῇ
3048 895 3282 957 ἀσεϐῶν,
3318 914 3336 947 ι
3372 894 3479 958 ἓως
3522 891 3633 946 τῶν

2066 994 2387 1049 τελευταίων
2401 993 2495 1046 τοῦ
2527 991 2961 1064 τεσσαρακοστοῢ
2984 1008 2997 1021 ·
3042 989 3102 1043 τὸ
3123 989 3180 1042 δέ
3199 988 3467 1059 δεύτερον·
3499 1004 3519 1037 ι
3534 988 3629 1038 Ὃν

2067 1086 2268 1159 τρόπον
2300 1085 2606 1156 ἐπιποθεῖή
2638 1083 2849 1152 ἔλαφος,
2893 1105 2912 1135 ι
2944 1082 3049 1146 ἕως
3078 1079 3292 1154 πρώτου
3331 1078 3618 1149 ἑϐδομηκο-

2070 1174 2223 1229 στοῦ·
2285 1174 2347 1228 τὸ
2397 1174 2453 1226 δέ
2486 1172 2703 1243 τρίτον’
2766 1190 2785 1223 ι
2836 1172 2925 1235 Ὧς
2968 1169 3166 1239 ἀγαθὸς
3215 1168 3293 1240 τῷ
3334 1166 3548 1239 Ἰσραὴλ
3596 1167 3625 1219 ὁ

2076 1265 2208 1328 Θεὸς
2234 1267 2345 1328 τοῖς
2382 1264 2563 1317 εὐθέσι
2592 1266 2660 1334 τῇ
2696 1261 2913 1333 καρδίᾳ,
2935 1281 2954 1314 ι
2990 1261 3098 1327 ἕως
3121 1268 3233 1332 πη”
3258 1259 3320 1313 τὸ
3352 1259 3409 1312 δὲ
3437 1258 3626 1329 τέταρ-

2066 1375 2158 1412 τον
2176 1375 2189 1388 ·
2228 1377 2245 1408 ι
2277 1356 2469 1429 Κύριε,
2497 1355 2788 1426 καταφυγὴ
2816 1354 3079 1426 ἐγενήθης
3104 1354 3233 1425 ἡμῖν
3263 1353 3320 1405 ἐν
3346 1353 3510 1422 γενεᾷ
3537 1350 3625 1404 καὶ

2066 1450 2279 1518 γενεᾷ,ι
2314 1448 2420 1512 ἕως
2443 1446 2537 1500 τοῦ
2562 1452 2658 1521 ps"
2695 1446 2756 1499 τὸ
2774 1445 2830 1499 δὲ
2860 1445 3126 1516 πέμπτον·
3153 1462 3172 1495 ι
3195 1440 3626 1514 Ἐξομολογεῖσθε

2067 1541 2145 1613 τῷ
2176 1541 2385 1613 Κυρίῳ,
2421 1562 2440 1595 ι
2475 1542 2580 1605 ἐως
2598 1541 2705 1595 τῶν
2738 1538 3001 1612 ἐσχάτων.

2148 1710 2289 1781 Ἐγὼ
2310 1713 2408 1783 μὲν
2440 1713 2596 1785 ᾤμην
2611 1713 2706 1767 ἕνα
2734 1709 2871 1766 εἶναι
2907 1713 2964 1766 ἐν
3002 1714 3068 1783 τῇ
3101 1710 3265 1782 βίϐλῳ
3305 1709 3416 1762 τῶν
3482 1708 3628 1761 1Ψαλ-

2070 1803 2206 1874 μῶν,
2237 1804 2302 1867 ὃςι
2333 1805 2742 1876 ἐπεγέγραπτο·
2776 1821 2794 1853 ι
2834 1804 3118 1875 Προσευχὴ
3149 1801 3243 1855 τοῦ
3279 1801 3490 1871 Μωῦσῆ
3530 1801 3627 1855 ἀν-

2066 1894 2285 1966 θρώπου
2312 1895 2405 1949 τοῦ
2438 1896 2601 1957 Θεοῦ·
2638 1916 2657 1947 ι
2720 1896 2782 1949 τὸ
2835 1895 3059 1966 ὕστερον
3105 1894 3162 1947 δὲ
3213 1892 3627 1963 ἀνακινούμενος

2065 1987 2191 2058 περί
2218 2004 2375 2041 τινων
2398 1987 2590 2056 λογίων
2616 1986 2749 2041 Θεοῦ
2793 1986 3001 2057 Ἰούλλῳ
3026 1985 3105 2056 τῷ
3136 1984 3447 2056 πατριάρχῃ
3467 2022 3483 2047 ,
3533 1980 3628 2035 καί

2064 2095 2171 2132 τινι
2216 2078 2323 2131 τῶν
2381 2078 2828 2150 χρηματιζόντων
2878 2078 3028 2150 παρά
3093 2077 3365 2138 Ἰουδαίοις
3416 2068 3623 2143 σοφῶν,

2065 2169 2299 2239 ἀκήκοα,
2331 2171 2412 2223 ὅτι
2467 2170 2533 2223 δι’
2562 2168 2689 2242 ὅλης
2714 2171 2813 2240 τῆς
2871 2168 3050 2239 βίϐλου
3095 2168 3202 2239 (19)
3234 2168 3343 2221 τῶν
3383 2164 3624 2234 Ψαλμῶν

2064 2260 2176 2312 ἀπὸ
2198 2260 2305 2314 τῶν
2336 2267 2384 2315 α’
2408 2261 2501 2315 καὶ
2548 2260 2613 2331 β’,
2643 2262 2693 2313 οἱ
2721 2260 2848 2332 παρ’
2896 2261 3165 2333 Ἑϐραίοις
3188 2257 3568 2329 ἀνεπίγραφοι,
3588 2255 3623 2325 ἢ

2065 2351 2374 2423 ἐπιγραφὴν
2399 2353 2495 2424 μὲν
2519 2352 2750 2424 ἔχοντες,
2773 2353 2895 2423 οὐχὶ
2911 2353 2969 2406 δὲ
2991 2353 3052 2406 τὸ
3077 2352 3248 2422 ενομα
3269 2349 3364 2403 τοῦ
3385 2348 3629 2421 γράψαν-

2063 2459 2175 2506 τος,
2198 2445 2405 2496 ὲκείνου
2436 2445 2573 2498 εἰσὶν
2594 2437 2654 2497 οὗ
2689 2445 2749 2497 τὸ
2800 2445 2971 2515 ὄνομα
3009 2444 3232 2515 φέρεται
3270 2443 3328 2493 ἐν
3388 2440 3469 2510 τῷ
3526 2438 3627 2510 πρὸ

2063 2533 2267 2587 τούτων
2288 2536 2597 2608 ἐπιγραφὴν
2629 2537 2804 2607 ἔχοντι
2843 2534 3062 2606 ψαλμῷ.
3097 2535 3206 2587 Καὶ
3250 2532 3381 2603 περὶ
3424 2530 3625 2583 τούτων

2064 2625 2254 2695 λέγων,
2286 2629 2544 2701 πρότερον
2574 2631 2668 2700 μὲν
2702 2628 2957 2699 ἔφασκεν,
2994 2629 3077 2681 ὅτι
3109 2623 3465 2697 τρισκαίδεκὰ
3495 2624 3626 2675 εἰσιν

2065 2718 2114 2771 οἱ
2135 2717 2227 2772 τοῦ
2248 2719 2525 2782 Μωῦσέως
2543 2736 2556 2750 ·
2581 2719 2657 2781 ὡς
2683 2718 2741 2773 δέ
2756 2719 2813 2787 ἐξ
2834 2713 2908 2772 ὧν
2926 2719 3141 2787 ἀκήκοα
3169 2718 3263 2770 καὶ
3285 2715 3512 2778 αὐτὸς...
3530 2714 3624 2784 τὴν

2066 2808 2325 2881 ἀνέφερον
2350 2811 2437 2861 ἐπ’
2467 2811 2648 2875 αὐτὸν,
2680 2813 2761 2864 ὅτι
2800 2811 2936 2863 εἰσὶν
2962 2810 3181 2862 ἕνδεκα·
3219 2804 3335 2860 εἶτα
3394 2805 3625 2875 πυθόμε-

402 2911 513 2955 tum
547 2915 707 2957 esse:
739 2911 1088 2971 percontatus
1138 2902 1336 2956 deinde
1373 2918 1498 2956 eum
1540 2904 1631 2971 qui
1666 2907 1805 2972 apud
1843 2904 1967 2959 illos

2070 2919 2152 2966 νος
2188 2903 2281 2956 τοῦ
2318 2903 2447 2974 παρ’
2476 2904 2657 2966 αὐτοῖς
2677 2902 2957 2964 δοκοῦντος
2991 2900 3178 2970 σοφοῦ,
3202 2898 3520 2970 ἐμάνθανον,
3548 2897 3626 2949 ὅτι

402 2992 621 3059 sapiens
668 2993 939 3057 audiebat,
992 2993 1190 3049 edidici
1244 3008 1367 3049 esse
1420 3009 1611 3048 revera
1670 2995 1960 3049 undecim:

2070 2991 2175 3049 εἷεν
2199 2994 2412 3057 ἕνδεκα,
2437 2987 2511 3046 ὧν
2536 2993 2628 3047 τοῦ
2649 2992 2747 3063 μὲν
2770 2992 2856 3045 πθ¹
2889 2994 2921 3063 ἡ
2953 2993 3123 3063 ἀρχήο
3162 3009 3181 3041 ι
3214 2989 3387 3059 Κύριε
3417 3028 3431 3050 ,
3464 3001 3626 3085 stata:

402 3096 635 3151 quorum
687 3086 1009 3154 octogesimi
1056 3086 1273 3154 quidem
1329 3086 1453 3140 noni
1508 3085 1724 3141 initium
1797 3096 1961 3142 erat:

414 3194 434 3225 ι
454 3174 698 3240 Domine,
735 3176 1004 3245 refugium
1059 3179 1236 3231 factus
1265 3193 1324 3232 es
1349 3179 1504 3232 nobis
1538 3179 1591 3233 in
1619 3182 1966 3248 generatione

403 3273 462 3321 et
493 3267 878 3334 generatione;
901 3289 920 3320 ›
963 3270 1243 3336 sequentis
1288 3284 1414 3323 vero
1445 3271 1535 3339 qui
1563 3272 1703 3340 apud
1729 3263 1834 3325 nos
1869 3288 1967 3325 no-

404 3356 723 3425 nagesimus
771 3360 969 3425 fertur,
1025 3361 1241 3415 initium
1302 3371 1463 3415 erat:
1496 3380 1516 3413 ι
1543 3362 1644 3429 Qui
1681 3362 1886 3417 habitat
1912 3364 1964 3417 in

404 3448 678 3518 adjutorio
723 3451 1072 3519 Altissimi",
1100 3473 1119 3506 ι
1149 3468 1310 3522 quem
1362 3453 1525 3507 etiam
1579 3455 1795 3511 diccbat
1845 3470 1967 3510 esse

406 3538 624 3611 Bloysis.
660 3540 769 3597 lmo
800 3543 962 3598 etiam
996 3560 1150 3608 eum,
1175 3545 1268 3615 qui
1314 3546 1720 3616 inscriptionem
1749 3548 1965 3617 quidem

408 3631 590 3695 habet,
623 3633 716 3687 sed
748 3632 867 3689 sine
892 3635 1175 3704 scriptoris
1219 3637 1472 3703 nomine;
1506 3653 1697 3707 nempe
1724 3656 1966 3710 nonage-

408 3725 606 3779 simum
651 3726 884 3793 pritnum
918 3728 998 3781 sic
1051 3728 1374 3798 inscriptum
1401 3745 1416 3779 :
1448 3748 1466 3781 ι
1492 3728 1735 3786 Psalmus
1768 3732 1965 3787 cantici

409 3813 466 3869 in
502 3814 642 3869 diem
703 3813 1051 3881 Sabbati",s
1085 3817 1283 3888 Moysis
1342 3832 1462 3873 esse
1521 3819 1753 3886 dicebat,
1814 3823 1968 3893 cujus

414 3905 627 3961 initium
653 3922 666 3959 :
702 3925 721 3959 ι
745 3906 950 3961 Bonum
979 3919 1062 3963 est
1088 3910 1335 3965 conﬁteri
1381 3911 1633 3978 Domino,
1664 3924 1717 3967 et
1740 3916 1968 3983 psallere

412 3998 616 4053 nomini
662 4007 772 4064 tuo,
821 3998 1099 4055 Altissime
1119 4001 1231 4060 ³³.»
1272 4001 1624 4071 lnscriptione
1656 4016 1832 4060 autem
1877 4023 1968 4063 ca-

413 4103 541 4145 rere
569 4104 690 4145 eum
745 4091 834 4159 qui
884 4092 1260 4159 nonagesimus
1286 4096 1556 4149 secundus
1592 4094 1782 4162 fertur,
1817 4099 1969 4167 cujus

409 4179 624 4237 initium
676 4204 689 4238 :
748 4182 1051 4237 «Dominus
1113 4185 1378 4255 regnavit,
1434 4186 1685 4242 decorem
1749 4189 1969 4248 indutus

406 4271 577 4331 est".
608 4290 628 4326 ι
654 4291 813 4345 quem
841 4287 896 4331 et
922 4276 1096 4346 ipsum
1143 4279 1355 4334 dicebat
1395 4295 1514 4335 esse
1546 4280 1745 4353 Moysis
1773 4297 1788 4337 :
1816 4286 1965 4340 simi-

2068 3087 2212 3158 φυγὴ
2250 3088 2378 3157 ἡμῖν
2407 3084 2667 3157 ἐγενήθης
2701 3086 2757 3137 ἐν
2788 3084 2950 3154 γενεᾷ
2973 3083 3067 3136 καὶ
3097 3082 3258 3151 γενεᾷ
3282 3098 3295 3111 ο
3328 3098 3347 3131 ο
3392 3079 3487 3132 καὶ
3534 3073 3624 3129 τοῦ

2066 3177 2190 3247 ἐξῆς
2220 3176 2345 3246 παρ’
2387 3177 2518 3245 ἡμῖν
2544 3171 2892 3243 ἐνενηκοστοῦ
2925 3171 3246 3244 φερομένου,
3274 3171 3307 3240 ἡ
3332 3167 3474 3240 ἀρχὴ
3518 3161 3585 3237 ἦν
3607 3181 3620 3193 ·

2072 3269 2168 3322 «⁸0
2196 3267 2461 3321 κατοικῶν
2505 3269 2562 3319 ὲν
2607 3265 2827 3337 βοηθείᾳ
2878 3263 2972 3317 τοῦ
3016 3262 3304 3330 Ὑψίστουο
3345 3279 3365 3311 ι
3422 3260 3481 3312 ὃν
3536 3256 3627 3310 καὶ

2066 3360 2226 3416 αὐτὸν
2254 3359 2435 3427 ἔλεγεν
2469 3354 2607 3411 εἶναι
2645 3356 2943 3419 Μωῦσέως.
2985 3354 3145 3407 Ἀλλά
3189 3354 3285 3407 καὶ
3315 3352 3406 3404 τὸν
3440 3350 3627 3419 ἔχοντα

2070 3453 2167 3525 μὲν
2205 3450 2534 3522 ἐπιγραφὴν,
2564 3450 2625 3503 οὐ
2662 3450 2779 3519 μετ’
2813 3448 3074 3518 ὀνόματος
3103 3446 3159 3500 δέ
3188 3444 3282 3498 τοῦ
3320 3443 3626 3515 γράψαντος

2066 3547 2226 3601 αὐτόν
2245 3564 2258 3578 ·
2293 3546 2433 3614 λέγω
2455 3544 2512 3597 δὲ
2536 3544 2624 3597 τὸν
2653 3543 3001 3613 ἐνενηκοστὸν
3035 3540 3248 3610 πρῶτον
3283 3537 3456 3601 οὕτως
3511 3537 3627 3587 ἐπι-

2066 3639 2467 3713 γεγραμμένον,
2495 3637 2747 3708 ιΨαλμὸς
2762 3635 2902 3708 ᾠδῆς
2926 3638 3005 3700 είς
3030 3634 3126 3706 τὴν
3153 3633 3363 3705 ἡμέραν
3385 3629 3478 3684 τοῦ
3501 3626 3626 3682 σαϐ-

2068 3733 2251 3795 ϐάτου,
2278 3752 2294 3783 ι
2330 3731 2510 3798 ἔλεγεν
2548 3723 2687 3781 εἷναι
2715 3727 3010 3789 Μωῦσέως,
3041 3720 3102 3779 οὒ
3136 3726 3169 3794 ἡ
3199 3722 3338 3794 ἀρχή
3369 3738 3383 3751 ·
3412 3739 3430 3771 ι
3464 3721 3620 3786 Ἀγα-

2068 3824 2157 3877 θὸν
2190 3823 2249 3876 τὸ
2290 3818 2721 3892 ἐξομολογεῖσθαι
2769 3817 2846 3888 τῷ
2895 3816 3106 3889 Κυρίῳ,
3146 3815 3239 3867 καὶ
3275 3811 3497 3882 ψάλλειν
3550 3805 3625 3877 τῷ

2067 3915 2285 3986 ὀνόματί
2309 3931 2423 3977 σου,
2442 3912 2698 3982 ’Ύψιστε-
2737 3930 2756 3963 ι
2789 3910 3158 3978 ἀνεπίγραφος
3189 3907 3245 3959 δὲ
3274 3901 3341 3975 ἦν
3374 3904 3469 3955 καὶ
3495 3902 3524 3953 ὁ
3553 3899 3624 3962 ὼς

2067 4001 2414 4074 ἐνενηκοστὸς
2432 3998 2676 4070 δεύτερος
2704 3997 3019 4068 φερόμενος,
3050 3990 3110 4049 οὗ
3140 3998 3172 4065 ἡ
3197 3992 3358 4065 ἀρχὴ,
3398 4008 3417 4042 ι
3436 3991 3495 4043 '0
3521 3987 3627 4042 Κύ-

2070 4113 2182 4169 ριος
2218 4093 2561 4148 ἐϐασίλευσεν
2590 4131 2606 4157 ,
2645 4090 2977 4162 εὐπρέπειαν
3019 4088 3334 4141 ἐνεδύσατο·
3371 4104 3388 4135 ι
3422 4084 3481 4136 ὃν
3536 4081 3627 4135 καὶ

2068 4187 2227 4242 αὑτὸν
2268 4185 2450 4254 ἐλεγεν
2510 4179 2649 4236 εἶναι
2696 4180 2971 4243 Μωῦσέως
2996 4197 3009 4210 ·
3059 4179 3259 4249 ὁμοίως
3296 4176 3353 4229 δὲ
3397 4174 3493 4228 καὶ
3539 4171 3628 4225 τὸν

2069 4281 2414 4353 ἐνενηκοστὸν
2445 4279 2625 4350 τρίτον
2650 4318 2664 4339 ,
2697 4270 2759 4330 οὗ
2794 4278 2827 4346 ὴ
2863 4276 3035 4346 ἀρχή-
3071 4291 3091 4325 ι
3122 4274 3254 4335 Θεὸς
3303 4270 3628 4340 ἐκδικήσεων

409 4361 641 4433 literque
693 4367 1095 4436 nonagesimum
1149 4371 1365 4424 tertium
1398 4412 1414 4437 ,
1485 4370 1640 4440 cujus
1701 4375 1958 4430 initium:

2072 4377 2292 4447 Κύριος,
2336 4393 2354 4423 ι
2394 4372 2488 4425 καὶ
2513 4370 2601 4424 τὸν
2625 4368 2970 4438 ἐνενηκοστὸν
2997 4367 3274 4436 τέταρτον,
3300 4356 3362 4415 οὗ
3393 4364 3426 4431 ἡ
3452 4361 3591 4432 ἀρχή
3609 4376 3623 4390 ο

482 4481 525 4555 ’_‘
557 4478 696 4555 Rsal.
729 4481 850 4555 t,_l.
899 4478 1137 4555 βἰΡδίιι.
1172 4479 1368 4555 xu,_2.
1415 4479 1849 4555 __“A_lfsal.ALxxr_t_,

2084 4476 2223 4555 Ρειιιζ
2256 4492 2465 4541 LXXXIX,
2496 4478 2545 4531 1.
2621 4478 2667 4509 ’⁵
2691 4478 2830 4533 Psal.
2854 4496 2957 4546 ενι,
2987 4482 3035 4537 1.
3109 4485 3156 4515 ⁸⁸
3178 4483 3317 4540 Psal.
3344 4487 3627 4555 uxxxxJ.

412 4552 457 4588 ³⁷
482 4550 624 4606 Psal.
656 4567 740 4617 xc,
774 4553 820 4604 l.
896 4550 942 4582 ’⁸
976 4549 1115 4604 Psal.
1147 4567 1253 4614 χει,
1288 4551 1336 4605 l.
1411 4551 1455 4583 ²⁹
1484 4550 1637 4616 ibid.,
1667 4551 1722 4606 2.
1798 4550 1842 4581 ³ο
1868 4548 1969 4604 Psa

2070 4562 2167 4610 (ιιι,
2205 4547 2254 4601 1.

486 4658 744 4744 (18).]??qu
967 4658 1335 4744 ,βιϐτῖίαηεια
1389 4659 1450 4715 ὃ.
1502 4661 1739 4718 Hilarius
1772 4667 1966 4744 ihitlctij

413 4746 565 4787 num.
610 4729 630 4779 l
668 4728 809 4780 hunc
839 4728 1013 4780 locum
1052 4733 1129 4781 sic
1155 4730 1219 4781 ad
1251 4745 1378 4784 suos
1420 4748 1546 4785 usus
1587 4728 1967 4793 accommoda:

413 4805 490 4856 vit
522 4818 535 4852 :
578 4817 596 4849 ι
626 4794 813 4850 Varias
844 4811 962 4849 esse
995 4797 1347 4866 plurimorum
1384 4803 1450 4854 de
1481 4801 1809 4859 Psalmorum
1836 4811 1972 4865 libro

411 4869 721 4940 opiniones.
754 4882 819 4947 ex
852 4867 1006 4947 lihris
1054 4869 1183 4947 ipsis
1229 4887 1364 4947 quos
1398 4872 1628 4947 scriptos
1682 4878 1971 4947 reliquere,

412 4937 746 5007 corripertum
784 4937 1061 5007 habemus.
1112 4937 1258 4992 Nam
1284 4941 1445 5007 aliqui
1501 4937 1843 5001 Hebraeorum
1878 4937 1974 5004 eos

416 5013 470 5067 in
506 5005 744 5088 quinque
789 5005 958 5086 libros
984 5007 1182 5088 divisos
1211 5005 1395 5088 volunt
1418 5026 1575 5088 esse:
1607 5024 1665 5067 ut
1689 5016 1762 5070 sit
1805 5033 1975 5088 usque

416 5096 472 5157 φ
491 5075 957 5157 quadragesimum
985 5077 1248 5146 psalmum
1283 5079 1421 5157 liber
1449 5083 1677 5157 primus,
1709 5096 1766 5157 et
1795 5102 1823 5139 a
1843 5075 1975 5157 qua-

414 5145 718 5222 dragesinio
738 5160 906 5222 usque
926 5145 1461 5218 in’septuagesimum'
1476 5145 1715 5220 primum
1738 5145 1880 5211 libet:
1899 5173 1979 5212 se:

415 5216 651 5284 cundus,
680 5228 733 5289 et
775 5216 844 5269 ab
890 5229 954 5270 eo
988 5216 1160 5288 usque
1195 5216 1245 5273 in
1292 5216 1699 5289 oetoge'simuml
1723 5236 1971 5281 octavum

413 5291 553 5346 liber
580 5287 794 5360 tertius,
822 5295 877 5341 et
899 5287 1149 5360 usque’iu
1179 5287 1532 5344 centesimum
1557 5292 1803 5360 quintum
1837 5297 1976 5352 liber

414 5369 640 5429 quartus
681 5357 956 5429 (obiquod
996 5359 1052 5413 hi
1095 5375 1283 5415 omnes
1312 5361 1499 5428 psalmi
1543 5357 1596 5415 in
1634 5379 1975 5421 consumma-

412 5428 564 5487 tione
592 5444 687 5483 sua
712 5428 968 5494 habeant,
1002 5431 1118 5494 ﬂat,
1150 5430 1287 5498 ﬁat);
1312 5430 1665 5486 concludatur
1695 5436 1965 5493 deindein

412 5500 706 5573 centesimo
731 5498 1177 5573 quinquagesimo
1208 5499 1413 5573 psalmo
1436 5501 1571 5573 liber
1598 5506 1836 5573 quintus.
1873 5526 1891 5558 ι

483 5569 593 5642 (l9)
616 5566 900 5642 A’Amixoa,
922 5566 1011 5642 ὅζι
1030 5566 1278 5642 6633.151;-
1306 5569 1416 5639 τῆς
1434 5566 1673 5641 βίϐλοὺ,
1692 5587 1794 5633 etc.
1819 5575 1971 5632 Hila-

413 5639 529 5698 rius
557 5640 750 5699 ibidem
783 5654 931 5693 num.
966 5639 1001 5695 5
1025 5658 1039 5696 :
1063 5660 1081 5695 ι
1117 5640 1192 5698 De
1217 5644 1300 5697 his
1335 5652 1512 5698 autem
1538 5645 1629 5715 qui
1656 5639 1771 5705 Sine
1801 5649 1971 5706 diver-

2076 4688 2260 4727 sorum
2306 4682 2586 4725 auctorum
2622 4668 2927 4724 nominibus
2962 4670 3062 4723 sub
3093 4668 3319 4721 diversis
3347 4668 3627 4736 superscri-

2078 4744 2355 4813 ptiouibus
2403 4742 2690 4806 habentur,
2723 4740 3064 4813 antiquorum
3094 4740 3331 4813 virorum
3378 4740 3482 4813 ista
3523 4742 3630 4791 tra-

2080 4808 2216 4866 ilitio
2247 4823 2347 4872 est,
2386 4813 2525 4877 quod
2567 4827 2632 4863 ex
2674 4826 2739 4865 eo
2786 4810 3012 4877 psalmo,
3048 4808 3200 4875 cujus
3239 4818 3432 4862 auctor
3469 4810 3520 4861 in
3548 4823 3630 4861 su-

2080 4881 2473 4951 perscriptione
2504 4880 2867 4948 praeponitur,
2897 4881 2987 4947 qui
3016 4880 3268 4951 deinceps
3298 4879 3415 4932 sine
3445 4890 3630 4951 aucto-

2086 4949 2199 5004 rum
2252 4949 2708 5021 superscriptione
2754 4951 3089 5021 succedunt,
3116 4949 3241 5021 ejus
3288 4964 3407 5002 esse
3444 4949 3630 5021 existi-

2081 5023 2261 5075 mandi
2317 5018 2463 5083 sutit,
2491 5018 2582 5089 qui
2612 5020 2905 5073 anterioris
2934 5020 3126 5088 psalmi
3163 5029 3359 5072 auctor
3386 5018 3630 5072 inscrihim

2082 5100 2189 5154 tur,
2219 5106 2385 5160 usque
2414 5091 2465 5144 in
2498 5105 2620 5143 eum
2657 5090 2946 5157 psalmum,
2973 5090 3154 5160 inquo
3185 5104 3379 5160 nomen
3409 5089 3628 5142 alterius

2082 5158 2322 5216 auctoris
2352 5160 2708 5230 praeferatur:
2741 5167 2803 5212 ut
2852 5160 2897 5212 si
2928 5158 3117 5230 psalmi
3168 5158 3396 5230 alicujus
3436 5171 3625 5230 super-

2081 5232 2305 5297 scriptio
2340 5228 2464 5284 talis
2517 5230 2606 5293 sit,
2653 5230 2887 5298 psalmus
2927 5229 3097 5283 David
3118 5246 3138 5295 ;
3175 5228 3359 5282 caeteri
3388 5231 3480 5299 qui
3514 5229 3627 5281 sine

2084 5301 2239 5354 titulo
2288 5310 2710 5371 consequantur,
2745 5299 2910 5353 David
2939 5313 3059 5354 esse
3100 5300 3427 5371 credantur,
3464 5300 3631 5353 donec

2079 5372 2356 5439 propheta:
2387 5370 2610 5425 alterius
2660 5384 2852 5423 nomen
2884 5371 2934 5422 in
2968 5370 3432 5439 super-scriptiOue
3462 5383 3633 5437 pona—

2080 5450 2195 5510 tur;
2228 5450 2283 5494 et
2313 5457 2378 5493 ex
2409 5456 2473 5495 eo
2497 5455 2669 5509 usque
2695 5439 2748 5492 in
2783 5442 3007 5510 alterum
3038 5440 3377 5510 prophetam,
3405 5440 3495 5509 qui
3520 5440 3633 5493 sine

2077 5507 2429 5578 inscriptione
2460 5507 2616 5566 medii
2646 5519 2791 5571 sunt,
2839 5508 2953 5575 ejus
2998 5507 3107 5564 sint
3136 5509 3228 5580 qui
3254 5509 3307 5562 in
3348 5507 3634 5564 anierioria

2071 5580 2269 5702 psalmi
2330 5580 2792 5652 superscriptione
2848 5590 3314 5651 auctor.cu:ptus
3367 5580 3437 5636 sit
3477 5591 3629 5634 ante-

2095 5665 2223 5702 cm.
2260 5661 2306 5702 ι’

2095 5665 2223 5705 121³1³1.
2260 5661 2306 5703 ι’

3975 4530 3978 4731 i
