4046 6152
346 180 484 239 1057
1619 180 1926 239 SELECTA

2026 177 2034 233 l
2070 176 2417 236 PSALMOS.
3451 173 3592 235 1058

351 319 373 352 α
394 301 580 368 Δεῦτε,
601 298 1055 374 ἀγαλλιασώμεθα
1085 300 1163 374 τῷ
1194 301 1405 373 Κυρίῳ,
1447 321 1467 355 ι
1505 303 1599 357 καὶ
1627 304 1719 357 τὸν
1746 308 1843 371 με’,
1871 294 1926 356 οὗ

2039 317 2059 349 ε
2085 298 2220 353 Deus
2251 298 2509 352 ultionum
2540 294 2969 365 Dominus”;ret
2994 284 3401 364 nonagesimum
3427 310 3597 363 quae.

345 391 382 463 ἠ
404 391 548 464 ἀρχή
571 408 585 422 ⁸
612 391 849 464 ι’ᾼσατε
874 390 952 464 τῷ
980 392 1171 465 Κυρίῳ
1203 388 1353 464 ᾇσμα
1381 393 1566 447 καινὸν
1589 434 1604 456 ,
1642 393 1815 464 ᾄσατε
1850 390 1926 461 τῷ

2031 399 2167 455 tum,
2204 387 2359 457 cujus
2411 388 2625 443 initium
2655 402 2669 439 :
2701 405 2720 438 ι
2747 384 2963 451 Venite,
3017 384 3352 440 exsultemus
3403 384 3592 440 Domia

347 482 555 556 Κυρίῳ,
569 484 719 537 πᾶσα
739 486 771 555 ἡ
795 484 869 554 γῆ
890 501 903 513 ·
918 504 936 537 ι
972 485 1067 539 καὶ
1092 484 1182 538 τὸν
1206 484 1558 556 ἐνενηκοστὸν
1583 485 1763 549 ἕκτον,
1807 476 1867 536 οὗ
1890 485 1924 555 ὴ

2028 483 2196 548 no";
2232 502 2252 535 ι
2286 489 2342 538 et
2393 480 2805 551 nonagesimum
2838 480 3114 549 quintum,
3145 480 3300 548 cujus
3332 478 3542 531 initium
3578 493 3596 532 :

350 575 495 646 ἀρχή
513 591 527 605 ·
555 593 574 627 ι
598 575 656 628 '0
680 575 883 647 Κύριος
910 576 1253 631 ἐϐασίλευσεν
1274 617 1288 642 ,
1320 577 1703 647 ἀγαλλιάσεται
1730 580 1762 649 ἡ
1789 576 1923 647 γῆἰ

351 667 448 719 καὶ
469 667 497 719 ὁ
520 665 602 733 ιιςν
622 707 636 730 ,
671 666 730 730 ὃς
759 667 1141 740 ἐπεγέγραπτο
1176 668 1354 739 μόνον,
1385 668 1689 738 «Ψαλμόςοι
1724 668 1784 722 τὺ
1798 668 1925 741 γὰρ,

355 756 464 828 «τῷ
483 757 666 822 Δαυῒδ,
681 777 697 808 ι
736 759 812 823 ὼς
834 759 947 831 ἔχει
972 760 1030 813 ἐν
1052 777 1195 814 τισιν
1226 761 1598 832 ἀντιγράφοις,
1628 760 1751 814 οὔτε
1778 764 1836 815 έν
1851 761 1929 832 τῷ

358 848 638 921 Ἑϐραῖκῷ
666 846 734 922 ἦν
759 850 883 905 οὔτε
916 854 976 905 ὲν
1025 855 1145 917 ταῖς
1171 852 1386 918 λοιπαῖς
1419 854 1694 907 ὲκδόσεσιν
1730 871 1743 884 ’
1789 855 1822 926 ἡ
1873 855 1928 908 δὲ

347 941 493 1014 ἀρχὴ
520 941 685 995 αὐτοῦ
714 938 785 1014 ἧν
806 959 818 975 ·
854 963 872 995 ι
918 944 1123 1015 ’ᾼσατε
1149 943 1228 1014 τῷ
1257 945 1459 1016 ’Κυρίῳ
1522 940 1673 1017 ᾆσμα
1720 945 1926 1007 καινὸν,

347 1031 433 1085 δτι
458 1031 746 1103 θαυμαστὰ
776 1034 1050 1105 ἐποίησεν.
1095 1054 1114 1087 ›
1146 1036 1254 1088 Καὶ
1285 1037 1314 1088 ό
1354 1039 1390 1101 ‘1
1415 1036 1471 1089 δὲ
1515 1042 1567 1106 η’
1624 1034 1715 1090 τοῦ
1765 1036 1928 1090 αὐτοῦ

349 1125 569 1194 ἐλέγετο
588 1121 750 1188 εἶναι,
783 1122 843 1181 οὗ
874 1127 906 1198 ἡ
936 1127 1114 1197 ἀρχή·
1157 1145 1175 1178 ι
1224 1128 1283 1181 Ὀ
1329 1128 1531 1200 Κύριος
1558 1122 1929 1195 ἐϐασίλευσεν,

348 1220 756 1290 ὀργιζέσθωσαν
790 1220 942 1275 λαοί·
967 1241 985 1273 ι
1026 1221 1119 1275 καὶ
1146 1223 1174 1274 ὁ
1210 1222 1557 1293 ένενηκοστὸς
1607 1222 1790 1287 ἔνατος
1821 1263 1835 1287 ,
1872 1221 1931 1286 ὃς

352 1312 736 1384 ἐπεγέγραπτο
764 1330 778 1343 ο
809 1332 827 1364 ι
846 1313 1076 1384 Ψαλμδς
1109 1314 1190 1377 είς
1219 1312 1623 1386 ἐξομολόγησιν,
1642 1337 1657 1366 ι
1684 1308 1794 1383 ubi)
1833 1317 1931 1386 ἀρ-

352 1405 423 1475 χή
444 1421 458 1434 ο
502 1423 521 1455 ι
571 1404 900 1472 Ἀλαλάξατε
926 1403 1005 1476 τῷ
1032 1405 1451 1478 Κυρίῳ,πᾶσαὴ
1481 1408 1575 1478 γῆ.
1612 1427 1630 1459 ι
1684 1407 1839 1462 Μετὰ
1874 1406 1931 1460 δὲ

350 1495 577 1560 τούτους
605 1497 732 1561 τοὺς
762 1504 830 1550 ια’
876 1498 1261 1569 ἐπεγέγραπτο
1308 1498 1403 1552 καὶ
1443 1502 1501 1552 ὲν
1539 1498 1618 1571 τῷ
1661 1496 1932 1571 Ἐϐραῖκῷ

352 1589 448 1641 καὶ
480 1588 633 1657 παρὰ
647 1590 834 1653 πᾶσιν,
870 1607 889 1641 ι
926 1588 1003 1661 τῷ
1026 1588 1187 1644 Δαυῒδ
1223 1590 1457 1662 ψαλμὺς,
1487 1610 1506 1642 ι
1543 1591 1637 1645 καὶ
1685 1586 1754 1660 ἦν
1803 1594 1831 1646 ὁ
1882 1598 1929 1663 ρ’

350 1678 536 1734 οὐκέτι
557 1680 854 1745 Μωῦσέως.

418 2020 636 2075 Τούτων
689 2021 996 2093 εἰρημένων
1047 2020 1159 2093 (20)
1212 2024 1293 2087 είς
1348 2024 1476 2088 τοὺς
1553 2023 1799 2096 ψαλμοὺς
1867 2030 1925 2084 οἶ

348 2113 459 2166 ἀπὸ
508 2112 772 2184 Ἐϐραίων
797 2114 1158 2186 ἀναφέρονται
1202 2117 1282 2180 είς
1312 2116 1580 2180 Μωῠσέα,
1620 2117 1922 2186 ἀνθυποφο-

350 2203 453 2274 ρὶν
487 2205 838 2277 ὑπειδόμενος
863 2207 893 2259 ὁ
933 2205 1205 2270 Ἰουδαῖος,
1239 2205 1433 2278 έθηκεν
1458 2208 1629 2280 αὐτὴν
1664 2208 1762 2280 τὴν
1799 2225 1926 2276 φαι-

351 2296 582 2368 νομένην
604 2298 752 2371 αὐτῷ
778 2297 930 2352 λύσιν
958 2299 1149 2370 αὐτῆς.
1182 2299 1361 2373 Ἐώρα
1387 2301 1497 2373 γὰρ
1519 2342 1534 2367 ,
1559 2302 1640 2355 ὅτι
1673 2302 1924 2356 ἀντεῖπεν

352 2387 417 2444 ιν
437 2407 520 2454 τις
541 2392 669 2462 περὶ
697 2390 791 2445 τοῦ
824 2392 899 2463 μὴ
933 2387 1072 2446 εἶναι
1091 2392 1183 2446 τὸν
1207 2393 1319 2446 ἕνα
1334 2392 1444 2447 τῶν
1466 2400 1533 2448 ια’
1559 2393 1811 2465 ψαλμῶν,
1835 2394 1927 2447 τὸν

355 2488 459 2552 Ὶη’,
484 2483 785 2551 Μωῦσέως,
828 2485 894 2537 ἐκ
926 2484 1044 2538 τοῦθ
1083 2504 1101 2536 ι
1139 2485 1366 2555 Ὑψοῦτε
1422 2485 1628 2558 Κύριον
1661 2485 1754 2539 τὸν
1794 2487 1927 2539 Θεὸν

2033 592 2052 627 ι
2073 574 2305 631 Cantate
2334 574 2562 630 Domino
2589 572 2864 627 canticum
2900 586 3125 651 novum,
3155 578 3375 625 cantate
3407 569 3596 624 Domi-

2026 682 2121 727 no.
2153 667 2334 722 omnis
2359 676 2500 721 terra
2519 663 2563 696 ³³
2588 680 2603 729 ;
2630 683 2651 717 ι
2683 671 2738 717 et
2783 661 3198 733 nonagesimum
3228 671 3462 723 sextum,
3495 675 3597 713 (ιιι.

2023 757 2112 827 jus
2133 758 2345 813 initium
2376 774 2390 811 :
2425 776 2443 808 ι
2472 756 2731 810 Dominus
2756 757 3029 823 regnavit,
3055 753 3291 808 exsultet
3322 762 3464 806 terra
3479 750 3525 783 “
3544 767 3594 816 ;p

2027 847 2525 916 etvnonagesimutn
2581 845 2894 911 septimum,
2932 844 3025 913 qui
3061 842 3356 913 inscriptus
3390 851 3596 896 tantum

2030 948 2150 994 erat
2179 957 2198 990 ι
2229 938 2562 1007 psalmus”:
2590 956 2608 988 ›
2643 951 2766 990 nam
2820 936 2981 999 illud,
3023 954 3042 987 ‹
3069 935 3278 1000 Davidi,
3311 955 3331 989 ι
3363 936 3507 1005 quod
3543 935 3599 989 in

2029 1030 2351 1098 quibusdam
2410 1025 2817 1096 exemplaribus
2874 1026 3128 1088 habetur,
3183 1041 3357 1095 neque
3409 1027 3462 1079 in
3491 1025 3603 1081 He-

2030 1121 2235 1185 braico,
2290 1134 2468 1189 neque
2510 1118 2561 1171 in
2604 1117 2833 1184 reliquis
2866 1115 3201 1171 editionibus
3238 1118 3425 1173 haberi
3454 1134 3468 1171 :
3494 1120 3594 1173 hu-

2025 1215 2115 1284 jus
2146 1222 2324 1267 autem
2354 1212 2570 1266 initium
2607 1221 2730 1265 est:
2767 1228 2786 1262 ι
2816 1210 3048 1264 Caritate
3080 1208 3307 1265 Domino
3330 1211 3599 1264 canticum

2032 1320 2251 1369 novum,
2279 1305 2405 1374 quia
2437 1303 2706 1358 mirabilia
2740 1299 2940 1357 fecit“.
2969 1321 2988 1352 ι
3029 1300 3425 1371 Nonagesimus
3471 1301 3600 1356 item

2032 1403 2263 1448 octavus
2326 1393 2495 1463 ipsius
2535 1392 2740 1461 pariter
2798 1406 2921 1446 esse
2973 1391 3278 1454 dicebatur,
3316 1390 3467 1452 cuius
3506 1393 3601 1447 ini-

2030 1487 2163 1539 tium
2187 1495 2308 1539 est:
2341 1501 2359 1534 ι
2395 1483 2655 1537 Dominus
2697 1484 3591 1559 regnavit,irascanturpopuli";r

2031 1578 2306 1645 etiamque
2341 1590 2464 1631 xcrx
2518 1574 2816 1644 inscriptus
2846 1593 2858 1628 :
2898 1592 2916 1624 ι
2942 1574 3185 1629 Psalmus
3213 1575 3266 1629 in
3304 1574 3600 1632 confessio-

1961 1649 2000 1703 Β
2032 1685 2214 1732 nem,»
2246 1667 2397 1735 cujus
2446 1668 2698 1723 initium:
2730 1666 3008 1723 «Jubilate
3061 1667 3192 1733 Deo,
3256 1667 3435 1722 omnis
3483 1680 3597 1724 ter-

2029 1778 2085 1815 ra
2108 1761 2175 1814 ³⁷.
2204 1779 2223 1812 ι
2257 1759 2388 1815 Post
2413 1762 2510 1816 hos
2543 1773 2725 1815 autem
2759 1759 3031 1824 undecim,
3065 1758 3383 1827 inscriptum
3406 1758 3597 1814 haberi

2029 1862 2138 1905 tum
2168 1853 2222 1905 in
2257 1852 2542 1915 llebraico,
2578 1860 2688 1905 tum
2745 1852 2884 1921 apud
2913 1864 3105 1904 omnes
3134 1868 3146 1900 ι
3186 1869 3205 1903 ι
3234 1850 3419 1905 Davidi
3452 1849 3598 1905 Psan

2026 1955 2180 2005 nnis;
2210 1961 2227 1993 ι
2262 1944 2331 1995 ita
2364 1949 2422 1995 ut
2457 1942 2787 1997 centesimus
2832 1956 2937 1994 non
2999 1941 3136 1994 ultra
3195 1939 3398 2012 Moysis
3429 1950 3595 1997 esset.

2097 2030 2258 2102 515
2293 2033 2383 2087 llis
2434 2034 2507 2087 ita
2568 2033 2730 2087 dictis
2781 2031 2926 2086 circa
2984 2035 3222 2099 psalmos
3270 2032 3363 2102 qui
3393 2033 3461 2088 ab
3491 2031 3601 2086 lle-

2025 2123 2187 2179 lineis
2209 2124 2380 2196 Moysi
2405 2126 2773 2189 ascribuntur,
2801 2140 2927 2179 cum
2956 2124 3332 2194 suspicaretur
3355 2123 3596 2190 Judaaus,

2030 2219 2393 2289 objectionem
2428 2219 2527 2273 sibi
2562 2220 2758 2288 opponi
2809 2232 2985 2287 posse,
3020 2218 3162 2271 hanc
3183 2217 3302 2286 ejus
3331 2216 3475 2271 dedit
3509 2231 3596 2271 so-

2028 2312 2313 2367 lutionem.
2348 2311 2717 2380 Prospiciebat
2765 2311 2907 2365 enim
2950 2310 3055 2366 sibi
3104 2309 3409 2380 quempiam
3437 2323 3598 2378 posse

2026 2405 2416 2466 contradicere,
2474 2420 2538 2459 ac
2589 2420 2789 2475 negare
2838 2420 3004 2459 unum
3052 2419 3120 2459 ex
3176 2403 3283 2459 illis
3342 2402 3596 2457 undecim

2028 2498 2267 2565 psalmis,
2306 2495 2557 2550 videlicet
2616 2497 3029 2566 nonagesimum
3078 2505 3349 2561 octavum,
3399 2493 3599 2565 Moysis

356 2572 533 2645 ἡμῶν.
575 2576 668 2629 καὶ
725 2579 1082 2647 προσκυνεῖτε
1133 2577 1211 2649 τῷ
1257 2577 1532 2648 ὑποποδίῳ
1586 2577 1695 2632 τῶν
1750 2578 1926 2632 ποδῶν

2026 2603 2165 2652 esse,
2192 2604 2257 2643 ex
2292 2588 2374 2642 his
2411 2603 2602 2657 nempe
2656 2589 2839 2642 verbis
2861 2588 2906 2620 ³⁸
2935 2604 2947 2640 :
2986 2586 3272 2641 «Exaltate
3306 2585 3596 2641 Dominum

352 2667 538 2723 αὑτοῦ.
577 2668 762 2736 Ἄγιος
784 2670 1021 2740 Μωϋσῆς
1053 2669 1149 2724 καὶ
1189 2670 1398 2738 Ἀαρὼν
1445 2673 1503 2725 ὲν
1538 2673 1651 2734 τοῖς
1694 2671 1926 2743 ἱερεῦσιν

2026 2678 2193 2732 Deum
2231 2686 2500 2739 nostrum,
2529 2686 2591 2730 et
2611 2677 2837 2732 adorale
2892 2677 3191 2732 scabellum
3238 2677 3434 2745 pedum
3456 2675 3605 2746 ejus.
3642 2736 3647 2741 _

353 2758 539 2824 αὐτοῦ,
567 2760 660 2814 καὶ
685 2758 937 2831 Σαμουὴλ
957 2760 1016 2813 ὲν
1039 2763 1151 2824 τοῖς
1178 2760 1629 2831 ἐπικαλουμένοις
1655 2760 1714 2813 τὸ
1754 2760 1926 2833 ὄνομα

2027 2767 2261 2821 Sanctus
2315 2765 2527 2835 Moyses
2557 2778 2611 2821 et
2639 2768 2822 2821 Aaron
2853 2765 2906 2820 in
2941 2768 3323 2823 sacerdotibus
3376 2766 3514 2837 ejus,
3542 2776 3599 2823 et

354 2851 543 2905 αὑτοῦ.
586 2851 978 2905 Ἐπεκαλοῦντο
1002 2852 1093 2905 τὸν
1120 2852 1322 2922 Κύριον
1354 2892 1367 2915 ,
1410 2852 1505 2906 καὶ
1558 2853 1719 2916 αὐτὸς
1775 2854 1926 2925 εἰσή-

2027 2857 2246 2914 Samuel
2277 2859 2418 2913 inter
2456 2873 2552 2914 eos
2585 2859 2681 2929 qui
2714 2859 2969 2913 invocant
3024 2874 3219 2914 nomen
3269 2857 3406 2927 ejus.
3440 2858 3598 2913 luvoo

355 2959 548 2995 κουσεν
571 2942 781 2998 αὐτῶν·
823 2946 880 2996 ὲν
917 2944 1095 3015 στύλῳ
1144 2944 1374 3016 νεφέλης
1414 2944 1591 2999 ἐλάλει
1635 2949 1770 3017 πρὸς
1827 2947 1926 2998 αύ-

2028 2952 2228 3006 cabaut
2258 2951 2569 3017 Dominum,
2602 2960 2656 3004 et
2685 2950 2799 3020 ipse
2853 2951 3180 3006 exaudiebat
3234 2966 3346 3015 eos,
3398 2950 3452 3005 in
3502 2964 3597 3005 co-

355 3033 502 3099 τοιις.
545 2996 663 3087 »⁷σο
689 2996 983 3105 ἀντιλέγων
1038 2996 1191 3090 εἰπέν
1219 2996 1566 3103 satagis
1606 2996 1776 3108 ονξέμᾶ
1830 2996 1925 3091 iis

2031 2996 2228 3006 -_.,....-
2258 2996 2569 3017 -ν...-...---.,
2605 2996 2656 3004 ν-
2687 2996 2799 3020 τ--
2856 2996 3180 3006 πηνα---
3237 2996 3346 3015 ν--.
3504 2996 3565 3005 --

2031 3041 2217 3097 lumna
2241 3042 2396 3097 nubis
2426 3043 2752 3111 loquebatur
2781 3044 2846 3096 ad
2878 3058 2992 3097 eos.
3020 3062 3038 3095 ι
3079 3042 3255 3112 Objici
3294 3058 3426 3098 vero
3446 3051 3599 3113 pote-

356 3128 631 3200 Σαμουὴλ,
664 3130 954 3200 γενομένου
984 3130 1221 3184 πλείοσιν
1251 3129 1474 3201 ὕστερον
1503 3133 1739 3200 γενεαῖς,
1765 3132 1930 3185 Μωῦ-

353 3220 457 3290 σῆς
485 3219 679 3292 έθηκεν
705 3223 761 3275 έν
804 3222 883 3293 τῷ
926 3222 1121 3276 ἑαυτοῦ
1146 3222 1365 3293 ψαλμῷ,
1399 3223 1621 3293 Ἔλεγεν
1665 3220 1759 3278 οὖν
1795 3223 1931 3294 πρὸς

352 3310 542 3376 τοῦτο,
597 3314 681 3368 ὅτι
728 3315 878 3369 οὐδὲν
936 3314 1246 3387 θαυμαστὸν
1294 3316 1774 3388 προπεφητεῦσθαι
1822 3316 1930 3370 ὑπὸ

357 3404 636 3469 Μωῦσέως
663 3406 724 3460 τὸ
758 3405 927 3478 ὄνομα
957 3408 1227 3479 Σαμουὴλ,
1250 3409 1443 3480 ἀνδρὸς
1474 3411 1641 3481 ἱεροῦ.
1687 3413 1783 3465 «cal.
1817 3430 1932 3467 συν-

354 3494 750 3568 αριθμηθέντος
781 3498 885 3551 ὑπὸ
919 3498 1182 3571 Ἰερεμίου
1208 3498 1283 3570 τῷ
1305 3501 1512 3572 Μωῢσῇ
1540 3503 1596 3555 ὲν
1622 3500 1700 3573 τῷ
1725 3520 1738 3533 ο
1764 3521 1782 3553 ι
1808 3504 1930 3558 Οὐδ’

359 3587 428 3642 ἂν
465 3592 562 3661 στῇ
588 3591 831 3661 Μωῦσῆς
858 3591 952 3644 καὶ
984 3591 1266 3663 Σαμουὴλ,
1303 3612 1322 3646 ι
1356 3593 1446 3646 ὅτε
1499 3595 1558 3646 ὲν
1606 3598 1724 3659 ταῖς
1766 3597 1931 3650 Βασι-

361 3682 534 3748 λείαις
589 3684 800 3750 Ἰωσίας
846 3687 1227 3758 προεφητεύθη
1251 3704 1265 3718 ο
1313 3707 1331 3739 ι
1381 3688 1800 3761 Θυσιαστὴριον,
1848 3690 1932 3744 θυ-

358 3777 706 3849 σιαστήριον,
743 3779 869 3833 τάδε
900 3778 1051 3848 λέγει
1088 3779 1318 3853 Κύριος·
1373 3781 1482 3835 ἰδοὺ
1531 3780 1643 3845 υἱὸς
1689 3782 1930 3838 τίκτεται

355 3867 439 3941 τῷ
466 3870 661 3925 Δαυῖδ·
709 3873 919 3938 Ἰωσίας
956 3873 1125 3945 ὄνομα
1150 3873 1317 3928 αὐτῶ.
1357 3893 1376 3926 ι

432 4046 698 4113 Πολλάκις
729 4046 972 4123 ζητήσας
1001 4049 1114 4125 (21)
1151 4052 1250 4125 τὴν
1278 4054 1458 4108 αἰτίαν
1486 4053 1581 4108 τοῦ
1635 4054 1932 4126 ἐπιγράφε-

368 4138 491 4194 σθαι
530 4138 733 4210 μεταξὺ
768 4143 876 4197 τῶν
935 4143 1164 4215 ψαλμῶν
1206 4144 1520 4217 διάφαλμα,
1569 4144 1790 4217 ὕστερον
1825 4163 1930 4200 πα-

359 4236 675 4309 ρατηρήσας
706 4237 765 4289 ὲν
786 4235 866 4308 τῷ
899 4235 1188 4308 Ἐϐραίκᾴ
1228 4235 1322 4290 καὶ
1371 4235 1737 4304 συνεξετὰζων
1782 4235 1930 4308 αὐτῷ

2032 3143 2139 3201 rat,
2170 3133 2441 3203 quomodo
2469 3149 2662 3189 nomen
2688 3133 2982 3200 Samuelis,
3021 3135 3115 3203 qui
3144 3133 3326 3189 multis
3351 3142 3473 3204 post
3502 3149 3599 3206 ge-

2030 3226 2404 3281 nerationibus
2441 3224 2564 3290 fuit,
2596 3223 2805 3295 Moyses
2837 3225 3084 3295 posuerit
3130 3224 3183 3279 in
3241 3224 3446 3296 psalmo
3477 3241 3595 3283 suo.

2031 3320 2112 3374 Ad
2142 3317 2259 3374 haec
2290 3318 2672 3388 respondebat,
2712 3317 2845 3372 nihil
2871 3320 3063 3372 mirum
3110 3331 3230 3371 esse
3283 3318 3326 3372 si
3356 3318 3601 3388 prophe-

2033 3411 2136 3465 tice
2160 3412 2568 3479 pronuntiatum
2618 3409 2781 3463 fuerit
2805 3426 2833 3462 a
2865 3407 3046 3478 Moyse
3078 3423 3272 3464 nomen
3306 3407 3595 3474 Samuelis,

2030 3501 2131 3556 viri
2167 3503 2310 3557 sacri
2333 3501 2423 3569 qni
2456 3517 2484 3553 a
2522 3499 2760 3555 Jeremia
2812 3515 2936 3554 cum
2983 3498 3164 3572 Moyse
3210 3511 3597 3557 annumeratus

2029 3600 2117 3646 est
2143 3590 2198 3646 in
2222 3590 2312 3646 illo
2325 3590 2372 3622 "
2395 3607 2410 3644 :
2440 3608 2459 3640 ί
2480 3587 2664 3659 Neque
2686 3588 2733 3643 si
2758 3590 2974 3643 steterit
2991 3588 3203 3658 Moyses
3233 3599 3288 3646 et
3304 3590 3525 3646 Samuel
3541 3608 3596 3659 ς)

2029 3683 2463 3754 quandoquidem
2502 3682 2553 3735 in
2585 3680 2737 3736 libris
2767 3678 3074 3751 Regnorum
3103 3680 3281 3738 Josias
3315 3683 3441 3738 item
3472 3700 3599 3755 pro-

2026 3775 2240 3846 phetice
2278 3773 2590 3830 enuntiatus
2641 3770 2816 3827 est“:
2851 3789 2869 3823 ι
2892 3770 3098 3837 Altare,
3127 3772 3319 3838 altare,
3350 3775 3472 3839 ham
3514 3776 3598 3830 di-

2030 3868 2108 3922 cit
2146 3864 2429 3930 Dominus,
2477 3863 2608 3920 Ecce
2666 3863 2811 3918 lilius
2866 3873 3120 3919 nascetur
3173 3864 3588 3933 DavidiJogias

2027 3974 2220 4014 nomen
2251 3958 2390 4030 ejus.
2409 3974 2431 4009 ι
3607 3949 3610 3955 ’

2101 4050 2254 4120 Saepe
2284 4064 2533 4119 quaerens
2581 4059 2775 4102 causas
2802 4059 2902 4100 cur
2926 4044 2982 4100 in
3013 4044 3332 4116 quibusdam
3370 4045 3592 4114 psalmis

2030 4144 2407 4213 interponatur
2462 4137 2787 4211 diapsalma,
2836 4138 3122 4194 observavi
3179 4131 3612 4210 diligentissime-

2029 4235 2086 4290 in
2125 4234 2370 4301 Hebraeo,
2397 4243 2455 4289 et
2479 4247 2600 4287 cum
2628 4229 2823 4286 erco
2871 4229 3095 4294 contuli,
3147 4228 3437 4300 iuvenique
3466 4224 3614 4300 quia

355 4327 428 4380 1:6
444 4327 774 4399 Ἑλληνικὸν,
798 4322 976 4402 εὖρον,
1006 4330 1087 4383 ὅτι
1111 4329 1245 4382 ὅπου
1280 4329 1340 4383 τὸ
1384 4328 1664 4401 Ἐϐραϊστὶ
1698 4347 1717 4380 ι
1754 4328 1844 4382 σὲλ
1864 4370 1878 4393 ,
1909 4350 1926 4380 ι

2029 4329 2120 4383 ubi
2156 4327 2343 4396 lingua
2396 4323 2620 4380 Hebraea
2657 4342 2676 4375 ι
2699 4324 2809 4379 sela
2842 4323 2969 4393 (ms.
2999 4319 3111 4394 sel)
3133 4339 3152 4373 ι
3188 4321 3372 4386 habet,
3402 4318 3592 4376 Graeca

364 4417 669 4491 Ἑλληνιστὶ
701 4421 758 4475 δὲ
792 4441 810 4473 ι
835 4422 942 4487 ἀεὶ,
969 4441 987 4474 ι
1020 4421 1055 4493 ἡ
1085 4438 1137 4474 τι
1180 4420 1356 4491 τούτῳ
1392 4418 1764 4491 ἰσοδυναμοῦν,
1818 4423 1926 4474 ἐκεῖ

2029 4436 2157 4477 vero
2183 4437 2203 4470 ι
2242 4429 2480 4484 semper,
2514 4434 2532 4467 ι
2562 4422 2654 4469 aut
2683 4414 2885 4483 aliquid
2914 4410 3236 4477 istiusmodi,
3268 4407 3338 4463 ibi
3370 4408 3593 4478 Septua-

354 4512 840 4585 οῑΈὸδομήκοντα,
856 4514 950 4568 καὶ
975 4514 1286 4579 Θεοδοτίων,
1302 4515 1397 4568 καὶ
1414 4513 1710 4584 Σύμμαχος
1737 4512 1926 4577 suam

2026 4510 2171 4584 ginta
2205 4519 2260 4565 et
2305 4506 2661 4569 Theodotion,
2694 4514 2752 4560 et
2781 4504 3145 4575 Symmachus
3197 4498 3597 4554 transtulerunt

354 4605 417 4660 τὸ
445 4624 464 4657 ι
487 4604 785 4678 διάψὰλμα.
824 4625 844 4659 ι
875 4606 950 4660 Οὐ
990 4608 1168 4678 χεῖρον
1199 4607 1257 4661 δὲ
1295 4606 1703 4678 παραδείγματι
1733 4605 1795 4659 τὸ
1844 4604 1926 4657 λε-

2033 4623 2050 4655 ι
2077 4600 2390 4672 diapsalma.
2422 4618 2441 4651 ι
2477 4597 2663 4669 Neque
2690 4614 2817 4654 vero
2850 4606 3008 4651 nocet
3030 4591 3296 4661 exemplis
3323 4587 3615 4658 afﬁrmare

429 4723 474 4757 ³⁸
496 4721 644 4778 Psal.
677 4735 832 4785 xcm,
869 4722 922 4775 1.
1030 4721 1073 4752 ³³
1105 4721 1246 4776 Psal.
1282 4735 1423 4777 χειν.
1460 4721 1513 4774 l.
1619 4719 1665 4751 ³³
1692 4719 1834 4773 Psal.
1865 4733 1926 4773 xc

2026 4717 2074 4771 Ι.
2187 4712 2230 4746 ³⁸
2260 4711 2405 4785 Psal.
2436 4725 2580 4777 xcvr,
2611 4710 2663 4785 l.
2740 4708 2997 4785 __“‘_l’s_al.
3027 4722 3194 4770 1cm,
3382 4705 3430 4740 ⁸⁸
3448 4704 3595 4762 Psal.

358 4809 550 4862 xcvm,
581 4795 631 4851 1.
708 4778 915 4847 "Psal.
937 4806 1085 4858 xcux,
1116 4794 1135 4845 1
1170 4801 1226 4846 et
1252 4792 1304 4845 ‘2.
1396 4789 1441 4823 ³⁸
1465 4789 1605 4845 Psal.
1640 4805 1823 4855 xcvm,
1860 4789 1915 4856 5,
1948 4778 2002 4857 6,
2039 4788 2092 4841 7.
2187 4785 2231 4817 ³⁹
2253 4781 2454 4839 Jerem.
2488 4797 2578 4850 xv,
2611 4781 2664 4834 1.
2738 4780 2783 4812 ⁸ο
2816 4781 2877 4833 lll
2910 4780 3041 4850 Reg.
3079 4793 3200 4843 xm,
3228 4778 3283 4831 ἓ.

428 4909 818 4983 (20)-Τούτξιινι⁸
850 4905 1215 4983 *εἰρημένωῃ
1271 4914 1374 4983 etc.
1432 4906 1927 4983 Hil_a_rius__ibide_rn

356 4974 575 5037 nuinﬂi
608 4997 624 5036 :
660 4998 679 5032 ι
708 4980 864 5044 Quod
891 4974 934 5034 si
959 4974 1101 5033 forte
1129 4978 1325 5044 aliquis
1351 4993 1447 5046 per
1475 4974 1526 5031 id
1554 4977 1927 5045 intelligentiae

360 5052 486 5107 huic
541 5051 703 5105 ﬁdem
764 5051 1050 5109 detrahet,
1089 5049 1230 5117 quod
1287 5048 1340 5101 in
1400 5046 1506 5101 his.
1552 5047 1775 5114 psalmis
1834 5046 1927 5114 qui

354 5136 481 5177 eum
524 5122 819 5191 psalmum,
860 5118 1204 5191 cuigMoyses
1260 5129 1452 5191 auctor
1509 5117 1764 5191 praelatus
1819 5125 1927 5178 est,

356 5188 819 5261 subsequuntur,
869 5188 1129 5261 scriptum
1203 5191 1273 5242 sit
1296 5227 1319 5261 ,Α
1371 5188 1421 5240 id
1484 5198 1570 5261 est
1646 5189 1700 5240 in
1760 5200 1930 5261 nona-

353 5257 564 5332 gesimo
601 5271 856 5332 Loctavo,
912 5258 1117 5330 Moyses
1174 5267 1222 5312 et
1287 5259 1464 5313 Aaron
1522 5259 1578 5310 in
1626 5257 1923 5332 sacerdotes

354 5327 492 5403 ejus,
522 5340 568 5386 et
590 5327 805 5403 Sqtnuel
833 5331 972 5385 inter
997 5327 1084 5383 éos
1106 5332 1407 5403 inuocantes
1442 5342 1626 5403 nomen
1645 5329 1783 5395 ejus,
1814 5340 1919 5403 non

356 5394 517 5472 posse
560 5416 592 5455 a
644 5400 828 5473 Moyse
876 5415 1001 5457 eum
1032 5401 1413 5469 prophetatum
1440 5397 1632 5473 videri,
1667 5394 1789 5449 cum
1822 5394 1917 5450 Sa-

357 5466 502 5528 inuel
527 5466 750 5536 nomen,
782 5473 871 5541 qui
895 5466 1051 5526 tanta
1077 5466 1263 5541 postea
1288 5483 1449 5541 quam
1481 5466 1716 5541 Moyses.
1755 5475 1914 5521 natus

355 5553 458 5602 est.
491 5549 675 5598 exstet
699 5542 749 5594 in
781 5537 1033 5611 psalmo:
1078 5537 1388 5594 meminerit
1425 5537 1789 5611 nulli‘mirum
1822 5545 1916 5611 aut

355 5613 575 5669 dillicile
597 5607 1078 5682 videri'Oportere,
1132 5621 1189 5664 ut
1235 5617 1419 5664 tantus
1468 5608 1728 5679 propheta
1778 5607 1912 5664 tanti

2029 4902 2329 4972 prophetae,
2361 4906 2546 4972 postea
2582 4896 2708 4972 lice_t
2727 4895 2912 4972 futuri,
2946 4908 3140 4972 nomen
3171 4892 3440 4972 ediderit:
3466 4908 3595 4950 cum

2030 4965 2084 5027 in
2121 4965 2435 5041 Regnorum
2484 4969 2620 5023 libro
2668 4965 2826 5041 Josia:
2870 4966 3011 5033 regis
3048 4979 3243 5041 nomen
3289 4965 3384 5041 sit,
3439 4975 3593 5020 ante—

2029 5037 2523 5111 quam'uascatur,
2562 5040 2968 5111 prophetatum,
2999 5037 3549 5111 _pr0pheta__diceute
3578 5056 3592 5090 :

2028 5104 2313 5173 Altart'um,
2365 5104 2640 5173 altaria—nt,
2670 5104 2781 5162 haec
2827 5107 2954 5159 dicit
2989 5104 3406 5176 Dominus,Ecce
3447 5106 3595 5176 ﬁlius

2029 5192 2274 5236 nascetur
2308 5180 2496 5244 David,
2526 5179 2703 5233 Josias
2742 5193 2932 5232 nomen
2976 5174 3089 5245 ejus
3120 5190 3140 5229 :
3176 5174 3457 5245 ρος-(μιοᾶ
3488 5190 3595 5230 non

2031 5252 2351 5307 incredibile
2383 5265 2506 5304 esse
2531 5258 2805 5318 oportere,
2836 5256 2895 5300 ut
2922 5243 3140 5300 Samuel
3246 5243 3427 5318 Moyse
3453 5261 3592 5318 pra}-

2026 5324 2207 5378 dictus
2235 5321 2305 5376 sit
2353 5339 2366 5374 :
2409 5313 2647 5372 Inaxime
2681 5334 2804 5372 cum
2851 5318 3149 5371 secundum
3175 5313 3470 5369 Jereniiani
3511 5316 3595 5368 di-

2023 5403 2257 5456 centem,
2279 5407 2371 5445 nec
2392 5393 2437 5443 si
2462 5399 2558 5443 stet
2589 5387 2796 5457 Moyses
2834 5397 2880 5439 et
2910 5385 3143 5452 Samuel,
3175 5383 3345 5456 Moysi
3388 5400 3597 5441 conno‘

2022 5465 2262 5519 minatus
2294 5461 2366 5515 sit
2401 5475 2467 5515 ex
2500 5461 2695 5513 merito
2731 5458 3094 5511 sanctitatis.)

2096 5532 2207 5606 (2i)
2244 5529 2546 5606 Πολλάκις
2592 5526 2875 5606 ζητήσας,
2918 5536 3025 5606 etc:
3051 5524 3435 5606 Interpretatio
3493 5523 3596 5579 La-

2022 5594 2135 5660 tina
2169 5594 2334 5672 hujus
2368 5602 2472 5656 loci
2499 5613 2671 5669 usque
2703 5599 2772 5651 ad
2801 5597 2963 5652 [litem
2987 5594 3277 5665 fragmenti
3312 5596 3593 5664 desumpta
