4046 6152
476 207 619 265 1059

1902 189 1995 248 ΕΙ
2028 184 2331 245 ORIGENE

3573 180 3713 236 ιοϋυ

470 321 616 392 quod
666 320 919 377 dicimus.
971 316 1030 372 in
1091 314 1491 385 septuagesimo
1542 319 1739 382 quarto
1805 311 2038 383 psalmo,

2142 303 2371 375 γόμενον
2407 300 2701 372 βεϐαιῶσαι
2733 317 2749 333 ο
2794 294 2905 354 οἷον
2947 301 3008 353 ὲν
3047 298 3127 371 τῷ
3171 298 3241 353 οδν
3295 298 3517 371 ψαλμῷ.
3565 293 3628 351 ὦ
3679 301 3715 372 ἠ

469 417 625 484 cujus
646 409 970 483 principium
1013 416 1097 461 est
1116 405 1161 438 δι
1188 423 1203 460 :
1241 424 1262 457 1
1290 404 1682 460 Confitebimur
1719 402 1838 466 tibi,
1869 401 2033 464 Deus,

471 503 853 562 conﬁtebimur
897 498 1055 567 (mss.
1113 497 1234 567 tibi)
1294 504 1350 550 et
1404 493 1774 550 invocabimus
1836 506 2033 547 nomen

471 607 661 653 tuum:
688 613 710 649 1
747 602 803 650 et
837 600 960 663 post
1010 589 1141 644 illud
1155 590 1201 622 “
1232 606 1249 643 :
1290 608 1309 641 1
1336 588 1447 660 Ego
1478 587 1794 644 conﬁrmavi
1829 584 2038 639 colum-

471 704 574 745 nas
625 684 761 753 ejus.
784 703 806 737 1
834 684 976 756 apud
1027 680 1404 753 Septuaginta,
1441 688 1497 734 et
1523 676 1952 733 Theodotionem
1980 684 2037 729 et

472 770 860 845 Symmachum
917 779 1024 836 est,
1086 767 1511 835 1diapsalma;1
1568 781 1667 835 pro
1728 780 1838 835 quo
1894 764 2036 833 apud

470 863 770 936 Aquilam:
826 861 1168 921 1Ponderavi
1231 859 1361 930 (ms.
1421 856 1701 929 constitui)
1756 858 2038 912 columnas

472 958 611 1029 ejus,
647 970 924 1026 semper.1
966 953 1023 1008 ln
1068 953 1255 1022 quinta
1321 962 1503 1007 autem
1550 951 1792 1005 editione
1826 966 1841 1003 :
1879 967 1897 1000 1
1924 949 2037 1018 Ego

473 1064 591 1103 sum
643 1046 740 1114 qui
773 1044 960 1113 paravi
992 1042 1275 1100 columnas
1297 1041 1435 1107 ejus,
1471 1054 1686 1109 semper
1709 1056 1722 1104 ;
1745 1058 1765 1091 1
1802 1040 1854 1093 in
1885 1049 2038 1093 sexta

474 1156 603 1194 vero
632 1160 644 1193 :
682 1157 702 1189 1
727 1137 839 1206 Ego
865 1136 1078 1191 ﬁrmavi
1125 1135 1406 1190 columnas
1433 1131 1551 1201 ejus
1570 1131 1787 1203 jugiter.
1814 1149 1832 1183 1
1869 1129 2039 1185 Porro

419 1272 427 1275 -
474 1234 527 1287 in
555 1230 823 1286 llebraico
860 1229 1020 1284 habet
1067 1236 1210 1298 post,
1238 1244 1257 1279 1
1278 1225 1509 1291 Amuda,
1537 1243 1556 1276 1
1596 1223 1739 1292 quod
1772 1233 1875 1290 est,
1910 1242 1928 1274 1
1949 1237 2041 1278 co-

478 1326 688 1370 lumnas
716 1330 853 1384 ejus,
890 1332 909 1365 1
943 1311 1049 1367 seta
1075 1318 1198 1381 (ms.
1239 1310 1353 1379 sd.)
1403 1312 1471 1366 Et.
1497 1325 1714 1365 rursum
1742 1310 1798 1363 in
1822 1318 2040 1379 septua-

480 1409 684 1482 gesimo
724 1408 913 1476 quinto
947 1405 1101 1473 cujus
1144 1403 1465 1475 principium
1503 1412 1587 1457 est
1612 1402 1658 1434 ’⁵³
1686 1418 1699 1454 :
1737 1421 1756 1453 1
1787 1402 1958 1457 Notus
1985 1403 2041 1455 in

478 1502 664 1558 Judma
693 1501 855 1565 Deus,
896 1517 914 1549 1
951 1497 1257 1552 invenimus
1284 1496 1424 1566 apud
1454 1495 1597 1550 LXX
1627 1505 1682 1549 et
1710 1495 2043 1550 Theodotio-

482 1611 607 1651 nem
654 1602 804 1664 post,
852 1612 871 1644 1
917 1601 1159 1655 scutum,
1200 1590 1455 1645 frameam
1493 1597 1549 1643 et
1583 1588 1811 1653 bellum,
1858 1606 1877 1638 1
1920 1589 2040 1641 dia-

482 1687 687 1758 psalma
716 1686 795 1751 Μ’;
844 1685 987 1754 apud
1024 1683 1404 1755 Symmachum
1445 1691 1592 1752 post,
1643 1701 1661 1733 1
1707 1680 1952 1752 clypeum
1987 1688 2043 1734 et

482 1778 714 1851 gladium
782 1785 837 1832 et
892 1776 1125 1841 bellum,
1172 1792 1191 1826 1
1267 1774 1508 1829 similiter
1579 1771 1876 1841 diapsalma
1942 1786 2042 1841 pro

481 1887 590 1941 quo
631 1870 775 1940 apud
815 1866 1064 1938 Aquilam
1105 1873 1262 1937 post,
1296 1884 1315 1917 1
1351 1864 1597 1935 clypeum
1637 1870 1692 1917 et
1728 1862 1961 1934 gladium
1987 1869 2045 1916 et

482 1961 703 2027 bellum,
739 1978 758 2010 1
786 1976 1010 2027 semper.
1041 1958 1100 2012 In
1128 1968 1276 2011 sexta
1311 1971 1440 2010 vero
1468 1962 1618 2024 post,
1651 1973 1671 2005 1
1706 1962 1953 2015 scutum,
1988 1960 2044 2007 et

482 2050 719 2126 gladium
763 2060 819 2106 et
844 2050 1076 2114 bellum;
1113 2067 1131 2099 1
1178 2048 1234 2101 in
1261 2047 1438 2116 ﬁnem.
1471 2045 1705 2114 Eratque
1732 2058 1947 2097 rursum
1985 2042 2041 2096 in

484 2143 749 2200 Hebraico
787 2152 949 2212 post:
986 2161 1004 2192 1
1037 2139 1312 2195 Umalama
1332 2180 1348 2204 ,
1381 2156 1399 2189 1
1431 2136 1592 2208 516
1618 2136 1761 2205 quod
1789 2144 1898 2199 est,
1936 2155 1954 2186 1
1987 2143 2042 2189 et

480 2236 712 2301 bellum,
745 2252 763 2286 1
799 2232 908 2287 seta
941 2234 1060 2299 (ms.
1091 2229 1208 2300 sel.)
1238 2231 1306 2284 Et
1348 2229 1402 2282 in
1450 2228 1637 2282 eodem
1680 2227 1883 2295 psalmo
1922 2235 2044 2294 post

482 2325 633 2383 illum
658 2327 856 2390 locum,
877 2344 896 2376 1
922 2333 981 2378 ut
1000 2321 1175 2378 salvos
1196 2321 1397 2375 faceret
1421 2333 1608 2374 omnes
1628 2317 1784 2371 mites
1811 2324 1985 2380 terrae,
2017 2333 2036 2365 1

480 2415 778 2486 diapsalma
803 2414 871 2468 ⁸⁵.
894 2413 1049 2483 Apud
1099 2411 1478 2483 Symmachum
1527 2409 1771 2483 similiter
1814 2411 2045 2480 diapsal-

483 2523 603 2573 ma;
651 2515 707 2563 et
753 2506 896 2577 apud
940 2505 1187 2575 Aquilam
1245 2518 1486 2575 semper;
1524 2518 1737 2558 necnon
1794 2514 1850 2558 et
1901 2505 2044 2573 apud

482 2600 728 2671 quintam
793 2607 917 2669 post
989 2597 1123 2652 illud
1182 2614 1196 2649 :
1259 2616 1276 2648 1
1328 2596 1410 2650 Ad
1478 2596 1795 2651 salvandum
1852 2611 2042 2651 omnes

483 2700 795 2748 mansuetos
828 2699 1016 2755 terrae;
1059 2708 1078 2741 1
1124 2705 1339 2758 semper.
1374 2688 1436 2742 In
1464 2697 1612 2742 sexta
1648 2703 1796 2750 vero,
1826 2696 1950 2757 post
1977 2687 2044 2740 il-

482 2785 596 2851 lud,
637 2804 656 2836 1
706 2784 775 2838 ad
802 2782 1116 2838 salvandum
1144 2780 1303 2834 mites
1332 2789 1506 2843 terrm,
1546 2798 1564 2831 1
1599 2781 1653 2832 in
1681 2781 1856 2848 ﬁnem.
1888 2780 1956 2833 Et
1988 2780 2042 2832 in

481 2873 747 2933 Hebraico
775 2884 896 2946 post
915 2893 933 2925 1
955 2873 1076 2927 anie
1097 2887 1218 2927 ares
1244 2872 1366 2943 (ms.
1395 2872 1526 2941 ars),
1559 2889 1577 2920 1
1607 2872 1749 2940 quod
1772 2880 1870 2935 est,
1898 2891 1915 2922 1
1944 2870 2047 2923 mi-

2135 393 2300 465 ἀρχή’
2337 409 2355 442 ε
2379 388 2914 461 Ἐξομρλογησόμεθά
2941 406 3046 452 σοιν
3074 390 3103 441 ὁ
3133 386 3287 452 θεδςν
3322 386 3715 458 ww”

2140 485 2279 557 μεθά
2318 500 2423 544 σοι,
2464 484 2558 536 καὶ
2581 480 3018 552 ὲπικαλεσὸμεθα
3049 480 3110 533 τὺ
3138 479 3308 550 ὄνομά
3332 496 3427 532 σου
3446 496 3463 509 ·
3506 498 3526 530 1
3578 480 3719 550 μετὰ

2135 576 2217 639 τὸ,
2241 573 2423 643 «Ἐγὼ
2465 573 2770 647 ὲστερέωσα
2811 574 2937 636 τοὺς
2977 570 3200 634 στύλους
3238 572 3428 640 αὐτῆς,
3492 590 3513 623 1
3565 570 3714 641 παρὰ

2135 670 2249 731 τοῖς
2263 666 2682 736 Ἐὅδομήκοντα,
2713 663 2809 717 καὶ
2826 663 3164 729 Θεοδοτίωνι,
3185 664 3278 717 καὶ
3290 665 3362 715 Συ
3370 663 3577 733 μμάχῳ
3599 664 3713 716 ἐστὶ

2143 778 2161 811 1
2197 758 2491 830 διάψαλμα.
2526 777 2545 810 1
2588 757 2735 811 Ἀντὶ
2785 755 2845 810 δὲ
2884 755 3075 809 τούτου
3122 754 3273 826 παρὰ
3320 755 3418 825 μὲν
3484 754 3709 825 Ἀκύλα-

2142 872 2162 905 1
2186 852 2327 922 Ἐγὼ
2356 849 2768 921 ὲσταθμισάμην
2796 849 2919 913 τοὺς
2959 847 3182 911 στύλους
3226 847 3395 918 αὐτῆς
3431 848 3554 901 ἀεί·
3595 867 3615 899 1
3656 849 3715 901 ἐν

2137 945 2194 999 δὲ
2215 947 2280 1015 τῇ
2305 950 2345 997 ε’
2367 960 2381 974 ·
2410 961 2429 995 1
2465 940 2606 1012 Ἐγώ
2638 944 2753 1012 εἰμι
2785 939 2844 1005 ὃς
2883 941 3156 1012 ήτοίμασα
3188 941 3313 1005 τοὺς
3356 940 3585 1005 στύλους
3615 942 3715 996 αὐ-

2137 1036 2235 1107 τῆς
2262 1035 2376 1088 ἀεί·
2409 1054 2428 1088 ι
2457 1036 2516 1089 ὲν
2540 1035 2596 1087 δὲ
2621 1036 2686 1104 τῇ
2718 1040 2801 1097 ς¹·
2837 1051 2857 1084 ι
2905 1032 3044 1100 Ἐγὼ
3078 1032 3387 1106 ὲστερέωσα
3416 1034 3547 1096 τοὺς
3586 1019 3717 1088 στύ-

2138 1122 2262 1188 λους
2286 1123 2454 1194 αὐτῆς
2499 1122 2811 1186 διαπαντός.
2846 1140 2866 1174 1
2899 1123 3116 1175 Ἐκειτο
3138 1121 3195 1175 δὲ
3228 1125 3285 1178 ἐν
3322 1122 3401 1194 τῷ
3441 1124 3713 1196 Ἐϐραῖκῷ

2142 1214 2281 1286 μετὰ
2313 1214 2373 1267 τὸ
2399 1233 2417 1265 1
2441 1215 2719 1284 Ἀμουδᾶ,ι
2758 1214 2787 1266 ὅ
2831 1216 2948 1267 ἐστι
2974 1253 2990 1277 ,
3052 1232 3071 1266 1
3108 1213 3332 1279 στύλους
3367 1216 3562 1287 αὐτῆς,
3594 1237 3615 1268 1
3654 1217 3714 1271 τὸ

2146 1325 2162 1352 1
2193 1306 2304 1360 σέλ.
2343 1324 2361 1357 1
2387 1306 2555 1359 Πάλιν
2584 1322 2643 1358 τε
2674 1303 2740 1359 αὖ
2778 1306 2836 1359 ὲν
2863 1304 2937 1376 τῷ
2973 1311 3064 1371 οεν,
3094 1298 3155 1359 οὗ
3184 1308 3327 1378 ἁρχὴ
3350 1347 3365 1371 ,
3422 1327 3441 1359 1
3471 1308 3713 1373 Γνωστὺς

2140 1400 2197 1450 ὲν
2220 1400 2288 1469 τῇ
2333 1397 2559 1469 Ἰουδαίᾳ
2580 1400 2607 1451 6
2634 1398 2819 1464 Θεὸς,»
2857 1398 3090 1470 εὕρομεν
3120 1399 3269 1473 παρὰ
3294 1402 3407 1465 τοῖς
3454 1400 3686 1474 Ἐϐδομή

2141 1507 2305 1544 κοντα
2330 1491 2424 1544 καὶ
2446 1490 2779 1555 Θεοδοτίωνι,
2817 1489 2954 1562 μετὰ
2972 1490 3053 1556 τὸ,
3079 1491 3265 1553 «ὅπλα,
3294 1493 3391 1547 καὶ
3418 1496 3712 1565 ῥομφαίαν,

2141 1583 2237 1637 καὶ
2263 1583 2516 1654 πόλεμον,
2540 1602 2557 1633 1
2580 1581 2890 1653 διάψηλμα
2913 1599 2929 1614 ο
2954 1584 3104 1657 παρὰ
3133 1585 3188 1637 δὲ
3217 1586 3498 1657 Συμμάχῳ
3518 1626 3532 1649 ,
3580 1587 3720 1658 μετὰ

2072 1651 2114 1707 Β
2141 1675 2223 1739 τὸ,
2264 1692 2282 1724 1
2320 1651 2524 1729 ἀσπίδα
2572 1674 2668 1727 καὶ
2704 1651 2977 1745 μάχαιραν
3016 1651 3111 1728 καὶ
3146 1651 3396 1747 πόλεμον,
3515 1651 3714 1746 ὁμοίως

2147 1785 2166 1818 1
2203 1763 2497 1835 διάψαλμα.
2534 1785 2553 1817 1
2604 1766 2749 1819 Ἀντὶ
2790 1766 2848 1819 δὲ
2901 1766 3091 1820 τούτου
3137 1768 3286 1839 παρὰ
3332 1768 3429 1838 μὲν
3492 1768 3713 1838 Ἀκύλᾳ,

2143 1856 2279 1927 μετὰ
2315 1856 2405 1920 τὸ,
2448 1875 2467 1906 1
2500 1855 2691 1928 θυρεὸν
2718 1858 2812 1911 καὶ
2858 1858 3095 1929 πόλεμον
3134 1859 3229 1913 καὶ
3258 1859 3557 1931 μάχαιραν,
3591 1879 3611 1911 1
3654 1859 3714 1912 τὸ

2144 1964 2165 1998 1
2197 1947 2283 2000 ἀεί
2346 1965 2364 1997 1
2392 1947 2448 2000 ἐν
2473 1946 2531 1999 δὲ
2564 1949 2627 2017 τῇ
2660 1953 2733 2013 ς’,
2782 1948 2923 2019 μετὰ
2954 1948 3036 2012 τὸ,
3076 1966 3095 2000 1
3128 1949 3292 2002 ὅπλον
3321 1951 3413 2003 καὶ
3443 1951 3715 2022 ῥομφαίαν

2140 2040 2234 2091 καὶ
2258 2038 2511 2109 πόλεμον,
2546 2058 2564 2091 1
2602 2040 2683 2103 τὸ,
2721 2059 2740 2091 1
2778 2041 2858 2105 εἰς
2885 2040 3060 2106 τέλος.
3094 2061 3114 2093 1
3144 2038 3253 2097 ’Ἦν
3279 2043 3335 2097 δὲ
3362 2044 3525 2097 πάλιν
3548 2045 3607 2097 ὲν
3636 2043 3715 2116 τῷ

2151 2128 2422 2202 Ἐϐραῖκῷ
2463 2130 2601 2202 μετὰ
2635 2131 2716 2197 τὸ,
2777 2151 2796 2183 1
2838 2133 3166 2205 Ούμάλαμα,
3197 2154 3216 2187 1
3272 2136 3300 2189 ὃ
3355 2137 3495 2204 ἐστι,
3556 2153 3578 2188 1
3620 2137 3713 2192 καὶ

2141 2221 2398 2293 πόλεμον,
2442 2242 2459 2273 1
2504 2222 2565 2276 τὸ
2610 2242 2628 2275 1
2655 2224 2765 2279 σέλ.
2803 2244 2822 2277 1
2850 2226 2961 2279 Kal
2994 2226 3073 2280 ἔτι
3104 2229 3162 2282 ὲν
3196 2227 3299 2299 τῷ*
3318 2229 3469 2300 αύτῷ
3493 2230 3712 2301 ψαλμῷ,

2144 2311 2282 2382 μετὰ
2307 2312 2388 2376 τὸ,
2426 2331 2444 2363 1
2473 2314 2567 2367 τοῦ
2599 2315 2774 2369 σῶσαι
2796 2316 3003 2381 πάντας
3033 2320 3159 2382 τοὺς
3187 2323 3380 2392 πραεῖς
3403 2320 3503 2392 τῆς
3526 2321 3648 2391 γῆς,
3688 2340 3707 2373 1

2139 2406 2167 2459 6
2199 2405 2493 2477 Σύμμαχος
2542 2408 2744 2479 ὁμοίως
2788 2427 2808 2461 1
2848 2410 3145 2482 διάψαλμα.
3190 2431 3210 2466 1
3249 2413 3407 2485 Παρὰ
3431 2414 3489 2468 δὲ
3508 2413 3588 2485 τῷ
3628 2415 3712 2466 Ἀ-

2141 2497 2299 2570 κύλᾳ,
2335 2499 2475 2569 μετὰ
2499 2500 2578 2564 τὸ,
2609 2520 2628 2553 1
2659 2503 2869 2568 πάντας
2915 2506 3041 2570 τοὺς
3083 2508 3278 2576 πραεῖς
3328 2507 3427 2577 τῆς
3447 2508 3569 2578 γῆς,
3607 2527 3626 2560 1
3653 2507 3713 2559 τὸ

2146 2608 2164 2641 1
2200 2591 2319 2644 ἀεί·
2362 2611 2380 2643 1
2414 2591 2555 2646 οὕτω
2586 2593 2643 2646 δὲ
2673 2595 2766 2648 καὶ
2797 2598 2854 2649 ὲν
2879 2599 2944 2667 τῇ
2973 2597 3223 2670 πέμπτῃ,
3256 2596 3396 2668 μετὰ
3420 2599 3503 2663 τὸ,
3535 2617 3555 2649 1
3580 2598 3713 2652 πάνυ

2139 2699 2237 2746 τας
2264 2684 2393 2765 τοὺς,
2415 2687 2608 2754 πραεῖς
2622 2687 2722 2757 τῆς
2756 2687 2878 2758 γῆς,
2917 2706 2934 2739 1
2968 2688 3029 2741 τὸ
3055 2708 3074 2740 1
3103 2688 3218 2742 ἀεί·
3257 2708 3275 2740 1
3307 2691 3365 2742 ὲν
3395 2689 3452 2743 δὲ
3477 2693 3542 2761 τῇ
3579 2682 3710 2762 ἕκτη

2145 2771 2282 2842 μετὰ
2317 2773 2376 2826 τὺ
2401 2812 2416 2836 ,
2461 2794 2477 2824 1
2512 2774 2605 2827 τοῦ
2655 2776 2825 2831 σῶσαι
2870 2779 2995 2842 τοὺς
3044 2782 3238 2850 πραεῖς
3272 2780 3371 2851 τῆς
3411 2782 3548 2853 γῆς,
3578 2801 3597 2835 1
3653 2782 3714 2835 τὸ

2147 2880 2168 2914 1
2201 2865 2282 2926 εἰς
2311 2865 2485 2930 τέλος.
2524 2886 2542 2917 1
2581 2867 2692 2921 Καὶ
2723 2870 2781 2923 ὲν
2811 2869 2890 2939 τῷ
2927 2870 3204 2942 Ἐϐραῖκῷ
3258 2871 3397 2942 μετὰ
3434 2871 3499 2925 τὸ
3531 2891 3551 2924 1
3590 2873 3711 2945 ἀνίη

483 2972 566 3019 tes
612 2971 795 3029 terrm,
834 2981 854 3017 1
887 2961 996 3016 sela
1027 2960 1149 3026 (ms.
1194 2960 1331 3028 sel),
1375 2970 1537 3030 atque
1586 2961 1659 3015 ita
1710 2975 1832 3014 cum
1883 2959 2039 3013 talem

2142 2954 2262 3027 ἂρς,
2308 2976 2326 3009 1
2362 2958 2545 3022 ὃὲστι,
2579 2979 2595 3009 1
2631 2963 2823 3033 πραεῖς
2848 2962 2946 3033 τῆς
2983 2964 3106 3034 γῆς,
3149 2982 3167 3015 1
3218 2963 3278 3016 τὸ
3329 2983 3346 3015 1
3392 2965 3505 3028 σέλ,
3547 2985 3566 3018 1
3622 2966 3714 3019 καὶ

487 3042 908 3109 uniuscujusque
962 3047 1216 3098 editionis
1265 3048 1570 3112 opinionem
1628 3050 2041 3116 reperissemus,

483 3130 599 3184 haec
629 3132 1022 3188 adnotavimus.
1054 3131 1248 3187 Utrum
1288 3146 1467 3188 autem
1511 3137 1791 3205 cujusdam
1824 3142 2045 3197 musica:

482 3220 789 3284 cantilenae,
816 3234 910 3275 aut
943 3225 1184 3294 rhythmi
1216 3227 1645 3282 inmiutationem
1670 3230 1761 3298 qui
1782 3232 2045 3302 interpre-

484 3310 580 3365 tati
606 3323 733 3364 sunt
769 3313 1100 3382 1diapsulma
1129 3333 1147 3366 1
1184 3318 1479 3382 senserint,
1515 3319 1731 3375 aliudve
1762 3322 2039 3380 intellexe-

481 3398 611 3468 rint,
641 3409 734 3456 tuo
756 3400 963 3471 judicio
990 3404 1330 3465 derelinquo.

478 3663 580 3722 EX
619 3663 986 3725 ORIGENIS
1042 3664 1621 3725 COMMENTARHS
1687 3667 1777 3727 IN
1818 3669 2038 3729 PSAL-

1177 3759 1348 3815 M08.

546 3852 922 3925 Psalmi1pro
980 3853 1387 3910 torcularibus1
1452 3852 1727 3927 inscripti,
1774 3858 1866 3928 qui
1926 3868 2038 3916 tres

476 3955 625 4010 sunt,
654 3959 845 4015 nempe
874 3955 1122 4011 octavus,
1169 3948 1531 4016 octogesimus
1577 3957 1632 4002 et
1664 3949 2039 4027 {octogesimus

476 4038 689 4105 tertius,
717 4038 971 4092 videntur
1006 4038 1131 4092 mihi
1168 4041 1644 4111 congregationem
1680 4040 1953 4109 Ecclesiae,
1984 4055 2040 4098 et

474 4129 876 4185 multitudinem
903 4138 1268 4185 conventumn
1303 4142 1652 4202 cmtuumque
1675 4132 1986 4202 signiﬁcare
2017 4147 2031 4185 :

2143 3047 2314 3113 οὕτως
2342 3050 2675 3105 ἀδιάπτωτον
2703 3054 2952 3124 εὑρόντες
2977 3055 3077 3125 τὴν
3121 3055 3374 3127 τοιαύτην
3397 3058 3685 3129 παρατήρη
3708 3085 3714 3095 ~

2145 3156 2250 3205 σιν,
2274 3142 2442 3196 ταῦτα
2463 3144 3179 3219 ὲσημειωσάμεθα.Πότερον
3202 3148 3258 3201 δὲ
3290 3149 3549 3218 μουσικοῦ
3574 3164 3713 3212 τινος

2149 3233 2396 3305 μέλουςῆ
2446 3235 2652 3306 ῥυθμοῦ
2688 3237 2978 3309 γινομένης
3021 3239 3325 3310 ὲναλλαγῆς
3370 3241 3615 3313 ἔγραψαν
3655 3239 3715 3294 τὸ

2154 3341 2174 3376 1
2214 3325 2492 3396 διάψαλμα
2524 3345 2542 3377 1
2594 3329 2642 3380 οἱ
2683 3328 3213 3403 ὲρμηνεύσαντες,ἢ
3261 3332 3434 3395 ἄλλως
3473 3331 3715 3403 κινηθὲν·

2147 3433 2260 3481 τες,
2294 3418 2469 3471 καὶσὺ
2503 3419 2820 3496 ἐπιστήσῃς.

2266 3680 2366 3737 ΕΚ
2395 3679 2528 3740 ΤΩΝ
2572 3688 2899 3744 ΩΡΙΓΕΝΟ
2910 3688 3000 3747 ΥΣ
3044 3692 3167 3747 ΕΙΣ
3207 3695 3421 3750 ΨΑΛΜ
3425 3698 3468 3749 0
3479 3696 3586 3751 ΥΣ»

2214 3859 2278 3912 0i
2305 3862 2772 3935 ἐπιγεγραμμένοι
2828 3865 3031 3938 ψαλμοὶ
3090 3888 3109 3920 1
3150 3870 3286 3944 ὑπὲρ
3318 3871 3429 3925 τῶν
3483 3871 3656 3944 ληνῶν
3682 3891 3705 3924 1

2137 3951 2286 4020 τρεῖς
2309 3950 2480 4016 ὄντες,
2505 3952 2533 4005 ὅ
2561 3970 2619 4004 τε
2644 3953 2845 4022 ὄγδοος,
2877 3958 2971 4009 καὶ
2994 3959 3022 4011 6
3053 3958 3426 4029 ὀγδοηκοστὸς,
3451 3961 3546 4014 καὶ
3567 3964 3595 4016 6
3616 3963 3704 4031 ὀγ-

2138 4038 2428 4110 δοηκοστὸς
2472 4043 2689 4114 τρίτος,
2741 4045 2958 4101 δοκοῦσί
3017 4068 3108 4120 μοι
3162 4051 3223 4104 τὸ
3276 4051 3549 4125 ἄθροισμα
3611 4055 3707 4124 τῆς

2152 4130 2475 4200 Ἐκκλησίας
2500 4134 2592 4186 καὶ
2621 4136 2680 4187 τὸ
2708 4137 2910 4208 πλῆθος
2956 4138 3062 4194 τῶν
3092 4144 3183 4196 ἐπὶ
3210 4143 3270 4195 τὸ
3307 4144 3440 4197 αὐτὸ
3481 4145 3708 4198 συνόδων

473 4222 744 4291 siquidem
803 4236 869 4276 ex
923 4221 1106 4277 multis
1164 4237 1324 4276 unam
1389 4225 1719 4286 orationem,
1766 4239 2037 4294 unamque

2140 4221 2355 4291 δηλοῦν·
2398 4226 2488 4278 καὶ
2530 4225 2639 4297 γὰρ
2675 4230 2739 4282 ὲκ
2787 4231 2994 4286 πολλῶν
3035 4233 3160 4302 μίαν
3215 4234 3378 4306 εὐχὴν
3437 4236 3531 4289 καὶ
3583 4236 3707 4305 μίαν

473 4313 809 4369 canticorum
865 4313 1284 4370 modulationem
1335 4314 1388 4367 in
1422 4315 1680 4369 Ecclesiis
1713 4314 1821 4370 Deo
1848 4315 2033 4370 offerri

2142 4314 2464 4384 ύμνολογίαν
2480 4294 2896 4392 ἀναπέμπεσθαι
2910 4325 2986 4395 τῷ
3150 4330 3208 4380 ὲν
3361 4294 3705 4398 Ἐκκλησίαις

472 4405 765 4477 contingit;
795 4405 1247 4474 quemadmodum
1296 4406 1351 4459 in
1395 4405 1763 4463 torcularibus
1801 4421 1868 4461 ex
1902 4406 2038 4461 mul-

474 4498 545 4552 tis
596 4513 660 4554 ac
712 4498 939 4554 diversis
994 4497 1196 4551 vitibus
1235 4513 1339 4550 una
1375 4497 1486 4551 vini
1527 4500 1706 4553 mistio
1729 4499 2033 4553 coniicitur.

474 4586 615 4643 Olim
650 4588 867 4657 quidem
905 4588 956 4642 in
989 4604 1096 4642 uno
1121 4585 1471 4658 Jerosolymae
1516 4589 1659 4653 loco,
1712 4606 1877 4644 unum
1918 4599 2039 4644 erat

476 4678 738 4742 torcular,
773 4679 862 4733 ubi
894 4679 1068 4732 coacti
1112 4692 1304 4746 preces
1344 4678 1665 4733 emittebant
1695 4698 1708 4733 :
1738 4682 1890 4749 cujus
1921 4695 2036 4736 me-

475 4769 636 4824 minit
686 4769 851 4824 Isaias
902 4771 1200 4841 hisverbis
1231 4786 1245 4821 ε
1283 4788 1302 4820 1
1334 4769 1396 4823 Et
1429 4771 1691 4826 aediﬁcavi
1728 4773 1948 4837 turrim,
1979 4782 2036 4827 et

477 4861 812 4933 protorcular
842 4861 947 4916 fodi
972 4863 1024 4916 in
1049 4860 1211 4916 illa“.
1236 4881 1254 4914 1
1286 4861 1482 4919 Turris
1510 4879 1639 4919 vero
1672 4863 1930 4932 templum
1960 4864 2036 4918 si-

478 4950 728 5023 gniﬁcat:
758 4951 1097 5020 protorcular
1126 4962 1305 5006 autem
1336 4953 1524 5008 altare.
1558 4953 1752 5008 Verum
1777 4954 2033 5022 quoniam

477 5044 571 5101 illa
605 5058 665 5097 se
695 5045 1093 5098 destructurum
1120 5047 1478 5100 comminatus
1505 5054 1610 5109 est,
1641 5055 1698 5099 et
1722 5062 1911 5100 revera
1942 5048 2036 5099 de-

480 5136 697 5203 struxit,
727 5151 824 5207 pro
855 5150 961 5188 uno
992 5144 1177 5204 postea
1204 5136 1374 5190 multa
1414 5135 1696 5192 constituit
1719 5136 2033 5203 toreularia,

480 5227 746 5285 Ecclesias
793 5243 983 5298 nempe
1017 5244 1111 5298 per
1143 5239 1315 5286 totum
1358 5231 1543 5284 orbem
1574 5226 1847 5284 conditas.
1894 5226 2036 5283 Ideo-

2142 4404 2455 4473 συμϐαίνει·
2487 4407 2675 4481 ὥσπερ
2698 4411 2755 4464 ὲν
2777 4416 2892 4476 ταῖς
2920 4414 3099 4485 ληνοῖς
3129 4416 3193 4469 ἐκ
3224 4417 3432 4469 πολλῶν
3462 4419 3559 4472 καὶ
3592 4419 3705 4472 δια-

2141 4495 2320 4567 φόρων
2348 4499 2605 4569 ἀμπέλων
2640 4502 2737 4572 μία
2771 4507 2964 4576 κρᾶσις
3008 4507 3344 4562 ἀποτελεῖται
3386 4509 3554 4565 οἴνου.
3596 4511 3705 4564 Πά-

2139 4588 2227 4641 λαι
2263 4590 2360 4659 μὲν
2388 4585 2480 4643 οὖν
2510 4592 2567 4645 ἐν
2584 4594 2662 4646 ἑνὶ
2698 4595 2846 4667 τόπῳ
2870 4599 2966 4667 τῆς
2998 4598 3351 4671 Ἰερουσαλὴμ
3378 4601 3477 4672 μία
3500 4620 3587 4667 τις
3639 4599 3703 4675 ἦν

2139 4681 2317 4753 ληνὸς,
2353 4681 2482 4736 ἔνθα
2514 4686 2782 4751 συνιόντες
2806 4687 2905 4752 τὰς
2938 4690 3117 4742 αὐτῶν
3149 4692 3316 4762 εὐχὰς
3352 4694 3698 4764 ἀνέπεμπον·

2139 4769 2207 4845 ἧς
2235 4775 2502 4846 μέμνηται
2547 4778 2641 4831 καὶ
2680 4779 2904 4844 Ἡσαΐας
2938 4780 3145 4848 λέγων·
3187 4803 3205 4834 1
3247 4784 3355 4837 Καὶ
3387 4785 3703 4856 ᾠκοδόμησα

2145 4862 2369 4936 πύργον,
2399 4869 2490 4920 καὶ
2518 4869 2805 4941 προλήνιον
2839 4871 3021 4944 (υρυξα
3066 4874 3123 4925 ὲν
3152 4874 3320 4945 αὐτῷ.
3357 4894 3377 4927 1
3440 4876 3603 4947 Δηλοῖ
3646 4874 3702 4930 δὲ

2144 4955 2353 5027 πύργος
2405 4959 2503 5029 μὲν
2531 4960 2621 5014 τὸν
2653 4963 2778 5016 ναὸν
2807 4962 2940 5034 (‘22),
2981 4966 3264 5038 προλήνιον
3318 4967 3375 5023 δὲ
3407 4968 3469 5022 τὸ
3518 4968 3700 5024 θυσια-

2143 5053 2381 5122 στήριον.
2422 5053 2561 5107 Ἀλλ’
2590 5055 2712 5108 ἐπεὶ
2740 5056 2985 5110 καθελεῖν
3009 5058 3270 5130 ἠπείλησε
3291 5099 3306 5124 ,
3337 5061 3430 5113 καὶ
3457 5060 3702 5115 καθεῖλεν

2140 5142 2339 5207 ἐκεῖνα,
2376 5143 2590 5209 πλείους
2640 5146 2758 5201 ἀντὶ
2803 5149 2928 5218 μιᾶς
2961 5151 3324 5221 συνεστήσατο
3359 5152 3573 5225 ληνοὺς,
3606 5151 3697 5213 τὰς

2141 5231 2260 5286 καθ’
2287 5235 2415 5307 ὅλης
2445 5236 2546 5307 τῆς
2571 5238 2894 5311 οἰκουμένης
2927 5239 3247 5313 Ἐκκλησίας
3264 5260 3276 5274 ·
3305 5241 3386 5298 διὸ
3410 5243 3621 5317 εἴρηται
3643 5245 3699 5297 ἐν

444 5361 461 5479 ί
545 5413 587 5449 ⁵⁸
616 5413 761 5470 Psal.
791 5427 973 5477 Lxxtv,
1006 5410 1062 5463 ‘2.
1138 5412 1183 5442 δ’
1214 5411 1369 5475 ibid.,
1401 5411 1454 5465 4.
1537 5410 1582 5443 ⁸³
1610 5407 1750 5464 Psal.
1779 5422 1941 5474 Lxxv,
1971 5408 2028 5461 2.

2140 5413 2331 5484 *ihid.,
2361 5419 2417 5475 ι.
2489 5421 2534 5455 ιε
2567 5423 2717 5491 ibid.,
2750 5424 2836 5480 ιο.
2912 5424 2958 5458 ιο
2984 5424 3105 5481 lsai.
3138 5440 3190 5498 ν,
3225 5425 3281 5481 2.

482 5532 1220 5614 .stfiepistolalliet‘onymi
1250 5532 1315 5614 ad
1339 5529 1649 5588 Marcellam
1672 5548 1686 5601 ;
1713 5544 1831 5602 quae
1847 5536 2032 5609 exstat
2068 5538 2197 5592 tom.
2225 5534 2288 5601 ll,
2322 5536 2577 5594 editionis
2611 5535 2880 5605 Vallarsii,
2907 5559 2961 5614 ρ.
2990 5538 3119 5596 707.

543 5605 655 5676 (92)
690 5604 870 5659 Ναόν.
891 5601 1145 5671 Grabius,
1171 5601 1315 5659 λαόν.
