4046 6152
282 207 415 265 1061

1549 204 1863 264 SELECTA
1893 205 1964 263 ΙΝ
1992 202 2334 265 PSALMOS.

3390 210 3535 271 ιοιι

278 325 359 397 τῷ
388 324 564 396 ὀγδόῳ
585 325 788 400 ψαλμῷ
840 325 1014 383 οὓτω*
1065 347 1083 381 ι
1119 327 1316 402 Κύριε,
1359 328 1391 383 6
1451 327 1655 403 Κύριος
1701 328 1856 401 ἡμῶν

1960 345 2068 403 que
2094 332 2146 384 in
2177 339 2377 387 octavo
2406 328 2617 401 psalmo
2651 329 2856 386 dictum
2882 337 3006 388 est:
3039 347 3061 385 ι
3086 329 3317 388 Domine
3350 333 3534 391 Domi-

280 414 418 487 (25),
452 416 531 481 ὡς
563 417 873 489 θαυμαστὸν
919 419 980 471 τὸ
1001 418 1172 491 ὄνομά
1201 436 1294 472 σου
1316 420 1372 473 ἐν
1400 420 1551 495 πάσῃ
1578 424 1646 493 τῇ
1685 424 1755 493 γῇ
1779 423 1791 475 l
1832 442 1852 474 ι

274 510 479 579 Σαφως
494 513 601 581 γὰρ
638 508 951 581 παρέστησε
978 509 1076 574 τὰς
1104 510 1208 564 ἀνὰ
1244 513 1424 565 πᾶσαν
1470 514 1569 584 τὴν
1606 514 1861 586 οἰκουμέ-

281 616 382 670 νην
409 599 601 670 ληνοὺς
627 598 721 653 τοῦ
742 598 899 655 Θεοῦ.
921 602 1032 655 Καὶ
1056 602 1084 654 ὀ
1114 603 1467 675 ὀγδοηκοστὸς
1496 604 1575 669 δὲ,
1611 605 1706 659 καὶ
1763 606 1863 658 αύ-

282 690 377 755 τὸς
409 691 686 763 ἐπιλήνιος
714 691 825 762 (Ξιί)
849 690 946 756 ῶν,
985 696 1098 758 τοῖς
1123 694 1299 747 ἔθνεσι
1324 695 1460 748 πᾶσι
1488 696 1863 766 παρακελεύε-

283 800 373 836 ται
391 781 471 852 τῷ
503 781 624 853 Θεῷ
655 781 766 835 τῶν
812 783 1106 855 προφητῶν
1157 785 1466 839 ἀποδιδόναι
1519 787 1613 840 τὸν
1652 786 1856 859 ἱέμνον⁸

280 875 432 944 λέγει
462 876 519 929 δὲ
547 871 640 931 οὖν
658 893 671 906 ·
696 894 716 927 ι
739 877 1089 946 Ἀγαλλιᾶσθε
1116 879 1193 951 τῷ
1224 879 1343 952 Θεῷ
1370 880 1447 953 τῷ
1472 882 1650 955 βοηθῷ
1678 883 1857 956 ἡμῶν

280 967 586 1033 άλαλάξατε
632 967 710 1039 τῷ
737 967 856 1040 Θεῷ
902 968 1115 1024 Ἰακώϐ.
1161 990 1180 1021 ι
1233 969 1368 1028 Εἶτα
1413 975 1543 1046 ἑξῆς
1581 976 1857 1030 ὑποκατα-

281 1061 406 1126 ϐὰς,
427 1062 525 1134 τὴν
553 1061 821 1132 ἀποϐολὴν
842 1061 934 1116 τοῦ
958 1063 1222 1135 προτέρου
1253 1065 1383 1120 λαοῦ
1424 1068 1710 1139 σημαίνει,
1764 1069 1857 1122 λέ-

281 1168 398 1221 γων
423 1169 438 1182 ⁸
476 1153 616 1207 «Καὶ
645 1155 744 1207 οὐκ
769 1155 1000 1227 ἤκουσεν
1027 1158 1056 1210 6
1084 1155 1214 1221 λαός
1238 1175 1337 1228 μου
1369 1157 1471 1229 τῆς
1508 1161 1692 1232 φωνῆς
1733 1178 1854 1232 μου,

283 1246 380 1300 καὶ
413 1246 627 1319 Ἰσραὴλ
650 1248 710 1300 οὐ
738 1249 1009 1320 προσέσχε
1055 1267 1165 1321 μοι.
1215 1251 1327 1304 Καὶ
1360 1251 1715 1315 ἐξαπέστειλα
1762 1253 1859 1307 αὐ-

280 1337 411 1401 τοὺς
440 1338 580 1393 κατά
611 1337 680 1392 τὰ
711 1339 1117 1412 ἐπιτηδεύματα
1151 1341 1259 1394 τῶν
1298 1342 1534 1414 καρδιῶν
1586 1344 1788 1398 αὐτῶν.
1812 1342 1851 1398 ἰ

282 1427 396 1480 Καὶ
418 1428 448 1481 6
477 1427 833 1499 ὀγδοηκοστὸς
861 1430 1043 1502 τρίτος
1068 1433 1166 1503 τὴν
1222 1433 1391 1503 αὐτὴν
1436 1433 1574 1505 ἔχων
1618 1452 1859 1508 προγρα-

282 1518 411 1589 φὴν,
440 1520 646 1573 ὅτιούκ
675 1520 821 1574 ἔστιν
854 1520 912 1575 ἐν
948 1524 1234 1595 σκήνωμα,
1277 1525 1398 1578 οὐδὲ
1460 1525 1518 1578 ἒν
1565 1526 1858 1599 θυσιαστή-

283 1625 401 1681 ριον
425 1609 484 1662 ἐν
523 1610 937 1683 Ἱεροσολύμοις,
988 1613 1122 1668 ἀλλὰ
1162 1615 1335 1668 πολλά
1381 1616 1714 1689 σκηνώματα
1763 1621 1856 1674 καὶ

1960 440 2062 479 nus
2096 434 2301 487 noster,
2333 440 2496 494 quam
2542 424 2867 480 admirabile
2915 434 2998 480 est
3052 440 3252 480 nomen
3285 436 3438 482 tuum
3473 427 3528 484 in

1959 514 2211 571 universa
2233 524 2378 570 terra
2395 514 2441 547 ’⁵⁷
2463 515 2511 568 ἱ»
2544 514 2701 569 Clare
2715 516 2915 585 quippe
2931 514 3207 586 signiﬁcat
3232 517 3530 571 toreularia

1961 607 2052 663 Dei
2078 623 2173 679 per
2208 618 2379 665 totum
2424 608 2612 664 orbem
2646 609 2964 663 constituta.
2994 608 3369 680 Octogesimus
3393 625 3534 679 quo-

1959 715 2065 769 que
2099 700 2365 770 psalmus,
2401 716 2524 755 cum
2558 701 2625 756 de
2654 700 3021 756 torcularibus
3049 708 3193 770 agat,
3231 698 3385 769 jubet
3406 714 3531 757 om-

1959 807 2056 847 nes
2080 801 2269 862 gentes
2309 792 2701 861 prophetarum
2732 792 2842 847 Deo
2875 791 3136 861 hymnum
3180 791 3419 847 referre:
3450 794 3531 847 sic

1959 891 2140 938 autem
2203 882 2369 936 habet
2388 880 2824 936 M'zcExsultate
2872 879 2984 935 Deo
3031 879 3267 950 adjutori
3317 888 3522 940 nostrr;

1959 973 2198 1044 jubilate
2244 974 2354 1027 Deo
2380 971 2571 1029 Jacob.
2598 991 2616 1024 ι
2655 972 2920 1041 Deinceps
2974 969 3228 1038 inferius,
3258 973 3521 1042 reproba-

1963 1065 2167 1119 tionem
2200 1064 2400 1133 prioris
2450 1064 2633 1134 populi
2679 1062 2974 1131 signiﬁcat,
3009 1062 3239 1118 dicens:
3271 1081 3291 1115 ι
3314 1064 3380 1118 Et
3421 1079 3514 1119 nu

1958 1156 2167 1211 audivit
2200 1155 2431 1226 populus
2485 1171 2637 1211 meus
2679 1170 2868 1211 vocem
2903 1170 3101 1221 meam,
3134 1164 3190 1210 et
3225 1156 3387 1212 Israel
3421 1172 3532 1214 non

1959 1245 2191 1301 intendit
2233 1245 2390 1299 mihi.
2436 1245 2504 1300 Et
2550 1245 2729 1300 dimisi
2783 1260 2878 1300 eos
2923 1245 3224 1300 secundum
3265 1245 3531 1302 desideria

1958 1338 2138 1393 cordis
2170 1352 2359 1392 eorum
2385 1336 2456 1391 ⁸³.
2494 1358 2515 1389 ι
2555 1336 2930 1406 Octogesimus
2978 1336 3108 1391 item
3164 1336 3384 1401 tertius,
3420 1337 3532 1408 ‘qui

1956 1431 2205 1486 eamdem
2247 1429 2413 1485 habet
2470 1428 2905 1500 inscriptionem,
2960 1443 3066 1482 non
3104 1444 3271 1482 unum
3318 1428 3533 1485 habita-

1956 1523 2160 1589 culum,
2193 1536 2373 1592 neque
2427 1537 2596 1576 unum
2629 1521 2801 1575 altare
2826 1519 3206 1591 Jerosolymis.
3237 1522 3332 1576 sed
3361 1522 3530 1577 multa

1958 1629 2077 1670 esse
2124 1611 2462 1681 habitacula,
2504 1610 2674 1666 multa
2717 1610 2909 1665 altaria
2969 1612 3237 1668 declarat.
3262 1613 3527 1680 Quamob-

280 1701 455 1754 πολλά
474 1701 837 1775 θυσιαστήρια
865 1706 1181 1777 παρίστησι.
1232 1708 1323 1762 Διὸ
1380 1710 1476 1763 καὶ
1527 1710 1603 1774 ὼς
1645 1710 1855 1766 πολλῶν

1970 1720 2115 1771 rem,
2164 1720 2227 1760 ac
2281 1703 2329 1760 si
2384 1703 2501 1758 haec
2546 1700 2856 1756 habitacula
2908 1711 3074 1771 atque
3120 1701 3331 1768 altaria,
3367 1704 3534 1759 multa

280 1792 459 1848 οὐσῶν
482 1792 680 1865 ληνῶν,
712 1795 920 1851 τούτων
958 1798 1137 1851 αὐτῶν
1176 1798 1284 1853 τῶν
1337 1802 1711 1872 σκηνωμάτων
1762 1800 1855 1855 καὶ

280 1885 390 1939 τῶν
422 1883 852 1957 θυσιαστηρίων,
885 1890 1025 1963 ὑπὲρ
1052 1890 1161 1944 τῶν
1192 1890 1369 1964 ληνῶν
1406 1893 1855 1965 προγέγραπται-

279 1975 430 2047 λέγει
463 1977 520 2030 δὲ
545 1971 638 2029 οὖν
657 1990 671 2008 ⁸
700 1997 720 2030 ι
754 1980 841 2044 Ὠς
873 1981 1130 2054 ἀγαπητά
1152 1982 1222 2037 τὰ
1248 1983 1578 2056 σκηνώματά
1606 2003 1717 2050 σου,
1746 1987 1860 2039 Κύ-

284 2086 369 2141 ριε
397 2071 505 2127 τῶν
544 2073 853 2145 δυνάμεωνὶ
902 2073 1182 2127 Ἐπιποθεῖ
1222 2076 1316 2129 καὶ
1357 2075 1596 2130 ἐκλείπει
1639 2079 1674 2148 ἡ
1710 2077 1855 2151 ψυχή

284 2179 387 2233 μου
416 2165 497 2229 εἱς
529 2166 628 2230 τάς
656 2164 825 2230 αὐλὰς
853 2164 947 2220 τοῦ
973 2166 1208 2239 Κυρίου·
1246 2187 1264 2219 ι
1295 2168 1390 2222 καὶ
1414 2170 1663 2242 ἐπιφέρει
1683 2186 1696 2201 ο
1728 2191 1746 2221 ι
1778 2170 1859 2223 Τὰ

281 2252 646 2328 θυσιαστήριά
669 2274 786 2321 σου,
817 2248 988 2330 Κύριε
1014 2257 1126 2311 τῶν
1163 2258 1475 2331 δυνάμεων*
1516 2279 1536 2312 ι
1573 2263 1668 2315 καὶ
1697 2260 1859 2314 πάλιν

280 2345 660 2418 πληθυντικῶς
688 2348 958 2417 ἐπιλέγει’
997 2367 1015 2399 ι
1056 2349 1467 2422 Ὑπερασπιστὰ
1496 2351 1673 2423 ἡμῶν,
1710 2351 1785 2405 ἴδε
1831 2352 1862 2405 6

283 2436 439 2501 θεὸς,
482 2440 577 2492 καὶ
621 2439 909 2511 ἐπίδλεψον
947 2442 1027 2505 εἱς
1068 2440 1129 2494 τὸ
1168 2441 1457 2512 πρόσωπον
1487 2442 1582 2496 τοῦ
1623 2441 1858 2515 Χριστοῦ

284 2546 377 2582 σου
398 2548 412 2561 ·
438 2530 520 2583 ὅτι
548 2531 818 2604 κρείσσων
839 2532 1022 2605 ήμέρα
1044 2532 1141 2604 μία
1166 2534 1222 2586 ἐν
1241 2536 1362 2598 ταῖς
1387 2534 1577 2600 αὐλαῖς
1605 2552 1697 2588 σου
1720 2535 1861 2608 ὑπὲρ

277 2620 544 2691 χιλιάδας.
581 2642 600 2674 ι
632 2622 800 2677 Ἔνθα
822 2626 1101 2696 τηρήσεις,
1125 2626 1200 2690 ὡς
1223 2628 1316 2680 καὶ
1347 2627 1606 2698 ὀνομαστὶ
1623 2626 1859 2700 Χριστοῦ

284 2712 576 2786 μέμνηται.
600 2715 738 2779 Τοὺς
756 2717 1266 2789 ἐπιγεγραμμένους
1292 2737 1311 2770 ‹
1337 2719 1475 2791 ὑπὲρ
1498 2719 1594 2790 τῆς
1616 2720 1805 2790 ὀγδόης
1835 2738 1857 2772 ι

280 2805 375 2859 δύο
403 2806 648 2878 ψαλμοὺς
687 2807 922 2880 ἡγοῦμαι
951 2811 1048 2881 τὴν
1081 2812 1346 2883 σωτήριον
1374 2811 1474 2882 τῆς
1514 2811 1864 2875 ἀναστάσεως

280 2899 495 2970 ἡμέραν
534 2899 628 2952 τοῦ
672 2901 877 2972 Κυρίου
911 2901 1259 2956 αἰνίττεσθαι.
1295 2902 1405 2974 Τὴν
1449 2901 1587 2975 πρὸς
1633 2902 1859 2958 θάνατον

282 2989 413 3060 γοῦν
448 2991 718 3063 ἁμαρτίαν
750 2993 1123 3064 ἐργασάμενος
1164 2996 1192 3047 6
1222 2993 1406 3060 Δαυῖδ,
1453 2993 1683 3048 ἱκετεύει
1719 2993 1861 3048 κατὰ

1959 1798 2071 1855 sint
2094 1796 2412 1862 toreularia,
2453 1813 2473 1848 ι
2502 1810 2603 1867 pro
2636 1794 3042 1851 torcularibus»
3079 1795 3420 1852 inscribitur.
3442 1799 3533 1853 Ait

1961 1889 2123 1961 517
2160 1889 2345 1959 itaque
2384 1889 2431 1921 ’θ
2466 1906 2484 1943 :
2526 1906 2547 1940 ι
2589 1887 2759 1955 Quam
2796 1887 2994 1944 dilecta
3026 1889 3374 1945 tabernacula
3405 1898 3492 1944 tua
3514 1929 3534 1956 ,

1959 1981 2185 2036 Domine
2216 1980 2505 2036 virtutum!
2534 1979 2888 2050 Concupiscit
2915 1990 2973 2035 et
3005 1980 3188 2035 deﬁcit
3207 1980 3389 2036 anima
3413 1995 3532 2035 mea

1960 2074 2016 2128 in
2039 2074 2180 2128 atria
2213 2073 2459 2128 Domini:
2489 2089 2512 2124 ι
2544 2080 2705 2142 atque
2735 2070 2985 2139 infert",
3012 2090 3033 2125 ι
3056 2070 3256 2127 Altaria
3283 2083 3396 2140 tua,
3429 2071 3533 2127 Do-

1959 2166 2106 2221 mine
2138 2166 2420 2222 virtutum.
2461 2182 2483 2216 ι
2520 2162 2868 2233 Rursumque
2909 2165 3195 2235 pluraliter
3224 2164 3410 2235 adjicit
3440 2165 3487 2199 ⁵²
3517 2183 3531 2219 :

1965 2278 1985 2311 ι
2015 2258 2296 2314 Protector
2333 2265 2542 2324 noster,
2579 2258 2790 2329 aspice,
2831 2257 3005 2324 Deus,
3039 2268 3096 2314 et
3123 2259 3332 2329 respice
3360 2259 3413 2314 in
3450 2258 3532 2313 t'a-

1959 2352 2099 2407 ciem
2126 2350 2330 2407 Christi
2363 2349 2439 2403 tui
2478 2367 2492 2404 :
2524 2349 2653 2419 quia
2680 2349 2875 2404 melior
2904 2358 2989 2404 est
3019 2351 3138 2406 dies
3165 2365 3268 2405 una
3301 2351 3353 2404 in
3381 2350 3532 2407 atriis

1959 2443 2073 2498 tuis
2105 2457 2271 2513 super
2304 2441 2492 2497 millia.
2543 2462 2563 2497 ι
2618 2440 2719 2498 Ubi
2755 2443 3011 2499 observes
3039 2443 3187 2499 illum
3218 2443 3532 2500 nominatim

1961 2535 2028 2589 de
2052 2533 2268 2589 Christo
2290 2535 2620 2589 mentionem
2646 2532 2867 2591 fecisse.
2892 2534 3038 2591 Duos
3060 2546 3241 2593 autem
3263 2536 3533 2602 Psalmos,

1965 2643 1988 2678 ι
2016 2641 2115 2695 pro
2136 2636 2344 2692 octava,
2378 2645 2398 2678 ι
2428 2626 2739 2697 inscriptos,
2766 2629 3002 2684 arbitror
3029 2630 3320 2685 salutarem
3349 2645 3526 2685 resur—

1960 2717 2218 2772 rectionis
2249 2716 2459 2773 Domini
2492 2718 2633 2773 diem
2678 2720 3025 2778 adumbrare.
3056 2721 3188 2776 Cum
3216 2719 3400 2791 itaque
3427 2721 3531 2775 Da-

1960 2810 2051 2865 vid
2077 2818 2378 2880 peccatum,
2406 2813 2551 2879 quod
2588 2813 2655 2867 ad
2687 2824 2916 2868 mortem
2943 2821 3063 2867 erat
3083 2854 3097 2878 ,
3140 2821 3531 2885 perpetrasset,

1962 2900 2285 2970 deprecatur
2314 2901 2366 2956 in
2395 2911 2549 2958 sexto
2575 2902 2804 2971 psalmo,
2835 2917 2902 2958 ne
2929 2900 3167 2958 furorem
3194 2911 3249 2958 et
3278 2905 3413 2959 iram
3437 2904 3531 2959 Dei

1960 2993 2314 3062 experiatur;
2362 2995 2458 3049 sed
2490 3004 2642 3060 rogat
2674 3004 2735 3049 ut
2760 2995 2939 3048 anima
2971 3009 3071 3049 sua
3105 2994 3529 3051 misericordiam

278 3079 374 3136 τὸν
406 3081 581 3148 ἕκτον,
618 3082 690 3154 μὴ
725 3083 820 3136 τοῦ
851 3082 1045 3155 θυμοῦ,
1094 3085 1229 3157 μηδέ
1259 3085 1357 3157 τῆς
1388 3084 1560 3156 ὀργῆς
1599 3085 1693 3139 τοῦ
1723 3084 1856 3139 Θεοῦ

1962 3093 2018 3139 et
2046 3083 2308 3139 medelam
2344 3095 2732 3154 consequatur.
2760 3084 2891 3140 Illud
2924 3094 3103 3140 autem
3142 3084 3380 3140 futurum
3407 3100 3529 3143 esse

282 3173 667 3245 πειρασθῆναι,
696 3175 875 3239 ἐλέους
912 3174 973 3231 δὲ
1000 3175 1094 3229 καὶ
1133 3176 1325 3241 ἰάσεως
1358 3176 1454 3248 τὴν
1491 3176 1667 3248 ψυχὴν
1694 3176 1858 3231 αὐτοῦ

278 3265 498 3335 τυχεῖν·
548 3265 704 3318 τοῦτο
751 3265 809 3318 δὲ
857 3265 1073 3320 ἔσεσθαι
1110 3266 1353 3331 θεσπίζει
1396 3268 1594 3336 λέγων·
1636 3288 1654 3321 ι
1713 3269 1861 3323 Ἐπί-

281 3355 534 3428 στῳψον,
571 3356 763 3428 Κύριε,
802 3356 959 3429 ῥῦσαι
1020 3358 1116 3431 τὴν
1167 3359 1345 3431 ψυχήν
1392 3376 1513 3430 μου,
1563 3360 1736 3414 σῶσόν
1789 3378 1859 3431 με

279 3444 467 3499 ἕνεκεν
496 3444 590 3498 τοῦ
619 3444 802 3510 ἐλέους
836 3465 958 3501 σου’
998 3449 1081 3502 ὅτι
1132 3451 1230 3503 οὐκ
1270 3449 1415 3503 ἔστιν
1447 3450 1505 3504 ἐν
1541 3449 1618 3522 τῷ
1645 3449 1859 3521 θανάτῳ

278 3540 311 3592 6
347 3538 695 3611 μνημονεύων
722 3557 836 3605 σου,
861 3542 919 3595 ἐν
946 3543 1003 3596 δὲ
1040 3541 1119 3613 τῷ
1157 3543 1257 3615 ᾄδῃ
1295 3543 1378 3607 τίς
1406 3542 1857 3615 ἐξομολογήσεταί

281 3646 401 3698 σοι;
435 3650 454 3683 ι
494 3634 772 3704 μονονουχὶ
804 3633 894 3687 τὸν
924 3634 1126 3707 Κύριον
1149 3636 1311 3689 αὑτὸν
1347 3637 1411 3688 ἐκ
1433 3635 1660 3690 θανάτου
1690 3635 1861 3707 ῥύσα-

280 3723 405 3778 σθαι
443 3724 608 3778 αὐτοῦ
644 3726 744 3797 τὴν
786 3725 961 3798 ψυχὴν
986 3727 1260 3781 ἱκετεύων.
1309 3729 1603 3801 Προϊὼνδέ
1634 3728 1741 3782 τῶν
1768 3728 1858 3781 εὑ-

280 3816 391 3888 χῶν
434 3817 792 3888 τετυχηκέναι
837 3818 989 3890 δηλοῖ
1024 3819 1092 3872 δι’
1140 3813 1215 3874 ὧν
1247 3837 1439 3892 φησιν’
1489 3840 1508 3873 ι
1557 3822 1857 3893 Εἱσήκουσε

279 3905 485 3978 Κύριος
509 3910 607 3980 τῆς
637 3909 822 3980 φωνῆς
846 3910 940 3964 τοῦ
969 3911 1245 3983 κλαυθμοῦ
1272 3929 1404 3983 μου*
1434 3913 1719 3986 εἱσήκουσε
1742 3911 1859 3966 Κύ-

279 4018 397 4071 ριος
435 4002 534 4073 τῆς
570 4003 805 4077 δεήσεώς
848 4023 948 4077 μου
971 4047 986 4071 ,
1031 4008 1235 4079 Κύριος
1266 4008 1362 4081 τὴν
1400 4010 1704 4081 προσευχήν
1752 4027 1854 4080 μου

276 4092 654 4164 προσεδέξατο.
691 4115 710 4145 ι
734 4095 845 4167 Τὴν
876 4096 985 4167 γὰρ
1024 4097 1319 4152 ἀναϐίωσιν
1351 4097 1515 4153 αὐτοῦ
1540 4099 1639 4169 τὴν
1669 4101 1732 4152 ἐκ
1759 4098 1852 4152 τοῦ

276 4182 507 4253 θανάτου
532 4185 667 4256 μετά
694 4186 792 4258 τῆς
813 4187 906 4240 τοῦ
935 4188 1168 4258 Χριστοῦ
1193 4189 1538 4251 ἀναστάσεως
1557 4188 1855 4260 γενομένην

273 4275 365 4330 διὰ
406 4276 607 4331 τούτων
650 4277 884 4350 ᾐνίξατο.
919 4279 1198 4344 Ὠσαύτως
1239 4281 1296 4334 δὲ
1351 4281 1446 4334 καὶ
1492 4283 1521 4335 6
1572 4281 1853 4344 ἑνδέκατος

280 4384 302 4417 ι
337 4366 466 4437 περὶ
515 4367 616 4438 τῆς
658 4367 852 4439 ὀγδόης
886 4389 906 4420 ι
938 4371 1360 4442 ἐπιγέγραπται,
1399 4369 1493 4423 τοῦ
1540 4369 1703 4424 Δαυῒδ
1754 4368 1852 4440 τὴν

271 4459 468 4530 ὁμοίαν
494 4459 697 4513 ἱκεσίαν
728 4460 996 4533 περιέχων
1022 4462 1320 4531 φάσκοντος
1340 4478 1352 4490 ·
1378 4481 1397 4514 ι
1426 4461 1605 4517 Σῶσὸν
1631 4480 1720 4533 με,
1739 4461 1855 4515 Κύ-

278 4567 384 4622 ριε,
417 4552 500 4604 ἔτι
527 4552 836 4607 ἐκλέλοιπεν
867 4554 1031 4618 ὅσιος.
1075 4574 1095 4605 ι
1128 4549 1260 4608 Εἶτα
1290 4553 1350 4607 τὸ
1379 4552 1504 4626 ἑξῆς
1535 4555 1635 4608 οὐκ
1669 4556 1857 4608 ἐπικε-

275 4643 659 4715 καλυμμένως,
698 4644 833 4699 ἀλλά
870 4644 1154 4717 τηλαυγῶς
1182 4645 1430 4717 ἐπιφέρει
1454 4644 1655 4715 λέγων’
1688 4664 1707 4696 ι
1738 4645 1854 4700 Νῦν

274 4737 673 4808 ἀναστήσομαι,
705 4736 853 4807 λέγει
896 4737 1128 4809 Κύριος’
1160 4736 1391 4808 θήσομαι
1419 4738 1477 4790 ἐν
1512 4737 1783 4809 σωτηρίῳ.
1826 4758 1844 4789 ι

271 4829 353 4883 Δι’
384 4831 451 4901 ἢν
483 4829 777 4884 ἀνάστασιν
819 4829 915 4884 τοῦ
957 4830 1161 4902 Κύριου
1194 4831 1262 4901 τῇ
1309 4828 1446 4901 μετά
1472 4828 1532 4881 τὸ
1573 4829 1852 4884 Σάϐϐατον

270 4921 479 4993 ἡμέρᾳ,
524 4923 645 4992 ἥτις
674 4917 741 4995 ἦν
787 4921 969 4994 ὀγδόη,
1005 4920 1322 4994 γενομένην,
1354 4922 1432 4984 εἰς
1461 4920 1630 4975 τύπον
1660 4924 1853 4993 καινῆς

271 5010 440 5083 ζωῆς,
474 5012 727 5085 τοιαύτης
760 5008 912 5082 οἶμαι
959 5013 1279 5085 προγραφῆς
1315 5012 1402 5066 τὸν
1443 5012 1656 5083 ψαλμὸν
1687 5012 1851 5082 ἠξιῶ-

273 5102 420 5157 σθαι.
442 5103 564 5157 Εἱσὶ
593 5105 690 5174 μὲν
715 5104 915 5168 πάντες
936 5105 987 5156 οἱ
1017 5102 1483 5175 ἐπιγεγραμμένοι
1518 5122 1536 5154 ι
1564 5103 1704 5173 ὑπὲρ
1740 5101 1849 5155 τῶν

269 5193 780 5267 άλλοιωθησομένων
808 5216 829 5248 ι
855 5196 946 5250 τὸν
978 5193 1207 5267 ἀριθμὸν
1241 5194 1523 5264 τέσσαρες.
1571 5193 1786 5247 Τούτων
1819 5194 1848 5247 ὁ

273 5288 374 5360 μὲν
420 5289 784 5361 πεντηκοστὸς
819 5288 1039 5352 ἐννατος
1079 5287 1225 5341 δοκεῖ
1268 5304 1356 5358 μοι
1400 5285 1498 5358 τὴν
1529 5286 1638 5341 τῶν
1679 5285 1847 5340 ἐθνῶν

1960 3176 2288 3231 vaticinatur
2315 3177 2399 3231 his
2439 3177 2620 3231 verbis
2662 3176 2710 3209 ⁸³
2747 3195 2761 3232 :
2804 3196 2827 3228 ί
2861 3176 3226 3244 Convertere,
3273 3177 3530 3246 Domine,

1959 3268 2107 3338 eripe
2136 3268 2371 3323 animam
2401 3284 2603 3336 meam,
2631 3269 2841 3325 salvum
2874 3284 2960 3324 nte
2998 3270 3087 3324 fac
3120 3280 3340 3341 propter
3373 3272 3530 3328 mise-

1958 3360 2251 3416 ricordiam
2299 3372 2445 3414 tuam
2492 3377 2508 3415 :
2553 3363 2808 3431 quoniam
2850 3376 2956 3416 non
3004 3371 3091 3416 est
3136 3361 3190 3415 in
3226 3372 3401 3417 morte
3439 3364 3531 3432 qui

1960 3466 2166 3508 memor
2198 3451 2273 3507 sit
2315 3453 2428 3516 tui,
2464 3452 2520 3507 in
2571 3451 2784 3508 inferno
2824 3463 3002 3508 autem
3038 3453 3161 3523 quis
3189 3453 3531 3510 conﬁtebitur

1961 3545 2095 3599 tibi?
2129 3564 2148 3597 ι
2177 3560 2240 3600 ac
2264 3545 2309 3599 si
2343 3545 2570 3599 Domino
2593 3543 2697 3615 ipsi
2716 3546 3013 3616 supplicet,
3037 3554 3094 3600 ut
3116 3543 3352 3600 animam
3376 3561 3531 3601 suam

1956 3645 2112 3692 eruat
2143 3652 2174 3691 a
2205 3645 2403 3692 morte.
2431 3637 2489 3691 In
2526 3639 2879 3706 sequentibus
2907 3650 3038 3692 vero
3062 3677 3079 3703 ,
3105 3651 3165 3692 se
3188 3646 3312 3693 vota
3338 3652 3530 3693 cense—

1957 3737 2138 3786 cutum
2164 3745 2284 3785 esse
2310 3728 2553 3785 declarat
2587 3729 2674 3785 his
2710 3729 2893 3784 verbis
2917 3730 2966 3761 ”
3000 3747 3013 3784 :
3050 3746 3075 3780 ι
3108 3728 3393 3785 Exaudivit
3422 3728 3531 3783 Do-

1957 3823 2137 3879 minus
2163 3838 2349 3878 vocem
2374 3822 2534 3877 ﬂetus
2562 3822 2668 3877 mei
2700 3836 2716 3875 :
2741 3820 3018 3875 exaudivit
3046 3821 3306 3878 Dominus
3336 3821 3526 3892 depre-

1956 3914 2223 3969 cationem
2260 3928 2434 3968 meam
2457 3953 2474 3979 ,
2514 3913 2772 3969 Dominus
2806 3911 3107 3967 orationem
3143 3927 3319 3967 meam
3347 3929 3527 3970 susce-

1955 4007 2054 4077 pit.
2104 4024 2124 4059 ι
2165 4004 2335 4061 Suum
2367 4007 2515 4062 enim
2544 4021 2612 4062 ex
2647 4012 2821 4060 morte
2848 4003 2913 4058 ad
2942 4003 3108 4058 vitam
3147 4005 3407 4071 reditum,
3437 4005 3528 4077 qui

1956 4109 2078 4169 post
2106 4097 2562 4154 resurrectionem
2602 4094 2803 4152 Christi
2846 4096 3106 4167 contigit,
3158 4096 3242 4152 bis
3283 4098 3527 4154 subindi—

1956 4193 2122 4250 cavit.
2142 4190 2509 4262 Similiterque
2523 4188 2844 4245 undecimus
2860 4187 3119 4258 psalmus,
3131 4206 3150 4241 ι
3166 4204 3263 4258 pro
3277 4198 3526 4255 octava,»

1956 4286 2249 4355 inscriptus
2303 4293 2423 4345 est.
2479 4296 2779 4354 paremque
2832 4279 3054 4337 Davidis
3090 4279 3528 4349 deprecationem

1957 4378 2205 4434 continet
2253 4374 2484 4432 dicentis
2523 4373 2570 4406 ⁸⁸
2610 4391 2625 4427 :
2670 4388 2694 4426 ι
2732 4370 2954 4428 Salvum
2989 4387 3076 4428 me
3106 4373 3221 4436 fac,
3262 4373 3525 4440 Domine,

1958 4467 2214 4539 quoniam
2255 4462 2457 4519 defecit
2486 4471 2730 4520 sanctus.
2767 4481 2789 4514 »
2835 4462 3098 4532 Deinceps
3131 4479 3238 4518 non
3266 4462 3525 4529 obscure,

1959 4558 2052 4614 scd
2091 4557 2237 4612 clare
2283 4570 2348 4611 ac
2395 4552 2624 4610 dilucide
2650 4551 2935 4617 subinfert,
2964 4552 3154 4607 dicens
3180 4551 3227 4584 ⁵⁸
3264 4570 3280 4606 :
3319 4569 3341 4605 ι
3377 4551 3529 4608 Nunc

1960 4663 2259 4719 resurgam,
2308 4646 2439 4702 dicit
2497 4645 2756 4701 Dominus
2806 4660 2824 4699 :
2884 4658 3080 4712 ponam
3120 4644 3173 4697 in
3212 4643 3459 4701 salutari.
3496 4663 3517 4697 ι

1955 4739 2184 4809 Propter
2210 4753 2370 4808 quam
2396 4736 2608 4791 Domini
2638 4735 3106 4801 resurrectionem,
3128 4748 3248 4804 quae
3272 4733 3358 4789 die
3387 4734 3528 4790 Sab-

1957 4830 2139 4886 batum
2188 4830 2573 4898 subsequente,
2622 4826 2677 4882 id
2717 4834 2837 4891 est,
2886 4836 3106 4889 octava,
3157 4826 3423 4895 contigit,
3469 4826 3522 4883 in

1958 4936 2110 4977 novae
2141 4921 2265 4977 vitae
2295 4929 2481 4991 typum
2522 4916 2827 4988 hujusmodi
2861 4915 3215 4986 inscriptione
3245 4918 3525 4984 dignatum

1956 5026 2080 5067 esse
2108 5012 2378 5081 psalmum
2411 5009 2683 5066 existimo.
2722 5008 2860 5061 Sunt
2891 5022 3055 5076 porro
3083 5023 3270 5064 omnes
3297 5008 3522 5079 psalmi,

1960 5121 1980 5155 ι
2003 5118 2102 5174 pro
2130 5104 2196 5157 iis
2218 5106 2308 5172 qul
2343 5102 2795 5163 immutabuntur,
2816 5116 2835 5149 ι
2853 5096 3119 5171 inscripti,
3138 5116 3365 5156 numero
3387 5116 3523 5170 qua-

1955 5204 2098 5264 tuor.
2144 5193 2226 5250 Ex
2278 5194 2366 5250 his
2412 5193 2893 5264 quinquagesimus
2932 5208 3106 5249 nonus
3138 5194 3354 5249 videtur
3388 5193 3520 5248 mibi

1952 5286 2384 5343 immutationem
2434 5286 2675 5341 indicare
2715 5300 2881 5356 quam
2925 5300 3103 5356 passae
3157 5294 3281 5341 sunt
3328 5295 3520 5356 gentes

339 5427 384 5459 ⁵⁷
422 5425 561 5482 Psal.
593 5443 710 5489 vui.
746 5426 802 5481 2.
876 5425 923 5458 ⁸⁸
950 5424 1091 5479 Psal.
1121 5437 1286 5488 Lux,
1308 5422 1364 5476 2.
1459 5418 1504 5454 δ’
1528 5421 1684 5483 ibid.,
1730 5421 1816 5484 12,
1847 5428 1856 5474 ἐ

1982 5421 2058 5476 ιη
2087 5419 2175 5479 Ps.
2207 5435 2439 5489 Lxxxnl,
2466 5417 2532 5489 2,
2560 5417 2615 5474 3.
2690 5417 2736 5450 δι
2767 5417 2899 5474 ibid.
2929 5416 2984 5472 4.
3060 5416 3106 5450 ⁸⁸
3145 5416 3277 5474 ibid.
3310 5414 3398 5481 10.
3427 5413 3517 5472 ﬂ.
3580 5434 3588 5445 ι

268 5498 318 5533 ⁸³
346 5497 437 5553 Ps.
470 5513 545 5564 νι,
578 5497 634 5564 5,
658 5498 714 5552 6.
785 5496 836 5530 ⁸⁸
870 5496 1005 5553 ibid.
1034 5497 1121 5552 10.
1196 5494 1241 5525 ⁸⁵
1275 5494 1364 5550 Ps.
1395 5509 1469 5558 XI,
1496 5493 1553 5549 2.
1625 5490 1673 5523 ⁵⁸
1695 5491 1826 5545 ibid.
1850 5492 1885 5546 6

343 5640 457 5710 (25)
510 5640 571 5696 Ὀ
606 5641 819 5708 Κύριος
864 5638 1051 5709 ἡμῶν.
1110 5634 1588 5703 Montefalconius,
1641 5635 1670 5688 6
1701 5632 1902 5707 Κύριός
1934 5650 2059 5705 μου.

341 5712 454 5784 (24)
489 5710 742 5777 Grabius,
779 5710 1089 5783 ὑπολήνιος.
