4046 6152
548 221 685 279 1063

1970 220 2060 275 EX
2099 217 2403 276 ORIGENE

3649 225 3791 283 11164

543 338 670 393 dum
717 346 783 392 ex
814 334 1252 407 superstitionum
1286 349 1471 391 errore
1507 335 1573 390 ad
1608 336 1981 391 universorum
2015 335 2101 390 Dei

2210 335 2495 389 ἀλλοίωσιν
2521 335 2588 405 ἦν
2621 335 2922 389 πεπόνθασι
2963 335 3298 406 μεταϐάντες
3325 338 3388 390 ἐκ
3421 338 3520 408 τῆς
3547 338 3793 396 δεισιδαί-

542 431 744 482 cultum
783 427 1132 483 transierunt.
1166 426 1258 480 Ait
1283 442 1413 498 ergo
1442 427 1487 459 "
1520 446 1533 482 :
1576 446 1596 479 ι
1628 426 1768 482 Deus
1803 427 2010 483 loculus
2034 437 2118 483 est

544 520 599 574 in
647 528 837 574 sancto
875 520 1268 584 suo,La:tabor
1300 531 1357 575 et
1400 519 1646 590 partibor
1685 517 2018 586 Sichimam,
2065 531 2118 574 et

540 610 836 666 convallem
871 610 1344 665 tabernaculorum
1393 610 1646 667 metibor.
1695 609 1847 664 Meus
1889 618 1971 664 est
2010 610 2118 665 Ga-

539 701 657 757 laad
683 740 700 766 ,
734 711 788 756 et
826 716 978 755 meus
1016 710 1102 755 est
1146 699 1452 767 Manasses,
1483 710 1539 756 et
1576 701 1832 772 Ephraim
1859 699 2117 756 fortitudo

536 793 729 863 capitis
762 793 890 847 mei.
931 790 1066 847 Juda
1112 808 1208 847 rex
1251 808 1433 857 meus,
1471 793 1629 848 Moab
1660 793 1765 847 olla
1802 795 1914 864 spei
1959 810 2112 848 meat.

536 886 592 941 In
622 883 909 939 ldumaaam
951 886 1240 939 extendam
1271 885 1696 941 calceamentum
1742 902 1955 953 meum;
1984 885 2113 940 mihi

535 974 856 1046 alienigenae
906 974 1107 1029 subditi
1159 985 1305 1030 sunt.
1356 996 1375 1029 ι
1422 977 1559 1031 tium
1606 977 1920 1032 Israeliticis
1951 980 2115 1049 igitur

535 1068 792 1122 tribubus
828 1065 989 1121 Moab
1033 1081 1249 1135 quoque
1276 1076 1331 1121 et
1363 1066 1650 1121 ltlummam
1683 1083 1746 1121 ac
1786 1068 2115 1138 alienigenas

532 1156 962 1227 comprehendit.
1006 1158 1389 1227 Sexagesimus
1421 1170 1648 1215 octavus
1689 1161 1929 1229 psalmus
1963 1163 2116 1216 simi—

532 1250 657 1305 liter
704 1250 1031 1318 inseriptus,
1080 1251 1515 1306 immutationem
1567 1253 1709 1308 illius
1757 1256 1847 1322 qui
1899 1264 2116 1323 propter

531 1357 631 1397 nos
690 1342 742 1395 in
795 1339 1056 1409 profunda
1117 1342 1377 1410 spiritalis
1413 1344 1576 1398 maris
1622 1344 1939 1411 descendit,
1987 1361 2114 1400 nec-

531 1446 636 1485 non
666 1430 831 1502 518
857 1448 922 1488 ea
959 1448 1079 1501 quin
1108 1434 1174 1486 ad
1207 1435 1515 1502 passionem
1545 1433 1661 1501 ejus
1694 1437 1996 1505 pertinent,
2039 1438 2114 1491 si-

529 1521 744 1591 gniﬁcat
781 1524 865 1578 his
900 1524 1074 1579 verbis
1111 1519 1197 1572 ἐξ
1249 1542 1268 1576 ι
1316 1524 1587 1580 Dedernnt
1625 1527 1675 1579 in
1721 1542 1897 1581 escam
1941 1541 2110 1582 meam

2220 442 2377 495 μονος
2427 425 2631 495 πλάνης
2664 427 2755 479 ἐπὶ
2802 427 2900 497 τὴν
2938 426 3222 480 εὐσέϐειαν
3249 427 3359 497 (25)
3386 427 3482 480 τοῦ
3509 430 3619 481 τῶν
3658 432 3795 485 ὅλων

2215 516 2350 569 Θεοῦ
2384 516 2684 588 σημαίνειν.
2715 517 2871 586 Λέγει
2898 518 2941 570 δ’
2974 514 3097 572 οὖν·
3131 538 3150 571 ι
3189 520 3245 573 Ὀ
3281 519 3413 584 Θεὸς
3444 520 3703 592 ἐλάλησεν
3733 527 3795 579 ἐν

2215 607 2294 678 τῷ
2316 608 2455 679 ἁγίῳ
2494 608 2678 662 αὐτοῦ’
2698 607 3114 681 Ἀγαλλιάσομαι
3160 611 3253 665 καὶ
3277 611 3544 683 διαμεριῶ
3574 614 3791 686 Σίκιμα,

2215 698 2311 751 καὶ
2339 698 2435 769 τὴν
2462 699 2680 753 κοιλάδα
2703 700 2811 753 τῶν
2846 703 3058 771 σκηνῶν
3087 702 3454 773 διαμετρήσω.
3490 705 3650 775 Ἐμός
3677 709 3794 761 ἐστι

2215 788 2445 852 Γαλαὰδ,
2469 790 2562 842 καὶ
2589 791 2719 862 ἐμός
2748 793 2863 844 ἐστι
2888 793 3182 863 Μανασσῆς
3202 811 3216 823 ο
3270 795 3362 847 καὶ
3396 796 3637 867 Ἐφραὶμ
3661 816 3768 871 κρα

2213 881 2434 946 ταίωσις
2474 883 2576 952 τῆς
2626 884 2867 956 κεφαλῆς
2918 902 3051 955 μουο
3120 886 3318 950 Ἰούδας
3367 886 3620 957 βασιλεύς
3662 909 3789 962 μου,

2213 971 2386 1025 Μωὰὸ
2431 972 2593 1044 λέϐης
2641 974 2739 1045 τῆς
2784 975 2994 1039 ἐλπίδος
3042 993 3162 1047 μου.
3206 977 3328 1029 Ἐπὶ
3353 978 3455 1048 τὴν
3494 978 3795 1051 Ἰδουμαίαν

2216 1063 2417 1117 ἐκτενῶ
2460 1065 2521 1117 τὸ
2563 1066 2813 1138 ὑπόδημά
2857 1085 2956 1137 μου
2979 1084 2992 1100 ο
3028 1069 3151 1138 ἐμοὶ
3195 1067 3478 1137 ἀλλόφυλοι
3513 1070 3791 1143 ὑπετάγη-

2216 1171 2331 1208 σαν.
2368 1174 2385 1206 ι
2416 1156 2569 1210 Μετὰ
2602 1156 2730 1225 γοῦν
2764 1159 2872 1213 τῶν
2913 1159 3316 1230 Ίσραηλιτικῶν
3343 1161 3547 1226 φυλῶν,
3571 1166 3666 1217 καὶ
3702 1165 3790 1218 τὸν

2212 1246 2405 1311 Μωὰϐ,
2429 1249 2523 1302 καὶ
2550 1250 2646 1320 τὴν
2676 1248 2994 1321 Ἰδουμαίαν,
3016 1252 3111 1304 καὶ
3140 1253 3264 1316 τοὺς
3287 1251 3617 1322 ἀλλοφύλους
3637 1273 3764 1327 περι

2213 1336 2449 1407 είληφεν.
2490 1340 2546 1392 '0
2585 1340 2642 1393 δὲ
2686 1339 2974 1412 ἐξηκοστὸς
3003 1342 3187 1409 ὄγδοος
3215 1344 3414 1413 ὁμοίως
3444 1346 3785 1418 ἐπιγεγραμ-

2215 1429 2372 1499 μένος
2402 1429 2698 1502 μεταὸολὴν
2725 1431 2835 1501 ἔχει
2870 1433 2964 1486 καὶ
2998 1433 3277 1488 ἀλλοίωσιν
3304 1435 3398 1487 τοῦ
3427 1435 3493 1488 δι’
3529 1438 3676 1506 ἡμᾶς
3711 1440 3787 1502 εἰς

2210 1516 2277 1571 τά
2311 1517 2445 1589 βάθη
2469 1519 2568 1589 τῆς
2597 1521 2890 1592 νοουμένης
2922 1521 3195 1594 θαλάσσης
3226 1523 3669 1594 κατεληλυθότος,
3698 1529 3789 1580 καὶ.

531 1611 599 1668 l‘el
621 1652 637 1676 ,
669 1614 799 1668 etin
826 1613 913 1669 siti
945 1630 1063 1670 mea
1098 1624 1420 1686 potaverunt
1446 1631 1530 1671 me
1558 1628 1745 1681 aceto;
1792 1636 1811 1668 ι
1847 1618 2101 1688 simulun

2210 1609 2279 1662 τὰ
2332 1612 2459 1683 περὶ
2496 1613 2589 1665 τοῦ
2643 1613 2846 1678 πάθους
2887 1615 3071 1678 αὑτοῦ,
3117 1616 3152 1670 ἃ
3200 1618 3293 1671 καὶ
3335 1618 3487 1688 δηλοί
3528 1618 3616 1671 διὰ
3658 1620 3785 1673 τοῦθ

527 1717 713 1758 eorum
741 1704 831 1773 qui
857 1705 1091 1760 insidiati
1114 1713 1239 1760 sunt
1272 1707 1326 1761 in
1363 1705 1628 1761 deteriora
1662 1709 2065 1764 conversionem
2099 1734 2101 1766 ς

2221 1719 2238 1751 ι
2282 1681 2529 1755 Ἔδωκαν
2561 1705 2641 1767 εἰς
2673 1705 2733 1758 τὸ
2761 1704 2955 1777 βρῶμα
2999 1724 3097 1777 μου
3125 1708 3304 1779 χολὴν,
3332 1681 3426 1761 καὶ
3467 1711 3548 1773 εἰς
3587 1710 3688 1780 τὴν
3713 1709 3794 1764 6"-

527 1809 646 1861 qua:
693 1794 854 1849 etiam
896 1796 1011 1864 ipse
1038 1795 1281 1860 exhibet,
1321 1796 1505 1851 dicens
1537 1797 1581 1829 ³ο
1620 1815 1633 1851 :
1668 1813 1688 1849 ι
1740 1796 2111 1853 Obscurentur

527 1886 668 1941 oeuli
718 1901 907 1941 eorum
954 1901 1023 1942 ne
1062 1887 1317 1952 videant,
1346 1896 1401 1943 et
1429 1888 1646 1942 dorsum
1673 1903 1862 1943 eorum
1890 1904 2107 1959 semper

532 1976 755 2032 incurva
779 2018 795 2044 ,
848 1997 869 2031 ι
913 1988 1018 2034 etc.
1069 1980 1136 2033 Et
1172 1980 1615 2049 quadragesimus
1642 1992 1868 2050 quartus
1908 1984 1997 2051 qui
2026 1993 2109 2038 est

528 2073 758 2129 ﬁliorum
801 2073 959 2135 Core.
1008 2082 1063 2129 et
1101 2074 1414 2129 inscribitur
1442 2092 1461 2126 ι
1507 2090 1603 2143 pro
1627 2075 1693 2130 iis
1723 2075 1811 2143 qui
1854 2078 2108 2131 immuta-

438 2190 441 2193 λ
526 2165 763 2231 buntur,
794 2173 848 2221 et
882 2181 979 2236 pro
1007 2165 1204 2220 dilecto
1231 2165 1297 2228 ⁶⁰,
1338 2184 1357 2217 ι
1391 2165 1643 2220 similiter
1680 2167 2104 2221 immutationem

523 2271 644 2324 qua:
673 2257 819 2311 circa
866 2257 1120 2310 dilectum
1169 2256 1261 2309 Dei
1307 2257 1535 2320 accidit,
1564 2254 1911 2324 divinamque
1939 2258 2006 2309 de
2031 2271 2098 2309 eo

524 2346 825 2402 doctrinam
855 2347 1115 2414 continet,
1146 2355 1203 2400 et
1229 2346 1483 2401 Ecclesia:
1510 2350 1591 2401 ex'
1606 2345 1851 2415 gentibus
1879 2347 1943 2401 ad
1974 2362 2097 2401 eum

524 2438 937 2493 conversionem
980 2437 1222 2492 ostendit
1254 2437 1356 2491 hoc
1384 2436 1544 2490 modo
1570 2437 1613 2467 “
1644 2453 1657 2490 :
1699 2453 1718 2487 ι
1750 2436 1922 2499 Audi,
1959 2437 2065 2489 lilia
2086 2475 2103 2502 ,

527 2534 591 2580 et.
622 2527 772 2593 vide,
815 2537 869 2583 et
896 2528 1092 2582 inclina
1125 2541 1308 2582 aurem
1356 2536 1525 2594 tuam,
1575 2543 1594 2576 ι
1642 2541 1696 2581 et
1738 2536 1948 2583 caetera.
2008 2526 2105 2581 Se-

522 2618 889 2688 ptuagesimus
931 2633 1105 2673 nonus
1145 2618 1238 2688 qui
1298 2627 1383 2673 est
1449 2617 1686 2688 Asaplti,
1743 2628 1800 2673 et
1856 2618 2105 2673 similiter

522 2708 820 2777 inscriptus
868 2717 986 2777 est,
1035 2708 1234 2777 prioris
1278 2720 1466 2763 rursus
1508 2709 1685 2778 populi
1721 2712 1787 2764 ad
1835 2711 2101 2764 deteriora

518 2801 929 2855 conversionem
979 2801 1256 2866 continet,
1305 2802 1491 2855 dicens
1538 2802 1583 2833 “
1635 2819 1649 2855 :
1699 2820 1720 2853 ι
1758 2800 1978 2857 Vincam
2035 2805 2103 2858 de

518 2889 750 2963 Egypto
788 2891 1134 2957 transtulisti,
1187 2911 1208 2944 ι
1252 2901 1307 2947 et
1351 2904 1565 2949 ca-tera.
1603 2892 1867 2959 Quoniam
1923 2903 2101 2949 autem

519 2982 856 3037 terrestrium
890 2981 1082 3035 ﬂorum
1127 2984 1286 3038 decor
1314 2992 1370 3037 et
1397 2984 1689 3054 fragrantia
1715 2986 1876 3041 citius
1907 2987 2102 3040 immu-

518 3081 666 3129 tatur
716 3081 770 3128 et
812 3075 865 3128 in
889 3074 1290 3143 corruptionem
1327 3077 1577 3141 vertitur,
1615 3077 1734 3131 ideo
1760 3078 1972 3132 videtur
1998 3078 2102 3133 He-

519 3162 759 3217 braicum
797 3181 817 3214 ι
848 3163 923 3217 De
949 3164 1073 3218 liliis
1101 3176 1191 3217 aut
1213 3164 1284 3218 De
1310 3163 1527 3219 ﬂoribus
1560 3184 1579 3217 ι
1627 3167 1839 3220 titulum
1878 3169 2097 3226 habere.

516 3255 993 3327 Quapropterloco
1023 3275 1042 3309 ι
1078 3259 1257 3328 proiis
1274 3257 1364 3327 qui
1386 3258 1829 3325 immutabuntur,
1860 3278 1880 3312 ι
1904 3261 2097 3331 Aquila

521 3367 542 3400 ι
574 3363 672 3418 pro
700 3348 848 3414 liliis,
873 3368 891 3401 ι
912 3348 1272 3420 Symmachus
1294 3366 1313 3399 ι
1333 3349 1399 3402 de
1414 3349 1637 3404 tioribus
1667 3369 1686 3401 ι
1717 3353 2099 3420 interpretatus

514 3450 617 3500 est.
632 3441 734 3510 Qui
758 3442 999 3513 inscripti
1016 3449 1138 3496 sunt
1157 3459 1176 3493 ι
1209 3456 1304 3511 pro
1321 3440 1568 3507 occultis,
1595 3460 1614 3494 ι
1646 3443 2101 3515 occultumquod-

514 3536 639 3588 dam
657 3542 713 3588 et
740 3532 911 3588 latens
934 3532 1153 3597 bellum,
1182 3546 1387 3586 necnon
1412 3532 1478 3585 de
1505 3531 1861 3587 invisibilibus
1877 3535 2100 3604 etspiri-

515 3624 719 3680 talibus
766 3624 1009 3679 inimicis
1057 3623 1342 3679 victoriam
1382 3621 1683 3680 Salvatoris
1718 3628 1887 3680 nostri
1929 3630 2101 3682 conti-

514 3725 664 3773 nent.
680 3715 863 3771 Nonus
881 3715 1043 3786 igitur
1069 3716 1145 3769 ait
1175 3716 1221 3747 “
1249 3732 1263 3769 :
1291 3734 1312 3767 ι
1347 3716 1401 3770 In
1431 3719 1799 3772 convertenda
1817 3717 2097 3775 inimicum

515 3823 692 3864 meum
708 3816 1024 3874 retrorsum,
1048 3826 1066 3859 ι
1092 3816 1149 3861 et
1171 3816 1364 3862 caetera
1383 3824 1505 3878 qua:
1533 3808 1829 3880 subjnngit,
1858 3810 2094 3880 gentium

516 3902 854 3957 vocationem
889 3902 1131 3957 indicant
1156 3917 1210 3958 τι
1248 3901 1466 3958 Psallite
1495 3904 1719 3959 Domino
1756 3903 1847 3974 qui
1893 3904 2098 3958 habitat

513 3994 570 4051 in
610 3993 773 4060 Sion,
814 3994 1133 4049 annuntiate
1173 3995 1315 4049 inter
1367 4005 1557 4066 gentes
1604 3996 1779 4049 studia
1817 3996 1933 4065 ejus
1965 3995 2031 4050 “.
2071 4014 2091 4047 ι

514 4085 639 4143 Hac
683 4095 865 4143 autem
915 4086 1149 4142 latenter
1194 4096 1433 4157 tempore
1475 4088 1739 4155 passionis
1780 4088 2080 4143 accidisse.

510 4184 625 4249 ipse
662 4180 849 4235 titulus
885 4179 1079 4250 psalmi
1113 4180 1367 4235 ostendit.
1408 4179 1721 4235 lnscribitur
1756 4180 1899 4234 enim
1941 4199 1960 4224 ι
2000 4195 2097 4249 pro

511 4272 736 4326 occultis
765 4270 860 4326 lilii
893 4287 910 4326 :
951 4288 971 4324 ι
1009 4285 1106 4341 pro
1148 4285 1257 4341 quo
1289 4269 1650 4340 Symmachus
1686 4272 1850 4326 vertit
1900 4289 1914 4326 :
1948 4289 1966 4321 ι
1993 4270 2097 4325 Pro

2208 1790 2317 1859 ψαν
2359 1808 2458 1861 μου
2508 1793 2764 1847 ἐπότισάν
2799 1813 2867 1865 με
2900 1795 3055 1862 δξος’
3094 1816 3113 1848 ι
3147 1798 3242 1851 καὶ
3289 1798 3387 1869 τὴν
3418 1796 3530 1851 τῶν
3565 1799 3789 1852 ἐπιϐου-

2208 1880 2510 1934 λευσάντων
2542 1883 2635 1935 ἐπὶ
2664 1883 2732 1936 τά
2769 1884 2934 1956 χείρω
2980 1888 3187 1958 τροπήν
3207 1904 3219 1916 ·
3253 1887 3289 1941 ἃ
3327 1888 3422 1941 καὶ
3453 1889 3622 1952 αὐτὸς
3652 1908 3792 1957 παρ-

2211 1972 2387 2044 ίστησι
2429 1973 2633 2042 λέγων’
2669 1995 2688 2028 ι
2730 1977 3174 2050 Σκοτισθήτωσαν
3216 1968 3265 2033 δι
3300 1979 3566 2051 ὀφθαλμοὶ
3613 1981 3792 2035 αὐτῶν

2206 2063 2299 2116 τοῦ
2360 2065 2432 2135 μὴ
2487 2064 2722 2135 βλέπειν,
2768 2068 2861 2122 κα)⁵
2912 2069 3003 2121 τὸν
3047 2068 3213 2122 νῶτον
3259 2071 3437 2123 αὐτῶν
3497 2070 3792 2134 διαπαντὸς

2208 2155 2544 2228 σύγκαμψον,
2585 2178 2603 2209 ι
2636 2160 2729 2213 καὶ
2785 2160 2853 2213 τὰ
2905 2160 3051 2231 ἑξῆς.
3106 2163 3214 2214 Καὶ
3266 2163 3295 2214 6
3348 2164 3788 2235 τεσσαρακοστδς

2206 2247 2486 2317 τέταρτος,
2516 2247 2623 2302 τῶν
2653 2248 2782 2303 υἱῶν
2815 2250 2957 2321 Κορέ
2984 2252 3283 2321 τυγχάνων,
3317 2271 3336 2303 ι
3375 2252 3519 2324 ὑπὲρ
3549 2254 3657 2306 τῶν
3686 2252 3788 2306 άλ-

2202 2337 2642 2412 λοιωδησομένων
2672 2360 2690 2393 ι
2717 2343 3208 2414 ἐπιγεγραμμένος,
3235 2363 3254 2395 ι
3281 2344 3422 2417 ὑπέρ
3451 2362 3509 2398 τε
3535 2344 3630 2399 τοῦ
3650 2347 3789 2415 ἀγα-

2204 2431 2397 2500 πητοῦ,
2439 2453 2458 2484 ι
2482 2433 2679 2504 ὁμοίως
2708 2434 2799 2487 καὶ
2813 2434 2974 2497 αὐτὸς
2993 2435 3092 2505 τὴν
3120 2435 3247 2506 περὶ
3263 2435 3354 2488 τὸν
3376 2436 3659 2507 ἀγαπητὸν
3687 2436 3786 2491 τοῦ

2204 2523 2336 2576 Θεοῦ
2371 2525 2651 2579 ἀλλοίωσιν
2684 2526 2826 2596 ἔχει’
2859 2527 2916 2579 ἐν
2945 2526 3094 2596 αὐτῷ
3127 2527 3221 2580 καὶ
3243 2527 3342 2598 τὴν
3370 2526 3646 2597 θεολογίαν
3685 2529 3788 2583 αὖ·

2201 2616 2294 2669 τοῦ
2350 2617 2501 2689 περιλ
2519 2616 2674 2680 ιὸὼν,
2723 2618 2816 2670 καὶ
2864 2617 2963 2688 τῆς
3006 2601 3065 2684 ἐξ
3113 2616 3283 2671 ἐθνῶν
3330 2618 3652 2690 Ἐκκλησίας
3682 2619 3785 2692 τὴν

2200 2708 2337 2779 πρὸς
2392 2708 2549 2762 αὑτὸν
2581 2707 2908 2781 ἐπιστροφὴν
2952 2708 3127 2780 δηλῶν
3159 2708 3247 2762 διὰ
3295 2710 3383 2763 τό·
3428 2730 3447 2762 ι
3487 2711 3789 2776 ’Δκουσονι

2203 2801 2460 2874 θύγατερ,
2484 2802 2577 2855 καὶ
2604 2803 2699 2867 ῐδε,
2719 2803 2814 2856 καὶ
2838 2802 3015 2856 κλῖνον
3039 2802 3100 2856 τὸ
3124 2798 3215 2867 οὖς
3242 2821 3356 2868 σου,
3382 2824 3400 2857 ι
3422 2804 3604 2859 καὶτὰ
3630 2805 3783 2875 ἑξῆς.

2212 2894 2269 2947 '0
2317 2893 2373 2946 δὲ
2430 2893 2819 2964 ἑϐδομηκοστδς
2878 2892 3064 2956 ἔνατός
3109 2895 3225 2946 ἐστι
3272 2895 3372 2965 μὲν
3418 2894 3513 2948 τοῦ
3570 2895 3779 2965 Ἀσάφ,

2201 2986 2400 3057 ὁμοίως
2428 2986 2484 3038 δὲ
2514 2984 2985 3058 ἐπιγεγραμμένος
3029 2984 3124 3037 τοῦ
3156 2985 3422 3057 προτέρου
3459 2986 3618 3040 πάλιν
3645 2986 3778 3041 λαοῦ

2201 3078 2300 3149 τὴν
2331 3077 2423 3131 ἐπὶ
2448 3076 2517 3130 τά
2553 3076 2720 3147 χείρω
2745 3076 2951 3148 τροπὴν
2992 3077 3236 3148 περιέχει
3268 3076 3470 3144 λέγων’
3508 3097 3527 3129 ‹
3570 3078 3784 3147 ’Ἄμπε-

2202 3168 2291 3224 λον
2323 3167 2384 3233 ἐξ
2407 3168 2680 3236 Αἰγύπτου
2712 3166 2973 3238 μετῆρας,
3010 3186 3029 3218 ι
3062 3168 3156 3222 καὶ
3186 3167 3255 3221 τὰ
3295 3167 3441 3235 έξῆς.
3480 3169 3636 3223 »Καὶ
3674 3168 3782 3223 ἐοι-

2200 3276 2295 3312 κεν
2314 3298 2328 3320 ,
2362 3258 2546 3330 ἐπειδὴ
2578 3258 2683 3311 τῶν
2714 3258 2820 3311 ἀπὸ
2851 3258 2947 3329 τῆς
2973 3258 3078 3328 γῆς
3120 3257 3323 3312 ἀνθέων
3353 3259 3449 3312 καὶ
3489 3260 3689 3332 κρίνων
3717 3259 3781 3313 τὸ

2198 3351 2397 3423 ὡραῖον
2430 3351 2521 3403 καὶ
2545 3349 2742 3413 εὑῶδες
2767 3349 2958 3404 θᾶττον
2990 3348 3313 3413 ἀλλοιοῦται,
3341 3352 3436 3403 καὶ
3462 3352 3545 3414 εἰς
3575 3351 3778 3424 φθορὰν

2204 3443 2622 3514 μεταϐάλλεται,
2668 3441 2861 3494 τούτου
2910 3440 3070 3512 χάριν
3132 3440 3192 3493 τὸ
3243 3441 3528 3513 Ἐὁραῖκὸν
3582 3461 3602 3493 ι
3641 3444 3778 3514 Περὶ

2197 3535 2308 3589 τῶν
2347 3536 2566 3607 κρίνων,
2595 3534 2656 3603 ἢ,
2685 3535 2821 3606 Περὶ
2849 3533 2958 3587 τῶν
2994 3532 3197 3587 ἀνθέων
3220 3552 3237 3583 ι
3261 3534 3551 3605 περιέχειν.
3582 3534 3775 3608 Διόπερ

2205 3646 2224 3679 ι
2264 3626 2384 3681 ἀντὶ
2414 3626 2522 3679 τῶν
2555 3624 3086 3696 ἀλλοιωθησομένων,
3119 3643 3138 3675 ι
3159 3626 3188 3677 6
3225 3625 3321 3695 μὲν
3360 3624 3590 3688 Ἀκύλας
3625 3644 3644 3677 ι
3684 3623 3781 3679 ἐπὶ

2198 3722 2307 3782 τοῖς
2337 3718 2561 3790 κρίνοις,
2588 3736 2606 3769 ι
2627 3718 2655 3769 6
2677 3717 2734 3770 δὲ
2759 3716 3049 3787 Σύμμαχος
3070 3734 3087 3766 ι
3123 3716 3249 3786 περὶ
3270 3715 3378 3769 τῶν
3402 3715 3610 3769 ἀνθέων
3637 3736 3656 3768 ι
3677 3719 3774 3787 ἡρο

2201 3812 2484 3882 μήνευσεν.
2521 3810 2584 3863 υἱ
2627 3808 3091 3880 ἐπιγεγραμμένοι
3123 3826 3140 3858 ι
3169 3808 3309 3879 ὑπὲρ
3339 3808 3446 3860 τῶν
3475 3808 3718 3878 κρυφίων
3745 3828 3767 3861 ι

2198 3902 2427 3975 κρύφιόν
2452 3920 2573 3956 τινα
2599 3902 2693 3955 καλ⁵
2731 3900 3056 3955 λανθάνοντα
3098 3900 3350 3969 πόλεμον,
3384 3900 3477 3953 καὶ
3507 3900 3609 3973 τὴν
3634 3900 3771 3955 κατὰ

2196 3996 2304 4050 τῶν
2339 3995 2583 4068 ἀοράτων
2610 3994 2704 4049 καὶ
2729 3994 2934 4064 νοητῶν
2973 3992 3181 4065 ἐχθρῶν
3208 3993 3362 4063 νίκην
3399 3993 3492 4046 τοῦ
3524 3994 3769 4064 Σωτῆρος

2197 4086 2352 4158 ἡμῶν
2403 4086 2745 4158 περιέχουσιν
2765 4102 2778 4115 ·
2809 4087 2838 4138 ὀ
2880 4083 3009 4153 γοῦν
3047 4083 3231 4146 ἔνατός
3268 4100 3431 4153 φησιν
3459 4100 3476 4114 ο
3509 4103 3528 4135 ι
3578 4085 3665 4138 Ἑν
3694 4085 3767 4155 τῷ

2196 4179 2611 4249 ἀποστραφῆναι
2636 4177 2726 4230 τὸν
2761 4176 2952 4248 ἐχθρόν
2985 4194 3084 4247 μου
3124 4177 3204 4240 εἰς
3239 4176 3308 4229 τά
3330 4176 3528 4242 ὀπίσω,
3566 4196 3585 4228 ι
3612 4179 3707 4232 καὶ
3734 4177 3766 4232 ἃ

2197 4265 2323 4337 ἑξῆς
2346 4266 2553 4330 τούτοις
2583 4266 2853 4337 ἐπιφέρει,
2887 4267 3139 4337 σημαίνει
3175 4267 3273 4338 τὴν
3308 4266 3415 4319 τῶν
3444 4267 3617 4321 ἐθνῶν
3643 4268 3766 4340 κλῆ-

510 4371 685 4417 morte
703 4362 832 4429 lilii;
858 4380 879 4415 ι
894 4362 1089 4433 Aquila
1104 4374 1233 4417 vero
1251 4379 1273 4415 ι
1298 4362 1684 4431 projuventute
1703 4381 1751 4419 ε»
1766 4364 1962 4434 quibus
1976 4379 2098 4419 eon-

2203 4374 2311 4412 σιν·
2349 4377 2367 4409 ι
2400 4357 2618 4411 Ψάλατε
2649 4356 2727 4428 τῷ
2768 4357 2955 4429 Κυρίῳ
2997 4358 3074 4428 τῷ
3111 4356 3449 4411 κατοικοῦντι
3494 4359 3554 4412 ἐν
3596 4360 3760 4413 Σιιῖινσ

509 4462 706 4505 sonant
732 4458 790 4505 et
813 4463 934 4520 qua:
966 4452 1033 4506 de
1073 4461 1475 4506 resurrectione
1508 4450 1696 4519 ejus‘a
1743 4464 1919 4507 morte
1952 4453 2096 4522 psal~

512 4555 632 4596 nius
683 4540 888 4595 indicat
934 4541 1017 4596 his
1054 4542 1235 4597 verbis
1264 4542 1310 4574 ⁸⁸
1350 4560 1364 4596 :
1412 4561 1431 4594 ι
1490 4543 1592 4611 Qui
1636 4545 1844 4602 exaltas
1889 4561 1975 4601 me
2024 4548 2091 4602 de

509 4631 685 4706 portis
713 4630 922 4686 mortis.
967 4651 987 4685 ι
1022 4632 1154 4687 Item
1188 4633 1631 4704 quadragesimus
1669 4636 1892 4705 quintus
1932 4637 2091 4693 simi—

508 4721 634 4778 liter
666 4741 685 4771 ι
715 4738 811 4794 pro
830 4726 1053 4782 occultis
1088 4744 1108 4778 ν
1129 4724 1417 4796 inscriptus
1447 4728 1712 4784 invisibile
1736 4743 1789 4786 et
1815 4732 2093 4801 spirituale

507 4813 703 4868 bellum
721 4815 959 4883 exhibet,
980 4818 1166 4873 dicens
1195 4818 1240 4850 “
1260 4837 1278 4874 :
1311 4835 1330 4869 ι
1360 4817 1708 4874 Conturbataa
1730 4832 1857 4876 sunt
1876 4834 2085 4892 gentes,

505 4914 563 4963 ct
603 4905 856 4961 inclinata
892 4920 1018 4962 sunt
1047 4925 1229 4981 regna,
1274 4928 1295 4962 ι
1331 4920 1385 4965 et
1406 4904 1623 4964 cartéra.
1675 4911 1875 4968 Deinde
1904 4922 1960 4967 ut
1995 4918 2084 4983 qui

506 4998 778 5069 principes
817 5003 1057 5071 gentium
1100 5002 1225 5057 olim
1260 5001 1670 5056 conculcatores
1713 5004 2083 5073 destruxerat,

510 5100 562 5146 et
602 5102 791 5160 gentes
833 5092 934 5148 sibi
968 5094 1209 5150 subditas
1253 5093 1496 5160 fecerat,
1547 5095 1807 5152 continuo
1838 5098 1915 5151 ait
1958 5098 2001 5130 ⁵⁷
2062 5117 2079 5155 :

513 5203 531 5234 ι
561 5184 850 5241 Exaltabor
875 5185 926 5240 in
952 5187 1223 5256 gentibus,
1246 5187 1596 5243 exaltaborin
1625 5196 1788 5242 terra.
1827 5207 1847 5241 ι
1877 5188 1977 5256 Qui
2005 5191 2087 5245 in-

576 5283 621 5315 "
658 5282 744 5339 Ps.
776 5299 888 5349 LIX,
925 5284 981 5348 8,
1010 5283 1064 5349 9,
1096 5284 1184 5338 ιο.
1258 5284 1305 5317 ⁵⁸
1336 5284 1424 5338 Ps.
1449 5300 1641 5348 vam,
1671 5283 1764 5337 9‘2.
1838 5285 1883 5317 ”
1915 5284 2043 5340 ibid.
2082 5286 2138 5340 2.

2195 4448 2549 4517 ἁναγγείλατε
2578 4448 2636 4500 ἐν
2666 4449 2776 4509 τοῖς
2807 4447 2983 4501 ἔθνεσι
3009 4449 3078 4501 τὰ
3098 4447 3506 4520 ἐπιτηδεύματα
3532 4449 3712 4504 αὐτοῦ.
3740 4469 3759 4502 ι

2194 4541 2301 4594 Καὶ
2323 4541 2404 4593 ὅτι
2424 4538 2594 4593 ταῦτα
2616 4538 2911 4610 λεληθότως
2937 4538 3077 4593 κατὰ
3101 4540 3190 4594 τὸν
3222 4539 3411 4611 καιρὸν
3442 4541 3537 4594 τοῦ
3564 4542 3763 4604 πάθους

2194 4629 2567 4698 συνετελέσθη,
2597 4629 2665 4683 τὰ
2702 4631 2798 4701 τῆς
2832 4631 3151 4702 προγραφῆς
3187 4630 3282 4684 τοῦ
3321 4631 3539 4704 ψαλμοῦ
3587 4635 3759 4706 δηλοῖ·

2193 4720 2591 4790 ἐπιγέγραπται
2621 4719 2731 4792 γὰρ
2763 4739 2781 4772 ι
2823 4721 2962 4794 ὑπὲρ
2987 4721 3093 4775 τῶν
3137 4724 3379 4794 κρυφίων
3411 4725 3504 4779 τοῦ
3554 4728 3711 4780 Υἱοῦ·
3738 4748 3755 4779 ι

2192 4810 2306 4863 ἀνθ’
2349 4804 2409 4864 οὗ
2457 4811 2485 4863 6
2531 4813 2627 4884 μὲν
2673 4812 2966 4884 Σύμμαχος
3001 4832 3019 4864 ι
3061 4814 3201 4885 ὑπὲρ
3236 4815 3332 4869 τοῦ
3386 4815 3620 4873 θανάτου
3670 4820 3761 4874 τοῦ

2193 4900 2322 4953 Υἱοῦ
2344 4921 2361 4951 ι
2386 4902 2699 4971 πεποίηκεν·
2718 4905 2745 4956 6
2766 4904 2824 4957 δὲ
2838 4904 3085 4968 Ἀκύλας,
3110 4924 3127 4956 ι
3153 4906 3293 4977 ὑπὲρ
3318 4907 3415 4978 τῆς
3438 4910 3707 4982 νεότητος-
3736 4931 3756 4963 ι

2189 4985 2269 5055 οἷς
2303 4996 2579 5061 συμφωνεῖ
2607 4994 2701 5046 ml.
2721 4993 2789 5047 τὰ
2811 4996 2939 5066 περὶ
2966 4996 3065 5067 τῆς
3088 4998 3151 5050 ἐκ
3173 4996 3399 5053 θανάτου
3419 5002 3761 5066 ἁναὸιὼσεως

2189 5091 2383 5156 αὑτοῦ,
2414 5091 2503 5145 διὰ
2528 5092 2622 5145 τοῦ
2649 5091 2862 5165 ψαλμοῦ
2898 5097 3271 5169 σημαινόμενα
3312 5102 3454 5154 κατὰ
3505 5104 3599 5156 τόδ
3632 5124 3652 5157 ι
3702 5106 3753 5161 'C

2190 5192 2339 5263 ὑψῶν
2373 5211 2439 5265 με
2465 5196 2529 5248 ἐκ
2554 5194 2661 5248 τῶν
2686 5193 2869 5249 πυλῶν
2898 5195 2993 5253 τοῦ
3014 5196 3263 5254 θανάτου.
3303 5217 3324 5250 ι
3355 5200 3467 5255 Καὶ
3502 5202 3533 5254 ὁ
3566 5221 3758 5258 τεσσα-

2249 5287 2456 5365 ‘°__P_S_._
2482 5305 2633 5365 _n._tv.
2669 5290 2731 5344 ei.
2837 5290 2883 5324 “
2915 5290 3043 5348 ibid.
3085 5293 3172 5349 tt.
3282 5293 3327 5327 “
3353 5291 3447 5351 Ps.
3470 5313 3660 5365 uxu,
3694 5299 3743 5355 9.

531 5354 552 5385 ³
600 5352 691 5409 Ps.
748 5370 823 5408 Ix.
880 5353 937 5420 4,
1011 5354 1057 5388 ⁸⁸
1089 5356 1219 5411 ibid.
1247 5355 1332 5410 12.
1411 5354 1454 5386 ⁸⁸
1482 5356 1609 5410 ibid.
1646 5355 1734 5410 £5.
1810 5355 1855 5387 ⁸⁸
1892 5354 1981 5411 Ps.
2022 5371 2101 5412 XI.‘

2203 5359 2238 5414 ί.
2313 5358 2356 5391 "’
2384 5360 2516 5417 ibid.
2541 5352 2628 5416 11.

602 5476 712 5549 (25)
739 5477 863 5531 Ἐπὶ
888 5478 1001 5546 τὴν
1022 5479 1353 5542 εὐσέϐειαν,
1373 5487 1478 5533 etc.
1507 5478 1588 5533 Ab
1612 5479 1696 5532 bis
1720 5478 1897 5534 verbis
1917 5494 2087 5548 usque

525 5546 622 5602 ad‘
645 5549 755 5620 ista
802 5563 920 5620 qua:
955 5548 1124 5620 longe
1162 5550 1387 5604 inferius
1424 5549 1744 5620 habentur:
1786 5550 1926 5603 Ἀλλ’
1964 5546 2085 5603 ἐπεὶ

526 5617 668 5672 κατὰ
704 5618 794 5670 τὸν
843 5617 1102 5683 Ἀκύλαν]
1143 5620 1339 5681 desunt
1374 5620 1430 5675 in
1468 5621 1652 5676 codice
1692 5619 1944 5679 Vaticano
1979 5636 2087 5695 quo

2192 5497 2334 5566 usus
2350 5493 2434 5538 est
2459 5483 2900 5566 Montel‘alcopius
2917 5529 2931 5552 ,
2963 5488 3324 5566 aliquotiens
3346 5509 3471 5563 quas
3496 5496 3585 5551 hic
3608 5513 3733 5566 sup-

2191 5553 2408 5638 plentur
2435 5556 2727 5638 e‘schedis
2766 5557 2981 5616 Ernesti
3016 5553 3195 5618 Grabii
3240 5562 3327 5619 cui
3357 5553 3616 5638 integrior
3644 5553 3704 5623 ob

2184 5624 2290 5704 des
2321 5638 2422 5680 ms.
2450 5624 2726 5697 obtigerat.
