4046 6152
299 230 442 288 1065

1498 228 1807 285 SELECTA
1839 227 1907 282 IN
1947 228 2288 290 PSALMOS.

3416 234 3553 292 1066

300 347 564 424 ρακοστὸς
604 348 850 419 πέμπτος
886 345 1274 419 παραπλησίως
1326 344 1453 416 περὶ
1489 344 1598 398 τῶν
1636 344 1876 418 κρυφίων

1984 346 2169 415 scripti
2189 354 2314 401 sunt
2336 364 2354 398 ι
2380 347 2432 402 ἰη
2453 346 2590 403 tituli
2618 348 3046 419 inscriptionem,
3073 368 3093 402 ι
3115 350 3181 406 de
3208 350 3469 407 modestia
3499 364 3554 407 et

297 441 585 515 εἰρημένος
608 440 696 494 τὸν
717 441 946 511 ἀόρατον
977 439 1069 492 καὶ
1100 438 1288 506 νοητὸν
1319 436 1553 507 πόλεμον
1582 436 1878 507 παρίστησι

297 532 473 603 λέγων
490 549 506 565 ο
538 552 556 584 ι
588 530 994 603 Ἐταράχθησαν
1016 529 1166 601 ἔθνη,
1191 528 1407 583 ἔκλιναν
1433 528 1717 598 βασιλεῖαι,
1746 547 1764 578 ι
1786 525 1879 578 καὶ⁴

294 627 365 681 τὰ
391 626 538 697 ἑξῆς.
557 622 689 678 Εἶτα
710 623 785 687 ὡς
808 623 973 677 πάλαι
1001 621 1448 685 καταπατοῦντας
1466 620 1574 674 τῶν
1597 618 1762 673 ἐθνῶν
1783 618 1880 688 ἄρ-

294 736 488 789 χοντας
520 715 784 779 καθελὼν,
828 716 916 784 ὑφ’
942 716 1133 770 ἑαυτόν
1154 733 1212 769 τε
1239 713 1604 785 πεποιημένος
1642 710 1712 766 τὰ
1752 711 1879 782 ἔθνη

292 809 422 880 ἑξῆς
442 810 607 878 λέγει·
622 829 639 861 ‹
662 806 1049 878 ’Υψωθήσομαι
1070 806 1127 860 ἐν
1145 808 1256 869 τοῖς
1280 805 1508 868 ἔθνεσιν,
1527 803 1879 875 ὑψωθήσομαι

292 904 352 954 ἐν
371 905 436 974 τῇ
464 904 553 973 γῇ.
582 920 599 952 ι
621 902 685 954 Οἱ
707 899 1170 970 ἐπιγεγραμμένοι
1195 918 1214 950 ‹
1234 899 1315 961 είς
1336 896 1736 968 στηλογραφίαν
1756 913 1774 946 ι
1796 893 1883 947 λό-

294 1012 427 1063 γους
473 993 783 1066 περιέχουσι
834 991 1183 1063 μετριότητος
1228 991 1321 1045 καὶ
1358 985 1876 1059 ταπεινοφροσύνης.

293 1084 494 1155 Διόπερ
516 1086 543 1138 6
569 1085 665 1155 μὲν
694 1083 939 1145 Ἀκύλας,
971 1082 1091 1135 ἀντὶ
1116 1079 1708 1150 τοῦ,στηλοῃοαφίαν,
1741 1097 1759 1129 r
1787 1096 1882 1131 τα-

294 1174 482 1229 πεινοῦ
524 1173 729 1226 τελείου
769 1192 787 1223 ›
820 1173 1160 1243 ήρμήνευσεν
1180 1188 1193 1202 ι
1232 1171 1261 1223 6
1284 1170 1339 1222 δέ
1366 1167 1693 1239 Σύμμαχος,
1730 1186 1750 1218 ί
1781 1184 1879 1220 τα-

295 1264 643 1335 πεινόφρονος
667 1263 761 1316 καὶ
776 1261 1031 1332 ἀμώμου.
1053 1279 1072 1312 ι
1098 1261 1223 1313 Εἴτε
1245 1258 1355 1328 γὰρ
1383 1260 1412 1311 6
1441 1256 1601 1311 Δαυτδ
1629 1255 1881 1327 βασιλεὺς

219 1415 240 1429 ,
291 1353 368 1407 ὢν
410 1355 503 1409 καὶ
548 1355 730 1426 ἄρχων
773 1353 971 1416 παντὸς
1004 1350 1241 1423 Ἰσραὴλ,
1283 1349 1481 1422 μέτρια
1520 1349 1614 1402 καὶ
1654 1344 1883 1402 ταπεινά

292 1443 507 1515 φρονῶν
545 1442 799 1507 τοιαύτας
841 1443 1120 1514 προήκατο
1145 1440 1347 1511 φωνὰς,
1396 1439 1505 1493 εἴτε
1542 1438 1638 1492 καὶ
1685 1439 1715 1490 6
1750 1439 1883 1509 Χρι-

293 1533 418 1597 στὸς
481 1533 572 1586 τοῦ
625 1533 759 1586 Θεοῦ
810 1532 1035 1586 τοιαῦτα
1093 1531 1345 1597 ἐθέσπιζε
1400 1527 1879 1601 ταπεινοφρονῶν»

289 1621 572 1696 ὠσπεροῦν
607 1623 844 1677 διδάσκει
876 1622 964 1676 διά
994 1622 1118 1675 τοῦ·
1163 1641 1181 1674 ι
1207 1622 1422 1676 Μάθετε
1456 1622 1548 1674 ἀπ’
1587 1617 1721 1692 ἐμοῦ
1743 1658 1758 1682 ,
1793 1619 1875 1672 ὅτι

290 1693 466 1787 πρᾶός
498 1716 613 1785 εἰμι
660 1716 755 1770 καὶ
794 1713 1048 1778 ταπεινὸς
1086 1717 1152 1785 τῇ
1196 1713 1426 1785 καρδίᾳο
1461 1732 1480 1764 ι
1513 1711 1713 1783 στήλης
1734 1709 1874 1775 ἄξιοι
1908 1693 1950 1748 Β

290 1803 403 1861 εἷεν
450 1806 515 1860 ἂν
562 1808 610 1859 oi
644 1807 788 1877 λόγοι
810 1847 825 1869 ,
872 1808 967 1861 καὶ
999 1807 1097 1877 τῆς
1129 1808 1210 1870 εἰς
1240 1805 1329 1859 τὸν
1365 1806 1653 1877 σύμπαντα
1703 1802 1875 1856 αἰῶνα

295 1898 539 1970 μνήμης·
572 1899 707 1970 ὅπερ
736 1898 823 1951 διὰ
852 1897 953 1968 τῆς
981 1917 999 1949 ι
1031 1896 1430 1969 στηλογραφίας
1466 1914 1484 1947 ι
1523 1894 1870 1968 παρίσταται.

290 1993 525 2063 Νοήσεις
555 1991 613 2045 δὲ
638 1991 698 2044 τὸ
731 1992 1018 2062 εἰρημένον
1061 1988 1169 2043 ἀπὸ
1195 1989 1288 2042 τοῦ
1320 1986 1688 2059 πεντηκοστοῦ
1735 1986 1876 2058 πέμ-

292 2101 452 2149 πτου,
486 2082 546 2148 ὃς
572 2083 977 2155 ἐπιγέγραπται
998 2102 1018 2134 ι
1052 2081 1505 2155 στηλογραφίας,›
1525 2081 1557 2152 ἢ
1579 2100 1597 2132 ‹
1619 2077 1874 2134 ταπεινοῦ

291 2175 522 2239 τελείου,
551 2195 570 2226 ι
593 2175 626 2247 ἢ
650 2194 667 2226 ι
693 2174 1114 2246 ταπεινόφρονος
1138 2174 1230 2226 καὶ
1250 2170 1501 2243 ἀμώμου,
1531 2191 1549 2222 ι
1573 2173 1630 2224 ἐν
1655 2163 1699 2239 ᾧ
1722 2168 1874 2240 εἴρη-

292 2286 414 2323 ται·
455 2288 475 2320 ι
518 2269 772 2338 Ἐλέησόν
801 2284 890 2338 με,
935 2268 964 2319 6
1002 2265 1155 2330 Θεὸς,
1194 2266 1277 2318 ὅτι
1305 2263 1648 2334 κατεπάτησέ
1685 2278 1751 2334 με
1784 2261 1877 2315 ἄν·-

292 2360 510 2432 ορωπος
542 2360 670 2432 ὅλην
697 2359 795 2431 τὴν
827 2358 1062 2430 ἡμέραν,
1090 2377 1109 2409 ι
1147 2358 1243 2410 καὶ
1273 2354 1341 2408 τὰ
1368 2355 1515 2427 ἑξῆς.
1545 2355 1655 2408 Καὶ
1687 2356 1716 2407 6
1748 2369 1877 2407 πεν-

291 2453 555 2524 τηκοστὸς
580 2452 758 2516 ἕκτος,
787 2451 884 2522 τὴν
908 2450 1028 2520 ἴσην
1050 2448 1186 2519 έχων
1220 2447 1550 2519 ἐπιγραφὴν,
1578 2445 1737 2501 πάλιν
1766 2442 1875 2497 τῶν

292 2544 751 2600 καταπατούντων
800 2543 960 2596 αὐτὸν
1007 2541 1278 2613 μέμνηται
1319 2541 1526 2609 λέγων·
1589 2558 1608 2590 ι
1636 2537 1875 2590 Ἔδωκεν

291 2642 374 2704 είς
410 2640 610 2702 ὄνειδος
643 2639 771 2702 τοὺς
813 2634 1262 2698 καταπατοῦντας
1305 2650 1393 2704 με·
1420 2651 1439 2683 ν
1478 2632 1572 2684 καὶ
1615 2631 1738 2693 τοὺς
1767 2630 1874 2682 λοι-

293 2731 428 2794 ποὺς
450 2730 508 2783 δέ
533 2728 640 2783 τῶν
660 2728 833 2792 οὕτως
856 2725 1346 2797 ἐπιγεγραμμένων
1363 2719 1604 2786 διελθὼν,
1627 2718 1728 2788 τῆς
1753 2717 1876 2787 ἴσης

290 2821 586 2891 ἐχομένους
611 2821 863 2891 εὑρήσεις
891 2817 1149 2880 διανοίας.
1176 2817 1239 2869 Οί
1264 2811 1730 2886 ἐπιγεγραμμένοι
1752 2829 1770 2860 ‹
1794 2811 1875 2873 είς

292 2910 600 2981 ἀνάμνησιν
624 2908 718 2963 τοῦ
741 2908 904 2962 Δαυῖδ
933 2928 951 2960 ι
985 2908 1419 2979 ὑπομιμνήσκειν
1443 2902 1604 2973 αὐτὸν
1636 2901 1874 2954 ἐοίκασιν

292 3003 387 3055 ἐπὶ
417 3002 515 3072 τῆς
542 3001 634 3054 τοῦ
665 3001 862 3073 Οὐρίου
889 3001 1182 3072 ἁμαρτίας.
1215 2999 1273 3051 Ὁ
1299 2998 1356 3050 δέ
1381 2993 1699 3068 τριακοστὸς
1727 2991 1875 3044 ἕϐδο-

296 3110 417 3164 μος,
438 3094 610 3157 οὕτως
632 3092 1126 3165 ἐπιγεγραμμένος,
1154 3089 1423 3158 ἐπιλέγει·
1449 3109 1467 3139 ι
1492 3087 1604 3140 Οὐκ
1629 3085 1773 3138 ἔστιν
1800 3085 1874 3136 εί-

295 3188 434 3259 ρήνη
453 3190 509 3241 ἐν
533 3191 646 3252 τοῖς
669 3187 876 3250 ὀστέοις
896 3203 997 3257 μου
1021 3184 1128 3238 ἀπὸ
1153 3181 1442 3256 προσώπου
1468 3181 1573 3234 τῶν
1591 3177 1872 3251 ἁμαρτιῶν

298 3295 432 3348 μου,
466 3297 484 3329 ι
521 3278 613 3331 καὶ
645 3278 715 3331 τά
741 3277 888 3348 ἑξῆς·
938 3275 1034 3329 καὶ
1073 3275 1139 3328 δι’
1165 3276 1288 3328 ὅλου
1317 3274 1374 3327 δὲ
1402 3273 1496 3326 τοῦ
1532 3269 1747 3342 ψαλμοῦ
1775 3269 1873 3341 τὴν

296 3371 394 3423 ἐπὶ
448 3373 513 3442 τῇ
561 3369 867 3442 πραχθείσῃ
920 3368 1162 3440 ἁμαρτίᾳ
1207 3367 1539 3420 κατάστασιν
1591 3362 1870 3433 σημαίνει.

309 3460 579 3524 Ὡσαύτως
601 3460 656 3513 δέ
681 3461 775 3513 καὶ
800 3462 828 3513 6
852 3459 1143 3531 ἐξηκοστὸς
1168 3458 1438 3529 πέμπτος,
1475 3474 1493 3507 ‹
1517 3456 1597 3518 είς
1629 3454 1875 3523 ἀνάμνη-

296 3568 381 3605 σιν
393 3572 412 3604 ›
430 3551 922 3624 ἐπιγεγραμμένος,
943 3549 1174 3604 ἱκετεύει
1189 3548 1284 3602 τοῦ
1300 3546 1434 3601 Θεοῦ
1454 3548 1632 3616 τυχεῖν
1655 3543 1869 3615 βοηθοῦ.

294 3646 362 3699 Οἱ
384 3643 852 3717 ἐπιγεγραμμένοι
878 3643 1203 3715 «προσευχὴ,
1219 3661 1236 3692 ι
1257 3642 1465 3713 μήποτε
1490 3640 1589 3691 οὑκ
1615 3637 1719 3691 εἰσὶ
1738 3635 1875 3706 dial-

300 3739 415 3810 μοὶ,
448 3738 570 3791 οὐδὲ
615 3737 786 3808 ᾠδαὶ,
841 3736 962 3790 οὐδὲ
1000 3735 1181 3806 ὕμνοι,
1221 3733 1334 3788 ἀλλ’
1369 3731 1500 3787 αὐτὸ
1531 3729 1689 3783 τοῦτο
1720 3726 1873 3797 ψιλαὶ

297 3829 598 3900 προσευχαὶ
638 3831 703 3899 τῇ
740 3826 847 3880 τῶν
889 3826 1202 3899 εὐξαμένων
1230 3827 1593 3899 ἀρμόττουσαι
1614 3823 1871 3885 διαθέσει,

294 3923 365 3992 τῇ
400 3938 458 3973 τε
494 3921 622 3993 περὶ
645 3921 840 3983 αὐτοὺς
878 3919 1209 3974 καταστάσει
1239 3921 1334 3973 καὶ
1374 3921 1506 3972 πᾶσι
1534 3920 1644 3980 τοῖς
1681 3917 1738 3968 ἐν
1783 3916 1874 3987 ἴσῃ

298 4010 539 4065 διαθέσει
572 4014 681 4075 τοῖς
715 4010 1026 4083 εἰρημένοις
1052 4010 1427 4081 τυγχάνουσιν.
1452 4011 1513 4062 Οἱ
1534 4010 1871 4078 ἐπιγεγραμ-

301 4103 453 4175 μένοι
479 4104 718 4176 ψαλμοὶ,
759 4122 776 4154 ‹
802 4102 895 4175 Μὴ
927 4101 1243 4175 διαφθείρῃς
1260 4141 1275 4166 ,
1302 4101 1396 4154 τοῦ
1424 4099 1638 4165 Δαυῖδ,›
1674 4098 1873 4167 ἐφεξῆς

296 4196 406 4248 εἰσι
435 4198 600 4266 τρεῖςο
634 4188 709 4248 ὧν
752 4197 780 4248 6
827 4194 1188 4262 πεντηκοστὸς
1237 4193 1392 4255 ἕκτος
1429 4191 1641 4264 εἴρηται
1691 4192 1749 4243 ἐν
1795 4188 1873 4259 τῷ

295 4286 459 4341 αὐτὸν
509 4286 921 4359 ἀποδιδράσκειν
981 4284 1087 4338 ἀπὸ
1131 4283 1424 4356 προσώπου
1477 4282 1647 4336 Σαοὺλ
1694 4284 1772 4345 εἰς
1811 4280 1872 4335 τὸ

1981 444 2285 501 humilitate
2326 445 2641 517 loquuntur.
2676 449 3017 521 Quapropter
3067 451 3280 520 Aquila,
3313 466 3413 521 pro
3443 470 3462 504 ι
3495 451 3549 506 in

1982 547 2120 602 tituli
2145 549 2603 619 inscriptionem,»
2622 551 2782 606 vertit
2804 569 2823 604 ι
2845 552 3062 607 humilis
3081 554 3326 622 perfecti;
3350 571 3370 606 ι
3393 551 3552 625 εγημ

1979 647 2201 703 machus
2228 664 2379 714 vero,
2413 669 2432 702 ι
2467 650 2688 706 humilis
2713 661 2768 707 et
2805 652 3083 717 inculpati.
3117 671 3135 705 ι
3164 653 3295 708 Nam
3312 654 3425 709 sive
3444 652 3546 707 Da-

1978 748 2069 802 vid
2100 763 2194 803 rex
2231 757 2286 803 et
2329 750 2581 820 princeps
2612 753 2776 807 totius
2808 752 2997 819 Israel,
3048 768 3159 822 pm
3201 754 3461 809 modestia
3494 761 3551 808 et

1980 848 2307 914 humilitate,
2325 849 2586 916 ejusmodi
2621 850 2830 905 miserit
2852 867 3045 918 voces;
3078 852 3193 906 sive
3224 866 3319 908 eas
3355 863 3549 920 protu-

1981 945 2106 1000 lerit
2136 944 2386 1003 Christus
2428 948 2706 1002 humiliter
2750 951 3029 1012 sentiens,
3065 958 3126 1004 ut
3156 964 3279 1005 cum
3324 951 3485 1005 docet
3528 965 3543 1000 :

1982 1044 2185 1115 519(
2218 1047 2423 1101 Discite
2457 1062 2486 1100 a
2543 1063 2628 1101 me
2672 1049 2797 1116 quia
2850 1048 2996 1104 mitis
3052 1064 3170 1103 sum
3222 1059 3277 1103 et
3332 1049 3548 1105 humilia

1982 1149 2149 1203 corde
2172 1148 2247 1215 ‘3;
2277 1166 2296 1199 ι
2329 1156 2479 1203 certe
2512 1147 2661 1219 digni
2693 1157 2819 1203 sunt
2843 1147 2896 1201 hi
2926 1162 3207 1204 sermones
3247 1149 3337 1218 qui
3372 1166 3423 1203 In
3451 1165 3544 1204 co-

1982 1245 2166 1301 lumna
2208 1246 2523 1317 sculpantur
2556 1257 2609 1303 et
2655 1248 2929 1303 memoriae
2958 1256 3176 1304 aeterna:
3199 1251 3543 1304 mandentur.

1982 1346 2133 1414 Quod
2160 1347 2376 1416 quidem
2402 1362 2533 1415 pert
2559 1346 2699 1401 tituli
2728 1347 3132 1417 inscriptionem
3160 1348 3543 1419 asigniﬁcatur,

1981 1446 2040 1490 ut
2076 1436 2378 1507 intelligere
2400 1436 2526 1491 licet
2555 1451 2619 1491 ex
2652 1437 3101 1508 quinquagesimo
3123 1439 3310 1508 quinto
3338 1438 3546 1508 psalmo

1983 1528 2074 1591 qui
2114 1527 2407 1597 inscriptus
2437 1537 2555 1593 est,
2592 1546 2610 1578 ι
2640 1527 2693 1580 in
2734 1528 2876 1582 tituli
2934 1529 3373 1599 inscriptionem,
3405 1548 3425 1582 ι
3460 1529 3546 1585 vel

1986 1636 2005 1668 ‹
2038 1617 2255 1672 humilis
2280 1617 2527 1687 perfecti,
2557 1636 2575 1668 ι
2606 1617 2689 1671 vel
2721 1635 2739 1667 ι
2766 1619 2987 1673 humilis
3014 1630 3069 1674 et
3101 1619 3356 1691 inculpati
3394 1638 3446 1673 ε»
3487 1621 3542 1675 in

1979 1724 2087 1779 quo
2118 1711 2321 1766 dictum
2346 1721 2431 1764 est
2456 1711 2500 1743 θ’
2532 1727 2546 1762 :
2590 1727 2610 1760 ι
2640 1708 2895 1764 Miserere
2923 1712 3050 1776 mei,
3084 1712 3256 1779 Deus,
3288 1713 3542 1781 quoniam

1977 1803 2318 1857 conculcavit
2347 1817 2433 1857 me
2470 1804 2634 1857 homo
2667 1814 2775 1858 tota
2810 1804 2929 1868 die,
2969 1824 2987 1857 ι
3025 1812 3081 1859 et
3111 1815 3327 1859 caetera.
3375 1804 3544 1872 Quin-

1977 1894 2324 1965 quagesimus
2356 1895 2522 1949 etiam
2551 1905 2736 1950 sextus
2760 1897 2848 1965 qui
2883 1911 3072 1965 parem
3105 1896 3267 1951 habet
3303 1895 3540 1959 titulum,

1978 1999 2164 2040 rursus
2194 2000 2379 2039 eorum
2421 1987 2514 2053 qui
2549 1985 2726 2056 ipsum
2774 1985 3123 2050 conculcant,
3178 1987 3425 2041 meminit
3456 1987 3542 2041 di-

1976 2091 2107 2132 cens
2129 2077 2176 2108 '°
2210 2095 2223 2131 :
2257 2093 2278 2129 ι
2308 2076 2464 2131 Dedit
2495 2077 2548 2131 in
2583 2076 2930 2146 opprobrium
2969 2077 3353 2135 conculcantes
3384 2093 3537 2145 mea

1974 2179 2030 2224 οι
2054 2170 2098 2224 si
2131 2169 2370 2238 reliquos
2393 2170 2484 2239 qui
2518 2170 2770 2225 similiter
2796 2172 3039 2243 inscripti
3063 2183 3214 2238 sunt,
3259 2188 3542 2244 percurre-

1976 2258 2078 2325 ris,
2108 2261 2355 2314 eumdem
2396 2261 2603 2315 videbis
2639 2275 2735 2316 eos
2777 2262 2980 2317 habere
3018 2277 3255 2317 sensum.
3294 2264 3394 2331 Qui
3449 2264 3539 2319 in-

1979 2352 2165 2422 scripti
2193 2359 2319 2404 sunt
2353 2370 2372 2403 ι
2411 2352 2463 2405 in
2495 2352 3004 2406 rememorationem
3053 2353 3242 2420 David,
3285 2373 3304 2406 ι
3331 2368 3454 2408 eum
3484 2354 3539 2407 in

1977 2444 2181 2513 peccati
2208 2442 2353 2500 Uria:
2397 2446 2719 2499 memoriam
2760 2446 3010 2499 videntur
3035 2447 3316 2501 reducere.
3352 2446 3542 2502 Trice-

1976 2540 2146 2593 simus
2203 2539 2484 2609 septimus,
2515 2541 2605 2607 qui
2657 2541 2801 2595 hunc
2836 2539 2997 2594 habet
3045 2540 3293 2607 titulum,
3338 2542 3481 2595 ait"
3523 2558 3538 2597 :

1980 2650 2000 2682 ι
2040 2630 2157 2683 Non
2189 2639 2272 2685 est
2306 2645 2408 2699 pax
2445 2633 2496 2684 in
2529 2632 2744 2686 ossibus
2790 2632 2923 2687 meis
2954 2648 2982 2685 a
3021 2633 3157 2687 facie
3185 2645 3539 2703 peccatorum

1978 2738 2243 2788 meorum,
2299 2743 2318 2775 ι
2371 2734 2426 2778 ει
2485 2735 2704 2779 caetera.
2758 2725 2839 2780 Ac
2894 2742 2991 2793 per
3046 2736 3215 2781 totum
3274 2727 3540 2797 psalmum

1976 2817 2214 2871 ostendit
2243 2816 2371 2885 quid
2396 2817 2467 2872 oh
2511 2828 2794 2887 peccatum
2832 2834 2862 2872 a
2898 2833 2959 2873 se
2987 2819 3335 2873 commissum
3373 2834 3541 2891 expe-

1977 2907 2198 2963 riretur.
2233 2907 2323 2961 Sic
2357 2916 2411 2962 et
2451 2910 2821 2978 sexagesimus
2850 2911 3094 2979 quintus,
3130 2930 3147 2962 ι
3190 2912 3239 2964 in
3274 2926 3542 2967 rememo—

1901 3028 1944 3085 α
1979 3002 2237 3056 rationem
2263 3020 2282 3054 ›
2316 3002 2627 3071 inscriptus,
2659 3004 2917 3057 auxilium
2953 3004 3047 3058 Dei
3071 3005 3303 3060 invocat.
3337 3006 3434 3073 Qui
3453 3008 3539 3062 in-

1977 3090 2163 3160 scripti
2192 3100 2319 3145 sunt
2355 3109 2374 3143 ί
2413 3094 2608 3159 oratio,
2656 3112 2674 3143 ι
2717 3093 2857 3148 forte
2891 3110 2986 3148 nec
3018 3097 3238 3163 psalmi,
3270 3115 3369 3154 nec
3409 3116 3538 3154 cano

1978 3184 2105 3248 tica,
2135 3199 2233 3239 nec
2264 3185 2450 3256 hymni
2484 3196 2633 3250 sunt,
2668 3189 2760 3239 sed
2790 3186 2943 3240 nudae
2971 3188 3245 3244 orationes
3267 3191 3538 3246 orantium

1975 3278 2362 3332 convenientes
2386 3276 2602 3330 allectui
2621 3287 2674 3330 et
2703 3277 3024 3339 habitudini,
3059 3293 3267 3335 necnon
3293 3282 3541 3336 omnibus

1975 3368 2067 3438 qui
2116 3368 2169 3422 in
2202 3368 2391 3423 eodem
2430 3385 2492 3423 ac
2525 3369 2558 3421 ii
2612 3370 2678 3424 de
2728 3370 2924 3437 quibus
2970 3371 3173 3425 dictum
3220 3380 3303 3427 est
3346 3375 3541 3429 mentis

1976 3459 2171 3513 affectu
2220 3469 2367 3514 sunt.
2408 3459 2508 3526 Qui
2563 3460 2812 3528 inscripti
2858 3470 3006 3526 sunt,
3046 3478 3065 3513 ι
3109 3460 3189 3517 Νε
3223 3464 3537 3530 disperdas,

1973 3551 2215 3615 Davidis,
2258 3570 2277 3604 ι
2317 3553 2572 3607 continua
2601 3552 2743 3607 serie
2795 3563 2904 3608 tres
2939 3563 3082 3617 sunt,
3121 3570 3351 3624 quorum
3382 3559 3541 3626 quin-

1976 3645 2326 3714 quagesimns
2371 3655 2560 3699 sextus
2615 3644 2790 3699 dictus
2815 3653 2918 3709 est,
2955 3661 3075 3699 cum
3111 3644 3316 3717 fugeret
3345 3665 3373 3702 a
3400 3650 3540 3705 facie

1975 3734 2104 3789 Saul
2137 3736 2190 3789 in
2225 3735 2561 3803 speluncam.
2612 3735 2678 3788 Et
2713 3737 2971 3804 quoniam
3025 3737 3228 3793 latente
3274 3739 3441 3794 David
3484 3742 3537 3795 in

1975 3827 2228 3896 spelunca
2271 3827 2546 3896 ingressus
2601 3834 2684 3881 est
2724 3827 2854 3880 Saul
2903 3828 3161 3897 ignorans
3194 3831 3368 3899 ipsum
3417 3847 3541 3888 esse

1975 3918 2137 3984 intro,
2174 3926 2230 3971 et
2262 3933 2384 3971 cum
2409 3916 2570 3970 amici
2604 3915 2769 3970 David
2802 3917 3000 3972 vellent
3030 3934 3153 3973 eum
3183 3919 3495 3977 interﬁcere
3521 3963 3537 3988 ,

1975 4007 2110 4059 dixit
2165 4006 2332 4061 David
2365 4006 2432 4060 ad
2463 4005 2734 4060 Abisath:
2771 4024 2791 4057 ‹
2828 4004 2906 4060 Ne
2944 4009 3247 4077 dlsperdas,
3294 4029 3313 4062 ι
3348 4026 3541 4081 nempe

1977 4096 2111 4151 Saul
2142 4098 2345 4152 idcirco
2374 4098 2608 4150 fortasse
2652 4094 2917 4166 ejusmodi
2946 4099 3097 4153 vocis
3128 4114 3247 4169 qua
3271 4116 3538 4157 summam

1975 4191 2439 4248 mansuetudinem
2467 4189 2806 4254 ostendebat,
2833 4201 2880 4244 et
2908 4206 3026 4260 quae
3055 4192 3163 4246 Deo
3196 4195 3351 4249 valde
3378 4211 3538 4251 acce-
3642 4222 3645 4231 π

1982 4296 2066 4356 pta
2093 4294 2230 4349 erat,
2259 4285 2518 4339 memoria
2546 4284 2647 4338 hac
2671 4282 3007 4338 Psalmorum
3034 4286 3388 4356 inscriptione
3407 4304 3538 4344 con-

300 4379 585 4450 σπήλαιον.
622 4378 732 4431 Καὶ
770 4380 976 4448 μήποτε
1030 4375 1345 4446 ἐπειδήπερ,
1405 4374 1461 4427 ἐν
1512 4372 1589 4444 τῷ
1622 4372 1871 4443 σπηλαίῳ

1976 4384 2183 4433 secrata
2227 4385 2332 4431 est.
2378 4376 2863 4446 Quinquagesimus
2908 4386 3129 4433 octavus
3168 4380 3258 4449 qui
3322 4381 3536 4436 titulum

299 4468 747 4543 κρυπταζομένου
779 4468 874 4522 τοῦ
905 4466 1095 4530 Δαυῒδ,
1135 4464 1423 4537 ἐπεισῆλθε
1455 4464 1627 4518 Σαοὺλ
1660 4464 1870 4532 ἀγνοῶν

297 4563 447 4617 ἔνδον
474 4563 636 4616 αὐτοῦ
662 4562 836 4625 ὄντος,
861 4562 955 4615 καὶ
988 4558 1095 4612 τῶν
1120 4559 1350 4630 ἑταίρων
1375 4557 1470 4610 τοῦ
1499 4557 1660 4611 Δαυῒδ
1688 4556 1869 4628 βουλο-

302 4656 483 4726 μένων
508 4654 714 4709 ἀνελεῖν
735 4652 915 4717 αύτὸν,
936 4648 1086 4704 εἶπεν
1114 4653 1142 4704 6
1165 4650 1328 4704 Δαυῒδ
1354 4650 1490 4721 πρὸς
1511 4650 1602 4703 τὸν
1626 4648 1867 4716 Ἀδισάθ,

305 4765 326 4799 ε
356 4746 445 4817 Μὴ
483 4744 800 4817 διαφθείρῃς
833 4763 851 4797 ι
899 4743 1093 4799 αὐτόν’
1135 4741 1292 4814 δῆλον
1340 4743 1382 4795 δ’
1403 4745 1484 4796 ὅτι
1541 4742 1630 4796 τὸν
1675 4740 1866 4796 Σαούλ·

297 4837 490 4893 τούτου
530 4835 687 4908 χάριν
719 4836 794 4898 ὡς
821 4832 1219 4904 ἀποδεξαμένου
1247 4833 1340 4886 τοῦ
1374 4830 1506 4885 Θεοῦ
1534 4833 1632 4903 τὴν
1668 4842 1868 4903 φωνην,

300 4930 580 5001 ἀκρότητα
634 4926 982 4992 ἀνεξικακίας
1022 4926 1411 4997 περιέχουσαν,
1450 4926 1507 4978 ἐν
1545 4925 1730 4996 μνήμῃ
1767 4924 1872 4978 τῶν

300 5020 477 5085 οὕτως
506 5018 999 5090 ἐπιγεγραμμένων
1035 5016 1265 5088 ψαλμῶν
1322 5015 1668 5089 παρελήφθη.
1718 5017 1774 5069 '0
1816 5016 1873 5068 δὲ

302 5113 665 5185 πεντηκοστὸς
711 5111 897 5180 ὃγδοος
945 5109 1209 5181 περιέχων
1248 5108 1329 5172 τὸ,
1355 5128 1375 5159 ε
1403 5108 1492 5177 Μὴ
1516 5107 1829 5180 διαφθείρῃς
1855 5148 1871 5173 9

298 5205 466 5259 ὁπότε
519 5203 803 5257 ἀπέστειλε
827 5201 1020 5266 Σαοὺλ,
1045 5202 1138 5255 καὶ
1170 5198 1395 5270 ἐφύλαξε
1428 5199 1521 5253 τὸν
1539 5195 1684 5254 οῐκον
1709 5199 1873 5254 αὐτοῦ

299 5295 399 5350 τοῦ
432 5294 738 5350 Θανατῶσαι
772 5293 935 5349 αὑτὸν
959 5332 975 5357 ,
1010 5311 1028 5344 ι
1059 5292 1204 5346 ἔοικε
1240 5291 1566 5364 πρόσταγμα
1600 5291 1873 5365 περιέχειν

298 5386 397 5442 τοῦ
423 5386 559 5440 Θεοῦ
588 5384 682 5438 τοῦ
727 5384 800 5456 μή
848 5382 1256 5455 συγχωροῦντος
1296 5384 1407 5445 τοῖς
1450 5381 1876 5452 ἀπεσταλμένοις

305 5479 445 5550 ὑπὲρ
470 5477 564 5531 τοῦ
593 5476 897 5547 διαφθεῖραι
931 5476 1023 5530 τὸν
1055 5473 1215 5528 Δαυῖδ
1235 5472 1341 5526 ὑπὸ
1369 5471 1464 5525 τοῦ
1499 5470 1691 5525 Σαούλ.
1727 5471 1877 5542 Τάχα

301 5570 350 5625 δ’
382 5569 448 5624 ἂν
487 5570 585 5642 τὴν
614 5569 781 5641 αὐτὴν
802 5569 913 5641 ἔχει
934 5568 1173 5623 διάνοιαν
1200 5568 1292 5622 καὶ
1317 5569 1345 5621 6
1373 5564 1761 5635 ἑϐδομηκοστὸς
1786 5566 1876 5618 τέ-

1976 4472 2143 4525 habet
2171 4471 2217 4500 "
2256 4488 2269 4523 :
2307 4488 2326 4521 ‹
2365 4468 2444 4523 Ne
2491 4469 2794 4539 disperdas,
2828 4469 3043 4540 quando
3098 4472 3245 4524 misit
3303 4470 3431 4527 Saul
3483 4483 3540 4528 et

1977 4561 2269 4617 custodivit
2297 4561 2515 4614 domum
2550 4561 2668 4630 ejus
2691 4571 2748 4615 ut
2774 4577 2897 4616 eum
2934 4562 3290 4631 interﬁceret,
3327 4582 3346 4615 ›
3385 4565 3538 4619 vide-

1978 4661 2066 4706 tur
2092 4652 2374 4706 continere
2396 4661 2723 4720 praeceptum
2757 4651 2848 4706 Dei
2894 4654 2982 4722 qui
3033 4669 3138 4708 non
3188 4656 3432 4725 permisit
3480 4666 3542 4711 ut

1977 4746 2069 4813 qui
2098 4760 2127 4798 a
2146 4743 2274 4797 Saul
2302 4744 2451 4798 missi
2476 4752 2653 4808 erant,
2679 4742 3048 4799 interﬁcerent
3070 4746 3256 4802 David.
3278 4747 3538 4803 Eumdem

1983 4836 2120 4892 forte
2153 4850 2371 4891 sensum
2421 4837 2582 4906 habet
2616 4846 2670 4893 et
2719 4840 3145 4908 septuagesimus
3174 4850 3400 4907 quartus
3446 4842 3539 4910 qui

1980 4928 2143 4984 simili
2189 4929 2348 4983 modo
2378 4947 2396 4979 ι
2431 4928 2609 4999 Asaph
2643 4948 2662 4981 ι
2695 4930 2985 4999 inscriptus
3018 4940 3121 4985 est.
3148 4930 3542 5002 Nonagesimus

1977 5021 2186 5091 primus
2223 5020 2313 5087 qui
2341 5039 2360 5072 ι
2388 5018 2606 5075 Sabbati
2648 5041 2666 5074 ι
2695 5022 2983 5091 inscriptus
3007 5029 3109 5086 est,
3136 5022 3454 5077 exhortatur
3475 5025 3541 5076 ad

1975 5123 2279 5169 conventus
2308 5114 2554 5167 studiose
2591 5112 3016 5182 t'requentandos
3045 5114 3133 5169 ubi
3169 5113 3449 5168 meditatio
3484 5113 3543 5165 ﬁt

1977 5206 2283 5260 divinorum
2306 5205 2668 5275 eloquiorum,
2702 5215 2757 5260 et
2788 5218 2972 5276 postea
3006 5204 3105 5262 Dei
3151 5206 3337 5260 laudes
3365 5205 3542 5258 conti-

1975 5307 2085 5353 net.
2117 5298 2206 5351 Ait
2232 5299 2412 5367 itaque
2442 5298 2487 5330 ⁷³
2512 5314 2526 5352 :
2556 5316 2576 5348 ι
2616 5298 2697 5353 Ad
2730 5299 3155 5353 annuntiandum
3184 5312 3346 5351 mane
3369 5296 3536 5349 mise-

1978 5391 2269 5444 ricordiam
2315 5400 2495 5457 tuam,
2528 5401 2584 5446 et
2611 5394 2892 5448 veritatem
2935 5402 3081 5444 tuam
3109 5405 3206 5459 per
3235 5401 3466 5442 noctem.
3515 5406 3535 5438 ι

1978 5482 2044 5535 Ει
2075 5497 2263 5537 rursus
2292 5482 2339 5513 “
2377 5500 2391 5536 :
2431 5502 2450 5535 ‹
2487 5482 2722 5537 Plantati
2754 5484 2806 5536 in
2842 5484 3001 5538 domo
3032 5480 3266 5545 Domini,
3293 5479 3345 5536 in
3382 5479 3540 5532 atriis

1981 5572 2073 5626 Dei
2113 5574 2281 5629 nostri
2336 5572 2603 5629 ﬂorebunt
2656 5574 2837 5645 520.
2870 5595 2887 5627 ι
2928 5573 3323 5642 Nonagesimus
3367 5587 3540 5627 nonus

381 5682 427 5714 ⁸⁸
452 5680 640 5738 Matth.
665 5696 743 5744 ιι,
766 5680 857 5736 29.
934 5679 978 5712 ‘9
995 5678 1083 5733 Ps.
1119 5695 1204 5747 ιν,
1229 5677 1281 5734 2.
1343 5678 1388 5709 "°
1406 5676 1492 5733 Ps.
1511 5692 1620 5748 LVI,
1644 5677 1697 5733 4.
1773 5679 1816 5710 ⁷³
1843 5679 1876 5734 Ρ

1976 5693 2171 5745 tum,
2195 5679 2247 5733 4.
2310 5680 2354 5711 ⁷⁸
2380 5678 2467 5733 Ps.
2498 5695 2647 5748 LVIII,
2675 5684 2718 5735 l.
2786 5682 2937 5737 "Ps.
2967 5696 3076 5743 ιω,
3104 5680 3157 5735 5.
3221 5682 3416 5739 "ibid.
3454 5680 3538 5733 14.

513 5772 786 5834 Ρλτιιοι..
820 5773 939 5838 Gn.
982 5770 1127 5835 XII.

3192 5771 3272 5831 ΒΑ
