4046 6152
556 249 687 303 1067

1943 240 2033 295 EX
2069 237 2368 294 ORIGENE

3644 252 3778 307 i068

553 369 645 438 qui
706 364 1066 423 inscribiturc
1111 361 1164 416 in
1214 361 1647 426 confessionem,
1680 378 1699 412 ι
1749 374 1870 414 cum
1922 356 2102 411 ait":

2214 370 2407 426 ταρτος
2448 352 2538 408 τὸν
2575 354 2757 425 ὅμοιον
2808 356 3003 429 τρόπον
3041 378 3059 410 ι
3098 359 3174 431 τῷ
3201 361 3371 430 Ἀσάφ
3398 381 3415 413 ι
3449 364 3783 440 ἐπιγεγραμ-

556 479 577 513 ι
611 461 728 530 Ipse
760 457 885 512 fecit
914 471 1010 510 nos
1038 465 1094 510 et
1126 469 1229 509 non
1262 454 1361 524 ipsi
1401 467 1522 518 nos,
1564 472 1582 505 ι
1615 453 1870 507 virtutem
1901 449 2115 506 confes-

549 552 717 608 siOnis
734 549 1095 608 commendat,
1123 546 1265 615 quod
1293 545 1424 600 nihil
1441 560 1539 599 nos
1558 560 1587 599 a
1611 544 1767 599 nobis
1795 544 2112 606 habeamus,

549 643 642 700 sed
669 622 996 710 quidquidin
1016 638 1266 692 nobisest
1289 637 1438 703 boni,
1464 637 1514 691 id
1546 637 1660 704 ipse
1696 633 1906 690 fecerit.
1927 634 2116 691 Trice-

548 735 719 791 simus
737 734 925 787 tertius
941 730 1183 800 psalmus
1195 730 1284 798 qui
1308 728 1596 798 inscriptus
1610 739 1708 791 est,
1724 746 1743 779 ί
1765 727 1972 795 Davidi,
1991 742 2111 781 cum

548 823 858 883 immutavit
884 824 1094 877 vultum
1123 836 1280 876 suum
1315 834 1499 875 coram
1526 818 1843 874 Abimelech
1865 819 1936 885 ⁷³,
1978 837 1998 871 ι
2027 818 2113 872 vi-

547 921 705 976 detur
728 931 852 972 eum
883 915 974 984 qui
1019 915 1072 968 in
1115 913 1289 981 primo
1321 911 1458 966 libro
1486 911 1692 978 Regum
1728 909 1928 965 dicitur
1957 908 2115 964 Achi-

546 1008 778 1072 melech,
839 1021 1036 1062 vocare
1092 1002 1429 1067 Ahimelech,
1487 1001 1778 1056 elementis
1837 999 2113 1055 hebraicis

545 1102 694 1172 Caph
721 1110 772 1155 et
804 1098 936 1154 Beth
963 1096 1185 1151 multam
1212 1094 1354 1149 inter
1376 1110 1433 1149 se
1457 1094 1862 1149 similitudinem
1885 1107 2109 1147 servan-

549 1194 715 1258 tibus,
750 1200 809 1246 ut
854 1189 988 1246 nihil
1035 1204 1066 1242 a
1119 1201 1179 1242 se
1217 1187 1451 1242 invicem
1480 1184 1757 1253 diﬁerant,
1814 1185 1918 1240 nisi
1952 1181 2107 1240 brevi

490 1274 493 1277 ’
548 1287 837 1342 admodum
876 1282 1068 1340 calami
1101 1282 1286 1335 ductu.
1324 1278 1559 1335 Historia
1590 1278 1907 1334 sichabet'"
1939 1295 1953 1331 :
1987 1295 2006 1329 ‹
2044 1277 2112 1331 Et

545 1382 696 1436 venit
742 1378 909 1434 David
958 1378 1013 1432 in
1052 1374 1313 1429 Nomman
1366 1373 1431 1428 ad
1466 1371 1815 1427 Achimelech
1850 1370 2108 1425 sacerdo-

549 1481 679 1535 tem,
703 1482 756 1526 et
781 1469 1062 1539 obstupuit
1092 1466 1437 1521 Achimelech
1477 1465 1542 1517 ad
1571 1464 1859 1518 adventum
1895 1460 2029 1529 ejus,
2054 1469 2110 1514 et

546 1565 683 1619 dixit
713 1563 760 1618 ei
794 1580 807 1615 :
837 1560 1014 1628 Quare
1062 1568 1117 1612 tu
1154 1549 1327 1621 solus,
1363 1566 1417 1611 et
1451 1555 1629 1609 nullus
1671 1562 1757 1609 est
1797 1553 2009 1608 tecum?
2042 1553 2107 1606 Et

545 1657 683 1709 dixit
737 1655 784 1708 ei
833 1652 998 1707 David
1031 1668 1044 1704 :
1084 1650 1200 1704 Rex
1236 1649 1488 1718 praecepit
1520 1647 1648 1701 mihi
1690 1645 1853 1700 hodie
1896 1658 2101 1698 sermo-

443 1776 447 1783 ι
546 1763 696 1810 nem,
735 1755 790 1801 et
819 1745 953 1799 dixit
981 1743 1109 1797 mihi
1142 1757 1156 1796 :
1189 1740 1362 1795 Nemo
1393 1741 1530 1795 sciat
1557 1753 1669 1792 rem
1704 1747 1922 1806 pr0pter
1947 1750 2105 1805 quam

548 1841 707 1894 mitto
733 1849 809 1900 te,
837 1846 892 1891 et
922 1833 1220 1904 cujusmodi
1271 1839 1535 1901 praecepta
1589 1827 1683 1882 tibi
1736 1826 1995 1881 dederim.
2044 1824 2111 1879 Et

541 1931 729 2003 pueris
758 1927 1057 2001 signiﬁcavi
1096 1927 1146 1981 in
1191 1924 1312 1978 loco
1346 1922 1492 1977 dicto
1524 1920 1620 1974 Dei
1651 1920 1803 1988 ﬁdes,
1844 1915 2108 1971 Philmoni

544 2023 775 2080 Almoni.
828 2022 892 2075 Et
938 2034 1079 2072 nunc
1121 2017 1166 2071 si
1216 2024 1342 2071 sunt
1386 2014 1488 2069 sub
1534 2027 1692 2066 manu
1735 2021 1824 2065 tua
1867 2010 2108 2080 quinque

545 2129 735 2185 panes,
770 2119 835 2166 da
863 2111 914 2163 in
953 2122 1170 2163 manum
1205 2120 1378 2159 meam
1410 2103 1552 2173 quod
1594 2100 1888 2156 inveneris.
1926 2099 1993 2153 Et
2026 2115 2109 2153 re-

545 2206 767 2277 spondit
809 2201 1087 2266 sacerdos,
1117 2209 1172 2252 et
1198 2196 1335 2251 dixit
1362 2212 1375 2249 :
1406 2195 1521 2249 Non
1554 2201 1677 2248 sunt
1703 2207 1869 2261 panes
1893 2190 2105 2261 profani

542 2297 644 2353 sub
671 2310 829 2350 manu
869 2308 1007 2353 mea.
1040 2289 1134 2343 sed
1168 2297 1377 2342 tantum
1422 2300 1589 2357 panes
1626 2283 1802 2339 sancti
1835 2300 1850 2336 :
1878 2282 1923 2338 si
1954 2280 2105 2350 pueri

540 2390 726 2449 mundi
770 2395 945 2443 sunta
979 2382 1224 2445 muliere,
1251 2390 1304 2434 et
1344 2377 1762 2433 manducabunt.
1798 2375 1863 2429 Et
1884 2389 2106 2444 respon-

544 2486 626 2541 dit
652 2481 820 2536 David
854 2473 1120 2533 sacerdoti
1152 2483 1205 2528 et
1239 2472 1375 2526 dixit
1410 2470 1458 2524 ci
1491 2469 1787 2537 :Equidem
1822 2482 1851 2523 a
1879 2467 2106 2521 muliere

540 2575 907 2635 continuimus
957 2585 1056 2626 nos
1098 2570 1164 2622 ab
1224 2565 1339 2622 heri
1378 2574 1432 2618 et
1468 2563 1663 2618 nudius
1708 2563 1924 2617 tertius.
1968 2560 2103 2614 Cum

539 2671 745 2726 exirem
787 2667 840 2720 in
873 2665 1044 2728 viam,
1077 2660 1201 2715 facti
1242 2667 1366 2733 sunt
1405 2670 1597 2711 omnes
1629 2653 1781 2722 pueri
1806 2652 1960 2708 casti.
1997 2650 2101 2706 Sed

538 2762 657 2818 btec
684 2761 767 2814 via
799 2757 1004 2829 polluta
1027 2762 1144 2818 est;
1178 2751 1299 2805 ideo
1338 2749 1500 2802 hodie
1533 2744 1960 2801 sanctificabitur
1982 2757 2104 2811 pro-

536 2863 659 2925 pter
688 2866 835 2906 vasa.
873 2849 939 2903 Et
983 2845 1126 2902 dedit
1156 2844 1203 2898 ei
1242 2837 1589 2897 Achimelcch
1634 2839 1889 2890 sacerdos
1939 2849 2103 2903 panes

535 2941 953 3017 propositionis,
986 2939 1113 3008 quia
1149 2951 1250 2991 non
1299 2942 1415 2988 erat
1463 2932 1626 3002 panis
1672 2930 1767 2991 ibi,
1802 2929 1901 2982 nisi
1934 2942 2102 2996 panes

536 3037 715 3097 faciei,
741 3034 833 3105 qui
861 3031 1055 3086 sublati
1090 3029 1312 3083 fuerunt
1342 3041 1370 3078 a
1401 3024 1541 3077 facie
1577 3021 1812 3081 Domini,
1850 3030 1905 3071 ιιι
1934 3034 2097 3087 appo-
2126 3038 2171 3099 ρ

538 3136 761 3183 neretur
817 3121 976 3192 panis
1029 3118 1254 3178 calidus,
1297 3117 1350 3169 in
1399 3114 1488 3168 die
1530 3127 1633 3182 qua
1681 3110 1886 3180 accepit
1923 3123 2039 3163 eos.
2075 3127 2094 3160 ι

536 3220 715 3287 Atque
746 3216 862 3270 haec
892 3210 1141 3266 historia.
1178 3208 1282 3262 Pro
1334 3221 1401 3261 eo
1438 3215 1620 3258 autem
1650 3201 1791 3270 quod
1840 3201 2099 3269 scriptum

535 3322 619 3366 est
649 3323 666 3363 :
700 3327 719 3361 ι
754 3306 809 3362 In
839 3305 958 3359 loco
988 3301 1077 3372 qui
1109 3300 1306 3354 dicitur
1330 3298 1421 3352 Dei
1460 3296 1590 3350 ﬁdes
1621 3294 1885 3348 Philmoni
1919 3293 2101 3346 Almo~

537 3404 614 3469 ni,
642 3421 660 3454 ι
680 3397 873 3469 Aquila
902 3396 1104 3450 vertit:
1127 3413 1143 3446 ι
1166 3395 1244 3448 Ad
1268 3393 1445 3447 locum
1472 3390 1620 3444 hunc
1642 3387 1723 3443 vel
1748 3386 1922 3447 illum,
1942 3385 2099 3454 hujus

535 3497 619 3552 vel
644 3495 803 3559 alius,
826 3511 845 3546 ι
865 3487 1224 3546 autabsolute
1246 3504 1265 3537 ι
1289 3485 1354 3538 ad
1385 3483 1559 3537 locum
1584 3482 1725 3536 hunc
1755 3477 1838 3533 vel
1867 3477 2044 3544 illum;
2074 3496 2092 3528 ι

537 3586 898 3659 Symmachus
930 3591 1138 3637 autem:
1160 3578 1276 3632 (Ad
1306 3573 1612 3646 quempiam
1643 3570 1859 3659 locum.
1882 3586 1917 3659 ιλ
1941 3565 2100 3621 Vide-

538 3657 626 3738 tur
649 3693 781 3748 ergo
808 3675 998 3731 titulus
1041 3669 1234 3742 psalmi
1272 3667 1357 3723 vel
1387 3664 1701 3721 simulatum
1736 3657 1952 3713 Davidis
1981 3670 2097 3748 ser-

537 3746 749 3826 monem
774 3769 837 3822 ad
856 3765 1190 3822 sacerdotem
1220 3760 1463 3814 indicare
1478 3755 1562 3810 his
1577 3746 2097 3815 verbis7'uQuando

536 3861 841 3918 immutavit
892 3856 1094 3911 vultum
1124 3868 1284 3908 suum
1337 3862 1520 3905 coram
1559 3842 1909 3905 Abimelech;
1954 3859 1973 3892 ι
2014 3838 2096 3893 vel

534 3951 965 4009 immutationem
998 3945 1177 3999 faciei.
1206 3944 1542 4012 Quapropter
1594 3934 1950 4007 Symmachus
1973 3930 2047 3984 ait
2076 3944 2090 3978 :

539 4066 557 4099 ι
597 4044 821 4111 Quando
851 4037 1262 4095 transformavit
1306 4033 1512 4087 vultum
1541 4043 1699 4085 suum
1734 4040 1917 4081 coram
1966 4021 2097 4077 Abi-

534 4133 766 4190 melech.
799 4149 817 4181 ι
846 4128 1034 4199 Aquila
1054 4140 1183 4180 vero
1211 4141 1226 4178 :
1250 4141 1270 4177 ι
1295 4121 1519 4189 Quando
1547 4116 1852 4171 immutavit
1880 4121 2094 4181 gustum

532 4241 712 4284 suum.
745 4243 763 4275 ι
788 4222 996 4277 idcirco
1014 4219 1177 4273 etiam
1198 4210 1589 4285 progressusin
1620 4207 1828 4276 psalmo
1856 4215 2093 4264 sacrum,

531 4329 589 4372 ut
622 4316 854 4377 videtur,
908 4311 1087 4366 cibum
1141 4306 1386 4361 indicans
1433 4303 1510 4355 ait
1541 4300 1585 4332 τ’
1634 4313 1649 4350 :
1695 4316 1713 4349 ι
1765 4295 1992 4350 Gustale
2040 4301 2094 4346 et

530 4410 706 4464 videte
733 4404 989 4475 quoniam
1023 4398 1208 4454 suavis
1253 4404 1336 4450 est
1380 4391 1661 4448 Dominus.
1705 4408 1725 4441 ι
1764 4386 1929 4442 Forte
1957 4399 2087 4453 ergo
2121 4367 2171 4428 Β

530 4502 597 4556 ad
633 4500 956 4570 gustandum
1018 4492 1085 4546 de
1134 4488 1356 4545 Christo
1397 4485 1723 4545 adhortans,
1776 4480 1860 4535 his
1913 4475 2093 4570 verbis

530 4567 809 4647 indicabat
866 4597 1064 4655 corpus
1116 4579 1255 4649 ejus,
1314 4577 1403 4632 cui
1451 4577 1631 4631 inerat
1682 4571 1821 4639 legis
1874 4567 2093 4639 symbo-

530 4684 673 4749 lum,
735 4695 857 4735 cum
918 4673 1349 4732 eucharisticum
1405 4668 1614 4725 Christi
1665 4678 1865 4733 corpus
1923 4674 2091 4730 panes

530 4772 910 4848 propositionis
947 4763 1389 4837 comprehendat.
1428 4761 1524 4815 Est
1585 4768 1639 4813 et
1681 4758 1783 4811 alia
1832 4755 2087 4848 immuta-

530 4845 606 4924 lio
646 4865 812 4920 David
843 4863 911 4930 ⁸⁸,
960 4860 1255 4916 secundum
1303 4868 1464 4923 quam
1521 4848 1825 4906 immutavit
1879 4845 2084 4899 vultum

528 4975 684 5017 suum
744 4972 924 5012 coram
959 4953 1180 5008 Auchus
1216 4962 1341 5019 rege
1388 4945 1524 5001 Geth
1559 4944 1881 5013 alienigena,
1924 4940 2079 5011 521

528 5050 848 5108 dementiam
902 5043 1181 5101 simulans.
1253 5039 1358 5094 Sed
1421 5053 1526 5093 non
1593 5036 1808 5089 videtur
1851 5034 2090 5102 psalmus

527 5144 668 5199 hanc
732 5139 787 5193 in
848 5134 1103 5207 praesenti
1169 5130 1598 5187 immutationem
1660 5125 1918 5180 indicare.
1982 5125 2087 5179 Alii

525 5235 616 5305 qui
663 5231 866 5286 nullum
909 5226 1108 5282 habent
1140 5222 1377 5286 titulum,
1426 5221 1479 5276 id
1511 5228 1592 5275 est
1619 5218 1710 5288 qui
1758 5230 1933 5287 neque
1960 5230 2087 5270 can-

523 5326 639 5388 tici,
668 5336 840 5393 neque
873 5317 1078 5390 hymni,
1109 5328 1285 5384 neque
1311 5312 1524 5382 psalmi,
1558 5326 1735 5379 neque
1765 5308 2087 5363 modulatio-

525 5419 628 5480 nis,
656 5430 828 5485 neque
851 5409 1196 5476 laudationis,
1229 5421 1400 5476 neque
1430 5404 1711 5470 orationis,
1736 5417 1909 5471 neque
1940 5400 2077 5456 alius

525 5508 824 5578 cuiuspiam
875 5505 950 5560 rei
1000 5503 1191 5560 similis
1227 5500 1441 5555 nomine
1481 5496 1889 5559 inscribuntur,
1922 5493 2077 5550 utilia

593 5689 638 5721 "
664 5686 751 5742 Ps.
786 5698 928 5750 xcrx,
962 5681 1014 5737 '5.
1090 5681 1135 5713 ⁷⁸
1151 5679 1241 5736 Ps.
1265 5692 1460 5744 xxxur,
1484 5674 1536 5731 1.
1611 5676 1655 5710 ⁷⁷
1680 5673 1698 5728 l
1720 5673 1850 5743 Reg.
1881 5688 1996 5743 XXI,
2022 5670 2048 5726 1
2072 5685 2100 5727 e

2203 5682 2296 5738 qq.
2371 5666 2813 5732 "Ps.xxxm,l.
2889 5667 2935 5698 ⁷⁸
2960 5664 3091 5721 ibid.
3116 5665 3168 5721 9.

2220 445 2397 516 μένος.
2444 444 2501 499 Ὀ
2546 448 3038 519 ἐπιγεγραμμένος,
3077 470 3094 502 ‹
3117 450 3210 504 τοῦ
3261 452 3537 507 Σαϐϐἀτου
3562 495 3576 521 ,
3616 475 3635 508 ι
3672 459 3782 511 ἐνε-

2216 535 2475 606 νηκοστὸς
2508 536 2721 607 πρῶτος
2744 539 3055 611 προτροπὴν
3087 540 3196 611 ἔχει
3220 543 3521 608 σπουδαίως
3546 547 3784 620 ἀπαντᾷν

2215 628 2295 688 είς
2326 624 2423 690 τὰς
2447 627 2693 695 συνάξεις
2721 629 2822 700 τῆς
2852 631 3082 703 μελέτης
3107 632 3212 687 τῶν
3237 634 3395 688 θείων
3429 636 3780 708 μαθημάτων,

2214 718 2308 771 καὶ
2344 717 2484 789 μετά
2513 720 2687 773 ταῦτα
2704 720 3031 791 δοξολογίαν.
3057 723 3216 792 Λέγει
3241 725 3285 778 δ’
3311 723 3424 779 οὖν’
3454 745 3474 777 ι
3496 725 3601 781 Τοῦ
3625 731 3783 799 ἀναγ-

2215 810 2423 879 γέλλειν
2457 811 2518 865 τὸ
2548 811 2694 883 πρωῒ
2722 814 2780 866 τὸ
2800 813 2944 879 ἔλεός
2986 833 3099 875 σου.
3130 817 3222 869 καὶ
3260 820 3359 890 τὴν
3397 819 3654 891 ἀλήθειάν
3696 838 3781 875 σου

2213 902 2354 955 κατά
2383 902 2570 957 νύκτα.
2600 922 2617 954 ι
2645 905 2754 957 Kal
2776 905 2963 960 πάλιν·
3005 926 3024 959 ι
3051 908 3454 980 Πεφυτευμένοι
3478 913 3536 964 ἐν
3554 912 3633 982 τῷ
3655 913 3782 984 οἴκῳ

2212 994 2440 1064 Κυρίου,
2467 996 2524 1047 ἐν
2545 998 2662 1059 ταῖς
2679 997 2867 1061 αὐλαῖς
2882 996 2975 1050 τοῦ
3003 997 3137 1052 Θεοῦ
3161 1001 3192 1071 ἡ
3201 1000 3317 1071 μῶν
3345 992 3779 1074 ἐξανθήσουών.»

2227 1084 2285 1137 '0
2311 1087 2658 1158 ἐνενηκοστὸς
2704 1087 2920 1153 ἕννατος
2950 1091 3423 1163 ἐπιγεγραμμένος
3458 1113 3477 1145 ι
3501 1096 3579 1158 είς
3608 1094 3782 1165 ἐξομο-

2210 1175 2432 1252 λόγησιν
2462 1196 2479 1228 ι
2533 1176 2771 1231 διδάσκει
2807 1180 3029 1248 φάσκων
3049 1198 3062 1211 ·
3101 1201 3119 1231 ι
3147 1184 3318 1247 Αὐτὸς
3350 1185 3610 1256 ἐποίησεν
3640 1189 3781 1257 ἡμᾶς

2210 1268 2304 1319 καὶ
2344 1269 2442 1339 οὐχ
2487 1271 2676 1341 ἡμεῖς’
2716 1288 2734 1319 ι
2785 1268 2886 1342 τὴν
2932 1270 3163 1343 δύναμιν
3206 1277 3305 1345 τῆς
3351 1272 3780 1348 ἐξομολογήσεως

2210 1362 2445 1431 παριστᾷ
2471 1400 2485 1425 ,
2520 1363 2601 1414 ὅτι
2643 1360 2809 1432 μηδὲν
2849 1364 3012 1433 ἡμεῖς
3061 1366 3155 1434 ἀφ’
3187 1365 3395 1419 ἑαυτῶν
3431 1369 3777 1440 κεκτήμεθα,

2208 1450 2321 1503 ἀλλ’
2353 1452 2380 1504 ὃ
2406 1469 2456 1504 τι
2490 1454 2617 1506 ποτέ
2656 1457 2771 1507 ἐστι
2813 1456 2939 1525 περὶ
2974 1458 3118 1527 ἡμᾶς
3154 1457 3379 1527 ἀγαθὸν,
3423 1460 3582 1512 τοῦτο
3627 1460 3780 1525 αὑτὲς

2209 1542 2482 1613 ἐποίησεν.
2529 1545 2585 1599 ’0
2630 1547 2948 1617 τριακοστὸς
2977 1547 3157 1618 τρίτος
3184 1549 3395 1620 ψαλμὸς
3440 1553 3779 1624 ἐπιγεγραμ-

2218 1635 2396 1706 μένος,
2433 1653 2451 1685 ‹
2588 1633 2768 1697 Δαυῒδ,
2801 1636 2962 1689 ὁπότε
2988 1636 3241 1705 ὴλλοίωσε
3273 1637 3333 1689 τὸ
3364 1637 3659 1708 πρόσωπον
3690 1642 3778 1690 αὐτ

2218 1726 2307 1779 τοῦ
2360 1728 2601 1780 ἐναντίον
2639 1727 2960 1799 Ἀϐιμέλεχ,
3008 1747 3026 1780 ι
3070 1727 3211 1781 ἔοικε
3261 1729 3351 1781 τὸν
3388 1731 3447 1781 ἐν
3482 1732 3548 1798 τῇ
3591 1728 3779 1799 πρώτῃ

2217 1820 2324 1872 τῶν
2374 1818 2668 1872 Βασιλειῶν
2730 1821 3013 1891 Ἀχιμέλεχ
3063 1820 3445 1890 ὠνομασμένον
3495 1821 3783 1890 Ἀϐιμέλεχ

2209 1911 2529 1966 ἀποκαλεῖν⁸
2577 1913 2685 1967 τῶν
2734 1915 3013 1986 στοιχείων
3064 1918 3190 1986 παρ’
3231 1915 3521 1987 Ἑϐραίοις,
3554 1917 3702 1986 λέγω
3726 1916 3777 1969 δὲ

2206 2002 2300 2055 τοῦ
2344 2002 2454 2073 χὰφ
2489 2003 2704 2058 καὶτοῦ
2740 2005 2862 2076 βὴθ,
2901 2006 3100 2076 πολλὴν
3129 2007 3421 2079 ὁμοιότητα
3464 2009 3775 2074 σωζόντων.

2207 2094 2282 2160 ὡς
2312 2097 2453 2151 κατὰ
2483 2097 2647 2169 μηδὲν
2676 2097 2918 2168 ἀλλήλων
2962 2098 3315 2164 διαλλάττειν,
3349 2101 3381 2170 ἦ
3414 2100 3650 2173 βραχείᾳ.
3689 2117 3777 2154 κε-

2210 2188 2335 2259 ραίᾳ
2359 2188 2515 2260 μόνῃ.
2537 2190 2689 2260 Ἔχει
2714 2190 2758 2243 δ’
2785 2186 2878 2244 οὖν
2906 2191 2938 2262 ἡ
2974 2190 3180 2262 ἱστορία
3204 2190 3376 2256 οὕτως
3395 2209 3408 2221 ·
3451 2213 3468 2244 ι
3495 2194 3604 2246 Kal
3626 2194 3780 2265 ἔρχε-

2211 2299 2300 2335 ται
2326 2281 2488 2335 Δαυῒδ
2518 2284 2597 2346 εἰς
2627 2284 2861 2354 Νομμᾶν
2884 2283 3017 2355 πρὸς
3055 2284 3340 2355 Ἀχιμέλεχ
3361 2286 3452 2338 τὸν
3487 2287 3662 2359 ἱερέα,
3690 2290 3777 2341 καί

2212 2372 2403 2446 ἐξέστη
2452 2375 2739 2446 Ἀχιμέλεχ
2778 2378 2842 2446 τῇ
2891 2377 3189 2447 ἀπαντήσει
3232 2376 3425 2442 αὐτοῦ,
3485 2378 3577 2431 καὶ
3625 2375 3776 2432 εἶπεν

2205 2465 2385 2537 αὐτῷ·
2425 2467 2488 2520 Τί
2525 2468 2604 2520 ὅτι
2639 2470 2702 2521 σὺ
2739 2469 2932 2539 μόνος,
2972 2468 3064 2522 καὶ
3104 2468 3277 2532 οὐδεὶς
3320 2468 3457 2539 μετά
3500 2469 3634 2536 eoi};
3671 2471 3776 2524 Kal

2204 2551 2355 2610 εἶπεν
2384 2557 2532 2629 αὐτῷ
2559 2558 2748 2613 Δαυῒδ’
2784 2560 2842 2611 Ὁ
2878 2558 3130 2628 βασιλεὺς
3179 2559 3490 2613 ἐντέταλταί
3549 2578 3639 2631 μοι
3684 2562 3776 2632 σή-

2207 2666 2372 2720 μερον
2399 2650 2570 2720 ῥῆμα,
2598 2650 2691 2703 καὶ
2716 2645 2835 2703 εἴπέ
2863 2667 2970 2720 μοι’
2996 2650 3087 2721 Μὴ
3113 2650 3305 2719 γνώτω
3328 2651 3513 2722 μηδεὶς
3540 2650 3602 2704 τὸ
3622 2655 3773 2724 ῥῆμα

2204 2742 2333 2811 περὶ
2370 2732 2430 2792 οὗ
2465 2739 2574 2809 ἐγὼ
2603 2740 2913 2793 ἀποστέλλω
2961 2757 3039 2804 σε,
3080 2741 3174 2794 καὶ
3217 2742 3345 2812 περὶ
3386 2734 3447 2795 οὗ
3487 2739 3597 2810 ἐγὼ
3627 2739 3775 2794 ἐντέ-

2202 2831 2403 2903 ταλμαί
2430 2849 2531 2887 σοι.
2557 2833 2666 2886 Kal
2682 2834 2794 2896 τοῖς
2818 2830 3124 2902 παιδαρίοις
3156 2831 3582 2905 μεμαρτύρημαι
3610 2833 3672 2886 ἐν
3697 2830 3774 2904 τῷ

2201 2923 2351 2995 τόπῳ
2373 2922 2447 2994 τῷ
2466 2923 2743 2995 λεγομένῳ
2774 2923 2920 2977 Θεοῦ
2950 2923 3173 2989 πίστις,
3201 2922 3460 2992 Φιλμωνὶ
3501 2922 3766 2993 Ἁλμωνί.

2201 3015 2310 3068 Kal
2334 3015 2427 3069 νῦν
2460 3018 2507 3069 εἰ
2540 3016 2674 3069 εἰσὶν
2713 3015 2818 3069 ὑπὸ
2856 3016 2953 3086 τὴν
2979 3015 3134 3086 χεῖρά
3164 3031 3255 3066 σου
3284 3014 3443 3067 πέντε
3475 3014 3649 3085 ἄρτοι,
3685 3015 3772 3080 δδς

2204 3107 2283 3164 είς
2304 3107 2460 3178 χεῖρά
2490 3124 2589 3178 μου
2617 3107 2676 3161 τὸ
2704 3107 2944 3178 εὑρεθέν.
2974 3107 3081 3159 Kal
3101 3105 3371 3178 ἀπεκρίθη
3403 3109 3432 3159 ὁ
3456 3107 3766 3179 ἀρχιερεὺς,

2203 3199 2296 3251 καὶ
2349 3194 2518 3251 εἶπεν·
2564 3200 2678 3252 υὺκ
2710 3199 2845 3252 εἰσὶν
2876 3199 3029 3269 ἄρτοι
3082 3196 3301 3268 βέϐηλοι
3342 3198 3446 3250 ὑπὸ
3475 3199 3573 3271 τὴν
3613 3190 3775 3273 χεῖρά

2205 3306 2327 3360 μου,
2359 3289 2473 3344 ἀλλ’
2496 3291 2529 3361 ἢ
2555 3290 2706 3362 ἄρτοι
2750 3289 2920 3357 ἅγιον
2960 3290 3008 3341 εί
3047 3289 3161 3340 ἐστὶ
3198 3287 3267 3340 τὰ
3308 3289 3566 3361 παιδάρια
3599 3308 3770 3360 πεφυ-

2200 3382 2443 3453 λαγμένα
2498 3381 2604 3435 ἀπὸ
2645 3378 2918 3450 γυναικὸς,
2948 3378 3041 3431 καὶ
3070 3378 3320 3446 φάγεται.
3357 3379 3465 3431 Kal
3492 3380 3763 3452 ἀπεκρίθη

2199 3473 2361 3527 Δαυῖδ
2384 3471 2459 3544 τῷ
2493 3474 2757 3544 ἀρχιερεῖ,
2815 3471 2909 3525 καὶ
2952 3465 3103 3522 εἶπεν
3132 3469 3299 3539 αὐτῷ·
3349 3470 3507 3524 Ἀλλά
3533 3472 3640 3524 ἀπὸ
3667 3490 3765 3540 γυ-

2199 3567 2385 3630 ναικὸς
2412 3565 2773 3636 ἀπεσχήμεθα
2801 3563 2925 3635 χθὲς
2964 3562 3055 3616 καὶ
3085 3559 3272 3632 τρίτην
3300 3563 3531 3649 ἡμέραν.
3572 3565 3659 3617 Ἐν
3689 3565 3765 3636 τῷ

2197 3654 2428 3722 ἐξελθεῖν
2466 3673 2532 3726 με
2565 3658 2642 3718 εἰς
2680 3654 2818 3715 ὁδὸν,
2852 3653 3041 3721 γέγονε
3077 3651 3250 3704 πάντα
3296 3653 3553 3723 παιδάρια
3611 3658 3764 3727 ἡγνι-

2198 3746 2387 3818 σμένα.
2404 3746 2513 3799 Kal
2528 3744 2662 3816 αὐτὴ
2680 3747 2712 3817 ἡ
2728 3746 2843 3807 ὁδὸς
2858 3742 3100 3814 βέϐηλος,
3112 3742 3241 3795 διότι
3257 3743 3322 3813 σή
3333 3761 3395 3813 με
3405 3761 3494 3815 ρον
3511 3746 3764 3817 ἁγιασθή-

2199 3855 2349 3893 σεται
2394 3837 2481 3891 διὰ
2520 3838 2589 3891 τά
2625 3837 2811 3909 σκεύη.
2847 3838 2956 3890 Kal
3003 3834 3200 3887 ἔδωκεν
3236 3836 3383 3907 αὐτῷ
3422 3838 3708 3910 Ἀχιμέλεχ
3734 3839 3763 3890 ὁ

2199 3930 2375 4001 ἱερεὺς
2402 3932 2526 3993 τοὺς
2557 3929 2751 4000 ἄρτους
2777 3930 2875 4001 τῆς
2910 3930 3237 4001 προθέσεως,
3272 3932 3350 3984 ὅτι
3381 3930 3481 3982 οὐκ
3506 3926 3576 4001 ἦν
3603 3931 3762 4001 ἄρτος

2196 4020 2328 4083 ἐκεῖ,
2359 4018 2473 4072 ἀλλ’
2497 4020 2530 4090 ἢ
2558 4021 2606 4072 οξ
2634 4017 2785 4089 ἄρτοι
2809 4018 2901 4072 τοῦ
2936 4021 3228 4092 προσώπου
3259 4023 3306 4074 oi
3333 4020 3673 4091 ἀφῃρημένοι
3699 4022 3760 4074 ἐκ

2198 4111 2487 4183 προσώπου
2540 4111 2743 4182 Κυρίου
2784 4110 2877 4164 τοῦ
2924 4113 3293 4184 παρατεθῆναι
3323 4114 3485 4184 ἄρτον
3520 4113 3756 4185 θερμὸν,

2196 4199 2230 4278 ᾗ
2260 4204 2439 4277 ἡμέρα
2473 4203 2660 4257 ἔλαϐεν
2684 4204 2898 4268 αὐτούς.
2925 4224 2943 4255 ι
2970 4205 3155 4259 Ταῦτα
3187 4206 3282 4278 μὲν
3316 4207 3349 4276 ἠ
3386 4206 3619 4277 ἱστορίαο
3642 4205 3758 4259 ἀντὶ

2195 4295 2250 4349 δὲ
2270 4295 2383 4361 τοῦ,
2409 4316 2425 4346 ‹
2448 4297 2502 4347 ἐν
2524 4296 2602 4366 τῷ
2629 4296 2779 4366 τόπῳ
2803 4295 2879 4366 τῷ
2903 4296 3179 4368 λεγομένῳ
3213 4296 3360 4351 Θεοῦ
3389 4298 3598 4363 πίστις
3630 4300 3758 4351 Φιλ-

2190 4389 2340 4459 μωνὶ
2387 4389 2649 4457 Ἁλμωνὶ,
2676 4408 2694 4440 ι
2746 4388 2971 4452 Ἀκύλας
3011 4390 3162 4460 φησί·
3198 4409 3215 4441 ι
3247 4388 3390 4461 Πρὸς
3447 4389 3539 4442 τὸν
3596 4389 3752 4441 τόπον

2191 4479 2338 4532 τόνδε
2366 4479 2486 4533 τινὰ
2511 4479 2665 4533 τοῦδέ
2680 4497 2821 4544 τινος
2842 4498 2854 4510 ·
2870 4500 2888 4533 ι
2914 4480 2946 4551 ἢ
2967 4481 3157 4560 (γτόνδε
3175 4480 3294 4535 τινὰ
3321 4480 3636 4533 ἀδέσποτον·
3674 4499 3692 4531 ι
3726 4481 3754 4534 ὁ

2192 4571 2248 4624 δέ
2290 4571 2611 4642 Σύμμαχος”
2650 4591 2667 4622 ι
2697 4572 2791 4634 Et;
2830 4572 2920 4625 τὸν
2957 4571 3104 4625 δεῖνα
3146 4572 3329 4625 τόπον.
3361 4590 3380 4623 ι
3416 4573 3633 4626 Ἐοικεν
3664 4567 3751 4625 οὖν

2191 4666 2224 4734 ἡ
2262 4663 2354 4716 τοῦ
2389 4663 2598 4735 ψαλμοῦ
2649 4665 2937 4736 προγραφὴ
2988 4666 3089 4735 τὴν
3141 4664 3421 4722 ἀλλοίωσιν
3468 4663 3564 4717 τοῦ
3600 4663 3750 4733 λόγου

2193 4754 2353 4808 Δαυῒδ
2402 4756 2501 4825 τὴν
2552 4757 2685 4826 πρὸς
2714 4756 2803 4808 τὸν
2831 4755 2979 4828 ἱερέα
3007 4756 3293 4827 σημαίνειν
3322 4755 3409 4809 διὰ
3434 4755 3527 4809 τοῦ
3558 4757 3750 4824 φάναι·

2198 4868 2216 4900 ι
2240 4847 2427 4900 Ὁπότε
2454 4846 2712 4917 ἡλλοίωσε
2737 4847 2798 4899 τὸ
2827 4847 3117 4918 πρόσωπον
3145 4845 3307 4899 αὐτοῦ
3345 4847 3582 4899 ἐναντίον
3616 4846 3753 4899 ’Δϐι-

2195 4940 2375 5012 μέλεχο
2405 4960 2423 4993 ι
2468 4939 2501 5012 ἢ
2541 4940 2638 5011 τὴν
2684 4939 2964 4994 ἀλλοίωσιν
3004 4939 3098 4993 τοῦ
3142 4938 3456 5011 προσώπουο
3496 4939 3578 4993 διὸ
3617 4939 3752 4993 κατά

2186 5035 2276 5087 τὸν
2322 5033 2613 5105 Σύμμαχον
2665 5033 2896 5105 εἴρηται·
2958 5053 2976 5084 ί
3014 5033 3206 5085 Ὁπότε
3263 5031 3650 5102 μετεμόρφωσε
3693 5030 3751 5084 τδ

2190 5125 2474 5198 πρόσωπον
2502 5123 2666 5177 αὐτοῦ
2706 5125 2943 5178 ἐναντίον
2987 5123 3295 5195 Ἀϐιμέλεχ·
3326 5142 3344 5175 ι
3364 5126 3392 5177 ὁ
3411 5123 3466 5176 δέ
3506 5123 3747 5187 Ἀκύλας

2193 5236 2212 5268 ι
2248 5214 2376 5271 Ὅτε
2420 5215 2678 5286 ὴλλοίωσε
2718 5215 2778 5268 τὸ
2811 5215 2991 5286 γεῦμα
3022 5214 3205 5269 αὑτοῦ.
3235 5234 3252 5267 ι
3294 5215 3383 5268 Διὺ
3416 5215 3512 5268 καὶ
3552 5214 3749 5287 προῖὼν

2187 5311 2245 5364 ἐν
2273 5309 2349 5381 τῷ
2386 5308 2585 5380 ψαλμῷ
2631 5307 2728 5378 τὴν
2777 5306 2946 5378 ἱερὰν,
2988 5307 3063 5371 ώς
3090 5307 3264 5369 ἔοικε,
3288 5307 3495 5378 τροφὴν
3527 5305 3752 5360 αἰνιττό-

2189 5401 2347 5472 μενός
2375 5415 2526 5470 φησι·
2563 5418 2581 5449 ι
2607 5397 2900 5462 Γεύσασθε,
2937 5398 3030 5451 καὶ
3065 5398 3200 5450 ἴδετε
3224 5397 3307 5451 ὅτι
3334 5396 3567 5469 χρηστὸς
3590 5399 3620 5450 ὁ
3646 5395 3750 5450 Κύ-

2187 5510 2319 5566 ριος.
2344 5511 2361 5543 ι
2377 5492 2606 5563 Μήποτε
2629 5484 2719 5542 οὖν
2748 5489 2908 5542 αὐτοῦ
2925 5488 3219 5559 γεύσασθαι
3246 5488 3340 5542 τοῦ
3360 5488 3597 5560 Χριστοῦ
3615 5505 3749 5561 παρ-

3267 5666 3314 5698 ⁸⁰
3378 5661 3632 5734 ἢθελεν,
3664 5659 3742 5717 15.
