4046 6152
343 215 480 272 1089

1534 213 1835 273 SEIECTA
1874 217 1940 271 ΙΝ
1978 216 2315 276 PSALMOS.

3440 224 3580 283 1070

336 338 503 393 αινῶν
542 338 602 391 τὸ
637 337 797 409 σῶμα
843 337 1007 392 αὐτοῦ
1047 338 1133 392 διὰ
1170 338 1371 391 τούτων
1412 338 1683 410 ᾐνίττετο,
1732 334 1777 409 ᾧ
1823 342 1908 395 καὶ

2019 345 2260 405 quaedam
2286 342 2533 398 videntur
2570 342 2768 399 habere
2790 352 3077 413 praecepta,
3101 354 3155 400 et
3186 361 3464 403 sermones
3483 363 3580 403 ex-

333 430 431 486 τοῦ
464 430 629 502 νόμου
658 424 725 502 ἦν
751 430 1034 502 σύμϐολον’
1060 429 1154 483 τοῦ
1177 432 1276 501 τῆς
1303 432 1650 504 εὐχαριστίας
1677 434 1909 504 Χριστοῦ

337 522 588 595 σώματος
618 524 746 587 τοὺς
795 523 892 594 τῆς
929 521 1234 595 προθέσεως
1262 522 1458 594 ἄρτους
1495 525 1908 597 παρειληφότος.

340 617 497 670 Ἔστι
539 615 633 669 καὶ
662 614 823 686 ἑτέρα
861 614 1146 678 ἀλλοίωσις
1187 615 1280 668 τοῦ
1321 615 1514 679 Δαυῒδ,
1553 615 1673 670 καθ’
1708 616 1774 686 ἢν
1817 618 1913 687 ἡλ-

336 707 528 762 λοίωσε
560 707 621 760 τὸ
643 706 931 778 πρόσωπον
958 706 1122 760 αὐτοῦ
1147 707 1282 779 πρὸς
1313 707 1541 778 Ἀγχοῦς
1562 708 1783 778 βασιλέα
1811 710 1911 764 Γὲθ

335 800 427 854 τὸν
459 799 774 869 ἀλλόφυλον,
805 799 999 870 μανίαν
1031 800 1483 871 ὑποκρινόμενος·
1538 800 1649 853 ἀλλ’
1684 801 1783 853 οὐκ
1810 800 1913 854 ἔοι-

336 908 431 943 κεν
455 892 483 942 ὁ
513 889 726 961 ψαλμὸς
753 889 958 959 ταύτην
989 888 1081 942 ἐπὶ
1118 890 1211 942 τοῦ
1245 890 1511 960 παρόντος
1544 889 1911 960 προσαλλοίω-

338 999 422 1035 σιν
454 981 756 1052 σημαίνειν.
787 982 849 1034 Oi
881 980 937 1034 δὲ
973 982 1094 1052 μηδ’
1128 981 1294 1054 ἕτερα
1323 982 1786 1053 ἐπιγεγραμμένοι
1806 982 1911 1036 τῶν

332 1072 583 1145 ψαλμῶν,
613 1072 757 1142 λέγω
775 1071 853 1139 δὲ,
889 1074 1025 1144 μήτε
1055 1073 1186 1144 ᾠδὴ,
1220 1075 1357 1145 μήτε
1390 1074 1574 1145 ὕμνος,
1609 1075 1744 1145 μήτε
1775 1075 1910 1144 ψαλ-

336 1164 457 1237 μὸς,
486 1166 620 1237 μήτε
650 1163 966 1236 μελῲδημα,
1006 1165 1142 1235 μήτε
1182 1164 1404 1229 αίνεσις,
1445 1166 1579 1237 μήτε
1614 1166 1908 1237 προσευχὴ,

334 1260 473 1332 μήτε
506 1277 557 1313 τι
584 1257 692 1312 τῶν
715 1257 992 1322 τοιούτων,
1019 1257 1326 1328 ὠφελίμους
1363 1258 1515 1322 τινας
1538 1258 1746 1313 ἐοίκασι
1770 1259 1912 1312 διδα-

331 1351 559 1415 σκαλίας
596 1350 892 1421 περιέχειν,
945 1351 1038 1403 καὶ
1086 1350 1277 1419 λόγους
1340 1351 1756 1422 παραινετικοὺς
1816 1351 1908 1404 καὶ

332 1444 765 1516 προτρεπτικοὺς
793 1445 872 1506 εἰς
901 1442 1178 1505 εὐσεϐείας
1208 1442 1474 1513 ἀνάληψιν
1496 1459 1508 1472 ·
1554 1436 1664 1506 οἷός
1712 1444 1856 1496 ἐστιν
1882 1445 1911 1497 ὁ

330 1532 573 1597 δέκατος,
615 1535 672 1586 ἐν
715 1525 760 1599 ᾧ
794 1532 1040 1604 εἴρηται’
1085 1551 1103 1582 ι
1153 1532 1275 1584 Ἐπὶ
1303 1530 1378 1600 τῷ
1422 1530 1610 1602 Κυρίῳ
1653 1531 1907 1598 πέποιθα,

331 1624 450 1687 πῶς
483 1626 655 1696 ἐρεῖτε
686 1625 750 1694 τῇ
786 1622 930 1694 ψυχῇ
961 1640 1084 1694 μου,
1112 1641 1131 1675 ι
1158 1625 1251 1677 καὶ
1279 1623 1346 1677 τὰ
1376 1621 1501 1694 ἑξῆς
1521 1640 1533 1653 ·
1570 1623 1665 1677 καὶ
1688 1625 1715 1677 ό
1747 1623 1909 1677 δέκα·

2015 431 2344 486 hortatorios
2376 442 2428 486 et
2458 432 2799 488 invitatorios
2827 432 2891 487 ad
2921 434 3138 503 pietatis
3175 436 3397 490 cultum.
3426 436 3581 504 Ejus-

2012 524 2156 577 modi
2197 534 2277 578 est
2304 523 2564 589 decimus,
2608 523 2658 576 in
2694 539 2800 592 quo
2835 525 3030 578 dicitur
3062 525 3107 557 εί
3142 544 3154 578 :
3186 545 3203 576 ι
3248 526 3301 580 In
3352 527 3580 582 Domino

2014 613 2243 672 conﬁdo.
2283 618 2552 684 quomodo
2581 616 2764 669 dicitis
2793 615 2984 669 animm
3017 632 3168 678 mean,
3197 637 3213 667 ι
3251 626 3380 684 etc.,
3412 629 3466 674 et
3490 621 3581 674 de-

2013 705 2185 759 cinms
2214 705 2406 758 tertius
2437 705 2526 772 qui
2566 704 2818 759 similiter
2858 705 2934 757 ait
2957 705 3003 737 ⁸³
3034 723 3047 758 :
3090 725 3107 757 ι
3146 705 3290 761 Dixit
3319 708 3578 777 insipiens

2015 797 2067 851 in
2092 797 2252 851 corde
2283 812 2400 851 suo.
2428 778 2463 848 ἰ
2517 795 2724 865 Reliqui
2760 797 3009 852 similiter
3039 782 3303 868 praecepta
3334 801 3579 869 quaedam

2014 889 2240 945 utilitate
2299 889 2452 959 plena
2502 890 2803 953 continent,
2857 906 3031 961 neque
3099 902 3274 947 tamen
3329 895 3577 962 psalmis,

2015 981 2226 1052 hymnis
2249 994 2340 1037 aut
2368 984 2593 1037 canticis
2630 984 2852 1054 ascripti
2882 992 3028 1049 sunt,
3065 986 3206 1054 quod
3239 989 3484 1042 eamdem
3515 1003 3580 1044 ac

2014 1075 2253 1144 praedicti
2280 1076 2509 1130 formam
2535 1092 2640 1131 non
2668 1089 2916 1141 servent;
2955 1078 3057 1130 nisi
3090 1079 3227 1132 forte
3247 1080 3432 1149 scripti
3456 1089 3579 1136 sunt

2011 1175 2064 1221 et
2091 1166 2190 1236 ipsi
2216 1175 2273 1219 ut
2303 1182 2399 1235 per
2438 1167 2779 1237 psalterium,
2805 1168 2886 1222 vel
2909 1168 3106 1222 cantici
3139 1185 3308 1234 more,
3331 1171 3416 1224 vel
3441 1172 3580 1226 sicut

2012 1258 2274 1327 quispiam
2304 1272 2335 1311 e
2382 1259 2651 1328 praedictis
2685 1269 3025 1323 canerentur,
3074 1262 3175 1315 hoc
3230 1272 3409 1316 autem
3468 1280 3603 1319 non.

2011 1349 2254 1418 contigit,
2288 1352 2425 1404 adeo
2458 1359 2511 1402 ut
2548 1352 2796 1405 eamdem
2845 1352 3058 1420 quidem
3101 1368 3163 1407 ac
3203 1352 3416 1422 psalmi,
3450 1370 3580 1408 can-

2010 1440 2114 1494 tica
2150 1450 2203 1493 et
2234 1440 2507 1494 orationes
2542 1441 2649 1494 vim
2697 1440 2956 1503 habeant,
2988 1441 3230 1508 inscripti
3262 1452 3438 1495 autem
3473 1457 3576 1495 non

2011 1533 2138 1594 sint,
2171 1533 2315 1600 quod
2360 1532 2487 1586 dicti
2531 1548 2636 1586 non
2678 1532 2897 1586 fuerint.
2928 1531 3024 1587 Vel
3064 1532 3199 1587 forte
3252 1534 3468 1602 quidam
3511 1536 3581 1590 ob

2010 1624 2243 1691 priorem
2272 1639 2510 1691 causam,
2554 1624 2772 1694 quidam
2821 1641 2949 1679 vero
2995 1627 3063 1679 ob
3097 1628 3387 1680 secundam
3432 1626 3579 1680 nullo

330 1736 422 1782 τος
451 1717 631 1790 τρίτος
658 1715 778 1769 καθ’
810 1718 973 1786 ὃμοια
1006 1715 1178 1784 λέγων
1198 1732 1212 1746 ·
1245 1736 1262 1767 ι
1293 1712 1459 1769 Εἶπεν
1489 1715 1676 1786 ἄφρων
1693 1719 1750 1770 ὲν
1779 1734 1908 1789 καρ-

2013 1715 2244 1784 gaudent
2292 1716 2467 1770 titulo.
2510 1716 3005 1787 Quinquagesimus
3047 1718 3192 1771 enim
3244 1718 3450 1786 primus
3492 1719 3578 1773 cui

328 1811 419 1881 δίᾳ
452 1809 636 1863 αὑτοῦ.
683 1828 702 1861 ι
741 1810 850 1863 Καὶ
880 1810 928 1862 oi
962 1808 1137 1861 λοιποὶ
1184 1808 1239 1861 δὲ
1276 1808 1671 1879 παραπλησίως
1720 1808 1908 1877 λόγους

328 1902 479 1966 τινὰς
508 1901 914 1965 διδασκαλικοὺς
946 1902 1038 1955 καὶ
1082 1901 1309 1971 πλήρεις
1360 1901 1629 1970 ὠφελείας
1673 1900 1908 1969 ἐπάγον-

327 2011 412 2048 ται
432 2010 446 2023 ·
481 1994 541 2046 οὑ
573 1994 680 2065 μὴν
713 1996 770 2047 ὲν
802 1993 1036 2064 ψαλμοῖς
1064 1994 1158 2046 καὶ
1189 1993 1376 2062 ὕμνοις
1411 1993 1442 2063 ἧ
1468 1993 1525 2045 ἐν
1553 1993 1716 2065 ᾠδαῖς
1744 2011 1907 2046 κατε-

325 2088 584 2157 λέγησαν,
615 2085 694 2156 τῷ
733 2084 806 2157 μὴ
847 2084 1041 2150 σώζειν
1087 2085 1177 2138 τὸν
1226 2085 1410 2156 ὅμοιον
1454 2088 1564 2149 τοῖς
1602 2085 1910 2156 εἰρημένοις

325 2181 524 2253 τρόπον
540 2197 553 2210 ⁸
586 2182 635 2233 εἰ
667 2177 741 2249 μὴ
769 2179 876 2249 ἄρα
902 2177 1220 2249 ἐγράφησαν
1255 2177 1348 2230 καὶ
1374 2177 1525 2229 αὐτοὶ
1550 2176 1691 2229 ὥστε
1716 2176 1909 2246 λεχθῆ-

325 2290 414 2327 ναι
436 2271 526 2326 διὰ
561 2270 858 2342 ψαλτηρίου
898 2270 931 2341 ἢ
966 2270 1033 2322 δι’
1065 2270 1227 2340 ᾠδῆς,
1264 2270 1296 2340 ἢ
1325 2267 1400 2332 ὥς
1428 2286 1511 2332 τις
1548 2268 1655 2322 τῶν
1685 2267 1909 2340 εἰρημέ-

323 2381 464 2418 νων·
501 2364 561 2417 ού
604 2363 800 2432 συνέϐη
844 2362 901 2414 δὲ
929 2363 1023 2414 καὶ
1053 2361 1309 2431 λεχθῆναι
1338 2361 1558 2423 αὐτοὺς,
1589 2360 1729 2413 ὥστε
1764 2359 1907 2431 ἔχειν

326 2456 522 2528 ὁμοίαν
561 2455 660 2525 μὲν
689 2455 747 2507 ὲν
769 2456 881 2516 τοῖς
912 2452 1145 2523 ψαλμοῖς
1177 2453 1270 2505 καὶ
1298 2455 1431 2515 ταῖς
1451 2452 1634 2521 ᾠδαῖς,
1667 2452 1760 2504 καὶ
1790 2454 1909 2515 ταῖς

325 2549 659 2621 προσευχαῖς
687 2545 935 2616 δύναμιν,
977 2544 1050 2615 μὴ
1095 2543 1499 2614 ἐπιγεγράφθαι
1527 2543 1583 2595 δὲ
1612 2542 1699 2596 διὰ
1732 2542 1791 2595 τὸ
1830 2544 1905 2614 μὴ

324 2638 582 2710 λεχθῆναι
626 2639 816 2709 αὐτήν.
850 2638 920 2691 Ἣ
969 2636 1180 2707 μήποτέ
1222 2652 1364 2698 τινες
1400 2635 1497 2706 μὲν
1524 2633 1614 2687 διὰ
1647 2633 1743 2705 τὴν
1777 2651 1908 2704 προ-

323 2730 490 2803 τέραν
521 2731 720 2794 αἰτίαν,
752 2730 896 2792 τινὲς
926 2728 980 2781 δὲ
1005 2728 1104 2797 τῆς
1124 2727 1381 2797 δευτέρας
1399 2725 1586 2779 ’ἑνεκεν
1617 2727 1718 2778 οὐκ
1746 2723 1906 2795 ἡξιὼ-

328 2823 498 2895 θησαν
528 2822 870 2895 προγραφῆς.
916 2822 975 2874 ’0
1000 2820 1096 2891 μὲν
1124 2819 1233 2888 γὰρ
1263 2817 1626 2890 πεντηκοστὸς
1669 2816 1904 2888 πρῶτος,

325 2913 580 2985 οὐδέτερα
609 2910 683 2965 ῶν
712 2910 819 2964 τῶν
840 2909 1165 2980 εἰρημένων,
1184 2906 1251 2959 τὰ
1271 2922 1338 2958 πε
1348 2906 1399 2977 ρ).
1421 2903 1513 2957 τοῦ
1538 2903 1698 2975 Δωὴκ
1730 2904 1909 2970 ἀπαγ-

330 3007 511 3078 γέλλει
537 3005 710 3074 λέγων
732 3021 745 3035 ·
789 3023 808 3054 ι
837 3003 901 3060 Τί
934 3001 1180 3071 ὲγκαυχᾷ
1205 3002 1262 3052 ὲν
1290 2997 1479 3068 κακία,
1524 2997 1553 3049 ὁ
1604 2994 1847 3062 δυνατὸς,
1880 3012 1900 3046 ›

314 3053 721 3169 ιέξιῖξξι-ξέῑῖςλ
758 3053 898 3165 διπέρ
925 3053 1093 3147 5.3a.
1111 3053 1447 3163 ’σκυθρωπὸν
1467 3053 1569 3142 Lex
1602 3088 1667 3142 ἂν
1689 3053 1903 3159 λεχθείη
1933 3053 1974 3111 ο

325 3192 406 3262 τῷ
441 3190 630 3263 τρόπῳ
674 3188 783 3243 τῶν
825 3185 1088 3258 ψαλμῶν,
1140 3184 1173 3254 ἢ
1214 3184 1320 3236 τῶν
1358 3182 1538 3253 ᾠδῶν·
1586 3180 1661 3243 ὡς
1708 3179 1828 3233 οὐδὲ
1880 3181 1909 3232 ὁ

325 3279 694 3352 πεντηκοστὸς
737 3278 984 3350 δεύτερος
1019 3277 1115 3329 καὶ
1161 3270 1314 3338 οὗτος
1355 3270 1575 3345 λυπηρὰ
1618 3271 1902 3343 περιέχων.

338 3374 397 3427 '0
426 3373 484 3426 δὲ
508 3369 870 3441 πεντηκοστὸς
893 3367 1149 3439 τέταρτος
1179 3359 1240 3419 οὗ
1271 3366 1304 3436 ἡ
1333 3364 1474 3435 ἀρχή
1499 3379 1512 3392 ’
1549 3380 1569 3413 ι
1604 3362 1906 3427 Ἐνώτισαι,

325 3464 355 3516 ὁ
389 3461 542 3525 Θεὸς,
574 3460 673 3530 τὴν
704 3457 1005 3529 προσευχήν
1034 3473 1153 3527 μου,
1186 3474 1206 3507 ι
1242 3454 1440 3526 τρόπον
1472 3452 1711 3524 περιέχει
1742 3468 1908 3523 προσ-

327 3556 527 3626 ευχῆς·
574 3552 669 3607 καὶ
715 3554 743 3604 ὁ
785 3550 1026 3613 εἰκοστὸς
1075 3548 1263 3611 ἓκτος*
1310 3566 1329 3599 (
1378 3545 1581 3617 Κύριος
1632 3543 1908 3615 φωτισμός

330 3665 431 3720 μου
472 3646 567 3700 καὶ
611 3645 792 3716 σωτήρ
832 3660 954 3714 μου,
997 3661 1016 3694 ι
1070 3641 1222 3695 οὐδὲν
1268 3639 1538 3710 διενήνοχε
1576 3638 1675 3708 τῆς
1704 3637 1902 3707 εὐχῆς·

329 3739 477 3810 ξμως
496 3737 540 3791 δ’
574 3733 667 3790 οὖν
697 3737 797 3789 οὐκ
824 3733 1134 3805 ἠξιώθησαν
1177 3731 1521 3805 προγραφῆς.
1568 3729 1667 3782 Διὰ
1710 3728 1767 3781 δὲ
1807 3726 1906 3798 τὴν

326 3829 606 3900 δευτέραν,
640 3828 715 3892 ὡς
747 3826 913 3889 εἰκὸς,
944 3825 1142 3887 αἰτίαν,
1191 3823 1282 3875 τοῦ
1313 3819 1711 3892 ἐϐδομηκοστοῢ
1756 3817 1906 3890 πρῶ-

327 3940 421 3977 του
469 3919 684 3991 ψαλμοῦ
718 3920 810 3973 ἐπὶ
849 3918 991 3972 τέλει
1025 3918 1124 3988 τῆς
1173 3913 1511 3984 προφητείας
1540 3910 1904 3983 περιέχοντος,

334 4035 353 4066 ι
396 4013 670 4079 Ἐξέλιπον
705 4013 754 4065 οἱ
799 4011 958 4082 ὕμνοι
992 4007 1175 4070 Δαυῖδ,
1219 4004 1335 4059 υἱοῦ
1393 4002 1623 4057 Ἰεσσαί·
1666 4021 1684 4054 ι
1722 3999 1906 4071 ἐπειδὴ

328 4107 386 4160 δέ
418 4122 563 4169 τινες
583 4102 851 4158 ὑπέλαϐον
868 4100 1021 4164 τέλος
1053 4099 1160 4152 τῶν
1188 4096 1281 4151 τοῦ
1311 4094 1474 4149 Δαυῒδ
1503 4094 1687 4166 ὓμνων
1712 4093 1772 4146 τὸ
1816 4092 1903 4144 λό-

328 4216 446 4269 γιον
483 4195 786 4268 σημαίνειν,
831 4190 1133 4265 σημειώσῃ,
1169 4190 1249 4242 ὅτι
1292 4189 1351 4241 ού
1385 4186 1542 4240 τοῦτο
1573 4185 1720 4254 δηλοῖ
1752 4182 1905 4255 ήτοῦ

342 4290 592 4362 Ἐϐραίου
619 4288 842 4342 διάνοια.
870 4286 928 4338 ὐ
946 4282 1077 4353 γοῦν
1108 4281 1355 4343 Ἀκύλας,
1390 4279 1509 4332 ἀντὶ
1528 4276 1622 4331 τοῦ
1643 4294 1656 4306 ·
1690 4274 1908 4340 Ἐξέλι-

2011 1804 2142 1858 nihil
2171 1821 2454 1861 commune
2484 1816 2567 1861 est
2593 1822 2715 1861 cum
2743 1809 3034 1876 praedictis,
3054 1824 3170 1879 qua:
3194 1811 3260 1864 ad
3293 1810 3434 1879 Doeg
3459 1826 3580 1880 per-

2013 1895 2181 1948 tinent
2223 1907 2410 1950 narrat
2434 1897 2515 1950 his
2544 1899 2723 1953 verbis
2756 1898 2802 1930 ⁸³
2834 1916 2848 1952 :
2888 1917 2906 1951 ι
2945 1898 3081 1966 Quid
3105 1899 3351 1969 gloriaris
3380 1901 3430 1953 in
3467 1916 3580 1955 ma-

2009 1986 2121 2038 litia
2150 1996 2358 2056 potens,
2396 2008 2416 2041 ›
2452 2000 2504 2044 et
2531 2001 2746 2056 caetera,
2779 2007 2897 2061 qute
2932 1993 3149 2062 quidem
3172 1994 3240 2048 ob
3269 1993 3582 2047 amaritudi-

2010 2093 2132 2130 nem
2170 2079 2273 2132 dici
2303 2091 2569 2148 nequeant
2598 2082 2665 2136 ad
2696 2081 2872 2135 instar
2903 2082 3233 2151 psalmorum
3263 2091 3357 2137 aut
3398 2084 3578 2138 canti-

2009 2187 2218 2234 corum,
2253 2172 2395 2226 sicut
2451 2189 2549 2228 nec
2576 2175 3057 2244 quinquagesimus
3086 2178 3358 2232 secundus
3407 2178 3495 2247 qui
3523 2186 3580 2232 et

2010 2264 2126 2333 ipse
2161 2266 2333 2320 tristia
2389 2264 2575 2320 refert.
2613 2267 3102 2338 Quinquagesimus
3158 2279 3389 2338 quartus
3423 2269 3579 2339 cujus

2010 2357 2333 2426 principium
2354 2356 2526 2413 est“:
2556 2359 2812 2422 «Exaudi,
2839 2361 2998 2425 Dens,
3022 2361 3319 2415 orationem
3345 2376 3572 2421 meam»

2010 2447 2237 2503 formam
2275 2451 2538 2506 orationis
2589 2450 2795 2518 habet;
2836 2461 2892 2506 et
2936 2453 3226 2521 vigesimus
3272 2465 3457 2509 sextus
3481 2456 3526 2487 ⁸³
3561 2471 3576 2510 :

2014 2559 2032 2591 ‹
2079 2540 2336 2597 Dominus
2362 2542 2681 2597 illuminatio
2709 2559 2825 2597 mca
2852 2553 2905 2598 et
2931 2557 3179 2599 servator
3218 2561 3392 2612 meus,
3436 2568 3455 2599 ι
3494 2550 3578 2602 ηἰ-

2008 2631 2083 2685 hil
2119 2633 2186 2686 ab
2225 2634 2467 2688 oratione
2517 2632 2730 2700 diﬂ‘ert;
2780 2635 2926 2688 nullo
2959 2645 3137 2690 tamen
3180 2638 3420 2709 insigniti
3451 2651 3578 2695 sunt

2011 2721 2188 2776 titulo.
2211 2722 2343 2777 Cum
2379 2732 2558 2777 autem
2589 2732 2809 2792 prapter
2841 2723 3157 2790 secundam,
3191 2734 3252 2778 ut
3285 2726 3578 2782 verisimile

2009 2825 2115 2877 est,
2145 2827 2360 2868 causam
2392 2815 2825 2885 septuagesimus
2878 2815 3086 2884 primus
3122 2817 3357 2885 psalmus
3387 2818 3439 2872 in
3470 2818 3578 2872 ﬁne

2008 2906 2305 2975 prophetiae
2348 2907 2579 2961 habeat:
2621 2925 2639 2957 ι
2676 2907 2998 2962 Defecerunt
3036 2907 3222 2979 hymni
3266 2910 3431 2964 David
3484 2910 3575 2965 lilii

2006 2996 2175 3061 Iesse,
2208 3016 2227 3050 ι
2284 2997 2474 3065 hisque
2531 3000 2712 3053 verbis
2762 2999 2980 3069 quidam
3034 3000 3234 3069 opinati
3276 3001 3383 3055 sint
3415 3001 3575 3057 ﬁnem

2011 3090 2333 3160 hymnorum
2393 3089 2560 3145 David
2628 3091 2890 3154 indicari,
2944 3091 3260 3146 observabis
3294 3108 3397 3146 non
3436 3095 3577 3148 hunc

2009 3193 2129 3234 esse
2153 3179 2361 3235 Hebraei
2390 3189 2569 3235 textus
2594 3189 2851 3236 sensum:
2871 3180 3063 3248 Aquila
3097 3195 3226 3249 ergo
3248 3197 3345 3251 pro
3369 3197 3383 3233 :
3414 3200 3433 3232 ‹
3473 3180 3576 3238 De-

2008 3272 2254 3327 fecerunt
2302 3273 2482 3343 hymni
2521 3273 2705 3339 David,
2746 3292 2765 3324 ›
2801 3274 2964 3328 vertit
2997 3289 3010 3325 :
3040 3291 3060 3324 ι
3107 3272 3398 3342 Completae
3453 3287 3578 3329 sunt

2008 3364 2283 3418 orationes
2313 3364 2510 3431 David;
2545 3384 2563 3416 ι
2604 3364 2963 3437 Symmachus
2990 3377 3168 3419 autem
3204 3381 3216 3417 :
3248 3383 3267 3416 ι
3312 3365 3578 3420 Consum-

2008 3464 2166 3510 malaa
2187 3463 2312 3511 sunt
2332 3459 2606 3512 orationes
2633 3456 2827 3517 David;
2856 3462 2945 3511 iet
2973 3457 3159 3525 quinta
3188 3457 3352 3512 editio
3380 3472 3396 3511 :
3430 3477 3447 3509 ι
3473 3458 3579 3512 Bc-

2008 3547 2236 3617 cognita:
2266 3559 2397 3603 sunt
2440 3551 2714 3604 orationes
2755 3549 2943 3604 David.
2974 3569 2991 3601 ι
3012 3548 3226 3616 Quibus
3255 3553 3573 3613 ostenditur,

2007 3641 2307 3710 prophetiis
2332 3657 2465 3710 quas
2513 3643 2672 3696 habet
2703 3642 2946 3710 psalmus
2972 3644 3037 3697 de
3069 3641 3305 3706 Christo,
3333 3660 3575 3699 connexa

2006 3745 2126 3785 esse
2160 3748 2279 3801 quae
2303 3733 2446 3786 dicta
2478 3744 2621 3787 sunt.
2662 3735 2978 3788 lnscribitur
3005 3737 3149 3789 enim
3186 3738 3423 3805 psalmus
3454 3755 3474 3788 ι
3522 3738 3574 3790 in

2009 3821 2376 3889 Salomonem,
2417 3844 2435 3877 ι
2483 3837 2534 3879 cl
2587 3841 2705 3893 quae
2753 3827 3015 3891 continet,
3039 3827 3345 3882 referuntur
3373 3839 3480 3883 tum
3509 3833 3578 3887 ad

2010 3917 2374 3983 Salomonem,
2418 3927 2528 3971 tum
2560 3919 2627 3973 ad
2652 3934 2774 3973 eum
2807 3920 2895 3988 qui
2932 3935 2996 3974 ex
3025 3919 3138 3986 ejus
3174 3922 3378 3976 semine
3417 3938 3578 3993 gene-

2009 4009 2206 4063 randus
2258 4017 2415 4076 erat,
2469 4008 2661 4063 ﬁlium.
2719 4013 3060 4080 Quapropter
3119 4011 3322 4067 dictum
3372 4023 3455 4068 est
3488 4014 3574 4069 ⁸⁶ι

2013 4117 2030 4149 ι
2084 4098 2529 4167 Deus,judicium
2580 4108 2732 4154 tuum
2787 4101 2900 4171 regi
2925 4102 3014 4167 da,
3047 4100 3383 4168 etjnstitiam
3430 4113 3575 4157 tuam

2009 4189 2116 4244 ﬁlio
2149 4190 2307 4257 regis.
2338 4210 2357 4242 ι
2396 4191 2597 4247 Deinde
2625 4201 3018 4261 consequenter
3043 4194 3438 4249 subnectuntur
3462 4210 3578 4248 ser-

2008 4297 2192 4336 mones
2220 4282 2434 4351 quidam
2477 4284 2778 4354 prophetici
2814 4285 2880 4339 de
2924 4283 3032 4339 filio
3066 4285 3239 4353 regis,
3272 4286 3575 4351 generando

329 4399 450 4437 πον
463 4385 515 4435 οἱ
531 4381 703 4451 ὕμνοι
725 4377 954 4439 Δαυῒδ,ι
977 4373 1362 4443 Ἐτελέσθησαν
1382 4369 1675 4443 προσευχαὶ
1690 4367 1867 4431 Δαυῖδ,
1881 4385 1900 4418 ι

2010 4373 2258 4427 videlicet
2306 4388 2336 4428 e
2385 4375 2594 4429 semine
2652 4373 2990 4441 Salomonis,
3023 4377 3114 4444 qui
3153 4375 3311 4447 522
3358 4378 3573 4449 quidem

329 4475 658 4531 ὲκδέδωκεψ
693 4474 722 4526 ὁ
750 4472 806 4524 δὲ
832 4469 1126 4540 Σύμμαχος
1150 4484 1163 4496 ·
1195 4485 1214 4518 ι
1250 4462 1708 4534 Ἐπετελέσθησαν
1741 4476 1908 4531 προσ-

330 4567 487 4638 ευχαὶ
535 4564 729 4619 Δαυῖδ·
773 4582 792 4616 ι
846 4563 938 4616 καὶ
979 4561 1012 4631 ἡ
1058 4558 1281 4629 πέμπτη
1323 4556 1572 4620 ἔκδοσις,
1622 4570 1641 4603 ι
1695 4553 1907 4604 Ἀνεκε-

332 4656 715 4729 φαλαιώθησαν
743 4652 1039 4726 προσευχαὶ
1069 4649 1250 4703 Δαυῖδ.
1298 4668 1317 4701 ›
1351 4647 1428 4701 Δι’
1458 4639 1533 4700 ὧν
1575 4643 1905 4714 παρίσταται

330 4757 445 4818 τοῖς
467 4756 524 4807 ὲν
545 4752 623 4824 τῷ
646 4750 847 4822 ψαλμῷ
879 4748 1112 4823 περὶτοῦ
1143 4742 1381 4819 Χριστοῦ
1412 4737 1905 4813 προφητευομένοις

335 4845 603 4916 συνῆφθαι
650 4845 718 4898 τὰ
767 4843 1068 4916 εἰρημένω
1119 4839 1521 4909 ἐπιγέγραπται
1577 4834 1673 4905 μὲν
1720 4831 1828 4902 γὰρ
1874 4832 1903 4883 ὁ

330 4938 546 5011 ψαλμὸς
568 4957 586 4989 ι
623 4939 702 5001 είς
718 4937 997 5007 Σαλομὼν,
1025 4950 1044 4984 ι
1069 4932 1396 5003 ἀναφέρεται
1418 4928 1474 4981 δὲ
1490 4925 1559 4979 τὰ
1572 4927 1628 4979 ὲν
1647 4921 1793 4993 αὐτῷ
1824 4921 1904 4984 εἰς

329 5048 391 5085 τε
413 5031 575 5084 αὐτὸν
599 5027 938 5100 Σολομῶντα,
961 5025 1055 5080 κα)¹
1083 5024 1175 5078 τὸν
1196 5026 1261 5077 ὲκ
1288 5021 1603 5092 σπέρματος
1624 5013 1788 5070 αὐτοῦ
1811 5031 1902 5084 γε-

330 5120 626 5194 νησόμενον
670 5119 784 5174 υἱὸν
834 5116 1029 5171 αὐτοῦ·
1072 5114 1151 5168 διὸ
1212 5111 1456 5184 εἴρηται·
1512 5127 1530 5159 ι
1574 5108 1632 5160 Ὀ
1660 5106 1810 5171 Θεὸς,
1844 5103 1905 5156 τὸ

332 5212 511 5286 κρῖμα
536 5227 631 5266 σου
661 5208 739 5281 τῷ
769 5209 978 5280 βασιλεί
1019 5207 1126 5272 δὸς,
1163 5204 1257 5259 καὶ
1290 5202 1386 5275 τὴν
1417 5197 1761 5268 δικαιοσύνην
1809 5212 1903 5249 σου

331 5306 413 5378 τῷ
440 5303 541 5375 υἱῷ
568 5302 662 5356 τοῦ
698 5302 978 5373 βασιλέως.
1022 5319 1040 5351 ι
1070 5294 1202 5352 Εἶτα
1233 5296 1358 5367 sea;
1398 5292 1603 5355 τούτοις
1628 5289 1907 5360 ἐπιφέρον-

333 5417 424 5455 ται
452 5398 600 5468 λόγοι
627 5397 770 5460 τινὲς
813 5393 1138 5467 προφητικοι
1166 5391 1292 5463 περὶ
1335 5387 1428 5442 τοῦ
1462 5385 1576 5439 υἱοῦ
1621 5381 1902 5455 βασιλέως,

330 5492 532 5566 δηλαδὴ
586 5493 652 5546 ὲκ
701 5489 1011 5561 σπέρματος
1054 5483 1394 5556 Σολομῶντος
1421 5474 1900 5550 γεννηθησομένου,

405 5610 450 5643 ⁸¹
480 5609 621 5666 Psal.
646 5626 701 5675 ι,
732 5608 787 5667 2.
893 5608 939 5640 ⁸³
965 5605 1107 5661 Psal.
1147 5620 1264 5667 xm,
1294 5604 1343 5656 l.
1447 5599 1492 5631 ³³
1524 5598 1666 5656 Psal.
1700 5610 1815 5662 ut,
1842 5594 1895 5649 5.

335 5681 380 5720 ⁸⁷
408 5681 538 5738 ibid.
568 5681 622 5737 8.
698 5679 745 5711 ⁸⁸
773 5679 902 5735 ibid.
935 5677 1022 5741 17,
1061 5675 1148 5732 19,

2009 4481 2283 4521 sermones
2314 4481 2417 4521 non
2451 4468 2501 4521 in
2534 4466 2696 4520 alium
2746 4469 3034 4521 convenire
3076 4479 3274 4538 queant
3324 4484 3484 4538 quam
3517 4472 3571 4524 in

2008 4558 2178 4612 solum
2210 4557 2483 4612 Chrisuun
2532 4558 2647 4613 Dei.
2679 4558 2806 4611 Illud
2847 4561 2989 4613 enim
3016 4559 3061 4590 ⁸⁷
3092 4576 3105 4612 :
3139 4579 3157 4611 ι
3202 4561 3576 4615 Dominabitur

2008 4664 2036 4701 a
2090 4649 2223 4701 mari
2271 4663 2444 4717 usque
2492 4649 2558 4701 ad
2612 4663 2779 4714 mare,
2812 4657 2869 4704 et
2896 4665 2925 4702 a
2956 4648 3275 4706 fluminibus
3305 4668 3475 4722 usque
3506 4656 3572 4708 ad

2009 4738 2273 4793 terminos
2319 4739 2467 4792 orbis
2512 4747 2800 4808 terrarum,
2837 4758 2857 4793 ι
2897 4749 2952 4794 et
2983 4740 3087 4794 alia
3120 4741 3203 4796 his
3232 4743 3450 4808 similia,
3478 4760 3576 4798 ne-
3622 4800 3627 4803 _

2007 4843 2111 4898 que
2138 4828 2205 4883 ad
2242 4828 2608 4894 Salomonem,
2630 4845 2802 4897 neque
2825 4829 2890 4884 ad
2910 4830 3129 4900 imperii
3153 4832 3267 4901 ejus
3295 4849 3573 4891 successo-

2008 4936 2120 4975 rem
2149 4921 2410 4985 Roboam,
2431 4937 2605 4991 neque
2625 4923 2691 4975 ad
2718 4922 2877 4976 alium
2903 4937 2967 4976 ex
2998 4922 3116 4993 ejus
3143 4927 3569 4993 successoribus,

2010 5013 2103 5067 sed
2147 5012 2212 5065 ad
2252 5012 2425 5066 solum
2463 5022 2706 5066 nostrum
2751 5011 3090 5067 Salvatorem
3121 5014 3315 5069 referri
3345 5027 3568 5086 queunt.

2011 5104 2275 5171 Quoniam
2304 5118 2435 5174 ergo
2466 5105 2763 5159 secundum
2790 5103 2957 5158 David
2985 5119 3082 5175 per
3112 5105 3414 5162 orationem
3446 5124 3573 5164 con-

2011 5197 2324 5250 summanda
2374 5206 2490 5250 erat
2522 5212 2552 5249 e
2595 5197 2801 5251 semine
2851 5196 2966 5265 ejus
3013 5199 3290 5267 generatio
3343 5199 3570 5263 Christi,

2008 5298 2061 5342 et
2087 5304 2205 5358 quae
2228 5289 2370 5344 circa
2401 5289 2536 5343 hanc
2569 5289 2822 5357 praedicta
2855 5297 3001 5353 sunt,
3028 5305 3059 5344 e
3084 5305 3309 5359 quorum
3349 5306 3573 5346 numero

2010 5392 2137 5436 sunt
2187 5396 2305 5450 qua:
2349 5381 2401 5435 in
2440 5381 2717 5451 preposito
2758 5381 3028 5435 habentur
3073 5381 3309 5450 psalmo,
3346 5382 3488 5437 sicut
3518 5384 3569 5437 in

2013 5472 2116 5526 line
2142 5471 2342 5527 dictum
2370 5481 2453 5527 est
2483 5472 2528 5503 ⁸⁸
2554 5491 2566 5525 ;
2612 5490 2630 5521 ι
2666 5471 2732 5525 Ει
2755 5472 3135 5527 benedicentur
3160 5474 3212 5526 in
3246 5474 3360 5545 ipso
3385 5488 3572 5530 omnes

1991 5592 2038 5623 ⁸⁵
2068 5591 2214 5649 Psal.
2245 5607 2350 5657 LIV,
2377 5591 2433 5647 2.
2537 5592 2582 5623 ⁸⁸
2610 5590 2751 5646 Psal.
2786 5607 2932 5657 χιιι,
2962 5592 3013 5647 1.
3107 5591 3318 5649 ⁸⁶Ρδιι1.
3349 5591 3570 5655 unﬂ.
