4046 6152
557 244 682 298 4071
1944 240 2033 295 EX
2069 238 2093 297 (

2193 240 2369 298 GENE
3629 249 3757 305 1072

550 371 761 434 gentes,
780 368 835 414 et
864 359 1152 429 replebitur
1186 358 1469 427 majestate
1494 359 1611 429 ejus
1640 359 1816 414 omnis
1845 368 1989 415 terra
2017 377 2031 426 ;
2084 379 2093 412 ι

2206 362 2401 427 οἵτινες
2429 364 2529 417 οὐκ
2559 365 2641 434 ἐφ’
2674 364 2860 437 ἕτερον
2891 365 3146 437 ἁρμόζειν
3174 364 3421 420 δύνανται
3456 364 3493 437 ἢ
3535 368 3629 423 ἐπὶ
3672 373 3756 441 μό-

549 452 743 507 merito
766 451 849 505 his
867 463 1166 504 connexum
1190 457 1273 502 est
1289 448 1580 502 secundum
1600 449 1883 517 Aquilam:
1906 467 1925 500 ι
1948 447 2109 504 Com-

545 546 703 608 pictae
739 548 862 595 sunt
901 539 1176 593 orationes
1206 536 1372 591 David
1402 553 1417 603 ;
1462 555 1479 589 ι
1516 539 1809 593 secundum
1856 540 2106 610 Symma-

546 631 709 687 chum
742 646 758 683 :
795 647 814 681 ι
846 628 1243 684 Consummatur
1273 636 1400 681 sunt
1438 628 1713 683 orationes
1740 628 1940 695 David;
1969 648 1989 682 ι
2022 644 2110 684 se-

544 725 779 781 cundum
809 723 1051 792 quintam
1078 721 1364 775 editionem
1400 741 1411 775 :
1443 737 1463 771 ι
1496 719 1805 789 Recognitte
1833 728 1958 775 sunt
1977 735 2105 775 ora-

546 819 720 874 tiones
759 817 947 871 David.
979 836 997 869 ι
1034 818 1091 871 1η
1129 817 1233 871 hoc
1260 815 1551 881 recognitae
1579 825 1726 879 sunt,
1757 829 1879 869 cum
1913 829 2104 870 omnes

543 918 732 980 gentes
756 908 1050 963 benedicta:
1080 915 1206 961 sunt
1239 920 1337 975 per
1371 905 1490 975 ejus
1516 906 1605 975 qui
1627 920 1693 960 ex
1725 905 1933 960 semine
1959 906 2105 962 illius

542 1005 694 1053 ortus
725 1005 828 1062 est,
854 994 1155 1050 Salvatoris
1179 994 1421 1049 omnium
1448 994 1687 1063 gentium
1712 993 2025 1049 adventum.
2044 995 2103 1050 lu

541 1090 759 1161 psalmis
788 1089 881 1160 qui
908 1090 1108 1144 habent
1135 1087 1506 1158 diapsalmata,
1531 1086 1721 1157 Aquila
1750 1103 1849 1157 pro
1872 1088 2103 1160 diapsal-

544 1190 688 1235 mate
711 1181 869 1234 vertit
893 1198 911 1232 ι
932 1179 1238 1247 Canticum,
1264 1200 1282 1231 ι
1304 1181 1488 1250 quinta
1518 1189 1695 1235 autem
1716 1180 1881 1235 editio
1913 1199 1932 1231 ι
1959 1181 2103 1252 jugl-

542 1283 643 1329 ter.
678 1291 697 1324 ι
748 1272 917 1327 Porro
961 1271 1115 1341 juxta
1166 1282 1346 1326 nostra
1386 1273 1711 1343 exemplaria
1748 1283 1801 1327 et
1848 1274 2101 1346 Symma-

540 1363 949 1435 chum,quando
979 1364 1195 1418 musica:
1218 1363 1495 1431 cujusdam
1524 1364 1768 1418 melodiae
1793 1373 1846 1420 et
1865 1366 2099 1437 rhythmi

542 1455 603 1509 ﬁt
631 1456 875 1520 mutatio,
901 1456 1115 1509 videtur
1147 1456 1385 1525 apposita
1409 1455 1776 1527 diapsalmatis
1812 1467 1956 1511 uota.
1990 1456 2103 1512 Sa:-

540 1545 765 1614 pissime
793 1560 921 1601 vero
950 1555 1005 1600 et
1033 1560 1221 1601 sensus
1249 1546 1471 1601 mutatio
1493 1556 1574 1601 est
1614 1546 1667 1600 in
1701 1547 2097 1618 diapsalmatis,

2207 468 2295 506 νον
2322 454 2551 523 Χριστὸν
2580 453 2673 508 τοῦ
2700 454 2856 507 Θεοῦ.
2890 454 2964 507 Τὸ
2989 453 3117 524 γὰρ,
3150 472 3170 504 ι
3204 456 3640 526 Κατακυριεύσει
3666 458 3761 513 ἀπὸ

2208 543 2483 614 θαλάσσης
2502 545 2607 609 ἕως
2632 545 2922 618 Θαλάσσης,
2946 548 3038 599 καὶ
3061 547 3168 599 ἀπὸ
3191 547 3453 618 ποταμῶν
3480 548 3587 612 ἓως
3612 552 3760 622 περά-

2204 653 2310 689 των
2347 638 2445 708 τῆς
2476 638 2817 709 οἰκουμένης,
2849 658 2867 689 ι
2906 639 2998 692 καὶ
3030 639 3380 711 παραπλήσια
3424 640 3638 705 τούτοις
3661 640 3758 696 οὔτ’

2205 730 2290 782 ἐπ’
2316 730 2475 784 αὐτὸν
2510 731 2762 800 ἀνάγοιτο
2802 732 2868 785 ἂν
2897 731 2987 785 τὸν
3029 731 3368 802 Σολομῶντα,
3404 733 3523 786 οὐδ’
3562 734 3653 787 ἐπὶ
3683 735 3761 789 τὸν

2203 820 2588 893 ἀναδεξάμενον
2607 821 2770 877 αὐτοῦ
2798 822 2896 894 τὴν
2914 823 3087 896 ἀρχὴν
3127 823 3382 894 Ῥοϐοάμ,
3404 824 3521 877 οὐδ’
3549 826 3635 893 ἐφ’
3661 826 3760 878 Ets-

2206 928 2296 983 ρον
2315 912 2420 966 τῶν
2435 913 2600 967 αὐτοῦ
2632 914 2908 986 διαδόχων,
2940 914 3055 968 ἀλλ’
3082 916 3172 969 ἐπὶ
3205 916 3361 986 μόνον
3385 916 3484 969 τὸν
3513 917 3761 987 ἡμέτερον

2203 1002 2443 1073 Σωτῆρα.
2491 1003 2639 1056 Ἐπεὶ
2678 1003 2853 1057 τοίνυν
2882 1004 3022 1058 κατὰ
3069 1004 3159 1058 τὸν
3192 1004 3355 1059 Δαυῖδ
3387 1006 3460 1059 δι’
3510 1007 3669 1077 εὐχῆς
3699 1003 3760 1078 ἦν

2202 1092 2606 1165 ἐπιτελεσθῆναι
2635 1095 2734 1165 τὴν
2768 1096 2833 1149 ὲκ
2864 1096 3175 1167 σπέρματος
3212 1096 3378 1150 αὐτοῦ
3418 1097 3636 1166 γένεσιν
3678 1099 3758 1153 τοῦ

2200 1184 2455 1255 Χριστοῦ,
2486 1185 2581 1238 καὶ
2611 1186 2680 1239 τὰ
2708 1187 2799 1239 ἐπὶ
2821 1189 2991 1258 ταύτῃ
3013 1188 3486 1258 προφητευόμενα,
3515 1188 3575 1241 ἐν
3606 1184 3682 1251 οἷς
3700 1184 3760 1259 ἦν

2200 1273 2268 1327 τά
2295 1277 2352 1328 ἐν
2380 1274 2460 1346 τῷ
2491 1276 2835 1348 προκειμένῳ
2863 1277 3081 1349 ψαλμῷ,
3101 1278 3175 1342 ὡς
3195 1278 3289 1331 ἐπὶ
3319 1278 3465 1332 τέλει
3493 1279 3724 1334 λέλεκται
3741 1298 3756 1311 ο

2205 1382 2224 1416 ι
2264 1365 2372 1417 Καὶ
2398 1365 2906 1437 ὲνευλογηθήσονται
2934 1370 2992 1420 ἐν
3022 1366 3170 1438 αὐτῷ
3195 1369 3371 1422 πάντα
3390 1368 3465 1421 τά
3504 1369 3654 1439 ἔθνη,
3681 1370 3760 1423 καὶ

2200 1456 2617 1528 πληρωθήσεται
2637 1459 2737 1528 τῆς
2757 1459 2914 1529 δόξης
2944 1459 3107 1513 αὐτοῦ
3131 1462 3279 1513 πᾶσα
3305 1463 3337 1531 ή
3375 1461 3451 1530 γῆ
3473 1477 3488 1490 ·
3518 1480 3538 1512 ι
3559 1463 3760 1526 εἰκότως

2199 1542 2559 1611 ἐπισυνῆπται
2580 1541 2789 1605 τούτοις
2804 1542 2945 1596 κατὰ
2972 1544 3069 1613 μὲν
3100 1543 3193 1596 τὸν
3222 1544 3455 1598 Ἀκύλαν
3482 1561 3498 1573 ·
3525 1564 3546 1596 ι
3567 1538 3758 1598 Ἐτελέ-

540 1639 811 1692 interdum
858 1646 913 1692 et
963 1651 1226 1707 personae.
1259 1636 1600 1692 Existimabit
1640 1637 1782 1693 forte
1825 1640 2093 1710 quispiam

2204 1630 2408 1702 σθησαν
2442 1632 2739 1704 προσευχαὶ
2769 1632 2963 1687 Δαυῖδ·
2997 1651 3018 1685 ι
3049 1634 3189 1687 κατὰ
3220 1634 3276 1687 δὲ
3303 1635 3396 1689 τὸν
3438 1635 3754 1708 Σύμμαχυνο

538 1746 632 1787 eos
659 1731 749 1801 qui
796 1730 1121 1799 psalmorum
1157 1729 1374 1784 nomine
1422 1729 1669 1799 inscripti
1720 1740 1879 1794 sunt,
1921 1731 2093 1800 pulsa-

2205 1738 2225 1773 ι
2260 1698 2723 1793 Ἔπετελέσθησαν
2757 1723 3056 1796 προσευχαὶ
3112 1725 3273 1778 Δαυῖδ
3296 1742 3311 1755 ο
3345 1745 3368 1775 ›
3406 1698 3759 1797 κατά’ἃ’“τὴν

540 1822 688 1877 tione
729 1821 1073 1876 instrumenti
1122 1819 1311 1875 musici
1340 1820 1483 1889 quod
1511 1829 1737 1875 vocatur
1761 1821 2096 1891 psalterium,

539 1914 794 1970 recitatos
849 1912 1013 1966 fuisse
1044 1930 1059 1978 ;
1093 1912 1187 1965 sed
1227 1911 1479 1979 quoniam
1516 1911 1811 1967 secundum
1852 1910 2098 1979 Aquilam

538 2021 634 2077 per
662 2014 826 2060 totum
862 2005 1057 2058 librum
1084 2002 1136 2056 in
1161 2003 1569 2071 quihuscunque
1595 2003 1889 2058 secundum
1920 2001 2095 2070 LXX',

541 2112 564 2147 ι
603 2097 840 2166 psalmus
864 2115 882 2148 ι
919 2096 1252 2159 inscribitur,
1287 2097 1340 2149 in
1372 2094 1438 2149 iis
1459 2112 1478 2145 ι
1507 2093 1798 2148 modulatio
1835 2112 1853 2145 ι
1882 2095 2094 2160 editur;

537 2187 828 2242 secundum
849 2201 976 2240 vero
994 2185 1373 2257 Symmachum
1396 2204 1415 2237 ι
1435 2183 1548 2242 Ode
1571 2204 1589 2237 ι
1614 2184 1696 2237 vel
1717 2202 1736 2236 ι
1760 2183 2092 2252 Canticum,»

537 2276 741 2331 ideirco
766 2277 1068 2331 necessario
1095 2277 1207 2331 haec
1241 2275 1614 2331 adnotavimus
1662 2289 1730 2329 ne
1752 2274 1871 2344 quis
1890 2283 2099 2345 putaret

537 2384 632 2439 per
654 2367 913 2422 musicum
933 2367 1341 2424 instrumentum
1360 2381 1549 2423 omnes
1568 2367 1656 2436 qui
1679 2367 1817 2436 apud
1839 2381 1937 2422 nos
1954 2365 2098 2421 Psal-

538 2474 748 2515 morum
772 2459 987 2514 nomine
1017 2458 1403 2525 inscribuntur,
1434 2466 1676 2514 cantatos
1693 2458 1883 2515 fuisse.
1913 2457 2097 2528 Neque

538 2553 683 2606 enim
702 2551 896 2607 rationi
926 2561 1346 2607 consentaneum
1379 2559 1546 2617 esset,
1567 2551 2094 2623 quinquagesimum,

536 2642 684 2697 verbi
711 2645 903 2713 gratia,
932 2645 1021 2714 qui
1055 2644 1348 2714 inscriptus
1370 2653 1477 2711 est,
1510 2662 1529 2695 ι
1556 2644 1608 2697 in
1651 2642 1832 2709 linem,
1856 2641 2095 2712 psalmus

536 2734 637 2806 ipsi
666 2736 853 2803 David,
887 2755 906 2788 ι
936 2736 1180 2807 psalterii
1222 2749 1425 2805 organo
1460 2734 1747 2789 recitatum
1791 2732 1959 2788 fuisse
1991 2750 2004 2785 :
2041 2733 2093 2787 in

535 2823 683 2881 luctu
738 2828 934 2897 quippe
971 2825 1347 2895 intempestiva
1394 2832 1479 2879 est
1531 2825 1736 2879 musica
1783 2824 2090 2880 modulatio.

533 2915 812 2984 Quomodo
841 2918 985 2972 enim
1014 2917 1130 2972 ﬁeri
1164 2917 1361 2985 potuit,
1391 2915 1645 2970 Davidem
1678 2916 1743 2970 de
1776 2916 2094 2985 gravissimo

533 3008 738 3064 scelere
788 3009 948 3063 verba
1003 3008 1310 3068 facientem,
1347 3020 1467 3060 cum
1521 3005 1662 3061 Deus
1716 3014 1906 3060 contra
1941 3007 2090 3061 illum
2119 3032 2159 3089 ο

535 3099 677 3153 haud
710 3098 900 3153 leviter
941 3099 1254 3167 indignatus
1303 3097 1475 3150 minas
1517 3111 1612 3165 per
1659 3099 1971 3168 prophetam
2008 3100 2090 3153 in-

534 3196 839 3255 tentasset;
877 3190 1029 3258 quasi
1076 3188 1276 3241 lmtitia:
1315 3196 1555 3256 tempore
1589 3198 1866 3257 assumpto
1897 3189 2090 3258 psalte-

533 3278 632 3343 rio,
658 3279 834 3348 gaudii
867 3288 921 3331 et
958 3276 1245 3331 hilaritatis
1284 3275 1521 3345 symbola
1554 3277 1877 3342 persolvisse
1900 3279 1925 3332 ?
1950 3278 2087 3345 Quid

534 3377 713 3423 autem
740 3368 998 3440 psalterio
1031 3368 1302 3437 proprium
1328 3367 1600 3422 continent
1625 3367 1742 3436 ejus
1774 3371 2089 3426 sermones?

530 3461 719 3515 Annon
778 3460 954 3529 potius
996 3458 1227 3527 ejniatus
1268 3466 1323 3512 et
1371 3457 1559 3522 ﬂetus,
1609 3474 1743 3528 quos
1788 3475 1885 3529 par
1925 3469 2042 3516 erat
2069 3503 2084 3526 ,

529 3566 650 3606 cum
702 3550 950 3606 luctuoso
992 3549 1226 3614 cantico,
1264 3565 1373 3604 non
1428 3564 1551 3604 cum
1600 3551 1957 3605 instrumento
1999 3565 2089 3606 re-

528 3643 699 3699 citare
739 3643 764 3697 τ
806 3643 1038 3711 ldipsum
1099 3641 1246 3697 dicas
1305 3642 1371 3698 de
1420 3642 1581 3697 tertio
1604 3641 1651 3677 ³⁸
1683 3680 1699 3706 ,
1743 3640 1836 3710 qui
1896 3641 2089 3696 inscri-

526 3744 649 3807 ptus
692 3744 795 3800 est,
828 3753 848 3786 ι
892 3733 1138 3788 Psalmus
1186 3733 1408 3799 Davidi,
1451 3733 1667 3803 quando
1713 3732 1851 3800 fugit
1888 3746 1919 3785 a
1953 3731 2089 3787 facie

488 3830 497 3845 '
525 3826 684 3897 523
706 3826 1013 3881 Abessalom
1065 3825 1155 3880 lilii
1188 3826 1291 3879 sui.
1323 3844 1343 3878 ι
1372 3824 1696 3879 Consideres
1739 3822 1918 3885 velim,
1953 3838 2083 3876 num

525 3919 580 3973 in
604 3918 904 3987 hujusmodi
927 3917 1234 3973 calamitate
1263 3917 1610 3979 constitutus,
1641 3931 1762 3969 cum
1794 3929 1960 3984 regno
1986 3929 2084 3969 ex-

526 4020 681 4065 actus
723 4025 752 4063 a
789 4010 895 4064 tilio
924 4009 1243 4079 pelleretur,
1274 4008 1495 4064 musicis
1522 4007 1768 4061 cantibus
1814 4016 2080 4061 vacasset.

524 4102 687 4158 Certe
709 4102 901 4156 rationi
932 4116 1228 4156 consonum
1266 4109 1348 4155 est
1392 4100 1591 4169 ipsum,
1624 4099 1749 4152 dum
1793 4097 1935 4151 hanc
1959 4112 2085 4167 sup-

524 4194 861 4265 plicationem
885 4195 950 4246 ad
987 4193 1149 4246 Deum
1181 4191 1466 4257 emitteret,
1486 4205 1607 4243 eum
1646 4188 1878 4256 quadarn
1918 4187 2085 4243 melo-

526 4287 609 4340 dia
639 4285 864 4354 tempori
893 4284 1291 4339 accommodata
1324 4298 1441 4338 eam
1478 4282 1755 4336 obtulisse.
1804 4280 2077 4346 Quamob-

2199 1813 2456 1884 πέμπτην
2500 1812 2711 1866 ἔκδοσιν
2735 1830 2749 1843 ·
2794 1832 2813 1865 ι
2860 1813 3432 1887 Ἀνεκεφαλαιώθησαν
3475 1817 3759 1888 προσευχαὶ

2198 1903 2379 1957 Δαυΐδ.
2415 1923 2434 1958 ι
2481 1906 2568 1958 Ἐν
2594 1905 2768 1975 τούτῳ
2796 1906 3359 1978 ἀνεκεφαλαιώθησαν,
3395 1908 3458 1961 ὲν
3485 1908 3567 1978 τῷ
3599 1909 3760 1963 πάντα

2195 1996 2265 2050 τὰ
2295 1995 2419 2067 ἔθνη
2451 1996 2811 2067 εύλογηθῆναι
2849 1996 2935 2050 διὰ
2968 1998 3066 2068 τῆς
3104 1997 3198 2051 τοῦ
3229 2001 3295 2052 ἐκ
3328 2000 3647 2071 σπέρματος
3673 2000 3759 2055 αύ-

2196 2088 2288 2143 τοῦ
2312 2090 2680 2161 γεγενημένης
2709 2090 3025 2159 ἐπιφανείας
3049 2090 3142 2144 τοῦ
3174 2091 3283 2146 τῶν
3315 2091 3493 2146 ἐθνῶν
3519 2093 3758 2146 ἁπάντων

2197 2181 2467 2252 Σωτῆρος.
2515 2183 2602 2234 Ἐν
2630 2176 2711 2245 οἷς
2731 2182 2800 2236 τὰ
2818 2182 3161 2255 διαψάλματα
3186 2186 3435 2255 φέρεται,
3471 2186 3532 2239 ἐν
3565 2185 3756 2248 τούτοις

2195 2273 2225 2325 ὀ
2260 2272 2486 2336 Ἀκύλας
2510 2273 2631 2327 ἀντὶ
2656 2273 2751 2326 τοῦ
2768 2273 3136 2345 διαψάλματος
3152 2275 3455 2346 πεποίηκεν
3485 2272 3750 2347 (τᾼσμαη

2197 2363 2230 2433 ἡ
2251 2363 2307 2416 δέ
2330 2362 2552 2434 πέμπτη
2577 2362 2785 2426 ἕκδοσις
2820 2383 2838 2415 ι
2864 2364 2953 2417 διά
2982 2365 3180 2429 παντός
3196 2382 3210 2395 ·
3251 2385 3269 2418 ο
3297 2365 3442 2419 κατά
3464 2367 3525 2420 δὲ
3550 2366 3617 2420 τὰ
3637 2367 3754 2437 παρ’

2194 2456 2326 2524 ¹ἡμῖν
2351 2454 2657 2524 ἀντίγραφα
2686 2456 2780 2507 καὶ
2805 2454 2948 2508 κατὰ
2991 2454 3302 2527 Σύμμαχον,
3328 2457 3478 2511 ἔοικε
3510 2456 3751 2529 μουσικοῦ

2195 2563 2337 2611 τινος
2368 2546 2560 2618 μέλους
2592 2547 2625 2619 ἢ
2667 2548 2873 2621 ῥυθμοῦ
2908 2548 3117 2621 τροπῆς
3143 2550 3445 2621 γενομένης
3475 2554 3509 2623 ἡ
3538 2550 3628 2605 τοῦ
3651 2550 3751 2604 δια-

2193 2638 2473 2710 ψάλματος
2503 2640 2865 2712 παρακεῖσθαι
2910 2642 3378 2713 παρασημείωσις.
3412 2642 3677 2704 Πολλάκις
3699 2641 3750 2695 δέ

2195 2733 2288 2785 καὶ
2315 2731 2549 2795 διανοίας
2600 2731 2870 2805 ὲναλλαγὴ
2907 2734 3112 2803 γίνεται
3135 2736 3192 2787 ἐν
3215 2736 3330 2798 τοῖς
3365 2734 3744 2805 διαψάλμασιν,

2194 2822 2294 2893 ήδη
2323 2822 2380 2875 δέ
2408 2838 2539 2875 ποτε
2583 2824 2677 2876 καλ⁵
2717 2822 3003 2894 προσώπου
3046 2824 3333 2895 μεταϐολή.
3378 2824 3604 2896 οἰηθείη
3657 2824 3745 2893 μὲν

2193 2913 2259 2967 ἄν
2285 2929 2370 2976 τις
2406 2912 2613 2977 πάντας
2653 2916 2779 2977 τοὺς
2820 2915 3327 2986 ἐπιγεγραμμένους
3370 2914 3623 2986 ψαλμοὺς
3665 2912 3742 2968 διὰ

2194 3006 2468 3078 κρούσεως
2489 3006 2718 3078 ὀργάνου
2763 3007 3019 3077 μουσικοῦ
3061 3006 3152 3061 τοῦ
3186 3006 3526 3078 καλουμένου
3556 3006 3742 3078 ψαλτη-

2194 3097 2308 3168 ρίου
2352 3098 2725 3152 ἀποδίδοσθαιο
2780 3098 2893 3152 ἀλλ’
2946 3098 3071 3153 ἐπεὶ
3116 3098 3255 3152 κατά
3286 3097 3379 3151 τὸν
3412 3099 3644 3153 Ἀκύλαν
3682 3098 3741 3150 δι’

2187 3187 2404 3257 ἀπάσης
2437 3188 2546 3259 (26)
2579 3188 2675 3258 τῆς
2701 3187 2902 3259 βίϐλου,
2924 3190 2981 3240 ἐν
3004 3188 3149 3252 ὅσοις
3177 3188 3588 3259 ἐπιγέγραπται
3616 3186 3740 3240 κατά

2187 3281 2318 3343 τοὺς
2354 3280 2749 3351 Ἐϐδομήκοντα
2805 3300 2824 3333 ‹
2858 3281 3087 3352 ψαλμὸς,
3119 3300 3139 3333 ι
3174 3284 3232 3335 ἐν
3284 3281 3500 3346 τούτοις
3530 3301 3550 3335 ί

2186 3370 2331 3442 δημα
2365 3390 2383 3423 ι
2412 3373 2705 3426 ἐκδίδοταιο
2749 3373 2887 3426 κατά
2918 3374 2975 3427 δὲ
3002 3374 3091 3427 τὸν
3123 3374 3414 3445 Σύμμαχον
3456 3394 3478 3426 ι
3504 3374 3631 3445 ᾠδὴ,
3658 3393 3676 3424 ι
3706 3373 3734 3442 ἢ

2194 3482 2213 3514 r
2251 3459 2422 3535 ᾄσμαο
2457 3483 2478 3518 ι
2511 3463 2698 3517 τούτου
2736 3464 2892 3537 χάριν
2924 3464 3233 3533 ἀναγκαίως
3259 3464 3738 3535 ἐπεσημειωσάμην

2190 3552 2301 3624 (27)
2329 3554 2404 3617 ὼς
2432 3552 2497 3607 ἂν
2523 3554 2595 3625 μή
2623 3570 2707 3617 τις
2737 3554 2929 3625 νομίσῃ
2955 3553 3044 3607 διὰ
3082 3556 3176 3607 τοῦ
3213 3553 3472 3624 μουσικοῦ
3522 3553 3733 3625 ὀργάνου

2189 3644 2393 3707 πάντας
2433 3643 2560 3707 τοὺς
2613 3646 2741 3716 παρ’
2766 3646 2894 3716 ἡμῖν
2947 3644 3193 3715 ψαλμοὺς
3241 3645 3735 3716 ἐπιγεγραμμένους

2187 3735 2434 3807 εἰρῆσθαι
2462 3734 2593 3805 (‘28).
2628 3736 2760 3788 Οὐδὲ
2792 3735 2897 3807 γὰρ
2928 3735 2993 3789 ἂν
3023 3735 3133 3806 ἔχοι
3153 3735 3331 3803 λόγον,
3368 3734 3460 3787 τὸν
3491 3749 3735 3804 πεντηκο-

2190 3832 2334 3899 στὸν,
2361 3826 2511 3898 φέρε,
2541 3828 3030 3901 ἐπιγεγραμμένον,
3054 3847 3071 3879 ι
3098 3828 3176 3890 εἰς
3199 3826 3422 3890 τὸτέλος
3441 3825 3648 3896 ψαλμός
3665 3823 3731 3894 τῷ

2186 3917 2367 3983 Δαυῒδ,
2407 3938 2427 3971 ι
2468 3918 2555 3972 διὰ
2579 3918 2875 3990 ψαλτηρίου
2917 3919 3198 3991 εἰρῆσθαι·
3253 3918 3489 3991 μουσικὰ
3524 3917 3647 3987 γοῦν
3679 3918 3730 3968 ἐν

2189 4011 2374 4064 πένθει
2396 4009 2621 4081 ἄκαιρος
2653 4009 2919 4080 διήγησις.
2972 4009 3095 4073 Πῶς
3125 4009 3235 4080 γὰρ
3266 4004 3376 4062 οἷόν
3418 4026 3479 4061 τε
3527 4004 3624 4078 ἦν,
3655 4005 3730 4057 λεο

2186 4104 2380 4175 χθέντα
2407 4104 2501 4155 ἐπὶ
2530 4103 2687 4174 δεινῷ
2721 4101 3147 4173 πλημμελήματι
3191 4100 3269 4172 τῷ
3316 4099 3493 4163 Δαυῖδ,
3541 4101 3600 4153 ού
3640 4097 3728 4165 τῆς

2182 4193 2447 4265 τυχούσης
2467 4195 2887 4267 ἀγανακτήσεως
2915 4193 3007 4247 τοῦ
3033 4193 3166 4246 Θεοῦ
3195 4194 3315 4246 κατ’
3336 4191 3500 4245 αὐτοῦ
3525 4187 3730 4260 γενομέ-

2183 4300 2299 4353 νης,
2339 4284 2432 4337 καὶ
2462 4283 2688 4355 ἀπειλῆς
2722 4284 2810 4337 διὰ
2839 4282 2932 4335 τοῦ
2963 4283 3261 4353 προφήτου,
3296 4281 3371 4345 ὡς
3402 4284 3457 4334 ἐν
3484 4277 3727 4349 εὐθυμίας

526 4392 635 4432 rem
666 4397 683 4429 ι
714 4375 937 4433 Melodia
971 4387 1052 4430 tet
1078 4393 1097 4426 ι
1125 4375 1401 4430 Canticum
1432 4393 1451 4427 ι
1486 4374 1679 4442 reliqui
1708 4373 1760 4427 in
1789 4375 1979 4427 horum
2002 4372 2082 4425 in-

2193 4372 2358 4445 ιιαιρῷ
2389 4373 2682 4444 ψαλτήριον
2720 4373 3074 4439 ἀναλαϐόντα,
3106 4372 3318 4442 τρυφῆς
3347 4372 3439 4425 καὶ
3474 4366 3725 4442 εὐφροσύ-

525 4468 816 4539 scriptione
838 4477 1134 4522 verterunt.
1159 4466 1526 4534 Similiterque
1556 4465 1622 4519 de
1646 4464 1859 4520 ceteris
1883 4462 2081 4533 quibus

524 4561 708 4614 eadem
748 4558 1024 4627 inscriptio
1063 4555 1373 4627 praeﬁgitur,
1417 4553 1620 4621 cogites
1650 4562 1885 4621 Oportet.
1913 4551 2082 4617 Quot-

526 4660 656 4721 quot
683 4650 827 4704 hunc
858 4648 1073 4703 titulum
1126 4647 1349 4709 habent,
1383 4661 1402 4695 ι
1438 4643 1491 4697 iu
1537 4641 1748 4713 hymnis
1787 4659 1834 4706 ι,
1864 4640 2076 4708 Aquila,

530 4758 551 4793 ι
592 4743 643 4797 in
672 4741 921 4811 psalmis;
951 4758 970 4793 ι
1011 4737 1364 4807 Symmachus
1385 4748 1513 4788 vero
1542 4750 1562 4784 ι
1590 4747 1684 4801 per
1712 4730 2023 4802 psalterium
2053 4749 2073 4780 ›

524 4836 846 4905 inscripsit;
875 4834 947 4887 ita
995 4839 1055 4885 ut
1102 4828 1394 4885 secundum
1453 4839 1641 4879 eorum
1678 4824 2079 4893 interpretatio-

2184 4482 2283 4535 νης
2305 4464 2545 4535 σύμϐολα
2569 4464 2831 4517 ἐπιτελεῖν
2857 4480 2871 4529 ;
2904 4465 2967 4516 Τί
2990 4463 3046 4517 δὲ
3072 4462 3368 4534 ψαλτηρίου
3401 4463 3723 4533 περιέχουσιν

2184 4557 2380 4609 οἰκεῖον
2395 4558 2443 4609 οἱ
2466 4556 2611 4624 λόγοι
2632 4572 2645 4621 ;
2674 4556 2806 4627 Οὐχὶ
2830 4555 2886 4609 δὲ
2906 4554 3209 4627 ὀλοφυρμοῦ
3229 4555 3322 4608 καὶ
3336 4553 3721 4613 ἀποκλαύσεως,

2183 4644 2276 4707 οὓς
2309 4646 2454 4709 εἰκὸς
2481 4645 2617 4716 μετά
2648 4662 2792 4708 τινος
2840 4644 3096 4698 πενθικοῦ
3143 4643 3357 4716 μέλους,
3390 4646 3449 4697 ού
3479 4644 3581 4715 μὴν
3607 4638 3722 4712 μετὰ

2184 4735 2278 4789 τοῦ
2298 4737 2529 4809 ὀργάνου
2580 4737 2826 4809 εἰρῆσθαι
2856 4754 2873 4801 ;
2904 4737 3110 4791 Ταυτὸν
3151 4736 3194 4789 δ’
3225 4735 3290 4789 ἂν
3326 4736 3501 4798 εἴποις
3530 4733 3619 4788 καὶ
3642 4729 3721 4784 ἐπὶ

2182 4828 2274 4883 τοῦ
2326 4830 2531 4901 τρίτου,
2578 4830 2637 4893 ὃς
2682 4830 3082 4903 ἐπιγέγραπται
3127 4847 3145 4880 ι
3180 4827 3406 4898 Ψαλμὸς
3445 4826 3525 4897 τῷ
3560 4821 3718 4885 Δαυῖὅ,

522 4943 669 4991 nem,
696 4926 750 4980 hi
784 4923 883 4979 soli
925 4937 1022 4992 per
1052 4919 1317 4974 musicum
1360 4917 1772 4969 instrumentum
1807 4926 1928 4966 cum
1965 4927 2079 4965 mo-

2193 4920 2337 4974 Βπότε
2362 4921 2750 4992 ἀπεδίδρασκεν
2787 4922 2896 4976 ἀπὸ
2926 4918 3214 4993 προσώπου
3251 4917 3596 4989 ’Δϐεσσαλὼμ
3636 4912 3718 4967 τοῦ

523 5019 793 5076 titillatione
813 5014 941 5071 dicti
971 5012 1187 5068 fuerint.
1225 5009 1293 5064 Et
1332 5006 1546 5076 quidem
1570 5019 1602 5058 e
1632 5018 1690 5059 re
1731 5003 1897 5058 fuisse
1931 5003 2079 5058 vide-

526 5120 631 5173 tur,
664 5117 723 5162 ut
749 5113 976 5176 quartus
1006 5100 1268 5173 psalmus,
1304 5116 1322 5149 ι
1366 5098 1420 5151 in
1461 5094 1677 5166 hymnis
1707 5111 1726 5145 ι
1763 5093 2076 5161 inscriptus,

523 5199 1047 5269 perinstrumentum
1079 5190 1319 5263 pulsatus
1341 5188 1431 5243 sit.
1461 5183 1907 5253 Quandoquidem
1934 5183 2076 5235 enim

612 5305 656 5339 ⁸ο
684 5304 826 5364 Psal.
860 5320 941 5375 ιιι,
970 5305 1025 5361 1.

600 5431 714 5498 (26)
753 5433 833 5486 Δι’
871 5431 1136 5499 ἀπάσης.
1172 5429 1270 5483 llic
1295 5426 1490 5499 desinit
1513 5422 1707 5499 hiatus
1754 5420 1958 5477 codicis
1984 5420 2086 5476 Va-

529 5496 718 5565 ticani,
746 5518 851 5569 quo
878 5520 1005 5556 usus
1039 5496 1122 5556 est
1143 5496 1615 5569 Montel‘aleonius.

598 5571 710 5642 (Ἦ)
735 5566 1142 5642 Montel‘alcon.,
1176 5566 1621 5642 ἐσημειώσαμην.

598 5632 711 5713 (281
764 5640 1001 5708 Πάντας
1036 5640 1177 5706 τοὺς
1210 5632 1344 5704 πὶὶρ’
1376 5632 1522 5705 ἡμῖῶ
1557 5632 1839 5703 ψαλμοὺς
1888 5632 2081 5703 ἐπιγε-

2181 5011 2296 5065 υἱοῦ
2322 5010 2504 5064 αὑτοῦ.
2551 5031 2570 5063 ι
2605 5012 2947 5083 Ἐπιστήσεις
2970 5012 3079 5081 γὰρ
3110 5013 3161 5064 εί
3198 5012 3254 5063 ἐν
3284 5008 3506 5081 τοιαύτῃ
3547 5003 3720 5075 τυγχά·

2180 5119 2285 5157 νων
2331 5104 2602 5175 συμφορᾷ,
2652 5103 2770 5157 καθ’
2804 5104 2870 5172 ἦν
2914 5097 3258 5154 ἐκπεπτώκει
3317 5099 3414 5170 μὲν
3457 5098 3551 5169 τῆς
3592 5095 3719 5166 βασι-

2181 5195 2349 5260 λείας,
2382 5194 2639 5264 ἠλαύνετο
2690 5195 2746 5249 δέ
2781 5193 2920 5265 πρὸς
2955 5192 3049 5247 τοῦ
3103 5192 3242 5256 υἱοῦ,
3279 5192 3556 5262 μουσικοῖς
3583 5182 3716 5255 ἐσχό-

2261 5435 2559 5506 αμμένους
2590 5433 2893 5506 είρῆσθαιη
2912 5432 3038 5487 llaec
3061 5430 3433 5506 desiderantur
3467 5424 3720 5506 in_cod_ico

2261 5455 2559 5506 αμμενους
2590 5455 2878 5503 ειρησσαι.
2917 5455 3038 5487 uuae
3061 5455 3433 5485 uestucrmtulr
3468 5455 3518 5484 Ill
3554 5455 3717 5483 cuunw

2190 5455 2471 5568 viaticam,
2505 5509 2596 5560 sed
2632 5506 2717 5558 hic
2744 5504 3123 5572 suppleuture
3142 5500 3357 5556 schedis
3382 5499 3585 5557 Crabii.
3613 5494 3717 5549 Mox

2189 5578 2389 5633 eaedem
2423 5577 2655 5643 schedae,
2685 5572 2807 5627 οὐδὲ
2836 5571 2943 5644 γὰρ
2973 5571 3037 5627 ἂν
3059 5571 3175 5644 ἔχῃ.
