4046 6152
393 256 536 313 ιοπς
1626 250 1935 307 SELECTA
1973 249 2038 306 IN
2077 247 2413 305 PSALMOS.
3494 242 3630 300 i075

388 373 543 438 λαζε.
577 371 748 440 Λόγον
784 370 830 423 δ’
859 369 925 423 ἂν
969 368 1105 439 ἔχοι,
1129 368 1264 441 πρὸς
1312 369 1404 423 τὸν
1447 368 1578 424 Θεὸν
1628 371 1721 424 καὶ
1767 369 1952 441 ταύτηη

2071 367 2262 421 tertius
2295 363 2535 436 psalmus
2559 376 2588 417 a
2621 361 2790 417 David
2811 359 3054 430 prolatus
3083 358 3277 425 fuerat,
3300 357 3513 429 quando
3547 356 3630 411 fu-

390 463 727 534 ἀναπέμπων
767 460 863 531 τὴν
910 460 1140 524 ἱκεσίαν,
1195 459 1334 530 μετά
1373 477 1518 524 τινος
1563 460 1754 530 μέλους
1794 459 1952 531 αὐτὴν

2061 458 2141 528 git
2173 472 2202 511 a
2251 455 2387 510 facie
2415 453 2728 509 Abessalom
2764 451 2856 506 lilii
2884 450 3004 507 sui:
3038 450 3229 506 merito
3257 457 3505 519 quartus,
3536 447 3628 517 qui

390 553 763 629 προηνέγκατο
782 551 1113 623 καταλλήλου
1134 551 1211 623 τῷ
1230 552 1422 625 καιρῷ·
1445 553 1508 606 δι’
1527 552 1555 605 ὃ
1573 572 1591 603 ι
1609 550 1836 621 Μελῴδη
1843 569 1916 621 μα
1936 570 1952 603 ι

2063 549 2362 619 triumphos
2394 549 2611 602 exhibet
2647 544 2825 612 hujus,
2869 543 3012 613 quod
3052 550 3240 597 contra
3271 541 3437 595 lilium
3485 550 3625 606 erat,

350 702 365 727 γ
390 649 485 702 καὶ
511 664 529 697 ι
566 644 721 717 ᾭδὴν
762 663 781 696 ι
827 644 877 696 οί
914 643 1089 697 λοιποὶ
1136 644 1228 698 καὶ
1265 644 1321 696 ἐν
1350 646 1416 712 τῇ
1436 645 1639 697 τούτων
1666 646 1959 715 προγραφῇ

389 736 773 806 πεποιήκασιν.
799 734 937 795 Τοὺς
960 733 1178 798 λοιποὺς
1199 735 1256 787 δὲ
1277 734 1383 788 τῶν
1405 736 1604 811 ὁμοίως
1633 738 1965 805 ἐπιγεγραμ-

395 826 572 897 μένων
599 824 996 897 παραπλησίως
1017 827 1130 889 τοῖς
1158 826 1465 897 εἰρημένοις
1500 826 1786 897 ἐπισκέψῃ.
1810 828 1963 879 Ὅσοι

392 918 551 983 εἰσὶν,
593 936 614 971 ι
657 919 718 972 ἐν
776 916 982 988 ὕμνοις,
1031 938 1050 971 ι
1100 918 1583 989 ἐπιγεγραμμένοι,
1615 918 1707 971 ἐπί¹
1757 917 1962 970 τούτων

392 1010 514 1063 ἀντὶ
536 1007 630 1062 τοῦ
643 1027 683 1073 ,ι
709 1010 765 1061 ἐν
788 1007 995 1079 ὕμνοις,
1030 1027 1050 1061 ι
1079 1010 1108 1061 6
1149 1009 1246 1079 μὲν
1281 1007 1531 1072 Ἀκύλας,
1551 1027 1569 1059 ι
1597 1010 1653 1062 ἐν
1675 1007 1956 1079 ψαλμοῖς»

394 1101 424 1152 6
444 1100 501 1152 δέ
534 1098 827 1171 Σύμμαχος
863 1119 881 1151 ι
905 1099 995 1153 διὰ
1025 1099 1324 1171 ψαλτηρίου
1373 1118 1392 1151 ι
1441 1100 1734 1153 ἐκδέδωκεν
1755 1117 1768 1129 θ
1820 1098 1962 1152 ὥστε

394 1188 536 1242 κατὰ
562 1190 661 1262 τὴν
689 1190 868 1245 αὐτῶν
903 1191 1196 1262 ἑρμηνείαν
1227 1191 1418 1262 μόνους
1448 1187 1587 1245 εἶναι
1620 1192 1839 1256 τούτους
1873 1191 1963 1246 διὰ

391 1277 486 1332 τοῦ
525 1279 784 1350 μουσικοῦ
833 1281 1063 1354 ὀργάνου
1118 1280 1542 1354 μελῳδηθέντας.
1587 1284 1698 1337 Καὶ
1743 1282 1855 1354 ἔχει
1897 1298 1961 1352 γε

390 1369 548 1440 λόγον
569 1372 661 1426 τὸν
686 1372 943 1445 τέταρτον
963 1376 1198 1446 ψαλμὸν,
1229 1394 1247 1426 ι
1278 1377 1334 1429 ἐν
1360 1374 1550 1447 ὕμνοις
1580 1394 1600 1429 ι
1624 1378 1963 1449 ἐπιγεγραμ-

392 1463 579 1534 μένον,
605 1461 672 1515 δι’
699 1463 931 1535 ὀργάνου
959 1463 1306 1535 κεκροῦσθαι,
1342 1464 1558 1537 Ἐπειδὴ
1592 1464 1699 1537 γὰρ
1721 1467 1750 1519 6
1781 1466 1962 1536 τρίτος

389 1552 577 1624 εἴρητο
597 1553 675 1623 τῷ
701 1552 883 1619 Δαυῒδ,
920 1555 1079 1625 ἡνίκα
1118 1554 1507 1626 ἀπεδίδρασκεν
1540 1556 1648 1610 ἀπὸ
1669 1555 1960 1628 προσώπου

403 1642 755 1716 Ἀϐεσσαλὼμ
787 1644 883 1698 τοῦ
915 1645 1031 1699 υἰού
1089 1646 1277 1710 αὐτοῦ,
1317 1646 1546 1711 εἰκότως
1596 1649 1625 1700 6
1671 1647 1959 1719 τέταρτος,

2062 642 2205 707 belli,
2245 658 2264 692 ι
2300 641 2351 695 in
2385 640 2540 695 finem
2574 656 2592 689 ι
2634 639 2837 708 pariter
2878 645 2932 691 et
2965 655 2982 686 ι
3036 635 3086 688 in
3115 634 3328 705 hymnis
3371 652 3390 686 ι
3433 633 3628 687 inscri-

2062 741 2183 801 ptus
2228 740 2329 785 est.
2369 729 2495 784 Ideo
2546 727 2902 798 Symmachus
2959 724 3099 780 illius
3165 725 3301 787 loco,
3355 724 3408 775 in
3444 724 3623 793 finem,

2066 842 2085 874 ι
2123 820 2443 892 triumphale
2478 838 2496 872 ι
2558 820 2751 884 vertit;
2809 816 3001 886 Aquéla
3039 830 3208 881 vero,
3269 834 3289 868 ‹
3335 815 3557 875 victori,
3601 832 3621 866 ι

2059 915 2246 970 edidit.
2272 912 2420 967 Hanc
2440 926 2568 966 vero
2592 926 2620 964 a
2642 910 2795 966 nobis
2824 909 3071 963 traditam
3098 909 3359 963 rationem
3384 915 3623 973 servant,

2058 1022 2179 1077 qua:
2211 1021 2338 1062 mox
2378 1012 2681 1072 sequuntur
2721 1004 2880 1057 verba
2923 1002 2970 1033 9°
3011 1017 3024 1054 :
3067 1019 3086 1052 ι
3126 999 3258 1055 Cum
3296 999 3623 1064 invocarem,

2060 1098 2338 1154 exaudivit
2368 1110 2456 1149 me
2486 1096 2623 1149 Deus
2655 1093 2877 1161 iustitiae
2909 1107 3060 1158 mete,
3085 1111 3103 1143 ι
3147 1101 3201 1146 et
3234 1100 3449 1146 caetera.
3486 1089 3625 1145 Con-

2061 1200 2262 1256 gruens
2293 1184 2456 1254 igitur
2483 1192 2601 1238 erat
2645 1182 2759 1236 hilBC
2802 1182 2955 1250 quasi
2988 1183 3037 1233 in
3093 1180 3399 1249 triumphis,
3433 1191 3486 1235 et
3530 1196 3626 1250 per

2061 1277 2265 1331 musica
2310 1276 2665 1330 instrumenta
2708 1273 2936 1327 cantari.
2987 1272 3203 1327 Tertius
3236 1287 3368 1328 vero
3389 1274 3626 1342 psalmus

2059 1385 2192 1434 non,
2228 1386 2247 1420 ι
2285 1368 2336 1421 in
2372 1364 2557 1430 finem,
2591 1384 2610 1418 ι
2651 1365 2941 1433 inscriptus
2986 1373 3102 1419 crat
3140 1379 3155 1416 :
3198 1362 3432 1417 nondum
3482 1361 3625 1417 enim

2063 1458 2367 1528 triumphus
2423 1456 2634 1519 aderat,
2686 1470 2862 1523 neque
2902 1462 3020 1523 post
3067 1452 3225 1507 linem
3277 1451 3399 1507 belli
3450 1452 3627 1508 dictus

2062 1550 2261 1604 fuerat.
2301 1547 2462 1603 Circa
2499 1556 2708 1603 sextum
2743 1560 2866 1600 vero
2900 1544 3160 1615 psalmum
3208 1542 3509 1613 perpendas
3534 1558 3627 1598 ve-

2061 1640 2189 1701 lim,
2233 1656 2299 1694 ne
2336 1637 2504 1702 forte,
2552 1638 2676 1707 quia
2725 1646 2846 1706 post
2893 1637 3102 1704 priores
3155 1635 3348 1704 psalmi
3401 1649 3625 1705 versus,

388 1734 460 1789 τὰ
487 1735 778 1805 νικητήρια
814 1736 1083 1807 περιέχων
1108 1736 1202 1789 τοῦ
1228 1736 1365 1808 πρὸς
1389 1737 1478 1792 τὸν
1504 1738 1619 1790 υίὸν
1653 1737 1764 1808 (‘29)
1798 1738 1952 1792 πολέ-

2064 1733 2206 1785 circa
2244 1731 2404 1785 linem
2436 1730 2514 1784 sic
2540 1728 2703 1783 infert
2730 1728 2811 1783 9‘:
2851 1745 2870 1778 ι
2904 1727 3121 1781 Audivit
3152 1726 3410 1782 Dominus
3437 1741 3623 1781 vocem

392 1836 518 1889 μου,
553 1820 686 1890 ὁμοῦ
711 1820 805 1875 καὶ
836 1838 855 1872 ι
894 1823 974 1883 είς
998 1821 1058 1874 τὸ
1081 1820 1251 1887 τέλος,
1281 1840 1299 1873 ι
1320 1821 1454 1893 ὁμοῦ
1488 1822 1582 1877 καὶ
1603 1842 1622 1875 ι
1646 1824 1703 1877 ἐν
1725 1822 1913 1894 ὕμνοις
1935 1843 1953 1877 ι

388 1910 809 1981 ἐπιγέγραπται.
837 1911 1035 1982 Διόπερ
1072 1915 1101 1966 6
1127 1911 1418 1983 Σύμμαχος
1454 1914 1574 1967 ἀντὶ
1614 1914 1728 1979 τοῦ,
1777 1917 1857 1978 εἰς
1903 1913 1963 1968 τὸ

385 2004 560 2071 τέλος,
597 2025 616 2058 ι
657 2006 938 2074 ἐπινίκιον,
979 2026 997 2058 ι
1031 2010 1060 2061 6
1099 2007 1157 2061 δὲ
1185 2006 1433 2072 Ἀκύλας,
1467 2027 1485 2059 ι
1516 2007 1594 2078 τῷ
1622 2007 1897 2079 νικοποιῷ,
1934 2028 1954 2062 ι

387 2098 770 2153 ἐκδεδώκασιν.
814 2098 980 2163 Σώζει
1008 2098 1062 2151 δέ
1097 2100 1195 2171 τὴν
1237 2098 1583 2154 ἀποδοθεῖσαν
1621 2099 1851 2171 θεωρίαν
1892 2100 1962 2154 τὰ

381 2190 767 2262 ἐπιλεγόμενα,
813 2192 871 2242 ἐν
912 2184 994 2253 οἷς
1024 2207 1222 2260 φησιν·
1262 2210 1280 2242 ι
1329 2192 1417 2244 Ἐν
1464 2191 1541 2262 τῷ
1586 2191 1959 2247 ἐπικαλεῖσθαι

389 2299 478 2354 με,
508 2282 792 2353 εἰσήκουσέ
849 2298 950 2352 μου
984 2283 1012 2335 6
1058 2281 1190 2346 Θεὸς
1215 2282 1314 2353 τῆς
1360 2282 1705 2355 δικαιοσύνης
1754 2301 1878 2356 μου,
1933 2305 1952 2339 ι

385 2372 480 2426 καὶ
506 2371 574 2425 τὰ
593 2372 1022 2444 ἐξῆς.Ἤρμοζεν
1050 2368 1142 2426 οὖν
1169 2374 1339 2428 ταῦτα
1367 2375 1442 2439 ὡς
1473 2376 1531 2429 ἐν
1554 2378 1839 2443 ἐπινικίοις
1865 2379 1958 2431 καὶ

382 2463 474 2517 διὰ
505 2464 776 2535 μουσικῶν
799 2467 1046 2538 ὀργάνων
1080 2469 1533 2543 ἀνακρουσθῆναι.
1582 2474 1639 2526 '0
1680 2473 1737 2528 δὲ
1778 2473 1957 2547 τρίτος

384 2556 486 2610 οὐκ
517 2557 913 2630 ἐπιγέγραπται
952 2559 1061 2631 (50)
1099 2579 1116 2612 ι
1163 2563 1243 2626 εἰς
1271 2562 1329 2615 τὸ
1372 2563 1559 2627 τέλοςο
1600 2585 1619 2618 ι
1674 2566 1734 2619 οὐ
1760 2567 1867 2639 γὰρ
1887 2563 1956 2640 ἦν

385 2665 474 2701 πω
494 2649 754 2714 ἐπινίκιος
776 2666 791 2681 ·
813 2650 927 2704 ἀλλ’
958 2652 1079 2706 οὐδὲ
1112 2653 1204 2707 τοῦ
1234 2655 1470 2727 πολέμου
1497 2656 1648 2721 τέλος
1677 2657 1957 2731 εἰληφότος

383 2738 589 2811 εἴρητο.
622 2740 824 2811 Σκέψαι
850 2741 907 2795 δὲ
936 2741 1031 2796 καὶ
1058 2744 1150 2797 ἐπὶ
1172 2745 1266 2799 τοῦ
1303 2746 1482 2811 ἕκτου,
1518 2749 1728 2818 μήποτε
1768 2749 1953 2823 ἐπειδὴ

387 2829 529 2900 μετὰ
563 2830 630 2884 τὰ
658 2830 849 2902 πρῶτα
878 2832 973 2886 τοῦ
1005 2833 1222 2904 ψαλμοῦ
1251 2836 1310 2891 ἐν
1337 2840 1450 2900 τοῖς
1477 2837 1806 2902 τελευταίοις
1834 2840 1955 2891 ἐπι-

387 2922 543 2994 φέρει
565 2921 736 2993 λέγων
758 2939 772 2955 ·
800 2943 817 2975 ι
861 2925 1097 2978 Ἤκουσε
1122 2926 1323 2998 Κύριος
1349 2929 1446 3000 τῆς
1476 2930 1658 3000 φωνῆς
1677 2930 1769 2984 τοῦ
1797 2930 1956 2984 κλαυ-

386 3012 527 3085 θμοῦ
556 3032 655 3085 μου
688 3015 820 3087 (3t),
855 3018 1139 3088 εἰσήκουσε
1169 3018 1374 3091 Κύριος
1415 3022 1514 3092 τῆς
1543 3022 1779 3096 δεήσεώς
1815 3041 1913 3096 μου
1934 3041 1949 3056 ο

2062 1820 2221 1876 ﬂetus
2242 1820 2379 1883 mei:
2398 1818 2675 1874 exaudivit
2698 1816 2953 1872 Dominus
2969 1816 3401 1886 deprecationem
3425 1831 3622 1879 meam,

2061 1914 2321 1970 Dominus
2349 1913 2652 1966 orationem
2689 1924 2861 1965 meam
2887 1908 3147 1978 suscepit,
3167 1926 3187 1959 ›
3212 1907 3403 1962 merito
3427 1916 3481 1961 et
3513 1908 3626 1977 ipse

2066 2023 2086 2057 ι
2128 2004 2467 2074 triumphalis
2490 2023 2509 2056 ι
2534 2013 2623 2058 ει(
2644 2016 2739 2072 per
2768 2000 3076 2070 psalterium
3103 2016 3118 2067 ;
3160 2017 3178 2051 ι
3214 1999 3354 2069 apud
3397 1997 3624 2068 Septua-

2058 2098 2207 2166 ginta
2240 2111 2370 2152 vero
2404 2113 2424 2148 ι
2469 2095 2521 2149 in
2553 2094 2767 2159 linem,»
2797 2104 2852 2147 et
2885 2092 2939 2146 in
2972 2110 2990 2143 ι
3021 2092 3235 2162 hymnis
3267 2110 3286 2143 ›
3328 2091 3623 2161 inscriptus

2059 2190 2151 2246 sit.
2186 2188 2300 2244 lmo
2348 2189 2513 2243 etiam
2549 2186 3026 2258 quinquagesimus
3071 2185 3294 2252 tertius,
3328 2194 3456 2239 ante
3492 2198 3623 2253 pec-

2058 2291 2237 2337 catum
2287 2281 2340 2335 in
2388 2280 2573 2337 Uriam
2620 2293 2652 2333 a
2686 2277 2889 2332 Davide
2943 2276 3154 2343 dictus,
3200 2290 3323 2330 cum
3373 2275 3623 2330 venirent

2057 2369 2258 2441 Ζίρὴωὶ
2320 2382 2374 2428 et
2428 2372 2670 2426 dicerent
2725 2367 2875 2424 Sauli
2917 2384 2933 2420 :
2991 2384 3011 2419 ι
3051 2366 3238 2421 Nonne
3276 2379 3404 2420 ecce
3452 2364 3623 2419 David

2057 2464 2404 2519 absconditus
2438 2472 2520 2518 est
2550 2461 2685 2533 apud
2736 2460 2872 2515 nos?
2894 2480 2913 2513 ι
2940 2456 3367 2527 quandoquidem
3408 2455 3620 2511 calum-

2056 2556 2271 2623 niantes
2312 2569 2434 2610 eum
2485 2553 2624 2624 apud
2663 2550 2879 2607 Saulem
2942 2550 3080 2605 nihil
3137 2557 3465 2619 potuerant;
3512 2568 3531 2602 ‹
3565 2549 3617 2603 in

2057 2647 2272 2719 hymnis
2306 2666 2326 2698 ι
2362 2647 2576 2717 quidem
2635 2644 2776 2716 apud
2825 2657 2947 2707 nos,
3007 2642 3147 2713 apud
3201 2640 3441 2710 reliquos
3490 2656 3619 2696 vero

2062 2757 2080 2790 ι
2102 2754 2198 2810 per
2217 2742 2563 2812 psalterium;
2587 2745 2667 2792 ett
2691 2737 2743 2790 in
2761 2734 3044 2805 psalmis»
3065 2735 3296 2804 itemque
3329 2754 3347 2784 ι
3372 2734 3616 2796 victori,s

2055 2840 2109 2887 et
2143 2850 2162 2884 ι
2186 2830 2566 2899 triumphale,»
2597 2828 2889 2897 inscriptus
2917 2834 3020 2881 est.
3058 2825 3177 2879 Pari
3206 2824 3365 2878 modo
3400 2823 3465 2878 de
3495 2823 3620 2878 reli-

2054 2927 2177 2996 quis
2224 2923 2458 2994 cogites,
2501 2922 2591 2991 qui
2649 2919 2810 2975 simili
2862 2918 3098 2989 gaudent
3136 2916 3505 2986 inscriptione.
3557 2916 3625 2969 lu

2057 3017 2307 3075 confesso
2347 3024 2432 3071 est
2480 3013 2767 3085 plerosque
2797 3011 3031 3081 psalmos
3061 3020 3182 3081 post
3229 3008 3617 3080 quinquagesi-

391 3105 594 3178 Κύριος
619 3107 718 3180 τὴν
751 3111 1060 3183 προσευχήν
1106 3128 1205 3184 μου
1246 3089 1635 3185 προσεδέξατο,
1679 3136 1698 3169 ι
1731 3089 1951 3181 εἰκότως

2055 3124 2202 3165 mum
2218 3108 2442 3179 positos,
2460 3107 2548 3161 diu
2568 3114 2696 3159 ante
2712 3101 3215 3173 quinquagesimum
3232 3100 3405 3154 editos
3425 3096 3612 3153 fuisse.

382 3198 547 3262 αὐτὸς
578 3216 598 3249 ι
632 3199 916 3264 ἐπινίκιος,
957 3219 976 3253 ι
1009 3203 1102 3256 καὶ
1135 3220 1155 3254 ι
1189 3202 1277 3257 διὰ
1302 3202 1621 3278 ψαλτηρίου,
1656 3224 1674 3259 ι
1717 3205 1869 3279 παρὰ
1894 3206 1951 3261 δὲ

382 3290 498 3352 τοῖς
535 3287 933 3362 Ἕϐδομήκοντα
975 3308 995 3343 ι
1028 3292 1105 3356 εἰς
1127 3291 1374 3359 τὸτέλος,
1408 3314 1426 3347 ι
1460 3296 1555 3349 καὶ
1581 3315 1599 3347 ι
1630 3297 1688 3349 ἐν
1717 3295 1905 3367 ὕμνοις
1925 3314 1944 3348 ι

383 3381 804 3452 ἐπιγέγραπται.
841 3382 1001 3437 Ἀλλὰ
1038 3386 1181 3439 καὶὸ
1214 3388 1574 3458 πεντηκοστὸς
1602 3388 1803 3460 τρίτος,
1841 3389 1950 3459 πρὸ

381 3475 481 3546 τῆς
504 3477 583 3539 εἰς
609 3475 700 3529 τὸν
721 3476 921 3549 Οὐρίαν
953 3478 1225 3551 ἁμαρτίας
1258 3481 1544 3552 εἰρημένος
1571 3480 1649 3552 τῷ
1679 3480 1859 3546 Δαυῖδ,
1893 3484 1950 3535 ἐν

379 3565 463 3637 τῷ
488 3566 659 3621 ἐλθεῖν
681 3569 807 3632 τοὺς
831 3570 1086 3638 Ζιφαίους
1113 3571 1207 3624 καὶ
1231 3574 1404 3626 εἰπεῖν
1435 3571 1514 3643 τῷ
1546 3573 1715 3628 Σαούλ
1732 3591 1745 3604 ·
1783 3592 1801 3625 ι
1837 3575 1951 3627 Οὐκ

384 3658 496 3712 ἰδοὺ
529 3658 689 3713 Δαυῖδ
720 3660 1024 3732 κέκρυπται
1046 3663 1174 3734 παρ’
1209 3665 1375 3734 ήμίνς
1407 3683 1426 3716 ›
1454 3664 1529 3728 ὡς
1553 3664 1618 3718 ἂν
1641 3665 1748 3719 τῶν
1772 3665 1953 3720 διαϐε-

380 3749 658 3821 ϐληκότων
688 3752 849 3805 αὐτὸν
902 3752 980 3824 τῷ
1030 3754 1204 3808 Σαοὺλ
1251 3755 1416 3826 μηδὲν
1471 3756 1790 3827 ἰσχυκότων,
1833 3776 1851 3809 ι
1890 3759 1950 3811 ἐν

382 3840 574 3915 ὕμνοις
606 3861 625 3894 s
666 3844 764 3914 μὲν
804 3847 933 3916 παρ’
965 3847 1129 3916 ἡμῖν’
1164 3848 1312 3919 παρὰ
1336 3848 1393 3900 δέ
1424 3850 1536 3912 τοῖς
1569 3847 1775 3912 λοιποῖς
1813 3866 1832 3901 ι
1864 3847 1951 3902 διὰ

379 3932 676 4007 ψαλτηρίου
699 3954 718 3988 ι
739 3937 832 3990 καὶ
849 3954 868 3988 ι
888 3939 946 3990 ἐν
963 3937 1213 4010 ψαλμοῖς,
1236 3959 1255 3991 ι
1273 3939 1367 3994 καὶ
1389 3958 1406 3991 ι
1425 3939 1503 4011 τῷ
1514 3939 1788 4012 νικοποιῷ,
1820 3960 1838 3993 ι
1857 3942 1952 3994 καὶ

387 4044 408 4080 ι
431 4026 695 4091 ἐπινίκιος
730 4046 749 4080 ι
776 4028 1309 4101 ἐπιγέγραπται.Τὸν
1336 4032 1518 4101 ὅμοιον
1535 4031 1808 4104 δὲτρόπον
1834 4033 1952 4085 ἐπι-

383 4120 601 4189 στήσεις
625 4119 719 4172 καὶ
761 4120 874 4182 τοῖς
912 4119 1137 4186 λοιποῖς,
1172 4122 1285 4175 ὅσοι
1325 4121 1427 4192 τῆς
1464 4122 1657 4194 ὁμοίας
1695 4121 1950 4193 ἠξίωνται

383 4209 724 4280 προγραφῆς.
750 4209 1220 4282 Ὀμολογουμένως
1243 4213 1293 4265 οἰ
1320 4211 1538 4276 πλείους
1559 4212 1670 4284 (52)
1684 4212 1790 4267 τῶν
1815 4213 1952 4284 μετὰ

380 4300 475 4354 τὸν
522 4301 885 4373 πεντηκοστὸν
922 4302 1156 4374 ψαλμὸν,
1210 4304 1403 4377 μακρῷ
1437 4305 1672 4378 πρόσθεν
1705 4305 1951 4378 εἴρηνται

2050 3202 2163 3257 lmo
2198 3197 2359 3270 525
2387 3199 2502 3268 ipse
2525 3193 3005 3267 quinquagesitnus
3051 3190 3304 3246 recitatus
3353 3188 3455 3243 fuit
3488 3195 3614 3242 ante

2051 3291 2298 3355 tertium,
2337 3291 2430 3358 qui
2465 3289 2641 3344 dictus
2666 3295 2751 3341 est
2776 3301 2804 3339 a
2837 3283 3038 3338 Davide
3067 3298 3190 3338 cum
3232 3281 3435 3352 fugeret
3460 3295 3491 3334 a
3537 3278 3617 3333 fa-

2049 3380 2458 3441 cieAbessalom
2487 3379 2585 3434 lilii
2612 3379 2694 3434 sui
2719 3376 2891 3448 :quod
2914 3386 3060 3431 certe
3087 3384 3296 3443 tempus
3318 3381 3436 3442 post
3460 3370 3620 3442 quin-

2049 3473 2348 3548 quagesimi
2393 3470 2788 3527 confessionem
2823 3467 3108 3522 locandum
3140 3476 3243 3519 est.
3279 3463 3417 3531 Quid
3456 3463 3618 3533 igitur

2050 3580 2229 3622 causae
2269 3572 2355 3619 est
2408 3563 2551 3634 quod
2615 3561 2774 3616 talem
2811 3560 3046 3615 habeant
3092 3556 3386 3613 ordinem?
3412 3554 3620 3609 Dixerit

2052 3659 2286 3714 fortasse
2326 3657 2597 3726 quispiam
2626 3668 2887 3709 numeros
2912 3650 3153 3721 singulos
3180 3650 3415 3719 aliquam
3448 3648 3618 3700 virtu-

2049 3757 2157 3804 tem
2182 3746 2486 3817 complecti,
2507 3744 2805 3801 secundum
2836 3743 3148 3796 numericas
3176 3740 3417 3794 rationes
3443 3738 3619 3792 consi-

2051 3843 2288 3897 deratam
2313 3856 2328 3907 ;
2354 3849 2413 3894 ut
2446 3838 2680 3908 exempli
2711 3852 2894 3902 causa,
2923 3836 2975 3889 in
3000 3835 3182 3889 divina
3217 3834 3495 3905 Scriptura
3524 3846 3615 3887 se—

2050 3933 2332 4005 ptenarius
2379 3946 2638 3987 numerus
2660 3931 2714 3985 iu
2741 3930 2951 3985 honore
2977 3927 3228 3994 habetur,
3258 3927 3326 3981 ob
3352 3923 3616 3996 quasdam

2051 4025 2327 4090 rationes;
2360 4039 2485 4078 nam
2517 4023 2573 4077 in
2622 4031 2830 4091 septem
2863 4019 3051 4075 diebus
3091 4018 3381 4074 Sabbatum
3417 4028 3618 4087 praero-

2051 4116 2229 4187 gativa
2254 4115 2537 4186 dignatur;
2573 4124 2628 4170 et
2658 4115 2710 4168 in
2743 4122 2945 4183 septem
2979 4110 3402 4168 hebdomadibus
3423 4109 3617 4164 Pente-

2051 4217 2201 4262 coste
2228 4221 2242 4271 ;
2271 4205 2323 4258 in
2359 4205 2638 4261 mensibus
2671 4205 2930 4274 septimus
2968 4203 3289 4269 meusis;in
3327 4199 3484 4254 annis
3528 4214 3619 4253 au-

2054 4306 2161 4353 tem
2195 4297 2496 4368 septimus;
2526 4306 2581 4351 et
2628 4298 2682 4351 in
2721 4296 3165 4367 multiplicatione
3188 4293 3615 4364 septenariorum

380 4389 475 4446 τοῦ
510 4393 894 4464 πεντηκοστοῦ.
933 4394 1044 4447 Καὶ
1074 4395 1235 4458 αὐτὸς
1258 4395 1315 4448 δέ
1342 4398 1371 4450 6
1407 4396 1770 4467 πεντηκοστὸς
1798 4396 1950 4470 εἴρη-

2055 4406 2149 4461 per
2185 4405 2377 4455 annos,
2405 4387 2665 4446 Jubilmus
2688 4398 2891 4456 septem
2912 4402 3174 4444 annorum
3193 4385 3614 4442 hebdomadibus

2058 4480 2346 4500 --__._.IA.---
2402 4478 2740 4500 η--..---..-----
2772 4479 2896 4500 Δμ--
2958 4479 3067 4500 -ξ..-
3110 4477 3334 4500 Α.--1ξι--
3386 4490 3481 4500 ..-Α
3515 4474 3584 4500 Ξ...

378 4499 472 4536 ται
492 4483 598 4555 πρὸ
618 4484 712 4537 τοῦ
739 4485 931 4557 χρόνου
959 4485 1053 4540 τοῦ
1072 4486 1211 4541 κατὰ
1226 4488 1316 4540 τὸν
1335 4488 1536 4559 τρίτον,
1557 4489 1617 4553 ὃς
1648 4488 1837 4561 ἐλέχθη
1868 4489 1945 4560 τῷ

2055 4480 2368 4551 completus.
2399 4478 2744 4549 Rursumque
2765 4479 2921 4550 dyas,
2955 4479 3071 4535 sive
3106 4477 3358 4541 dualitas,
3386 4490 3484 4547 pro
3515 4474 3617 4529 im-

378 4574 544 4629 Δαυῒδ
558 4577 719 4646 ἡνίκα
739 4578 1131 4650 ἀπεδίδρασκεν
1147 4578 1254 4634 ἀπὸ
1267 4579 1555 4652 προσώπου
1570 4580 1665 4633 τοῦ
1684 4580 1941 4634 Ἀὅεσσαο

379 4664 502 4738 λὼμ
512 4666 607 4721 τοῦ
623 4668 738 4722 υἱοῦ
756 4667 1054 4728 αὐτοῦ.⁷Ην
1079 4673 1123 4726 δ’
1140 4668 1294 4738 οὗτος
1321 4674 1512 4746 χρόνος
1530 4674 1558 4725 6
1590 4672 1728 4744 μετὰ
1738 4673 1837 4744 τὴν
1851 4670 1946 4726 τοῦ

380 4758 748 4830 πεντηκοστοῦ
787 4760 1188 4836 ἐξομολόγησιν.
1230 4764 1361 4818 Τίνα
1382 4760 1475 4818 οὖν
1505 4762 1735 4836 ἄρα(55)
1768 4762 1950 4818 τοιαύ-

378 4864 480 4920 την
508 4852 748 4923 περιέχει
777 4852 962 4921 adﬁni;
1008 4857 1067 4909 Ὁ
1099 4856 1198 4927 μέν
1231 4874 1314 4921 τις
1340 4855 1488 4910 εἴποι
1515 4856 1657 4928 ἔχειν
1686 4855 1809 4910 τινὰ
1838 4854 1948 4909 τῶν

450 4945 499 4979 ⁹⁶
525 4945 664 5002 Psal.
696 4963 772 5014 tv,
809 4948 864 5003 2.
939 4950 984 4982 ⁸³
1013 4950 1160 5006 Psal.
1194 4967 1267 5018 vr,
1300 4951 1354 5017 9,
1388 4952 1477 5007 10.

411 5057 564 5144 _(29)
618 5058 774 5129 Πρὸς
801 5060 910 5116 τὸν
935 5064 1090 5118 υἱόν.
1132 5062 1313 5120 Codex
1345 5063 1662 5131 Vaticanus,
1708 5064 1844 5136 πρὸς
1891 5063 1954 5117 τὸ

376 5145 496 5187 νυν.

474 5199 566 5275 ἔνθ)
600 5199 780 5275 Codex
812 5199 1126 5275 Yatiranus,
1165 5202 1568 5275 ἐπεγέγραπτο.

475 5268 575 5345 31)-
603 5269 783 5345 (iudex
826 5270 1131 5345 Yaticanus
1156 5275 1253 5344 τὴν
1278 5268 1480 5345 ’φωνὴν
1526 5274 1624 5328 τοῦ
1666 5273 1946 5345 κλαυθμοῦ

384 5355 508 5425 Ima:
522 5341 1053 5425 εεσὶδὶίουῖελύριος
1071 5341 1383 5425 assum
1403 5341 1520 5425 ἑῆς.
1549 5344 1793 5425 δεήςειίξς.
1815 5341 1941 5415 μου·

453 5412 565 5484 (ξιξ)
599 5413 664 5464 Oi
695 5412 964 5478 πλείους,
988 5423 1103 5484 etc.
1127 5412 1372 5484 ⁸ΗίΙεινὶιιει
1402 5412 1708 5484 Ρτοιοεοὶιι
1740 5412 1934 5470 librum

384 5477 743 5544 Paulinorum,
780 5477 931 5539 num.
978 5482 1059 5538 9:
1116 5481 1362 5537 Psaimus
1415 5477 1596 5538 tertiu}
1653 5484 1936 5538 secundum

381 5547 659 5629 historiam
702 5553 1126 5629 quinquagesimo
1170 5554 1669 5629 psalmoposteriqr
1701 5565 1815 5609 est:
1848 5555 1933 5629 ξιι-

379 5619 591 5691 scriptio
632 5619 851 5691 namque
889 5619 1159 5691 utriusque
1198 5624 1360 5676 multo
1389 5619 1659 5677 intervallo
1693 5626 1933 5688 temporis

268 5694 285 5712 '
378 5688 654 5759 wtatisque
675 5688 881 5746 diversa
903 5701 997 5747 est.
1040 5688 1180 5747 Nam
1203 5691 1289 5747 hic
1318 5709 1433 5763 qua:
1465 5695 1557 5749 sub
1584 5692 1712 5749 Uria
1747 5706 1794 5750 et
1830 5697 1935 5752 Da-

2047 4587 2182 4642 puro
2213 4587 2436 4627 numero
2464 4581 2827 4642 computatur.
2861 4572 3070 4628 Dictum
3098 4571 3294 4641 quippe
3327 4568 3426 4623 fuit
3456 4566 3568 4624 Noe
3596 4584 3611 4621 :

2054 4685 2073 4718 ι
2110 4663 2337 4720 Induces
2366 4665 2421 4719 in
2457 4680 2639 4720 arcam
2677 4666 3000 4722 mundorum
3048 4666 3263 4735 quidem
3301 4661 3614 4718 animalium

2049 4766 2255 4827 septem
2280 4768 2335 4814 et
2355 4768 2586 4828 septem,
2606 4759 3006 4813 immundorum
3031 4765 3211 4813 autem
3235 4761 3340 4812 duo
3362 4764 3415 4810 et
3434 4755 3557 4811 duo.
3589 4772 3609 4807 ι

2053 4849 2324 4909 Unitatem
2347 4867 2478 4908 vero
2508 4851 2664 4925 longe
2708 4852 2860 4923 prius
2888 4865 3028 4921 esse,
3069 4851 3188 4911 sive
3207 4865 3327 4906 eam
3348 4864 3469 4921 qua:
3497 4848 3613 4918 pri-

2061 5056 2147 5113 uid
2176 5064 2296 5111 sunt
2316 5063 2483 5125 gesta,
2512 5056 2900 5122 complectitur;
2928 5055 3014 5110 ille
3027 5066 3199 5111 autem
3218 5059 3396 5126 fugam
3421 5054 3609 5119 Dauid,

2057 5126 2344 5180 Abessalon
2370 5126 2482 5194 [ilio
2508 5142 2625 5180 eum
2648 5135 2998 5196 persequente,
3027 5127 3299 5197 signiﬁcas
3320 5143 3340 5182 :
3363 5137 3411 5180 et
3436 5136 3610 5197 tamen

2056 5200 2219 5251 virtus
2246 5212 2308 5249 ac
2343 5207 2726 5267 sacramentum
2760 5194 2957 5267 numeri
2980 5194 3201 5267 perﬁcit,
3231 5199 3366 5249 [tunc
3387 5207 3433 5267 et
3463 5194 3607 5267 illum

2051 5268 2126 5321 sic
2154 5283 2248 5335 pro
2278 5265 2692 5335 competentibus
2720 5280 2766 5319 et
2814 5266 2913 5320 sibi
2947 5264 3195 5334 congruis
3230 5266 3460 5319 numeris
3486 5264 3606 5335 7col-

2050 5334 2237 5392 locari.
2261 5334 2461 5389 Confer
2494 5335 2618 5389 item
2645 5352 2796 5392 num.
2826 5335 2891 5389 10
2915 5346 2967 5389 et
2998 5340 3053 5390 ll
3084 5353 3205 5392 cum
3235 5334 3626 5404 sequentibus,

2047 5418 2103 5460 et
2132 5407 2409 5477 fateberis,
2419 5405 2605 5477 omnia
2651 5405 2766 5461 fere
2816 5422 2883 5461 ex
2928 5406 3159 5477 Origene
3184 5415 3369 5461 nostro
3393 5414 3605 5459 mutua-

2047 5485 2156 5532 tum
2198 5491 2318 5530 esse
2352 5473 2633 5527 Hilarium.

2112 5546 2224 5617 (55)
2291 5545 2429 5600 Τίνα
2457 5539 2568 5597 οὖν
2595 5544 2724 5614 ἄρα,
2757 5555 2864 5601 etc.
2902 5543 3060 5601 Forte
3090 5545 3372 5619 legendum
3393 5563 3407 5600 :
3430 5542 3495 5601 Τί
3511 5537 3625 5597 οὖν)

2040 5619 2166 5687 ἄρα.
