4046 6152
116 1490 195 1509 ac...”
207 1505 212 1511 .

125 1512 187 1529 ὀμ..

333 229 471 286 1077

1319 226 1627 284 SELECTA
1664 226 1735 283 1N
1771 227 2106 287 PSALMOS-
2130 246 2197 259 —
2219 215 2412 274 PSAL.
2442 215 2479 272 Ι.

3422 224 3559 279 10ῗὸ

325 349 423 404 τοῦ
455 346 746 411 δεδωκότος
798 346 966 411 αὑτὰς
994 346 1151 414 Θεοῦ,
1207 348 1272 419 τῇ
1320 346 1425 400 ὑπὸ
1464 347 1564 417 τῆς
1617 345 1891 417 σφραγῖδος

2006 347 2096 413 qui
2129 360 2222 401 eas
2250 349 2476 415 largitus
2508 350 2611 407 est,
2649 340 2872 414 intelligi
2918 342 3114 408 debet,
3152 356 3276 414 quae
3308 342 3560 399 videlicet

324 438 650 511 δηλουμένη.
686 438 820 508 Περὶ
854 438 952 507 μὲν
985 433 1078 490 οὖν
1102 436 1195 490 τοῦ
1229 436 1536 490 κεκλεῖσθαι
1570 437 1663 490 καὶ
1695 437 1897 505 ἐσφρα-

324 529 510 599 γίσθαι
563 530 591 581 6
640 526 888 597 Ἰωάννης
939 525 1278 581 ἀναδιδάσκει
1327 526 1385 579 ὲν
1429 528 1495 597 τῇ
1538 523 1895 593 Ἀποκαλύψει

325 622 518 689 λέγων·
560 638 579 671 ι
615 620 724 672 Kal
750 617 826 689 τῷ
853 618 1066 689 ἀγγέλῳ
1097 618 1196 687 τῆς
1218 620 1274 671 ὲν
1301 616 1647 688 Φιλαδελφείᾳ
1670 616 1897 687 Ἐκκλη-

200 754 223 783 π
327 713 449 776 σίας
474 711 703 783 γράψον·
741 711 876 764 Τάδε
902 711 1047 779 λέγει
1068 712 1096 763 6
1123 710 1295 779 ἅγιος,
1324 710 1353 761 6
1382 709 1662 781 ἀληθινὸς,
1702 711 1731 762 6
1758 707 1895 778 ἔχων

325 804 422 875 τὴν
450 804 634 857 κλεῖδα
660 802 754 856 τοῦ
782 803 943 856 Δαυῖδ
960 820 973 833 ·
1007 805 1036 857 6
1068 803 1319 871 ἀνοίγων,
1350 802 1447 855 καὶ
1472 802 1646 865 οὐδεὶς
1671 799 1892 864 κλείσει,

325 896 418 947 καὶ
447 894 662 957 κλείων,
691 894 785 947 καὶ
819 893 991 957 οὐδεὶς
1041 893 1273 959 ἀνοίξει·
1331 890 1461 947 Οἶδά
1504 910 1595 946 σου
1630 892 1699 946 τὰ
1725 892 1890 963 ἔργα·

202 1024 223 1043 ,η
328 987 435 1040 ἰδοὺ
463 986 672 1039 δέδωκα
698 985 867 1056 θύραν
911 985 1139 1039 ἐνώπιόν
1191 1003 1282 1039 σου
1317 985 1683 1056 ἀνεῳγμένην,
1720 985 1788 1055 ἢν
1813 983 1896 1037 οὑ-

323 1077 434 1141 δεὶς
463 1077 576 1147 (57)
608 1076 826 1130 δύναται
854 1077 1061 1131 κλεῖσαι
1114 1078 1304 1148 αὑτήν.
1367 1096 1385 1129 ι
1420 1077 1529 1129 Kal
1564 1075 1680 1146 μετ’
1708 1073 1890 1143 ὀλίγα’

89 1163 219 1240 35L.
329 1187 347 1220 ι
370 1169 478 1222 Kal
498 1163 636 1222 εἶδον
662 1169 754 1221 ἐπὶ
775 1167 872 1239 τὴν
887 1167 1065 1235 δεξιὰν
1092 1167 1186 1221 τοῦ
1210 1168 1516 1240 καθημένου
1538 1168 1631 1220 ὲπ¹ι
1648 1167 1739 1220 τὸν
1772 1164 1896 1237 θρό-

322 1278 410 1314 νον
459 1261 660 1331 βιϐλίον
708 1260 1091 1332 γεγραμμένον
1115 1259 1315 1315 ἔσωθεν
1360 1260 1454 1314 κα)⁸
1483 1258 1704 1313 ὄπισθεν
1757 1257 1892 1330 (58),

322 1352 859 1425 κατεσφραγισμένον
886 1355 1171 1424 σφραγῖσιν
1199 1352 1358 1406 ἑπτά.
1381 1352 1489 1406 Kal
1510 1347 1648 1406 εἶδον
1666 1350 1892 1421 ἄγγελον

325 1446 543 1517 ἰσχυρὸν
603 1447 710 1517 (59)
745 1445 1087 1518 κηρύσσοντα
1133 1448 1282 1517 φωνῇ
1310 1444 1550 1519 μεγάλῃ·
1613 1444 1710 1508 Τίς
1746 1442 1893 1507 ἄξιος

320 1537 528 1603 ἀνοῖξαι
556 1537 618 1590 τὸ
651 1537 870 1608 βιϐλίον,
902 1538 996 1591 καὶ
1020 1536 1176 1590 λῦσαι
1210 1536 1508 1609 σφραγῖδας
1538 1534 1701 1590 αὑτοῦ
1728 1552 1743 1601 ;
1790 1533 1892 1587 Kal

321 1628 495 1691 οὐδεὶς
525 1628 755 1698 ἠδύνατο
781 1630 837 1683 ὲν
866 1628 943 1700 τῷ
970 1628 1202 1701 οὐρανῷ,
1231 1626 1355 1682 οὔτε
1377 1628 1468 1681 ἐπὶ
1499 1627 1598 1697 τῆς
1621 1628 1741 1698 γῆς,
1770 1624 1892 1679 οὔτε

2002 451 2097 505 per
2152 436 2384 506 sig-illum
2428 435 2797 490 adumbratur.
2870 433 3083 488 Etenim
3136 434 3348 490 clausas
3397 443 3558 505 atque

2000 526 2311 596 obsignatas
2364 540 2482 580 esse
2510 523 2821 594 Scripturas
2868 522 3103 579 Joannes
3135 524 3189 578 in
3242 525 3558 598 Apocalypsi

2001 601 2245 670 declarat.
2282 615 2365 670 his
2400 617 2575 671 verbis
2597 615 2643 648 ⁸³
2679 633 2694 671 :
2737 633 2755 667 ι
2794 616 2862 670 Ει
2910 616 3099 687 angelo
3137 616 3411 684 Ecclesiae,
3440 633 3560 688 qua

2000 705 2381 776 Philadelphia:
2410 715 2514 771 est,
2539 707 2757 762 scribe:
2792 706 2919 762 Haec
2945 708 3075 762 dicit
3098 706 3349 774 Sanetus,
3376 724 3559 777 verus,

2000 800 2091 869 qui
2119 799 2283 854 habet
2306 799 2515 853 clavem
2553 799 2758 864 David;
2791 799 2880 868 qui
2922 799 3119 869 aperit,
3142 809 3198 854 et
3230 814 3388 855 nemo
3410 797 3562 854 clau-

2001 891 2130 956 det;
2164 899 2218 944 et
2244 888 2465 956 claudit,
2495 897 2548 944 et
2577 903 2737 945 nemo
2772 890 2978 961 aperiet
3005 909 3017 944 :
3047 889 3179 946 Novi
3211 905 3376 959 opera
3417 899 3506 944 tua
3537 904 3558 946 :

2000 984 2152 1052 posui
2176 981 2320 1037 fores
2348 996 2533 1036 coram
2573 989 2624 1035 te
2651 991 2866 1050 apertas
2885 1023 2901 1046 ,
2956 998 3091 1051 quas
3124 997 3280 1038 nemo
3308 972 3577 1038 claudere

1999 1082 2194 1144 potest.
2220 1092 2238 1125 ι
2258 1071 2461 1128 Deinde
2485 1070 2645 1140 paulo
2668 1081 2789 1142 post
2810 1073 2856 1104 “
2884 1089 2899 1126 :
2935 1092 2952 1124 ι
2983 1072 3049 1126 Et
3065 1072 3171 1126 vidi
3195 1073 3259 1128 ad
3281 1073 3558 1128 dexteram

1999 1165 2239 1221 sedentis
2266 1165 2322 1220 in
2353 1164 2549 1219 throno
2584 1163 2777 1219 librum
2809 1165 3068 1233 scriptum
3097 1164 3241 1218 intus
3262 1172 3365 1218 etas
3386 1172 3557 1232 tergo,

1999 1257 2335 1328 obsignatum
2391 1255 2685 1326 signaculis
2736 1265 2968 1327 septem.
3028 1253 3099 1331 Et
3156 1254 3269 1309 vidi
3310 1254 3557 1326 angelum

1997 1348 2420 1418 proclamantem
2446 1362 2577 1403 voce
2601 1361 2792 1418 magna
2823 1363 2837 1399 :
2864 1345 2995 1411 Quis
3018 1353 3103 1400 est
3128 1345 3325 1414 dignus
3353 1346 3561 1414 aperire

1998 1439 2222 1504 librum,
2253 1448 2308 1493 et
2338 1438 2552 1495 solvere
2577 1437 2850 1509 signacula
2878 1435 3036 1506 ejus?
3062 1435 3128 1490 Et
3155 1450 3313 1490 nemo
3350 1445 3563 1505 poterat

1998 1534 2051 1589 in
2076 1534 2235 1599 coelo,
2257 1548 2431 1603 neque
2459 1534 2511 1587 in
2539 1542 2703 1599 terra,
2722 1546 2894 1601 neque
2914 1533 3098 1588 subter
3124 1542 3322 1586 terram
3352 1530 3562 1599 aperire

2000 1626 2217 1694 librum,
2255 1640 2429 1696 neque
2461 1626 2707 1696 aspicere
2737 1623 2908 1678 illum.
2939 1623 3005 1677 Et
3046 1621 3235 1678 ﬂebam
3256 1662 3272 1689 ,
3303 1622 3559 1692 quoniam

322 1715 579 1770 ὑποκάτω
626 1718 722 1789 τῆς
767 1718 877 1788 γῆς
898 1718 1104 1785 ἀνοῖξαι
1121 1718 1182 1771 τὸ
1212 1717 1433 1788 βιϐλίον,
1499 1716 1622 1771 οὔτε
1677 1717 1891 1788 βλέπειν

1996 1732 2154 1772 nemo
2197 1717 2391 1786 dignus
2426 1718 2679 1771 inventus
2737 1724 2821 1769 est
2873 1713 3083 1783 aperire
3119 1713 3340 1777 librum,
3385 1726 3561 1782 neque

321 1807 466 1860 αὑτό.
496 1808 609 1861 Καὶ
634 1808 866 1874 ἔκλαιον,
887 1808 968 1861 ὃτι
1002 1809 1174 1871 οὐδεὶς
1206 1808 1352 1873 ἄξιος
1379 1808 1574 1879 εὑρέθη
1604 1807 1808 1873 ἀνοῖξαι
1833 1806 1894 1860 τὸ

323 1894 541 1965 βιϐλίον,
576 1895 698 1950 οὔτε
732 1896 945 1967 βλέπειν
974 1897 1124 1950 αὐτό.
1160 1897 1267 1950 Kal
1292 1892 1373 1961 εἷς
1421 1899 1485 1950 ἐκ
1514 1897 1622 1950 τῶν
1654 1897 1893 1969 πρεσϐυ-

320 1987 489 2057 τέρων
517 1988 665 2057 λέγει
698 2005 805 2059 μοι·
831 1989 923 2059 Μὴ
950 1988 1121 2054 κλαῖε,
1156 1988 1262 2041 ίδοὺ
1293 1989 1540 2061 ἐνίκησεν
1565 1991 1594 2042 6
1618 1988 1753 2043 λέων
1783 1990 1811 2041 6
1830 1990 1895 2043 ὲκ

320 2079 418 2148 τῆς
453 2079 628 2151 φυλῆς
664 2078 850 2145 Ἰούδα,
881 2081 914 2151 ἡ
946 2080 1070 2152 ῥίζα
1100 2079 1282 2144 Δαυῒδ,
1337 2080 1542 2147 ἀνοῖξαι
1578 2081 1639 2133 τὸ
1670 2080 1891 2151 βιϐλίον,

322 2168 411 2220 καὶ
469 2167 568 2231 τὰς
620 2167 760 2222 έπτά
814 2170 1113 2241 σφραγῖδας
1165 2168 1349 2224 αὑτοῦ.
1419 2189 1438 2221 ι
1497 2171 1633 2241 Περὶ
1682 2170 1740 2224 δὲ
1798 2168 1893 2224 τοῦ

321 2260 681 2330 ὲσφραγίσθαι
734 2261 894 2332 μόνον
949 2264 978 2316 6
1040 2263 1265 2326 Ἡσαΐας
1299 2261 1467 2326 οὕτως
1492 2279 1505 2292 ·
1549 2280 1568 2314 ι
1602 2264 1712 2316 Kal
1742 2261 1892 2316 ἔσται

322 2350 446 2421 ὑμῖν
472 2351 542 2404 τά
576 2353 643 2423 ρή
653 2369 795 2422 ματα
822 2351 992 2407 ταῦτα
1018 2352 1291 2417 πάντα,ὠς
1324 2355 1371 2406 oi
1390 2352 1537 2422 λόγοι
1564 2353 1657 2407 τοῦ
1689 2353 1891 2423 βιϐλίου

322 2442 507 2496 τούτου
539 2443 635 2497 τοῦ
671 2445 1128 2516 ὲσφραγισμένου,
1158 2444 1187 2497 6
1215 2444 1309 2498 ὲάν
1339 2443 1500 2497 δῶσιν
1528 2445 1658 2498 αὐτὸ
1682 2443 1892 2516 ἀνθρώ-

325 2550 408 2603 πῳ
454 2533 800 2605 ἐπισταμένῳ
848 2535 1169 2605 γράμματα,
1224 2533 1471 2601 λέγοντες
1512 2550 1526 2565 ’
1598 2533 1892 2603 Ἀνάγνωθι

321 2625 508 2689 ταῦτα,
532 2625 627 2678 καὶ
646 2627 787 2697 ὲρεῖ’
815 2626 890 2679 υύ
921 2626 1154 2697 δύναμαι
1174 2624 1507 2695 ἀναγνῶναι·
1533 2626 1892 2698 ὲσφράγισται

324 2717 447 2787 γάρ.
482 2719 596 2772 Kal
646 2716 927 2787 δοθήσεται
959 2717 1020 2769 τὸ
1054 2716 1254 2788 βιϐλίον
1279 2717 1436 2771 τοῦτο
1465 2720 1544 2782 είς
1581 2720 1769 2789 χεῖρας
1800 2717 1894 2771 ἀν-

326 2806 541 2876 θρώπου
677 2808 1042 2879 ἐπισταμένου
1088 2807 1390 2880 γράμματα
1411 2825 1425 2839 ο
1478 2810 1573 2861 καὶ
1613 2810 1730 2879 ἐρεῖ
1758 2805 1890 2879 (4ο),

327 2899 437 2955 ῢῦκ
486 2900 786 2971 ἐπίσταμαι
809 2900 1128 2971 γράμματα.
1171 2919 1190 2952 ι
1220 2899 1407 2953 Ταῦτα
1466 2899 1573 2972 γὰρ
1620 2900 1680 2953 οὐ
1728 2901 1888 2971 μόνον

329 2989 454 3060 περὶ
500 2990 603 3060 τῆς
642 2988 1057 3059 Ἀποκαλύψεως
1095 2989 1362 3054 Ἰωάννου,
1407 2990 1500 3042 καὶ
1543 2988 1636 3043 τοῦ
1668 2990 1888 3043 Ἡσαΐου

328 3083 604 3153 νομιστέον
632 3083 902 3152 λέγεσθαι,
927 3082 1061 3136 ἀλλά
1088 3083 1180 3135 καὶ
1208 3083 1335 3155 περὶ
1367 3083 1548 3153 πάσης
1578 3082 1727 3146 θείας
1752 3083 1892 3154 Γρα-

328 3175 434 3245 φῆς
483 3174 925 3247 ὁμολογουμένως
977 3175 1073 3228 καὶ
1126 3174 1276 3246 παρά
1326 3176 1439 3238 τοῖς
1500 3172 1612 3246 (ﬂ)
1663 3173 1895 3245 μετρίως

328 3267 533 3322 ἐπαΐειν
555 3267 729 3336 λόγων
758 3266 917 3320 θείων
945 3265 1281 3337 δυναμένοις,
1312 3265 1748 3339 πεπληρωμένης
1781 3264 1892 3333 (42)

328 3360 680 3431 αἰνιγμάτων,
716 3360 809 3413 καὶ
831 3357 1172 3431 παραϐολῶν,
1196 3358 1482 3413 σκοτεινῶν
1496 3375 1555 3412 τε
1580 3358 1771 3427 λόγων,
1800 3358 1895 3411 καὶ

327 3451 494 3507 ἄλλων
526 3452 781 3507 ποικίλων
816 3451 969 3505 εἰδῶν
997 3451 1281 3520 ἀσαφείας,
1333 3451 1649 3522 δυσλήπτων
1678 3453 1743 3520 τῇ
1795 3450 1891 3503 ἀν-

330 3540 575 3617 θρωπίνῃ
606 3542 784 3612 φύσει’
802 3543 938 3613 ὅπερ
956 3539 1161 3607 διδάξαι
1191 3542 1509 3615 βουλόμενος
1531 3543 1625 3595 καὶ
1647 3543 1675 3595 6
1703 3542 1893 3612 Σωτήρ

329 3649 508 3703 φησιν,
544 3633 619 3696 ὡς
638 3634 736 3705 τῆς
771 3632 974 3696 κλειδὸς
992 3630 1155 3703 οὔσης
1188 3633 1335 3705 παρά
1352 3635 1462 3696 τοῖς
1486 3630 1891 3703 γραμματεῦσι,

329 3724 420 3777 καὶ
446 3723 758 3795 Φαρισαίοις
796 3724 895 3778 οὐκ
922 3722 1338 3794 ἀγωνιζομένοις
1397 3723 1496 3795 τὴν
1548 3722 1663 3777 666v
1715 3723 1893 3793 εὑρεῖν

328 3815 421 3868 τοῦ
448 3816 673 3879 ἀνοῖξαι,
706 3815 767 3868 τό
789 3832 803 3845 ο
838 3832 857 3865 s
890 3815 1027 3868 Οὐαὶ
1049 3814 1178 3885 ὑμῖν
1199 3816 1310 3878 τοῖς
1341 3816 1583 3884 νομικοῖς
1605 3829 1619 3844 °
1650 3814 1731 3866 ὅτι
1759 3814 1895 3886 ἦρα-

329 3922 387 3959 τε
418 3907 511 3980 τὴν
542 3906 724 3962 κλεῖδα
757 3905 855 3977 τῆς
885 3904 1154 3974 γνώσεως,
1183 3904 1337 3959 αὐτοὶ
1357 3906 1456 3958 οὒκ
1486 3904 1780 3976 είσήλθετε,
1800 3904 1894 3959 καὶ

329 3999 452 4063 τοὺς
482 3998 890 4071 εἰσερχομένους
910 3999 1009 4052 οὐκ
1040 3998 1227 4067 ἀφίετε
1258 3996 1533 4052 εἰσελθεῖν.
1578 4016 1595 4049 ι

399 4086 452 4142 2.
484 4090 666 4145 Ταῦτα
698 4092 755 4145 δὲ
798 4094 931 4164 ἡμῖν
958 4094 1016 4144 ὲν
1064 4089 1335 4161 προοιμίῳ
1367 4089 1648 4155 λέλεκται,
1682 4091 1763 4154 είς
1797 4088 1894 4161 μὲ-

331 4191 509 4243 γιττον
561 4181 768 4250 ἀγῶνα,
802 4182 895 4234 καὶ
920 4179 1364 4251 ὁμολογουμένως
1414 4180 1553 4249 ὑπὲρ
1602 4180 1766 4250 ἡμᾶς,
1799 4179 1893 4232 καὶ

333 4268 428 4339 τὴν
452 4270 562 4337 ἕξιν
595 4270 772 4344 ἡμῶν,
800 4270 1262 4342 ἀναγκαζομένοις
1294 4270 1399 4325 ὑπὸ
1424 4270 1524 4340 τῆς
1573 4270 1771 4341 πολλῆς
1799 4287 1897 4324 σου

1993 1808 2237 1875 aspicere
2265 1806 2436 1860 illum.
2481 1806 2547 1859 Et
2583 1820 2721 1860 unus
2763 1805 2829 1859 de
2872 1804 3180 1860 senioribus
3207 1804 3343 1859 dixit
3371 1804 3502 1858 mihi
3542 1820 3558 1856 :

1993 1893 2111 1948 Noli
2166 1893 2333 1949 ﬂere:
2374 1908 2500 1948 ecce
2547 1894 2679 1949 vicit
2728 1893 2811 1949 leo
2863 1894 2929 1948 de
2975 1894 3116 1948 tribu
3173 1891 3344 1958 Juda,
3404 1894 3559 1948 radix

1995 1986 2182 2051 David,
2219 1987 2429 2055 aperire
2472 1984 2687 2047 librum,
2717 1994 2772 2039 et
2805 1994 3006 2055 septem
3050 1985 3326 2055 signacula
3379 1984 3552 2054 ejus.»

1994 2074 2071 2130 De
2133 2075 2248 2130 sola
2292 2089 2423 2129 vero
2458 2074 2837 2145 obsignatione
2892 2075 2964 2128 ita
3002 2073 3236 2145 loquitur
3270 2074 3438 2131 Isaias
3461 2075 3508 2108 ⁸⁸
3538 2091 3555 2128 :

1999 2186 2017 2220 s
2036 2167 2104 2220 Et
2135 2175 2295 2222 erunt
2322 2167 2471 2223 vobis
2496 2169 2669 2222 verba
2700 2168 2817 2222 haec
2860 2167 3043 2221 omnia
3065 2207 3079 2232 ,
3112 2168 3253 2223 sicut
3277 2181 3557 2223 sermones

1994 2262 2113 2315 libri
2172 2259 2330 2330 hujus
2390 2260 2683 2328 obsignati,
2739 2275 2898 2330 quem
2946 2260 2992 2315 si
3046 2261 3295 2317 dederint
3352 2260 3559 2315 homini

1992 2353 2183 2407 Scienti
2210 2352 2442 2417 litteras,
2476 2350 2638 2422 526
2663 2352 2899 2408 dicentes
2923 2370 2935 2406 :
2961 2351 3106 2421 Lege
3126 2353 3248 2418 ista,
3265 2362 3323 2405 et
3338 2364 3565 2419 respou-

1993 2443 2140 2497 dcbit
2171 2458 2185 2495 :
2224 2442 2339 2497 Non
2373 2457 2591 2513 possum
2641 2444 2858 2514 legere;
2912 2453 2997 2500 est
3036 2446 3180 2499 enim
3221 2442 3556 2512 obsignatus.

1991 2535 2061 2590 Et
2101 2536 2318 2591 dabitur
2355 2538 2493 2592 liber
2528 2538 2619 2592 hic
2657 2537 2711 2591 in
2744 2553 2934 2593 manus
2988 2537 3220 2593 hominis
3265 2529 3558 2592 nescientis

1992 2628 2233 2693 litteras;
2276 2636 2331 2681 et
2363 2628 2504 2683 dicet
2532 2646 2545 2683 :
2583 2626 2775 2683 Nescio
2801 2628 3036 2683 litteras.
3064 2647 3084 2682 ι
3120 2626 3244 2682 “EBG
3273 2626 3418 2682 enim
3449 2642 3555 2682 non

1992 2718 2060 2773 ad
2100 2719 2478 2792 Apocalypsim
2506 2718 2679 2776 solum
2708 2717 2965 2786 Joannis,
2998 2730 3091 2775 aut
3120 2718 3271 2775 Isaiae
3295 2718 3553 2773 vaticinia

1991 2812 2262 2881 pertinere
2288 2813 2582 2883 putandum
2622 2822 2737 2879 est;
2767 2814 2861 2869 sed
2887 2814 2955 2868 de
2989 2814 3244 2868 universa
3273 2811 3555 2883 Scriptura

1992 2914 2148 2955 sacra
2200 2902 2413 2971 penitus
2447 2903 2765 2973 accipienda
2811 2913 2974 2969 sunt,
3031 2918 3191 2973 quam
3232 2918 3364 2958 sane
3411 2904 3553 2973 apud

1993 2992 2116 3048 illos
2139 2994 2191 3048 iu
2218 2994 2469 3050 confesso
2497 3004 2605 3062 est,
2635 2995 2725 3064 qui
2749 2996 3055 3051 divinarum
3078 2994 3378 3050 litterarum
3411 2998 3556 3050 noti-

1999 3085 2128 3139 tiam
2159 3086 2501 3141 mediocriter
2521 3088 2757 3143 assecuti
2787 3098 2931 3153 sunt,
2964 3087 3310 3158 aenigmatum
3342 3085 3554 3141 involu-

1995 3177 2124 3242 eris,
2170 3191 2233 3232 ac
2290 3177 2577 3245 parabolis,
2627 3179 3040 3246 tenebrosisque
3086 3178 3458 3238 sermonibus,
3492 3191 3557 3231 ae

1994 3267 2225 3323 diversis
2255 3266 2377 3321 aliis
2405 3268 2759 3323 obscuritatis
2780 3269 3074 3338 generibus
3097 3309 3112 3334 ,
3155 3283 3280 3338 quae
3319 3268 3556 3323 hominis

1993 3361 2210 3430 ingenio
2250 3360 2469 3415 dillicile
2520 3360 3072 3430 comprehenduntur.
3112 3361 3374 3430 repletam
3410 3374 3550 3415 esse.

1995 3449 2148 3516 Quod
2182 3458 2236 3504 et
2266 3448 2519 3504 Salvator
2564 3450 2853 3506 ostendere
2888 3449 3074 3505 volens
3095 3488 3113 3515 ,
3157 3449 3361 3505 clavem
3413 3451 3554 3519 apud

1996 3540 2219 3597 Scrihas
2270 3550 2325 3595 et
2376 3539 2678 3596 Pharisaeos
2727 3555 2849 3596 esse
2877 3542 3179 3611 dixit,*qui
3208 3551 3268 3596 ut
3297 3541 3442 3595 viam
3482 3540 3552 3594 ad

1995 3627 2347 3701 aperiendum
2372 3629 2701 3695 invenirent,
2726 3629 2946 3685 minime
2969 3632 3395 3686 contenderent:
3428 3631 3553 3685 «Vas

1993 3725 2181 3788 vobis,
2219 3721 2398 3793 inquit
2434 3723 2503 3789 ",
2539 3721 2896 3793 legisperitis;
2935 3723 3192 3800 quoniam
3227 3721 3420 3777 tulistis
3445 3721 3556 3777 cla-

1993 3830 2113 3871 vem
2139 3818 2400 3881 scientiae,
2428 3828 2601 3884 neque
2636 3814 2739 3883 ipsi
2778 3813 3042 3877 intrastis,
3068 3823 3123 3868 et
3150 3814 3417 3869 intrantes
3444 3829 3552 3869 non

1992 3907 2310 3978 permittitis
2334 3907 2564 3979 ingredi.
2590 3923 2611 3959 ι

2062 4088 2118 4143 2.
2159 4086 2286 4143 Haec
2311 4103 2344 4143 a
2373 4088 2529 4143 nobis
2569 4086 2716 4142 velut
2758 4085 3019 4159 praefandi
3062 4088 3236 4160 gratia
3281 4087 3555 4158 proposita

1995 4185 2145 4242 sunt,
2176 4177 2265 4247 qui
2316 4177 2370 4231 in
2416 4177 2711 4232 maximum
2767 4186 3065 4243 certamen,
3114 4178 3362 4248 quodque
3411 4177 3562 4232 vires

1995 4280 2213 4325 nostras
2242 4283 2307 4324 ae
2339 4268 2649 4325 facultatem
2679 4269 2797 4325 sine
2820 4268 2925 4323 ulla
2957 4270 3290 4325 dubitatione
3316 4278 3552 4338 superat,

335 4359 706 4431 φιλομαθείας,
737 4363 831 4417 καὶ
857 4362 1294 4432 δυσωπουμένοις
1334 4361 1441 4414 ὑπὸ
1466 4361 1564 4431 τῆς
1594 4362 1891 4433 χρηστότη-

1997 4364 2066 4417 ab
2091 4362 2293 4433 ingenti
2324 4373 2434 4430 tuo,
2464 4361 2716 4417 Ambrosi
2740 4361 2822 4416 vir
2854 4360 3221 4425 sanctissime,
3254 4375 3384 4429 erga
3412 4360 3556 4415 litte-

331 4463 421 4514 τος
446 4453 542 4506 xal
570 4452 668 4524 τῆς
697 4453 1041 4525 μετριότητός
1069 4468 1181 4518 σου,
1208 4452 1318 4524 ίερὲ
1356 4450 1666 4523 Ἀμϐρόσιε,
1710 4452 1899 4506 κατελ-

2004 4468 2095 4508 ras
2123 4452 2302 4508 studio
2333 4452 2591 4508 concitati
2622 4450 2858 4521 fuimus,
2911 4460 2966 4508 et
2992 4460 3051 4507 ut
3086 4453 3140 4507 in
3167 4452 3296 4508 illud
3328 4453 3553 4508 descen-

402 4561 448 4594 "
471 4565 638 4635 Apoc.
668 4580 753 4630 Ill,
787 4564 839 4620 7.
912 4565 958 4597 “
978 4564 1147 4634 Apoc.
1175 4578 1227 4628 v,
1259 4563 1283 4616 1
1316 4571 1372 4618 et
1395 4578 1547 4633 seqq.
1622 4564 1669 4596 ”
1702 4565 1807 4621 lsa.
1851 4582 1891 4620 xi

1996 4606 2003 4632 ,
2046 4566 2133 4633 il,
2165 4565 2254 4620 12.
2328 4565 2375 4597 ’⁸
2415 4564 2549 4621 Luc.
2585 4580 2663 4630 ιι,
2698 4565 2785 4620 52.

336 4652 527 4729 habet;
554 4656 678 4726 quia
710 4657 825 4729 ipse
847 4674 943 4729 per
965 4659 1079 4729 haec
1095 4666 1300 4727 septem
1323 4659 1567 4727 quaedam
1602 4658 1898 4728 signacula,

2008 4661 2217 4726 librum,
2240 4670 2288 4714 et
2314 4661 2510 4715 solvere
2531 4662 2807 4731 signacula
2830 4661 2943 4730 ejus
2961 4664 2993 4717 ζ)
3008 4661 3073 4715 Et
3104 4676 3251 4715 nemo
3272 4662 3439 4730 potuit
3467 4678 3558 4717 tte-

336 4739 453 4791 quaz
483 4726 550 4782 de
581 4726 960 4802 corporalita_te
985 4728 1130 4802 ejus,
1154 4726 1209 4782 et
1242 4726 1810 4802 pasSione_et__lttort_e,
1845 4726 1901 4786 et
2006 4748 2104 4802 que
2143 4732 2211 4802 in
2237 4730 2389 4802 ctelo,
2438 4726 2599 4802 neque
2647 4733 2700 4784 in
2731 4726 2902 4802 terra,
2958 4748 3141 4802 neque
3152 4726 3297 4802 infra
3327 4744 3516 4786 ternm
3539 4773 3555 4797 ,

337 4794 751 4866 resurrectione,
787 4807 841 4851 et
864 4794 1054 4865 gloria,
1082 4810 1136 4852 et
1168 4794 1355 4866 regno,
1398 4807 1455 4852 et
1496 4794 1692 4861 iudicio
1726 4794 1895 4857 David

337 4863 401 4917 de
428 4880 491 4920 eo
518 4868 577 4939 in,
594 4863 816 4939 psalmis
834 4863 1137 4939 prophetat,
1170 4863 1398 4921 absolvit
1425 4884 1439 4919 :
1467 4870 1615 4937 aperi
1632 4883 1719 4924 ens
1750 4872 1892 4939 quod

336 4945 494 5006 nemo
531 4935 780 5001 claudet,
833 4935 890 4991 et
937 4937 1197 4992 claudens
1246 4939 1389 5004 quod
1431 4935 1591 4992 nemo
1640 4935 1893 5006 aperiet:

336 5004 477 5077 quia
500 5020 593 5075 per
614 5006 755 5061 hanc
782 5022 904 5077 quae
936 5007 989 5061 in
1020 5008 1110 5061 illo
1139 5007 1351 5075 expleta
1383 5017 1485 5072 est,
1527 5004 1887 5077 prophetiam,

338 5076 542 5141 aperiet
568 5077 709 5147 quod
744 5076 900 5131 nemo
922 5077 1246 5146 praeeludet;
1285 5089 1339 5147 et
1366 5076 1554 5133 contra
1581 5079 1807 5147 expleta:
1829 5081 1884 5134 in

338 5154 403 5195 eo
449 5145 745 5217 prophetia:
781 5145 1226 5217 ﬁdeabnegata,
1269 5146 1482 5217 claudet
1533 5145 1676 5215 quod
1726 5164 1886 5203 nemo

338 5214 505 5277 pessit
540 5215 771 5283 aperire.
816 5213 1004 5271 Nullus
1041 5213 1186 5269 enim
1239 5216 1344 5270 nisi
1382 5216 1491 5281 ille,
1537 5213 1591 5269 in
1623 5233 1728 5283 quo
1773 5218 1888 5274 inec

339 5284 653 5357 prophetata
710 5294 837 5357 sunt
854 5296 933 5357 _et
965 5285 1221 5357 expleta,
1272 5286 1473 5342 clavem
1516 5286 1888 5357 intelligentia

343 5349 497 5424 hujus
534 5356 826 5424 impertiet.
850 5349 1093 5424 Denique
1117 5356 1344 5423 idipsum
1374 5349 1771 5424 consequent'er
1792 5360 1887 5413 do-

340 5422 448 5491 cuit
494 5422 720 5478 dicens:
763 5423 834 5478 Et
884 5422 1205 5491 vidi—superi
1239 5427 1507 5479 dexteram
1553 5422 1777 5481 Sedentis
1831 5429 1889 5484 in

341 5487 524 5566 throno
558 5493 746 5566 librum
764 5495 1013 5561 scriptum
1037 5487 1247 5566 deint_us
1286 5504 1336 5547 et
1377 5496 1599 5566 deforis,
1622 5498 1883 5565 signatum

343 5564 618 5633 signaculis
657 5573 848 5631 septem
878 5574 965 5617 :et
998 5565 1103 5617 vidi
1132 5564 1355 5617 alterum
1390 5565 1630 5633 angelum
1654 5564 1886 5621 validum

344 5631 708 5692 pmdicautem
754 5648 869 5689 voce
913 5649 1143 5704 magna:
1176 5633 1306 5700 Quis
1332 5646 1407 5690 est
1448 5631 1635 5706 dignus
1684 5640 1885 5706 aperire

2004 4800 2213 4873 aperire
2226 4801 2459 4873 librum,
2502 4800 2663 4871 neque
2693 4801 2865 4855 videre
2893 4801 3184 4873 ipsum._i£t
3222 4802 3405 4869 ﬂebant
3431 4805 3557 4873 quia
3626 4844 3635 4849 .

2000 4887 2149 4924 nemo
2179 4871 2377 4940 dignus
2386 4882 2632 4940 repertus
2656 4881 2785 4924 esset
2826 4873 3032 4939 aperire
3079 4871 3270 4923 librum
3307 4871 3464 4940 neque
3489 4873 3557 4925 vi-

1996 4944 2118 4993 dere
2137 4940 2325 5009 ipsum.
2349 4939 2415 4993 Et
2433 4956 2573 5009 unus
2588 4941 2651 4993 de
2667 4940 2953 4994 senioribus
2971 4942 3042 4994 ait
3062 4941 3190 4993 mihi
3218 4957 3236 4996 .'
3270 4939 3395 4994 Noli
3412 4942 3554 5006 ﬂere,

1994 5025 2110 5079 ecce
2150 5008 2268 5063 vicit
2300 5009 2379 5062 leo
2406 5008 2470 5063 de
2521 5011 2660 5063 tribu
2705 5009 2873 5073 Juda,
2921 5012 3079 5064 radix
3121 5010 3310 5077 David,
3356 5013 3558 5079 aperire

1991 5078 2204 5149 librum,
2233 5091 2281 5132 et
2300 5089 2491 5149 septem
2515 5080 2783 5149 signacula
2806 5081 2940 5148 ejus.
2977 5099 2996 5131 ι

2087 5147 2178 5217 57)
2223 5152 2335 5202 ’Ἠν
2357 5147 2593 5218 οὐδείςξ-
2615 5147 2843 5211 Philam,
2868 5150 2958 5202 καὶ
2983 5149 3174 5215 οὐδείς.

2087 5216 2175 5287 '58)
2218 5216 2527 5274 Ὀπισθεν.
2561 5216 2788 5287 Philota,
2819 5219 3033 5283 ἔξωθεν.

2088 5287 2178 5356 59)
2231 5289 2525 5356 Ἰσχυρόν.
2559 5286 2784 5352 Philoc.,
2818 5290 2992 5343 ἄλλον.

2088 5293 2155 5342 59
2231 5293 2525 5356 Ἰσχυρόν.
2559 5293 2784 5352 Philoc.,
2818 5293 2992 5343 ἄλλον.

2063 5293 2178 5431 ἶιυζ
2216 5360 2323 5431 Καὶ
2370 5358 2510 5431 ἐρεῖ,
2568 5368 2673 5431 etc.
2732 5358 2962 5431 Philam,
3000 5359 3094 5413 καὶ
3133 5357 3348 5431 ἐροῦσιν
3381 5356 3549 5428 αὐτῷ’

2006 5426 2301 5497 ’Δνάγνωθι
2328 5427 2504 5479 τοῦτο·
2529 5426 2772 5497 καὶᾼὲρεῖ.

2064 5495 2178 5567 (41)
2218 5496 2327 5550 Kal
2358 5497 2517 5564 παρὰ
2543 5495 2687 5567 (oio.
2710 5497 2765 5549 In
2797 5497 3091 5551 Philocnlia
3119 5498 3267 5552 deest
3297 5497 3407 5553 καί.

2064 5498 2144 5567 (41
2218 5498 2327 5550 Kal
2358 5498 2517 5564 παρὰ
2543 5498 2687 5560 τοῖς.
2710 5498 2765 5549 In
2797 5498 3091 5551 Philocnlia
3119 5498 3267 5552 deest
3297 5498 3407 5553 καί.

2064 5498 2711 5689 ξιξξ-ἔοὲεπληρωμένης.
2763 5568 2915 5637 Apud
2952 5567 3309 5637 Epiphanium
3343 5564 3549 5633 πεπλη·

1994 5653 2277 5701 ρωμενοις.
