4046 6152
458 166 594 220 1079

1872 154 1958 208 EX
1999 152 2297 210 ORIGENE

3572 150 3703 204 1080

454 281 706 333 deremus
733 272 1074 329 humanitate
1109 280 1201 325 tua
1251 285 1313 325 ac
1357 272 1735 326 moderatione
1760 271 2014 340 perpulsi.

2133 270 2246 323 θεῖν
2268 287 2281 301 ·
2317 267 2410 323 καὶ
2445 268 2525 321 ὅτι
2557 284 2618 336 γε
2671 266 2764 320 ἐπὶ
2792 266 2924 320 πολὺ
2959 265 3313 335 ἀναδυόμενόν
3362 281 3464 335 με,
3515 262 3608 316 διὰ
3649 264 3707 316 τδ

455 368 899 439 Quandoquidem
936 366 1026 420 diu
1070 379 1156 418 me
1187 372 1463 430 comperta
1494 362 1721 432 periculi
1754 364 2019 431 magnitu-

458 465 583 519 dine
614 468 969 521 recusantem,
1031 472 1134 510 non
1195 456 1361 509 modo
1418 456 1696 521 disputare
1750 455 1814 507 de
1857 456 2024 508 sacris

454 554 690 617 litteris,
742 552 835 606 sed
870 558 924 604 et
955 550 1127 602 multo
1169 547 1343 617 magis
1387 547 1629 601 scribere
1677 561 1742 600 ac
1795 548 2024 615 posteris

455 646 781 713 relinquere,
806 640 981 695 modis
1013 640 1265 694 omnibus
1307 650 1473 707 atque
1512 638 1784 693 illecebris
1817 637 2024 692 demul-

454 736 595 800 sisti,
636 744 695 789 et
724 735 787 788 ad
820 733 923 788 hoc
969 732 1293 800 quibusdam
1333 730 1634 784 divinitatis
1680 731 2023 800 progressio—

457 828 614 881 nibus
651 824 946 878 adduxisti.
984 822 1062 877 Tu
1107 824 1273 891 igitur
1304 823 1454 877 testis
1495 822 1624 878 mihi
1670 824 1809 891 apud
1852 823 2020 876 Deum

452 920 582 983 eris,
626 926 738 972 tum
782 932 905 971 cum
954 918 1020 970 de
1061 915 1170 968 vita
1214 929 1332 968 mea
1385 929 1450 969 ac
1502 914 1722 983 scriptis
1760 915 2018 983 inquiret,

450 1024 687 1081 quonam
722 1008 889 1063 animi
936 1006 1164 1062 consilio
1193 1006 1264 1060 sit
1296 1006 1438 1061 istud
1483 1021 1512 1058 a
1560 1021 1645 1060 me
1685 1017 2019 1073 susceptum.

449 1105 527 1158 Ac
578 1116 963 1171 nonnunquam
1013 1100 1229 1169 quidem
1279 1100 1563 1154 veritatem
1625 1101 2016 1170 assequimur;

451 1210 837 1263 nonnunquam
891 1202 985 1248 aut
1035 1193 1328 1248 violentius
1403 1193 1806 1262 perrumpimus
1837 1232 1852 1257 ,
1928 1201 2022 1245 aut

451 1285 635 1339 dicere
682 1282 887 1351 aliquid
938 1281 1204 1336 videmur.
1256 1281 1426 1337 Porro
1470 1284 1614 1352 quod
1649 1282 1907 1351 scriptum
1938 1293 2024 1339 est

448 1372 869 1444 vestigavimus,
911 1387 1016 1427 non
1069 1373 1142 1426 ita
1196 1380 1256 1427 ut
1310 1373 1573 1441 praeclare
1628 1373 1756 1428 illud
1812 1374 2017 1428 dictum

450 1476 960 1523 contemneremus:
994 1484 1013 1516 ι
1039 1464 1174 1520 Cum
1213 1465 1279 1519 de
1314 1463 1422 1520 Deo
1464 1466 1600 1520 dicis
1628 1506 1644 1531 ,
1675 1480 1705 1519 a
1741 1465 2019 1535 Dcojudi-

452 1559 676 1625 caris;s
726 1557 854 1613 item
891 1556 1061 1611 illud:
1094 1556 1209 1611 «De
1251 1556 1362 1611 Deo
1413 1558 1582 1611 etiam
1637 1572 1762 1612 vera
1807 1557 2015 1620 dicere,

2126 362 2326 415 εἰδέναι
2357 361 2448 414 τὸν
2476 359 2739 423 κίνδυνον,
2772 358 2833 411 οὐ
2872 359 3031 428 μόνον
3062 356 3152 410 τοῦ
3197 355 3371 424 λέγειν
3405 355 3552 426 περὶ
3600 347 3706 406 τῶν

2127 455 2316 523 ἁγίων,
2344 451 2477 507 ἀλλά
2504 451 2681 523 πολλῷ
2710 450 2890 504 πλεῖον
2914 450 3008 503 τοῦ
3033 450 3284 522 γράφειν,
3312 450 3408 501 καὶ
3429 450 3552 511 τοῖς
3590 446 3704 516 μεθ’

2125 545 2271 615 ἡμᾶς
2301 543 2639 606 καταλιπεῖν,
2698 541 3051 605 παντοδαπῶς
3078 540 3394 612 κατεπᾴδων
3450 536 3705 607 φιλικῶς,

2125 637 2218 689 καὶ
2262 634 2402 689 κατά
2428 632 2708 706 προκοπὴν
2753 633 3005 703 θεότητος
3048 635 3127 697 εἰς
3181 632 3337 686 τοῦτο
3366 631 3591 703 ἤγαγές
3621 649 3704 702 με.

2124 728 2345 801 Μάρτυς
2379 727 2469 779 ἕσο
2498 744 2588 797 μοι
2616 726 2750 798 πρὸς
2775 726 2928 788 Θεὸν,
2960 725 3077 796 μεθ’
3134 726 3255 779 ὅλου
3284 725 3378 778 τοῦ
3429 725 3584 795 βίου,
3619 725 3709 777 καὶ

2125 819 2251 889 περὶ
2310 819 2417 873 τῶν
2466 818 2925 888 ὑπηγορευμένων
2984 817 3395 888 ἐξεταζόμενον,
3452 816 3594 888 ποία
3646 833 3706 869 τε

2124 909 2377 981 προθέσει
2424 909 2583 963 τοῦτο
2635 911 2957 980 γεγένηται·
3002 910 3096 962 καὶ
3123 909 3197 979 πὴ
3231 909 3330 979 μὲν
3366 908 3707 978 ἐντυγχάνοι

2125 1018 2242 1071 μεν,
2274 1000 2349 1071 πὴ
2377 1000 2434 1052 δὲ
2460 1002 2577 1072 ἦτοι
2612 1000 2908 1071 βιαζόμεθα
2942 999 3259 1073 βιαιότερον,
3294 1002 3326 1072 ἢ
3353 999 3633 1070 δοκοῦμέν
3659 1019 3707 1054 τι

2120 1092 2301 1161 λέγειν
2324 1109 2337 1122 ·
2374 1091 2758 1164 ὲξιχνεύσαμεν
2789 1093 2845 1146 δὲ
2872 1093 2931 1146 τὸ
2980 1093 3389 1164 γεγραμμένον,
3436 1094 3507 1146 οὐ
3536 1108 3703 1145 καται

2122 1184 2441 1255 φρονοῦντες
2467 1184 2559 1238 τοῦ
2579 1202 2592 1215 ·
2634 1205 2652 1237 ι
2692 1187 2818 1240 Ὅτε
2850 1185 3028 1254 λέγεις
3054 1187 3181 1258 περὶ
3213 1184 3370 1249 Θεοῦ,
3399 1184 3576 1256 κρίνῃ
3609 1184 3709 1239 ὑπὸ

2120 1275 2274 1339 Θεοῦ,
2297 1296 2314 1329 ι
2350 1276 2526 1341 καλῶς
2558 1277 2867 1350 εἰρημένου·
2892 1278 2986 1332 καὶ
3015 1277 3076 1331 τό
3093 1276 3225 1349 (45)·
3250 1295 3267 1322 ε
3293 1279 3431 1349 Περὶ¹
3453 1276 3602 1330 Θεοῦ
3618 1277 3711 1331 καὶ

2120 1371 2333 1443 τάληθῆ
2363 1372 2541 1441 λέγειν
2575 1372 2818 1436 κίνδυνος
2847 1374 2905 1426 οὐ
2943 1373 3154 1445 μικρός.
3184 1393 3203 1424 ι
3250 1372 3553 1442 ’Λξιοῦμεν
3598 1368 3709 1423 τοί-

2120 1482 2235 1526 νυν,
2269 1466 2391 1518 ἐπεὶ
2427 1466 2591 1535 μηδὲν
2612 1466 2782 1536 χωρὶς
2811 1464 2948 1519 Θεοῦ
2971 1465 3133 1519 καλὸν
3160 1460 3301 1518 εἶναι
3330 1464 3597 1525 δύναται,
3620 1463 3710 1516 καὶ

2123 1556 2354 1627 μάλιστα
2384 1557 2568 1628 νόησις
2596 1558 2826 1629 Γραφῶν
2866 1556 3258 1619 θεοπνεύστων,
3299 1558 3453 1621 ὅπως
3483 1554 3571 1625 τῷ
3600 1556 3709 1609 Πα-

452 1662 557 1703 non
607 1646 881 1702 mediocre
941 1647 1242 1716 periculum
1281 1656 1383 1701 est.
1416 1665 1435 1699 ι
1474 1647 1836 1712 Quamobrem
1892 1662 2014 1702 cum

2120 1626 2212 1721 τρι
2236 1650 2344 1703 τῶν
2376 1626 2511 1703 ὅλων
2540 1626 2677 1722 Θεῷ,
2710 1626 2798 1704 διά
2820 1651 2913 1704 τοῦ
2936 1651 3186 1722 Σωτῆρος
3211 1650 3368 1722 ἡμῶν
3394 1653 3499 1705 καὶ
3522 1650 3710 1721 ἀρχιε-

448 1739 580 1795 nihil
610 1740 726 1795 sine
760 1738 870 1793 Deo
903 1754 1024 1794 esse
1047 1740 1216 1808 possit
1253 1739 1527 1809 egregium
1550 1778 1565 1804 ,
1596 1739 2017 1808 praesertimque

449 1832 753 1887 divinarum
801 1830 1100 1885 litterarum
1153 1830 1547 1900 intelligentia;
1599 1834 1697 1887 abs
1748 1841 1801 1886 te
1851 1830 2014 1885 etiam

449 1932 612 1992 atque
639 1923 802 1976 etiam
831 1922 1063 1991 petimus
1082 1961 1097 1985 ,
1123 1930 1182 1974 ut
1212 1930 1490 1990 parentem
1524 1922 1764 1976 omnium
1801 1920 1970 1975 Deum
1997 1964 2010 1984 ,

450 2030 545 2084 per
593 2013 926 2069 Salvatorem
978 2022 1221 2067 nostrum
1285 2028 1348 2067 ac
1395 2013 1707 2081 pontilicem
1766 2012 2010 2083 genitum

451 2104 618 2159 Deum
653 2105 942 2159 obsecrare
966 2103 1119 2169 velis,
1152 2106 1311 2174 idque
1335 2104 1404 2159 ab
1434 2121 1498 2160 eo
1529 2105 1682 2159 nobis
1706 2105 2016 2174 impetrare,

2128 1741 2263 1813 ρέως
2290 1739 2520 1811 γενητοῦ
2546 1741 2681 1794 Θεοῦ
2714 1742 3014 1812 προσιέναι,
3046 1743 3287 1812 αἰτήσεις
3314 1742 3543 1813 δοθῆναι
3579 1743 3708 1811 ἡμῖν

2122 1831 2337 1903 πρῶτον
2364 1831 2541 1895 καλῶς
2579 1828 2790 1901 ζητεῖν·
2827 1833 3098 1885 ἐπίκειται
3142 1833 3251 1903 γάρ
3279 1836 3394 1896 τοῖς
3442 1832 3708 1903 ζητοῦσιν

2121 1923 2418 1993 ἐπαγγελία
2448 1924 2542 1977 τοῦ
2583 1924 2887 1994 εὑρίσκειν·
2928 1926 3070 1994 τάχα
3112 1924 3233 1979 οὐδὲ
3264 1924 3361 1996 τὴν
3410 1926 3600 1996 ἀρχὴν
3627 1927 3708 1989 είς

2124 2015 2417 2086 ζητοῦντας
2449 2015 2810 2089 λογιζομένων
2842 2018 2994 2091 παρά
3046 2017 3165 2088 Θεῷ
3196 2018 3302 2071 τῶν
3346 2020 3451 2089 οὐχ
3484 2018 3594 2088 ὁδῷ
3616 2018 3706 2071 ἐπὶ

2123 2105 2281 2159 τοῦτο
2306 2106 2621 2177 προϊόντων.

450 2207 509 2253 ιιι
540 2197 791 2266 inprimis
830 2206 977 2251 recte
1004 2212 1245 2266 quaerere
1277 2198 1567 2266 possimus.
1609 2196 1986 2262 Quaerentibus
2034 2199 2177 2252 enim
2225 2199 2497 2268 proposita
2549 2210 2633 2254 est
2660 2200 2980 2267 assequendi
3029 2198 3335 2270 promissio.
3378 2199 3464 2252 Ac
3516 2198 3703 2253 nescio

449 2310 515 2350 an
552 2294 644 2366 qui
690 2293 754 2348 ad
784 2292 914 2348 illud
941 2293 1022 2347 via
1060 2309 1124 2347 ac
1152 2295 1360 2349 ratione
1392 2295 1615 2349 minime
1653 2293 2007 2360 contendunt,
2039 2295 2179 2349 inter
2207 2308 2300 2350 eos
2325 2296 2416 2366 qui
2448 2303 2715 2365 quierunt,
2741 2296 2878 2361 apud
2910 2297 3071 2349 Deum
3112 2309 3216 2349 non
3254 2294 3586 2348 habeantur.

1042 2385 1113 2439 Et
1148 2395 1262 2455 post
1303 2385 1410 2439 alia
1438 2400 1456 2437 :

516 2479 573 2534 5.
608 2470 945 2534 Psalmorum
970 2476 1473 2548 interpretationem
1502 2475 1808 2531 inchoaturi
1830 2519 1844 2542 ,
1878 2491 2019 2545 prae-

450 2567 811 2626 clarissimum
885 2568 1266 2623 documentum
1322 2567 1480 2623 nobis
1546 2567 1613 2621 ab
1669 2568 1898 2624 Hebraeo
1950 2569 2017 2624 de

446 2658 593 2715 omni
624 2659 803 2714 divina
829 2657 1110 2728 Scriptura
1137 2658 1392 2712 traditum
1420 2657 1582 2728 527
1622 2674 2011 2729 proponemus:

447 2750 659 2806 dicebat
691 2753 834 2805 enim
868 2750 958 2805 ille
987 2750 1218 2806 similem
1263 2764 1386 2805 esse
1412 2750 1719 2806 universam
1756 2750 2010 2820 Scriptu-

447 2857 563 2898 ram
618 2842 882 2899 divinitus
938 2841 1196 2907 amatam,
1220 2851 1443 2912 propter
1474 2843 1863 2899 obscuritatem
1896 2859 2017 2913 qua:

447 2935 501 2991 in
533 2949 595 2992 ea
621 2941 728 2999 est,
772 2933 956 2988 multis
998 2933 1283 2988 domiciliis
1321 2949 1425 2987 uno
1454 2934 1683 2990 aedilicio
1712 2935 2010 3000 conclusis;

2677 2389 2783 2440 Kal
2806 2389 2935 2455 μεθ’
2956 2386 3146 2453 ἕτερα·

2196 2478 2257 2533 5.
2280 2478 2582 2540 Μέλλοντες
2608 2479 2664 2532 δὲ
2690 2477 2952 2549 ἄρχεσθαι
2988 2478 3099 2550 (Η)
3126 2478 3222 2549 τῆς
3262 2478 3569 2550 ἑρμηνείας
3594 2478 3699 2532 τῶν

2125 2571 2394 2644 Ψαλμῶν,
2424 2572 2785 2643 χαριεστάτην
2819 2574 3115 2645 παράςοσιν
3148 2572 3249 2625 ύπό
3279 2572 3371 2625 τοῦ
3440 2569 3696 2641 Ἐὁραίου

2119 2663 2252 2733 ἡμῖν
2278 2660 2581 2723 καθολικῶς
2620 2660 2747 2731 περὶ
2798 2659 2978 2729 πάσης
3011 2658 3160 2722 θείας
3192 2659 3413 2729 Γῳφῆς
3456 2660 3697 2731 παραδε-

2119 2752 2348 2825 δομένην
2399 2751 2763 2826 προτάξομεν·
2820 2751 3025 2820 ἔφασκε
3075 2752 3183 2822 γὰρ
3214 2751 3421 2814 ἐκεῖνος
3455 2753 3693 2805 ἐοικέναι

2119 2847 2218 2918 τὴν
2238 2846 2366 2916 ὅλην
2422 2846 2772 2899 θεόπνευστον
2803 2844 3044 2914 Γραφὴν,
3074 2843 3161 2897 διὰ
3182 2843 3281 2915 τὴν
3310 2845 3367 2897 ἐν
3394 2845 3535 2914 αὐτῇ
3563 2842 3694 2896 ἀσά-

2125 2956 2279 3009 φειαν
2295 2938 2431 3009 (45),
2450 2937 2663 3002 πολλοῖς
2688 2937 2856 3000 οἴκοις
2880 2938 2937 2989 ὲν
2960 2935 3107 3006 οίκίᾳ
3141 2936 3241 3007 μιᾷ
3264 2934 3690 3005 κεκλεισμένας,

447 3026 737 3097 unicuique
800 3024 1078 3079 domicilio
1125 3027 1422 3095 appositam
1484 3027 1679 3082 clavim
1739 3042 1845 3082 non
1913 3028 2013 3096 ipsi

2120 3032 2335 3103 ἑκάστῳ
2359 3031 2414 3085 δὲ
2446 3030 2578 3102 οἴκῳ
2638 3028 2999 3102 παρακεῖσθαι
3028 3027 3137 3099 (46)
3174 3028 3320 3082 κλεῖν
3349 3030 3411 3081 οὐ
3430 3028 3534 3099 τὴν
3564 3042 3690 3082 κατ-

447 3119 877 3180 convenientem,
924 3116 1112 3184 sicque
1166 3117 1458 3187 dissipatas
1512 3133 1632 3174 esse
1687 3118 1868 3174 claves
1920 3135 2016 3188 per

448 3207 738 3272 domicilia,
774 3221 882 3261 non
911 3206 1293 3276 respondentes
1332 3209 1577 3279 singulas
1611 3210 1680 3264 iis
1724 3210 2015 3265 domiciliis

448 3301 642 3371 quibus
674 3300 934 3370 apposita:
991 3312 1117 3355 sunt
1151 3318 1165 3368 ;
1198 3317 1337 3373 opus
1389 3318 1522 3357 vero
1560 3303 1717 3372 longe
1758 3301 2013 3357 difﬁcilli-

448 3408 594 3448 mum
633 3407 753 3450 esse
781 3393 1026 3449 invenire
1046 3394 1230 3450 claves
1259 3404 1314 3449 et
1338 3410 1433 3450 eas
1459 3395 1613 3450 cellis
1644 3406 1850 3464 aptare,
1882 3412 2018 3467 quas

448 3484 658 3554 aperire
684 3493 907 3555 possunt
944 3502 958 3538 :
985 3484 1166 3555 itaque
1192 3486 1359 3541 etiam
1392 3487 1707 3557 Scripturas
1734 3489 2015 3545 abstrusas

449 3575 661 3645 quidem
686 3577 806 3632 illas
831 3576 1077 3647 intelligi,
1102 3593 1210 3632 non
1241 3579 1460 3634 aliunde
1496 3580 1728 3650 sumptis
1758 3596 1918 3650 quam
1948 3584 2016 3638 ab

449 3664 578 3735 ipsis
601 3665 831 3722 invicem
858 3668 1188 3739 argumentis
1240 3668 1641 3740 intelligentiae,
1676 3686 1797 3741 quae
1851 3673 1904 3726 in
1953 3689 2012 3728 se

449 3757 648 3811 habent
708 3757 1001 3827 dispersam
1055 3760 1357 3830 exponendi
1410 3761 1701 3816 rationem.
1757 3762 2010 3819 Arbitror

450 3848 630 3917 itaque
659 3848 969 3918 Aposmlum
1017 3852 1221 3907 aditum
1265 3854 1411 3909 hunc
1445 3855 1776 3926 intelligendi
1804 3857 2015 3910 divinos

449 3952 723 3994 sermones
751 3943 1081 4010 aperientem
1114 3943 1304 3998 dicere
1332 3944 1379 3976 ’⁷
1410 3958 1427 3998 :
1464 3964 1483 3996 ι
1511 3944 1642 4011 Quae
1666 3955 1720 4001 et
1744 3946 2017 4016 loquimur

450 4044 555 4083 non
611 4030 665 4083 in
712 4030 886 4087 doctis
937 4033 1188 4089 humanae
1241 4036 1520 4105 sapientia:
1567 4038 1767 4103 verbis,
1820 4038 1914 4092 sed
1961 4038 2012 4091 in

450 4120 695 4177 doctrina
719 4122 970 4192 Spiritus,
992 4126 1059 4181 iis
1085 4142 1206 4196 qua:
1222 4128 1413 4198 spiritu
1439 4129 1832 4199 percipiuntur,
1856 4130 2017 4198 spiti-

450 4210 579 4266 talia
610 4223 1014 4284 comparantes.
1042 4233 1065 4269 ι

452 4321 520 4378 Et
570 4327 854 4404 interiectis
887 4345 1012 4404 _non
1069 4332 1271 4398 paucis,
1307 4348 1619 4401 comparans
1676 4335 2015 4404 singulariter

516 4398 729 4534 positast
760 4399 1033 4479 beatitates
1080 4416 1197 4454 cum
1245 4404 1309 4455 iis
1363 4398 1481 4473 qua’
1521 4398 1801 4467 pluraliter
1831 4410 2016 4476 posin

547 4483 706 4521 ueran
735 4507 751 4533 ,
782 4479 856 4521 ait
896 4483 915 4521 :

547 4479 751 4533 nerant,
782 4479 856 4521 ait
896 4483 915 4521 :

519 4575 575 4630 4.
617 4575 675 4632 Si
726 4586 907 4634 autem
969 4580 1224 4651 «eloquia
1285 4583 1535 4650 Domini,
1586 4586 1797 4656 eloquia
1839 4599 2010 4652 casta,

452 4678 734 4736 argentum
761 4671 883 4741 igne
902 4675 1288 4741 examinatum,
1314 4679 1598 4745 probatum
1626 4689 1791 4747 terra,
1816 4695 2013 4751 expur-

519 4762 564 4794 ”
604 4762 622 4817 1
663 4763 785 4818 Cor.
828 4780 864 4819 ll
891 4805 908 4831 ,
950 4767 1038 4822 15.

542 4856 634 4928 45)
681 4858 772 4928 Τό,
819 4857 1176 4914 Scrihendum
1217 4862 1338 4917 τοῦ.

542 4858 634 4928 45)
681 4858 772 4911 Τό.
819 4858 1176 4914 Scrihendnm
1217 4862 1338 4917 τοῦ.

517 4858 635 5004 (44)
683 4927 1026 5004 Μέλλοντες
1053 4930 1121 5004 δὲ
1143 4929 1449 4999 ἄρχεσθαι,
1482 4940 1588 5004 etc.
1614 4929 1848 5004 Hilarius
1884 4952 2015 5004 ιιι-ου

450 4996 572 5119 Ιοῗο
615 4996 667 5051 in
709 5001 906 5052 librum
952 4996 1309 5063 Psaltnoitint,
1345 4996 1495 5054 num.
1532 5002 1601 5056 24
1635 5019 1649 5054 :
1694 5001 1789 5055 Est
1836 4996 2013 5059 autem

450 5069 506 5120 di
531 5070 673 5120 iaens
714 5084 1123 5120 nervensumaue
1162 5070 1416 5120 iudicium
1462 5073 1782 5120 exnositimii
1824 5076 2012 5120 nsalmi

531 5070 1123 5141 igensperpensumque
1152 5070 1416 5139 judicium
1462 5073 1782 5141 expositioni
1823 5076 2012 5140 psalmi

451 5140 863 5213 uniuscujusque
922 5143 1277 5213 prazstandum
1318 5158 1347 5213 A:
1391 5153 1443 5194 ut
1508 5153 1853 5213 cognoscatur
1907 5161 2009 5213 qua

454 5211 805 5280 unusquisque
831 5226 1010 5263 eorum
1033 5212 1173 5263 clave
1199 5211 1558 5278 intelligentiae
1586 5212 1897 5280 aperiendus
1918 5211 2007 5269 sit.

455 5275 753 5352 Nam'liber
782 5284 948 5333 omnis
991 5281 1177 5352 similis
1199 5291 1274 5334 est
1306 5275 1420 5335 urbi
1447 5275 1676 5350 pulchra
1708 5293 1861 5352 atque
1892 5300 2008 5335 ma-

451 5362 591 5422 qnw,
625 5350 713 5402 cui
739 5353 876 5422 aedes
913 5351 1204 5417 complures
1254 5353 1572 5422 diversaque
1602 5354 1729 5417 sint,
1774 5350 2004 5422 quarum

2123 3124 2345 3196 άλληλον
2409 3123 2556 3194 αὐτῷ
2577 3139 2591 3153 ·
2642 3123 2736 3176 καὶ
2782 3122 2922 3176 οὕτω
2973 3120 3344 3174 διεσκεδάσθαι
3394 3121 3498 3183 τὰς
3548 3120 3689 3182 κλεῖς

2122 3215 2249 3284 περὶ
2280 3215 2403 3277 τοὺς
2462 3211 2675 3276 οἴκους,
2720 3213 2819 3283 οὐχ
2876 3210 3220 3283 ἁρμοζούσας
3270 3210 3394 3265 καθ’
3454 3210 3691 3279 ἑκάστην

2122 3304 2349 3367 ἐκείνοις
2376 3297 2457 3367 οἷς
2509 3305 2906 3374 παράκεινται·
2966 3300 3123 3372 ἔργον
3153 3301 3211 3354 δὲ
3240 3296 3380 3354 εἶναι
3437 3302 3688 3372 μέγιστον

2122 3394 2395 3466 εὑρίσκειν
2425 3410 2484 3447 τε
2536 3395 2633 3458 τὰς
2663 3393 2810 3458 κλεῖς
2856 3393 2953 3447 καὶ
2982 3392 3316 3464 ἐφαρμόζειν
3374 3392 3548 3456 αὑτάς
3584 3393 3688 3453 τοῖς

2119 3487 2308 3551 οἴκοις,
2341 3485 2432 3551 οὒς
2462 3486 2666 3553 ἀνοῖξαι
2687 3485 2940 3539 δύνανται
2963 3502 2976 3514 ·
3013 3483 3247 3537 νοεῖσθαι
3274 3483 3448 3536 τοίνυν
3477 3482 3684 3544 καὶτὰς

2121 3578 2341 3648 Γραφὰς
2367 3578 2530 3641 οὔσας
2557 3578 2804 3646 ἀσαφεῖς,
2822 3577 2923 3630 οὐκ
2944 3575 3160 3630 ἄλλοθεν
3188 3575 3285 3638 τὰς
3310 3574 3568 3644 ἀφορμὰς
3598 3572 3683 3626 τοῦ

2120 3666 2354 3722 νοεῖσθαι
2413 3667 2794 3738 λαμϐανούσας
2825 3666 3010 3737 ἢπαρ’
3061 3664 3302 3736 ἀλλήλων
3360 3662 3601 3733 ἐχουσῶν
3630 3663 3682 3714 ἐν

2121 3761 2310 3824 αὐταῖς
2333 3760 2726 3832 διεσπαρμένον
2757 3760 2819 3812 τὸ
2850 3757 3189 3829 ἐξηγητικόν.
3260 3754 3527 3825 Ἡγοῦμαι
3560 3752 3681 3823 γοῦν

2122 3848 2214 3899 καὶ
2239 3848 2329 3902 τὸν
2361 3848 2682 3903 Ἀπόστολον
2711 3847 2809 3919 τὴν
2835 3846 3088 3918 τοιαύτην
3117 3845 3302 3914 ἔφοδον
3330 3843 3424 3898 τοῦ
3450 3843 3679 3897 συνιέναι

2120 3940 2244 3998 τοὺς
2277 3938 2452 4003 θείους
2481 3940 2669 4008 λόγους
2697 3938 3064 3993 ὑποϐάλλοντα
3079 3938 3285 4006 λέγειν·
3323 3957 3341 3988 ι
3377 3940 3444 3990 "A
3472 3940 3568 3992 καὶ
3594 3937 3679 3989 λα-

2120 4029 2318 4101 λοῦμεν
2349 4031 2449 4084 οὐκ
2496 4032 2554 4084 ἐν
2584 4032 2849 4096 διδακτοῖς
2888 4032 3231 4104 ἀνθρωπίνης
3270 4030 3456 4100 σοφίας
3489 4029 3674 4097 λόγοις.

2121 4120 2233 4174 ἀλλ’
2288 4123 2347 4175 ὲν
2396 4122 2662 4187 διδακτοῖς
2719 4122 3035 4195 Πνεύματος
3093 4122 3251 4195 (47),
3299 4119 3677 4191 πνευματικοῖς

2123 4228 2252 4266 πνευ
2260 4212 2461 4283 ματικά
2493 4213 2888 4285 συγκρίνοντες.
2924 4233 2944 4267 ι

2048 4379 2093 4434 D
2121 4348 2229 4402 Καὶ
2247 4347 2396 4417 μετὰ
2411 4347 2611 4434 eosne
2627 4349 2965 4434 συγκρίνων
2986 4343 3364 4434 τοξΙςρνικῶς⁸
3376 4343 3674 4434 acciperetis

2185 4411 2603 4488 μᾶκαρισμοὺς
2628 4411 2795 4487 ,πρὸς⁷
2812 4418 2954 4483 τοὺς
2987 4411 3408 4486 πλήθυντικῶς
3449 4411 3671 4483 εἰρημέ-

2185 4505 2349 4555 γους,
2379 4490 2587 4558 φησίν·

2186 4601 2238 4654 4.
2272 4602 2334 4654 Εἰ
2362 4600 2416 4654 δὲ
2445 4620 2464 4652 ι
2504 4601 2572 4655 τὰ
2604 4601 2757 4668 λόγια
2789 4599 2991 4671 Κυρίου
3019 4598 3172 4667 λόγια
3201 4598 3360 4669 ἀγνά,
3418 4595 3669 4669 ἀργύριον

2118 4689 2533 4761 πεπυρωμένον,
2555 4689 2794 4760 δοκίμιον
2818 4691 2884 4760 τῇ
2914 4692 3005 4760 γῇ,
3033 4689 3491 4761 κεκαθαρισμένον
3518 4688 3670 4740 ἐπτα-

2121 4867 2349 4921 inveuiat
2384 4882 2404 4920 :
2431 4867 2600 4935 sitque
2644 4877 2735 4919 aut
2785 4865 3067 4933 familiaris
3101 4865 3374 4928 scientim,
3418 4865 3669 4932 cognitam

2120 4939 2314 4991 clauem
2336 4939 2442 4989 cito
2466 4953 2530 4990 ea:
2568 4938 2716 5003 capia
2758 4938 2850 4988 illa
2880 4943 3139 5004 congestu:
3172 4936 3226 4987 in
3261 4950 3420 4986 unum
3458 4938 3665 4988 uarieta-

2121 5009 2192 5061 tis
2219 5006 2447 5075 eligere;
2474 5017 2562 5059 aut
2592 5007 2815 5075 ingentis
2855 5006 3070 5069 laboris,
3099 5014 3275 5072 aptam
3305 5014 3355 5057 et
3389 5019 3666 5075 congruant

2116 5074 2310 5130 clavem
2339 5077 2603 5142 aperiendi
2632 5077 3039 5145 uniuscujusque
3061 5077 3233 5127 aditus
3264 5076 3492 5127 invenire
3514 5088 3527 5122 :
3553 5074 3665 5145 quin

2117 5147 2253 5200 ratio
2282 5156 2330 5198 et
2356 5147 2580 5211 qualitas
2608 5163 2711 5199 non
2733 5149 2894 5211 sinat,
2924 5162 3028 5199 non
3059 5162 3184 5198 suas
3223 5146 3391 5198 claves
3426 5144 3664 5198 claustris

2116 5216 2414 5283 disparibus
2443 5226 2705 5281 cooptare.

2184 5285 2298 5358 (ᾧ)
2343 5285 2672 5358 Ἀσάφειᾳν.
2708 5286 2858 5358 Unus
2901 5284 3073 5339 codex
3104 5283 3662 5358 Regins,_aa<pa).etav.

2185 5355 2300 5425 ('46)
2339 5356 2757 5425 Παρακεῐσθᾳι.
2806 5355 3045 5425 Uterque
3097 5360 3268 5410 codex
3322 5355 3662 5417 Thuanmus,

453 5416 592 5482 fores
615 5420 840 5494 prapriis
864 5416 1093 5494 clavibus
1136 5422 1456 5491 diversisque
1485 5416 1818 5494 claudantur
1848 5439 1864 5476 :
1891 5440 2009 5494 quae

2120 5416 2561 5494 παρακαλεῖσθαι.

451 5501 581 5560 cum
601 5504 760 5542 unum
793 5490 848 5543 in
876 5492 1045 5543 locum
1081 5504 1337 5560 congestae
1370 5490 1735 5560 'permistaeque
1765 5490 2008 5558 sint,'vo-

2204 5490 2294 5565 47)
2334 5498 2390 5551 ln
2424 5504 2651 5560 thlgalls
2693 5496 2937 5564 Apostoli
2980 5495 3260 5552 codicibus
3300 5492 3520 5564 Graecis;
3544 5490 3665 5564 legi.

452 5557 581 5638 lenti
620 5575 1035 5638 unamquamque
1064 5557 1225 5614 cedem
1249 5557 1479 5638 aperire,
1509 5563 1798 5638 maximam
1820 5557 2004 5633 ignaro

2120 5557 2215 5637 tur,
2246 5557 2383 5621 Πνεύ
2393 5557 2555 5638 ματος
2585 5557 2753 5635 ἀγίοῶ

452 5625 677 5696 aferant
708 5625 1083 5699 difficultatem,
1128 5644 1178 5685 ut
1210 5625 1401 5688 clavem
1438 5625 2003 5701 urniuscujusaue'a'dis
