  <div class='ocr_page' id='page_1' title='image "/cluster/home/n/w/nwhite01/storage/ocr_20150623/12/mdp.39015028786690/550.png"; bbox 0 0 4046 6152; ppageno 0'>
   <div class='ocr_carea' id='block_1_1' title="bbox 322 236 452 293">
    <p class='ocr_par' dir='ltr' id='par_1_1' title="bbox 322 236 452 293">
     <span class='ocr_line' id='line_1_1' title="bbox 322 236 452 293; baseline 0 -1"><span class='ocrx_word' id='word_1_1' title='bbox 322 236 452 293; x_wconf 75' lang='grc'><strong>1081</strong></span> 
     </span>
    </p>
   </div>
   <div class='ocr_carea' id='block_1_2' title="bbox 1324 237 2493 308">
    <p class='ocr_par' dir='ltr' id='par_1_2' title="bbox 1324 237 2493 308">
     <span class='ocr_line' id='line_1_2' title="bbox 1324 237 2493 308; baseline 0.013 -13"><span class='ocrx_word' id='word_1_2' title='bbox 1324 237 1634 297; x_wconf 82' lang='lat' dir='ltr'><strong>SELECTA</strong></span> <span class='ocrx_word' id='word_1_3' title='bbox 1674 242 1743 298; x_wconf 89' lang='lat' dir='ltr'><strong>IN</strong></span> <span class='ocrx_word' id='word_1_4' title='bbox 1784 242 2120 308; x_wconf 73' lang='lat' dir='ltr'><strong>PSALMOS-</strong></span> <span class='ocrx_word' id='word_1_5' title='bbox 2144 275 2213 284; x_wconf 88' lang='lat'><em>—</em></span> <span class='ocrx_word' id='word_1_6' title='bbox 2236 245 2424 301; x_wconf 69' lang='lat' dir='ltr'><strong>PSAL-</strong></span> <span class='ocrx_word' id='word_1_7' title='bbox 2452 246 2493 300; x_wconf 79' lang='grc' dir='ltr'>Ῐι</span> 
     </span>
    </p>
   </div>
   <div class='ocr_carea' id='block_1_3' title="bbox 3432 246 3574 304">
    <p class='ocr_par' dir='ltr' id='par_1_3' title="bbox 3432 246 3574 304">
     <span class='ocr_line' id='line_1_3' title="bbox 3432 246 3574 304; baseline 0.014 -4"><span class='ocrx_word' id='word_1_8' title='bbox 3432 246 3574 304; x_wconf 66' lang='lat'><strong>“.82</strong></span> 
     </span>
    </p>
   </div>
   <div class='ocr_carea' id='block_1_4' title="bbox 322 351 1900 434">
    <p class='ocr_par' dir='ltr' id='par_1_4' title="bbox 322 351 1893 429">
     <span class='ocr_line' id='line_1_4' title="bbox 322 351 1893 429; baseline 0.004 -24"><span class='ocrx_word' id='word_1_9' title='bbox 322 351 582 414; x_wconf 83' lang='grc' dir='ltr'>πλασίως,</span> <span class='ocrx_word' id='word_1_10' title='bbox 612 369 630 401; x_wconf 77' lang='grc' dir='ltr'><strong>ι</strong></span> <span class='ocrx_word' id='word_1_11' title='bbox 661 352 756 405; x_wconf 74' lang='grc' dir='ltr'><strong>καὶ</strong></span> <span class='ocrx_word' id='word_1_12' title='bbox 802 351 939 417; x_wconf 87' lang='grc' dir='ltr'><strong>μετά</strong></span> <span class='ocrx_word' id='word_1_13' title='bbox 975 352 1154 424; x_wconf 85' lang='grc' dir='ltr'>πάσης</span> <span class='ocrx_word' id='word_1_14' title='bbox 1202 354 1481 428; x_wconf 87' lang='grc' dir='ltr'>ἀκριϐείας</span> <span class='ocrx_word' id='word_1_15' title='bbox 1510 356 1893 429; x_wconf 81' lang='grc' dir='ltr'>ἐξητασμένως</span> 
     </span>
    </p>
   </div>
   <div class='ocr_carea' id='block_1_5' title="bbox 2002 351 3573 434">
    <p class='ocr_par' dir='ltr' id='par_1_5' title="bbox 2002 361 3573 434">
     <span class='ocr_line' id='line_1_5' title="bbox 2002 361 3573 434; baseline 0.006 -22"><span class='ocrx_word' id='word_1_16' title='bbox 2002 370 2178 429; x_wconf 75' lang='lat' dir='ltr'><strong>gutum</strong></span> <span class='ocrx_word' id='word_1_17' title='bbox 2241 371 2440 431; x_wconf 77' lang='lat' dir='ltr'><strong>septies</strong></span> <span class='ocrx_word' id='word_1_18' title='bbox 2501 361 2576 429; x_wconf 60' lang='lat'><strong>93;</strong></span> <span class='ocrx_word' id='word_1_19' title='bbox 2622 380 2638 412; x_wconf 78' lang='grc' dir='ltr'><strong>ι</strong></span> <span class='ocrx_word' id='word_1_20' title='bbox 2673 361 3097 434; x_wconf 76' lang='lat' dir='ltr'><strong>exquisitissima</strong></span> <span class='ocrx_word' id='word_1_21' title='bbox 3144 377 3273 418; x_wconf 86' lang='lat' dir='ltr'><strong>cura</strong></span> <span class='ocrx_word' id='word_1_22' title='bbox 3314 371 3365 417; x_wconf 92' lang='lat' dir='ltr'><strong>et</strong></span> <span class='ocrx_word' id='word_1_23' title='bbox 3395 367 3573 420; x_wconf 86' lang='lat' dir='ltr'><strong>studio</strong></span> 
     </span>
    </p>
   </div>
   <div class='ocr_carea' id='block_1_6' title="bbox 318 442 1893 522">
    <p class='ocr_par' dir='ltr' id='par_1_6' title="bbox 318 442 1893 522">
     <span class='ocr_line' id='line_1_6' title="bbox 318 442 1893 522; baseline 0.004 -25"><span class='ocrx_word' id='word_1_24' title='bbox 318 443 381 497; x_wconf 80' lang='grc' dir='ltr'><strong>τὸ</strong></span> <span class='ocrx_word' id='word_1_25' title='bbox 411 444 565 513; x_wconf 71' lang='grc' dir='ltr'>ἅγιον</span> <span class='ocrx_word' id='word_1_26' title='bbox 615 442 839 516; x_wconf 79' lang='grc' dir='ltr'>Πνεῦμα</span> <span class='ocrx_word' id='word_1_27' title='bbox 865 444 1233 515; x_wconf 86' lang='grc' dir='ltr'>ύποϐέϐληκεν</span> <span class='ocrx_word' id='word_1_28' title='bbox 1265 448 1404 502; x_wconf 78' lang='grc' dir='ltr'>αὐτά</span> <span class='ocrx_word' id='word_1_29' title='bbox 1427 449 1514 503; x_wconf 77' lang='grc' dir='ltr'><strong>διὰ</strong></span> <span class='ocrx_word' id='word_1_30' title='bbox 1550 449 1657 502; x_wconf 85' lang='grc' dir='ltr'>τῶν</span> <span class='ocrx_word' id='word_1_31' title='bbox 1684 450 1893 522; x_wconf 82' lang='grc' dir='ltr'>ὑπηρε-</span> 
     </span>
    </p>
   </div>
   <div class='ocr_carea' id='block_1_7' title="bbox 318 535 1898 616">
    <p class='ocr_par' dir='ltr' id='par_1_7' title="bbox 318 535 1898 616">
     <span class='ocr_line' id='line_1_7' title="bbox 318 535 1898 616; baseline 0.004 -26"><span class='ocrx_word' id='word_1_32' title='bbox 318 537 428 591; x_wconf 84' lang='grc' dir='ltr'><strong>τῶν</strong></span> <span class='ocrx_word' id='word_1_33' title='bbox 456 537 550 590; x_wconf 88' lang='grc' dir='ltr'><strong>τοῦ</strong></span> <span class='ocrx_word' id='word_1_34' title='bbox 576 535 756 605; x_wconf 80' lang='grc' dir='ltr'><strong>λόγου,</strong></span> <span class='ocrx_word' id='word_1_35' title='bbox 803 539 1008 609; x_wconf 84' lang='grc' dir='ltr'>μήποτε</span> <span class='ocrx_word' id='word_1_36' title='bbox 1042 539 1137 592; x_wconf 76' lang='grc' dir='ltr'><strong>καὶ</strong></span> <span class='ocrx_word' id='word_1_37' title='bbox 1160 540 1305 610; x_wconf 79' lang='grc' dir='ltr'>ὑμᾶς</span> <span class='ocrx_word' id='word_1_38' title='bbox 1349 541 1614 616; x_wconf 74' lang='grc' dir='ltr'>διαφεύγῃ</span> <span class='ocrx_word' id='word_1_39' title='bbox 1639 545 1671 614; x_wconf 83' lang='grc' dir='ltr'>ἡ</span> <span class='ocrx_word' id='word_1_40' title='bbox 1707 543 1898 597; x_wconf 91' lang='grc' dir='ltr'>ἀναλο-</span> 
     </span>
    </p>
   </div>
   <div class='ocr_carea' id='block_1_8' title="bbox 319 624 1895 706">
    <p class='ocr_par' dir='ltr' id='par_1_8' title="bbox 319 624 1895 706">
     <span class='ocr_line' id='line_1_8' title="bbox 319 624 1895 706; baseline 0.004 -23"><span class='ocrx_word' id='word_1_41' title='bbox 319 630 435 700; x_wconf 87' lang='grc' dir='ltr'>γία,</span> <span class='ocrx_word' id='word_1_42' title='bbox 468 624 579 683; x_wconf 75' lang='grc' dir='ltr'>καθ’</span> <span class='ocrx_word' id='word_1_43' title='bbox 636 629 703 700; x_wconf 70' lang='grc' dir='ltr'>ἢν</span> <span class='ocrx_word' id='word_1_44' title='bbox 735 630 827 683; x_wconf 81' lang='grc' dir='ltr'>ἐπὶ</span> <span class='ocrx_word' id='word_1_45' title='bbox 857 632 1035 684; x_wconf 84' lang='grc' dir='ltr'>πᾶσαν</span> <span class='ocrx_word' id='word_1_46' title='bbox 1063 630 1265 699; x_wconf 78' lang='grc' dir='ltr'>ἔφθασε</span> <span class='ocrx_word' id='word_1_47' title='bbox 1302 633 1522 706; x_wconf 74' lang='grc' dir='ltr'>Γραφὴν</span> <span class='ocrx_word' id='word_1_48' title='bbox 1552 638 1583 705; x_wconf 82' lang='grc' dir='ltr'>ἡ</span> <span class='ocrx_word' id='word_1_49' title='bbox 1614 635 1774 705; x_wconf 83' lang='grc' dir='ltr'>σοφία</span> <span class='ocrx_word' id='word_1_50' title='bbox 1801 635 1895 689; x_wconf 87' lang='grc' dir='ltr'><strong>τοῦ</strong></span> 
     </span>
    </p>
   </div>
   <div class='ocr_carea' id='block_1_9' title="bbox 319 719 1891 799">
    <p class='ocr_par' dir='ltr' id='par_1_9' title="bbox 319 719 1891 799">
     <span class='ocr_line' id='line_1_9' title="bbox 319 719 1891 799; baseline 0.003 -24"><span class='ocrx_word' id='word_1_51' title='bbox 319 720 457 775; x_wconf 84' lang='grc' dir='ltr'>Θεοῦ</span> <span class='ocrx_word' id='word_1_52' title='bbox 504 719 859 775; x_wconf 85' lang='grc' dir='ltr'>θεόπνευστον</span> <span class='ocrx_word' id='word_1_53' title='bbox 913 722 1074 794; x_wconf 86' lang='grc' dir='ltr'>μέχρι</span> <span class='ocrx_word' id='word_1_54' title='bbox 1104 723 1197 777; x_wconf 90' lang='grc' dir='ltr'><strong>τοῦ</strong></span> <span class='ocrx_word' id='word_1_55' title='bbox 1246 726 1498 796; x_wconf 83' lang='grc' dir='ltr'><strong>τυχόντος</strong></span> <span class='ocrx_word' id='word_1_56' title='bbox 1538 728 1891 799; x_wconf 78' lang='grc' dir='ltr'>γράμματοςο</span> 
     </span>
    </p>
   </div>
   <div class='ocr_carea' id='block_1_10' title="bbox 320 810 1896 890">
    <p class='ocr_par' dir='ltr' id='par_1_10' title="bbox 320 810 1896 890">
     <span class='ocr_line' id='line_1_10' title="bbox 320 810 1896 890; baseline 0.005 -26"><span class='ocrx_word' id='word_1_57' title='bbox 320 812 416 864; x_wconf 71' lang='grc' dir='ltr'><strong>καὶ</strong></span> <span class='ocrx_word' id='word_1_58' title='bbox 447 811 587 881; x_wconf 82' lang='grc' dir='ltr'>τάχα</span> <span class='ocrx_word' id='word_1_59' title='bbox 614 810 702 864; x_wconf 89' lang='grc' dir='ltr'><strong>διά</strong></span> <span class='ocrx_word' id='word_1_60' title='bbox 730 810 887 865; x_wconf 87' lang='grc' dir='ltr'>τοῦτο</span> <span class='ocrx_word' id='word_1_61' title='bbox 913 814 940 865; x_wconf 89' lang='grc' dir='ltr'><strong>ό</strong></span> <span class='ocrx_word' id='word_1_62' title='bbox 969 813 1158 886; x_wconf 78' lang='grc' dir='ltr'>Σωτὴρ</span> <span class='ocrx_word' id='word_1_63' title='bbox 1191 814 1294 887; x_wconf 80' lang='grc' dir='ltr'>ἔφη</span> <span class='ocrx_word' id='word_1_64' title='bbox 1313 833 1328 846; x_wconf 71' lang='grc'><strong>⁸</strong></span> <span class='ocrx_word' id='word_1_65' title='bbox 1367 834 1387 868; x_wconf 77' lang='grc' dir='ltr'><strong>ι</strong></span> <span class='ocrx_word' id='word_1_66' title='bbox 1433 816 1584 870; x_wconf 86' lang='grc' dir='ltr'>Ἰὦτα</span> <span class='ocrx_word' id='word_1_67' title='bbox 1623 817 1679 871; x_wconf 84' lang='grc' dir='ltr'>ἓν</span> <span class='ocrx_word' id='word_1_68' title='bbox 1735 817 1768 889; x_wconf 84' lang='grc' dir='ltr'><strong>ἢ</strong></span> <span class='ocrx_word' id='word_1_69' title='bbox 1799 818 1896 890; x_wconf 93' lang='grc' dir='ltr'><strong>μία</strong></span> 
     </span>
    </p>
   </div>
   <div class='ocr_carea' id='block_1_11' title="bbox 321 903 1896 979">
    <p class='ocr_par' dir='ltr' id='par_1_11' title="bbox 321 903 1896 979">
     <span class='ocr_line' id='line_1_11' title="bbox 321 903 1896 979; baseline 0.004 -22"><span class='ocrx_word' id='word_1_70' title='bbox 321 904 520 975; x_wconf 87' lang='grc' dir='ltr'>κεραία</span> <span class='ocrx_word' id='word_1_71' title='bbox 543 905 604 957; x_wconf 86' lang='grc' dir='ltr'><strong>ού</strong></span> <span class='ocrx_word' id='word_1_72' title='bbox 641 903 714 976; x_wconf 86' lang='grc' dir='ltr'>μὴ</span> <span class='ocrx_word' id='word_1_73' title='bbox 739 905 983 977; x_wconf 83' lang='grc' dir='ltr'>παρέλθῃ</span> <span class='ocrx_word' id='word_1_74' title='bbox 1011 906 1120 959; x_wconf 83' lang='grc' dir='ltr'><strong>ἀπὸ</strong></span> <span class='ocrx_word' id='word_1_75' title='bbox 1158 906 1254 960; x_wconf 91' lang='grc' dir='ltr'><strong>τοῦ</strong></span> <span class='ocrx_word' id='word_1_76' title='bbox 1279 907 1465 979; x_wconf 90' lang='grc' dir='ltr'>νόμου,</span> <span class='ocrx_word' id='word_1_77' title='bbox 1496 908 1599 972; x_wconf 76' lang='grc' dir='ltr'><strong>ἕως</strong></span> <span class='ocrx_word' id='word_1_78' title='bbox 1626 908 1690 962; x_wconf 84' lang='grc' dir='ltr'>ἂν</span> <span class='ocrx_word' id='word_1_79' title='bbox 1721 909 1896 963; x_wconf 87' lang='grc' dir='ltr'>πάντα</span> 
     </span>
    </p>
   </div>
   <div class='ocr_carea' id='block_1_12' title="bbox 320 994 1899 1072">
    <p class='ocr_par' dir='ltr' id='par_1_12' title="bbox 320 994 1899 1072">
     <span class='ocr_line' id='line_1_12' title="bbox 320 994 1899 1072; baseline 0.004 -25"><span class='ocrx_word' id='word_1_80' title='bbox 320 994 564 1066; x_wconf 84' lang='grc' dir='ltr'>γένηται.</span> <span class='ocrx_word' id='word_1_81' title='bbox 581 1015 598 1047; x_wconf 74' lang='grc' dir='ltr'><strong>ι</strong></span> <span class='ocrx_word' id='word_1_82' title='bbox 623 996 719 1048; x_wconf 87' lang='grc' dir='ltr'>Ὃν</span> <span class='ocrx_word' id='word_1_83' title='bbox 749 996 947 1065; x_wconf 83' lang='grc' dir='ltr'>τρόπον</span> <span class='ocrx_word' id='word_1_84' title='bbox 975 998 1083 1067; x_wconf 83' lang='grc' dir='ltr'><strong>γάρ</strong></span> <span class='ocrx_word' id='word_1_85' title='bbox 1112 997 1203 1050; x_wconf 76' lang='grc' dir='ltr'><strong>ἐπὶ</strong></span> <span class='ocrx_word' id='word_1_86' title='bbox 1224 996 1324 1068; x_wconf 82' lang='grc' dir='ltr'>τῆς</span> <span class='ocrx_word' id='word_1_87' title='bbox 1349 999 1752 1072; x_wconf 84' lang='grc' dir='ltr'>κοσμοποιίαςή</span> <span class='ocrx_word' id='word_1_88' title='bbox 1780 1000 1899 1055; x_wconf 91' lang='grc' dir='ltr'>θεία</span> 
     </span>
    </p>
   </div>
   <div class='ocr_carea' id='block_1_13' title="bbox 320 1087 1899 1163">
    <p class='ocr_par' dir='ltr' id='par_1_13' title="bbox 320 1087 1899 1163">
     <span class='ocr_line' id='line_1_13' title="bbox 320 1087 1899 1163; baseline 0.003 -23"><span class='ocrx_word' id='word_1_89' title='bbox 320 1087 482 1158; x_wconf 83' lang='grc' dir='ltr'><strong>τέχνη</strong></span> <span class='ocrx_word' id='word_1_90' title='bbox 510 1087 572 1140; x_wconf 85' lang='grc' dir='ltr'><strong>ού</strong></span> <span class='ocrx_word' id='word_1_91' title='bbox 607 1087 765 1158; x_wconf 90' lang='grc' dir='ltr'>μόνον</span> <span class='ocrx_word' id='word_1_92' title='bbox 797 1088 855 1140; x_wconf 84' lang='grc' dir='ltr'><strong>ἐν</strong></span> <span class='ocrx_word' id='word_1_93' title='bbox 891 1088 1105 1159; x_wconf 81' lang='grc' dir='ltr'>οὐρανῷ</span> <span class='ocrx_word' id='word_1_94' title='bbox 1138 1089 1231 1142; x_wconf 76' lang='grc' dir='ltr'><strong>καὶ</strong></span> <span class='ocrx_word' id='word_1_95' title='bbox 1266 1088 1404 1160; x_wconf 84' lang='grc' dir='ltr'>ήλίῳ</span> <span class='ocrx_word' id='word_1_96' title='bbox 1437 1091 1531 1144; x_wconf 77' lang='grc' dir='ltr'><strong>καὶ</strong></span> <span class='ocrx_word' id='word_1_97' title='bbox 1564 1091 1761 1163; x_wconf 82' lang='grc' dir='ltr'>σελήνῃ</span> <span class='ocrx_word' id='word_1_98' title='bbox 1803 1092 1899 1146; x_wconf 73' lang='grc' dir='ltr'>καὶ</span> 
     </span>
    </p>
   </div>
   <div class='ocr_carea' id='block_1_14' title="bbox 322 1178 1899 1255">
    <p class='ocr_par' dir='ltr' id='par_1_14' title="bbox 322 1178 1899 1255">
     <span class='ocr_line' id='line_1_14' title="bbox 322 1178 1899 1255; baseline 0.004 -22"><span class='ocrx_word' id='word_1_99' title='bbox 322 1178 543 1251; x_wconf 78' lang='grc' dir='ltr'>ἄστροις</span> <span class='ocrx_word' id='word_1_100' title='bbox 565 1178 812 1249; x_wconf 87' lang='grc' dir='ltr'>φαίνεται</span> <span class='ocrx_word' id='word_1_101' title='bbox 839 1178 972 1251; x_wconf 71' lang='grc'>(48),</span> <span class='ocrx_word' id='word_1_102' title='bbox 988 1180 1055 1233; x_wconf 81' lang='grc' dir='ltr'>δι’</span> <span class='ocrx_word' id='word_1_103' title='bbox 1087 1181 1222 1235; x_wconf 83' lang='grc' dir='ltr'>ὅλων</span> <span class='ocrx_word' id='word_1_104' title='bbox 1247 1182 1356 1235; x_wconf 84' lang='grc' dir='ltr'><strong>τῶν</strong></span> <span class='ocrx_word' id='word_1_105' title='bbox 1385 1183 1651 1255; x_wconf 89' lang='grc' dir='ltr'>σωμάτων</span> <span class='ocrx_word' id='word_1_106' title='bbox 1675 1186 1899 1239; x_wconf 77' lang='grc' dir='ltr'>ἐκείνων</span> 
     </span>
    </p>
   </div>
   <div class='ocr_carea' id='block_1_15' title="bbox 324 1270 1899 1348">
    <p class='ocr_par' dir='ltr' id='par_1_15' title="bbox 324 1270 1899 1348">
     <span class='ocr_line' id='line_1_15' title="bbox 324 1270 1899 1348; baseline 0.004 -24"><span class='ocrx_word' id='word_1_107' title='bbox 324 1273 710 1341; x_wconf 69' lang='grc' dir='ltr'>πεφοιτηκυῖκ,</span> <span class='ocrx_word' id='word_1_108' title='bbox 741 1270 877 1325; x_wconf 86' lang='grc' dir='ltr'><strong>ἀλλά</strong></span> <span class='ocrx_word' id='word_1_109' title='bbox 906 1273 1001 1325; x_wconf 78' lang='grc' dir='ltr'>καὶ</span> <span class='ocrx_word' id='word_1_110' title='bbox 1050 1273 1142 1326; x_wconf 81' lang='grc' dir='ltr'><strong>ἐπὶ</strong></span> <span class='ocrx_word' id='word_1_111' title='bbox 1172 1273 1274 1344; x_wconf 84' lang='grc' dir='ltr'>γῆς</span> <span class='ocrx_word' id='word_1_112' title='bbox 1306 1275 1363 1327; x_wconf 89' lang='grc' dir='ltr'><strong>ἐν</strong></span> <span class='ocrx_word' id='word_1_113' title='bbox 1409 1273 1508 1346; x_wconf 79' lang='grc' dir='ltr'>ὕλῃ</span> <span class='ocrx_word' id='word_1_114' title='bbox 1543 1275 1899 1348; x_wconf 79' lang='grc' dir='ltr'>εύτελεστέρᾳ</span> 
     </span>
    </p>
   </div>
   <div class='ocr_carea' id='block_1_16' title="bbox 321 1362 1897 1438">
    <p class='ocr_par' dir='ltr' id='par_1_16' title="bbox 321 1362 1897 1438">
     <span class='ocr_line' id='line_1_16' title="bbox 321 1362 1897 1438; baseline 0.004 -22"><span class='ocrx_word' id='word_1_115' title='bbox 321 1362 386 1416; x_wconf 81' lang='grc' dir='ltr'>τὺ</span> <span class='ocrx_word' id='word_1_116' title='bbox 418 1362 549 1415; x_wconf 82' lang='grc' dir='ltr'>αὐτὸ</span> <span class='ocrx_word' id='word_1_117' title='bbox 574 1362 892 1433; x_wconf 85' lang='grc' dir='ltr'>πεποίηκεν,</span> <span class='ocrx_word' id='word_1_118' title='bbox 925 1363 1001 1425; x_wconf 85' lang='grc' dir='ltr'>ὡς</span> <span class='ocrx_word' id='word_1_119' title='bbox 1046 1363 1121 1435; x_wconf 79' lang='grc' dir='ltr'><strong>μὴ</strong></span> <span class='ocrx_word' id='word_1_120' title='bbox 1173 1365 1618 1438; x_wconf 83' lang='grc' dir='ltr'>ὑπερηφανῆσθαι</span> <span class='ocrx_word' id='word_1_121' title='bbox 1664 1369 1772 1422; x_wconf 90' lang='grc' dir='ltr'><strong>ἀπὸ</strong></span> <span class='ocrx_word' id='word_1_122' title='bbox 1803 1369 1897 1423; x_wconf 89' lang='grc' dir='ltr'><strong>τοῦ</strong></span> 
     </span>
    </p>
   </div>
   <div class='ocr_carea' id='block_1_17' title="bbox 322 1451 1895 1529">
    <p class='ocr_par' dir='ltr' id='par_1_17' title="bbox 322 1451 1895 1529">
     <span class='ocr_line' id='line_1_17' title="bbox 322 1451 1895 1529; baseline 0.007 -25"><span class='ocrx_word' id='word_1_123' title='bbox 322 1451 598 1522; x_wconf 81' lang='grc' dir='ltr'>τεχνίτου,</span> <span class='ocrx_word' id='word_1_124' title='bbox 654 1453 795 1523; x_wconf 84' lang='grc' dir='ltr'>μήτε</span> <span class='ocrx_word' id='word_1_125' title='bbox 823 1453 891 1506; x_wconf 78' lang='grc' dir='ltr'><strong>τά</strong></span> <span class='ocrx_word' id='word_1_126' title='bbox 925 1452 1150 1524; x_wconf 83' lang='grc' dir='ltr'>σώματα</span> <span class='ocrx_word' id='word_1_127' title='bbox 1200 1456 1307 1509; x_wconf 85' lang='grc' dir='ltr'><strong>τῶν</strong></span> <span class='ocrx_word' id='word_1_128' title='bbox 1370 1457 1664 1529; x_wconf 76' lang='grc' dir='ltr'>ἐλαχίστων</span> <span class='ocrx_word' id='word_1_129' title='bbox 1710 1459 1895 1525; x_wconf 74' lang='grc' dir='ltr'>ζώωνο</span> 
     </span>
    </p>
   </div>
   <div class='ocr_carea' id='block_1_18' title="bbox 325 1545 1902 1623">
    <p class='ocr_par' dir='ltr' id='par_1_18' title="bbox 325 1545 1902 1623">
     <span class='ocr_line' id='line_1_18' title="bbox 325 1545 1902 1623; baseline 0.006 -25"><span class='ocrx_word' id='word_1_130' title='bbox 325 1545 505 1617; x_wconf 79' lang='grc' dir='ltr'>πολλῷ</span> <span class='ocrx_word' id='word_1_131' title='bbox 528 1545 585 1599; x_wconf 87' lang='grc' dir='ltr'>δὲ</span> <span class='ocrx_word' id='word_1_132' title='bbox 609 1546 768 1600; x_wconf 86' lang='grc' dir='ltr'>πλέον</span> <span class='ocrx_word' id='word_1_133' title='bbox 796 1548 887 1601; x_wconf 81' lang='grc' dir='ltr'><strong>καὶ</strong></span> <span class='ocrx_word' id='word_1_134' title='bbox 912 1547 1011 1610; x_wconf 68' lang='grc' dir='ltr'><strong>τὰς</strong></span> <span class='ocrx_word' id='word_1_135' title='bbox 1043 1551 1455 1621; x_wconf 86' lang='grc' dir='ltr'>ἐνυπαρχούσας</span> <span class='ocrx_word' id='word_1_136' title='bbox 1485 1551 1663 1623; x_wconf 71' lang='grc' dir='ltr'>ψυχὰς</span> <span class='ocrx_word' id='word_1_137' title='bbox 1712 1556 1769 1608; x_wconf 85' lang='grc' dir='ltr'><strong>ἐν</strong></span> <span class='ocrx_word' id='word_1_138' title='bbox 1804 1556 1902 1608; x_wconf 86' lang='grc' dir='ltr'>αύ-</span> 
     </span>
    </p>
   </div>
   <div class='ocr_carea' id='block_1_19' title="bbox 324 1636 1901 1717">
    <p class='ocr_par' dir='ltr' id='par_1_19' title="bbox 324 1636 1901 1717">
     <span class='ocr_line' id='line_1_19' title="bbox 324 1636 1901 1717; baseline 0.008 -29"><span class='ocrx_word' id='word_1_139' title='bbox 324 1638 459 1700; x_wconf 84' lang='grc' dir='ltr'>τοῐς,</span> <span class='ocrx_word' id='word_1_140' title='bbox 495 1636 730 1708; x_wconf 79' lang='grc' dir='ltr'><strong>ἑκάστης</strong></span> <span class='ocrx_word' id='word_1_141' title='bbox 763 1637 963 1710; x_wconf 85' lang='grc' dir='ltr'>ίδίωμά</span> <span class='ocrx_word' id='word_1_142' title='bbox 991 1656 1044 1692; x_wconf 93' lang='grc' dir='ltr'><strong>τι</strong></span> <span class='ocrx_word' id='word_1_143' title='bbox 1077 1639 1187 1711; x_wconf 73' lang='grc'><strong>(49)</strong></span> <span class='ocrx_word' id='word_1_144' title='bbox 1216 1641 1486 1714; x_wconf 81' lang='grc' dir='ltr'>λαϐούσης</span> <span class='ocrx_word' id='word_1_145' title='bbox 1514 1646 1572 1698; x_wconf 79' lang='grc' dir='ltr'><strong>ἐν</strong></span> <span class='ocrx_word' id='word_1_146' title='bbox 1617 1645 1776 1717; x_wconf 77' lang='grc' dir='ltr'>αὐτῇ,</span> <span class='ocrx_word' id='word_1_147' title='bbox 1824 1647 1901 1711; x_wconf 87' lang='grc' dir='ltr'><strong>ὡς</strong></span> 
     </span>
    </p>
   </div>
   <div class='ocr_carea' id='block_1_20' title="bbox 326 1725 1896 1809">
    <p class='ocr_par' dir='ltr' id='par_1_20' title="bbox 326 1725 1896 1809">
     <span class='ocr_line' id='line_1_20' title="bbox 326 1725 1896 1809; baseline 0.01 -32"><span class='ocrx_word' id='word_1_148' title='bbox 326 1727 384 1780; x_wconf 78' lang='grc' dir='ltr'>ὲν</span> <span class='ocrx_word' id='word_1_149' title='bbox 411 1725 588 1799; x_wconf 84' lang='grc' dir='ltr'><strong>ἀλόγῳ</strong></span> <span class='ocrx_word' id='word_1_150' title='bbox 622 1730 887 1801; x_wconf 84' lang='grc' dir='ltr'>σωτήριον</span> <span class='ocrx_word' id='word_1_151' title='bbox 910 1746 925 1759; x_wconf 70' lang='grc' dir='ltr'><strong><em>ο</em></strong></span> <span class='ocrx_word' id='word_1_152' title='bbox 989 1732 1127 1802; x_wconf 86' lang='grc' dir='ltr'>μήτε</span> <span class='ocrx_word' id='word_1_153' title='bbox 1151 1731 1220 1785; x_wconf 90' lang='grc' dir='ltr'><strong>τά</strong></span> <span class='ocrx_word' id='word_1_154' title='bbox 1264 1733 1363 1805; x_wconf 81' lang='grc' dir='ltr'>τῆς</span> <span class='ocrx_word' id='word_1_155' title='bbox 1385 1735 1490 1806; x_wconf 83' lang='grc' dir='ltr'>γῆς</span> <span class='ocrx_word' id='word_1_156' title='bbox 1521 1735 1896 1809; x_wconf 82' lang='grc' dir='ltr'>βλαστήματα,</span> 
     </span>
    </p>
   </div>
   <div class='ocr_carea' id='block_1_21' title="bbox 324 1817 1902 1902">
    <p class='ocr_par' dir='ltr' id='par_1_21' title="bbox 324 1817 1902 1902">
     <span class='ocr_line' id='line_1_21' title="bbox 324 1817 1902 1902; baseline 0.008 -31"><span class='ocrx_word' id='word_1_157' title='bbox 324 1817 540 1890; x_wconf 82' lang='grc' dir='ltr'>ἑκάστῳ</span> <span class='ocrx_word' id='word_1_158' title='bbox 586 1821 986 1894; x_wconf 74' lang='grc' dir='ltr'>ἐνυπάρχοντος</span> <span class='ocrx_word' id='word_1_159' title='bbox 1034 1823 1128 1876; x_wconf 91' lang='grc' dir='ltr'><strong>τοῦ</strong></span> <span class='ocrx_word' id='word_1_160' title='bbox 1158 1826 1406 1896; x_wconf 80' lang='grc' dir='ltr'>τεχνικοῦ</span> <span class='ocrx_word' id='word_1_161' title='bbox 1446 1829 1575 1900; x_wconf 79' lang='grc' dir='ltr'>περὶ</span> <span class='ocrx_word' id='word_1_162' title='bbox 1607 1829 1706 1893; x_wconf 83' lang='grc' dir='ltr'>τὰς</span> <span class='ocrx_word' id='word_1_163' title='bbox 1749 1829 1902 1902; x_wconf 77' lang='grc' dir='ltr'>ῥίζας</span> 
     </span>
    </p>
   </div>
   <div class='ocr_carea' id='block_1_22' title="bbox 324 1911 1903 1991">
    <p class='ocr_par' dir='ltr' id='par_1_22' title="bbox 324 1911 1903 1991">
     <span class='ocr_line' id='line_1_22' title="bbox 324 1911 1903 1991; baseline 0.007 -24"><span class='ocrx_word' id='word_1_164' title='bbox 324 1914 420 1968; x_wconf 76' lang='grc' dir='ltr'>καὶ</span> <span class='ocrx_word' id='word_1_165' title='bbox 443 1911 510 1965; x_wconf 86' lang='grc' dir='ltr'><strong>τά</strong></span> <span class='ocrx_word' id='word_1_166' title='bbox 533 1913 706 1982; x_wconf 84' lang='grc' dir='ltr'>φύλλα</span> <span class='ocrx_word' id='word_1_167' title='bbox 726 1916 819 1968; x_wconf 75' lang='grc' dir='ltr'>καὶ</span> <span class='ocrx_word' id='word_1_168' title='bbox 849 1916 976 1979; x_wconf 81' lang='grc' dir='ltr'>τοὺς</span> <span class='ocrx_word' id='word_1_169' title='bbox 997 1917 1376 1989; x_wconf 82' lang='grc' dir='ltr'>ἐνδεχομένους</span> <span class='ocrx_word' id='word_1_170' title='bbox 1403 1937 1471 1973; x_wconf 91' lang='grc' dir='ltr'><strong>κα</strong></span> <span class='ocrx_word' id='word_1_171' title='bbox 1480 1924 1666 1991; x_wconf 79' lang='grc' dir='ltr'>ρποὺς,</span> <span class='ocrx_word' id='word_1_172' title='bbox 1688 1923 1781 1977; x_wconf 73' lang='grc' dir='ltr'><strong>καὶ</strong></span> <span class='ocrx_word' id='word_1_173' title='bbox 1806 1924 1903 1989; x_wconf 83' lang='grc' dir='ltr'>τὰς</span> 
     </span>
    </p>
   </div>
   <div class='ocr_carea' id='block_1_23' title="bbox 323 2007 1904 2085">
    <p class='ocr_par' dir='ltr' id='par_1_23' title="bbox 323 2007 1904 2085">
     <span class='ocr_line' id='line_1_23' title="bbox 323 2007 1904 2085; baseline 0.006 -25"><span class='ocrx_word' id='word_1_174' title='bbox 323 2007 586 2080; x_wconf 85' lang='grc' dir='ltr'>διαφορὰς</span> <span class='ocrx_word' id='word_1_175' title='bbox 608 2007 715 2061; x_wconf 85' lang='grc' dir='ltr'><strong>τῶν</strong></span> <span class='ocrx_word' id='word_1_176' title='bbox 755 2009 1085 2079; x_wconf 84' lang='grc' dir='ltr'>ποιοτήτων·</span> <span class='ocrx_word' id='word_1_177' title='bbox 1142 2008 1312 2074; x_wconf 77' lang='grc' dir='ltr'>οὕτως</span> <span class='ocrx_word' id='word_1_178' title='bbox 1339 2013 1500 2083; x_wconf 81' lang='grc' dir='ltr'>ἡμεῖς</span> <span class='ocrx_word' id='word_1_179' title='bbox 1531 2014 1904 2085; x_wconf 85' lang='grc' dir='ltr'>ὑπολαμϐάνο-</span> 
     </span>
    </p>
   </div>
   <div class='ocr_carea' id='block_1_24' title="bbox 328 2099 1905 2176">
    <p class='ocr_par' dir='ltr' id='par_1_24' title="bbox 328 2099 1905 2176">
     <span class='ocr_line' id='line_1_24' title="bbox 328 2099 1905 2176; baseline 0.006 -22"><span class='ocrx_word' id='word_1_180' title='bbox 328 2118 430 2172; x_wconf 91' lang='grc' dir='ltr'><strong>μεν</strong></span> <span class='ocrx_word' id='word_1_181' title='bbox 463 2101 593 2172; x_wconf 69' lang='grc' dir='ltr'>περὶ</span> <span class='ocrx_word' id='word_1_182' title='bbox 622 2099 840 2154; x_wconf 84' lang='grc' dir='ltr'>πάντων</span> <span class='ocrx_word' id='word_1_183' title='bbox 871 2100 980 2154; x_wconf 85' lang='grc' dir='ltr'><strong>τῶν</strong></span> <span class='ocrx_word' id='word_1_184' title='bbox 1011 2101 1070 2170; x_wconf 83' lang='grc' dir='ltr'><strong>ἐξ</strong></span> <span class='ocrx_word' id='word_1_185' title='bbox 1103 2104 1387 2169; x_wconf 80' lang='grc' dir='ltr'>ἐπιπνοίας</span> <span class='ocrx_word' id='word_1_186' title='bbox 1414 2106 1508 2159; x_wconf 90' lang='grc' dir='ltr'><strong>τοῦ</strong></span> <span class='ocrx_word' id='word_1_187' title='bbox 1539 2108 1694 2176; x_wconf 88' lang='grc' dir='ltr'>ἀγίου</span> <span class='ocrx_word' id='word_1_188' title='bbox 1742 2110 1905 2164; x_wconf 88' lang='grc' dir='ltr'>Πνεύ-</span> 
     </span>
    </p>
   </div>
   <div class='ocr_carea' id='block_1_25' title="bbox 330 2193 1900 2275">
    <p class='ocr_par' dir='ltr' id='par_1_25' title="bbox 330 2193 1900 2275">
     <span class='ocr_line' id='line_1_25' title="bbox 330 2193 1900 2275; baseline 0.008 -31"><span class='ocrx_word' id='word_1_189' title='bbox 330 2209 498 2263; x_wconf 85' lang='grc' dir='ltr'>ματος</span> <span class='ocrx_word' id='word_1_190' title='bbox 542 2193 1066 2265; x_wconf 79' lang='grc' dir='ltr'>ἀναγεγραμμένων,</span> <span class='ocrx_word' id='word_1_191' title='bbox 1127 2194 1203 2259; x_wconf 86' lang='grc' dir='ltr'>ὡς</span> <span class='ocrx_word' id='word_1_192' title='bbox 1247 2196 1349 2268; x_wconf 83' lang='grc' dir='ltr'>τῆς</span> <span class='ocrx_word' id='word_1_193' title='bbox 1401 2198 1747 2272; x_wconf 85' lang='grc' dir='ltr'>ἐπιδιδούσης</span> <span class='ocrx_word' id='word_1_194' title='bbox 1800 2204 1900 2275; x_wconf 79' lang='grc' dir='ltr'>τὴν</span> 
     </span>
    </p>
   </div>
   <div class='ocr_carea' id='block_1_26' title="bbox 327 2282 1902 2359">
    <p class='ocr_par' dir='ltr' id='par_1_26' title="bbox 327 2282 1902 2359">
     <span class='ocr_line' id='line_1_26' title="bbox 327 2282 1902 2359; baseline 0.009 -25"><span class='ocrx_word' id='word_1_195' title='bbox 327 2282 469 2354; x_wconf 84' lang='grc' dir='ltr'>ὑπὲρ</span> <span class='ocrx_word' id='word_1_196' title='bbox 523 2283 807 2355; x_wconf 78' lang='grc' dir='ltr'>ἄνθρωπον</span> <span class='ocrx_word' id='word_1_197' title='bbox 869 2285 1059 2353; x_wconf 86' lang='grc' dir='ltr'>σοφίαν</span> <span class='ocrx_word' id='word_1_198' title='bbox 1110 2286 1261 2357; x_wconf 74' lang='grc' dir='ltr'>ἱερᾶς</span> <span class='ocrx_word' id='word_1_199' title='bbox 1323 2288 1587 2359; x_wconf 84' lang='grc' dir='ltr'>Προνοίας</span> <span class='ocrx_word' id='word_1_200' title='bbox 1647 2293 1736 2346; x_wconf 84' lang='grc' dir='ltr'>διὰ</span> <span class='ocrx_word' id='word_1_201' title='bbox 1792 2295 1902 2348; x_wconf 85' lang='grc' dir='ltr'><strong>τῶν</strong></span> 
     </span>
    </p>
   </div>
   <div class='ocr_carea' id='block_1_27' title="bbox 327 2374 1903 2459">
    <p class='ocr_par' dir='ltr' id='par_1_27' title="bbox 327 2374 1903 2459">
     <span class='ocr_line' id='line_1_27' title="bbox 327 2374 1903 2459; baseline 0.01 -33"><span class='ocrx_word' id='word_1_202' title='bbox 327 2375 673 2447; x_wconf 83' lang='grc' dir='ltr'>γραμμάτων</span> <span class='ocrx_word' id='word_1_203' title='bbox 698 2374 777 2447; x_wconf 81' lang='grc' dir='ltr'>τῷ</span> <span class='ocrx_word' id='word_1_204' title='bbox 809 2375 955 2444; x_wconf 84' lang='grc' dir='ltr'>γένει</span> <span class='ocrx_word' id='word_1_205' title='bbox 988 2377 1095 2430; x_wconf 85' lang='grc' dir='ltr'><strong>τῶν</strong></span> <span class='ocrx_word' id='word_1_206' title='bbox 1129 2377 1451 2446; x_wconf 85' lang='grc' dir='ltr'>ἀνθρώπων,</span> <span class='ocrx_word' id='word_1_207' title='bbox 1476 2382 1633 2453; x_wconf 78' lang='grc' dir='ltr'>λόγια</span> <span class='ocrx_word' id='word_1_208' title='bbox 1660 2388 1903 2459; x_wconf 88' lang='grc' dir='ltr'>σωτήρια</span> 
     </span>
    </p>
   </div>
   <div class='ocr_carea' id='block_1_28' title="bbox 330 2467 1903 2550">
    <p class='ocr_par' dir='ltr' id='par_1_28' title="bbox 330 2467 1903 2550">
     <span class='ocr_line' id='line_1_28' title="bbox 330 2467 1903 2550; baseline 0.009 -31"><span class='ocrx_word' id='word_1_209' title='bbox 330 2467 751 2538; x_wconf 82' lang='grc' dir='ltr'>ἐνεσπαρκυίας,</span> <span class='ocrx_word' id='word_1_210' title='bbox 805 2468 881 2533; x_wconf 84' lang='grc' dir='ltr'>ὡς</span> <span class='ocrx_word' id='word_1_211' title='bbox 930 2468 1078 2523; x_wconf 84' lang='grc' dir='ltr'>ἔστιν</span> <span class='ocrx_word' id='word_1_212' title='bbox 1135 2472 1326 2537; x_wconf 87' lang='grc' dir='ltr'>είπεῖν,</span> <span class='ocrx_word' id='word_1_213' title='bbox 1357 2474 1571 2547; x_wconf 83' lang='grc' dir='ltr'>ἑκάστῳ</span> <span class='ocrx_word' id='word_1_214' title='bbox 1618 2478 1903 2550; x_wconf 85' lang='grc' dir='ltr'>γράμματι</span> 
     </span>
    </p>
   </div>
   <div class='ocr_carea' id='block_1_29' title="bbox 331 2559 1903 2642">
    <p class='ocr_par' dir='ltr' id='par_1_29' title="bbox 331 2559 1903 2642">
     <span class='ocr_line' id='line_1_29' title="bbox 331 2559 1903 2642; baseline 0.009 -29"><span class='ocrx_word' id='word_1_215' title='bbox 331 2559 472 2614; x_wconf 85' lang='grc' dir='ltr'><strong>κατά</strong></span> <span class='ocrx_word' id='word_1_216' title='bbox 496 2559 556 2613; x_wconf 81' lang='grc' dir='ltr'><strong>τὸ</strong></span> <span class='ocrx_word' id='word_1_217' title='bbox 581 2560 926 2631; x_wconf 88' lang='grc' dir='ltr'>ἐνδεχόμενον</span> <span class='ocrx_word' id='word_1_218' title='bbox 962 2562 1082 2635; x_wconf 86' lang='grc' dir='ltr'>ῐχνη</span> <span class='ocrx_word' id='word_1_219' title='bbox 1112 2563 1212 2634; x_wconf 80' lang='grc' dir='ltr'><strong>τῆς</strong></span> <span class='ocrx_word' id='word_1_220' title='bbox 1256 2566 1466 2636; x_wconf 81' lang='grc' dir='ltr'>σοφίας.</span> <span class='ocrx_word' id='word_1_221' title='bbox 1503 2570 1621 2642; x_wconf 82' lang='grc' dir='ltr'><strong>Χρὴ</strong></span> <span class='ocrx_word' id='word_1_222' title='bbox 1655 2571 1903 2642; x_wconf 81' lang='grc' dir='ltr'>μέντοιγε</span> 
     </span>
    </p>
   </div>
   <div class='ocr_carea' id='block_1_30' title="bbox 328 2651 1904 2735">
    <p class='ocr_par' dir='ltr' id='par_1_30' title="bbox 328 2651 1904 2735">
     <span class='ocr_line' id='line_1_30' title="bbox 328 2651 1904 2735; baseline 0.008 -30"><span class='ocrx_word' id='word_1_223' title='bbox 328 2652 422 2705; x_wconf 83' lang='grc' dir='ltr'><strong>τὸν</strong></span> <span class='ocrx_word' id='word_1_224' title='bbox 448 2651 594 2719; x_wconf 80' lang='grc' dir='ltr'>ἀπαξ</span> <span class='ocrx_word' id='word_1_225' title='bbox 644 2653 1089 2726; x_wconf 80' lang='grc' dir='ltr'>παραδεξάμενον</span> <span class='ocrx_word' id='word_1_226' title='bbox 1117 2657 1211 2710; x_wconf 89' lang='grc' dir='ltr'><strong>τοῦ</strong></span> <span class='ocrx_word' id='word_1_227' title='bbox 1263 2659 1542 2724; x_wconf 87' lang='grc' dir='ltr'>κτίσαντος</span> <span class='ocrx_word' id='word_1_228' title='bbox 1579 2662 1669 2715; x_wconf 82' lang='grc' dir='ltr'><strong>τὸν</strong></span> <span class='ocrx_word' id='word_1_229' title='bbox 1703 2663 1904 2735; x_wconf 82' lang='grc' dir='ltr'>κόσμον</span> 
     </span>
    </p>
   </div>
   <div class='ocr_carea' id='block_1_31' title="bbox 328 2738 1903 2827">
    <p class='ocr_par' dir='ltr' id='par_1_31' title="bbox 328 2738 1903 2827">
     <span class='ocr_line' id='line_1_31' title="bbox 328 2738 1903 2827; baseline 0.009 -32"><span class='ocrx_word' id='word_1_230' title='bbox 328 2738 466 2798; x_wconf 77' lang='grc' dir='ltr'>εἶναι</span> <span class='ocrx_word' id='word_1_231' title='bbox 508 2745 713 2809; x_wconf 89' lang='grc' dir='ltr'>ταύτας</span> <span class='ocrx_word' id='word_1_232' title='bbox 770 2746 869 2811; x_wconf 85' lang='grc' dir='ltr'><strong>τάς</strong></span> <span class='ocrx_word' id='word_1_233' title='bbox 912 2748 1153 2820; x_wconf 87' lang='grc' dir='ltr'>Γραφάς,</span> <span class='ocrx_word' id='word_1_234' title='bbox 1189 2751 1478 2806; x_wconf 87' lang='grc' dir='ltr'>πεπεῖσθαι</span> <span class='ocrx_word' id='word_1_235' title='bbox 1510 2754 1591 2807; x_wconf 87' lang='grc' dir='ltr'>ὃτι</span> <span class='ocrx_word' id='word_1_236' title='bbox 1643 2755 1743 2808; x_wconf 84' lang='grc' dir='ltr'><strong>ὅσα</strong></span> <span class='ocrx_word' id='word_1_237' title='bbox 1775 2758 1903 2827; x_wconf 76' lang='grc' dir='ltr'>περὶ</span> 
     </span>
    </p>
   </div>
   <div class='ocr_carea' id='block_1_32' title="bbox 326 2834 1903 2918">
    <p class='ocr_par' dir='ltr' id='par_1_32' title="bbox 326 2834 1903 2918">
     <span class='ocr_line' id='line_1_32' title="bbox 326 2834 1903 2918; baseline 0.008 -28"><span class='ocrx_word' id='word_1_238' title='bbox 326 2834 430 2905; x_wconf 81' lang='grc' dir='ltr'>τῆς</span> <span class='ocrx_word' id='word_1_239' title='bbox 459 2837 689 2901; x_wconf 88' lang='grc' dir='ltr'>κτίσεως</span> <span class='ocrx_word' id='word_1_240' title='bbox 709 2839 927 2911; x_wconf 84' lang='grc' dir='ltr'>ἀπαντᾷ</span> <span class='ocrx_word' id='word_1_241' title='bbox 948 2844 1060 2904; x_wconf 87' lang='grc' dir='ltr'>τοῖς</span> <span class='ocrx_word' id='word_1_242' title='bbox 1090 2841 1311 2915; x_wconf 78' lang='grc' dir='ltr'>ζητοῦσι</span> <span class='ocrx_word' id='word_1_243' title='bbox 1335 2844 1428 2897; x_wconf 83' lang='grc' dir='ltr'><strong>τὸν</strong></span> <span class='ocrx_word' id='word_1_244' title='bbox 1467 2846 1594 2918; x_wconf 80' lang='grc' dir='ltr'>περὶ</span> <span class='ocrx_word' id='word_1_245' title='bbox 1620 2847 1786 2918; x_wconf 83' lang='grc' dir='ltr'>αὐτῆς</span> <span class='ocrx_word' id='word_1_246' title='bbox 1814 2847 1903 2902; x_wconf 83' lang='grc' dir='ltr'>λό-</span> 
     </span>
    </p>
   </div>
   <div class='ocr_carea' id='block_1_33' title="bbox 329 2926 1904 3005">
    <p class='ocr_par' dir='ltr' id='par_1_33' title="bbox 329 2926 1904 3005">
     <span class='ocr_line' id='line_1_33' title="bbox 329 2926 1904 3005; baseline 0.008 -26"><span class='ocrx_word' id='word_1_247' title='bbox 329 2942 446 2994; x_wconf 86' lang='grc' dir='ltr'>γον,</span> <span class='ocrx_word' id='word_1_248' title='bbox 474 2926 648 2981; x_wconf 86' lang='grc' dir='ltr'>ταῦτα</span> <span class='ocrx_word' id='word_1_249' title='bbox 675 2930 770 2982; x_wconf 79' lang='grc' dir='ltr'><strong>καὶ</strong></span> <span class='ocrx_word' id='word_1_250' title='bbox 796 2930 923 3001; x_wconf 83' lang='grc' dir='ltr'>περὶ</span> <span class='ocrx_word' id='word_1_251' title='bbox 947 2930 1058 2984; x_wconf 84' lang='grc' dir='ltr'><strong>τῶν</strong></span> <span class='ocrx_word' id='word_1_252' title='bbox 1090 2932 1342 3003; x_wconf 83' lang='grc' dir='ltr'>Γραφῶν.</span> <span class='ocrx_word' id='word_1_253' title='bbox 1371 2935 1527 2987; x_wconf 87' lang='grc' dir='ltr'>Ἔστι</span> <span class='ocrx_word' id='word_1_254' title='bbox 1551 2934 1609 2988; x_wconf 91' lang='grc' dir='ltr'><strong>δέ</strong></span> <span class='ocrx_word' id='word_1_255' title='bbox 1636 2953 1699 3005; x_wconf 90' lang='grc' dir='ltr'><strong>γε</strong></span> <span class='ocrx_word' id='word_1_256' title='bbox 1726 2938 1820 2990; x_wconf 74' lang='grc' dir='ltr'><strong>καί</strong></span> <span class='ocrx_word' id='word_1_257' title='bbox 1844 2938 1904 2992; x_wconf 89' lang='grc' dir='ltr'><strong>ἐν</strong></span> 
     </span>
    </p>
   </div>
   <div class='ocr_carea' id='block_1_34' title="bbox 1999 451 3575 525">
    <p class='ocr_par' dir='ltr' id='par_1_34' title="bbox 1999 451 3575 525">
     <span class='ocr_line' id='line_1_34' title="bbox 1999 451 3575 525; baseline 0.004 -20"><span class='ocrx_word' id='word_1_258' title='bbox 1999 451 2235 520; x_wconf 78' lang='lat' dir='ltr'><strong>Spiritus</strong></span> <span class='ocrx_word' id='word_1_259' title='bbox 2281 466 2503 510; x_wconf 83' lang='lat' dir='ltr'><strong>sanctus</strong></span> <span class='ocrx_word' id='word_1_260' title='bbox 2552 469 2651 523; x_wconf 84' lang='lat' dir='ltr'><strong>per</strong></span> <span class='ocrx_word' id='word_1_261' title='bbox 2683 456 2962 509; x_wconf 90' lang='lat' dir='ltr'><strong>ministros</strong></span> <span class='ocrx_word' id='word_1_262' title='bbox 2990 454 3143 509; x_wconf 88' lang='lat' dir='ltr'><strong>verbi</strong></span> <span class='ocrx_word' id='word_1_263' title='bbox 3174 455 3279 509; x_wconf 85' lang='lat' dir='ltr'><strong>ista</strong></span> <span class='ocrx_word' id='word_1_264' title='bbox 3323 456 3575 525; x_wconf 87' lang='lat' dir='ltr'><strong>subjecit,</strong></span> 
     </span>
    </p>
   </div>
   <div class='ocr_carea' id='block_1_35' title="bbox 1998 546 3572 617">
    <p class='ocr_par' dir='ltr' id='par_1_35' title="bbox 1998 546 3572 617">
     <span class='ocr_line' id='line_1_35' title="bbox 1998 546 3572 617; baseline 0.004 -18"><span class='ocrx_word' id='word_1_265' title='bbox 1998 563 2065 599; x_wconf 88' lang='lat' dir='ltr'><strong>ne</strong></span> <span class='ocrx_word' id='word_1_266' title='bbox 2123 563 2359 617; x_wconf 84' lang='lat' dir='ltr'><strong>unquam</strong></span> <span class='ocrx_word' id='word_1_267' title='bbox 2420 547 2578 603; x_wconf 88' lang='lat' dir='ltr'><strong>nobis</strong></span> <span class='ocrx_word' id='word_1_268' title='bbox 2626 546 2797 602; x_wconf 77' lang='lat' dir='ltr'><strong>latere</strong></span> <span class='ocrx_word' id='word_1_269' title='bbox 2847 557 3032 617; x_wconf 78' lang='lat' dir='ltr'><strong>posset</strong></span> <span class='ocrx_word' id='word_1_270' title='bbox 3075 548 3233 612; x_wconf 82' lang='lat' dir='ltr'><strong>ratio,</strong></span> <span class='ocrx_word' id='word_1_271' title='bbox 3276 549 3572 605; x_wconf 86' lang='lat' dir='ltr'><strong>secundum</strong></span> 
     </span>
    </p>
   </div>
   <div class='ocr_carea' id='block_1_36' title="bbox 1997 638 3576 708">
    <p class='ocr_par' dir='ltr' id='par_1_36' title="bbox 1997 638 3576 708">
     <span class='ocr_line' id='line_1_36' title="bbox 1997 638 3576 708; baseline 0.004 -19"><span class='ocrx_word' id='word_1_272' title='bbox 1997 653 2158 705; x_wconf 89' lang='lat' dir='ltr'><strong>quam</strong></span> <span class='ocrx_word' id='word_1_273' title='bbox 2190 639 2368 692; x_wconf 81' lang='lat' dir='ltr'><strong>divina</strong></span> <span class='ocrx_word' id='word_1_274' title='bbox 2404 638 2669 708; x_wconf 78' lang='lat' dir='ltr'><strong>sapientia</strong></span> <span class='ocrx_word' id='word_1_275' title='bbox 2703 654 2921 694; x_wconf 88' lang='lat' dir='ltr'><strong>omnem</strong></span> <span class='ocrx_word' id='word_1_276' title='bbox 2951 638 3289 708; x_wconf 84' lang='lat' dir='ltr'><strong>Scripturam</strong></span> <span class='ocrx_word' id='word_1_277' title='bbox 3320 639 3576 695; x_wconf 87' lang='lat' dir='ltr'><strong>divinitus</strong></span> 
     </span>
    </p>
   </div>
   <div class='ocr_carea' id='block_1_37' title="bbox 1999 730 3577 801">
    <p class='ocr_par' dir='ltr' id='par_1_37' title="bbox 1999 730 3577 801">
     <span class='ocr_line' id='line_1_37' title="bbox 1999 730 3577 801; baseline 0.001 -19"><span class='ocrx_word' id='word_1_278' title='bbox 1999 731 2201 796; x_wconf 88' lang='lat' dir='ltr'><strong>datam,</strong></span> <span class='ocrx_word' id='word_1_279' title='bbox 2237 732 2321 785; x_wconf 84' lang='lat' dir='ltr'><strong>vel</strong></span> <span class='ocrx_word' id='word_1_280' title='bbox 2371 732 2438 783; x_wconf 90' lang='lat' dir='ltr'><strong>ad</strong></span> <span class='ocrx_word' id='word_1_281' title='bbox 2481 747 2645 785; x_wconf 85' lang='lat' dir='ltr'><strong>unam</strong></span> <span class='ocrx_word' id='word_1_282' title='bbox 2692 744 2864 797; x_wconf 83' lang='lat' dir='ltr'><strong>usque</strong></span> <span class='ocrx_word' id='word_1_283' title='bbox 2912 730 3211 786; x_wconf 88' lang='lat' dir='ltr'><strong>litterulam</strong></span> <span class='ocrx_word' id='word_1_284' title='bbox 3263 731 3486 801; x_wconf 82' lang='lat' dir='ltr'><strong>attigit:</strong></span> <span class='ocrx_word' id='word_1_285' title='bbox 3520 742 3577 786; x_wconf 86' lang='lat' dir='ltr'><strong>ct</strong></span> 
     </span>
    </p>
   </div>
   <div class='ocr_carea' id='block_1_38' title="bbox 2000 819 3574 888">
    <p class='ocr_par' dir='ltr' id='par_1_38' title="bbox 2000 819 3574 888">
     <span class='ocr_line' id='line_1_38' title="bbox 2000 819 3574 888; baseline 0.001 -18"><span class='ocrx_word' id='word_1_286' title='bbox 2000 830 2286 888; x_wconf 75' lang='lat' dir='ltr'><strong>propterea</strong></span> <span class='ocrx_word' id='word_1_287' title='bbox 2319 819 2553 875; x_wconf 82' lang='lat' dir='ltr'><strong>fortasse</strong></span> <span class='ocrx_word' id='word_1_288' title='bbox 2580 821 2860 887; x_wconf 83' lang='lat' dir='ltr'><strong>Servator,</strong></span> <span class='ocrx_word' id='word_1_289' title='bbox 2899 819 3065 885; x_wconf 69' lang='lat' dir='ltr'><strong>«lota,</strong></span> <span class='ocrx_word' id='word_1_290' title='bbox 3090 819 3267 888; x_wconf 87' lang='lat' dir='ltr'><strong>inquit</strong></span> <span class='ocrx_word' id='word_1_291' title='bbox 3288 820 3357 887; x_wconf 67' lang='grc' dir='ltr'>θ’,</span> <span class='ocrx_word' id='word_1_292' title='bbox 3384 836 3574 883; x_wconf 82' lang='grc' dir='ltr'>ιιιιιιιη,</span> 
     </span>
    </p>
   </div>
   <div class='ocr_carea' id='block_1_39' title="bbox 2000 909 3575 979">
    <p class='ocr_par' dir='ltr' id='par_1_39' title="bbox 2000 909 3575 979">
     <span class='ocr_line' id='line_1_39' title="bbox 2000 909 3575 979; baseline 0.003 -19"><span class='ocrx_word' id='word_1_293' title='bbox 2000 911 2082 962; x_wconf 79' lang='lat' dir='ltr'><strong>vel</strong></span> <span class='ocrx_word' id='word_1_294' title='bbox 2120 924 2254 979; x_wconf 81' lang='lat' dir='ltr'><strong>apex</strong></span> <span class='ocrx_word' id='word_1_295' title='bbox 2298 924 2439 963; x_wconf 88' lang='lat' dir='ltr'><strong>unus</strong></span> <span class='ocrx_word' id='word_1_296' title='bbox 2464 924 2494 965; x_wconf 92' lang='lat' dir='ltr'><strong>e</strong></span> <span class='ocrx_word' id='word_1_297' title='bbox 2521 909 2638 979; x_wconf 80' lang='lat' dir='ltr'><strong>lege</strong></span> <span class='ocrx_word' id='word_1_298' title='bbox 2668 927 2773 964; x_wconf 92' lang='lat' dir='ltr'><strong>non</strong></span> <span class='ocrx_word' id='word_1_299' title='bbox 2808 910 3140 979; x_wconf 67' lang='lat' dir='ltr'><strong>praeteribit.</strong></span> <span class='ocrx_word' id='word_1_300' title='bbox 3178 910 3350 964; x_wconf 88' lang='lat' dir='ltr'><strong>donec</strong></span> <span class='ocrx_word' id='word_1_301' title='bbox 3393 911 3575 965; x_wconf 85' lang='lat' dir='ltr'><strong>omnia</strong></span> 
     </span>
    </p>
   </div>
   <div class='ocr_carea' id='block_1_40' title="bbox 2000 1002 3578 1072">
    <p class='ocr_par' dir='ltr' id='par_1_40' title="bbox 2000 1002 3578 1072">
     <span class='ocr_line' id='line_1_40' title="bbox 2000 1002 3578 1072; baseline 0.001 -16"><span class='ocrx_word' id='word_1_302' title='bbox 2000 1002 2152 1056; x_wconf 87' lang='lat' dir='ltr'><strong>liant.</strong></span> <span class='ocrx_word' id='word_1_303' title='bbox 2187 1022 2204 1054; x_wconf 75' lang='grc' dir='ltr'><strong>ι</strong></span> <span class='ocrx_word' id='word_1_304' title='bbox 2240 1002 2707 1069; x_wconf 83' lang='lat' dir='ltr'><strong>Quemadmodum</strong></span> <span class='ocrx_word' id='word_1_305' title='bbox 2754 1005 2896 1057; x_wconf 91' lang='lat' dir='ltr'><strong>enim</strong></span> <span class='ocrx_word' id='word_1_306' title='bbox 2929 1003 2981 1056; x_wconf 90' lang='lat' dir='ltr'><strong>in</strong></span> <span class='ocrx_word' id='word_1_307' title='bbox 3012 1002 3196 1057; x_wconf 89' lang='lat' dir='ltr'><strong>mundi</strong></span> <span class='ocrx_word' id='word_1_308' title='bbox 3233 1004 3451 1072; x_wconf 82' lang='lat' dir='ltr'><strong>opiﬁcio</strong></span> <span class='ocrx_word' id='word_1_309' title='bbox 3489 1018 3578 1058; x_wconf 85' lang='lat' dir='ltr'><strong>ars</strong></span> 
     </span>
    </p>
   </div>
   <div class='ocr_carea' id='block_1_41' title="bbox 1999 1093 3578 1150">
    <p class='ocr_par' dir='ltr' id='par_1_41' title="bbox 1999 1093 3578 1150">
     <span class='ocr_line' id='line_1_41' title="bbox 1999 1093 3578 1150; baseline 0 -1"><span class='ocrx_word' id='word_1_310' title='bbox 1999 1094 2184 1149; x_wconf 85' lang='lat' dir='ltr'><strong>divina</strong></span> <span class='ocrx_word' id='word_1_311' title='bbox 2217 1110 2321 1148; x_wconf 91' lang='lat' dir='ltr'><strong>non</strong></span> <span class='ocrx_word' id='word_1_312' title='bbox 2350 1095 2523 1149; x_wconf 88' lang='lat' dir='ltr'><strong>solum</strong></span> <span class='ocrx_word' id='word_1_313' title='bbox 2578 1094 2630 1149; x_wconf 93' lang='lat' dir='ltr'><strong>in</strong></span> <span class='ocrx_word' id='word_1_314' title='bbox 2674 1096 2812 1150; x_wconf 77' lang='lat' dir='ltr'><strong>ccelo</strong></span> <span class='ocrx_word' id='word_1_315' title='bbox 2862 1102 2917 1149; x_wconf 90' lang='lat' dir='ltr'><strong>et</strong></span> <span class='ocrx_word' id='word_1_316' title='bbox 2958 1094 3077 1148; x_wconf 88' lang='lat' dir='ltr'><strong>sole</strong></span> <span class='ocrx_word' id='word_1_317' title='bbox 3100 1106 3155 1148; x_wconf 91' lang='lat' dir='ltr'><strong>et</strong></span> <span class='ocrx_word' id='word_1_318' title='bbox 3181 1093 3307 1148; x_wconf 89' lang='lat' dir='ltr'><strong>luna</strong></span> <span class='ocrx_word' id='word_1_319' title='bbox 3335 1103 3391 1148; x_wconf 89' lang='lat' dir='ltr'><strong>et</strong></span> <span class='ocrx_word' id='word_1_320' title='bbox 3415 1094 3578 1149; x_wconf 86' lang='lat' dir='ltr'><strong>astris</strong></span> 
     </span>
    </p>
   </div>
   <div class='ocr_carea' id='block_1_42' title="bbox 2001 1187 3575 1258">
    <p class='ocr_par' dir='ltr' id='par_1_42' title="bbox 2001 1187 3575 1258">
     <span class='ocr_line' id='line_1_42' title="bbox 2001 1187 3575 1258; baseline 0 -18"><span class='ocrx_word' id='word_1_321' title='bbox 2001 1197 2247 1257; x_wconf 82' lang='lat' dir='ltr'><strong>apparet,</strong></span> <span class='ocrx_word' id='word_1_322' title='bbox 2277 1202 2373 1258; x_wconf 86' lang='lat' dir='ltr'><strong>per</strong></span> <span class='ocrx_word' id='word_1_323' title='bbox 2405 1196 2516 1241; x_wconf 86' lang='lat' dir='ltr'><strong>tota</strong></span> <span class='ocrx_word' id='word_1_324' title='bbox 2557 1187 2647 1240; x_wconf 88' lang='lat' dir='ltr'><strong>illa</strong></span> <span class='ocrx_word' id='word_1_325' title='bbox 2678 1202 2911 1257; x_wconf 88' lang='lat' dir='ltr'><strong>corpora</strong></span> <span class='ocrx_word' id='word_1_326' title='bbox 2944 1202 3233 1257; x_wconf 86' lang='lat' dir='ltr'><strong>permeans</strong></span> <span class='ocrx_word' id='word_1_327' title='bbox 3259 1203 3273 1253; x_wconf 93' lang='lat'>;</span> <span class='ocrx_word' id='word_1_328' title='bbox 3298 1187 3389 1240; x_wconf 90' lang='lat' dir='ltr'><strong>sed</strong></span> <span class='ocrx_word' id='word_1_329' title='bbox 3417 1187 3575 1241; x_wconf 89' lang='lat' dir='ltr'><strong>etiam</strong></span> 
     </span>
    </p>
   </div>
   <div class='ocr_carea' id='block_1_43' title="bbox 2000 1276 3581 1346">
    <p class='ocr_par' dir='ltr' id='par_1_43' title="bbox 2000 1276 3581 1346">
     <span class='ocr_line' id='line_1_43' title="bbox 2000 1276 3581 1346; baseline 0.001 -15"><span class='ocrx_word' id='word_1_330' title='bbox 2000 1278 2055 1331; x_wconf 90' lang='lat' dir='ltr'><strong>in</strong></span> <span class='ocrx_word' id='word_1_331' title='bbox 2106 1288 2274 1341; x_wconf 88' lang='lat' dir='ltr'><strong>terra,</strong></span> <span class='ocrx_word' id='word_1_332' title='bbox 2327 1278 2378 1332; x_wconf 92' lang='lat' dir='ltr'><strong>in</strong></span> <span class='ocrx_word' id='word_1_333' title='bbox 2415 1278 2641 1332; x_wconf 87' lang='lat' dir='ltr'><strong>materia</strong></span> <span class='ocrx_word' id='word_1_334' title='bbox 2684 1277 2879 1332; x_wconf 86' lang='lat' dir='ltr'><strong>viliore</strong></span> <span class='ocrx_word' id='word_1_335' title='bbox 2925 1278 3031 1333; x_wconf 91' lang='lat' dir='ltr'><strong>hoc</strong></span> <span class='ocrx_word' id='word_1_336' title='bbox 3080 1276 3254 1346; x_wconf 90' lang='lat' dir='ltr'><strong>ipsum</strong></span> <span class='ocrx_word' id='word_1_337' title='bbox 3279 1276 3486 1341; x_wconf 77' lang='lat' dir='ltr'><strong>eﬂ‘ecit,</strong></span> <span class='ocrx_word' id='word_1_338' title='bbox 3520 1287 3581 1333; x_wconf 75' lang='lat' dir='ltr'><strong>ut</strong></span> 
     </span>
    </p>
   </div>
   <div class='ocr_carea' id='block_1_44' title="bbox 2001 1367 3577 1440">
    <p class='ocr_par' dir='ltr' id='par_1_44' title="bbox 2001 1367 3577 1440">
     <span class='ocr_line' id='line_1_44' title="bbox 2001 1367 3577 1440; baseline -0.001 -17"><span class='ocrx_word' id='word_1_339' title='bbox 2001 1385 2177 1440; x_wconf 89' lang='lat' dir='ltr'><strong>neque</strong></span> <span class='ocrx_word' id='word_1_340' title='bbox 2203 1372 2270 1425; x_wconf 89' lang='lat' dir='ltr'><strong>ab</strong></span> <span class='ocrx_word' id='word_1_341' title='bbox 2300 1369 2510 1424; x_wconf 82' lang='lat' dir='ltr'><strong>artiﬁce</strong></span> <span class='ocrx_word' id='word_1_342' title='bbox 2546 1369 2899 1423; x_wconf 91' lang='lat' dir='ltr'><strong>minimorum</strong></span> <span class='ocrx_word' id='word_1_343' title='bbox 2930 1370 3095 1424; x_wconf 89' lang='lat' dir='ltr'><strong>etiam</strong></span> <span class='ocrx_word' id='word_1_344' title='bbox 3127 1367 3577 1424; x_wconf 89' lang='lat' dir='ltr'><strong>auimalculorum</strong></span> 
     </span>
    </p>
   </div>
   <div class='ocr_carea' id='block_1_45' title="bbox 2001 1461 3577 1534">
    <p class='ocr_par' dir='ltr' id='par_1_45' title="bbox 2001 1461 3577 1534">
     <span class='ocr_line' id='line_1_45' title="bbox 2001 1461 3577 1534; baseline -0.003 -15"><span class='ocrx_word' id='word_1_345' title='bbox 2001 1479 2229 1534; x_wconf 90' lang='lat' dir='ltr'><strong>corpora</strong></span> <span class='ocrx_word' id='word_1_346' title='bbox 2259 1462 2504 1534; x_wconf 86' lang='lat' dir='ltr'><strong>neglecta</strong></span> <span class='ocrx_word' id='word_1_347' title='bbox 2536 1465 2678 1530; x_wconf 90' lang='lat' dir='ltr'><strong>sint;</strong></span> <span class='ocrx_word' id='word_1_348' title='bbox 2723 1463 2893 1518; x_wconf 93' lang='lat' dir='ltr'><strong>multo</strong></span> <span class='ocrx_word' id='word_1_349' title='bbox 2927 1478 3058 1518; x_wconf 90' lang='lat' dir='ltr'><strong>vero</strong></span> <span class='ocrx_word' id='word_1_350' title='bbox 3092 1463 3266 1533; x_wconf 87' lang='lat' dir='ltr'><strong>magis</strong></span> <span class='ocrx_word' id='word_1_351' title='bbox 3296 1470 3351 1517; x_wconf 90' lang='lat' dir='ltr'><strong>et</strong></span> <span class='ocrx_word' id='word_1_352' title='bbox 3377 1475 3498 1531; x_wconf 64' lang='lat' dir='ltr'><strong>quae</strong></span> <span class='ocrx_word' id='word_1_353' title='bbox 3524 1461 3577 1515; x_wconf 93' lang='lat' dir='ltr'><strong>in</strong></span> 
     </span>
    </p>
   </div>
   <div class='ocr_carea' id='block_1_46' title="bbox 2003 1552 3582 1625">
    <p class='ocr_par' dir='ltr' id='par_1_46' title="bbox 2003 1552 3582 1625">
     <span class='ocr_line' id='line_1_46' title="bbox 2003 1552 3582 1625; baseline 0.001 -17"><span class='ocrx_word' id='word_1_354' title='bbox 2003 1555 2108 1610; x_wconf 84' lang='lat' dir='ltr'><strong>illis</strong></span> <span class='ocrx_word' id='word_1_355' title='bbox 2137 1555 2326 1609; x_wconf 86' lang='lat' dir='ltr'><strong>insunt</strong></span> <span class='ocrx_word' id='word_1_356' title='bbox 2358 1555 2574 1620; x_wconf 73' lang='lat' dir='ltr'><strong>animm,</strong></span> <span class='ocrx_word' id='word_1_357' title='bbox 2623 1570 2856 1625; x_wconf 84' lang='lat' dir='ltr'><strong>quarunt</strong></span> <span class='ocrx_word' id='word_1_358' title='bbox 2898 1553 3124 1624; x_wconf 74' lang='lat' dir='ltr'><strong>singula:</strong></span> <span class='ocrx_word' id='word_1_359' title='bbox 3150 1552 3424 1621; x_wconf 85' lang='lat' dir='ltr'><strong>peculiare</strong></span> <span class='ocrx_word' id='word_1_360' title='bbox 3451 1553 3582 1623; x_wconf 91' lang='lat' dir='ltr'><strong>quid</strong></span> 
     </span>
    </p>
   </div>
   <div class='ocr_carea' id='block_1_47' title="bbox 2002 1644 3580 1715">
    <p class='ocr_par' dir='ltr' id='par_1_47' title="bbox 2002 1644 3580 1715">
     <span class='ocr_line' id='line_1_47' title="bbox 2002 1644 3580 1715; baseline 0.001 -16"><span class='ocrx_word' id='word_1_361' title='bbox 2002 1644 2056 1700; x_wconf 90' lang='lat' dir='ltr'><strong>in</strong></span> <span class='ocrx_word' id='word_1_362' title='bbox 2110 1660 2168 1701; x_wconf 92' lang='lat' dir='ltr'><strong>se</strong></span> <span class='ocrx_word' id='word_1_363' title='bbox 2223 1657 2589 1715; x_wconf 80' lang='lat' dir='ltr'><strong>acceperunt,</strong></span> <span class='ocrx_word' id='word_1_364' title='bbox 2663 1646 3123 1715; x_wconf 88' lang='lat' dir='ltr'><strong>quemadmodum</strong></span> <span class='ocrx_word' id='word_1_365' title='bbox 3183 1646 3235 1700; x_wconf 93' lang='lat' dir='ltr'><strong>in</strong></span> <span class='ocrx_word' id='word_1_366' title='bbox 3297 1647 3580 1701; x_wconf 91' lang='lat' dir='ltr'><strong>brutorum</strong></span> 
     </span>
    </p>
   </div>
   <div class='ocr_carea' id='block_1_48' title="bbox 2002 1737 3580 1810">
    <p class='ocr_par' dir='ltr' id='par_1_48' title="bbox 2002 1737 3580 1810">
     <span class='ocr_line' id='line_1_48' title="bbox 2002 1737 3580 1810; baseline 0 -18"><span class='ocrx_word' id='word_1_367' title='bbox 2002 1752 2202 1810; x_wconf 81' lang='lat' dir='ltr'><strong>genere</strong></span> <span class='ocrx_word' id='word_1_368' title='bbox 2225 1737 2586 1793; x_wconf 87' lang='lat' dir='ltr'><strong>conservandi</strong></span> <span class='ocrx_word' id='word_1_369' title='bbox 2617 1737 2699 1793; x_wconf 92' lang='lat' dir='ltr'><strong>sui</strong></span> <span class='ocrx_word' id='word_1_370' title='bbox 2734 1737 3001 1791; x_wconf 89' lang='lat' dir='ltr'><strong>rationem</strong></span> <span class='ocrx_word' id='word_1_371' title='bbox 3038 1753 3051 1789; x_wconf 87' lang='lat'><strong>:</strong></span> <span class='ocrx_word' id='word_1_372' title='bbox 3079 1737 3173 1791; x_wconf 90' lang='lat' dir='ltr'><strong>sed</strong></span> <span class='ocrx_word' id='word_1_373' title='bbox 3212 1752 3389 1807; x_wconf 87' lang='lat' dir='ltr'><strong>neque</strong></span> <span class='ocrx_word' id='word_1_374' title='bbox 3421 1747 3580 1792; x_wconf 72' lang='lat' dir='ltr'><strong>terra:</strong></span> 
     </span>
    </p>
   </div>
   <div class='ocr_carea' id='block_1_49' title="bbox 2004 1827 3581 1901">
    <p class='ocr_par' dir='ltr' id='par_1_49' title="bbox 2004 1827 3581 1901">
     <span class='ocr_line' id='line_1_49' title="bbox 2004 1827 3581 1901; baseline -0.001 -17"><span class='ocrx_word' id='word_1_375' title='bbox 2004 1830 2249 1901; x_wconf 77' lang='lat' dir='ltr'><strong>germina</strong></span> <span class='ocrx_word' id='word_1_376' title='bbox 2301 1828 2667 1899; x_wconf 88' lang='lat' dir='ltr'><strong>contempsit,</strong></span> <span class='ocrx_word' id='word_1_377' title='bbox 2696 1843 2819 1883; x_wconf 91' lang='lat' dir='ltr'><strong>cum</strong></span> <span class='ocrx_word' id='word_1_378' title='bbox 2874 1827 3323 1896; x_wconf 89' lang='lat' dir='ltr'><strong>unicuiqneiusit</strong></span> <span class='ocrx_word' id='word_1_379' title='bbox 3364 1828 3581 1882; x_wconf 80' lang='lat' dir='ltr'><strong>artiﬁcii</strong></span> 
     </span>
    </p>
   </div>
   <div class='ocr_carea' id='block_1_50' title="bbox 2004 1917 3581 1992">
    <p class='ocr_par' dir='ltr' id='par_1_50' title="bbox 2004 1917 3581 1992">
     <span class='ocr_line' id='line_1_50' title="bbox 2004 1917 3581 1992; baseline -0.002 -18"><span class='ocrx_word' id='word_1_380' title='bbox 2004 1920 2283 1992; x_wconf 88' lang='lat' dir='ltr'><strong>quidpiam</strong></span> <span class='ocrx_word' id='word_1_381' title='bbox 2320 1920 2372 1973; x_wconf 93' lang='lat' dir='ltr'><strong>iu</strong></span> <span class='ocrx_word' id='word_1_382' title='bbox 2407 1919 2715 1981; x_wconf 84' lang='lat' dir='ltr'><strong>radicibus,</strong></span> <span class='ocrx_word' id='word_1_383' title='bbox 2764 1919 2816 1972; x_wconf 91' lang='lat' dir='ltr'><strong>in</strong></span> <span class='ocrx_word' id='word_1_384' title='bbox 2850 1917 3014 1984; x_wconf 82' lang='lat' dir='ltr'><strong>foliis,</strong></span> <span class='ocrx_word' id='word_1_385' title='bbox 3050 1925 3105 1973; x_wconf 81' lang='lat' dir='ltr'><strong>et</strong></span> <span class='ocrx_word' id='word_1_386' title='bbox 3142 1920 3192 1971; x_wconf 82' lang='lat' dir='ltr'><strong>ir.</strong></span> <span class='ocrx_word' id='word_1_387' title='bbox 3223 1919 3292 1973; x_wconf 91' lang='lat' dir='ltr'><strong>iis</strong></span> <span class='ocrx_word' id='word_1_388' title='bbox 3325 1921 3418 1988; x_wconf 90' lang='lat' dir='ltr'><strong>qui</strong></span> <span class='ocrx_word' id='word_1_389' title='bbox 3451 1933 3581 1987; x_wconf 82' lang='lat' dir='ltr'><strong>pro-</strong></span> 
     </span>
    </p>
   </div>
   <div class='ocr_carea' id='block_1_51' title="bbox 2003 2008 3582 2080">
    <p class='ocr_par' dir='ltr' id='par_1_51' title="bbox 2003 2008 3582 2080">
     <span class='ocr_line' id='line_1_51' title="bbox 2003 2008 3582 2080; baseline -0.001 -13"><span class='ocrx_word' id='word_1_390' title='bbox 2003 2013 2228 2067; x_wconf 87' lang='lat' dir='ltr'><strong>veniunt</strong></span> <span class='ocrx_word' id='word_1_391' title='bbox 2255 2012 2541 2076; x_wconf 84' lang='lat' dir='ltr'><strong>fructibus,</strong></span> <span class='ocrx_word' id='word_1_392' title='bbox 2582 2020 2637 2067; x_wconf 86' lang='lat' dir='ltr'><strong>et</strong></span> <span class='ocrx_word' id='word_1_393' title='bbox 2670 2013 2720 2064; x_wconf 90' lang='lat' dir='ltr'><strong>in</strong></span> <span class='ocrx_word' id='word_1_394' title='bbox 2748 2011 3071 2080; x_wconf 83' lang='lat' dir='ltr'><strong>qualitatum</strong></span> <span class='ocrx_word' id='word_1_395' title='bbox 3111 2008 3415 2065; x_wconf 72' lang='lat' dir='ltr'><strong>diﬂercntia</strong></span> <span class='ocrx_word' id='word_1_396' title='bbox 3453 2028 3466 2064; x_wconf 90' lang='lat'>:</span> <span class='ocrx_word' id='word_1_397' title='bbox 3506 2011 3582 2065; x_wconf 85' lang='lat' dir='ltr'><strong>ita</strong></span> 
     </span>
    </p>
   </div>
   <div class='ocr_carea' id='block_1_52' title="bbox 2003 2100 3582 2171">
    <p class='ocr_par' dir='ltr' id='par_1_52' title="bbox 2003 2100 3582 2171">
     <span class='ocr_line' id='line_1_52' title="bbox 2003 2100 3582 2171; baseline -0.003 -11"><span class='ocrx_word' id='word_1_398' title='bbox 2003 2121 2102 2160; x_wconf 88' lang='lat' dir='ltr'><strong>nos</strong></span> <span class='ocrx_word' id='word_1_399' title='bbox 2139 2120 2427 2161; x_wconf 76' lang='lat' dir='ltr'><strong>censemus</strong></span> <span class='ocrx_word' id='word_1_400' title='bbox 2455 2104 2521 2158; x_wconf 89' lang='lat' dir='ltr'><strong>de</strong></span> <span class='ocrx_word' id='word_1_401' title='bbox 2548 2104 2802 2158; x_wconf 88' lang='lat' dir='ltr'><strong>omnibus</strong></span> <span class='ocrx_word' id='word_1_402' title='bbox 2826 2117 2893 2158; x_wconf 78' lang='lat' dir='ltr'><strong>ex</strong></span> <span class='ocrx_word' id='word_1_403' title='bbox 2924 2101 3104 2157; x_wconf 77' lang='lat' dir='ltr'><strong>alilatu</strong></span> <span class='ocrx_word' id='word_1_404' title='bbox 3141 2103 3315 2157; x_wconf 87' lang='lat' dir='ltr'><strong>sancti</strong></span> <span class='ocrx_word' id='word_1_405' title='bbox 3344 2100 3582 2171; x_wconf 78' lang='lat' dir='ltr'><strong>Spiritus</strong></span> 
     </span>
    </p>
   </div>
   <div class='ocr_carea' id='block_1_53' title="bbox 2004 2194 3579 2266">
    <p class='ocr_par' dir='ltr' id='par_1_53' title="bbox 2004 2194 3579 2266">
     <span class='ocr_line' id='line_1_53' title="bbox 2004 2194 3579 2266; baseline -0.003 -14"><span class='ocrx_word' id='word_1_406' title='bbox 2004 2198 2244 2266; x_wconf 84' lang='lat' dir='ltr'><strong>scriptis,</strong></span> <span class='ocrx_word' id='word_1_407' title='bbox 2312 2208 2565 2266; x_wconf 86' lang='lat' dir='ltr'><strong>tanquam</strong></span> <span class='ocrx_word' id='word_1_408' title='bbox 2627 2195 2736 2260; x_wconf 91' lang='lat' dir='ltr'><strong>illa,</strong></span> <span class='ocrx_word' id='word_1_409' title='bbox 2786 2210 2907 2265; x_wconf 68' lang='lat' dir='ltr'><strong>qua:</strong></span> <span class='ocrx_word' id='word_1_410' title='bbox 2962 2194 3286 2265; x_wconf 78' lang='lat' dir='ltr'><strong>Sapientiam</strong></span> <span class='ocrx_word' id='word_1_411' title='bbox 3342 2195 3579 2248; x_wconf 84' lang='lat' dir='ltr'><strong>humana</strong></span> 
     </span>
    </p>
   </div>
   <div class='ocr_carea' id='block_1_54' title="bbox 2004 2284 3582 2357">
    <p class='ocr_par' dir='ltr' id='par_1_54' title="bbox 2004 2284 3582 2357">
     <span class='ocr_line' id='line_1_54' title="bbox 2004 2284 3582 2357; baseline -0.001 -16"><span class='ocrx_word' id='word_1_412' title='bbox 2004 2289 2340 2357; x_wconf 90' lang='lat' dir='ltr'><strong>superiorem</strong></span> <span class='ocrx_word' id='word_1_413' title='bbox 2376 2288 2560 2355; x_wconf 82' lang='lat' dir='ltr'><strong>tradit,</strong></span> <span class='ocrx_word' id='word_1_414' title='bbox 2593 2302 2786 2356; x_wconf 81' lang='lat' dir='ltr'><strong>magna</strong></span> <span class='ocrx_word' id='word_1_415' title='bbox 2820 2287 3157 2356; x_wconf 59' lang='lat' dir='ltr'><strong>providentia</strong></span> <span class='ocrx_word' id='word_1_416' title='bbox 3179 2329 3194 2351; x_wconf 92' lang='lat'><strong>,</strong></span> <span class='ocrx_word' id='word_1_417' title='bbox 3241 2302 3338 2356; x_wconf 90' lang='lat' dir='ltr'><strong>per</strong></span> <span class='ocrx_word' id='word_1_418' title='bbox 3369 2284 3582 2340; x_wconf 76' lang='lat' dir='ltr'><strong>divinas</strong></span> 
     </span>
    </p>
   </div>
   <div class='ocr_carea' id='block_1_55' title="bbox 2005 2374 3579 2448">
    <p class='ocr_par' dir='ltr' id='par_1_55' title="bbox 2005 2374 3579 2448">
     <span class='ocr_line' id='line_1_55' title="bbox 2005 2374 3579 2448; baseline -0.004 -14"><span class='ocrx_word' id='word_1_419' title='bbox 2005 2381 2211 2436; x_wconf 82' lang='lat' dir='ltr'><strong>litteras</strong></span> <span class='ocrx_word' id='word_1_420' title='bbox 2239 2379 2519 2433; x_wconf 89' lang='lat' dir='ltr'><strong>hominum</strong></span> <span class='ocrx_word' id='word_1_421' title='bbox 2549 2377 2734 2448; x_wconf 77' lang='lat' dir='ltr'><strong>generi</strong></span> <span class='ocrx_word' id='word_1_422' title='bbox 2772 2377 3038 2431; x_wconf 82' lang='lat' dir='ltr'><strong>salutaria</strong></span> <span class='ocrx_word' id='word_1_423' title='bbox 3074 2378 3400 2431; x_wconf 74' lang='lat' dir='ltr'><strong>documenta</strong></span> <span class='ocrx_word' id='word_1_424' title='bbox 3432 2374 3579 2429; x_wconf 88' lang='lat' dir='ltr'><strong>inse-</strong></span> 
     </span>
    </p>
   </div>
   <div class='ocr_carea' id='block_1_56' title="bbox 2007 2466 3578 2541">
    <p class='ocr_par' dir='ltr' id='par_1_56' title="bbox 2007 2466 3578 2541">
     <span class='ocr_line' id='line_1_56' title="bbox 2007 2466 3578 2541; baseline -0.006 -14"><span class='ocrx_word' id='word_1_425' title='bbox 2007 2474 2197 2540; x_wconf 88' lang='lat' dir='ltr'><strong>ruerit,</strong></span> <span class='ocrx_word' id='word_1_426' title='bbox 2245 2479 2299 2526; x_wconf 87' lang='lat' dir='ltr'><strong>et</strong></span> <span class='ocrx_word' id='word_1_427' title='bbox 2334 2470 2590 2541; x_wconf 81' lang='lat' dir='ltr'><strong>singulis,</strong></span> <span class='ocrx_word' id='word_1_428' title='bbox 2641 2481 2696 2523; x_wconf 90' lang='lat' dir='ltr'><strong>ut</strong></span> <span class='ocrx_word' id='word_1_429' title='bbox 2749 2470 2819 2524; x_wconf 86' lang='lat' dir='ltr'><strong>ita</strong></span> <span class='ocrx_word' id='word_1_430' title='bbox 2870 2469 3071 2531; x_wconf 84' lang='lat' dir='ltr'><strong>dicam,</strong></span> <span class='ocrx_word' id='word_1_431' title='bbox 3126 2468 3345 2531; x_wconf 91' lang='lat' dir='ltr'><strong>litteris,</strong></span> <span class='ocrx_word' id='word_1_432' title='bbox 3398 2466 3578 2536; x_wconf 87' lang='lat' dir='ltr'><strong>quoad</strong></span> 
     </span>
    </p>
   </div>
   <div class='ocr_carea' id='block_1_57' title="bbox 2005 2558 3582 2634">
    <p class='ocr_par' dir='ltr' id='par_1_57' title="bbox 2005 2558 3582 2634">
     <span class='ocr_line' id='line_1_57' title="bbox 2005 2558 3582 2634; baseline -0.004 -15"><span class='ocrx_word' id='word_1_433' title='bbox 2005 2580 2342 2634; x_wconf 64' lang='lat' dir='ltr'><strong>unaquaeque</strong></span> <span class='ocrx_word' id='word_1_434' title='bbox 2374 2579 2568 2634; x_wconf 85' lang='lat' dir='ltr'><strong>capere</strong></span> <span class='ocrx_word' id='word_1_435' title='bbox 2593 2571 2809 2633; x_wconf 89' lang='lat' dir='ltr'><strong>potest,</strong></span> <span class='ocrx_word' id='word_1_436' title='bbox 2845 2562 3072 2628; x_wconf 86' lang='lat' dir='ltr'><strong>vestigia</strong></span> <span class='ocrx_word' id='word_1_437' title='bbox 3106 2561 3386 2630; x_wconf 73' lang='lat' dir='ltr'><strong>sapientiae</strong></span> <span class='ocrx_word' id='word_1_438' title='bbox 3416 2558 3582 2632; x_wconf 71' lang='lat'><strong>528</strong></span> 
     </span>
    </p>
   </div>
   <div class='ocr_carea' id='block_1_58' title="bbox 2005 2651 3583 2725">
    <p class='ocr_par' dir='ltr' id='par_1_58' title="bbox 2005 2651 3583 2725">
     <span class='ocr_line' id='line_1_58' title="bbox 2005 2651 3583 2725; baseline -0.004 -16"><span class='ocrx_word' id='word_1_439' title='bbox 2005 2655 2363 2725; x_wconf 86' lang='lat' dir='ltr'><strong>impresserit.</strong></span> <span class='ocrx_word' id='word_1_440' title='bbox 2399 2654 2693 2709; x_wconf 73' lang='lat' dir='ltr'><strong>Enimvero</strong></span> <span class='ocrx_word' id='word_1_441' title='bbox 2722 2661 2937 2721; x_wconf 87' lang='lat' dir='ltr'><strong>oportet</strong></span> <span class='ocrx_word' id='word_1_442' title='bbox 2967 2667 3090 2705; x_wconf 90' lang='lat' dir='ltr'><strong>eum</strong></span> <span class='ocrx_word' id='word_1_443' title='bbox 3115 2652 3204 2719; x_wconf 88' lang='lat' dir='ltr'><strong>qui</strong></span> <span class='ocrx_word' id='word_1_444' title='bbox 3226 2651 3393 2705; x_wconf 89' lang='lat' dir='ltr'><strong>semel</strong></span> <span class='ocrx_word' id='word_1_445' title='bbox 3415 2651 3583 2704; x_wconf 86' lang='lat' dir='ltr'><strong>admi-</strong></span> 
     </span>
    </p>
   </div>
   <div class='ocr_carea' id='block_1_59' title="bbox 2004 2741 3578 2817">
    <p class='ocr_par' dir='ltr' id='par_1_59' title="bbox 2004 2741 3578 2817">
     <span class='ocr_line' id='line_1_59' title="bbox 2004 2741 3578 2817; baseline -0.006 -14"><span class='ocrx_word' id='word_1_446' title='bbox 2004 2747 2137 2803; x_wconf 84' lang='lat' dir='ltr'><strong>serit</strong></span> <span class='ocrx_word' id='word_1_447' title='bbox 2181 2747 2394 2817; x_wconf 82' lang='lat' dir='ltr'><strong>Opiﬁcis</strong></span> <span class='ocrx_word' id='word_1_448' title='bbox 2450 2745 2634 2800; x_wconf 91' lang='lat' dir='ltr'><strong>mundi</strong></span> <span class='ocrx_word' id='word_1_449' title='bbox 2679 2745 2777 2799; x_wconf 88' lang='lat' dir='ltr'><strong>has</strong></span> <span class='ocrx_word' id='word_1_450' title='bbox 2810 2758 2930 2798; x_wconf 89' lang='lat' dir='ltr'><strong>esse</strong></span> <span class='ocrx_word' id='word_1_451' title='bbox 2964 2742 3301 2813; x_wconf 88' lang='lat' dir='ltr'><strong>Scripturas,</strong></span> <span class='ocrx_word' id='word_1_452' title='bbox 3336 2741 3578 2796; x_wconf 89' lang='lat' dir='ltr'><strong>animum</strong></span> 
     </span>
    </p>
   </div>
   <div class='ocr_carea' id='block_1_60' title="bbox 2004 2834 3583 2908">
    <p class='ocr_par' dir='ltr' id='par_1_60' title="bbox 2004 2834 3583 2908">
     <span class='ocr_line' id='line_1_60' title="bbox 2004 2834 3583 2908; baseline -0.004 -15"><span class='ocrx_word' id='word_1_453' title='bbox 2004 2853 2218 2908; x_wconf 90' lang='lat' dir='ltr'><strong>quoque</strong></span> <span class='ocrx_word' id='word_1_454' title='bbox 2255 2838 2514 2892; x_wconf 90' lang='lat' dir='ltr'><strong>inducere</strong></span> <span class='ocrx_word' id='word_1_455' title='bbox 2560 2849 2922 2907; x_wconf 68' lang='lat' dir='ltr'><strong>qutecumque</strong></span> <span class='ocrx_word' id='word_1_456' title='bbox 2949 2836 3017 2890; x_wconf 92' lang='lat' dir='ltr'><strong>de</strong></span> <span class='ocrx_word' id='word_1_457' title='bbox 3061 2834 3341 2889; x_wconf 88' lang='lat' dir='ltr'><strong>creatione</strong></span> <span class='ocrx_word' id='word_1_458' title='bbox 3387 2847 3583 2888; x_wconf 84' lang='lat' dir='ltr'><strong>occur-</strong></span> 
     </span>
    </p>
   </div>
   <div class='ocr_carea' id='block_1_61' title="bbox 2004 2924 3583 2998">
    <p class='ocr_par' dir='ltr' id='par_1_61' title="bbox 2004 2924 3583 2998">
     <span class='ocr_line' id='line_1_61' title="bbox 2004 2924 3583 2998; baseline -0.004 -14"><span class='ocrx_word' id='word_1_459' title='bbox 2004 2939 2132 2984; x_wconf 89' lang='lat' dir='ltr'><strong>runt</strong></span> <span class='ocrx_word' id='word_1_460' title='bbox 2173 2928 2316 2984; x_wconf 88' lang='lat' dir='ltr'><strong>illius</strong></span> <span class='ocrx_word' id='word_1_461' title='bbox 2363 2931 2629 2983; x_wconf 89' lang='lat' dir='ltr'><strong>rationem</strong></span> <span class='ocrx_word' id='word_1_462' title='bbox 2658 2926 3079 2998; x_wconf 82' lang='lat' dir='ltr'><strong>quaerentibus,</strong></span> <span class='ocrx_word' id='word_1_463' title='bbox 3130 2926 3247 2980; x_wconf 66' lang='lat' dir='ltr'><strong>[nec</strong></span> <span class='ocrx_word' id='word_1_464' title='bbox 3291 2926 3479 2979; x_wconf 89' lang='lat' dir='ltr'><strong>eadem</strong></span> <span class='ocrx_word' id='word_1_465' title='bbox 3516 2924 3583 2978; x_wconf 87' lang='lat' dir='ltr'><strong>de</strong></span> 
     </span>
    </p>
   </div>
   <div class='ocr_carea' id='block_1_62' title="bbox 327 3015 1900 3118">
    <p class='ocr_par' dir='ltr' id='par_1_62' title="bbox 327 3021 1900 3102">
     <span class='ocr_line' id='line_1_62' title="bbox 327 3021 1900 3102; baseline 0.008 -30"><span class='ocrx_word' id='word_1_466' title='bbox 327 3022 394 3091; x_wconf 79' lang='grc' dir='ltr'>τῇ</span> <span class='ocrx_word' id='word_1_467' title='bbox 430 3021 603 3074; x_wconf 84' lang='grc' dir='ltr'>κτίσει</span> <span class='ocrx_word' id='word_1_468' title='bbox 656 3022 777 3076; x_wconf 89' lang='grc' dir='ltr'><strong>τινά</strong></span> <span class='ocrx_word' id='word_1_469' title='bbox 831 3023 1146 3099; x_wconf 84' lang='grc' dir='ltr'>ἀνθρωπίνῃ</span> <span class='ocrx_word' id='word_1_470' title='bbox 1178 3026 1335 3095; x_wconf 88' lang='grc' dir='ltr'>φύσει</span> <span class='ocrx_word' id='word_1_471' title='bbox 1372 3027 1669 3101; x_wconf 81' lang='grc' dir='ltr'>δυσεύρετα</span> <span class='ocrx_word' id='word_1_472' title='bbox 1716 3030 1749 3102; x_wconf 81' lang='grc' dir='ltr'><strong>ἢ</strong></span> <span class='ocrx_word' id='word_1_473' title='bbox 1807 3032 1900 3085; x_wconf 75' lang='grc' dir='ltr'><strong>καὶ</strong></span> 
     </span>
    </p>
   </div>
   <div class='ocr_carea' id='block_1_63' title="bbox 2002 3015 3582 3118">
    <p class='ocr_par' dir='ltr' id='par_1_63' title="bbox 2007 3015 3582 3091">
     <span class='ocr_line' id='line_1_63' title="bbox 2007 3015 3582 3091; baseline -0.005 -14"><span class='ocrx_word' id='word_1_474' title='bbox 2007 3020 2304 3091; x_wconf 91' lang='lat' dir='ltr'><strong>Scripturis</strong></span> <span class='ocrx_word' id='word_1_475' title='bbox 2326 3035 2635 3076; x_wconf 86' lang='lat' dir='ltr'><strong>occurrere.</strong></span> <span class='ocrx_word' id='word_1_476' title='bbox 2662 3019 2801 3075; x_wconf 89' lang='lat' dir='ltr'><strong>Sunt</strong></span> <span class='ocrx_word' id='word_1_477' title='bbox 2830 3030 3010 3073; x_wconf 84' lang='lat' dir='ltr'><strong>autem</strong></span> <span class='ocrx_word' id='word_1_478' title='bbox 3041 3018 3093 3071; x_wconf 93' lang='lat' dir='ltr'><strong>iu</strong></span> <span class='ocrx_word' id='word_1_479' title='bbox 3127 3015 3409 3071; x_wconf 88' lang='lat' dir='ltr'><strong>creatione</strong></span> <span class='ocrx_word' id='word_1_480' title='bbox 3436 3030 3582 3085; x_wconf 60' lang='lat' dir='ltr'><strong>quae.</strong></span> 
     </span>
    </p>
   </div>
   <div class='ocr_carea' id='block_1_64' title="bbox 329 3111 1903 3195">
    <p class='ocr_par' dir='ltr' id='par_1_64' title="bbox 329 3111 1903 3195">
     <span class='ocr_line' id='line_1_64' title="bbox 329 3111 1903 3195; baseline 0.008 -31"><span class='ocrx_word' id='word_1_481' title='bbox 329 3111 596 3184; x_wconf 84' lang='grc' dir='ltr'>ἀνεύρετα</span> <span class='ocrx_word' id='word_1_482' title='bbox 615 3129 628 3143; x_wconf 89' lang='grc'><strong>·</strong></span> <span class='ocrx_word' id='word_1_483' title='bbox 662 3112 757 3167; x_wconf 79' lang='grc' dir='ltr'>καὶ</span> <span class='ocrx_word' id='word_1_484' title='bbox 789 3115 848 3167; x_wconf 84' lang='grc' dir='ltr'><strong>ού</strong></span> <span class='ocrx_word' id='word_1_485' title='bbox 882 3114 969 3169; x_wconf 78' lang='grc' dir='ltr'>διὰ</span> <span class='ocrx_word' id='word_1_486' title='bbox 994 3114 1154 3170; x_wconf 87' lang='grc' dir='ltr'>τοῦτο</span> <span class='ocrx_word' id='word_1_487' title='bbox 1183 3120 1586 3191; x_wconf 83' lang='grc' dir='ltr'>κατηγορητέον</span> <span class='ocrx_word' id='word_1_488' title='bbox 1630 3121 1723 3175; x_wconf 88' lang='grc' dir='ltr'><strong>τοῦ</strong></span> <span class='ocrx_word' id='word_1_489' title='bbox 1755 3140 1903 3195; x_wconf 86' lang='grc' dir='ltr'>ποιη-</span> 
     </span>
    </p>
   </div>
   <div class='ocr_carea' id='block_1_65' title="bbox 328 3202 1902 3285">
    <p class='ocr_par' dir='ltr' id='par_1_65' title="bbox 328 3202 1902 3285">
     <span class='ocr_line' id='line_1_65' title="bbox 328 3202 1902 3285; baseline 0.009 -30"><span class='ocrx_word' id='word_1_490' title='bbox 328 3202 423 3255; x_wconf 85' lang='grc' dir='ltr'><strong>τοῦ</strong></span> <span class='ocrx_word' id='word_1_491' title='bbox 452 3203 559 3258; x_wconf 80' lang='grc' dir='ltr'><strong>τῶν</strong></span> <span class='ocrx_word' id='word_1_492' title='bbox 591 3204 747 3259; x_wconf 84' lang='grc' dir='ltr'>ὅλων.</span> <span class='ocrx_word' id='word_1_493' title='bbox 780 3207 917 3279; x_wconf 82' lang='grc' dir='ltr'>Φέρε</span> <span class='ocrx_word' id='word_1_494' title='bbox 949 3210 1142 3275; x_wconf 76' lang='grc' dir='ltr'>εἰπεῖν,</span> <span class='ocrx_word' id='word_1_495' title='bbox 1173 3209 1295 3263; x_wconf 77' lang='grc' dir='ltr'>ἐπεὶ</span> <span class='ocrx_word' id='word_1_496' title='bbox 1322 3212 1421 3282; x_wconf 83' lang='grc' dir='ltr'><strong>οὐχ</strong></span> <span class='ocrx_word' id='word_1_497' title='bbox 1461 3213 1787 3285; x_wconf 85' lang='grc' dir='ltr'>εὑρίσκομεν</span> <span class='ocrx_word' id='word_1_498' title='bbox 1815 3217 1902 3269; x_wconf 89' lang='grc' dir='ltr'><strong>αἰ-</strong></span> 
     </span>
    </p>
   </div>
   <div class='ocr_carea' id='block_1_66' title="bbox 325 3293 1905 3379">
    <p class='ocr_par' dir='ltr' id='par_1_66' title="bbox 325 3293 1905 3379">
     <span class='ocr_line' id='line_1_66' title="bbox 325 3293 1905 3379; baseline 0.009 -32"><span class='ocrx_word' id='word_1_499' title='bbox 325 3293 449 3349; x_wconf 86' lang='grc' dir='ltr'>τίαν</span> <span class='ocrx_word' id='word_1_500' title='bbox 471 3295 800 3367; x_wconf 86' lang='grc' dir='ltr'>βασιλίσκων</span> <span class='ocrx_word' id='word_1_501' title='bbox 826 3300 1074 3366; x_wconf 86' lang='grc' dir='ltr'>κτίσεως,</span> <span class='ocrx_word' id='word_1_502' title='bbox 1105 3303 1198 3356; x_wconf 73' lang='grc' dir='ltr'><strong>καί</strong></span> <span class='ocrx_word' id='word_1_503' title='bbox 1225 3303 1332 3357; x_wconf 81' lang='grc' dir='ltr'><strong>τῶν</strong></span> <span class='ocrx_word' id='word_1_504' title='bbox 1362 3303 1536 3358; x_wconf 82' lang='grc' dir='ltr'>ἀλλων</span> <span class='ocrx_word' id='word_1_505' title='bbox 1569 3305 1784 3360; x_wconf 87' lang='grc' dir='ltr'>ἰοϐόλων</span> <span class='ocrx_word' id='word_1_506' title='bbox 1815 3308 1905 3379; x_wconf 88' lang='grc' dir='ltr'>θη-</span> 
     </span>
    </p>
   </div>
   <div class='ocr_carea' id='block_1_67' title="bbox 331 3386 1905 3469">
    <p class='ocr_par' dir='ltr' id='par_1_67' title="bbox 331 3386 1905 3469">
     <span class='ocr_line' id='line_1_67' title="bbox 331 3386 1905 3469; baseline 0.009 -29"><span class='ocrx_word' id='word_1_507' title='bbox 331 3386 463 3458; x_wconf 85' lang='grc' dir='ltr'>ρίων</span> <span class='ocrx_word' id='word_1_508' title='bbox 485 3404 500 3419; x_wconf 64' lang='grc' dir='ltr'>θ</span> <span class='ocrx_word' id='word_1_509' title='bbox 532 3388 716 3444; x_wconf 70' lang='grc' dir='ltr'>ἐνθάδε</span> <span class='ocrx_word' id='word_1_510' title='bbox 741 3389 849 3463; x_wconf 87' lang='grc' dir='ltr'><strong>γάρ</strong></span> <span class='ocrx_word' id='word_1_511' title='bbox 876 3392 1023 3446; x_wconf 80' lang='grc' dir='ltr'>ὅσιον</span> <span class='ocrx_word' id='word_1_512' title='bbox 1063 3393 1154 3446; x_wconf 86' lang='grc' dir='ltr'><strong>τὸν</strong></span> <span class='ocrx_word' id='word_1_513' title='bbox 1182 3395 1569 3467; x_wconf 89' lang='grc' dir='ltr'>αίσθανόμενον</span> <span class='ocrx_word' id='word_1_514' title='bbox 1622 3398 1726 3469; x_wconf 85' lang='grc' dir='ltr'>τῆς</span> <span class='ocrx_word' id='word_1_515' title='bbox 1754 3400 1905 3454; x_wconf 81' lang='grc' dir='ltr'>ἀσθε-</span> 
     </span>
    </p>
   </div>
   <div class='ocr_carea' id='block_1_68' title="bbox 328 3477 1903 3561">
    <p class='ocr_par' dir='ltr' id='par_1_68' title="bbox 328 3477 1903 3561">
     <span class='ocr_line' id='line_1_68' title="bbox 328 3477 1903 3561; baseline 0.008 -28"><span class='ocrx_word' id='word_1_516' title='bbox 328 3477 478 3543; x_wconf 86' lang='grc' dir='ltr'>νείας</span> <span class='ocrx_word' id='word_1_517' title='bbox 510 3479 604 3533; x_wconf 88' lang='grc' dir='ltr'><strong>τοῦ</strong></span> <span class='ocrx_word' id='word_1_518' title='bbox 629 3481 819 3550; x_wconf 86' lang='grc' dir='ltr'>γένους</span> <span class='ocrx_word' id='word_1_519' title='bbox 871 3484 1047 3554; x_wconf 84' lang='grc' dir='ltr'>ήμῶν,</span> <span class='ocrx_word' id='word_1_520' title='bbox 1074 3486 1168 3539; x_wconf 82' lang='grc' dir='ltr'>καὶ</span> <span class='ocrx_word' id='word_1_521' title='bbox 1215 3487 1296 3541; x_wconf 84' lang='grc' dir='ltr'>ὅτι</span> <span class='ocrx_word' id='word_1_522' title='bbox 1328 3488 1522 3561; x_wconf 87' lang='grc' dir='ltr'>τέχνης</span> <span class='ocrx_word' id='word_1_523' title='bbox 1548 3489 1682 3544; x_wconf 83' lang='grc' dir='ltr'>Θεοῦ</span> <span class='ocrx_word' id='word_1_524' title='bbox 1712 3491 1903 3561; x_wconf 86' lang='grc' dir='ltr'>λόγους</span> 
     </span>
    </p>
   </div>
   <div class='ocr_carea' id='block_1_69' title="bbox 331 3572 1902 3657">
    <p class='ocr_par' dir='ltr' id='par_1_69' title="bbox 331 3572 1902 3657">
     <span class='ocr_line' id='line_1_69' title="bbox 331 3572 1902 3657; baseline 0.01 -34"><span class='ocrx_word' id='word_1_525' title='bbox 331 3572 472 3643; x_wconf 84' lang='grc' dir='ltr'>μετὰ</span> <span class='ocrx_word' id='word_1_526' title='bbox 503 3572 682 3644; x_wconf 84' lang='grc' dir='ltr'>πάσης</span> <span class='ocrx_word' id='word_1_527' title='bbox 712 3574 994 3646; x_wconf 87' lang='grc' dir='ltr'>ἀκριϐείας</span> <span class='ocrx_word' id='word_1_528' title='bbox 1019 3577 1259 3652; x_wconf 88' lang='grc' dir='ltr'>τεθεωρη</span> <span class='ocrx_word' id='word_1_529' title='bbox 1269 3581 1462 3651; x_wconf 87' lang='grc' dir='ltr'>μένους</span> <span class='ocrx_word' id='word_1_530' title='bbox 1495 3583 1740 3637; x_wconf 86' lang='grc' dir='ltr'>ἐκλαϐεῖν</span> <span class='ocrx_word' id='word_1_531' title='bbox 1771 3586 1902 3657; x_wconf 83' lang='grc' dir='ltr'>ἡμῖν</span> 
     </span>
    </p>
   </div>
   <div class='ocr_carea' id='block_1_70' title="bbox 326 3664 1902 3743">
    <p class='ocr_par' dir='ltr' id='par_1_70' title="bbox 326 3664 1902 3743">
     <span class='ocr_line' id='line_1_70' title="bbox 326 3664 1902 3743; baseline 0.009 -26"><span class='ocrx_word' id='word_1_532' title='bbox 326 3664 629 3735; x_wconf 80' lang='grc' dir='ltr'>ἀμήχανον,</span> <span class='ocrx_word' id='word_1_533' title='bbox 660 3665 779 3738; x_wconf 85' lang='grc' dir='ltr'><strong>Θεῷ</strong></span> <span class='ocrx_word' id='word_1_534' title='bbox 808 3668 1116 3723; x_wconf 80' lang='grc' dir='ltr'>ἀνατιθέναι</span> <span class='ocrx_word' id='word_1_535' title='bbox 1143 3671 1239 3743; x_wconf 75' lang='grc' dir='ltr'><strong>τὴν</strong></span> <span class='ocrx_word' id='word_1_536' title='bbox 1264 3673 1469 3727; x_wconf 90' lang='grc' dir='ltr'>τούτων</span> <span class='ocrx_word' id='word_1_537' title='bbox 1498 3674 1718 3742; x_wconf 86' lang='grc' dir='ltr'>γνῶσιν,</span> <span class='ocrx_word' id='word_1_538' title='bbox 1742 3676 1902 3731; x_wconf 74' lang='grc' dir='ltr'>ὔστε-</span> 
     </span>
    </p>
   </div>
   <div class='ocr_carea' id='block_1_71' title="bbox 327 3758 1903 3838">
    <p class='ocr_par' dir='ltr' id='par_1_71' title="bbox 327 3758 1903 3838">
     <span class='ocr_line' id='line_1_71' title="bbox 327 3758 1903 3838; baseline 0.01 -30"><span class='ocrx_word' id='word_1_539' title='bbox 327 3772 422 3826; x_wconf 82' lang='grc' dir='ltr'><strong>ρον</strong></span> <span class='ocrx_word' id='word_1_540' title='bbox 454 3758 604 3827; x_wconf 79' lang='grc' dir='ltr'>ἡμῖν,</span> <span class='ocrx_word' id='word_1_541' title='bbox 668 3759 762 3814; x_wconf 85' lang='grc' dir='ltr'><strong>ἐάν</strong></span> <span class='ocrx_word' id='word_1_542' title='bbox 790 3759 932 3825; x_wconf 82' lang='grc' dir='ltr'>ἄξιοι</span> <span class='ocrx_word' id='word_1_543' title='bbox 960 3761 1260 3834; x_wconf 86' lang='grc' dir='ltr'>κριθῶμεν,</span> <span class='ocrx_word' id='word_1_544' title='bbox 1311 3765 1676 3838; x_wconf 83' lang='grc' dir='ltr'>φανερὼσοντι</span> <span class='ocrx_word' id='word_1_545' title='bbox 1731 3769 1903 3824; x_wconf 90' lang='grc' dir='ltr'>ταῦτα</span> 
     </span>
    </p>
   </div>
   <div class='ocr_carea' id='block_1_72' title="bbox 329 3841 1902 3927">
    <p class='ocr_par' dir='ltr' id='par_1_72' title="bbox 329 3841 1902 3927">
     <span class='ocr_line' id='line_1_72' title="bbox 329 3841 1902 3927; baseline 0.01 -28"><span class='ocrx_word' id='word_1_546' title='bbox 329 3847 459 3917; x_wconf 78' lang='grc' dir='ltr'>περὶ</span> <span class='ocrx_word' id='word_1_547' title='bbox 489 3841 564 3901; x_wconf 83' lang='grc' dir='ltr'>ὧν</span> <span class='ocrx_word' id='word_1_548' title='bbox 591 3848 686 3903; x_wconf 91' lang='grc' dir='ltr'><strong>νῦν</strong></span> <span class='ocrx_word' id='word_1_549' title='bbox 718 3850 958 3918; x_wconf 84' lang='grc' dir='ltr'>εὐσεϐῶς</span> <span class='ocrx_word' id='word_1_550' title='bbox 985 3855 1386 3927; x_wconf 86' lang='grc' dir='ltr'>ἐπεστήσαμεν.</span> <span class='ocrx_word' id='word_1_551' title='bbox 1419 3858 1574 3912; x_wconf 78' lang='grc' dir='ltr'>Οὕτω</span> <span class='ocrx_word' id='word_1_552' title='bbox 1597 3860 1776 3914; x_wconf 86' lang='grc' dir='ltr'>τοίνυν</span> <span class='ocrx_word' id='word_1_553' title='bbox 1807 3863 1902 3916; x_wconf 72' lang='grc' dir='ltr'><strong>καὶ</strong></span> 
     </span>
    </p>
   </div>
   <div class='ocr_carea' id='block_1_73' title="bbox 328 3939 1904 4018">
    <p class='ocr_par' dir='ltr' id='par_1_73' title="bbox 328 3939 1904 4018">
     <span class='ocr_line' id='line_1_73' title="bbox 328 3939 1904 4018; baseline 0.011 -28"><span class='ocrx_word' id='word_1_554' title='bbox 328 3939 389 3990; x_wconf 82' lang='grc' dir='ltr'><strong>ἐν</strong></span> <span class='ocrx_word' id='word_1_555' title='bbox 415 3941 537 4003; x_wconf 86' lang='grc' dir='ltr'>ταῖς</span> <span class='ocrx_word' id='word_1_556' title='bbox 566 3939 738 4007; x_wconf 85' lang='grc' dir='ltr'>θείαις</span> <span class='ocrx_word' id='word_1_557' title='bbox 762 3943 1007 4015; x_wconf 88' lang='grc' dir='ltr'>Γραφαῖς</span> <span class='ocrx_word' id='word_1_558' title='bbox 1032 3945 1135 4017; x_wconf 80' lang='grc' dir='ltr'><strong>χρὴ</strong></span> <span class='ocrx_word' id='word_1_559' title='bbox 1165 3947 1317 4018; x_wconf 82' lang='grc' dir='ltr'>όρᾷν,</span> <span class='ocrx_word' id='word_1_560' title='bbox 1349 3949 1430 4002; x_wconf 82' lang='grc' dir='ltr'>ὅτι</span> <span class='ocrx_word' id='word_1_561' title='bbox 1450 3950 1619 4005; x_wconf 89' lang='grc' dir='ltr'>πολλά</span> <span class='ocrx_word' id='word_1_562' title='bbox 1649 3951 1904 4006; x_wconf 85' lang='grc' dir='ltr'>ἀπόκειν-</span> 
     </span>
    </p>
   </div>
   <div class='ocr_carea' id='block_1_74' title="bbox 326 4032 1903 4115">
    <p class='ocr_par' dir='ltr' id='par_1_74' title="bbox 326 4032 1903 4115">
     <span class='ocr_line' id='line_1_74' title="bbox 326 4032 1903 4115; baseline 0.01 -31"><span class='ocrx_word' id='word_1_563' title='bbox 326 4044 418 4084; x_wconf 80' lang='grc' dir='ltr'><strong>ται</strong></span> <span class='ocrx_word' id='word_1_564' title='bbox 449 4032 508 4083; x_wconf 88' lang='grc' dir='ltr'><strong>ἐν</strong></span> <span class='ocrx_word' id='word_1_565' title='bbox 534 4032 717 4097; x_wconf 82' lang='grc' dir='ltr'>αὐτοῖς</span> <span class='ocrx_word' id='word_1_566' title='bbox 736 4034 1071 4090; x_wconf 86' lang='grc' dir='ltr'>δυσαπόδοτα</span> <span class='ocrx_word' id='word_1_567' title='bbox 1093 4040 1245 4109; x_wconf 80' lang='grc' dir='ltr'>ἡμῖν’</span> <span class='ocrx_word' id='word_1_568' title='bbox 1262 4044 1309 4095; x_wconf 78' lang='grc' dir='ltr'>οἱ</span> <span class='ocrx_word' id='word_1_569' title='bbox 1339 4041 1468 4111; x_wconf 89' lang='grc' dir='ltr'>γοῦν</span> <span class='ocrx_word' id='word_1_570' title='bbox 1502 4045 1903 4115; x_wconf 83' lang='grc' dir='ltr'>ἐπαγγελλόμε-</span> 
     </span>
    </p>
   </div>
   <div class='ocr_carea' id='block_1_75' title="bbox 325 4123 1897 4209">
    <p class='ocr_par' dir='ltr' id='par_1_75' title="bbox 325 4123 1897 4209">
     <span class='ocr_line' id='line_1_75' title="bbox 325 4123 1897 4209; baseline 0.012 -35"><span class='ocrx_word' id='word_1_571' title='bbox 325 4139 407 4175; x_wconf 92' lang='grc' dir='ltr'><strong>νοι</strong></span> <span class='ocrx_word' id='word_1_572' title='bbox 439 4123 574 4209; x_wconf 68' lang='grc' dir='ltr'><strong>μετά</strong></span> <span class='ocrx_word' id='word_1_573' title='bbox 597 4123 659 4177; x_wconf 76' lang='grc' dir='ltr'>τὸ</span> <span class='ocrx_word' id='word_1_574' title='bbox 678 4126 975 4199; x_wconf 86' lang='grc' dir='ltr'>ἀποστῆναι</span> <span class='ocrx_word' id='word_1_575' title='bbox 1004 4129 1098 4182; x_wconf 84' lang='grc' dir='ltr'><strong>τοῦ</strong></span> <span class='ocrx_word' id='word_1_576' title='bbox 1122 4132 1407 4198; x_wconf 87' lang='grc' dir='ltr'>κτίσαντος</span> <span class='ocrx_word' id='word_1_577' title='bbox 1561 4137 1652 4191; x_wconf 85' lang='grc' dir='ltr'><strong>τὸν</strong></span> <span class='ocrx_word' id='word_1_578' title='bbox 1675 4138 1897 4209; x_wconf 89' lang='grc' dir='ltr'>κόσμον,</span> 
     </span>
    </p>
   </div>
   <div class='ocr_carea' id='block_1_76' title="bbox 325 4205 1901 4295">
    <p class='ocr_par' dir='ltr' id='par_1_76' title="bbox 325 4205 1901 4295">
     <span class='ocr_line' id='line_1_76' title="bbox 325 4205 1901 4295; baseline 0.011 -31"><span class='ocrx_word' id='word_1_579' title='bbox 325 4210 420 4264; x_wconf 76' lang='grc' dir='ltr'><strong>καὶ</strong></span> <span class='ocrx_word' id='word_1_580' title='bbox 447 4205 491 4280; x_wconf 84' lang='grc' dir='ltr'>ᾧ</span> <span class='ocrx_word' id='word_1_581' title='bbox 519 4213 828 4269; x_wconf 85' lang='grc' dir='ltr'>ἀνέπλασαν</span> <span class='ocrx_word' id='word_1_582' title='bbox 860 4217 935 4281; x_wconf 88' lang='grc' dir='ltr'>ὡς</span> <span class='ocrx_word' id='word_1_583' title='bbox 965 4218 1082 4289; x_wconf 86' lang='grc' dir='ltr'>Θεῷ</span> <span class='ocrx_word' id='word_1_584' title='bbox 1112 4205 1487 4295; x_wconf 84' lang='grc' dir='ltr'>προστρέχειν,</span> <span class='ocrx_word' id='word_1_585' title='bbox 1512 4205 1901 4293; x_wconf 32' lang='grc' dir='ltr'>λυέτωσαν-τὰς</span> 
     </span>
    </p>
   </div>
   <div class='ocr_carea' id='block_1_77' title="bbox 326 4304 1900 4388">
    <p class='ocr_par' dir='ltr' id='par_1_77' title="bbox 326 4304 1900 4388">
     <span class='ocr_line' id='line_1_77' title="bbox 326 4304 1900 4388; baseline 0.011 -33"><span class='ocrx_word' id='word_1_586' title='bbox 326 4304 741 4375; x_wconf 87' lang='grc' dir='ltr'>προσαγομένας</span> <span class='ocrx_word' id='word_1_587' title='bbox 772 4307 863 4377; x_wconf 77' lang='grc' dir='ltr'>ὑφ’</span> <span class='ocrx_word' id='word_1_588' title='bbox 914 4309 1070 4380; x_wconf 80' lang='grc' dir='ltr'>ἡμῶν</span> <span class='ocrx_word' id='word_1_589' title='bbox 1099 4312 1282 4377; x_wconf 86' lang='grc' dir='ltr'>αὐτοῖς</span> <span class='ocrx_word' id='word_1_590' title='bbox 1312 4315 1563 4386; x_wconf 89' lang='grc' dir='ltr'>ἀπορίας,</span> <span class='ocrx_word' id='word_1_591' title='bbox 1614 4316 1646 4388; x_wconf 80' lang='grc' dir='ltr'><strong>ἢ</strong></span> <span class='ocrx_word' id='word_1_592' title='bbox 1680 4318 1740 4371; x_wconf 88' lang='grc' dir='ltr'><strong>τὸ</strong></span> <span class='ocrx_word' id='word_1_593' title='bbox 1772 4320 1900 4373; x_wconf 85' lang='grc' dir='ltr'>ἐαυ-</span> 
     </span>
    </p>
   </div>
   <div class='ocr_carea' id='block_1_78' title="bbox 2006 3111 3583 3186">
    <p class='ocr_par' dir='ltr' id='par_1_78' title="bbox 2006 3111 3583 3186">
     <span class='ocr_line' id='line_1_78' title="bbox 2006 3111 3583 3186; baseline -0.006 -13"><span class='ocrx_word' id='word_1_594' title='bbox 2006 3118 2128 3173; x_wconf 89' lang='lat' dir='ltr'><strong>dam</strong></span> <span class='ocrx_word' id='word_1_595' title='bbox 2158 3131 2278 3186; x_wconf 87' lang='lat' dir='ltr'><strong>quae</strong></span> <span class='ocrx_word' id='word_1_596' title='bbox 2308 3125 2499 3169; x_wconf 90' lang='lat' dir='ltr'><strong>natura</strong></span> <span class='ocrx_word' id='word_1_597' title='bbox 2542 3116 2776 3170; x_wconf 88' lang='lat' dir='ltr'><strong>humana</strong></span> <span class='ocrx_word' id='word_1_598' title='bbox 2812 3112 3098 3169; x_wconf 77' lang='lat' dir='ltr'><strong>diliiculter</strong></span> <span class='ocrx_word' id='word_1_599' title='bbox 3126 3112 3210 3166; x_wconf 91' lang='lat' dir='ltr'><strong>vel</strong></span> <span class='ocrx_word' id='word_1_600' title='bbox 3238 3111 3384 3165; x_wconf 91' lang='lat' dir='ltr'><strong>nullo</strong></span> <span class='ocrx_word' id='word_1_601' title='bbox 3421 3112 3583 3166; x_wconf 90' lang='lat' dir='ltr'><strong>modo</strong></span> 
     </span>
    </p>
   </div>
   <div class='ocr_carea' id='block_1_79' title="bbox 2004 3204 3585 3277">
    <p class='ocr_par' dir='ltr' id='par_1_79' title="bbox 2004 3204 3585 3277">
     <span class='ocr_line' id='line_1_79' title="bbox 2004 3204 3585 3277; baseline -0.005 -13"><span class='ocrx_word' id='word_1_602' title='bbox 2004 3208 2251 3264; x_wconf 86' lang='lat' dir='ltr'><strong>invenire</strong></span> <span class='ocrx_word' id='word_1_603' title='bbox 2278 3207 2470 3277; x_wconf 89' lang='lat' dir='ltr'><strong>possit.</strong></span> <span class='ocrx_word' id='word_1_604' title='bbox 2509 3205 2693 3275; x_wconf 83' lang='lat' dir='ltr'><strong>Neque</strong></span> <span class='ocrx_word' id='word_1_605' title='bbox 2728 3205 2928 3259; x_wconf 90' lang='lat' dir='ltr'><strong>idcirco</strong></span> <span class='ocrx_word' id='word_1_606' title='bbox 2966 3204 3306 3259; x_wconf 89' lang='lat' dir='ltr'><strong>accusandus</strong></span> <span class='ocrx_word' id='word_1_607' title='bbox 3345 3211 3428 3258; x_wconf 89' lang='lat' dir='ltr'><strong>est</strong></span> <span class='ocrx_word' id='word_1_608' title='bbox 3466 3218 3585 3257; x_wconf 83' lang='lat' dir='ltr'><strong>om-</strong></span> 
     </span>
    </p>
   </div>
   <div class='ocr_carea' id='block_1_80' title="bbox 2003 3295 3581 3367">
    <p class='ocr_par' dir='ltr' id='par_1_80' title="bbox 2003 3295 3581 3367">
     <span class='ocr_line' id='line_1_80' title="bbox 2003 3295 3581 3367; baseline -0.004 -15"><span class='ocrx_word' id='word_1_609' title='bbox 2003 3300 2153 3353; x_wconf 90' lang='lat' dir='ltr'><strong>nium</strong></span> <span class='ocrx_word' id='word_1_610' title='bbox 2194 3299 2420 3354; x_wconf 85' lang='lat' dir='ltr'><strong>ell&#39;ector</strong></span> <span class='ocrx_word' id='word_1_611' title='bbox 2451 3298 2614 3352; x_wconf 90' lang='lat' dir='ltr'><strong>Deus.</strong></span> <span class='ocrx_word' id='word_1_612' title='bbox 2655 3295 2817 3351; x_wconf 84' lang='lat' dir='ltr'><strong>Verbi</strong></span> <span class='ocrx_word' id='word_1_613' title='bbox 2841 3296 3018 3367; x_wconf 87' lang='lat' dir='ltr'><strong>gratia</strong></span> <span class='ocrx_word' id='word_1_614' title='bbox 3043 3335 3059 3361; x_wconf 83' lang='lat'><strong>,</strong></span> <span class='ocrx_word' id='word_1_615' title='bbox 3108 3310 3231 3349; x_wconf 91' lang='lat' dir='ltr'><strong>cum</strong></span> <span class='ocrx_word' id='word_1_616' title='bbox 3274 3309 3380 3349; x_wconf 92' lang='lat' dir='ltr'><strong>non</strong></span> <span class='ocrx_word' id='word_1_617' title='bbox 3428 3295 3581 3347; x_wconf 82' lang='lat' dir='ltr'><strong>inve-</strong></span> 
     </span>
    </p>
   </div>
   <div class='ocr_carea' id='block_1_81' title="bbox 2003 3388 3585 3465">
    <p class='ocr_par' dir='ltr' id='par_1_81' title="bbox 2003 3388 3585 3465">
     <span class='ocr_line' id='line_1_81' title="bbox 2003 3388 3585 3465; baseline -0.004 -17"><span class='ocrx_word' id='word_1_618' title='bbox 2003 3393 2183 3448; x_wconf 90' lang='lat' dir='ltr'><strong>nimus</strong></span> <span class='ocrx_word' id='word_1_619' title='bbox 2212 3407 2433 3465; x_wconf 84' lang='lat' dir='ltr'><strong>causam</strong></span> <span class='ocrx_word' id='word_1_620' title='bbox 2456 3407 2555 3447; x_wconf 89' lang='lat' dir='ltr'><strong>cur</strong></span> <span class='ocrx_word' id='word_1_621' title='bbox 2574 3390 2745 3447; x_wconf 86' lang='lat' dir='ltr'><strong>creati</strong></span> <span class='ocrx_word' id='word_1_622' title='bbox 2769 3391 2881 3446; x_wconf 87' lang='lat' dir='ltr'><strong>sint</strong></span> <span class='ocrx_word' id='word_1_623' title='bbox 2911 3389 3176 3455; x_wconf 85' lang='lat' dir='ltr'><strong>basilisci,</strong></span> <span class='ocrx_word' id='word_1_624' title='bbox 3206 3396 3260 3443; x_wconf 89' lang='lat' dir='ltr'><strong>et</strong></span> <span class='ocrx_word' id='word_1_625' title='bbox 3280 3388 3389 3443; x_wconf 91' lang='lat' dir='ltr'><strong>alia</strong></span> <span class='ocrx_word' id='word_1_626' title='bbox 3419 3402 3585 3443; x_wconf 87' lang='lat' dir='ltr'><strong>vene-</strong></span> 
     </span>
    </p>
   </div>
   <div class='ocr_carea' id='block_1_82' title="bbox 2004 3481 3580 3549">
    <p class='ocr_par' dir='ltr' id='par_1_82' title="bbox 2004 3481 3580 3549">
     <span class='ocr_line' id='line_1_82' title="bbox 2004 3481 3580 3549; baseline -0.005 -8"><span class='ocrx_word' id='word_1_627' title='bbox 2004 3496 2129 3541; x_wconf 89' lang='lat' dir='ltr'><strong>nata</strong></span> <span class='ocrx_word' id='word_1_628' title='bbox 2163 3485 2415 3538; x_wconf 90' lang='lat' dir='ltr'><strong>animalia</strong></span> <span class='ocrx_word' id='word_1_629' title='bbox 2444 3502 2459 3538; x_wconf 87' lang='lat'><strong>:</strong></span> <span class='ocrx_word' id='word_1_630' title='bbox 2485 3485 2615 3539; x_wconf 90' lang='lat' dir='ltr'><strong>hinc</strong></span> <span class='ocrx_word' id='word_1_631' title='bbox 2662 3483 2808 3539; x_wconf 89' lang='lat' dir='ltr'><strong>enim</strong></span> <span class='ocrx_word' id='word_1_632' title='bbox 2858 3490 3106 3537; x_wconf 90' lang='lat' dir='ltr'><strong>sanctum</strong></span> <span class='ocrx_word' id='word_1_633' title='bbox 3145 3489 3250 3549; x_wconf 89' lang='lat' dir='ltr'><strong>est,</strong></span> <span class='ocrx_word' id='word_1_634' title='bbox 3298 3481 3580 3535; x_wconf 88' lang='lat' dir='ltr'><strong>conscium</strong></span> 
     </span>
    </p>
   </div>
   <div class='ocr_carea' id='block_1_83' title="bbox 2004 3571 3583 3646">
    <p class='ocr_par' dir='ltr' id='par_1_83' title="bbox 2004 3571 3583 3646">
     <span class='ocr_line' id='line_1_83' title="bbox 2004 3571 3583 3646; baseline -0.004 -15"><span class='ocrx_word' id='word_1_635' title='bbox 2004 3575 2392 3632; x_wconf 83' lang='lat' dir='ltr'><strong>imbecillitatis</strong></span> <span class='ocrx_word' id='word_1_636' title='bbox 2416 3574 2634 3646; x_wconf 80' lang='lat' dir='ltr'><strong>generis</strong></span> <span class='ocrx_word' id='word_1_637' title='bbox 2668 3573 2881 3639; x_wconf 90' lang='lat' dir='ltr'><strong>nostri,</strong></span> <span class='ocrx_word' id='word_1_638' title='bbox 2919 3573 3175 3643; x_wconf 88' lang='lat' dir='ltr'><strong>quodque</strong></span> <span class='ocrx_word' id='word_1_639' title='bbox 3216 3572 3414 3626; x_wconf 65' lang='lat' dir='ltr'><strong>divinae</strong></span> <span class='ocrx_word' id='word_1_640' title='bbox 3448 3571 3583 3625; x_wconf 89' lang='lat' dir='ltr'><strong>artis</strong></span> 
     </span>
    </p>
   </div>
   <div class='ocr_carea' id='block_1_84' title="bbox 2002 3663 3582 3740">
    <p class='ocr_par' dir='ltr' id='par_1_84' title="bbox 2002 3663 3582 3740">
     <span class='ocr_line' id='line_1_84' title="bbox 2002 3663 3582 3740; baseline -0.004 -17"><span class='ocrx_word' id='word_1_641' title='bbox 2002 3669 2239 3725; x_wconf 89' lang='lat' dir='ltr'><strong>rationes</strong></span> <span class='ocrx_word' id='word_1_642' title='bbox 2259 3667 2596 3740; x_wconf 88' lang='lat' dir='ltr'><strong>quantalibet</strong></span> <span class='ocrx_word' id='word_1_643' title='bbox 2621 3666 2863 3721; x_wconf 80' lang='lat' dir='ltr'><strong>maxima</strong></span> <span class='ocrx_word' id='word_1_644' title='bbox 2893 3679 2987 3720; x_wconf 84' lang='lat' dir='ltr'><strong>eas</strong></span> <span class='ocrx_word' id='word_1_645' title='bbox 3013 3663 3291 3734; x_wconf 74' lang='lat' dir='ltr'><strong>diligentia</strong></span> <span class='ocrx_word' id='word_1_646' title='bbox 3319 3663 3582 3718; x_wconf 82' lang='lat' dir='ltr'><strong>fuerimus</strong></span> 
     </span>
    </p>
   </div>
   <div class='ocr_carea' id='block_1_85' title="bbox 2002 3755 3579 3829">
    <p class='ocr_par' dir='ltr' id='par_1_85' title="bbox 2002 3755 3579 3829">
     <span class='ocr_line' id='line_1_85' title="bbox 2002 3755 3579 3829; baseline -0.006 -13"><span class='ocrx_word' id='word_1_647' title='bbox 2002 3760 2375 3829; x_wconf 87' lang='lat' dir='ltr'><strong>contemplati,</strong></span> <span class='ocrx_word' id='word_1_648' title='bbox 2429 3757 2718 3828; x_wconf 86' lang='lat' dir='ltr'><strong>percipere</strong></span> <span class='ocrx_word' id='word_1_649' title='bbox 2783 3772 2892 3812; x_wconf 89' lang='lat' dir='ltr'><strong>non</strong></span> <span class='ocrx_word' id='word_1_650' title='bbox 2948 3755 3240 3826; x_wconf 89' lang='lat' dir='ltr'><strong>possimus,</strong></span> <span class='ocrx_word' id='word_1_651' title='bbox 3300 3756 3366 3809; x_wconf 87' lang='lat' dir='ltr'><strong>ad</strong></span> <span class='ocrx_word' id='word_1_652' title='bbox 3413 3770 3579 3808; x_wconf 92' lang='lat' dir='ltr'><strong>unum</strong></span> 
     </span>
    </p>
   </div>
   <div class='ocr_carea' id='block_1_86' title="bbox 2003 3846 3579 3920">
    <p class='ocr_par' dir='ltr' id='par_1_86' title="bbox 2003 3846 3579 3920">
     <span class='ocr_line' id='line_1_86' title="bbox 2003 3846 3579 3920; baseline -0.005 -15"><span class='ocrx_word' id='word_1_653' title='bbox 2003 3851 2167 3906; x_wconf 90' lang='lat' dir='ltr'><strong>Deum</strong></span> <span class='ocrx_word' id='word_1_654' title='bbox 2206 3853 2397 3906; x_wconf 90' lang='lat' dir='ltr'><strong>horum</strong></span> <span class='ocrx_word' id='word_1_655' title='bbox 2424 3850 2789 3920; x_wconf 81' lang='lat' dir='ltr'><strong>cognitionem</strong></span> <span class='ocrx_word' id='word_1_656' title='bbox 2813 3846 3044 3913; x_wconf 82' lang='lat' dir='ltr'><strong>referre,</strong></span> <span class='ocrx_word' id='word_1_657' title='bbox 3069 3846 3161 3915; x_wconf 91' lang='lat' dir='ltr'><strong>qui</strong></span> <span class='ocrx_word' id='word_1_658' title='bbox 3185 3846 3345 3901; x_wconf 85' lang='lat' dir='ltr'><strong>nobis</strong></span> <span class='ocrx_word' id='word_1_659' title='bbox 3368 3855 3579 3915; x_wconf 87' lang='lat' dir='ltr'><strong>postea,</strong></span> 
     </span>
    </p>
   </div>
   <div class='ocr_carea' id='block_1_87' title="bbox 2002 3937 3582 4014">
    <p class='ocr_par' dir='ltr' id='par_1_87' title="bbox 2002 3937 3582 4014">
     <span class='ocr_line' id='line_1_87' title="bbox 2002 3937 3582 4014; baseline -0.004 -17"><span class='ocrx_word' id='word_1_660' title='bbox 2002 3945 2046 3997; x_wconf 89' lang='lat' dir='ltr'><strong>si</strong></span> <span class='ocrx_word' id='word_1_661' title='bbox 2075 3942 2220 4014; x_wconf 85' lang='lat' dir='ltr'><strong>digni</strong></span> <span class='ocrx_word' id='word_1_662' title='bbox 2247 3942 2590 4013; x_wconf 85' lang='lat' dir='ltr'><strong>judicemur,</strong></span> <span class='ocrx_word' id='word_1_663' title='bbox 2625 3939 2742 3994; x_wconf 83' lang='lat' dir='ltr'><strong>haec</strong></span> <span class='ocrx_word' id='word_1_664' title='bbox 2775 3939 2890 4009; x_wconf 90' lang='lat' dir='ltr'><strong>ipsa</strong></span> <span class='ocrx_word' id='word_1_665' title='bbox 2924 3941 3157 4010; x_wconf 87' lang='lat' dir='ltr'><strong>aperiet,</strong></span> <span class='ocrx_word' id='word_1_666' title='bbox 3189 3937 3259 3993; x_wconf 91' lang='lat' dir='ltr'><strong>ad</strong></span> <span class='ocrx_word' id='word_1_667' title='bbox 3281 3953 3404 4008; x_wconf 67' lang='lat' dir='ltr'><strong>quae</strong></span> <span class='ocrx_word' id='word_1_668' title='bbox 3431 3952 3582 3993; x_wconf 87' lang='lat' dir='ltr'><strong>men-</strong></span> 
     </span>
    </p>
   </div>
   <div class='ocr_carea' id='block_1_88' title="bbox 2005 4029 3585 4103">
    <p class='ocr_par' dir='ltr' id='par_1_88' title="bbox 2005 4029 3585 4103">
     <span class='ocr_line' id='line_1_88' title="bbox 2005 4029 3585 4103; baseline -0.003 -15"><span class='ocrx_word' id='word_1_669' title='bbox 2005 4046 2110 4090; x_wconf 91' lang='lat' dir='ltr'><strong>tem</strong></span> <span class='ocrx_word' id='word_1_670' title='bbox 2168 4050 2314 4089; x_wconf 91' lang='lat' dir='ltr'><strong>nnnc</strong></span> <span class='ocrx_word' id='word_1_671' title='bbox 2342 4036 2429 4103; x_wconf 91' lang='lat' dir='ltr'><strong>pie</strong></span> <span class='ocrx_word' id='word_1_672' title='bbox 2463 4034 2822 4090; x_wconf 87' lang='lat' dir='ltr'><strong>advertimus.</strong></span> <span class='ocrx_word' id='word_1_673' title='bbox 2866 4031 2959 4086; x_wconf 89' lang='lat' dir='ltr'><strong>Sic</strong></span> <span class='ocrx_word' id='word_1_674' title='bbox 2981 4032 3147 4101; x_wconf 82' lang='lat' dir='ltr'><strong>igitur</strong></span> <span class='ocrx_word' id='word_1_675' title='bbox 3191 4038 3246 4085; x_wconf 88' lang='lat' dir='ltr'><strong>et</strong></span> <span class='ocrx_word' id='word_1_676' title='bbox 3292 4030 3346 4084; x_wconf 90' lang='lat' dir='ltr'><strong>in</strong></span> <span class='ocrx_word' id='word_1_677' title='bbox 3379 4029 3585 4083; x_wconf 86' lang='lat' dir='ltr'><strong>divinis</strong></span> 
     </span>
    </p>
   </div>
   <div class='ocr_carea' id='block_1_89' title="bbox 2002 4122 3577 4187">
    <p class='ocr_par' dir='ltr' id='par_1_89' title="bbox 2002 4122 3577 4187">
     <span class='ocr_line' id='line_1_89' title="bbox 2002 4122 3577 4187; baseline -0.005 -5"><span class='ocrx_word' id='word_1_678' title='bbox 2002 4127 2205 4182; x_wconf 88' lang='lat' dir='ltr'><strong>litteris</strong></span> <span class='ocrx_word' id='word_1_679' title='bbox 2231 4125 2524 4181; x_wconf 89' lang='lat' dir='ltr'><strong>videndum</strong></span> <span class='ocrx_word' id='word_1_680' title='bbox 2559 4134 2667 4187; x_wconf 88' lang='lat' dir='ltr'><strong>est,</strong></span> <span class='ocrx_word' id='word_1_681' title='bbox 2702 4123 2870 4177; x_wconf 89' lang='lat' dir='ltr'><strong>multa</strong></span> <span class='ocrx_word' id='word_1_682' title='bbox 2904 4124 2957 4178; x_wconf 91' lang='lat' dir='ltr'><strong>in</strong></span> <span class='ocrx_word' id='word_1_683' title='bbox 2992 4122 3098 4177; x_wconf 90' lang='lat' dir='ltr'><strong>illis</strong></span> <span class='ocrx_word' id='word_1_684' title='bbox 3129 4122 3407 4177; x_wconf 86' lang='lat' dir='ltr'><strong>recondita</strong></span> <span class='ocrx_word' id='word_1_685' title='bbox 3434 4135 3577 4184; x_wconf 86' lang='lat' dir='ltr'><strong>esse,</strong></span> 
     </span>
    </p>
   </div>
   <div class='ocr_carea' id='block_1_90' title="bbox 2000 4212 3580 4289">
    <p class='ocr_par' dir='ltr' id='par_1_90' title="bbox 2000 4212 3580 4289">
     <span class='ocr_line' id='line_1_90' title="bbox 2000 4212 3580 4289; baseline -0.006 -16"><span class='ocrx_word' id='word_1_686' title='bbox 2000 4234 2227 4289; x_wconf 89' lang='lat' dir='ltr'><strong>quorum</strong></span> <span class='ocrx_word' id='word_1_687' title='bbox 2261 4216 2418 4272; x_wconf 88' lang='lat' dir='ltr'><strong>nobis</strong></span> <span class='ocrx_word' id='word_1_688' title='bbox 2463 4226 2548 4272; x_wconf 90' lang='lat' dir='ltr'><strong>est</strong></span> <span class='ocrx_word' id='word_1_689' title='bbox 2573 4214 2907 4288; x_wconf 75' lang='lat' dir='ltr'><strong>pcrdiﬂicilis</strong></span> <span class='ocrx_word' id='word_1_690' title='bbox 2951 4214 3264 4285; x_wconf 80' lang='lat' dir='ltr'><strong>explicatio.</strong></span> <span class='ocrx_word' id='word_1_691' title='bbox 3303 4212 3404 4278; x_wconf 83' lang='lat' dir='ltr'><strong>Qui</strong></span> <span class='ocrx_word' id='word_1_692' title='bbox 3449 4226 3580 4283; x_wconf 88' lang='lat' dir='ltr'><strong>ergo</strong></span> 
     </span>
    </p>
   </div>
   <div class='ocr_carea' id='block_1_91' title="bbox 2002 4301 3580 4381">
    <p class='ocr_par' dir='ltr' id='par_1_91' title="bbox 2002 4301 3580 4381">
     <span class='ocr_line' id='line_1_91' title="bbox 2002 4301 3580 4381; baseline -0.006 -15"><span class='ocrx_word' id='word_1_693' title='bbox 2002 4311 2328 4381; x_wconf 89' lang='lat' dir='ltr'><strong>pollicentur</strong></span> <span class='ocrx_word' id='word_1_694' title='bbox 2351 4348 2365 4373; x_wconf 92' lang='lat'><strong>,</strong></span> <span class='ocrx_word' id='word_1_695' title='bbox 2404 4318 2690 4378; x_wconf 89' lang='lat' dir='ltr'><strong>postquam</strong></span> <span class='ocrx_word' id='word_1_696' title='bbox 2727 4322 2758 4361; x_wconf 89' lang='lat' dir='ltr'><strong>a</strong></span> <span class='ocrx_word' id='word_1_697' title='bbox 2802 4306 2988 4361; x_wconf 90' lang='lat' dir='ltr'><strong>mundi</strong></span> <span class='ocrx_word' id='word_1_698' title='bbox 3025 4305 3322 4361; x_wconf 86' lang='lat' dir='ltr'><strong>Conditore</strong></span> <span class='ocrx_word' id='word_1_699' title='bbox 3367 4301 3580 4358; x_wconf 73' lang='lat' dir='ltr'><strong>defece-</strong></span> 
     </span>
    </p>
   </div>
   <div class='ocr_carea' id='block_1_92' title="bbox 324 4394 1900 4482">
    <p class='ocr_par' dir='ltr' id='par_1_92' title="bbox 324 4395 1899 4482">
     <span class='ocr_line' id='line_1_92' title="bbox 324 4395 1899 4482; baseline 0.011 -34"><span class='ocrx_word' id='word_1_700' title='bbox 324 4395 433 4448; x_wconf 87' lang='grc' dir='ltr'>τῶν</span> <span class='ocrx_word' id='word_1_701' title='bbox 479 4413 541 4465; x_wconf 90' lang='grc' dir='ltr'><strong>γε</strong></span> <span class='ocrx_word' id='word_1_702' title='bbox 593 4398 829 4456; x_wconf 80' lang='grc' dir='ltr'>συνειδὸς</span> <span class='ocrx_word' id='word_1_703' title='bbox 881 4401 1215 4459; x_wconf 87' lang='grc' dir='ltr'>πειθέτωσαν</span> <span class='ocrx_word' id='word_1_704' title='bbox 1268 4406 1407 4476; x_wconf 80' lang='grc' dir='ltr'>μετὰ</span> <span class='ocrx_word' id='word_1_705' title='bbox 1462 4408 1524 4461; x_wconf 85' lang='grc' dir='ltr'><strong>τὸ</strong></span> <span class='ocrx_word' id='word_1_706' title='bbox 1583 4409 1899 4482; x_wconf 87' lang='grc' dir='ltr'>τηλικοῦτον</span> 
     </span>
    </p>
   </div>
   <div class='ocr_carea' id='block_1_93' title="bbox 2002 4394 3580 4482">
    <p class='ocr_par' dir='ltr' id='par_1_93' title="bbox 2009 4394 3580 4470">
     <span class='ocr_line' id='line_1_93' title="bbox 2009 4394 3580 4470; baseline -0.007 -12"><span class='ocrx_word' id='word_1_707' title='bbox 2009 4411 2154 4465; x_wconf 88' lang='lat' dir='ltr'><strong>runt,</strong></span> <span class='ocrx_word' id='word_1_708' title='bbox 2190 4409 2247 4455; x_wconf 88' lang='lat' dir='ltr'><strong>et</strong></span> <span class='ocrx_word' id='word_1_709' title='bbox 2271 4401 2338 4455; x_wconf 85' lang='lat' dir='ltr'><strong>ad</strong></span> <span class='ocrx_word' id='word_1_710' title='bbox 2368 4415 2491 4455; x_wconf 89' lang='lat' dir='ltr'><strong>eum</strong></span> <span class='ocrx_word' id='word_1_711' title='bbox 2522 4414 2681 4470; x_wconf 90' lang='lat' dir='ltr'><strong>quem</strong></span> <span class='ocrx_word' id='word_1_712' title='bbox 2717 4400 2921 4454; x_wconf 81' lang='lat' dir='ltr'><strong>tinxere</strong></span> <span class='ocrx_word' id='word_1_713' title='bbox 2944 4441 2959 4467; x_wconf 93' lang='lat'><strong>,</strong></span> <span class='ocrx_word' id='word_1_714' title='bbox 2998 4408 3058 4453; x_wconf 93' lang='lat' dir='ltr'><strong>ut</strong></span> <span class='ocrx_word' id='word_1_715' title='bbox 3085 4400 3152 4452; x_wconf 89' lang='lat' dir='ltr'><strong>ad</strong></span> <span class='ocrx_word' id='word_1_716' title='bbox 3184 4398 3354 4452; x_wconf 89' lang='lat' dir='ltr'><strong>Deum</strong></span> <span class='ocrx_word' id='word_1_717' title='bbox 3390 4394 3580 4449; x_wconf 79' lang='lat' dir='ltr'><strong>conlu-</strong></span> 
     </span>
    </p>
   </div>
   <div class='ocr_carea' id='block_1_94' title="bbox 321 4485 1900 4573">
    <p class='ocr_par' dir='ltr' id='par_1_94' title="bbox 321 4485 1897 4573">
     <span class='ocr_line' id='line_1_94' title="bbox 321 4485 1897 4573; baseline 0.012 -33"><span class='ocrx_word' id='word_1_718' title='bbox 321 4485 580 4558; x_wconf 84' lang='grc' dir='ltr'>τόλμημα</span> <span class='ocrx_word' id='word_1_719' title='bbox 612 4489 712 4560; x_wconf 84' lang='grc' dir='ltr'>τῆς</span> <span class='ocrx_word' id='word_1_720' title='bbox 766 4491 1020 4557; x_wconf 87' lang='grc' dir='ltr'>ἀσεϐείας</span> <span class='ocrx_word' id='word_1_721' title='bbox 1072 4496 1533 4564; x_wconf 86' lang='grc' dir='ltr'>ἀναπεπαῦσθαι,</span> <span class='ocrx_word' id='word_1_722' title='bbox 1592 4502 1897 4573; x_wconf 84' lang='grc' dir='ltr'>συμφώνως</span> 
     </span>
    </p>
   </div>
   <div class='ocr_carea' id='block_1_95' title="bbox 2002 4485 3577 4573">
    <p class='ocr_par' dir='ltr' id='par_1_95' title="bbox 2002 4487 3577 4567">
     <span class='ocr_line' id='line_1_95' title="bbox 2002 4487 3577 4567; baseline -0.005 -18"><span class='ocrx_word' id='word_1_723' title='bbox 2002 4504 2198 4567; x_wconf 89' lang='lat' dir='ltr'><strong>gerunt</strong></span> <span class='ocrx_word' id='word_1_724' title='bbox 2222 4535 2239 4560; x_wconf 91' lang='lat'><strong>,</strong></span> <span class='ocrx_word' id='word_1_725' title='bbox 2277 4492 2489 4547; x_wconf 89' lang='lat' dir='ltr'><strong>solvant</strong></span> <span class='ocrx_word' id='word_1_726' title='bbox 2529 4507 2666 4562; x_wconf 91' lang='lat' dir='ltr'><strong>quos</strong></span> <span class='ocrx_word' id='word_1_727' title='bbox 2694 4493 2826 4563; x_wconf 85' lang='lat' dir='ltr'><strong>ipsis</strong></span> <span class='ocrx_word' id='word_1_728' title='bbox 2867 4494 3037 4547; x_wconf 90' lang='lat' dir='ltr'><strong>nodos</strong></span> <span class='ocrx_word' id='word_1_729' title='bbox 3070 4490 3459 4555; x_wconf 81' lang='lat' dir='ltr'><strong>exhibuimus;</strong></span> <span class='ocrx_word' id='word_1_730' title='bbox 3491 4487 3577 4542; x_wconf 87' lang='lat' dir='ltr'><strong>vel</strong></span> 
     </span>
    </p>
   </div>
   <div class='ocr_carea' id='block_1_96' title="bbox 321 4581 1900 4666">
    <p class='ocr_par' dir='ltr' id='par_1_96' title="bbox 321 4581 1892 4666">
     <span class='ocr_line' id='line_1_96' title="bbox 321 4581 1892 4666; baseline 0.013 -36"><span class='ocrx_word' id='word_1_731' title='bbox 321 4581 444 4642; x_wconf 84' lang='grc' dir='ltr'>ταῖς</span> <span class='ocrx_word' id='word_1_732' title='bbox 491 4582 620 4651; x_wconf 84' lang='grc' dir='ltr'>παρ’</span> <span class='ocrx_word' id='word_1_733' title='bbox 651 4581 835 4646; x_wconf 83' lang='grc' dir='ltr'>αὐτοῖς</span> <span class='ocrx_word' id='word_1_734' title='bbox 895 4585 1180 4641; x_wconf 83' lang='grc' dir='ltr'>ὑποθέσεσι</span> <span class='ocrx_word' id='word_1_735' title='bbox 1209 4589 1337 4660; x_wconf 77' lang='grc' dir='ltr'>περὶ</span> <span class='ocrx_word' id='word_1_736' title='bbox 1391 4589 1498 4643; x_wconf 84' lang='grc' dir='ltr'>τῶν</span> <span class='ocrx_word' id='word_1_737' title='bbox 1527 4591 1892 4666; x_wconf 83' lang='grc' dir='ltr'>ζητουμένων,</span> 
     </span>
    </p>
   </div>
   <div class='ocr_carea' id='block_1_97' title="bbox 2002 4581 3577 4666">
    <p class='ocr_par' dir='ltr' id='par_1_97' title="bbox 2002 4583 3577 4656">
     <span class='ocr_line' id='line_1_97' title="bbox 2002 4583 3577 4656; baseline -0.007 -13"><span class='ocrx_word' id='word_1_738' title='bbox 2002 4602 2156 4644; x_wconf 91' lang='lat' dir='ltr'><strong>suam</strong></span> <span class='ocrx_word' id='word_1_739' title='bbox 2197 4587 2300 4656; x_wconf 91' lang='lat' dir='ltr'><strong>ipsi</strong></span> <span class='ocrx_word' id='word_1_740' title='bbox 2324 4585 2718 4641; x_wconf 89' lang='lat' dir='ltr'><strong>conscientiam</strong></span> <span class='ocrx_word' id='word_1_741' title='bbox 2764 4584 3145 4655; x_wconf 84' lang='lat' dir='ltr'><strong>persuadeant,</strong></span> <span class='ocrx_word' id='word_1_742' title='bbox 3187 4583 3265 4637; x_wconf 88' lang='lat' dir='ltr'><strong>uti</strong></span> <span class='ocrx_word' id='word_1_743' title='bbox 3299 4590 3418 4650; x_wconf 90' lang='lat' dir='ltr'><strong>post</strong></span> <span class='ocrx_word' id='word_1_744' title='bbox 3464 4588 3577 4633; x_wconf 88' lang='lat' dir='ltr'><strong>tam</strong></span> 
     </span>
    </p>
   </div>
   <div class='ocr_carea' id='block_1_98' title="bbox 322 4666 1900 4752">
    <p class='ocr_par' dir='ltr' id='par_1_98' title="bbox 322 4666 1890 4750">
     <span class='ocr_line' id='line_1_98' title="bbox 322 4666 1890 4750; baseline 0.008 -29"><span class='ocrx_word' id='word_1_745' title='bbox 322 4666 422 4721; x_wconf 78' lang='grc' dir='ltr'>καὶ</span> <span class='ocrx_word' id='word_1_746' title='bbox 454 4667 720 4738; x_wconf 75' lang='grc' dir='ltr'>περὶτῶν</span> <span class='ocrx_word' id='word_1_747' title='bbox 777 4674 1202 4743; x_wconf 81' lang='grc' dir='ltr'>προσαγομένων</span> <span class='ocrx_word' id='word_1_748' title='bbox 1250 4677 1431 4741; x_wconf 87' lang='grc' dir='ltr'>αὐτοῖς</span> <span class='ocrx_word' id='word_1_749' title='bbox 1488 4677 1857 4750; x_wconf 85' lang='grc' dir='ltr'>ἀπορημάτων</span> <span class='ocrx_word' id='word_1_750' title='bbox 1876 4700 1890 4713; x_wconf 93' lang='grc'><strong>·</strong></span> 
     </span>
    </p>
   </div>
   <div class='ocr_carea' id='block_1_99' title="bbox 2002 4666 3578 4752">
    <p class='ocr_par' dir='ltr' id='par_1_99' title="bbox 2003 4677 3578 4752">
     <span class='ocr_line' id='line_1_99' title="bbox 2003 4677 3578 4752; baseline -0.006 -15"><span class='ocrx_word' id='word_1_751' title='bbox 2003 4681 2272 4752; x_wconf 83' lang='lat' dir='ltr'><strong>insignem</strong></span> <span class='ocrx_word' id='word_1_752' title='bbox 2328 4680 2609 4733; x_wconf 90' lang='lat' dir='ltr'><strong>audaciam</strong></span> <span class='ocrx_word' id='word_1_753' title='bbox 2663 4679 2731 4734; x_wconf 87' lang='lat' dir='ltr'><strong>ab</strong></span> <span class='ocrx_word' id='word_1_754' title='bbox 2771 4679 3049 4749; x_wconf 88' lang='lat' dir='ltr'><strong>impietate</strong></span> <span class='ocrx_word' id='word_1_755' title='bbox 3095 4677 3363 4743; x_wconf 84' lang='lat' dir='ltr'><strong>desinant,</strong></span> <span class='ocrx_word' id='word_1_756' title='bbox 3418 4686 3578 4744; x_wconf 88' lang='lat' dir='ltr'><strong>prout</strong></span> 
     </span>
    </p>
   </div>
   <div class='ocr_carea' id='block_1_100' title="bbox 321 4758 1900 4843">
    <p class='ocr_par' dir='ltr' id='par_1_100' title="bbox 321 4758 1892 4843">
     <span class='ocr_line' id='line_1_100' title="bbox 321 4758 1892 4843; baseline 0.009 -29"><span class='ocrx_word' id='word_1_757' title='bbox 321 4761 374 4814; x_wconf 87' lang='grc' dir='ltr'><strong>εί</strong></span> <span class='ocrx_word' id='word_1_758' title='bbox 429 4758 538 4831; x_wconf 87' lang='grc' dir='ltr'><strong>γάρ</strong></span> <span class='ocrx_word' id='word_1_759' title='bbox 592 4760 753 4815; x_wconf 85' lang='grc' dir='ltr'>κάκεῖ</span> <span class='ocrx_word' id='word_1_760' title='bbox 805 4763 955 4817; x_wconf 80' lang='grc' dir='ltr'>οὐδὲν</span> <span class='ocrx_word' id='word_1_761' title='bbox 1000 4760 1159 4837; x_wconf 73' lang='grc' dir='ltr'>ἦττον</span> <span class='ocrx_word' id='word_1_762' title='bbox 1212 4767 1282 4821; x_wconf 82' lang='grc' dir='ltr'><strong>τά</strong></span> <span class='ocrx_word' id='word_1_763' title='bbox 1342 4768 1669 4841; x_wconf 82' lang='grc' dir='ltr'>ἀπορήματα</span> <span class='ocrx_word' id='word_1_764' title='bbox 1722 4773 1892 4843; x_wconf 85' lang='grc' dir='ltr'>μένει,</span> 
     </span>
    </p>
   </div>
   <div class='ocr_carea' id='block_1_101' title="bbox 2002 4758 3586 4843">
    <p class='ocr_par' dir='ltr' id='par_1_101' title="bbox 2002 4769 3586 4843">
     <span class='ocr_line' id='line_1_101' title="bbox 2002 4769 3586 4843; baseline -0.006 -13"><span class='ocrx_word' id='word_1_765' title='bbox 2002 4773 2255 4843; x_wconf 84' lang='lat' dir='ltr'><strong>congruit</strong></span> <span class='ocrx_word' id='word_1_766' title='bbox 2284 4773 2523 4842; x_wconf 90' lang='lat' dir='ltr'><strong>ipsorum</strong></span> <span class='ocrx_word' id='word_1_767' title='bbox 2569 4772 2841 4837; x_wconf 89' lang='lat' dir='ltr'><strong>instituto,</strong></span> <span class='ocrx_word' id='word_1_768' title='bbox 2882 4772 2951 4825; x_wconf 91' lang='lat' dir='ltr'><strong>de</strong></span> <span class='ocrx_word' id='word_1_769' title='bbox 2981 4770 3226 4839; x_wconf 82' lang='lat' dir='ltr'><strong>quaesitis</strong></span> <span class='ocrx_word' id='word_1_770' title='bbox 3259 4776 3313 4823; x_wconf 90' lang='lat' dir='ltr'><strong>et</strong></span> <span class='ocrx_word' id='word_1_771' title='bbox 3354 4769 3421 4823; x_wconf 89' lang='lat' dir='ltr'><strong>iis</strong></span> <span class='ocrx_word' id='word_1_772' title='bbox 3455 4781 3586 4836; x_wconf 52' lang='lat' dir='ltr'><strong>quae</strong></span> 
     </span>
    </p>
   </div>
   <div class='ocr_carea' id='block_1_102' title="bbox 321 4850 1900 4936">
    <p class='ocr_par' dir='ltr' id='par_1_102' title="bbox 321 4850 1895 4936">
     <span class='ocr_line' id='line_1_102' title="bbox 321 4850 1895 4936; baseline 0.009 -31"><span class='ocrx_word' id='word_1_773' title='bbox 321 4850 676 4905; x_wconf 81' lang='grc' dir='ltr'>ἀποστάντων</span> <span class='ocrx_word' id='word_1_774' title='bbox 703 4853 802 4924; x_wconf 80' lang='grc' dir='ltr'>τῆς</span> <span class='ocrx_word' id='word_1_775' title='bbox 838 4853 1120 4927; x_wconf 75' lang='grc' dir='ltr'>θεότητοςο</span> <span class='ocrx_word' id='word_1_776' title='bbox 1155 4859 1306 4930; x_wconf 82' lang='grc' dir='ltr'>πόσῳ</span> <span class='ocrx_word' id='word_1_777' title='bbox 1344 4859 1631 4932; x_wconf 84' lang='grc' dir='ltr'>ὁσιώτερον</span> <span class='ocrx_word' id='word_1_778' title='bbox 1670 4858 1757 4934; x_wconf 80' lang='grc' dir='ltr'>ἦν,</span> <span class='ocrx_word' id='word_1_779' title='bbox 1797 4866 1895 4936; x_wconf 90' lang='grc' dir='ltr'>μέ-</span> 
     </span>
    </p>
   </div>
   <div class='ocr_carea' id='block_1_103' title="bbox 2002 4850 3577 4936">
    <p class='ocr_par' dir='ltr' id='par_1_103' title="bbox 2002 4858 3577 4935">
     <span class='ocr_line' id='line_1_103' title="bbox 2002 4858 3577 4935; baseline -0.003 -17"><span class='ocrx_word' id='word_1_780' title='bbox 2002 4864 2206 4935; x_wconf 87' lang='lat' dir='ltr'><strong>objecta</strong></span> <span class='ocrx_word' id='word_1_781' title='bbox 2238 4873 2366 4919; x_wconf 89' lang='lat' dir='ltr'><strong>sunt</strong></span> <span class='ocrx_word' id='word_1_782' title='bbox 2398 4865 2678 4920; x_wconf 83' lang='lat' dir='ltr'><strong>dubitandi</strong></span> <span class='ocrx_word' id='word_1_783' title='bbox 2716 4864 2921 4919; x_wconf 88' lang='lat' dir='ltr'><strong>causis.</strong></span> <span class='ocrx_word' id='word_1_784' title='bbox 2983 4861 3039 4917; x_wconf 92' lang='lat' dir='ltr'><strong>Si</strong></span> <span class='ocrx_word' id='word_1_785' title='bbox 3085 4861 3230 4916; x_wconf 90' lang='lat' dir='ltr'><strong>enim</strong></span> <span class='ocrx_word' id='word_1_786' title='bbox 3263 4861 3337 4915; x_wconf 90' lang='lat' dir='ltr'><strong>ibi</strong></span> <span class='ocrx_word' id='word_1_787' title='bbox 3375 4858 3577 4914; x_wconf 90' lang='lat' dir='ltr'><strong>nihilo-</strong></span> 
     </span>
    </p>
   </div>
   <div class='ocr_carea' id='block_1_104' title="bbox 321 4945 1900 5026">
    <p class='ocr_par' dir='ltr' id='par_1_104' title="bbox 321 4945 1898 5026">
     <span class='ocr_line' id='line_1_104' title="bbox 321 4945 1898 5026; baseline 0.011 -31"><span class='ocrx_word' id='word_1_788' title='bbox 321 4959 510 5007; x_wconf 85' lang='grc' dir='ltr'>νοντας</span> <span class='ocrx_word' id='word_1_789' title='bbox 560 4945 654 4997; x_wconf 72' lang='grc' dir='ltr'><strong>ἐπὶ</strong></span> <span class='ocrx_word' id='word_1_790' title='bbox 691 4946 790 5018; x_wconf 87' lang='grc' dir='ltr'>τῆς</span> <span class='ocrx_word' id='word_1_791' title='bbox 842 4948 1050 5014; x_wconf 84' lang='grc' dir='ltr'>ἐννοίας</span> <span class='ocrx_word' id='word_1_792' title='bbox 1102 4952 1200 5024; x_wconf 83' lang='grc' dir='ltr'>τῆς</span> <span class='ocrx_word' id='word_1_793' title='bbox 1252 4954 1380 5026; x_wconf 73' lang='grc' dir='ltr'>περὶ</span> <span class='ocrx_word' id='word_1_794' title='bbox 1411 4952 1569 5019; x_wconf 85' lang='grc' dir='ltr'>Θεοῦ,</span> <span class='ocrx_word' id='word_1_795' title='bbox 1624 4956 1732 5011; x_wconf 81' lang='grc' dir='ltr'><strong>ἀπὸ</strong></span> <span class='ocrx_word' id='word_1_796' title='bbox 1789 4959 1898 5013; x_wconf 84' lang='grc' dir='ltr'><strong>τῶν</strong></span> 
     </span>
    </p>
   </div>
   <div class='ocr_carea' id='block_1_105' title="bbox 2002 4945 3576 5026">
    <p class='ocr_par' dir='ltr' id='par_1_105' title="bbox 2002 4953 3576 5025">
     <span class='ocr_line' id='line_1_105' title="bbox 2002 4953 3576 5025; baseline -0.004 -14"><span class='ocrx_word' id='word_1_797' title='bbox 2002 4957 2175 5012; x_wconf 89' lang='lat' dir='ltr'><strong>minus</strong></span> <span class='ocrx_word' id='word_1_798' title='bbox 2216 4954 2556 5012; x_wconf 81' lang='lat' dir='ltr'><strong>diﬂicultates</strong></span> <span class='ocrx_word' id='word_1_799' title='bbox 2586 4964 2831 5021; x_wconf 90' lang='lat' dir='ltr'><strong>manent,</strong></span> <span class='ocrx_word' id='word_1_800' title='bbox 2868 4963 3159 5025; x_wconf 88' lang='lat' dir='ltr'><strong>postquam</strong></span> <span class='ocrx_word' id='word_1_801' title='bbox 3207 4967 3236 5006; x_wconf 89' lang='lat' dir='ltr'><strong>a</strong></span> <span class='ocrx_word' id='word_1_802' title='bbox 3290 4953 3576 5007; x_wconf 78' lang='lat' dir='ltr'><strong>divinitate</strong></span> 
     </span>
    </p>
   </div>
   <div class='ocr_carea' id='block_1_106' title="bbox 321 5036 1900 5122">
    <p class='ocr_par' dir='ltr' id='par_1_106' title="bbox 321 5036 1896 5122">
     <span class='ocr_line' id='line_1_106' title="bbox 321 5036 1896 5122; baseline 0.009 -32"><span class='ocrx_word' id='word_1_803' title='bbox 321 5036 635 5107; x_wconf 82' lang='grc' dir='ltr'>κτισμάτων</span> <span class='ocrx_word' id='word_1_804' title='bbox 678 5037 772 5091; x_wconf 89' lang='grc' dir='ltr'><strong>τοῦ</strong></span> <span class='ocrx_word' id='word_1_805' title='bbox 820 5042 1198 5113; x_wconf 84' lang='grc' dir='ltr'>γενεσιουργοῦ</span> <span class='ocrx_word' id='word_1_806' title='bbox 1258 5043 1627 5119; x_wconf 86' lang='grc' dir='ltr'>θεωρουμένου</span> <span class='ocrx_word' id='word_1_807' title='bbox 1650 5089 1665 5114; x_wconf 91' lang='grc'><strong>,</strong></span> <span class='ocrx_word' id='word_1_808' title='bbox 1731 5051 1896 5122; x_wconf 83' lang='grc' dir='ltr'>μηδὲν</span> 
     </span>
    </p>
   </div>
   <div class='ocr_carea' id='block_1_107' title="bbox 2002 5036 3575 5122">
    <p class='ocr_par' dir='ltr' id='par_1_107' title="bbox 2002 5047 3575 5120">
     <span class='ocr_line' id='line_1_107' title="bbox 2002 5047 3575 5120; baseline -0.004 -16"><span class='ocrx_word' id='word_1_809' title='bbox 2002 5049 2348 5117; x_wconf 85' lang='lat' dir='ltr'><strong>defecerunt;</strong></span> <span class='ocrx_word' id='word_1_810' title='bbox 2390 5060 2596 5120; x_wconf 91' lang='lat' dir='ltr'><strong>quanto</strong></span> <span class='ocrx_word' id='word_1_811' title='bbox 2641 5050 2886 5104; x_wconf 87' lang='lat' dir='ltr'><strong>sanctius</strong></span> <span class='ocrx_word' id='word_1_812' title='bbox 2922 5058 3042 5103; x_wconf 86' lang='lat' dir='ltr'><strong>erat</strong></span> <span class='ocrx_word' id='word_1_813' title='bbox 3073 5049 3126 5101; x_wconf 89' lang='lat' dir='ltr'><strong>in</strong></span> <span class='ocrx_word' id='word_1_814' title='bbox 3159 5047 3488 5117; x_wconf 88' lang='lat' dir='ltr'><strong>cogitatione</strong></span> <span class='ocrx_word' id='word_1_815' title='bbox 3507 5060 3575 5098; x_wconf 83' lang='lat' dir='ltr'><strong>ac</strong></span> 
     </span>
    </p>
   </div>
   <div class='ocr_carea' id='block_1_108' title="bbox 320 5127 1900 5214">
    <p class='ocr_par' dir='ltr' id='par_1_108' title="bbox 320 5127 1893 5210">
     <span class='ocr_line' id='line_1_108' title="bbox 320 5127 1893 5210; baseline 0.01 -30"><span class='ocrx_word' id='word_1_816' title='bbox 320 5127 481 5182; x_wconf 80' lang='grc' dir='ltr'>ἄθεον</span> <span class='ocrx_word' id='word_1_817' title='bbox 509 5130 601 5183; x_wconf 83' lang='grc' dir='ltr'>καὶ</span> <span class='ocrx_word' id='word_1_818' title='bbox 631 5129 845 5185; x_wconf 88' lang='grc' dir='ltr'>ἀνόσιον</span> <span class='ocrx_word' id='word_1_819' title='bbox 874 5132 1003 5205; x_wconf 79' lang='grc' dir='ltr'>περὶ</span> <span class='ocrx_word' id='word_1_820' title='bbox 1026 5132 1119 5187; x_wconf 92' lang='grc' dir='ltr'><strong>τοῦ</strong></span> <span class='ocrx_word' id='word_1_821' title='bbox 1144 5134 1462 5205; x_wconf 82' lang='grc' dir='ltr'>τηλικούτου</span> <span class='ocrx_word' id='word_1_822' title='bbox 1495 5138 1893 5210; x_wconf 85' lang='grc' dir='ltr'>ἀποφαίνεσθαι</span> 
     </span>
    </p>
   </div>
   <div class='ocr_carea' id='block_1_109' title="bbox 2002 5127 3576 5214">
    <p class='ocr_par' dir='ltr' id='par_1_109' title="bbox 2002 5141 3576 5214">
     <span class='ocr_line' id='line_1_109' title="bbox 2002 5141 3576 5214; baseline -0.004 -17"><span class='ocrx_word' id='word_1_823' title='bbox 2002 5157 2154 5199; x_wconf 80' lang='lat' dir='ltr'><strong>sensu</strong></span> <span class='ocrx_word' id='word_1_824' title='bbox 2185 5145 2252 5200; x_wconf 87' lang='lat' dir='ltr'><strong>de</strong></span> <span class='ocrx_word' id='word_1_825' title='bbox 2284 5143 2394 5200; x_wconf 90' lang='lat' dir='ltr'><strong>Deo</strong></span> <span class='ocrx_word' id='word_1_826' title='bbox 2420 5145 2773 5209; x_wconf 52' lang='lat' dir='ltr'><strong>inhaerentes,</strong></span> <span class='ocrx_word' id='word_1_827' title='bbox 2818 5159 2978 5214; x_wconf 90' lang='lat' dir='ltr'><strong>quem</strong></span> <span class='ocrx_word' id='word_1_828' title='bbox 3006 5158 3036 5196; x_wconf 89' lang='lat' dir='ltr'><strong>a</strong></span> <span class='ocrx_word' id='word_1_829' title='bbox 3078 5141 3349 5197; x_wconf 85' lang='lat' dir='ltr'><strong>creaturis</strong></span> <span class='ocrx_word' id='word_1_830' title='bbox 3376 5153 3576 5208; x_wconf 84' lang='lat' dir='ltr'><strong>paren-</strong></span> 
     </span>
    </p>
   </div>
   <div class='ocr_carea' id='block_1_110' title="bbox 320 5217 3575 5306">
    <p class='ocr_par' dir='ltr' id='par_1_110' title="bbox 320 5217 3575 5306">
     <span class='ocr_line' id='line_1_110' title="bbox 320 5217 3575 5306; baseline -0.001 -19"><span class='ocrx_word' id='word_1_831' title='bbox 320 5217 495 5287; x_wconf 76' lang='grc' dir='ltr'><strong>Θεοῦ;</strong></span> <span class='ocrx_word' id='word_1_832' title='bbox 1996 5243 2101 5290; x_wconf 89' lang='lat' dir='ltr'><strong>tem</strong></span> <span class='ocrx_word' id='word_1_833' title='bbox 2149 5252 2215 5291; x_wconf 91' lang='lat' dir='ltr'><strong>ac</strong></span> <span class='ocrx_word' id='word_1_834' title='bbox 2259 5236 2568 5292; x_wconf 74' lang='lat' dir='ltr'><strong>eﬂ&#39;ectorem</strong></span> <span class='ocrx_word' id='word_1_835' title='bbox 2596 5238 3053 5306; x_wconf 89' lang='lat' dir='ltr'><strong>contemplamur,</strong></span> <span class='ocrx_word' id='word_1_836' title='bbox 3101 5233 3237 5287; x_wconf 88' lang='lat' dir='ltr'><strong>nihil</strong></span> <span class='ocrx_word' id='word_1_837' title='bbox 3263 5231 3485 5302; x_wconf 90' lang='lat' dir='ltr'><strong>impium</strong></span> <span class='ocrx_word' id='word_1_838' title='bbox 3516 5238 3575 5284; x_wconf 80' lang='lat' dir='ltr'><strong>et</strong></span> 
     </span>
    </p>
   </div>
   <div class='ocr_carea' id='block_1_111' title="bbox 1992 5324 3002 5383">
    <p class='ocr_par' dir='ltr' id='par_1_111' title="bbox 1992 5324 3002 5383">
     <span class='ocr_line' id='line_1_111' title="bbox 1992 5324 3002 5383; baseline 0 -4"><span class='ocrx_word' id='word_1_839' title='bbox 1992 5324 2259 5382; x_wconf 78' lang='lat' dir='ltr'><strong>nefarium</strong></span> <span class='ocrx_word' id='word_1_840' title='bbox 2293 5329 2359 5383; x_wconf 89' lang='lat' dir='ltr'><strong>de</strong></span> <span class='ocrx_word' id='word_1_841' title='bbox 2382 5337 2534 5383; x_wconf 88' lang='lat' dir='ltr'><strong>tanto</strong></span> <span class='ocrx_word' id='word_1_842' title='bbox 2557 5329 2668 5382; x_wconf 90' lang='lat' dir='ltr'><strong>Deo</strong></span> <span class='ocrx_word' id='word_1_843' title='bbox 2693 5325 3002 5381; x_wconf 82' lang='lat' dir='ltr'><strong>allirmare?</strong></span> 
     </span>
    </p>
   </div>
   <div class='ocr_carea' id='block_1_112' title="bbox 389 5426 1363 5495">
    <p class='ocr_par' dir='ltr' id='par_1_112' title="bbox 389 5426 1363 5495">
     <span class='ocr_line' id='line_1_112' title="bbox 389 5426 1363 5495; baseline 0.004 -13"><span class='ocrx_word' id='word_1_844' title='bbox 389 5427 436 5462; x_wconf 79' lang='grc'><strong>⁸⁸</strong></span> <span class='ocrx_word' id='word_1_845' title='bbox 477 5426 616 5485; x_wconf 82' lang='lat' dir='ltr'><strong>Psal.</strong></span> <span class='ocrx_word' id='word_1_846' title='bbox 660 5446 712 5486; x_wconf 70' lang='lat' dir='ltr'><strong>It</strong></span> <span class='ocrx_word' id='word_1_847' title='bbox 767 5429 824 5486; x_wconf 87' lang='lat'><strong>7.</strong></span> <span class='ocrx_word' id='word_1_848' title='bbox 895 5430 940 5463; x_wconf 81' lang='lat'>&quot;</span> <span class='ocrx_word' id='word_1_849' title='bbox 970 5428 1161 5485; x_wconf 77' lang='lat' dir='ltr'><strong>Matth.</strong></span> <span class='ocrx_word' id='word_1_850' title='bbox 1199 5429 1363 5495; x_wconf 71' lang='lat' dir='ltr'><strong>v,18.</strong></span> 
     </span>
    </p>
   </div>
   <div class='ocr_carea' id='block_1_113' title="bbox 392 5546 1852 5683">
    <p class='ocr_par' dir='ltr' id='par_1_113' title="bbox 392 5546 1852 5683">
     <span class='ocr_line' id='line_1_113' title="bbox 392 5546 1852 5683; baseline 0.008 -85"><span class='ocrx_word' id='word_1_851' title='bbox 392 5546 505 5683; x_wconf 63' lang='grc' dir='ltr'>με)</span> <span class='ocrx_word' id='word_1_852' title='bbox 543 5548 836 5605; x_wconf 69' lang='grc' dir='ltr'>Φαίνεται.</span> <span class='ocrx_word' id='word_1_853' title='bbox 879 5548 1105 5606; x_wconf 78' lang='lat' dir='ltr'><strong>Httetius</strong></span> <span class='ocrx_word' id='word_1_854' title='bbox 1126 5551 1405 5607; x_wconf 88' lang='lat' dir='ltr'><strong>maluisset</strong></span> <span class='ocrx_word' id='word_1_855' title='bbox 1445 5550 1852 5622; x_wconf 84' lang='grc' dir='ltr'>καταφαίνεται.</span> 
     </span>
     <span class='ocr_line' id='line_1_114' title="bbox 417 5618 1852 5683; baseline 0.006 -12"><span class='ocrx_word' id='word_1_856' title='bbox 417 5618 506 5683; x_wconf 71' lang='lat' dir='ltr'><strong>t9)</strong></span> <span class='ocrx_word' id='word_1_857' title='bbox 557 5618 779 5683; x_wconf 76' lang='grc' dir='ltr'>Ἰδίωμά</span> <span class='ocrx_word' id='word_1_858' title='bbox 812 5637 884 5677; x_wconf 75' lang='grc' dir='ltr'><strong>τι.</strong></span> <span class='ocrx_word' id='word_1_859' title='bbox 922 5622 1159 5683; x_wconf 83' lang='lat' dir='ltr'><strong>Uterque</strong></span> <span class='ocrx_word' id='word_1_860' title='bbox 1184 5623 1352 5679; x_wconf 79' lang='lat' dir='ltr'><strong>codex</strong></span> <span class='ocrx_word' id='word_1_861' title='bbox 1387 5621 1714 5683; x_wconf 72' lang='lat' dir='ltr'><strong>Thoante-us.</strong></span> <span class='ocrx_word' id='word_1_862' title='bbox 1751 5624 1852 5680; x_wconf 73' lang='grc' dir='ltr'>ιδιά</span> 
     </span>
    </p>
   </div>
   <div class='ocr_carea' id='block_1_114' title="bbox 417 5618 1894 5693">
    <p class='ocr_par' dir='ltr' id='par_1_114' title="bbox 417 5618 1894 5693">
     <span class='ocr_line' id='line_1_115' title="bbox 417 5618 1894 5693; baseline 0.007 -22"><span class='ocrx_word' id='word_1_863' title='bbox 417 5618 506 5686; x_wconf 71' lang='lat' dir='ltr'><strong>t9)</strong></span> <span class='ocrx_word' id='word_1_864' title='bbox 557 5618 779 5688; x_wconf 76' lang='grc' dir='ltr'>Ἰδίωμά</span> <span class='ocrx_word' id='word_1_865' title='bbox 812 5637 884 5677; x_wconf 75' lang='grc' dir='ltr'><strong>τι.</strong></span> <span class='ocrx_word' id='word_1_866' title='bbox 922 5622 1159 5691; x_wconf 83' lang='lat' dir='ltr'><strong>Uterque</strong></span> <span class='ocrx_word' id='word_1_867' title='bbox 1184 5623 1352 5679; x_wconf 79' lang='lat' dir='ltr'><strong>codex</strong></span> <span class='ocrx_word' id='word_1_868' title='bbox 1387 5618 1714 5693; x_wconf 63' lang='lat' dir='ltr'><strong>Thoante-us,</strong></span> <span class='ocrx_word' id='word_1_869' title='bbox 1751 5624 1894 5680; x_wconf 75' lang='grc' dir='ltr'>ἰδιώ-</span> 
     </span>
    </p>
   </div>
   <div class='ocr_carea' id='block_1_115' title="bbox 322 5702 470 5757">
    <p class='ocr_par' dir='ltr' id='par_1_115' title="bbox 322 5702 470 5757">
     <span class='ocr_line' id='line_1_116' title="bbox 322 5702 470 5757; baseline 0.007 -18"><span class='ocrx_word' id='word_1_870' title='bbox 322 5702 470 5757; x_wconf 86' lang='grc' dir='ltr'>ματα</span> 
     </span>
    </p>
   </div>
   <div class='ocr_carea' id='block_1_116' title="bbox 2071 5543 3573 5626">
    <p class='ocr_par' dir='ltr' id='par_1_116' title="bbox 2071 5543 3573 5626">
     <span class='ocr_line' id='line_1_117' title="bbox 2071 5543 3573 5626; baseline -0.004 -17"><span class='ocrx_word' id='word_1_871' title='bbox 2071 5551 2182 5626; x_wconf 83' lang='grc'><strong>(50)</strong></span> <span class='ocrx_word' id='word_1_872' title='bbox 2223 5550 2747 5626; x_wconf 10' lang='grc' dir='ltr'>,Ἀποστῆναι-τοῦ</span> <span class='ocrx_word' id='word_1_873' title='bbox 2801 5552 3155 5626; x_wconf 60' lang='grc' dir='ltr'>κζζσαντος,</span> <span class='ocrx_word' id='word_1_874' title='bbox 3218 5558 3322 5605; x_wconf 91' lang='lat' dir='ltr'><strong>etc.</strong></span> <span class='ocrx_word' id='word_1_875' title='bbox 3371 5550 3419 5604; x_wconf 84' lang='lat' dir='ltr'><strong>A</strong></span> <span class='ocrx_word' id='word_1_876' title='bbox 3466 5543 3573 5615; x_wconf 67' lang='lat' dir='ltr'><strong>5a-</strong></span> 
     </span>
    </p>
   </div>
   <div class='ocr_carea' id='block_1_117' title="bbox 2009 5621 3126 5694">
    <p class='ocr_par' dir='ltr' id='par_1_117' title="bbox 2009 5621 3126 5694">
     <span class='ocr_line' id='line_1_118' title="bbox 2009 5621 3126 5694; baseline -0.004 -17"><span class='ocrx_word' id='word_1_877' title='bbox 2009 5621 2255 5694; x_wconf 81' lang='grc' dir='ltr'>μιουργῷ</span> <span class='ocrx_word' id='word_1_878' title='bbox 2275 5626 2341 5680; x_wconf 86' lang='lat' dir='ltr'><strong>ad</strong></span> <span class='ocrx_word' id='word_1_879' title='bbox 2368 5621 2569 5679; x_wconf 79' lang='lat' dir='ltr'><strong>Christi</strong></span> <span class='ocrx_word' id='word_1_880' title='bbox 2596 5621 2834 5677; x_wconf 83' lang='lat' dir='ltr'><strong>Patrem.</strong></span> <span class='ocrx_word' id='word_1_881' title='bbox 2865 5622 3126 5678; x_wconf 76' lang='lat' dir='ltr'><strong>IlUE&#39;l&#39;lUs.</strong></span> 
     </span>
    </p>
   </div>
  </div>
