4046 6152
359 248 498 314 1085
1385 262 1695 322 SELECTA
1729 267 1799 323 IN
1831 268 2174 329 PSALMOS.
2214 305 2283 315 —
2317 273 2513 335 PSAL.
2547 277 2590 335 Ι.
3471 286 3607 344 1086

350 369 576 437 librum,
625 386 786 442 quem
815 385 1013 430 vocant
1052 377 1205 444 Esra,
1235 379 1430 448 idest,
1465 402 1484 434 ι
1516 385 1764 453 Adjutor.
1816 406 1835 440 ι
1887 390 2252 448 Duodecimus
2303 393 2441 449 liher
2485 396 2857 465 Psalmorum,
2903 397 3146 456 ilehrzcis
3192 400 3400 471 Sephcr
3444 404 3603 457 tehil-

264 464 279 476 '
354 466 468 521 lim.
505 468 755 523 Decimus
789 470 981 526 tertius
1006 472 1296 530 Proverbia
1341 476 1670 547 Salomonis,
1707 482 1946 537 [lcbrmis
1995 485 2228 543 Mislolh.
2280 488 2419 554 XIV,
2456 492 2830 556 Ecclesiastes,
2876 494 3116 551 Ilehrzris
3143 497 3422 552 Coheletb.
3481 497 3599 566 XV,

348 558 636 615 Canticum
685 562 1051 632 canticorum,
1104 567 1346 625 Hebraais
1377 571 1468 626 Sir
1517 575 1793 630 hassirim.
1836 576 1973 642 XV'I,
2031 571 2222 647 Isaias,
2259 582 2500 639 llebrzeis
2530 586 2723 641 lesaia.
2749 585 2911 650 XVII,
2947 588 3199 643 Iercmias
3222 606 3342 644 cum
3368 588 3600 646 Lamen-

349 654 648 709 tationihus
670 665 724 710 et
749 659 997 727 epistola,
1026 661 1078 715 in
1117 678 1280 717 unum
1307 680 1621 737 compactns
1646 672 1918 732 volumen,
1958 675 2099 741 quod
2133 675 2230 743 ipsi
2282 679 2685 736 vocantlrmia.
2734 680 2915 745 XVIII,
2957 682 3164 748 Daniel,
3216 683 3454 740 Hebraeis
3496 687 3592 741 Da-

345 749 478 803 niel.
515 749 650 810 XIX.
686 753 936 809 Ezechiel
967 759 1106 826 apud
1156 758 1410 817 Hebraeos
1459 762 1728 820 Jeezcbel.
1774 764 1895 834 XX,
1941 765 2064 830 Joh,
2119 771 2307 825 eodem
2342 776 2483 844 apud
2519 774 2780 831 Hebrazos
2830 778 3049 831 nomine
3095 778 3405 846 insignitus.
3457 779 3594 851 XXI,

342 839 562 907 Esther,
628 848 901 913 quomodo
959 849 1121 902 etiam
1173 850 1382 906 Hebraei
1458 866 1674 911 vocant.
1744 857 1909 910 Extra
1972 860 2165 912 horum
2206 839 2433 918 censum
2495 874 2621 921 sunt
2683 865 2811 921 libri
2882 867 3344 937 Machabacorum,
3385 872 3478 941 qui
3515 873 3597 927 in-

346 930 686 1002 scribuntur,
717 934 915 992 Sarbct
943 937 1261 995 Sarhaneel.

871 1160 895 1185 ‘
932 1160 1224 1215 ΨΑΛΜΟΣ
1251 1163 1330 1216 A'.

2613 1171 2932 1228 PSALMUS
2970 1174 3009 1228 l.

408 1247 710 1317 Μακάριος
737 1248 893 1319 ἀνὴρ
916 1251 984 1318 ὃς
1012 1254 1124 1307 οὐκ
1143 1254 1435 1325 ἐπορεύθη
1462 1257 1748 1329 ὲνβουλῇ
1779 1260 1900 1315 ἀσε·

2094 1261 2257 1318 Vens.
2307 1263 2356 1317 i.
2399 1263 2590 1318 Beatus
2653 1266 2730 1320 vir
2791 1267 2881 1336 qui
2931 1283 3032 1320 non
3100 1267 3228 1321 abiit
3273 1268 3325 1323 in
3375 1283 3594 1326 comma

337 1338 477 1405 σῶν,
505 1357 558 1392 κ.
588 1357 638 1392 τ.
666 1341 713 1393 ὲ.
749 1342 916 1395 Ποίαν
940 1343 1052 1416 (55)
1076 1345 1242 1418 ἐχρῆν
1270 1344 1410 1401 εἶναι
1445 1349 1706 1420 Ψαλμῶν
1744 1353 1900 1424 ἀρχὴπ

2021 1354 2321 1424 impiarum,
2367 1366 2473 1414 etc.
2529 1357 2810 1423 Quodnam
2857 1358 2997 1411 aliud
3032 1359 3315 1427 oportebat
3355 1360 3595 1416 Psalmo-

335 1430 370 1499 ἢ
401 1429 499 1501 τὴν
517 1429 609 1483 τοῦ
628 1431 768 1485 κατὰ
787 1432 877 1491 τὸν
898 1435 1123 1507 Σωτῆρα
1150 1437 1438 1510 ἀνθρώπου
1455 1441 1545 1494 τὸν
1570 1444 1917 1514 μακαρισμὸν

334 1524 715 1595 περιέχουσαν,
751 1526 846 1580 καὶ
880 1529 1007 1592 τοὺς
1042 1530 1295 1595 ἐπαίνους
1325 1533 1490 1587 αὐτοῦ
1526 1535 1585 1587 ὲν
1613 1535 1789 1607 ἀποχῇ
1821 1538 1919 1607 μὲν

330 1614 442 1667 τῶν
469 1616 745 1687 χειρόνων,
797 1618 993 1691 μελέτῃ
1033 1619 1090 1673 δὲ
1115 1622 1207 1675 καὶ
1240 1622 1437 1694 πράξει
1467 1625 1575 1680 τῶν
1612 1626 1914 1697 βελτιόνων,

331 1708 426 1758 καὶ
445 1709 509 1777 τῇ
535 1706 848 1778 ἐξομοιώσει
870 1712 938 1782 τῇ
958 1710 1094 1781 πρὸς
1107 1712 1198 1765 τὸν
1214 1715 1494 1788 Μονογενῆ
1516 1735 1530 1783 ;
1559 1719 1726 1783 ὅστις,
1759 1721 1918 1789 σοφία

328 1796 427 1862 ὣν,
464 1798 617 1862 ξύλον
648 1800 747 1871 μὲν
778 1800 926 1873 ζωῆς
964 1804 1022 1857 ὲν
1056 1808 1404 1877 Παροιμίαις
1442 1810 1657 1884 εἴρηται
1686 1813 1793 1866 ὑπὸ
1822 1815 1918 1866 Σο-

328 1888 621 1960 λομῶντος,
641 1892 735 1946 νῦν
762 1894 818 1946 δὲ
848 1893 1000 1959 ξύλον
1020 1900 1426 1972 πεφυτευμένον
1444 1921 1463 1953 ι
1484 1903 1635 1974 παρά
1658 1904 1758 1969 τὰς
1780 1904 1916 1971 διεξ-

327 1979 480 2045 όδους
518 1982 625 2037 τῶν
666 1983 895 2049 ὑδάτων,
931 2006 951 2037 ι
974 1987 1143 2043 ὄντων
1163 1989 1334 2061 λόγων
1359 1991 1685 2061 διεξώικῶν,
1708 1997 1740 2069 ἢ
1765 1998 1914 2070 νόμῳ

325 2070 647 2145 διαλεκτικῷ
678 2073 980 2148 διαιρετῶν·
1010 2072 1071 2133 οὗ
1093 2079 1248 2145 ξύλου
1278 2085 1483 2155 καρποὶ
1509 2086 1607 2157 μὲν
1635 2085 1704 2140 τὰ
1741 2104 1912 2159 προη-

325 2161 568 2233 γούμενα
608 2164 874 2237 δόγματα,
916 2168 1089 2239 φύλλα
1114 2170 1172 2223 δὲ
1216 2173 1272 2226 αἱ
1314 2172 1488 2239 λέξεις
1517 2175 1613 2230 καὶ
1653 2175 1723 2230 τὰ
1749 2177 1908 2250 ῥητά.

398 2429 511 2488 Τοῦ
541 2435 747 2491 αὑτοῦ.
778 2437 950 2512 Βουλὴ
981 2442 1195 2497 ἀσεὸῶν
1225 2445 1342 2499 ἐστι
1368 2444 1626 2519 λογισμὸς
1655 2450 1907 2525 ἐμπαθὴς

322 2524 601 2596 αἰσθητοῖς
632 2527 924 2599 πράγμασι
951 2532 1044 2586 τὸν
1076 2532 1201 2589 νοῦν
1235 2536 1608 2609 προσδεσμῶν.
1637 2542 1752 2595 Οὐκ
1782 2524 1904 2597 εἶπε

322 2617 399 2680 δὲ,
430 2637 448 2669 ι
479 2618 784 2690 ἄνθρωπος,
816 2641 835 2674 ι
858 2623 971 2678 ἀλλ’
1003 2644 1021 2676 ι
1056 2626 1218 2701 ἀνὴρ,
1247 2646 1264 2678 ι
1296 2629 1378 2681 ὅτι
1411 2630 1548 2700 πρὸς
1571 2632 1788 2700 ἀγῶνας
1811 2636 1904 2688 καὶ

322 2709 499 2774 πάλας
524 2712 615 2765 καὶ
646 2713 824 2785 μάχας
848 2715 948 2778 τὰς
985 2716 1126 2789 ὑπὲρ
1147 2691 1354 2790 ’ἀρετῆς
1384 2691 1555 2774 καλεί·
1598 2691 1691 2777 καὶ
1725 2691 1906 2795 βούλε-
1936 2691 1978 2745 Β

320 2818 410 2855 ται
437 2804 534 2856 καὶ
559 2805 657 2869 τὰς
675 2810 936 2875 γυναῖκας
967 2809 1317 2880 ἁρῤενώπους
1341 2815 1433 2866 καὶ
1463 2815 1713 2886 ἀνδρείας
1741 2815 1899 2875 εἶναι.

320 2893 672 2967 Μακαριότης
718 2897 795 2964 δὲ,
820 2897 997 2969 ψυχῆς
1044 2899 1281 2954 ἀπάθεια
1332 2903 1473 2974 μετά
1512 2903 1766 2974 γνώσεως
1794 2907 1903 2961 τῶν

320 2985 487 3040 ὄντων
513 2988 764 3060 ἀληθοῦς.
800 2990 1052 3062 Καθέδρα
1086 2992 1288 3064 λοιμῶν
1322 2996 1438 3048 ἐστι
1470 2995 1693 3068 λογικῆς
1723 2998 1904 3071 ψυχῆς

320 3076 434 3143 ἕξις
466 3080 733 3153 χειρίστη,
765 3082 973 3154 καθ’ἥν
1007 3084 1101 3137 καὶ
1143 3086 1271 3149 τοὺς
1294 3086 1486 3151 ἄλλους
1516 3087 1774 3143 διδάσκει·
1807 3093 1902 3146 καὶ

319 3172 553 3241 νομικοὶ,
586 3174 634 3226 οἳ
665 3175 757 3229 καὶ
803 3173 1049 3247 κληθεῖεν
1076 3174 1142 3230 ἂν
1176 3177 1392 3243 ἀσεϐεῖς
1425 3180 1520 3233 καὶ
1560 3180 1758 3253 λοιμοὶ,
1806 3187 1900 3240 καὶ

325 3262 663 3336 ἁμαρτωλοί.
747 3326 751 3330 _

390 3445 500 3499 Kal
534 3445 604 3499 ἐν
624 3444 740 3512 ὀδῷ
762 3447 1125 3516 ἁμαρτωλῶν
1149 3450 1261 3503 οὐκ
1287 3452 1458 3521 ἔστη,
1488 3455 1585 3508 καὶ
1607 3454 1705 3509 ἐπὶ
1726 3457 1899 3511 καθέ-

314 3536 428 3607 δρᾳ
469 3537 694 3606 λοιμῶν
726 3541 834 3594 οὐκ
881 3540 1181 3607 ἐκάθισεν,
1227 3561 1281 3596 κ.
1330 3563 1380 3598 τ.
1419 3548 1464 3599 ἐ.
1504 3548 1544 3598 Γ
1546 3548 1740 3613 ενικῶς
1771 3551 1899 3621 τρία

314 3629 462 3681 ἐστίν
522 3628 652 3700 (56)·
702 3631 821 3701 ἦτοι
862 3630 970 3704 γὰρ
1002 3634 1101 3704 τὴν
1144 3636 1319 3707 ἀρχὴν
1351 3637 1472 3690 οὐδὲ
1501 3639 1896 3711 ἐπαγγέλλεταί

312 3736 398 3782 τις
429 3719 703 3791 ἀλήθειαν,
743 3721 856 3775 ἀλλ’
892 3724 967 3787 ὼς
997 3723 1206 3795 ἔτυχεν,
1234 3728 1423 3782 ἑαυτὸν
1443 3731 1632 3796 ἐκδοὺς
1651 3737 1768 3799 τοῖς
1793 3738 1897 3807 μα-

312 3811 486 3875 ταίοις
517 3813 611 3865 καὶ
643 3813 1013 3880 ἀνεξετάστως
1043 3818 1218 3892 πάντη
1242 3819 1605 3895 διαλογισμοῖς
1626 3825 1727 3896 τῆς
1761 3845 1897 3900 καρ-

312 3901 433 3965 δίας
476 3902 662 3991 αὑτοῦ,
687 3905 844 3977 δίκην
881 3906 1076 3977 ἀλόγου
1126 3910 1470 3985 βοσκήματος
1519 3916 1762 3987 φέρεται,
1794 3921 1892 3991 οὐχ

312 3990 576 4094 ὲσῖηκὼς,
610 3992 716 4046 οὐδ’
765 3995 1175 4069 ὲπερειδόμενός
1216 4018 1342 4066 τινι,
1376 4004 1470 4057 καὶ
1509 4004 1598 4058 διὰ
1646 4005 1803 4060 τοῦτο
1828 3990 1891 4062 ού
1917 4031 1963 4094 C

310 4081 681 4155 καθιξόμενος,
698 4087 846 4152 ὅστις
861 4090 1184 4161 πορεύεσθαι
1200 4093 1415 4164 λέγεται
1437 4097 1494 4151 ὲν
1514 4102 1578 4170 τῇ
1609 4098 1766 4172 βουλῇ
1782 4103 1890 4156 τῶν

309 4174 540 4231 ἀσεϐῶν.
581 4178 667 4230 Ἐν
702 4176 784 4242 οἷς
807 4179 1150 4250 βουλεύονται
1180 4187 1229 4238 oi
1262 4187 1498 4255 ἀσεϐεῖς,
1530 4199 1592 4244 οὐ
1628 4191 1765 4262 μετά
1807 4192 1892 4246 δο-

310 4265 514 4339 κούσης
564 4269 810 4340 σκέψεως
860 4275 1271 4347 προσέρχονται,
1319 4281 1418 4333 ὅσα
1458 4281 1736 4352 νομίζεται
1778 4287 1889 4350 τοῖς

307 4357 652 4423 ἀπαιδεύτοις
682 4361 840 4429 καλὰ,
873 4363 1215 4436 θηρεύοντες.
1253 4371 1324 4423 ’Ἡ
1370 4372 1427 4424 ὲν
1451 4375 1517 4443 τῇ
1549 4373 1776 4448 ἀληθείᾳ
1804 4376 1890 4430 δο-

307 4451 419 4506 κῶν
448 4455 688 4519 ἑστάναι,
730 4459 792 4511 οὐ
844 4460 984 4514 κατά
1011 4461 1109 4533 τὴν
1138 4462 1310 4535 ἀληθῆ
1343 4464 1689 4522 διδασκαλίαν
1716 4469 1884 4539 βιοὺς,

304 4543 624 4614 ἁμαρτωλὸς
678 4546 814 4616 μετά
859 4549 1198 4621 ἁμαρτωλῶν
1232 4554 1399 4617 ἐστιν,
1433 4553 1614 4627 ζητῶν
1640 4558 1750 4613 τῶν
1795 4578 1885 4614 νο·-

311 4631 617 4704 μιζομένων
658 4637 714 4689 ὲν
744 4637 970 4712 ἀληθείᾳ
1006 4638 1145 4695 εἶναι
1189 4645 1317 4708 τοὺς
1347 4646 1613 4718 χείρονας,
1656 4651 1750 4704 καὶ
1800 4652 1885 4707 διὰ

305 4724 466 4781 τοῦτο
487 4728 543 4779 ἐν
576 4727 681 4799 ὁδῷ
717 4730 895 4784 αὐτῶν
925 4735 1187 4804 ἑστηκώς.
1215 4739 1283 4791 Ἢ
1320 4738 1461 4792 κατὰ
1484 4737 1545 4793 τὸ
1569 4743 1748 4812 τρίτον
1776 4744 1882 4798 τῶν

304 4818 363 4871 ὲν
392 4818 459 4888 τῇ
496 4821 831 4893 προκειμένῃ
859 4822 1001 4887 λέξει
1026 4826 1126 4897 τῆς
1152 4828 1394 4901 Γραφῆς,
1433 4832 1492 4885 ὲν
1520 4832 1738 4902 ψευδέσι
1772 4837 1881 4890 τισὶ

300 4908 532 4980 δόγμασι
586 4911 758 4965 ταῦτα
812 4914 1209 4987 ὑπολαμϐάνων
1256 4918 1393 4976 εἶναι
1439 4924 1667 4998 τάληθῆ,
1714 4929 1880 5000 φησὶν

303 5001 741 5067 ἀναπεπαῦσθαι,
763 5006 856 5059 καὶ
875 5007 1058 5062 οὐκέτι
1077 5010 1297 5082 χρῄζειν
1318 5014 1588 5088 πορείαςῆ
1615 5019 1874 5087 στάσεως,

305 5084 489 5164 σχῆμά
514 5111 568 5146 τι
599 5097 960 5171 περιεχούσης
1000 5101 1094 5154 τοῦ
1130 5084 1485 5176 μηδεπώποτε
1534 5084 1879 5184 πεπληροφῷ

307 5183 541 5255 ρημένου
595 5189 722 5259 περὶ
756 5189 864 5243 τῶν
902 5191 1268 5264 Γραμμάτων.
1321 5198 1431 5252 Καὶ
1465 5193 1618 5265 οὗτος
1670 5183 1875 5256 ἐπανα-

302 5274 605 5345 παυόμενος
636 5281 702 5349 τῇ
736 5279 974 5353 καθέδρα
1002 5281 1111 5337 τῶν
1139 5282 1546 5358 λυμαινομένων
1564 5289 1870 5353 καθέζεται.

377 5372 393 5401 ¹
421 5370 583 5426 Prov.
611 5390 694 5440 III,
728 5375 821 5430 I8.

2021 1464 2137 1501 rum
2163 1464 2283 1502 esse
2320 1449 2555 1511 initium,
2603 1464 2766 1517 quam
2818 1450 2948 1503 illud
2980 1466 3091 1520 quo
3116 1455 3161 1506 is
3188 1454 3280 1522 qui
3314 1454 3365 1508 in
3399 1453 3591 1509 Salva-

2021 1549 2135 1593 tore
2168 1549 2286 1592 erat
2330 1538 2512 1604 homo,
2549 1541 2743 1594 beatus
2774 1541 2933 1595 simul
2976 1543 3298 1611 praedicatur
3330 1552 3384 1599 et
3408 1544 3595 1599 lauda-

2021 1637 2125 1696 tur,
2171 1629 2313 1699 quod
2357 1644 2386 1682 a
2437 1629 2594 1684 malis
2639 1631 3006 1711 abstinuerit,
3059 1648 3369 1703 magnoque
3422 1636 3591 1691 animi

2017 1718 2198 1774 studio
2226 1720 2396 1790 egerit
2445 1721 2669 1776 meliora
2693 1762 2707 1787 ,
2750 1733 2806 1777 et
2852 1723 3048 1778 similis
3084 1722 3258 1779 factus
3289 1725 3360 1780 sit
3387 1724 3591 1797 linige-

2017 1810 2152 1874 nito,
2183 1810 2272 1877 qui
2312 1811 2575 1879 sapientia
2612 1827 2733 1866 cum
2762 1814 2854 1875 sit.
2902 1813 3104 1884 lignum
3135 1816 3352 1884 quidem
3384 1818 3507 1871 vitae
3533 1818 3586 1870 in

2018 1897 2322 1953 Proverbiis
2346 1896 2524 1953 dictus
2539 1908 2620 1954 est
2638 1900 2996 1971 Salomonis‘,
3017 1919 3157 1959 nunc
3178 1913 3355 1958 autem
3382 1905 3585 1973 lignum

2014 1990 2307 2061 plantatum
2340 2009 2358 2042 ι
2389 2007 2546 2047 secus
2567 1993 2827 2048 decursus
2858 2010 3154 2063 aquarum,
3216 2013 3235 2047 ι
3279 1997 3585 2052 orationum

2014 2096 2206 2151 nempe
2251 2084 2446 2152 quibus
2497 2083 2700 2154 aliquid
2758 2086 3116 2155 percurritur,
3189 2104 3420 2158 quaeque
3468 2089 3588 2160 lege

2013 2176 2294 2232 dialectica
2350 2177 2722 2233 dividuntur:
2772 2179 2926 2246 cujus
2983 2180 3112 2250 ligni
3164 2179 3327 2252 530
3379 2181 3588 2238 fructus

2010 2278 2136 2324 sunt
2168 2269 2440 2340 praecipua
2464 2271 2754 2339 dogmata;
2800 2269 2924 2325 folia
2970 2280 3192 2336 autem,
3237 2271 3503 2327 dictiones
3531 2282 3586 2327 et

2011 2360 2196 2416 verba.

2083 2449 2360 2515 Ejusdem.
2419 2450 2717 2506 Consilium
2760 2452 3050 2519 impiorum
3105 2459 3192 2506 est
3242 2452 3584 2507 ratiocinatio

2011 2541 2153 2597 male
2195 2540 2424 2607 aIIecta,
2456 2557 2577 2612 quae
2616 2543 2965 2598 sensibilibus
3013 2543 3173 2598 rebus
3213 2553 3448 2599 mentem
3482 2545 3583 2599 illi-

2009 2643 2118 2703 gat.
2150 2634 2270 2687 Non
2308 2634 2444 2688 dixit
2469 2645 2672 2696 autem,
2706 2652 2726 2686 ι
2759 2637 2947 2690 beatus
2969 2636 3148 2697 homo,
3180 2655 3199 2688 ι
3231 2636 3347 2700 sed,
3405 2656 3424 2688 ι
3449 2635 3579 2692 bea-

2010 2733 2093 2777 tus
2146 2724 2293 2787 vir,»
2359 2726 2613 2793 quoniam
2668 2728 2734 2779 ad
2788 2728 3010 2795 prmlia,
3077 2729 3480 2785 decertationes
3527 2737 3580 2784 et

2005 2831 2210 2885 pugnas
2238 2832 2333 2884 pro
2381 2817 2584 2871 virtute
2621 2817 3001 2885 suscipiendas
3038 2819 3311 2885 hortatur,
3359 2819 3579 2890 vultque

2007 2906 2268 2962 mulieres
2292 2919 2346 2961 et
2376 2924 2554 2963 mares
2585 2925 2707 2965 esse
2732 2919 2786 2964 et
2817 2910 3026 2965 viriles.
3075 2911 3171 2965 Est
3202 2922 3379 2965 autem
3408 2913 3580 2966 beati-

2005 2997 2134 3049 tudo
2164 2999 2382 3066 apathia
2431 3000 2676 3068 quaedam
2709 3017 2833 3055 cum
2863 3016 2990 3055 vera
3035 3016 3214 3054 rerum
3241 3002 3576 3071 cognitione.

2002 3086 2269 3142 Cathedra
2324 3090 2646 3157 pestilentiae
2695 3092 2964 3160 pessimus
3019 3092 3237 3161 quidam
3296 3094 3575 3149 rationalis

2002 3180 2197 3234 anima:
2228 3180 2445 3235 habitus
2493 3189 2576 3236 est
2626 3196 2732 3251 quo
2792 3182 2932 3238 alios
2966 3183 3142 3238 docet.
3205 3182 3307 3251 Qui
3364 3194 3489 3240 sunt
3541 3199 3572 3240 3

2001 3270 2138 3340 lege,
2175 3286 2269 3326 eos
2316 3271 2454 3327 forte
2495 3288 2690 3329 vocare
2740 3276 2948 3344 poteris
3010 3275 3240 3346 impios,
3289 3287 3468 3347 pestes
3518 3286 3575 3333 et

1999 3372 2221 3431 peccato
2232 3379 2339 3419 res.

2069 3454 2135 3507 Et
2173 3456 2229 3509 in
2268 3457 2350 3511 via
2389 3467 2720 3525 peccaturum
2763 3475 2866 3512 non
2909 3459 3084 3527 stetit,
3136 3470 3187 3515 et
3223 3463 3279 3517 in
3318 3462 3572 3516 cathedra

1996 3546 2310 3614 pestilentiw
2349 3563 2452 3599 non
2478 3546 2632 3612 sedit,-
2658 3557 2766 3602 etc.
2795 3546 3113 3603 Generatim
3148 3550 3248 3603 tria
3277 3559 3404 3605 sunt
3436 3568 3450 3605 :
3487 3552 3567 3606 vel

1996 3638 2138 3691 enim
2166 3638 2387 3692 omnino
2419 3654 2527 3697 non
2555 3638 2838 3708 proﬁtetur
2858 3640 2979 3708 quis
3016 3641 3325 3708 veritatem,
3358 3643 3473 3710 sed,
3512 3653 3571 3696 ut

1994 3727 2108 3784 fors
2139 3729 2280 3794 tulit,
2319 3729 2554 3799 seipsum
2587 3731 2740 3783 vanis
2786 3741 2838 3784 et
2872 3730 3228 3800 inexploratis
3269 3733 3451 3788 cordis
3483 3735 3566 3789 sui

1995 3821 2414 3892 cogitationibus
2444 3820 2688 3887 tradens,
2717 3822 2887 3876 instar
2916 3823 3090 3877 bruta:
3121 3824 3338 3893 pecudis
3372 3825 3566 3893 fertur,

1994 3929 2099 3967 non
2123 3922 2272 3968 stans
2299 3929 2472 3982 neque
2512 3930 2570 3969 re
2612 3915 2864 3984 quapiam
2897 3914 3111 3969 innixus
3137 3954 3152 3979 ,
3189 3927 3243 3971 et
3281 3927 3566 3987 propterea

1996 4023 2101 4060 non
2132 4007 2326 4061 sedens
2351 4007 2474 4076 :qui
2505 4008 2722 4076 quidem
2761 4008 2811 4061 in
2842 4008 3073 4063 consilio
3104 4008 3387 4079 impiorum
3412 4013 3568 4068 abire

1993 4095 2208 4151 dicitur.
2274 4097 2444 4152 Porro
2490 4099 2636 4168 impii
2683 4100 2748 4154 ad
2792 4099 3078 4156 consilium
3131 4118 3198 4157 ne
3234 4105 3286 4158 in
3324 4106 3560 4174 speciem

1991 4190 2208 4260 quidem
2232 4191 2575 4246 considerate
2597 4196 2879 4260 accedunt,
2923 4197 3018 4250 sed
3039 4206 3371 4267 quascunque
3396 4199 3564 4266 impe-

1992 4282 2080 4335 riti
2110 4282 2245 4336 bona
2272 4283 2608 4347 existimant,
2644 4300 2703 4339 ea
2739 4296 3041 4342 sectantur.
3079 4290 3169 4345 Vel
3199 4292 3291 4361 qui
3329 4292 3381 4346 in
3409 4293 3560 4346 veri-

1992 4384 2102 4429 tate
2154 4374 2367 4428 videtur
2397 4384 2584 4445 .stare,
2634 4391 2737 4430 non
2788 4388 2970 4433 autem
3038 4383 3331 4436 secundum
3377 4398 3559 4439 veram

1989 4466 2290 4521 doctrinam
2315 4465 2469 4533 vivit,
2503 4465 2550 4520 is
2581 4475 2837 4535 peccator
2876 4484 3000 4525 cum
3042 4475 3414 4539 peccatoribus
3453 4485 3558 4542 est,

1986 4573 2176 4614 eorum
2229 4557 2323 4626 qui
2376 4557 2431 4612 in
2481 4559 2711 4613 veritate
2754 4573 2877 4615 esse
2915 4572 3202 4631 putantur,
3259 4565 3558 4626 deteriores

1985 4664 2253 4718 quaerens,
2305 4656 2360 4704 et
2406 4658 2691 4720 propterea
2748 4651 2801 4705 in
2854 4652 2941 4707 via
2992 4669 3181 4709 eorum
3234 4667 3404 4713 stans.
3461 4660 3554 4716 Vel

1977 4739 2134 4810 juxta
2162 4742 2377 4796 tertium
2405 4757 2573 4812 genus
2599 4757 2783 4798 eorum
2817 4744 2908 4813 qui
2944 4747 3236 4815 propositis
3259 4747 3555 4820 Scriptura:

1986 4831 2164 4886 verbis
2197 4844 2718 4899 commemorantur,
2748 4834 2839 4903 qui
2864 4832 2998 4889 falsa
3029 4838 3275 4906 quaedam
3300 4841 3551 4911 dogmata

1980 4939 2108 4979 vera
2152 4940 2274 4979 esse
2308 4933 2491 4994 putat,
2537 4925 2586 4986 is
2618 4926 2671 4980 in
2718 4926 2825 4981 illis
2850 4927 2929 4980 ait
2956 4943 3017 4983 se
3043 4929 3418 5000 requiescere,
3453 4951 3551 4990 nec

1980 5018 2082 5073 sibi
2112 5018 2341 5089 amplius
2364 5035 2497 5090 opus
2529 5034 2650 5076 esse
2675 5031 2732 5075 ut
2755 5023 2998 5078 ambulet
3022 5034 3115 5078 aut
3145 5034 3275 5094 stet,
3301 5028 3370 5083 ad
3407 5029 3552 5087 illius

1980 5109 2092 5164 fere
2146 5110 2320 5165 instar
2370 5126 2529 5181 quem
2578 5128 2857 5167 sacrarum
2889 5113 3221 5172 Litterarum
3272 5133 3548 5189 nunquam

1976 5203 2197 5258 satietas
2223 5200 2384 5271 cepit.
2415 5196 2512 5254 Hic
2540 5198 2892 5270 requiescens
2914 5204 2966 5257 in
2989 5210 3246 5264 cathedra
3280 5212 3547 5280 pestilen—

1977 5297 2113 5351 tium
2156 5297 2329 5351 sedet.
2373 5296 2445 5349 De
2487 5292 2686 5363 quibus
2740 5307 2918 5354 autem
2946 5316 3072 5368 vox,
3118 5304 3540 5376 «pestilentia,»

374 5461 491 5564 (53)
527 5464 682 5521 Prius
707 5466 1320 5564 iragrnenlt‘umdexhihet
1349 5470 1517 5564 codex
1545 5475 1877 5564 Anglicanus

2055 5482 2167 5554 (56)
2201 5484 2464 5564 resumit;
2510 5489 2644 5564 τρία
2682 5489 2871 5564 ἑοςτίν,
2901 5500 3003 5564 etc.
3043 5492 3257 5564 Origeni
3288 5497 3399 5552 haec
3443 5500 3542 5553 tri-

354 5553 383 5579 ιι

303 5531 418 5585 line
465 5534 498 5587 4
528 5576 541 5595 ,
582 5531 889 5608 partimque
946 5536 1278 5605 Corderius;
1315 5540 1546 5597 alterum
1605 5531 1782 5613 prodit
1845 5531 1876 5603 ε

301 5603 755 5725 Εἲῧὲὶρὶϐιιεὺίἰ,
801 5620 853 5663 et
879 5609 1070 5669 Latine
1092 5620 1275 5665 exstat
1304 5611 1358 5667 in
1390 5611 1589 5669 Catena
1634 5616 1876 5674 Daniclis

351 5688 555 5733 aruart.

582 5552 646 5621 pa
658 5539 900 5634 [ιίμιῳιεῐ
946 5536 1278 5634 ςρνόεήιιε
1305 5540 1546 5634 alterum
1605 5536 1782 5634 piodit
1809 5565 1877 5634 ne
1913 5536 1951 5552 ν
1982 5536 2228 5634 bunnt'u:
2250 5536 2303 5609 in
2327 5536 2872 5634 ﬁco—dicewihrocciano
2898 5536 3022 5634 235,

1984 5635 2073 5678 tur
2114 5625 2166 5679 in
2191 5625 2391 5681 Catena
2436 5626 2688 5682 Barbari.
