4046 6152
528 254 554 309 ί
564 252 667 306 087

1923 250 2013 305 EX
2054 248 2354 305 ORIGENE

3621 246 3750 301 1088

521 365 863 435 praedicatur,
897 362 963 416 iis
982 376 1088 415 non
1124 363 1242 417 sine
1268 362 1495 417 consilio
1526 362 1718 425 altera,
1756 381 1777 415 ι
1807 364 2067 429 derisor,»

2183 364 2310 418 Καθ’
2333 356 2406 415 ὧν
2428 362 2485 416 δὲ
2516 364 2549 432 ἡ
2573 379 2592 412 ι
2623 361 2811 432 λοιμὸς
2836 381 2854 413 ι
2886 361 3244 433 προσηγορία,
3270 360 3412 414 κατὰ
3433 360 3643 414 τούτων
3664 365 3750 416 καὶ

521 457 590 512 ab
622 455 743 509 aliis
770 453 1153 522 interpretibus
1199 455 1474 509 tribuitur.
1532 453 1789 524 Reliquos
1826 458 2000 519 enim,
2026 466 2083 510 et

522 545 755 599 maxime
784 558 877 597 eos
915 543 1004 611 qui
1050 544 1345 597 secundum
1384 558 1573 597 sanam
1615 544 1916 598 doctrinam
1956 560 2081 600 cre-

520 638 675 696 dunt,
718 636 963 689 derident
1008 635 1040 688 ii
1083 637 1172 703 qui
1216 637 1268 689 in
1309 636 1501 705 seipsis
1530 638 1801 706 sapientes
1829 646 1984 704 sunt,
2028 646 2086 693 et

519 736 699 776 coram
730 736 788 775 se
814 723 1122 790 prudentes.

591 810 757 864 Vens.
799 808 852 863 2.
897 808 1003 863 Sed
1042 811 1096 863 in
1125 811 1234 880 lege
1263 809 1477 865 Domini
1507 812 1746 866 voluntas
1781 811 1925 882 ejus,
1953 824 2001 868 et
2029 814 2084 868 in

520 903 628 972 lege
652 903 767 970 ejus
802 903 1148 956 meditabitur
1193 905 1277 957 die
1332 921 1395 957 ac
1430 914 1607 969 nocte,
1650 915 1754 959 etc.
1794 904 2085 959 Meditatur

520 994 691 1065 lcgem
724 994 933 1049 Domini
971 996 1057 1049 die
1093 1011 1157 1050 ac
1198 1007 1390 1062 nocte,
1440 1012 1545 1050 non
1590 997 1681 1066 qui
1740 999 1903 1050 verba
1951 997 2084 1067 legis

520 1087 637 1141 sine
663 1087 917 1156 operibus
949 1102 1060 1140 sua:
1090 1089 1363 1141 memoria:
1397 1088 1640 1151 mandat;
1681 1088 1773 1143 sed
1798 1088 1888 1157 qui
1923 1089 2086 1142 medi-

523 1177 687 1235 tando
718 1178 964 1247 pervenit
992 1178 1059 1231 ad
1103 1193 1266 1247 opera
1302 1180 1434 1248 ipsis
1472 1188 1840 1234 consentanea
1867 1218 1881 1243 ,
1911 1180 2082 1235 donec

522 1286 619 1341 per
665 1272 936 1326 assiduam
994 1288 1217 1341 operum
1264 1287 1384 1342 quae
1421 1272 1504 1326 lex
1537 1272 1801 1341 praecipit,
1856 1273 2083 1327 medita-

521 1364 726 1420 tionem
756 1374 1035 1433 promptus
1065 1364 1328 1419 elliciatur
1347 1365 1411 1419 ad
1430 1365 1726 1431 praestanda
1757 1367 1939 1420 omnia
1966 1380 2084 1435 quae

520 1460 814 1514 Secundum
858 1457 1029 1527 legem
1076 1459 1317 1528 perfecte
1348 1458 1548 1511 viventi
1594 1458 1939 1513 incumbunt.
1993 1457 2084 1514 Sic

521 1549 664 1604 enim
700 1549 812 1602 lleri
855 1550 1070 1617 poterit,
1114 1559 1170 1602 ut
1197 1550 1319 1618 quis
1365 1557 1470 1603 tota
1522 1549 1609 1603 die
1665 1566 1729 1605 ac
1782 1561 1941 1605 nocte
1989 1549 2082 1605 Dei

522 1639 695 1710 legem
743 1642 1048 1695 meditetur.
1102 1642 1226 1696 Sive
1277 1642 1421 1695 enim
1447 1643 1715 1706 comedat,
1760 1641 1875 1697 sive
1908 1643 2079 1707 bibat,

523 1732 636 1787 sive
662 1731 803 1785 aliud
825 1733 951 1801 quid
977 1730 1159 1794 faciat,
1186 1733 1338 1800 juxta
1365 1733 1506 1802 quod
1534 1733 1735 1786 dictum
1754 1742 1836 1787 est
1855 1748 1883 1786 a
1903 1735 2084 1788 divino

523 1821 778 1890 Apostolo
804 1824 846 1886 ’,
878 1823 922 1876 is
950 1823 1040 1893 qui
1071 1822 1336 1892 ejusmodi
1372 1834 1486 1887 est,
1526 1824 1706 1878 omnia
1744 1827 1810 1878 ad
1856 1824 2082 1893 gloriam

527 1914 617 1969 Dei
667 1913 816 1980 facit,
868 1916 939 1969 ita
996 1926 1052 1969 ut
1112 1918 1287 1971 somni
1338 1916 1501 1971 etiam
1556 1925 1799 1986 tempore
1847 1918 1937 1987 qui
1987 1934 2084 1988 pro

525 2006 683 2077 531
735 2008 1054 2063 necessitate
1098 2008 1351 2075 sumitur,
1406 2008 1632 2063 attentio
1678 2018 1733 2063 et
1781 2011 1847 2063 ad
1909 2010 2081 2078 ipsum

525 2100 811 2166 pertineat,
843 2108 898 2153 et
938 2101 1003 2152 ad
1037 2100 1353 2169 pbantasias
1380 2114 1503 2168 qua:
1531 2097 1585 2153 iu
1621 2100 1736 2170 ipso
1768 2110 2079 2155 occurrunt.

526 2188 664 2245 llinc
706 2190 937 2245 solvitur
968 2191 1095 2245 illud
1149 2190 1506 2260 apostolicum
1555 2191 1621 2245 de
1655 2207 1765 2259 quo
1814 2193 2081 2247 interdum

525 2282 818 2353 ambigitur
864 2285 885 2316 ⁸
930 2302 944 2338 :
994 2303 1012 2335 ι
1067 2284 1195 2338 Siue
1231 2283 1641 2339 intermissione
1682 2294 1855 2340 orate.
1896 2304 1916 2337 ι
1978 2286 2083 2353 Qui

524 2376 621 2429 ﬁet
652 2376 799 2429 enim
834 2385 892 2429 ut
919 2375 1222 2440 dormiens,
1260 2385 1352 2429 aut
1381 2377 1677 2430 humanum
1717 2377 1931 2445 aliquod
1967 2376 2081 2431 olli-

524 2468 666 2521 cium
698 2477 981 2536 praestans,
1006 2467 1089 2521 vel
1122 2482 1320 2535 corpus
1349 2483 1507 2522 suum
1541 2483 1737 2523 curans
1776 2471 1900 2539 quis
1920 2472 2084 2526 oret?

526 2561 596 2612 At
624 2573 754 2614 vero
803 2557 1102 2629 perfectum
1134 2559 1296 2612 etiam
1347 2559 1575 2615 dicimus
1612 2558 1850 2615 clamare
1878 2563 1944 2617 ad
1978 2561 2084 2617 Do-

527 2648 754 2712 minum,
796 2648 1082 2717 ipsumque
1126 2647 1452 2717 postulando
1495 2647 1560 2701 ad
1606 2650 1809 2717 Optima
1857 2664 2086 2720 quaeque

524 2738 870 2792 concedenda
908 2737 1158 2803 invitare,
1200 2739 1326 2791 dum
1380 2739 1561 2792 omnia
1602 2738 1736 2793 facit
1786 2742 2083 2796 secundum

523 2830 812 2893 rationem,
850 2829 922 2882 ita
953 2838 1012 2882 ut
1040 2829 1218 2884 omnis
1240 2829 1359 2897 ejus
1393 2830 1534 2885 actio
1561 2831 1632 2886 sit
1661 2833 1852 2888 oratio.
1883 2833 2083 2902 Quem-

524 2920 814 2974 admodum
848 2929 1028 2974 autem
1076 2921 1129 2973 in
1178 2921 1530 2976 meditatione
1578 2922 1714 2991 legis
1766 2939 1871 2978 non
1924 2927 2086 2982 omit-

527 3010 687 3064 tenda
723 3019 806 3065 est
838 3010 988 3065 vocis
1030 3009 1191 3064 istius
1228 3013 1559 3080 proprietas,
1612 3013 1684 3067 ita
1733 3031 1952 3085 quoque
1984 3019 2085 3072 mi-

522 3101 669 3157 nime
707 3102 1025 3173 negligenda
1052 3110 1135 3158 est
1173 3103 1477 3172 proprietas
1501 3106 1787 3174 orationis,
1810 3123 1935 3164 cum
1976 3126 2082 3166 me-

523 3194 679 3250 ditari
730 3195 800 3249 sit
844 3195 1054 3263 precari
1102 3203 1160 3248 ut
1210 3194 1414 3265 aliquid
1463 3196 1729 3254 faciamus
1779 3204 2079 3258 secundum

524 3285 696 3355 legem
735 3285 969 3340 Domini.
993 3283 1398 3341 Advertendum
1425 3303 1571 3355 vero,
1602 3307 1728 3345 num
1755 3294 1908 3362 juxta
1938 3292 2083 3363 leges

523 3391 798 3447 anagoges
830 3377 947 3431 dies
994 3375 1213 3444 quidem
1255 3379 1599 3447 tranquillus,
1646 3397 1755 3436 nox
1786 3398 1912 3438 vero
1937 3385 2083 3439 cala-

522 3471 755 3526 mitosus
787 3479 972 3525 noster
1009 3478 1184 3525 status
1219 3471 1324 3525 dici
1359 3475 1556 3540 possit,
1605 3483 1828 3543 propter
1878 3478 2083 3531 tetrici-

525 3573 709 3617 tatem.
764 3562 1081 3617 Conaudum
1140 3572 1320 3618 autem
1368 3574 1427 3618 ut
1479 3565 1532 3619 in
1577 3564 1694 3636 lege
1744 3582 2079 3636 maneam-us,

524 3666 631 3708 nou
668 3663 870 3706 tantum
920 3654 1140 3722 quando
1188 3665 1413 3711 externa
1463 3657 1620 3712 nobis
1663 3673 1765 3712 non
1810 3659 2082 3716 reluctan-

523 3752 653 3807 tur,
698 3754 888 3795 verum
936 3744 1102 3798 etiam
1150 3745 1366 3814 quando
1401 3747 1456 3801 in
1510 3748 1836 3804 tentationes
1888 3751 2084 3807 incidi-

524 3846 665 3887 mus.

589 3923 757 3981 Vnus.
788 3927 843 3982 5.
880 3925 949 3980 Et
981 3928 1077 3981 erit
1103 3938 1355 4000 tanquam
1381 3930 1581 4000 lignum
1625 3933 1764 4002 quod
1787 3932 2082 4001 plumatum

522 4025 600 4074 est
621 4032 773 4071 secus
801 4019 1053 4073 decursus
1081 4036 1361 4090 aquarum,
1383 4024 1523 4092 quod
1543 4023 1772 4091 fructum
1806 4041 1959 4078 suum
1987 4027 2085 4079 da-

522 4108 592 4162 bit
615 4108 670 4162 in
695 4116 920 4175 tempore
945 4126 1063 4175 suo,
1094 4121 1142 4164 et
1173 4111 1368 4180 folium
1400 4114 1513 4183 ejus
1534 4131 1638 4168 non
1674 4116 1885 4184 deﬂuet,
1907 4128 1955 4170 et
1973 4134 2081 4171 omo

523 4204 611 4267 uia
660 4216 976 4273 qua'cunque
1025 4203 1184 4272 faciet
1229 4209 1723 4273 praeparabantur,
1776 4217 1882 4263 etc.
1954 4209 2084 4265 Illud

520 4294 744 4362 posthac
777 4295 1170 4362 perpendamus
1204 4298 1349 4367 quod
1399 4298 1613 4367 Aquila,
1661 4318 1679 4351 ι
1716 4300 2085 4371 transplauta-

2181 455 2215 524 ἡ
2243 473 2262 504 ι
2300 451 2598 523 χλευαστὴς
2628 471 2646 503 ι
2670 452 2770 505 οὐκ
2793 453 3047 515 ἀσκόπως
3063 451 3211 523 παρὰ
3242 455 3352 516 τοίς
3373 452 3584 524 ἑτέροις
3611 455 3750 525 εἴρησ

2178 559 2288 595 ται.
2318 540 2652 604 Χλευάζουσι
2679 541 2787 612 γὰρ
2815 543 2941 605 τοὺς
2972 541 3210 605 λοιποὺς,
3241 543 3335 595 καὶ
3363 542 3598 613 μάλιστα
3628 545 3748 608 τοὺς

2181 635 2323 689 κατὰ
2364 634 2456 687 τὸν
2505 634 2631 703 ὑγιῆ
2675 633 2831 701 λόγον
2884 635 3311 697 πεπιστευκότας
3348 635 3399 686 οἱ
3431 635 3490 687 ἐν
3542 636 3749 699 ἑαυτοῖς

2182 725 2353 792 σοφοὶ,
2376 724 2470 775 καὶ
2495 721 2721 774 ἐνώπιον
2751 720 2958 773 ὲαυτῶν
2987 721 3364 790 ἐπιστήμονες.

2264 814 2414 867 Ἀλλ’
2448 812 2484 881 ἢ
2506 812 2576 864 ἐν
2606 810 2688 876 τῷ
2726 812 2887 878 νόμῳ
2920 810 3140 876 Kvplov
3176 808 3244 861 τὸ
3281 808 3511 876 θέλημα
3545 805 3747 872 αὑτοῦ,

2179 906 2276 960 καί
2295 905 2365 957 ἐν
2387 903 2465 969 τῷ
2493 903 2654 972 νόμῳ
2702 901 2888 955 αὐτοῦ
2913 899 3233 970 μελετήσει
3266 901 3488 968 ἡμέρας
3515 901 3613 953 καὶ
3644 918 3749 953 rv-

2179 998 2338 1064 κτὸς,
2361 1014 2415 1050 κ.
2442 1013 2494 1048 τ.
2518 995 2563 1048 ἑ.
2598 993 2810 1063 Μελετᾷ
2835 993 2929 1045 τὸν
2958 992 3120 1062 νόμον
3152 991 3264 1062 (57)
3290 992 3498 1063 Κυρίου
3537 992 3747 1063 ἡμέρας

2178 1089 2273 1143 καὶ
2300 1088 2511 1153 νυκτὸς,
2540 1085 2638 1156 οὐχ
2660 1087 2688 1138 ὁ
2704 1085 2804 1146 τὰς
2823 1083 2996 1147 λέξεις
3017 1082 3111 1136 τοῦ
3137 1083 3301 1156 νόμου
3318 1085 3487 1154 χωρὶς
3501 1082 3608 1136 τῶν
3632 1083 3741 1137 κατ’

2179 1101 2273 1143 και
2300 1101 2511 1153 νυκτος,
2540 1101 2638 1156 ουχ
2660 1101 2688 1138 ο
2704 1101 2804 1146 τας
2824 1101 2996 1147 Αεςεις
3017 1101 3111 1136 του
3137 1101 3301 1228 νιὲιου
3318 1101 3487 1154 χωρις
3501 1101 3608 1136 των
3632 1101 3737 1137 κατ

2179 1178 2348 1242 αὑτὰς
2372 1178 2546 1250 ἔργων
2583 1178 2663 1240 εἰς
2689 1176 2751 1229 τὸ
2783 1174 3151 1247 μνημονεῦσαι
3214 1176 3593 1247 ναλαμϐάνων,
3616 1178 3747 1231 ἀλλὰ

2180 1280 2324 1335 καὶὸ
2343 1280 2435 1333 ἐπὶ
2458 1278 2526 1331 τὰ
2552 1276 2863 1348 κατάλληλα
2895 1276 3031 1348 ἔργα
3056 1276 3347 1348 ἐρχόμενος
3374 1270 3749 1343 μεμελετηκὼς

2179 1372 2379 1436 αὐτῶν,
2405 1371 2507 1433 ἕως
2533 1370 2621 1422 διὰ
2647 1369 2748 1440 τῆς
2772 1367 3025 1438 συνεχοῦς
3051 1367 3159 1421 τῶν
3187 1366 3328 1420 κατὰ
3347 1364 3437 1418 τὸν
3466 1364 3631 1432 νόμον
3661 1361 3749 1432 ἔρα

2179 1480 2291 1532 γων
2338 1460 2566 1531 μελέτης
2602 1459 2824 1530 γένηται
2863 1457 3113 1529 εὐχερὴς,
3153 1455 3438 1516 ἀποδιδοὺς
3477 1452 3655 1505 πάντα
3687 1448 3749 1502 τὰ

2180 1551 2534 1606 ἐπιϐάλλοντα
2558 1551 2635 1622 τῷ
2676 1549 2817 1603 κατὰ
2843 1548 2935 1602 τὸν
2960 1549 3123 1619 νόμον
3149 1546 3368 1609 τελείως
3394 1543 3618 1615 βιοῦντι.
3650 1539 3750 1596 οὗ·

2179 1662 2287 1708 τως
2309 1645 2417 1716 γὰρ
2462 1644 2613 1697 ἔσται
2656 1642 2879 1696 δυνατὸν
2906 1641 2968 1695 τὸ
3003 1640 3070 1693 δι’
3091 1640 3221 1711 ὅλης
3250 1638 3352 1709 τῆς
3399 1637 3618 1708 ἡμέρας
3662 1636 3748 1689 καὶ

2183 1737 2374 1798 νυκτὸς
2407 1736 2631 1807 μελετᾷν
2649 1734 2741 1788 τὸν
2767 1734 2861 1788 τοῦ
2891 1732 3027 1787 Θεοῦ
3059 1732 3239 1803 νόμον.
3274 1732 3399 1784 Εἴτε
3424 1729 3535 1800 γὰρ
3564 1729 3746 1793 ἐσθίει,

2184 1824 2290 1878 εἴτε
2321 1825 2482 1892 πίνει,
2514 1827 2622 1878 εἴτε
2661 1828 2769 1879 πᾶν
2803 1824 2979 1879 ὁτιοῦν
3006 1823 3231 1896 πράττει
3274 1821 3414 1874 κατὰ
3444 1820 3507 1873 τὸ
3531 1820 3751 1890 λεγόμε-

2184 1934 2272 1970 νον
2314 1916 2463 1988 παρὰ
2489 1917 2567 1987 τῷ
2592 1917 2719 1988 θείῳ
2765 1916 3090 1987 Ἀποστόλῳ,
3122 1916 3295 1969 πάντα
3331 1916 3409 1977 εἰς
3435 1913 3595 1977 δόξαν
3619 1909 3749 1964 Θεοῦ

2184 2012 2327 2061 ποιεῖ
2359 2010 2387 2061 ό
2433 2008 2689 2072 τοιοῦτος’
2722 2008 2861 2062 ὥστε
2906 2010 3000 2063 καὶ
3028 2011 3086 2063 ὲν
3114 2007 3193 2078 τῷ
3219 2006 3316 2059 τοῦ
3352 2005 3523 2058 ὕπνου
3579 2003 3751 2075 καιρῷ

2184 2098 2324 2152 κατὰ
2354 2098 2414 2151 τὸ
2446 2100 2563 2153 δέον
2589 2101 2872 2171 γινομένου
2896 2101 2994 2171 τῆς
3019 2098 3288 2170 προσοχῆς
3308 2097 3403 2150 καὶ
3434 2096 3531 2149 ὲπὶ
3566 2094 3750 2147 τοῦτον

2185 2190 2510 2261 φθανούσης,
2540 2193 2634 2244 καὶ
2666 2192 2756 2244 ἐπὶ
2781 2191 2879 2255 τὰς
2908 2191 3207 2260 φαντασίας
3243 2189 3342 2253 τὰς
3368 2190 3428 2240 ὲν
3458 2186 3627 2257 αὐτῷ.
3658 2185 3751 2239 Διά

2182 2281 2370 2335 τούτου
2395 2282 2579 2336 λύεται
2610 2283 2707 2336 καὶ
2726 2284 2795 2336 τὰ
2811 2282 2961 2355 παρὰ
2979 2282 3057 2353 τῷ
3091 2280 3395 2350 Ἀποστόλῳ
3408 2278 3750 2350 ἀπορούμενα

2184 2371 2412 2442 λέγοντι·
2472 2392 2489 2425 ι
2542 2373 2921 2437 Ἀδιαλείπτως
2968 2371 3357 2445 προσεύχεσθε.
3397 2390 3415 2422 ι
3466 2370 3593 2433 Πῶς
3648 2369 3751 2439 γὰρ

2186 2463 2526 2535 κοιμώμενός
2553 2483 2636 2529 τις
2662 2466 2894 2532 εὔξεται,
2936 2467 3030 2518 καὶ
3064 2463 3319 2536 πράττων
3344 2481 3394 2517 τι
3418 2461 3528 2514 τῶν
3554 2463 3632 2524 είς
3663 2461 3755 2513 ἀν-

2186 2553 2434 2625 θρώπους
2465 2552 2831 2625 καθηκόντων,
2860 2553 2892 2625 ἢ
2924 2552 2983 2606 τὸ
3007 2549 3199 2607 ἑαυτοῦ
3230 2551 3387 2621 σῶμα
3408 2549 3753 2621 θεραπεύων;

2198 2644 2356 2698 Ἀλλὰ
2374 2646 2467 2698 καὶ
2491 2646 2583 2698 ἐπὶ
2602 2643 2789 2698 τούτου
2818 2644 3015 2715 φαμέν·
3053 2645 3135 2698 ὅτι
3165 2643 3403 2714 κέκραγε
3436 2642 3575 2712 πρὸς
3601 2641 3751 2701 Θεὸν,

2185 2737 2279 2790 καὶ
2304 2739 2447 2789 αίτεϊ
2486 2737 2646 2791 αὑτὸν
2687 2737 2757 2790 τὰ
2784 2737 3046 2791 κάλλιστα
3091 2735 3531 2808 προκαλούμενος
3560 2735 3651 2787 ἐπὶ
3691 2733 3754 2786 τὸ

2185 2831 2486 2899 παρασχεῖν
2533 2830 2562 2881 ὁ
2611 2829 2832 2892 τέλειος,
2863 2828 3039 2882 πάντα
3068 2827 3209 2882 κατὰ
3252 2827 3340 2879 τὸν
3368 2825 3524 2894 λόγον
3564 2824 3751 2887 ποιῶν,

2184 2917 2325 2972 ὥστε
2361 2920 2540 2971 πᾶσαν
2596 2918 2760 2971 αὐτοῦ
2807 2917 3005 2990 πρᾶξιν
3049 2916 3211 2988 εὐχὴν
3256 2910 3413 2969 εἶναι.
3453 2916 3661 2985 ’Ὠσπερ
3696 2913 3753 2965 δὲ

2185 3011 2280 3064 ἐπὶ
2305 3009 2399 3063 τοῦ
2433 3010 2656 3081 μελετᾷν
2692 3010 2784 3064 τὸν
2819 3011 2982 3081 νόμον
3015 3009 3114 3063 οὐκ
3146 3009 3439 3081 ἀμελητέον
3466 3006 3561 3060 τοῦ
3591 3004 3750 3060 αὑτοῦ

2180 3102 2273 3156 τοῦ
2314 3101 2498 3168 ἱδικοῦ,
2555 3102 2726 3167 οὕτως
2765 3103 2867 3155 οὑκ
2923 3101 3220 3173 ἀμελητέον
3251 3100 3416 3155 αὑτοῦ
3447 3099 3543 3153 τοῦ
3577 3099 3752 3162 ἰδικῶς

2180 3192 2453 3263 εὔχεσθαι,
2492 3194 2615 3247 ἐπεὶ
2666 3193 2893 3265 μελετᾷν
2930 3194 3046 3246 ἐστι
3084 3194 3177 3246 καὶ
3211 3191 3463 3263 εὔχεσθαι
3496 3190 3748 3263 πράττειν

2176 3282 2358 3337 ,ὁτιοῦν
2396 3282 2537 3336 κατὰ
2576 3283 2667 3336 τὸν
2694 3283 2857 3354 νόμον
2886 3283 3112 3354 Κυρίου.
3165 3283 3478 3352 Ἐπιστήσει
3518 3280 3577 3333 δέ
3604 3298 3685 3344 τις
3704 3282 3747 3332 εί

2182 3374 2324 3427 κατὰ
2354 3373 2553 3445 νόμους
2590 3374 2881 3444 ἀναγωγῆς
2918 3375 3099 3446 ἡμέρα
3135 3374 3231 3446 μὲν
3260 3372 3482 3427 δύναται
3507 3371 3749 3440 λέγεσθαι

2181 3468 2212 3536 ἡ
2242 3465 2599 3537 ἀπερίστατος
2625 3465 2779 3536 ἡμῶν
2805 3466 3154 3531 κατάστασις,
3179 3464 3275 3529 νὺξ
3299 3466 3355 3519 δὲ
3385 3467 3417 3536 ἡ
3451 3481 3753 3536 περιστατι-

2180 3555 2251 3627 κὴ
2283 3556 2368 3610 διὰ
2403 3557 2461 3617 τὸ
2490 3557 2957 3629 σκυθρωπότερον.
2984 3560 3076 3610 Δεῖ
3095 3557 3150 3610 δὲ
3184 3558 3242 3610 ἐν
3281 3556 3358 3628 τῷ
3385 3556 3534 3627 νόμῳ
3560 3557 3751 3627 πειρᾶ-

2184 3649 2305 3703 σθαι
2340 3646 2478 3704 εἶναι
2525 3653 2586 3704 οὗ
2636 3650 2794 3722 μόνον
2832 3653 2920 3705 ὅτε
2968 3651 3036 3705 τὰ
3069 3650 3264 3716 ἔξωθεν
3302 3653 3430 3723 ἡμῖν
3462 3652 3565 3703 οὑκ
3605 3651 3751 3702 ἀντι-

2183 3744 2431 3812 πράττει,
2477 3742 2609 3795 ἀλλὰ
2640 3745 2732 3796 καὶ
2756 3743 2844 3798 ὅτε
2883 3746 2995 3807 τοῖς
3039 3743 3390 3815 καλουμένοις
3434 3745 3751 3816 πειρασμοῖς

2188 3834 2607 3905 περιπίπτομεν.

2251 3946 2361 4001 Καὶ
2393 3946 2566 4001 ἔσται
2595 3947 2676 4014 ὡς
2699 3946 2763 4001 τὸ
2797 3947 2989 4014 ξύλον
3020 3948 3085 4002 τὸ
3120 3947 3570 4018 πεφυτευμένον
3596 3947 3751 4016 παρὰ

2182 4037 2289 4104 τὰς
2313 4037 2619 4106 διεξόδους
2643 4039 2761 4093 τῶν
2787 4039 3040 4104 ὑδάτων,
3066 4041 3097 4094 ὃ
3146 4041 3253 4095 τὸν
3293 4040 3529 4108 καρπὸν
3568 4039 3751 4094 αὐτοῦ

2182 4126 2355 4181 δώσει
2389 4127 2459 4181 ἐν
2488 4127 2670 4198 καιρῷ
2689 4129 2908 4184 αὐτοῦ’
2934 4131 3030 4184 καί
3068 4131 3133 4184 τὸ
3163 4132 3400 4200 φύλλον
3423 4130 3614 4185 αὐτοῦ
3645 4132 3752 4184 οὐκ

2182 4219 2656 4287 ἀπορῤυήσεται·
2693 4221 2794 4274 καὶ
2818 4221 3014 4275 πάντα
3044 4222 3160 4275 ὅσα
3188 4222 3265 4276 ἂν
3308 4221 3468 4291 ποιῇ,
3512 4239 3750 4276 κατευσ-

2183 4310 2533 4380 δωθήσεται,
2564 4330 2617 4366 κ.
2640 4329 2690 4366 τ.
2715 4313 2760 4367 ὲ.
2787 4313 2941 4367 Μετὰ
2970 4313 3143 4368 ταῦτα
3168 4312 3619 4385 παραληψὼμεθα
3645 4314 3749 4384 (58)

521 4393 656 4449 tmn,
694 4402 714 4436 ο
754 4385 908 4440 dixit.
969 4383 1120 4442 Unde
1168 4389 1311 4442 enim
1366 4389 1591 4459 lignum,
1627 4393 1692 4445 de
1740 4406 1848 4461 quo
1903 4406 2082 4448 sermo

2185 4402 2245 4455 τὸ
2287 4401 2436 4473 παρὰ
2482 4402 2576 4457 τοῦ
2623 4404 2820 4458 Ἀκύλα
2866 4404 3172 4477 λεγόμενον,
3216 4427 3233 4458 t
3253 4383 3750 4478 petattaaorsupé-

519 4486 623 4541 est,
675 4477 729 4531 in
764 4491 1026 4545 aquarum
1079 4479 1437 4537 divisionibus
1489 4484 1973 4553 trausplantalur‘l
2008 4487 2079 4540 At

519 4581 649 4621 vero
694 4577 979 4636 postquam
1031 4568 1084 4623 in
1129 4568 1290 4624 Patre
1339 4573 1448 4642 egit
1501 4575 1738 4641 radices,
1766 4576 1831 4629 ad
1862 4576 2083 4631 benefa—

518 4660 771 4714 ciendum
829 4660 1012 4715 multis
1072 4662 1532 4732 trausplantatur,
1599 4675 1659 4722 ut
1717 4667 1806 4722 alii
1869 4683 2083 4738 quoque

520 4751 667 4806 illius
703 4754 954 4825 imaginis
998 4757 1288 4827 participes
1318 4756 1472 4821 ﬁant,
1523 4759 1790 4827 imaginis,
1837 4759 2077 4830 inquam,

518 4857 644 4912 qua:
671 4843 726 4897 in
764 4844 876 4913 ipsa
909 4845 1398 4915 transplantatione
1442 4847 1706 4917 accipitur
1738 4867 1752 4901 :
1787 4864 1892 4902 non
1938 4849 2081 4918 quod

521 4950 628 4990 non
657 4934 728 4989 sit
757 4936 809 4990 in
842 4935 1004 4992 Patre
1026 4936 1093 5011 (si
1118 4938 1337 5008 quidem
1378 4947 1638 5007 perpetuo
1660 4942 1788 5008 est),
1816 4940 1910 4995 sed
1939 4942 2082 5010 quod

519 5029 659 5096 apud
704 5029 845 5084 alios
871 5045 1086 5100 quoque
1116 5032 1209 5086 sit.
1260 5031 1411 5097 Quod
1458 5032 1502 5085 si
1535 5029 1692 5083 aliter
1730 5032 2079 5102 interpretari

524 5120 781 5187 volueris,
819 5123 1024 5193 lignum
1063 5132 1144 5178 est
1172 5124 1353 5178 anima
1396 5138 1426 5177 a
1476 5121 1758 5176 Salvatore
1786 5135 2080 5194 assumpta,

521 5227 641 5278 qua:
675 5212 798 5266 hinc
827 5213 880 5266 in
905 5213 1211 5283 paradisum
1246 5213 1508 5267 translata
1539 5223 1645 5275 est,
1683 5211 1775 5264 ubi
1812 5222 1931 5282 post
1958 5229 2081 5281 pas-

521 5304 726 5358 sionem
768 5302 941 5359 fuisse
973 5312 1029 5359 et
1056 5303 1341 5375 poenitenti
1389 5303 1587 5359 latroni
1621 5313 1810 5358 narrat
1836 5304 2084 5375 Evange-

591 5420 615 5454 ²
652 5418 673 5473 l
710 5417 837 5475 Cor.
878 5434 935 5485 x,
974 5419 1062 5477 51.
1142 5424 1163 5456 ³
1195 5419 1214 5474 l
1241 5419 1430 5475 Thess.
1453 5435 1506 5488 ν,
1532 5420 1622 5476 l7.

528 5603 567 5660 Ρ
594 5533 709 5656 (5|7)
731 5535 962 5605 Μελετᾷ
986 5537 1094 5592 τὸν
1118 5538 1327 5606 νόμον,
1351 5547 1458 5593 etc.
1487 5537 1777 5594 Corderius
1817 5535 1980 5593 habet
2019 5544 2075 5591 et

553 5620 632 5657 utr
648 5621 697 5657 )a
707 5621 818 5660 rus.

553 5620 818 5661 inrnarus.

2180 4510 2290 4549 νον.
2320 4512 2339 4545 ι
2378 4492 2547 4547 Πόθεν
2599 4496 2707 4568 γὰρ
2742 4495 2805 4550 τὸ
2862 4495 3035 4563 ξύλον,
3090 4501 3218 4572 περὶ
3260 4493 3320 4553 οὗ
3376 4502 3405 4552 ό
3437 4499 3623 4569 λόγος,
3661 4516 3750 4569 με·

2180 4583 2576 4652 ταπεφύτευται
2610 4588 2703 4641 ἐπὶ
2745 4591 2866 4652 ταῖς
2907 4588 3014 4644 τῶν
3047 4590 3253 4645 ὑδάτων
3292 4592 3647 4662 διαιρέσεσιν;
3681 4592 3746 4645 Ἦ

2180 4675 2287 4748 γὰρ
2318 4675 2615 4747 ἐρῥιζωκδς
2647 4680 2705 4732 ἐν
2736 4679 2813 4751 τῷ
2847 4683 3042 4753 Πατρὶ,
3078 4684 3164 4737 ἐπ’
3211 4685 3498 4757 εὐεργεσίᾳ
3547 4683 3749 4740 πολλῶν

2191 4768 2678 4836 μεταπεφύτευται,
2724 4772 2804 4836 είς
2845 4771 2907 4825 τὸ
2938 4773 3029 4827 καὶ
3074 4773 3265 4841 ἄλλους
3301 4775 3623 4846 μεταλαϐεῖν
3657 4776 3721 4830 αὑ

2187 4856 2281 4909 τοῦ
2332 4857 2432 4928 τῆς
2489 4861 2725 4926 εἰκόνος,
2784 4863 2883 4933 τῆς
2935 4865 3078 4919 κατὰ
3132 4866 3193 4918 τὸ
3251 4866 3748 4938 μεταπεφυτεῦσθαι

2189 4948 2638 5023 λαμϐανομένης·
2683 4954 2784 5025 οὐχ
2842 4956 2923 5009 ὅτι
2980 4959 3080 5011 οὐκ
3138 4957 3285 5012 ἔστιν
3341 4961 3398 5012 ὲν
3446 4959 3526 5031 τῷ
3581 4959 3749 5031 Hart).

2190 5038 2324 5110 (ἐστι
2351 5040 2500 5113 γὰρ),
2550 5043 2663 5096 ἀλλ’
2690 5045 2772 5099 ὅτι
2821 5048 2914 5101 καὶ
2946 5049 3076 5120 παρ’
3120 5034 3329 5118 ἑτέροις
3359 5050 3681 5122 γεγένηται·
3715 5049 3748 5116 ἢ

2191 5132 2310 5185 καθ’
2339 5133 2533 5204 ἑτέραν
2566 5136 2820 5209 ἐπιϐολὴν
2853 5140 2887 5209 ἡ
2927 5139 3071 5211 ψυχή
3104 5142 3220 5194 ἐστι
3252 5140 3347 5194 τοῦ
3383 5142 3653 5213 Σωτῆρος,
3686 5140 3751 5213 ἦν

2187 5219 2396 5287 ἐλαϐεν,
2443 5223 2690 5278 ἐντεῦθεν
2738 5229 3253 5301 μεταπεφυτευμένη
3305 5230 3397 5282 ἐπὶ
3436 5231 3528 5284 τὸν
3575 5230 3751 5302 παρά·

2187 5311 2380 5378 δεισον,
2401 5316 2535 5370 ὅπου
2562 5317 2655 5372 καὶ
2682 5318 2743 5371 τὸ
2772 5317 3103 5388 Εὑαγγέλιόν
3135 5337 3299 5392 φησιν
3325 5321 3486 5376 αὐτὸν
3519 5321 3657 5393 μιτὰ
3687 5321 3747 5375 τὸ

2183 5539 2301 5594 bazc
2354 5546 2567 5594 exstant
2614 5537 2667 5591 in
2716 5537 2905 5591 codice
2952 5537 3299 5600 Barocciano,
3325 5549 3379 5594 et
3437 5538 3489 5595 in
3540 5540 3747 5595 schedis

2190 5624 2320 5663 mss.
2344 5606 2680 5671 Cotubellsii,
2727 5602 2916 5657 Latine
2937 5612 3117 5659 autem
3141 5606 3194 5660 in
3232 5610 3427 5663 Catena
3496 5610 3738 5667 Barbari.

596 5675 706 5747 (58)
735 5674 893 5731 Μετὰ
947 5675 1134 5735 ταῦτα
1184 5677 1685 5751 summu-apem,
1738 5687 1843 5736 etc.
1902 5675 2082 5736 Graece

2195 5678 2255 5732 lu
2277 5678 2479 5734 Catena
2510 5678 2752 5735 Gorderii
2779 5677 3057 5734 Genuadio
3080 5679 3416 5767 tribuuntur.
