4046 6152
334 236 470 295 1089

1337 237 1650 295 SELECTA
1688 236 1757 293 1N
1792 236 2124 293 PSALMOS.
2164 268 2237 280 --
2272 237 2469 294 PSAL.
2515 238 2556 296 Ι.

3437 245 3461 301 ι
3471 244 3574 307 090

329 357 498 420 πάθος
542 357 842 425 γεγονέναι,
888 357 1240 429 διηγούμενον
1290 359 1454 413 αὐτὸν
1505 360 1786 433 είρηκέναι
1834 360 1888 430 τι]

2010 359 2139 415 lium
2167 362 2339 429 ipsum
2369 361 2570 417 dixisse
2594 363 2617 396 ⁸
2647 379 2662 419 :
2703 379 2723 414 ι
2758 360 2932 419 Hodie
2958 379 3170 422 mecum
3200 367 3313 424 eris
3338 368 3390 423 in
3412 384 3573 439 para-

331 449 723 518 μετανοήσαντι
764 448 933 521 λῃστῇ
959 467 971 480 ·
1011 469 1029 502 ι
1059 452 1302 524 Σήμερον
1328 451 1444 523 μετ’
1470 451 1605 523 ἐμοῦ
1625 452 1723 526 ἔσῃ
1744 454 1802 506 ἐν
1824 451 1888 522 τᾷ

2005 453 2123 508 diso
2145 452 2259 507 Dei.
2292 470 2312 505 ι
2338 452 2468 508 Illuc
2497 463 2676 508 autem
2722 456 3176 526 transplantatur,
3204 468 3261 513 ut
3294 461 3387 530 qui
3417 462 3565 532 digni

330 539 642 611 παραδείσῳ
669 539 764 593 τοῦ
801 540 957 596 Θεοῦ.
988 560 1008 593 ι
1040 543 1525 613 Μεταπεφύτευται
1561 544 1618 598 δὲ
1652 546 1786 607 ἐκεῖ,
1813 543 1899 596 ἴνα

326 633 380 685 οἱ
406 630 546 697 ἄξιοι
580 632 677 685 σὺν
713 631 932 703 Χριστῷ
971 627 1109 687 εἶναι
1143 634 1479 703 φωτίζωνται
1510 633 1603 688 ὑπ’
1623 633 1784 688 αὑτοῦ
1820 633 1900 705 τῷ

323 724 429 794 τῆς
475 723 727 794 γνώσεως
777 725 1060 798 φωτισμῴ,
1112 726 1511 799 προκόπτοντες
1564 728 1622 781 ἐν
1668 728 1735 798 τῇ
1788 725 1896 781 τῶν

322 813 495 869 ὄντων
540 816 774 888 θεωρίᾳ,
821 819 963 872 κατὰ
1003 818 1103 888 τὴν
1137 818 1328 886 σοφίαν
1370 818 1467 872 τοῦ
1512 816 1669 872 Θεοῦ.
1708 816 1895 871 Ταῦτα

321 905 385 959 δὲ
422 904 595 971 οὕτως
638 906 1017 979 ἐξειλήφαμεν,
1062 908 1248 980 ἐπειδὴ
1281 909 1484 982 κυρίως
1530 910 1622 963 ἐπὶ
1664 908 1896 981 δένδρων

323 998 545 1068 λέγεται
581 1000 642 1054 τὸ
678 1018 699 1053 ι
728 1000 913 1071 φέρειν
943 1001 1154 1072 καρπόν
1172 1019 1221 1054 ἰ
1258 1002 1319 1055 τὸ
1340 1002 1396 1055 δέ
1425 1020 1443 1053 ι
1469 1002 1687 1063 διδόναι,
1709 1020 1728 1054 ι
1756 1001 1894 1073 μᾶλ-

323 1089 416 1145 λον
451 1090 714 1162 ἐμψύχοις
737 1091 983 1175 ἁρμόζει,
1014 1092 1108 1146 καὶ
1137 1093 1312 1147 ταῦτα
1339 1092 1598 1161 λογικοῖς.
1629 1093 1895 1164 Ζητητέον

321 1181 380 1235 δὲ
415 1184 464 1236 εί
507 1183 621 1236 ἐστι
664 1183 854 1256 καιρὸς
886 1182 964 1254 τῷ
1005 1182 1144 1254 ξύλῳ
1173 1185 1272 1256 τῆς
1305 1186 1452 1257 ζωῆς
1496 1185 1592 1239 τοῦ
1641 1186 1891 1259 καρποῦ·

322 1271 504 1342 λέγειν
535 1274 645 1347 γὰρ
676 1275 774 1348 τὴν
821 1275 1013 1345 σοφίαν
1060 1277 1269 1348 καρπόν
1302 1295 1430 1331 ποτε
1463 1281 1537 1350 μὴ
1589 1279 1751 1350 ἔχειν,
1795 1280 1892 1350 οὐχ

321 1367 501 1420 ὅσιον⁹
534 1366 615 1421 διὸ
649 1368 748 1420 οὐκ
776 1366 1010 1439 εἴρηται,
1039 1367 1067 1421 ὃ
1097 1368 1187 1422 τὸν
1218 1371 1428 1442 καρπὸν
1472 1370 1636 1425 αὐτοῦ
1684 1372 1892 1440 ἑνέγκει

319 1460 382 1513 ἐν
413 1457 588 1531 καιρῷ
628 1458 814 1523 αὐτοῦ,
851 1459 964 1513 ἀλλ’
1006 1478 1025 1511 ι
1049 1460 1079 1514 ὃ
1115 1461 1207 1515 τὸν
1253 1463 1465 1535 καρπὸν
1517 1462 1682 1517 αὑτοῦ
1732 1464 1891 1517 δώσει

319 1552 383 1606 ἐν
415 1551 591 1622 καιρῷ
630 1551 815 1606 αὐτοῦ.
847 1572 866 1604 ι
914 1554 1118 1626 Καιρδς
1163 1555 1220 1608 δὲ
1262 1554 1425 1609 αὑτοῦ
1472 1555 1567 1608 τοῦ
1613 1555 1812 1610 διδόναι
1857 1559 1891 1629 ὴ

2005 552 2131 596 sunt
2178 556 2300 597 esse
2348 557 2468 597 cum
2512 543 2755 607 Christo,
2788 547 2842 600 in
2891 561 3072 600 rerum
3104 551 3566 619 contemplatione

2003 634 2304 687 secundum
2329 634 2654 704 sapientiam
2705 637 2796 691 Dei
2842 638 3192 707 proﬁcientes
3218 642 3288 695 ab
3324 641 3441 711 ipso
3472 658 3570 699 co-

2002 724 2267 793 gnitionis
2316 724 2439 780 luce
2479 726 2843 782 illustrentur.
2880 728 3006 783 Haec
3039 741 3223 785 autem
3277 733 3358 788 sic
3402 748 3567 805 expo-

2000 815 2233 881 suimus,
2263 816 2410 885 quod
2449 836 2470 869 ι
2505 818 2649 873 ferre
2680 819 2917 874 fructum
2960 840 2979 873 ι
3016 822 3233 892 proprie
3259 824 3325 878 de
3361 824 3560 880 arbori-

2002 908 2103 963 bus
2136 909 2369 974 dicatur,
2410 928 2431 963 ι
2484 910 2614 965 dare
2645 930 2665 964 ι
2700 923 2879 969 autem
2933 916 2997 969 ad
3032 916 3286 971 animalia
3330 917 3569 972 rationa-

2000 1000 2131 1055 bilia
2159 1004 2332 1072 magis
2371 1004 2663 1073 pertineat.
2694 1002 2810 1059 Jam
2843 1021 2972 1060 vero
2999 1011 3352 1076 quaerendum
3386 1019 3473 1065 est
3499 1025 3569 1065 an

2000 1090 2145 1161 ligno
2169 1094 2291 1148 vitae
2311 1103 2516 1162 tempus
2544 1098 2614 1150 sit
2643 1096 2848 1150 ferendi
2886 1096 3129 1153 fructus:
3161 1115 3284 1154 nam
3317 1115 3569 1157 asserere

1999 1186 2325 1252 sapientiam
2382 1186 2669 1257 aliquando
2723 1187 2935 1244 fruetus
2990 1206 3096 1243 non
3155 1192 3380 1257 habere,
3416 1192 3569 1249 nefas

1999 1287 2102 1333 est.
2152 1277 2333 1345 Quare
2368 1296 2474 1335 non
2532 1282 2737 1335 dictum
2792 1289 2898 1345 est,
2949 1284 3091 1349 quod
3143 1281 3378 1338 fructum
3409 1300 3567 1341 suum

2001 1367 2107 1423 l‘ert
2138 1369 2190 1422 in
2224 1380 2466 1440 tempore
2495 1386 2616 1435 suo,
2646 1373 2741 1426 sed
2789 1392 2808 1425 ι
2845 1374 2987 1442 quod
3014 1373 3250 1428 fructum
3286 1389 3444 1431 suum
3468 1378 3569 1432 da-

2000 1459 2157 1513 bitiu
2205 1472 2445 1529 tempore
2478 1477 2596 1515 suo.
2643 1481 2662 1514 »
2696 1462 2934 1534 Tempus
2980 1476 3160 1520 autem
3205 1467 3390 1532 dandi,
3424 1470 3569 1523 acci-

1999 1551 2203 1621 pientis
2225 1562 2309 1606 est
2341 1553 2603 1623 aptittttlo.
2646 1556 2724 1609 Ad
2770 1558 2944 1625 ipsum
2984 1559 3127 1611 enim
3163 1559 3309 1628 quod
3349 1560 3565 1624 attinet,

319 1644 418 1699 τοῦ
458 1644 822 1717 λαμδάνοντός
860 1646 1008 1699 ἐστιν
1050 1647 1439 1719 ἐπιτηδειότης.
1490 1648 1650 1702 Ὅσον
1682 1646 1790 1720 γὰρ
1832 1649 1888 1702 τὸ

2002 1657 2215 1710 semper
2243 1644 2374 1699 dare
2419 1655 2668 1714 paratum
2717 1656 2821 1701 est.
2876 1647 2932 1701 Si
2967 1649 3113 1703 enim
3165 1650 3567 1719 dispensatores

319 1739 410 1790 ἐπ’
433 1736 598 1809 αὐτῷ,
636 1737 853 1808 ἕτοιμόν
881 1741 1031 1793 ἐστιν
1060 1739 1149 1793 ἀεὶ
1186 1740 1385 1794 διδόναι
1425 1740 1517 1793 τὸν
1557 1740 1769 1811 καρπὸν
1799 1741 1888 1794 αὑ-

1996 1731 2234 1788 Verbum
2278 1734 2390 1789 vult
2433 1751 2555 1791 esse
2602 1738 2785 1793 ﬁdeles
2819 1747 2873 1793 et
2909 1740 3221 1807 prudentes,
3254 1741 3326 1795 ita
3366 1751 3420 1796 ut
3456 1758 3564 1797 non

318 1828 439 1883 τοῦ.
468 1830 529 1883 Ei
558 1830 668 1903 γὰρ
693 1832 820 1896 τοὺς
866 1832 1185 1904 οἰκονόμους
1222 1836 1251 1887 ό
1284 1833 1456 1903 Λόγος
1484 1833 1625 1887 θέλει
1670 1837 1898 1901 πιστοὺς

318 1917 461 1976 εἶναι
490 1923 583 1977 καὶ
626 1925 950 1994 φρονίμους,
997 1926 1124 1993 οὐχ).
1157 1924 1340 1989 ἁπλῶς
1366 1925 1605 1989 διδόντας
1643 1925 1705 1979 τὸ
1751 1944 1895 1985 σιτο-

324 2013 545 2087 μέτριον
598 2019 712 2081 τοῖς
766 2017 1089 2094 συνδούλοις,
1142 2017 1256 2071 ἀλλ’
1300 2018 1359 2071 ἐν
1401 2018 1578 2090 καιρῷ
1621 2018 1893 2085 διδόντας,

321 2106 474 2174 πόσῳ
527 2107 725 2178 μᾶλλον
776 2111 809 2180 ή
859 2108 1019 2177 σοφία
1072 2109 1280 2175 πιστῶς
1317 2109 1432 2181 ἅμα
1467 2111 1562 2164 καὶ
1619 2112 1895 2183 φρονίμως

315 2198 447 2261 τοὺς
478 2196 641 2262 ίδίους
663 2200 1006 2272 οίκονομήσει
1032 2200 1308 2272 καρπούς;
1346 2202 1405 2254 ὐ
1436 2201 1597 2267 αὐτὸς
1625 2202 1682 2256 δὲ
1707 2204 1897 2275 καιρός

319 2295 439 2346 ἐστι
476 2292 570 2347 τοῦ
604 2293 821 2358 διδόναι,
855 2292 1043 2367 ὥσπερ
1075 2295 1271 2365 καὶτῷ
1315 2294 1644 2365 λαμϐάνοντι
1675 2295 1769 2349 τοῦ
1810 2296 1898 2350 λα-

319 2382 456 2437 ϐεῖν.
503 2384 568 2437 Τί
620 2385 679 2439 δὲ
710 2385 772 2439 τὸ
804 2386 999 2456 φύλλον
1032 2389 1132 2458 τῆς
1175 2387 1340 2461 ζωῆς,
1374 2390 1617 2443 τουτέστι
1660 2389 1761 2459 τῆς
1800 2407 1895 2444 σο-

320 2475 469 2543 φίας,
506 2476 607 2530 ούκ
651 2477 1011 2550 ἀπορρεῦσον,
1052 2479 1288 2533 κατιδεῖν
1321 2477 1500 2544 ἄξιονσ
1538 2480 1637 2532 οὐκ
1673 2480 1892 2533 ἄλλοθεν

316 2568 378 2622 δὲ
405 2567 592 2622 λαϐεῖν
624 2570 759 2623 αὐτὸ
799 2569 943 2624 ἐστιν
976 2570 1008 2642 ἢ
1053 2571 1287 2642 μετρίως
1332 2575 1445 2636 τοῖς
1483 2575 1730 2641 φυσικοῖς
1770 2574 1887 2626 ἐπιο

317 2660 720 2733 διατρίψαντας.
766 2662 933 2733 Δῆλον
978 2663 1059 2727 δέ,
1102 2665 1184 2718 ὄτι
1229 2664 1317 2717 διὰ
1365 2665 1491 2728 τοὺς
1534 2665 1780 2736 καρποὺς
1822 2664 1890 2718 τὰ

318 2752 641 2824 καρποφόρα
679 2752 868 2825 δένδρα
908 2755 937 2807 ό
972 2756 1312 2828 Δημιουργὸς
1356 2756 1609 2809 ἐκέλευσε
1663 2756 1892 2828 βλαστῆ-

322 2858 434 2908 σαι,
470 2843 537 2897 δι*
558 2844 651 2909 οὒς
682 2845 751 2899 τὰ
792 2848 1022 2910 ἐκείνοις
1057 2847 1290 2920 χρειώδη
1319 2849 1438 2902 κατ’
1461 2848 1889 2921 ἐπακολούθησιν

320 2935 607 3007 πεποίηκε.
658 2938 830 3009 Χρεία
859 2938 916 2991 δὲ
962 2939 1171 3010 σκέπης
1206 2942 1319 3003 τοῖς
1356 2943 1589 3011 καρποῖς
1630 2940 1730 3011 τῆς
1781 2941 1889 2995 ἀπὸ

1997 1824 2323 1894 simpliciter
2364 1829 2643 1883 conservis
2688 1829 2816 1884 dent
2858 1829 3018 1900 532
3072 1831 3424 1901 demensum,
3467 1830 3581 1889 sed'

1997 1918 2124 1972 dent
2164 1919 2218 1973 in
2251 1928 2511 1990 tempore.
2546 1933 2748 1991 quanto
2797 1925 2970 1993 magis
3003 1924 3236 1981 ﬁdeliter
3284 1925 3446 1981 simul
3498 1942 3566 1983 ae

1998 2012 2301 2079 prudenter
2338 2013 2586 2082 proprios
2623 2016 2888 2084 sapientia
2928 2016 3262 2084 dispensabit
3311 2015 3567 2074 fructus?

1995 2100 2139 2155 Idem
2169 2114 2251 2158 est
2283 2102 2357 2157 illi
2388 2113 2598 2173 tempus
2629 2105 2811 2170 dandi,
2840 2108 2983 2176 quod
3018 2108 3066 2161 ei
3101 2109 3190 2177 qui
3223 2108 3443 2178 accipit,
3475 2124 3564 2165 ac-

1996 2193 2251 2262 cipiendi.
2290 2194 2429 2263 Quid
2455 2197 2524 2249 sit
2562 2207 2742 2252 autem
2791 2196 2977 2253 folium
3010 2199 3141 2269 ligni
3172 2200 3316 2263 vitae,
3372 2201 3426 2255 id
3478 2210 3565 2258 est

1994 2286 2295 2354 sapientiai,
2326 2286 2471 2355 quod
2498 2302 2604 2341 non
2633 2288 2840 2354 deﬂuit,
2870 2289 3312 2346 consideratione
3335 2292 3558 2363 dignum

1997 2385 2099 2437 est,
2141 2377 2235 2432 sed
2279 2377 2494 2432 aliunde
2536 2378 2668 2433 illud
2697 2395 2802 2435 non
2847 2381 2973 2436 licet
2998 2381 3246 2451 accipere
3273 2397 3434 2451 quam
3487 2398 3558 2439 ex

1995 2468 2174 2536 aliqua
2212 2484 2392 2525 rerum
2422 2471 2767 2542 pbysicarum
2793 2471 3006 2541 peritia.
3044 2473 3269 2529 Constat
3298 2473 3560 2544 Opiﬁcem

1993 2561 2064 2615 ob
2086 2560 2297 2615 fructus
2327 2564 2654 2632 praecepisse
2688 2574 2745 2618 ut
2786 2565 3013 2620 arbores
3043 2565 3332 2623 fructuosa:
3361 2569 3564 2638 produ-

1992 2661 2181 2707 cerent
2208 2651 2423 2708 fruetus
2459 2669 2690 2724 quorum
2723 2670 2882 2710 causa
2914 2672 3035 2725 qua:
3061 2657 3168 2711 illis
3205 2658 3353 2713 utilia
3376 2671 3556 2728 erant,

1992 2754 2396 2815 consequenter
2429 2745 2580 2801 fecit.
2613 2746 2847 2803 Fructus
2886 2758 2945 2802 ut
2970 2760 3386 2816 conserventur,
3419 2750 3560 2805 iudi-

1992 2849 2120 2906 gent
2150 2838 2292 2893 foliis
2317 2839 2517 2908 quibus
2554 2846 2820 2909 tegantur.
2862 2839 2986 2895 Haec
3017 2842 3070 2896 in
3099 2857 3161 2896 ea
3198 2858 3318 2912 quae
3349 2844 3561 2899 univer-

1992 2932 2068 2984 sis
2099 2931 2370 2998 praesidet,
2402 2930 2668 3000 sapientia
2699 2932 2885 2987 videre
2931 2942 3038 2997 est,
3072 2934 3126 2988 in
3171 2950 3276 3005 qua
3313 2938 3558 2991 omnium

317 3025 429 3079 τῶν
465 3027 676 3097 φύλλων
707 3029 951 3099 φυλακῆς
980 3029 1184 3085 ἕνεκεν.
1211 3029 1394 3085 Ταῦτα
1419 3027 1512 3084 οὖν
1540 3034 1634 3086 καὶ
1671 3033 1762 3085 ἐπὶ
1789 3034 1886 3102 τῆς

1995 3022 2188 3092 Opifex
2218 3032 2411 3078 cuncta
2446 3023 2593 3078 fecit.
2629 3023 2748 3077 Alia
2793 3024 2935 3080 enim
2966 3029 3236 3098 praecipue
3267 3030 3420 3097 ﬁunt,
3453 3030 3556 3086 alia

319 3120 450 3190 περὶ
482 3118 591 3173 τῶν
627 3121 763 3174 ὅλων
811 3123 1002 3191 σοφίας
1035 3121 1181 3175 ἐστιν
1218 3122 1367 3187 ίδεῖν,
1396 3124 1453 3176 ἐν
1553 3123 1622 3177 τὰ
1653 3125 1827 3178 πάντα
1855 3126 1883 3176 ό

320 3210 429 3265 τῶν
459 3211 595 3266 ὅλων
622 3214 959 3286 Δημιουργὸς
990 3215 1309 3284 πεποίηκεν.
1340 3215 1406 3266 Ἀ
1432 3213 1531 3282 μὲν
1560 3215 1665 3285 γὰρ
1709 3233 1883 3286 προη-

314 3303 595 3374 γουμένως
637 3304 867 3373 γίνεται,
904 3303 940 3358 ἃ
981 3304 1038 3358 δὲ
1073 3305 1192 3358 κατ’
1233 3304 1661 3376 ἐπακολούθησιν
1691 3305 1779 3359 διὰ
1814 3306 1883 3358 τὰ

316 3393 719 3466 προηγούμενα.
768 3396 1200 3467 Προηγουμένως
1253 3397 1352 3467 μὲν
1392 3395 1501 3468 γὰρ
1550 3397 1614 3449 τὸ
1667 3396 1881 3464 λογικὸν

316 3485 476 3549 ζῶον,
503 3486 590 3539 διὰ
615 3487 672 3540 δέ
700 3487 797 3557 τὴν
826 3487 988 3540 αὑτοῦ
1015 3487 1202 3561 χρείαν
1227 3489 1397 3559 κτήνη
1426 3489 1522 3542 καὶ
1549 3487 1617 3542 τὰ
1648 3487 1756 3541 ἀπὸ
1780 3488 1883 3558 τῆς

313 3577 421 3648 γῆς
459 3578 724 3650 φυόμενα.
753 3580 978 3651 Μήποτε
1014 3575 1105 3634 οῦν
1148 3583 1195 3633 oi
1243 3580 1342 3652 μὲν
1378 3583 1525 3650 λόγοι
1563 3580 1671 3635 τῶν
1713 3598 1884 3654 προη-

314 3668 596 3739 γουμένως
635 3671 930 3738 γεγονότων
955 3671 1003 3724 οἱ
1030 3672 1231 3743 καρποί
1258 3674 1366 3725 είσι
1392 3672 1486 3726 τοῦ
1525 3672 1738 3743 δένδρου
1781 3673 1882 3744 τῆς

314 3759 492 3830 ζωῆςο
523 3759 630 3813 τῶν
668 3761 725 3814 δὲ
762 3760 850 3814 διὰ
889 3761 1062 3815 ταῦτα
1104 3762 1429 3816 κτισθέντων
1473 3762 1542 3816 τὰ
1573 3762 1766 3833 φύλλα,
1807 3758 1883 3819 ὧν

313 3852 466 3907 οὐδὲν
502 3852 727 3924 μάταιόν
751 3855 918 3921 ἐστιν,
948 3855 1068 3908 οὐδὲ
1101 3854 1493 3918 ἐξουθενεῖσθαι
1521 3857 1695 3929 πάντη
1734 3856 1882 3922 ἄξιον

314 3940 392 4006 ὡς
414 3943 647 4008 εὐτελὲς,
677 3944 761 3997 ἵνα
788 3944 915 4016 ἔλθῃ
939 3946 1159 3999 πίπτειν
1192 3947 1287 4000 καὶ
1322 3948 1585 4020 ἀπορρεῖν
1618 3948 1691 4020 μὴ
1727 3965 1885 4021 φρου-

315 4033 593 4107 ρούμενον.
629 4038 738 4091 Καὶ
768 4036 849 4092 ἔτι
877 4037 1073 4110 μᾶλλον
1106 4038 1167 4092 τὺ
1202 4039 1354 4111 ἑξῆς·
1398 4060 1416 4093 ι
1444 4039 1548 4095 Καὶ
1581 4043 1756 4095 πάντα
1780 4042 1880 4095 ὅσα

317 4126 384 4180 ἂν
437 4133 562 4201 ποιῇ
624 4130 1138 4203 κατευοδωθήσεται.
1166 4151 1185 4183 ι
1240 4134 1395 4186 Ἐστι
1451 4133 1560 4205 γὰρ
1624 4134 1705 4198 εἷς
1760 4150 1881 4187 τινα

315 4220 584 4289 ἀναγκαῖα
613 4224 1058 4296 καταχρήσασθαι
1092 4223 1185 4279 καὶ
1215 4227 1351 4280 πᾶσι
1393 4228 1507 4289 τοῖς
1538 4226 1603 4280 ἐκ
1630 4223 1724 4280 τοῦ
1752 4227 1882 4281 dxe-

313 4310 648 4383 λουθήματος
667 4313 996 4384 γενομένοις.
1025 4314 1249 4385 Καρπὺς
1288 4313 1345 4368 δὲ
1387 4314 1481 4369 τοῦ
1527 4313 1763 4388 Χριστοῦ
1795 4313 1880 4387 εἴη

314 4400 382 4457 ἂν
408 4405 834 4476 προηγουμένως
861 4408 895 4477 ή
926 4405 1265 4471 διδασκαλία,
1307 4407 1341 4477 ἡ
1386 4404 1496 4459 τῶν
1542 4405 1882 4477 τιμιωτέρων

313 4493 508 4567 τροφὴ,
542 4495 737 4565 φύλλον
766 4495 823 4551 δέ
862 4498 895 4567 ἡ
924 4496 1031 4550 τῶν
1070 4497 1422 4569 ἀλογωτέρων
1452 4500 1625 4568 τροφή
1647 4514 1661 4528 °
1697 4496 1886 4572 ὥσπερ

314 4587 429 4651 τοῖς
483 4590 716 4658 καρποῖς
762 4586 999 4659 χρῶνται
1043 4591 1093 4643 οί
1127 4589 1424 4660 ἄνθρωποι,
1462 4588 1681 4658 φύλλοις
1713 4591 1770 4644 δὲ
1814 4592 1885 4645 τὰ

317 4678 659 4749 βοσκήματα.
715 4680 948 4733 Δυνατὸν
978 4680 1036 4733 δὲ
1080 4683 1174 4736 καὶ
1218 4682 1316 4753 τῆς
1369 4682 1591 4753 Γραφῆς
1638 4685 1885 4754 καρπούς

314 4787 468 4835 τινας
512 4770 713 4840 λέγειν,
761 4771 853 4835 οὒς
913 4773 1342 4844 ἐκλαμϐάνουσιν
1393 4775 1443 4827 oi.
1491 4772 1843 4846 λογικώτεροι
1869 4788 1885 4803 ’

315 4861 489 4932 φύλλα
521 4861 579 4915 δὲ
615 4856 698 4926 οἷς
733 4861 1026 4933 τρέφονται
1051 4863 1100 4915 oi
1132 4862 1506 4935 ἁπλούστεροι.
1545 4862 1650 4915 Τοῦ
1676 4862 1733 4916 δὲ
1775 4880 1883 4934 μα-

316 4949 676 5024 καριζομένου
727 4953 821 5007 καὶ
876 4951 1229 5023 ὡμοιωμένου
1270 4953 1349 5024 τῷ
1404 4953 1545 5025 ξύλῳ
1591 4954 1689 5025 τῆς
1739 4954 1882 5025 ζωῆς

315 5042 526 5115 καρπὸς
557 5044 655 5115 μὲν
696 5043 906 5112 λέγοιτο
931 5042 1001 5095 τὰ
1042 5043 1428 5115 προηγούμενα
1465 5044 1621 5116 ἔργα,
1650 5038 1761 5098 οἷον
1802 5045 1884 5097 εὑ-

316 5134 489 5202 ποιία,
520 5136 614 5189 καί
646 5136 774 5206 ’περὶ
823 5135 924 5205 τὴν
966 5133 1158 5202 σοφίαν
1195 5134 1454 5205 ἀσχολία·
1502 5133 1675 5203 φύλλα
1719 5134 1778 5187 δὲ
1815 5133 1884 5187 τὰ

319 5227 547 5297 βιωτικὰ
587 5227 753 5281 αὐτοῦ
796 5228 1095 5298 κινήματα,
1142 5225 1261 5279 οὐδέ
1312 5226 1491 5285 ταῦτα
1532 5224 1659 5291 ἄξια
1714 5243 1883 5279 κατα-

1917 3093 1957 3147 C

1915 4450 1962 4509 D

1994 3118 2290 3171 secundum
2321 3117 2766 3185 consequentiam
2820 3119 2890 3173 ob
2938 3120 3231 3189 praecipua.
3277 3120 3559 3193 Praecipue

1992 3208 2188 3261 animal
2243 3210 2523 3291 rationale,
2563 3211 2632 3264 ob
2685 3212 3029 3264 commodum
3076 3221 3260 3267 autem
3315 3213 3431 3281 ejus
3465 3215 3563 3271 be-

1990 3299 2107 3354 stite
2144 3311 2199 3354 et
2230 3300 2439 3355 fructus
2469 3310 2644 3358 terrae.
2670 3301 2833 3357 Forte
2857 3316 2992 3374 ergo
3017 3304 3231 3358 illorum
3271 3320 3389 3374 quae
3426 3321 3560 3376 prmo

1991 3393 2149 3461 cipue
2190 3394 2328 3447 facta
2362 3403 2512 3461 sunt,
2541 3398 2799 3461 rationes,
2828 3396 3039 3453 fructus
3073 3408 3201 3453 sunt
3228 3398 3358 3470 ligni
3387 3401 3552 3467 vita;

1992 3496 2180 3538 eorum
2220 3500 2350 3540 vero
2400 3501 2518 3555 qua:
2557 3489 2626 3541 ob
2661 3489 2746 3555 illa
2779 3488 2919 3543 facta
2947 3500 3099 3555 sunt,
3130 3492 3395 3557 rationes,
3430 3491 3557 3547 folia

1992 3584 2139 3639 sunt,
2185 3590 2417 3644 quorum
2454 3578 2658 3633 nullum
2706 3580 2917 3643 inutile,
2960 3580 3166 3634 nullum
3198 3591 3555 3636 contemnen-

1992 3665 2119 3721 dum
2145 3677 2404 3736 tanquam
2436 3668 2560 3734 vile,
2598 3678 2656 3724 ut
2690 3686 2801 3741 pra:
2826 3671 3034 3725 incuria
3064 3672 3223 3725 cadat
3250 3681 3309 3728 et
3335 3673 3554 3728 deﬂuat.

1990 3758 2050 3814 ld
2082 3759 2260 3813 adhuc
2284 3760 2495 3829 potiore
2524 3761 2646 3831 jure
2697 3763 2804 3817 dici
2857 3771 3034 3833 potest
3071 3765 3137 3818 de
3168 3763 3254 3819 his
3292 3780 3412 3833 quae
3464 3779 3555 3820 se-

1990 3860 2230 3921 quuntur
2260 3869 2274 3906 :
2309 3870 2330 3904 ι
2362 3861 2417 3907 et
2450 3854 2632 3907 omnia
2667 3868 3003 3923 quaecunque
3035 3853 3217 3923 faciet,
3263 3869 3558 3926 prospera-

1991 3943 2215 3998 buntur.
2270 3962 2290 3997 ι
2341 3943 2497 3999 Licet
2540 3947 2685 4000 enim
2721 3947 2788 3999 ad
2827 3946 3075 4015 quaedam
3127 3948 3436 4001 neceSSaria
3481 3948 3557 4002 uti

1991 4034 2153 4090 etiam
2189 4037 2445 4091 omnibus
2473 4052 2596 4107 quae
2618 4051 2684 4091 ex
2717 4038 3105 4106 consequentia
3135 4037 3289 4092 ﬁunt.
3326 4038 3558 4095 Fructus

1990 4124 2194 4181 CIII‘iSli
2226 4126 2334 4180 erit
2386 4129 2657 4198 praecipue
2687 4129 2957 4194 doctrina,
2994 4144 3116 4198 quae
3151 4129 3438 4183 fortiorum
3474 4130 3555 4183 ci-

1990 4222 2093 4276 bus
2122 4231 2240 4286 est;
2284 4221 2412 4276 l'olia
2457 4237 2590 4277 vero
2624 4222 3080 4277 irrationabilium
3136 4237 3281 4277 esca.
3328 4221 3400 4277 Ut
3444 4220 3558 4277 l‘ru-

1991 4314 2174 4367 ctibus
2199 4321 2427 4367 utuntur
2462 4314 2731 4379 homines,
2768 4314 2845 4369 sic
2878 4313 3020 4368 foliis
3064 4316 3243 4369 bruta.
3277 4314 3553 4381 Quosdam

1990 4405 2154 4460 etiam
2184 4405 2481 4476 Scriptura:
2504 4406 2713 4461 fructus
2744 4407 2928 4460 dicere
2967 4415 3072 4469 est,
3101 4421 3239 4475 quos
3273 4406 3556 4475 accipiunt

1988 4497 2461 4562 rationabiliores;
2497 4495 2627 4551 folia
2657 4512 2805 4560 vero,
2843 4497 3037 4566 quibus
3064 4498 3381 4552 nutriuntur
3423 4497 3556 4552 sim-

1986 4588 2258 4658 pliciores.
2293 4587 2438 4641 Illius
2471 4589 2563 4658 qui
2604 4589 2799 4643 beatus
2840 4590 3167 4657 praedicatur
3208 4601 3263 4644 et
3305 4589 3447 4659 ligno
3476 4591 3558 4643 vi-

1991 4689 2058 4735 ta:
2098 4691 2449 4749 comparatur
2491 4680 2699 4735 fructus
2729 4680 2833 4734 dici
2877 4690 3103 4750 possunt
3135 4681 3400 4749 praecipua
3434 4680 3555 4748 ejus

1987 4783 2170 4839 opera,
2203 4770 2478 4834 nimirum,
2536 4770 2799 4840 quidquid
2846 4770 2970 4824 boui
2999 4770 3129 4839 agit,
3155 4781 3210 4825 et
3263 4786 3416 4825 amor
3464 4784 3555 4824 sa-

1989 4862 2243 4931 pientiae;
2272 4861 2400 4916 folia
2433 4878 2583 4928 vero,
2635 4863 2810 4921 studia
2839 4878 2958 4933 qua:
2995 4866 3061 4917 ad
3088 4866 3212 4918 vitae
3242 4879 3395 4919 usum
3421 4863 3552 4918 atti-

1988 4967 2138 5019 nent,
2185 4970 2304 5023 qua:
2328 4970 2460 5011 sane
2510 4971 2609 5012 nec
2648 4967 2705 5011 ut
2731 4967 3149 5011 contemnantur
3181 4972 3277 5012 nec
3306 4966 3366 5011 ttt
3408 4958 3551 5011 deei-

1988 5046 2141 5111 dant,
2172 5047 2331 5117 digna
2365 5058 2514 5118 sunt,
2552 5053 2714 5105 modo
2749 5051 2967 5104 interitu
2994 5060 3247 5105 accurate
3276 5061 3439 5119 atque
3484 5049 3552 5104 ad

1990 5136 2085 5192 Dei
2122 5139 2348 5208 gloriam
2386 5144 2567 5199 omnia
2620 5144 2806 5198 iaciat.
2849 5141 2940 5198 Sic
2979 5143 3126 5198 enim
3178 5144 3358 5197 omnia
3403 5157 3552 5213 qute-
3658 5167 3673 5177 ο

1989 5242 2199 5297 cunque
2232 5230 2420 5303 faciet,
2451 5235 2937 5305 prosperabuntur.

318 5318 663 5390 φρονεῖσθαι,
705 5318 825 5373 οὐδὲ
863 5318 1124 5388 ἀπορρεῖν
1164 5316 1244 5389 τῷ
1294 5317 1432 5389 μετὰ
1485 5318 1763 5390 προσοχῆς
1807 5318 1899 5371 καὶ
1934 5320 2014 5384 είς
2041 5320 2198 5388 δόξαν
2229 5325 2363 5380 Θεοῦ
2420 5329 2598 5384 πάντα
2637 5330 2826 5382 ποιεῖν.
2874 5327 3030 5382 Οὕτω
3070 5325 3181 5398 γὰρ
3221 5326 3329 5380 πᾶν
3373 5322 3552 5379 ὁτιοῦν

316 5412 426 5466 τῶν
454 5413 835 5483 πραττομένων
862 5413 955 5466 ὑπ’
976 5409 1140 5466 αὑτοῦ
1165 5409 1564 5465 κατευοδοῦται.

391 5505 515 5572 Οὐχ
549 5504 735 5569 οὕτως
761 5506 817 5558 oi
848 5501 1117 5569 ἀσεϐεῖς-ο
1164 5502 1302 5559 ἀλλ’
1330 5501 1370 5565 ἢ
1404 5502 1486 5567 ὡς
1518 5504 1552 5558 d
1585 5500 1773 5572 χνοῦς
1814 5501 1888 5557 ὃν

394 5659 416 5693 ⁸
440 5658 572 5715 Luc.
606 5676 758 5730 χχιιι,
785 5660 875 5715 43.

2069 5503 2232 5561 Vsus.
2255 5502 2310 5559 4.
2344 5501 2469 5561 Non
2492 5504 2567 5559 sic
2606 5503 2774 5574 impii,
2799 5503 2887 5559 sed
2920 5514 3169 5574 tanquam
3194 5501 3361 5573 puivis
3398 5516 3549 5573 quem
