4046 6152
529 227 662 285 1091

1927 234 2019 290 EX
2048 233 2352 290 ORIGENE

3649 252 3787 309 1032

524 343 995 414 Projicirvenlus,
1043 354 1151 403 etc.
1201 346 1387 417 Neque
1435 349 1736 406 Hebraicus
1774 360 1950 408 textus
2001 368 2083 424 ge-

2200 352 2461 421 ἐκρίπτει
2494 355 2714 426 ἄνεμος
2762 358 2880 414 ἀπὸ
2924 364 3258 430 πρωσώπου
3293 366 3407 436 τῆς
3453 366 3598 438 γῆς,
3646 389 3700 426 κ.
3726 391 3777 426 τ.

528 435 701 491 minat
743 436 910 501 illud,
964 455 983 489 ι
1037 454 1143 494 non
1192 440 1309 505 sic,
1355 460 1373 491 ι
1426 457 1601 512 neque
1631 444 1774 500 ullus
1825 446 2099 516 interpre-

526 534 664 582 tum.

593 634 759 690 Vsus.
798 636 850 691 5.
892 635 1024 691 Idea
1054 651 1452 715 nonresurgent
1482 643 1631 713 impii
1652 644 1708 698 in
1726 644 1960 716 judicio,
1985 656 2091 703 etc.

524 723 639 779 Hoc
685 724 849 795 igitur
890 726 1007 781 loco
1032 728 1124 796 qui
1147 743 1219 784 ex
1252 730 1505 787 ﬁdelibus
1534 732 1900 803 simpliciores
1944 746 2093 801 sunt,

522 815 760 869 maxime
790 814 939 881 freti,
972 816 1170 886 impios
1219 829 1418 890 negant
1471 826 1892 880 resurrectionis
1943 842 2097 882 com-

523 917 679 973 potes
710 904 947 972 futuros,
987 923 1167 977 neque
1191 911 1320 979 quid
1358 926 1457 980 per
1502 914 1966 969 resurrectionem
2010 916 2097 971 in-

522 998 791 1069 telligant,
845 1009 942 1054 aut
986 1001 1150 1069 quale
1207 1002 1309 1056 sibi
1361 1004 1627 1070 judicium
1679 1005 1908 1078 fingant,
1957 1010 2094 1065 satis

524 1091 823 1159 explicant.
844 1091 978 1145 Nam
998 1094 1099 1148 etsi
1124 1108 1276 1147 suam
1299 1093 1365 1149 de
1391 1095 1474 1149 bis
1496 1099 1820 1153 sententiam
1853 1115 2094 1169 pronun-

523 1183 658 1237 tiare
681 1183 995 1249 videantur,
1044 1200 1111 1239 ex
1162 1186 1279 1254 ipsa
1321 1196 1499 1241 tamen
1554 1188 1910 1258 inquisitione
1961 1207 2094 1247 con-

521 1271 711 1335 stabit,
759 1271 986 1328 minime
1017 1273 1138 1329 illos
1164 1289 1286 1344 qua;
1342 1281 1740 1347 consequentia
1774 1291 1905 1336 sunt
1931 1296 2093 1351 posse

520 1380 759 1419 servare.
785 1365 967 1431 Quare
996 1366 1041 1419 si
1077 1383 1171 1422 eos
1215 1369 1636 1439 interrogemus,
1669 1372 1958 1442 cujusnam
2008 1390 2094 1429 re-

520 1457 790 1511 surrectio
824 1457 984 1528 533
1033 1457 1211 1513 futura
1244 1460 1352 1525 sit;
1404 1475 1694 1530 corporum
1756 1465 1946 1534 utique
2002 1481 2090 1521 re-

520 1549 805 1619 spondent,
843 1552 1039 1618 quibus
1071 1551 1229 1604 modo
1259 1552 1579 1607 circumdati
1618 1569 1803 1609 sumus
1834 1572 1847 1610 :
1880 1556 1974 1611 sed
2004 1558 2089 1611 in-

519 1643 788 1696 stantibus
817 1642 993 1707 nobis,
1020 1644 1257 1698 totinsne
1291 1646 1609 1700 substantiae
1639 1661 1809 1702 necne
1843 1662 1966 1702 esse
1998 1649 2086 1702 de.

2200 444 2249 496 ἐ.
2279 444 2417 499 Οῠτε
2471 448 2532 500 τὸ
2572 450 2859 521 Ἐϐραῖκὸν
2905 453 3017 526 (59)
3067 457 3402 512 ἀνεδίπλωσε
3456 461 3561 533 τὴν
3613 460 3777 531 λέξιν,

2200 533 2326 589 οὔτε
2351 537 2458 592 τῶν
2483 539 2833 612 ἐρμηνευτῶν
2861 545 3054 610 οὐδείς.

2267 628 2371 683 Διά
2398 629 2575 685 τοῦτο
2595 634 2707 687 οὐκ
2733 635 3181 705 ἀναστήσονται
3202 644 3443 713 ἀσεϐεῖς
3464 645 3537 700 ἐν
3556 648 3771 716 κρίσει,

2197 737 2250 773 κ.
2287 737 2340 773 τ.
2382 723 2430 775 ἐ.
2479 723 2755 780 Ἐντεῦθεν
2787 728 2901 798 (60)
2938 733 2991 783 oi
3045 733 3399 808 άπλούστεροι
3451 738 3563 791 τῶν
3606 757 3772 793 πεπι-

2200 814 2502 868 στευκότων
2540 816 2851 889 ὁρμώμενοι
2897 823 3174 893 νομίζουσι
3223 828 3350 890 τοὺς
3400 828 3626 891 ἀσεϐεῖς
3676 831 3773 901 τῆς

2195 904 2543 971 ἀναστάσεως
2574 908 2647 979 μὴ
2680 910 2996 976 τεύξεσθαι,
3039 916 3092 967 τί
3124 916 3373 981 νοοῦντες
3405 920 3508 990 τὴν
3537 920 3771 974 ἀνάστα-

2198 1010 2302 1059 σιν,
2332 997 2426 1049 xal
2455 997 2705 1069 ποταπὴν
2740 999 2841 1071 τὴν
2877 1002 3060 1073 κρίσιν
3099 1004 3515 1077 φανταζόμενοι,
3540 1010 3601 1063 οὐ
3632 1010 3769 1064 πάνυ

2197 1087 2605 1159 σαφηνίζοντες.
2634 1090 2750 1144 Κᾶν
2775 1091 2883 1163 γὰρ
2908 1093 3103 1147 δοκῶσι
3137 1098 3265 1169 περὶ
3293 1098 3499 1153 τούτων
3539 1101 3769 1171 ἀποφαί-

2194 1179 2399 1243 νεσθαι,
2428 1181 2461 1248 ἡ
2493 1178 2725 1249 βάσανος
2761 1182 2956 1246 αὐτοὺς
2988 1184 3248 1253 διελέγξει
3272 1186 3343 1240 τὰ
3373 1188 3505 1258 ἑξῆς
3540 1189 3765 1244 amaui-

2194 1265 2301 1333 θως
2345 1267 2536 1331 σώζειν
2572 1271 2648 1341 μὴ
2689 1271 3035 1343 δυναμένους.
3078 1276 3202 1330 Ἐὰν
3248 1273 3341 1331 οὖν
3374 1279 3768 1353 πυνθανώμεθα

2192 1357 2336 1421 τίνος
2383 1358 2560 1411 αὐτῶν
2590 1360 2622 1430 ἡ
2648 1359 2942 1426 ἀνάστασις
2969 1364 3206 1432 γίνεται,
3248 1369 3659 1440 ἀποκρίνονται,
3689 1373 3767 1428 ὅτι

2191 1446 2299 1502 τῶν
2352 1448 2640 1518 σωμάτων,
2693 1443 2769 1504 ὧν
2799 1451 2893 1504 νῦν
2924 1456 3300 1527 περικείμεθα.
3340 1457 3477 1513 Εἶτα
3523 1478 3762 1533 προσεπ-

2191 1541 2583 1610 ερωτησάντων
2652 1541 2808 1612 ἡμῶν
2878 1544 3105 1617 πότερον
3176 1548 3275 1619 τῆς
3332 1550 3523 1615 οὐσίας
3590 1554 3765 1608 αὐτῶν

2191 1630 2346 1702 ὅλης,
2390 1631 2611 1702 ἢούχί;
2654 1632 2783 1704 πρὶν
2842 1632 3125 1704 βασανίσαι
3156 1637 3422 1707 λέγουσιν,
3465 1642 3549 1695 ὅτι
3608 1645 3754 1715 ὅλης.

524 1734 668 1798 beat,
710 1742 998 1803 antequam
1030 1735 1318 1804 diligenter
1367 1739 1700 1803 expendant,
1756 1738 1923 1793 totius
1967 1753 2083 1793 esse

2204 1723 2329 1778 Ἐὰν
2384 1725 2443 1778 δὲ
2512 1727 3017 1798 προσαπορήσωμεν
3092 1735 3631 1805 συμπεριφερόμενοι
3693 1714 3758 1808 τῇ

518 1821 805 1878 deﬁniunt.
857 1823 1008 1889 Quod
1056 1824 1101 1879 si
1155 1840 1254 1879 nos
1307 1827 1375 1879 ad
1411 1826 1627 1881 illorum
1687 1829 2087 1899 simplicitatem

519 1915 1000 1971 accommodantes
1030 1917 1222 1971 iterum
1238 1917 1534 1974 dubitando
1555 1931 2087 1989 percontemur,num

521 2020 626 2058 una
678 2007 901 2076 sanguis
957 2007 1047 2063 ille
1100 2009 1421 2065 restituatur
1464 2012 1553 2080 qni
1604 2023 1750 2068 secta
1801 2014 2087 2070 identidem

518 2110 652 2147 vena
687 2095 913 2151 defusus
939 2105 1040 2162 est,
1072 2113 1172 2153 nec
1220 2115 1327 2154 non
1380 2109 1435 2155 et
1483 2116 1609 2157 caro
1651 2104 1829 2157 omnis
1869 2119 1932 2159 ac
1969 2106 2086 2175 pili,

517 2185 607 2252 qni
646 2201 883 2255 unquam
919 2187 1066 2241 enati
1111 2197 1283 2243 sunt:
1312 2205 1379 2244 an
1431 2191 1466 2244 ii
1512 2193 1797 2260 duntaxat,
1847 2197 1939 2264 qui
1985 2198 2086 2253 sub

514 2276 717 2329 exitum
752 2286 995 2332 nostrum
1025 2278 1401 2347 etIloruerunt,
1425 2297 1491 2337 eo
1520 2284 1863 2355 c0nfngiunt,
1896 2296 1953 2340 ut
1981 2288 2087 2343 Deo

515 2368 933 2435 permittendum
965 2385 1087 2426 esse
1122 2373 1328 2437 dicant,
1367 2384 1426 2428 ut
1447 2390 1570 2445 qua:
1593 2376 1740 2443 velit,
1773 2378 1986 2433 elﬁciat.
2015 2381 2087 2435 At

512 2461 603 2530 qni
637 2462 810 2530 magis
833 2462 976 2517 inter
1004 2464 1127 2520 illos
1161 2467 1366 2520 strenui
1393 2476 1541 2532 sunt,
1585 2483 1653 2522 ne
1683 2472 1960 2540 sanguinis
1988 2486 2083 2526 co-

516 2554 660 2623 piam
692 2568 936 2619 omnem,
965 2556 1055 2624 qui
1089 2571 1157 2611 ex
1182 2557 1509 2627 corporibus
1539 2560 1743 2615 nostris
1770 2561 2084 2633 plerumque

517 2652 762 2699 secretus
799 2655 905 2710 est,
939 2644 993 2700 in
1038 2660 1203 2701 unum
1258 2646 1513 2703 conferre
1557 2650 1806 2705 oratione
1854 2666 1950 2706 sua
1987 2667 2083 2707 co-

510 2744 731 2806 gantur,
771 2736 1035 2805 ejusmodi
1097 2755 1385 2810 resurgere
1446 2757 1676 2812 corpora
1733 2743 2078 2813 praedicant,

510 2827 696 2898 qualia
754 2829 1113 2885 morientibus
1157 2829 1311 2885 nobis
1338 2831 1668 2897 exstiterint,
1722 2843 1912 2888 contra
1945 2849 2082 2903 quos

508 2921 640 2977 illud
689 2922 911 2992 insuper
944 2920 1256 2989 obiicimus,
1284 2938 1408 2978 cum
1449 2925 1522 2979 sit
1568 2938 1856 2995 corporum
1884 2934 2079 2979 natura

513 3011 822 3079 mutabilis,
851 3013 1312 3082 quemadmodum
1344 3015 1397 3068 in
1445 3029 1642 3084 corpus
1686 3025 1928 3071 nostrum
1980 3017 2081 3071 ali-

508 3114 690 3159 menta
737 3105 1081 3173 digeruntur,
1145 3105 1644 3176 similitudinesque
1691 3117 2077 3173 transmutant,

509 3193 585 3248 ita
633 3201 688 3248 et
739 3208 970 3263 corpora
1022 3203 1206 3247 nostra
1258 3197 1528 3260 converti,
1588 3205 1646 3251 et
1694 3211 1723 3249 a
1776 3197 2080 3253 carnivoris

507 3284 722 3348 avibus,
773 3283 1008 3352 ferisque
1052 3285 1273 3355 depasta
1322 3300 1609 3354 corporum
1643 3286 1862 3343 illorum
1896 3300 2079 3358 partes

507 3371 664 3428 edici.
701 3373 833 3439 Quae
855 3374 1074 3445 quidem
1106 3391 1319 3429 rursum
1356 3378 1424 3432 ab
1458 3378 1789 3444 hominibus,
1830 3390 1925 3434 aut
1953 3380 2079 3438 aliis

513 3466 839 3522 animalibus
877 3468 1137 3522 devorata
1171 3468 1414 3524 vicissim
1466 3479 1766 3537 mutantur,
1799 3482 1854 3526 et
1905 3472 2081 3526 homi-

508 3574 636 3613 num
674 3559 758 3613 vel
798 3559 1029 3614 aliorum
1067 3560 1384 3614 animalium
1411 3576 1643 3633 corpora
1671 3563 1805 3618 ﬁunt
1838 3579 1853 3618 :
1885 3578 1988 3633 qua
2020 3581 2080 3620 re

508 3650 704 3718 saepius
753 3652 1004 3721 repetita,
1040 3668 1264 3707 necesse
1296 3663 1378 3708 est
1425 3654 1568 3709 idem
1602 3669 1798 3723 corpus
1828 3655 2074 3724 complu-

508 3743 646 3796 rium
677 3743 956 3799 hominum
996 3745 1195 3814 saapins
1236 3760 1357 3800 esse
1389 3754 1623 3816 partem.
1658 3745 1947 3813 Cuiusnam
1976 3747 2076 3817 igi-

508 3845 596 3888 tur
634 3837 687 3889 in
722 3837 1129 3892 resurrectione
1170 3853 1370 3907 corpus
1396 3853 1517 3894 esse
1547 3838 1809 3893 debebit?
1847 3839 1925 3893 lta
1980 3855 2077 3894 nos

507 3927 653 3983 velut
679 3929 888 3985 ratione
920 3930 1166 3985 destituti
1211 3932 1261 3985 in
1291 3931 1587 3986 altissimas
1613 3933 1876 4001 quasdam
1906 3948 2077 4004 nugas

502 4025 665 4085 atque
698 4016 928 4088 ineptias
963 4019 1321 4075 devolvimur.
1350 4021 1618 4075 Caeterum
1644 4030 1765 4091 post
1790 4023 1905 4077 ba:c
1925 4038 1952 4074 a
1983 4037 2078 4076 no-

504 4108 590 4163 bis
622 4108 858 4177 objecta,
906 4125 970 4165 eo
1002 4111 1221 4165 demum
1272 4127 1330 4166 se
1363 4112 1626 4180 referunt,
1661 4123 1720 4166 ut
1756 4116 1936 4168 omnia
1967 4115 2076 4169 Deo

506 4201 780 4271 possibilia
815 4215 937 4257 esse
993 4204 1200 4269 dicant,
1254 4212 1416 4273 atque
1466 4206 1532 4258 ad
1579 4205 1887 4274 opinionem
1922 4220 2074 4259 suam

503 4294 748 4364 quaedam
805 4293 1107 4363 Scriptura:
1145 4298 1477 4363 testimonia,
1520 4312 1640 4366 quae
1677 4297 1853 4365 primo
1886 4297 2075 4352 obvio-

502 4403 608 4458 que
634 4402 795 4443 sensu
833 4387 1052 4441 illorum
1102 4389 1427 4443 conﬁrmare
1454 4389 1647 4458 dogma
1673 4387 1943 4452 videntur,
1979 4402 2074 4442 ac-
2108 4422 2150 4476 ο

503 4481 849 4536 commodare
875 4480 1151 4536 nituntur.
1187 4480 1358 4547 Quale
1396 4490 1481 4535 est
1511 4477 1814 4534 Ezechielis
1855 4479 1984 4533 illud
2009 4479 2031 4510 ³
2059 4498 2072 4534 :

508 4589 526 4622 ι
583 4570 651 4624 Ει
703 4569 844 4625 facta
872 4579 957 4625 est
986 4586 1152 4641 super
1197 4587 1284 4626 me
1316 4586 1508 4625 manus
1542 4568 1776 4634 Domini,
1808 4580 1864 4624 et
1890 4569 2076 4624 eduxit

502 4678 588 4717 me
621 4663 674 4718 in
711 4665 928 4732 spiritu,
957 4673 1013 4719 et
1051 4664 1232 4734 posuit
1263 4678 1348 4717 me
1378 4663 1430 4717 in
1467 4663 1644 4718 medio
1675 4662 1872 4731 campi,
1905 4671 1960 4715 et
1983 4662 2074 4716 bic

501 4764 621 4809 erat
669 4755 861 4824 plenus
894 4756 1112 4811 ossibus
1143 4754 1446 4811 hominum.
1479 4755 1545 4808 Et
1575 4754 1940 4810 circumduxit
1986 4769 2072 4808 me

502 4848 569 4901 ad
594 4862 656 4901 ea
685 4863 780 4917 per
804 4848 1128 4913 circuitum;
1164 4857 1220 4901 et
1247 4860 1376 4901 ecce
1410 4844 1580 4900 multa
1610 4844 1767 4898 valde
1799 4844 1851 4897 in
1877 4858 2071 4913 snper-

504 4939 623 4995 ﬁcie
653 4941 868 5010 campi;
919 4949 974 4995 et
1008 4954 1136 4994 ecce
1188 4939 1302 5007 ipsa
1334 4935 1481 4991 arida
1513 4935 1692 4990 valde.
1730 4934 1797 4989 Et
1832 4935 1969 4989 dixit
2001 4934 2068 4988 ad

503 5047 629 5087 me:
660 5030 763 5087 Fili
802 5031 1059 5096 hominis,
1116 5030 1161 5085 si
1195 5029 1379 5083 vivent
1426 5041 1550 5082 ossa
1605 5026 1763 5079 baac?
1797 5026 1862 5079 Et
1914 5026 2069 5080 dixi:

503 5124 725 5178 Domine
778 5124 940 5187 Dens,
971 5132 1028 5178 tu
1078 5122 1192 5191 ipsa
1227 5120 1391 5175 nosti.
1425 5120 1492 5172 Et
1517 5118 1653 5172 dixit
1678 5118 1744 5171 ad
1772 5131 1855 5169 me
1887 5133 1902 5169 :
1934 5116 2070 5172 Pro-

498 5217 736 5286 phetiza,
763 5216 835 5269 ﬁli
870 5213 1230 5274 hominis.,Et
1263 5214 1474 5266 locutus
1507 5225 1624 5265 sum
1650 5208 1714 5261 ad
1746 5209 1861 5262 base
1895 5229 1906 5262 :
1935 5209 2068 5265 Ossa

2190 1816 2536 1889 ἀκεραιότητι
2565 1815 2763 1880 αὐτῶν,
2798 1819 2846 1870 εἰ
2891 1821 3350 1892 συναναστήσεται
3386 1824 3456 1878 τὰ
3488 1826 3760 1898 ἀπορρεύ-

2190 1921 2359 1958 σαντα
2403 1906 2461 1959 ἐν
2491 1905 2868 1976 φλεϐοτομίαις
2904 1907 3134 1978 αἵματα,
3183 1912 3275 1964 καὶ
3306 1913 3362 1964 αἱ
3392 1913 3619 1985 σάρκες,
3669 1918 3760 1971 καὶ

2188 1996 2243 2048 αἱ
2282 1994 2466 2065 τρίχες
2497 1997 2552 2048 αἱ
2585 1994 2803 2049 πώποτε
2835 1998 3145 2068 γενόμεναι,
3173 1999 3205 2070 ἦ
3244 2002 3402 2071 μόναι
3429 2006 3482 2056 ai
3519 2006 3659 2075 πρὸς
3694 2008 3757 2076 τῇ

2187 2084 2351 2156 ἐξόδῳ
2384 2085 2717 2158 θλιϐόμεναι,
2747 2089 2827 2151 είς
2858 2087 2916 2141 τὸ
2953 2089 3032 2159 τῷ
3057 2089 3175 2161 Θεῷ
3206 2095 3375 2145 ποιεῖν
3418 2094 3531 2164 (61)
3559 2095 3598 2149 ει
3642 2096 3761 2166 βούο

2185 2177 2335 2232 λεται
2366 2179 2811 2251 προστρέχουσιν.
2848 2181 2910 2234 Οἱ
2949 2181 3005 2235 δὲ
3036 2183 3399 2256 γενναιότεροι
3441 2187 3643 2251 αὐτῶν,
3674 2189 3758 2243 ἵνα

2189 2268 2264 2339 μὴ
2313 2269 2731 2337 ἀναγκάζωνται
2765 2270 2833 2324 τὰ
2866 2270 3007 2324 αὐτὰ
3054 2274 3261 2344 αἵματα
3314 2279 3642 2344 συναγαγεῖν
3681 2278 3758 2347 τῷ

2184 2356 2326 2428 λόγῳ
2359 2358 2394 2412 ἃ
2429 2359 2690 2423 πολλάκις
2734 2361 3098 2437 ἀποκριθῆναι
3140 2364 3246 2418 τῶν
3293 2368 3562 2437 σωμάτων
3598 2370 3757 2441 ήμῶν

2186 2449 2407 2522 συνέϐη,
2429 2453 2560 2521 φασὶ
2593 2453 2650 2506 τὸ
2678 2454 2770 2507 ἐπὶ
2793 2454 2934 2507 τέλει
2964 2456 3118 2526 ἡμῶν
3146 2459 3543 2529 ἀναστήσεσθαι
3578 2460 3750 2531 σῶμα.

2184 2542 2696 2617 Προσηπορήσαμεν
2739 2546 2796 2599 δὲ
2841 2546 2927 2599 διὰ
2959 2547 3018 2598 τὸ
3054 2549 3290 2622 τρεπτὴν
3326 2546 3466 2602 εἶναι
3512 2552 3612 2623 τὴν
3650 2570 3752 2604 σω-

2187 2637 2423 2709 ματικὴν
2463 2637 2643 2705 φύσιν,
2674 2638 2768 2691 καὶ
2799 2637 3020 2691 τοιαῦτα
3062 2639 3252 2713 ὥσπερ
3280 2643 3361 2704 εἰς
3399 2642 3461 2695 τὸ
3488 2643 3753 2714 ἡμέτερον

2184 2727 2346 2799 σῶμα
2390 2730 2447 2783 αἱ
2494 2729 2693 2801 τροφαὶ
2744 2732 3189 2795 κατατάττονται,
3233 2733 3326 2785 καὶ
3357 2734 3753 2804 μεταϐάλλουσι

2181 2820 2281 2884 τὰς
2313 2821 2651 2892 ὁμοιότητας,
2686 2821 2856 2885 οὕτως
2885 2822 2979 2875 καὶ
3004 2823 3073 2876 τὰ
3102 2824 3346 2896 ἡμέτερα
3387 2824 3617 2895 σώματα
3658 2847 3751 2900 με-

2183 2912 2555 2977 ταϐάλλονται,
2608 2913 2701 2967 καὶ
2734 2914 2791 2967 ἐν
2823 2914 2936 2976 τοῖς
2994 2916 3347 2986 σαρκοϐόροις
3396 2917 3605 2979 οἰωνοῖς
3656 2914 3750 2969 καὶ

2186 3001 2395 3074 θηρίοις
2433 3001 2709 3071 γίγνονται
2752 3002 2888 3074 μέρη
2922 3003 3031 3057 τῶν
3063 3004 3286 3058 ἐκείνων
3323 3005 3609 3077 σωμάτων.
3644 3004 3748 3057 Kal

2186 3092 2345 3147 πάλιν
2378 3095 2559 3146 ἐκεῖνα
2601 3092 2705 3146 ὑπὸ
2757 3093 3118 3166 ἀνθρώπωνῆ
3157 3095 3355 3166 ἐτέρων
3392 3095 3547 3158 ζώων
3578 3095 3747 3150 ἐσθιό-

2187 3200 2325 3255 μενα
2354 3185 2821 3255 άντιμεταϐάλλει,
2854 3186 2947 3239 καὶ
2979 3185 3184 3255 γίνεται
3229 3186 3533 3259 άνθρώταον
3561 3188 3595 3260 ἦ
3640 3189 3747 3242 ἐτέ-

2185 3298 2297 3353 ρων
2328 3279 2480 3345 ζώων
2516 3279 2742 3353 σώματα
2761 3299 2774 3311 ·
2808 3284 2901 3335 καὶ
2930 3282 3120 3335 τούτου
3153 3283 3246 3334 ἐπὶ
3266 3283 3398 3335 πολὺ
3426 3283 3744 3353 γιγνομένου

2183 3373 2396 3445 ἀνάγκη
2425 3373 2488 3427 τὸ
2515 3375 2644 3427 αὐτὸ
2682 3373 2838 3445 σῶμα
2877 3375 3130 3430 πλειόνων
3165 3375 3261 3430 ἀνθ
3270 3374 3465 3448 ρώπων
3495 3376 3748 3438 πολλάκις

2183 3468 2436 3539 γενέσθαι
2475 3469 2657 3541 μέρος.
2703 3470 2858 3533 Τίνος
2887 3466 2979 3523 οὖν
3013 3469 3166 3523 ἔσται
3210 3468 3369 3540 σῶμα
3417 3469 3475 3520 ἐν
3524 3472 3591 3541 τῇ
3625 3470 3750 3522 ἀνα-

2142 3560 2402 3627 ’στάσει;
2437 3562 2545 3615 Kal
2580 3561 2751 3626 οὕτως
2779 3564 2857 3626 εἰς
2911 3562 3066 3633 βυθὸν
3110 3562 3375 3634 φλυαρίας
3424 3564 3574 3633 ἡμᾶς
3625 3560 3746 3614 ἀλό-

2182 3669 2311 3722 γους
2344 3652 2455 3725 (62)
2489 3652 2828 3724 συμϐήσεται
2873 3653 3182 3724 ἐμπίπτειν.
3229 3654 3337 3707 Καὶ
3375 3653 3513 3720 μετὰ
3551 3653 3747 3715 ταύτας

2181 3746 2277 3809 τὰς
2323 3747 2576 3814 ἀπορίας,
2619 3746 2712 3798 ἐπὶ
2743 3746 2803 3799 τὸ
2847 3745 3026 3800 πάντα
3069 3744 3269 3799 δυνατὰ
3323 3753 3455 3801 εἶναι
3504 3743 3583 3815 τῷ
3633 3745 3749 3816 Θεῷ

2182 3835 2612 3902 καταφεύγουσι,
2664 3835 2757 3888 καὶ
2804 3834 2978 3901 λέξεις
3024 3832 3129 3887 τῶν
3185 3835 3414 3906 Γραφῶν
3448 3835 3749 3906 δυναμένας

2182 3925 2324 3981 κατὰ
2370 3926 2468 3997 τὴν
2522 3928 2807 3999 πρόχειρον
2860 3925 3085 3997 ἐκδοχὴν
3120 3926 3440 3979 ὑποϐάλλειν
3486 3927 3551 3978 τὸ
3601 3925 3747 3981 νοού-

2185 4036 2343 4089 μενον
2366 4020 2549 4084 αὺτοίς
2582 4020 2944 4091 προφέρονται
2964 4035 2977 4048 ”
3011 4014 3121 4071 οἷον
3147 4017 3244 4088 τὴν
3265 4018 3322 4071 ἐν
3342 4017 3421 4088 τῷ
3459 4017 3743 4089 Ἰεζεχιηλσ

2188 4129 2206 4161 ι
2240 4110 2349 4163 Kal
2382 4110 2596 4179 ἐγένετο
2628 4113 2713 4163 ἐπ’
2737 4109 2837 4180 ἐμὲ
2869 4110 2989 4181 χεὶρ
3019 4108 3220 4180 Κυρίου
3239 4125 3251 4137 ·
3282 4108 3374 4162 καὶ
3402 4107 3637 4177 ἐξήγαγέ
3681 4123 3746 4179 με

2180 4205 2239 4256 ἐν
2270 4202 2561 4273 πνεύματι,
2593 4202 2690 4255 καὶ
2731 4200 2893 4269 ἔθηκέ
2927 4218 2993 4272 με
3022 4201 3076 4252 ἐν
3111 4200 3261 4270 μέσῳ
3292 4199 3385 4252 τοῦ
3420 4198 3623 4263 πεδίου,
3655 4197 3745 4253 καὶ

2180 4293 2338 4347 τοῦτο
2367 4290 2433 4365 ἦν
2468 4293 2662 4363 μεστὸν
2691 4292 2892 4345 ὀστέων
2925 4289 3245 4362 ἀνθρώπων.
3284 4289 3393 4342 Kal
3443 4286 3743 4359 περιήγαγέ

2185 4403 2252 4458 με
2287 4386 2374 4439 ἐπ’
2409 4384 2546 4438 αὐτὰ
2587 4384 2846 4437 κυκλόθεν
2879 4382 3090 4453 κύκλῳ’
3124 4382 3217 4434 καὶ
3259 4380 3364 4433 ἰδοὺ
3400 4378 3575 4432 πολλά
3616 4375 3744 4448 σφό-

2177 4478 2281 4550 δρα
2307 4477 2399 4530 ἐπὶ
2430 4474 2721 4548 προσώπου
2752 4474 2844 4528 τοῦ
2896 4474 3077 4528 πεδίου
3096 4490 3109 4504 °
3147 4474 3239 4526 καὶ
3274 4471 3403 4534 ἰδοὺ,
3438 4470 3577 4525 αὐτά
3609 4469 3743 4543 ξηρὰ

2155 4568 2315 4632 λίαν.
2348 4568 2461 4622 Kal
2502 4563 2622 4620 εἷπε
2652 4567 2791 4638 πρὸς
2826 4565 2891 4637 μέ
2912 4583 2926 4595 ·
2962 4565 3057 4619 Υἱὲ
3099 4563 3408 4636 ἀνθρώπου,
3442 4564 3490 4616 εί
3522 4562 3743 4634 ζήσεται

2174 4658 2247 4712 τὰ
2293 4659 2454 4712 ὀστέα
2522 4658 2732 4723 caiisa;
2790 4659 2900 4711 Kal
2953 4652 3129 4710 εἷπον·
3177 4654 3347 4726 Κύριε
3389 4654 3420 4705 ὁ
3476 4652 3628 4715 Θεὸς,
3681 4652 3740 4705 σὺ

2175 4749 2466 4804 ἐπίστασαι
2496 4750 2688 4803 ταῦτα.
2735 4750 2846 4802 Kal
2883 4744 3000 4801 εἷπε
3032 4747 3167 4821 πρὸς
3203 4747 3303 4817 μέ·
3339 4747 3738 4817 Προφήτευσον,

2176 4842 2259 4896 υίέ
2303 4841 2610 4914 ἀνθρώπου.
2640 4841 2752 4895 Kal
2782 4836 2934 4893 εἶπον
2966 4838 3100 4912 πρὸς
3142 4839 3282 4892 αὑτά
3303 4855 3316 4869 ⁸
3356 4838 3437 4891 Τά
3477 4835 3645 4890 ὀστέα
3677 4834 3741 4888 τὰ

2179 4935 2319 5007 ξηρά
2367 4935 2573 4999 ταῦτα,
2619 4932 2889 4987 ἀκούσατε
2931 4931 3087 5000 λόγον
3134 4930 3339 5001 Κυρίου
3361 4945 3375 4959 ·
3423 4926 3549 4982 τάδε
3599 4927 3742 4995 λέγει

2187 5027 2412 5083 Ἀδωναῖ
2462 5026 2667 5098 Κύριος
2723 5027 2835 5088 τοῖς
2894 5023 3103 5086 ὀστέοις
3151 5021 3393 5083 τούτοις·
3447 5017 3577 5072 Ἰδοὺ
3632 5014 3740 5085 ἐγὼ

2178 5121 2382 5189 εἰσάγω
2423 5120 2503 5182 είς
2535 5118 2679 5190 ὑμᾶς
2724 5116 2938 5187 πνεῦμα
2971 5115 3135 5185 ζωῆς,
3164 5112 3257 5166 καὶ
3285 5111 3440 5165 δώσω
3486 5112 3565 5173 εἰς
3599 5107 3741 5179 ὑμᾶς

2175 5213 2366 5285 νεῦρα,
2398 5214 2495 5266 καὶ
2526 5211 2712 5276 ἐπάξω
2746 5211 2832 5279 ἐφ’
2858 5210 3000 5279 ὑμᾶς
3044 5207 3273 5278 σάρκας,
3304 5205 3398 5258 καὶ
3428 5201 3631 5256 ἐκτενῶ
3657 5198 3741 5268 ἐφ’

500 5311 671 5378 arida,
707 5312 889 5367 audite
938 5312 1159 5365 verbum
1209 5307 1442 5363 Domini.
1477 5305 1602 5361 Haec
1636 5305 1769 5358 dicit
1801 5303 2060 5360 Dominus

2184 5310 2312 5381 ὅμᾶς
2333 5307 2530 5380 δέρμα,
2562 5306 2656 5358 καὶ
2686 5302 2842 5358 δώσω
2871 5303 2931 5357 τὸ
2957 5300 3175 5373 πνεῦμά
3206 5316 3306 5371 μου
3339 5297 3425 5367 ἐφ’
3458 5296 3623 5366 ὑμᾶς.
3651 5290 3741 5347 καὶ

564 5404 587 5437 ⁸
610 5404 809 5460 Ezech.
835 5418 1045 5470 xxxvtt,
1077 5404 1103 5460 1
1129 5411 1186 5456 et
1214 5417 1369 5472 seqq.

568 5495 680 5567 (59)
714 5499 861 5552 Οὔτε
902 5498 969 5552 τὸ
1032 5496 1384 5568 Ἰι’6,ριιῑ’λιρν,Δ
1438 5501 1546 5568 etc.
1607 5489 1874 5568 Scholion
1925 5488 2068 5568 istud

497 5559 683 5620 Graece
709 5569 968 5623 exhibent
999 5559 1211 5623 schedia
1239 5564 1654 5621 Combetlsianm
1675 5595 1690 5619 ,
1724 5572 1780 5615 et
1835 5559 2067 5617 Grabia-

497 5650 614 5712 me.
629 5635 925 5712 Al_n__Catenn
954 5638 1196 5712 Corderji
1221 5635 1503 5691 Genuadio
1537 5632 1855 5712 ascrjliitiir.
1955 5701 1966 5712 θ

562 5708 674 5779 (60)
699 5708 940 5765 llabetur
969 5710 1109 5764 istud
1144 5710 1504 5778 fragmentum
1531 5705 1670 5774 apud
1704 5702 2063 5773 Epiphanium

2177 5487 2738 5629 1ὶὶῐῗίῖἷςῖ[ξἰιξιξῗθιιτοιεῖν
2771 5555 2921 5609 deest
2969 5553 3304 5626 ἐπιτρέπειν,
3369 5548 3453 5604 vel
3492 5560 3621 5620 quia
3664 5560 3741 5604 at-

2176 5630 2355 5769 mitis)
2395 5697 2691 5767 Ἀλότους.
2726 5694 2885 5751 Forte
2916 5694 3144 5764 ἀλόγως.
