4046 6152
380 254 521 309 1393

1362 249 1670 308 SELECTA
1707 250 1773 305 IN
1807 245 2138 305 PSALMOS.
2184 279 2252 288 —
2285 249 2478 304 PSAL.
2521 250 2561 306 Ι.

3474 257 3611 318 1035

367 373 626 446 ζήσεσθε·
660 373 755 427 καὶ
794 373 1034 444 θήσομαι
1064 372 1210 444 ὑμᾶς
1244 372 1337 426 ἐπὶ
1383 374 1482 444 τὴν
1512 372 1821 445 γῆν-ὑμῶν,
1851 375 1932 425 κατ

2056 371 2194 425 Deus
2223 373 2439 427 ossibus
2468 372 2576 428 illis
2609 391 2621 427 :
2656 373 2795 429 Ecce
2825 390 2925 445 ego
2958 376 3207 433 inducam
3249 378 3305 433 in
3328 396 3423 437 vos
3448 383 3610 453 spiri-

363 463 641 533 γνώσεσθε
688 464 771 517 ὅτι
814 463 926 533 ἐγώ
975 467 1089 534 είμι
1135 464 1360 537 Κύριος.
1400 484 1418 515 ι
1466 466 1652 534 Τούτῳ
1711 464 1807 535 μὲν
1849 457 1942 517 οῦν

364 557 724 629 πιθανωτέρῳ
752 557 989 628 χρῶνται
1018 557 1096 629 τῷ
1125 558 1300 629 ῥητῷ·
1334 559 1431 611 καὶ
1459 558 1593 613 ἄλλα
1616 558 1672 611 δὲ
1695 557 1941 628 λέγουσιν

364 648 717 717 εύαγγελικά,
751 645 883 713 οἷον,
923 648 998 713 ὡς
1044 649 1126 713 τὸ,
1172 668 1191 700 ‹
1232 648 1378 702 Ἐκεῖ
1426 648 1577 702 ἔσται
1608 649 1636 702 ὁ
1668 645 1943 718 κλαυθμὸς

363 742 462 797 καὶ
486 745 514 795 ὁ
552 741 795 812 βρυγμὸς
814 741 923 796 τῶν
954 741 1210 795 ὀδόντωνσ
1242 760 1260 793 ι
1291 742 1387 795 καὶ
1405 741 1486 801 τὸ,
1514 758 1532 791 t
1552 739 1824 810 Φοϐήθητε
1851 740 1940 793 τὸν

362 834 663 904 δυνάμενον
682 832 777 886 καὶ
802 832 977 905 ψυχὴν
994 834 1087 888 καὶ
1111 832 1270 905 σῶμα
1304 832 1566 887 ἀπολέσαι
1593 833 1650 885 ὲν
1671 832 1888 905 γεέννῃ·
1915 850 1934 884 ι

364 927 462 980 καὶ
492 927 553 979 τὸ
591 927 648 979 ἐν
691 926 770 997 τῷ
802 925 1031 996 Παύλῳ·
1071 944 1089 977 ‹
1118 926 1449 996 Ζωοποιήσει
1477 924 1546 978 τά
1592 922 1759 995 θνητά
1786 923 1940 994 ὑμῶν

365 1018 618 1090 σώματα,
645 1017 733 1072 διὰ
771 1017 833 1071 τὸ
881 1016 1123 1072 ἐνοικοῦν
1151 1016 1316 1070 αὐτοῦ
1361 1016 1586 1088 Πνεῦμα
1634 1018 1693 1069 ἐν
1736 1018 1881 1087 ὑμῖν.
1913 1035 1932 1067 ι

362 1111 487 1184 Χρὴ
519 1111 574 1164 δὲ
599 1112 776 1165 πάντα
807 1110 896 1164 τὸν
924 1108 1190 1181 φιλαλήθη
1236 1109 1355 1163 κατ’
1382 1110 1544 1163 αὐτὸν
1589 1108 1700 1181 (65)
1727 1108 1939 1174 τούτοις

366 1203 460 1256 τὸν
502 1202 625 1256 νοῦν
671 1204 1039 1274 ἐπιστήσαντα
1076 1201 1329 1273 περὶτῆς
1357 1201 1703 1266 ἀναστάσεως
1741 1202 1939 1271 ἀγωνί-

369 1294 589 1359 σασθαι,
617 1295 788 1348 σῶσαί
813 1312 873 1347 τε
916 1294 1011 1347 καὶ
1053 1294 1150 1364 τὴν
1183 1293 1292 1346 τῶν
1330 1293 1572 1365 ἀρχαίων
1617 1294 1934 1367 παράδοσιν,

367 1388 463 1440 καὶ
528 1386 865 1456 φυλάξασθαι
932 1388 1191 1457 ἐμπεσεῖν
1242 1386 1322 1448 είς
1381 1385 1646 1458 φλυαρίαν
1706 1386 1937 1457 πτωχῶν

365 1477 673 1547 νοημάτων,
699 1477 976 1530 ἀδυνάτων
998 1494 1057 1528 τε
1084 1476 1199 1547 ἅμα
1221 1477 1316 1529 καὶ
1337 1476 1470 1529 Θεοῦ
1496 1476 1747 1543 ἀναξίων.
1768 1479 1937 1532 Τοῦτο

363 1567 459 1625 οῦν
490 1574 570 1636 εἰς
618 1573 709 1627 τὸν
759 1572 923 1626 τόπον
977 1572 1320 1643 διαληπτέον,
1361 1572 1443 1625 ὅτι
1477 1574 1584 1626 πᾶν
1628 1572 1787 1645 σῶμα
1832 1573 1935 1627 ὑπὸ

365 1663 584 1734 φύσεως
608 1664 962 1734 συνεχόμενον
1000 1663 1100 1733 τῆς
1127 1663 1565 1735 καταταττούσης
1595 1664 1791 1732 ἔξωθέν
1816 1684 1934 1718 τινα

2054 470 2164 515 tum
2190 464 2337 530 vitae,
2366 473 2421 519 et
2452 479 2650 533 ponam
2680 466 2732 519 in
2762 467 2913 523 vobis
2941 483 3156 537 nervos,
3191 477 3245 525 et
3272 472 3524 529 inducam
3558 476 3610 529 in

2050 569 2144 610 vos
2169 572 2382 623 carnes,
2423 568 2476 614 et
2504 560 2792 614 extendam
2821 576 2987 632 super
3017 579 3115 619 vos
3142 574 3347 630 cutem,
3385 576 3440 623 et
3468 568 3610 625 dabo

2050 648 2297 716 spiritum
2356 664 2533 704 meum
2577 650 2630 706 iu
2672 667 2788 715 vos,
2835 662 2892 708 et
2921 654 3135 710 vivetis.
3173 655 3239 710 Et
3267 673 3462 727 ponam
3514 676 3613 716 vos

2049 741 2102 795 in
2136 751 2280 796 terra
2312 753 2517 809 vestra,
2553 753 2608 799 et
2653 748 2992 815 cognoscetis
3041 748 3170 818 quia
3201 763 3302 820 ego
3348 766 3468 806 sum
3503 752 3609 808 Do-

2047 833 2248 888 minus.
2298 852 2317 886 ›
2376 834 2487 890 Hoc
2530 836 2696 907 igitur
2741 838 3075 905 probabilius
3106 842 3318 896 caeteris
3363 844 3611 900 testimo-

2046 926 2196 979 nium
2230 935 2332 992 est,
2359 942 2480 996 qua:
2521 941 2948 984 commemorare
2999 931 3195 996 solent,
3225 942 3423 1000 praeter
3465 936 3607 1004 quod

2046 1018 2309 1073 nonnulla
2336 1033 2402 1073 ex
2443 1019 2752 1090 Evangeliis
2799 1031 3126 1090 expromuut
3169 1039 3186 1076 :
3238 1024 3406 1090 velut,
3458 1044 3478 1077 ‹
3531 1026 3609 1082 lbi

2044 1110 2149 1164 erit
2180 1108 2336 1165 ﬂetus
2355 1120 2409 1164 et
2436 1111 2636 1165 stridor
2659 1110 2901 1164 dentium
2931 1115 2972 1163 ⁸.
3009 1129 3028 1163 ι
3058 1110 3468 1169 ΙιοιηειΤίηιθιε
3482 1131 3606 1171 eum

2043 1201 2134 1268 qui
2165 1208 2342 1268 potest
2370 1208 2425 1253 et
2471 1201 2706 1254 animam
2742 1209 2795 1253 et
2828 1216 3023 1268 corpus
3049 1204 3275 1271 perdere
3315 1204 3367 1257 in
3409 1207 3609 1274 geheno

2045 1308 2171 1346 nam
2198 1293 2240 1345 ⁷.
2274 1311 2293 1344 ι
2338 1291 2473 1346 Tum
2503 1292 2634 1345 illud
2665 1308 2731 1346 ex
2776 1292 2945 1346 Paulo
2972 1293 2995 1325 ⁸
3025 1311 3038 1347 :
3078 1312 3097 1345 ‹
3139 1295 3445 1352 Vivillcabit
3466 1313 3609 1353 mor-

2046 1383 2171 1437 talia
2228 1399 2456 1452 corpora
2489 1393 2692 1446 vestra,
2738 1382 2899 1455 534
2943 1394 3164 1455 propter
3210 1388 3604 1444 iultabitantem

2042 1475 2158 1543 ejus
2179 1475 2439 1544 Spiritum
2471 1476 2522 1529 in
2553 1476 2724 1529 vobis.
2757 1493 2776 1526 ι
2809 1477 3003 1529 Verum
3041 1493 3231 1534 omnes
3258 1495 3352 1535 eos
3378 1496 3603 1538 necesse

2041 1578 2145 1632 est,
2183 1565 2270 1634 qui
2298 1565 2544 1620 veritatis
2592 1566 2772 1620 studio
2807 1566 3103 1631 ducuntur,
3147 1583 3267 1622 cum
3299 1570 3368 1624 ad
3395 1585 3458 1625 ea
3486 1574 3604 1627 ani-

2042 1671 2188 1710 mum
2241 1656 2560 1725 adiecerint,
2599 1659 2859 1712 adversus
2907 1658 3040 1712 istos
3088 1657 3156 1712 de
3204 1664 3604 1720 resurrectione

363 1754 520 1824 δίκην
565 1756 768 1825 τροφῆς
793 1756 874 1817 εἰς
920 1754 1070 1818 αὐτὸ,
1100 1754 1193 1807 καὶ
1237 1734 1637 1827 ἀποκρινούσης
1663 1755 1783 1809 ἀντὶ
1830 1756 1932 1810 τῶν

2039 1748 2405 1814 contendere;
2462 1758 2518 1801 ut
2550 1756 2607 1803 et
2657 1763 2778 1818 quze
2817 1764 2846 1802 a
2896 1750 3185 1805 veteribus
3206 1754 3404 1808 tradita
3453 1764 3600 1822 sunt,

366 1847 805 1917 ἐπεισαγομένων
840 1846 1022 1917 ἕτερα,
1047 1844 1235 1918 ὥσπερ
1257 1845 1326 1899 τὰ
1358 1845 1466 1899 τῶν
1497 1846 1678 1915 φυτῶν
1711 1851 1803 1902 καὶ
1828 1848 1937 1902 τῶν

368 1938 544 2005 ξώων,
578 1938 638 1992 τὸ
680 1940 861 1992 ὑλικὸν
891 1938 1247 2009 ὑποκείμενον
1295 1937 1549 1991 οὐδέποτε
1587 1938 1699 2009 ἔχει
1721 1939 1935 1994 ταυτόν.

365 2031 565 2104 Διόπερ
589 2031 649 2085 ού
678 2031 865 2095 κακῶς
898 2033 1140 2103 ποταμὸς
1170 2030 1484 2102 ὠνόμασται
1510 2030 1572 2083 τὸ
1606 2031 1794 2102 σῶμα·
1829 2032 1937 2084 διό-

365 2138 440 2185 τι,
484 2122 559 2186 ὠς
602 2122 736 2193 πρὸς
782 2122 843 2175 τὸ
896 2122 1118 2192 ἀκριϐὲς
1143 2122 1302 2193 τάχα,
1333 2121 1451 2175 οὐδὲ
1482 2121 1575 2174 δύο
1619 2122 1841 2194 ἡμερῶν
1876 2122 1938 2175 τὸ

365 2212 581 2285 πρῶτον
629 2212 984 2284 ὑποκείμενον
1033 2213 1229 2266 ταυτόν
1281 2214 1428 2267 ἐστιν
1476 2215 1533 2267 ἐν
1590 2214 1668 2285 τῷ
1725 2215 1935 2287 σώματι

364 2304 556 2377 ἡμῶν·
589 2304 835 2374 καίτοιγε
887 2304 978 2358 τοῦ
1010 2300 1119 2358 οἷον
1164 2305 1197 2376 ἧ
1242 2305 1473 2371 Παύλου,
1507 2306 1538 2377 ἢ
1572 2307 1799 2378 Πέτρου,
1849 2309 1935 2362 ἀεὶ

364 2398 460 2451 τοῦ
505 2398 669 2451 αὐτοῦ
716 2398 888 2463 ὄντος,
916 2398 977 2450 ού
1022 2396 1115 2450 τοῦ
1164 2397 1309 2458 κατά
1350 2396 1525 2468 ψυχὴν
1562 2399 1742 2469 μόνου,
1792 2396 1859 2471 ἧς
1900 2403 1932 2472 ἡ

366 2489 524 2542 οὐσία
555 2487 676 2542 οὔτε
713 2491 797 2561 ῥεῖ
817 2488 938 2542 καθ’
965 2490 996 2560 ἡ
1007 2490 1131 2559 μᾶς,
1151 2487 1261 2541 οὔτ’
1290 2489 1712 2560 ὲπεισαγόμενόν
1738 2509 1789 2544 τι
1824 2491 1934 2562 ἔχει

370 2577 522 2641 ποτὲ,
551 2576 655 2632 κᾶν
693 2579 890 2649 ρευστὴ
935 2573 1066 2648 ἧνὴ
1107 2575 1265 2647 φύσις
1317 2576 1411 2630 τοῦ
1461 2577 1730 2649 σώματος,
1766 2580 1843 2653 τῷ
1874 2581 1935 2635 τὸ

368 2667 506 2735 εἶδος
536 2671 595 2725 τὺ
617 2670 1014 2743 χαρακτηρίζον
1036 2670 1096 2722 τὸ
1128 2668 1285 2741 σῶμα
1313 2671 1509 2725 ταυτὸν
1539 2666 1708 2725 εἶναι’
1737 2671 1812 2736 ὼς
1841 2673 1934 2726 καὶ

366 2763 496 2827 τοὺς
539 2761 740 2826 τύπους
787 2762 966 2833 μένειν
997 2762 1122 2824 τοὺς
1165 2761 1379 2827 αὐτοὺς,
1419 2763 1499 2827 είς
1524 2763 1622 2835 τὴν
1663 2762 1773 2837 (64)
1815 2782 1935 2818 ποι-

365 2854 533 2925 ότητα
561 2854 767 2927 Πέτρου
806 2853 898 2908 καὶ
930 2851 1142 2906 Παύλου
1172 2853 1270 2925 τὴν
1315 2856 1630 2927 σωματικὴν
1670 2855 1937 2929 παριστάο

369 2963 595 3011 νονταςο
645 2946 768 3000 καθ’
813 2946 881 3017 ἥν
927 2946 1191 3017 ποιότητα
1249 2945 1343 3000 καὶ
1396 2947 1550 3001 οὐλαὶ
1614 2951 1678 3002 ἐκ
1728 2950 1934 3008 παίδων

2040 1843 2413 1909 retineantur;
2456 1842 2619 1911 idque
2661 1858 2974 1910 caveamus,
3007 1859 3077 1900 ne
3109 1846 3165 1901 in
3201 1861 3457 1904 sensuum
3486 1851 3604 1905 ina-

2039 1934 2387 1989 nissimorum
2425 1934 2660 2003 ineptias
2689 1935 3081 1991 descendamus
3107 1954 3121 2004 ;
3153 1953 3340 1993 eorum
3366 1939 3600 2007 scilicet,

2037 2040 2155 2095 qua:
2190 2039 2364 2093 neque
2399 2026 2510 2078 lieri
2544 2036 2787 2096 possunt,
2818 2035 2869 2081 et
2900 2028 3083 2083 divina
3136 2031 3424 2102 majestate
3475 2044 3603 2088 sunt

2037 2118 2277 2185 indigna.
2321 2115 2586 2182 Quocirca
2626 2116 2706 2171 sic
2760 2117 2828 2170 ad
2880 2131 3003 2173 eum
3057 2119 3237 2175 locum
3286 2105 3599 2177 ratiocinari

2035 2208 2287 2264 convenit
2321 2228 2332 2262 :
2365 2222 2564 2277 corpus
2592 2222 2770 2274 omne,
2818 2211 2959 2277 quod
2987 2212 3206 2279 quidem
3244 2220 3436 2266 natura
3465 2227 3600 2268 con-

2039 2298 2258 2363 tinetur,
2317 2313 2437 2367 quze
2483 2297 2823 2352 extrinsecus
2854 2300 3057 2370 aliquid
3090 2301 3139 2356 ei
3172 2302 3417 2358 alimenti
3455 2305 3598 2359 asci-

2036 2390 2160 2454 scit,
2189 2403 2393 2457 proque
2418 2388 2484 2442 iis
2513 2405 2631 2459 quae
2662 2389 3022 2455 sulIiciuntur,
3053 2392 3299 2446 excernit
3320 2392 3423 2446 alia
3451 2412 3465 2447 :
3500 2409 3600 2449 cu-

2029 2477 2265 2546 jusmodi
2299 2488 2424 2532 sunt
2455 2478 2706 2547 stirpium
2740 2493 2996 2549 corpora,
3037 2489 3091 2535 et
3125 2481 3441 2536 animalium
3472 2498 3601 2553 pars

2036 2567 2123 2620 illa
2153 2583 2276 2622 cum
2311 2571 2536 2621 materia
2567 2576 2865 2633 concreta;
2917 2583 3193 2637 nunquam
3224 2585 3390 2624 unum
3426 2572 3599 2627 idem-

2035 2676 2142 2731 que
2169 2674 2473 2714 remanere.
2509 2658 2663 2714 Unde
2684 2674 2793 2713 non
2817 2658 2957 2714 male
2984 2658 3181 2715 ﬂuvius
3226 2662 3446 2732 quidam
3474 2679 3599 2720 cor-

2034 2766 2138 2821 pus
2186 2766 2308 2807 esse
2352 2750 2590 2805 dicitur:
2620 2751 2879 2819 quoniam
2925 2750 2970 2806 si
3002 2761 3255 2807 accurate
3284 2756 3597 2811 considere-

2035 2856 2175 2900 mus.
2206 2855 2275 2895 ne
2303 2841 2468 2895 biduo
2510 2841 2726 2911 quidem
2769 2839 2918 2911 prior
2944 2842 3166 2896 materia
3199 2843 3253 2898 in
3281 2846 3597 2915 corporibus

2037 2932 2238 2987 nostris
2283 2932 2473 2987 eadem
2514 2940 2885 3002 constansque
2912 2943 3229 3003 perseverat
3259 2953 3273 2990 :
3299 2950 3421 2991 cum
3455 2937 3600 2992 inte-

368 3038 740 3110 παραμένουσι
766 3041 878 3102 τοῖς
908 3037 1143 3110 σώμασι,
1186 3039 1278 3092 καῖ
1304 3039 1439 3093 ἄλλα
1479 3039 1602 3093 τινὰ
1647 3040 1928 3113 ἰδιώματα,

2038 3024 2140 3078 rim
2165 3023 2362 3078 Paulus
2394 3022 2625 3092 exempli
2654 3023 2852 3092 gratia,
2890 3022 2974 3078 vel
3014 3022 3204 3081 Petrus
3230 3027 3370 3082 idem
3401 3029 3599 3084 nihilo-

366 3132 550 3201 φακοί.
586 3132 693 3185 Καὶ
736 3132 827 3185 ἐπὶ
858 3131 1070 3195 τούτοις
1101 3131 1153 3184 εἴ
1190 3149 1243 3185 τι
1288 3132 1435 3185 ἐστὶν
1471 3133 1650 3203 ὅμοιον
1683 3135 1839 3189 τοῦτο
1869 3135 1930 3189 τὸ

366 3217 525 3286 εἶδος,
554 3221 673 3276 καθ’
698 3221 726 3275 ὃ
751 3221 1092 3275 εἰδοποιεῖται
1123 3223 1151 3275 ὁ
1197 3222 1401 3292 Πέτρος
1428 3224 1520 3276 καὶ
1547 3224 1576 3274 ὁ
1608 3223 1841 3290 Παῦλος,
1871 3225 1932 3280 τὸ

367 3315 697 3385 σωματικὸν,
723 3315 751 3369 ὃ
783 3317 840 3368 ἐν
876 3318 942 3386 τῇ
978 3315 1271 3368 ἀναστάσει
1310 3316 1642 3387 περιτίθεται
1673 3318 1833 3372 πάλιν
1864 3322 1929 3391 τῇ

365 3405 532 3477 ψυχῇ,
560 3406 653 3458 ἐπὶ
696 3404 757 3458 τὺ
801 3407 1046 3476 κρεῖττον
1090 3404 1444 3475 μεταϐάλλον,
1478 3406 1538 3459 ού
1572 3407 1789 3473 πάντως
1814 3409 1933 3464 τόδε

369 3496 452 3551 ἐτι
480 3497 868 3566 ἐντεταγμένον
901 3496 961 3549 τὺ
991 3495 1132 3550 κατὰ
1175 3496 1273 3568 τὴν
1306 3496 1530 3568 πρώτην
1555 3499 1929 3571 ὑποκείμενον.

368 3591 580 3661 Ὠσπερ
629 3588 739 3661 (65)
772 3588 829 3642 δὲ
858 3588 919 3641 τὸ
967 3585 1102 3653 εἶδός
1136 3590 1251 3642 ἐστι
1305 3590 1465 3662 μέχρι
1514 3589 1607 3643 τοῦ
1664 3592 1930 3663 πέρατος,

365 3682 468 3737 κᾶν
500 3684 547 3734 οἱ
592 3679 934 3752 χαρακτῆρες
979 3677 1176 3732 δοκῶσι
1223 3679 1423 3752 πολλὴν
1473 3680 1617 3751 ἔχειν
1661 3682 1935 3754 παραλλα-

364 3773 501 3842 γήν·
550 3768 722 3832 οὕτως
775 3768 991 3839 νοητέον
1026 3768 1119 3821 καὶ
1167 3769 1258 3821 ἐπὶ
1314 3769 1407 3821 τοῦ
1462 3770 1745 3840 παρόντος,
1795 3768 1934 3836 εἶδος

362 3862 558 3917 ταυτὸν
589 3860 724 3915 εῖναι
764 3859 843 3931 τῷ
889 3859 1156 3932 μέλλοντι,
1210 3861 1467 3933 πλείστης
1499 3863 1630 3932 ὅσης
1671 3864 1932 3936 ἐσομένης

365 3955 464 4026 τῆς
517 3955 609 4007 ἐπὶ
662 3952 877 4006 κάλλιον
935 3950 1257 4022 μεταϐολῆς.
1314 3952 1631 4020 Ἀναγκαῖον
1680 3954 1788 4026 γὰρ
1834 3955 1932 4026 τὴν

363 4046 558 4119 ψυχὴν,
602 4047 659 4100 ἐν
704 4045 887 4108 τόποις
932 4046 1263 4114 σωματικοῖς
1322 4042 1687 4114 ὑπάρχουσαν,
1729 4048 1933 4118 κεχρῆ-

367 4139 488 4193 σθαι
532 4137 744 4209 σώμασι
777 4135 1132 4207 καταλλήλοις
1183 4138 1294 4200 τοῖς
1332 4135 1539 4199 τόποις.
1593 4137 1703 4190 Καὶ
1746 4136 1933 4211 ὥσπερ

365 4233 423 4285 ἐν
456 4231 697 4304 θαλάσσῃ
726 4230 822 4302 ζῇν
855 4230 1003 4302 ἡμᾶς
1035 4227 1286 4299 ἐνύδρους
1316 4228 1637 4300 γενομένους
1666 4231 1714 4282 εί
1740 4230 1928 4301 ἐχρῆν,

364 4325 578 4389 πάντως
630 4325 697 4381 ἂν
739 4324 845 4377 ἔδει
886 4321 1270 4395 παραπλησίαν
1316 4321 1458 4391 ἔχειν
1495 4323 1589 4375 καὶ
1620 4322 1718 4395 τὴν
1765 4323 1929 4396 ἀλλην

367 4420 560 4491 ἰχθύων
610 4418 967 4473 κατάστασινο
1010 4414 1181 4477 οὕτως
1235 4413 1522 4484 μέλλοντας
1577 4415 1928 4487 κληρονομεῖν

363 4512 638 4582 βασιλείαν
673 4509 938 4580 οὐρανῶν,
978 4509 1072 4562 καὶ
1118 4507 1177 4559 ὲν
1204 4505 1389 4568 τόποις
1419 4504 1763 4577 διαφέρουσιν
1804 4508 1924 4562 ἐσε-

366 4601 509 4666 σθαι,
549 4602 843 4668 ἀναγκαῖον
870 4597 1102 4668 χρῆσθαι
1129 4594 1344 4666 σώμασι
1376 4598 1778 4664 πνευματικοῖς,
1808 4598 1928 4668 οὐχὶ

363 4693 458 4747 τοῦ
492 4692 665 4754 εἴδους
707 4690 801 4743 τοῦ
838 4689 1104 4761 προτέρου
1136 4684 1552 4756 ἀφανιζομένου,
1586 4685 1689 4739 κᾶν
1730 4688 1824 4742 ἐπὶ
1866 4693 1929 4745 τὸ

439 4787 461 4818 ⁶
492 4785 684 4839 Matth.
715 4798 831 4847 vui,
867 4784 955 4836 12.

461 4876 552 4941 63)
579 4876 793 4932 Αὐτόν.
829 4874 990 4928 Forte
1019 4872 1325 4941 legendum,
1367 4870 1564 4929 αὐτῶν.

461 4879 529 4934 65
579 4876 793 4932 Αὐτόν.
829 4876 990 4928 Forte
1019 4876 1325 4941 legendum,
1367 4876 1482 4926 αὐτ(

441 4876 554 5018 (643
589 4949 693 5011 Εἰς
722 4943 851 5011 τήν.
886 4942 1047 5018 Fort_e
1070 4943 1201 5018 τοὺς
1227 4943 1346 5013 τήν,
1375 4953 1482 5018 etc.

438 5011 550 5088 (65)
583 5019 973 5088 ’⁹Ωσπερ,-θις.
1006 5011 1170 5088 ﬂung
1179 5011 1362 5088 locum
1383 5012 1450 5088 _in
1477 5012 1738 5088 _Apolog_ia
1769 5013 1931 5088 Pam-

367 5080 497 5160 pltili
525 5080 603 5143 sic
634 5080 794 5141 vertit
828 5083 1055 5160 Ruﬁnus
1085 5080 1277 5160 :_Sieut
1312 5083 1447 5134 enim
1471 5080 1703 5160 in_nob'is
1742 5087 1925 5139 eadem

365 5151 557 5226 species
587 5164 851 5226 permanet
911 5154 975 5205 ab
1015 5151 1268 5226 infantia
1296 5167 1455 5216 usque
1482 5152 1551 5226 ad
1593 5165 1925 5226 senectutem,

366 5221 484 5283 licet
531 5221 858 5280 characteres
916 5222 1134 5273 multant
1187 5221 1459 5273 videantur
1512 5223 1926 5277 immutationem

368 5302 636 5365 recipere:
668 5295 744 5348 ita
794 5291 1187 5365 intelligendum
1230 5296 1310 5343 est
1356 5290 1490 5343 hanc
1537 5291 1766 5365 speciem
1811 5308 1928 5365 qua:

366 5361 504 5422 nunc
540 5368 674 5421 inest
701 5364 869 5429 nobis,
892 5366 1060 5431 ipsam
1109 5376 1505 5431 permansurum
1554 5361 1710 5431 etiam
1752 5361 1803 5413 in
1834 5362 1925 5429 fu-

369 5451 516 5502 turo,
550 5436 775 5505 plurima
818 5428 993 5505 tamen
1026 5428 1386 5505 immutatione
1433 5429 1491 5505 in
1521 5428 1704 5505 melius
1735 5439 1784 5482 et
1804 5428 1927 5505 glo-

367 5499 559 5559 riosius
597 5505 760 5567 facta.
819 5501 1040 5555 Necesse
1097 5511 1171 5553 est
1210 5499 1348 5552 enim
1398 5501 1631 5552 animam
1678 5499 1734 5552 in
1794 5500 1924 5553 locis

366 5579 628 5644 corporeis
650 5572 969 5644 habitantem
998 5569 1076 5623 uti
1096 5570 1412 5644 corporibus.
1430 5569 1622 5621 talibus
1649 5584 1765 5644 qua:
1800 5579 1927 5637 apta

366 5636 470 5698 sini
497 5645 577 5697 Itis
608 5644 735 5696 locis
764 5644 818 5696 in
846 5641 1034 5710 quibus
1061 5636 1222 5710 degit.
1257 5636 1326 5691 Et
1366 5638 1522 5710 sicut,
1552 5638 1694 5690 verbi
1741 5636 1925 5704 causa,

370 5716 415 5767 si
446 5716 496 5769 in
526 5716 675 5784 aquis
706 5707 866 5767 maris
895 5728 985 5765 nos
1011 5707 1273 5772 habitare,
1311 5707 1389 5763 vel
1411 5710 1617 5781 .degere
1666 5718 1923 5773 posceret,

1039 4782 1060 4813 ἰ
1088 4780 1279 4835 Matth.
1306 4796 1360 4847 x,
1388 4778 1479 4833 28.
1555 4778 1577 4811 ⁸
1604 4778 1764 4835 Rom.
1798 4797 1913 4851 vm,
1940 4789 2027 4843 Η.

2036 3115 2213 3170 minus
2240 3114 2515 3184 persistal,
2547 3128 2651 3168 non
2680 3114 2837 3169 modo
2870 3113 2915 3167 si
2950 3111 3067 3181 ejus
3086 3113 3325 3169 animam
3359 3127 3594 3186 spectes,

2031 3207 2186 3276 cuius
2240 3205 2538 3261 substantia
2568 3220 2741 3274 neque
2783 3204 2926 3259 ﬂuxa
2969 3215 3053 3261 est
3105 3207 3159 3261 in
3213 3208 3390 3271 nobis,
3422 3223 3599 3278 neque

2031 3299 2327 3369 quidquam
2354 3298 2698 3353 extrinsecus
2749 3297 3021 3353 invectum
3064 3299 3293 3368 accipit;
3328 3299 3419 3354 sed
3443 3301 3512 3356 ob
3544 3301 3595 3355 id

2030 3401 2317 3460 praeterea,
2350 3391 2493 3458 quod
2536 3391 2748 3445 tametsi
2784 3390 2930 3446 velut
2970 3392 3023 3446 in
3055 3400 3311 3461 perpetua
3361 3392 3598 3449 ﬂuxione

2032 3482 2104 3537 sit
2127 3491 2319 3535 natura
2357 3480 2622 3550 corporis,
2654 3481 2844 3535 eadem
2885 3481 3060 3535 forma
3105 3493 3443 3550 permaneat,
3478 3499 3599 3554 qua:

2031 3576 2276 3646 corporis
2301 3575 2471 3629 nostri
2496 3574 2650 3643 quasi
2684 3584 2809 3628 nota
2838 3575 3084 3643 quaedam
3114 3583 3198 3629 est
3219 3576 3455 3646 propria.
3479 3576 3595 3633 Non

2032 3668 2193 3723 aliter
2246 3676 2412 3737 atque
2461 3666 2661 3721 easdem
2720 3667 2905 3735 ﬁgurae
2957 3675 3222 3732 manent,
3279 3683 3399 3737 quze
3449 3668 3596 3724 Petri

2032 3760 2297 3830 Paulique
2326 3774 2614 3829 corporum
2670 3757 2987 3826 qualitatem
3039 3758 3413 3814 conﬁrmando
3443 3761 3598 3815 exhi—

2033 3852 2195 3918 bent;
2249 3865 2345 3920 per
2399 3864 2559 3919 quam
2607 3850 2770 3902 etiam
2824 3846 3141 3914 qualitatem
3177 3849 3396 3913 accidit,
3429 3859 3489 3904 ut
3542 3860 3598 3906 et

2034 3944 2321 4002 cicatrices
2360 3941 2472 4010 jam
2522 3950 2636 3992 tum
2668 3954 2695 3991 a
2732 3938 2914 4008 pueris
2939 3937 2991 3991 in
3026 3940 3346 4007 corporibus
3376 3956 3593 4011 perma-

2034 4046 2218 4100 neanl,
2262 4034 2478 4101 aliaque
2512 4030 2796 4093 nonnulla,
2825 4044 2946 4098 quae
2989 4028 3324 4099 singulorum
3379 4034 3593 4102 propria

2033 4139 2181 4196 sunt,
2212 4123 2516 4197 cujusmorli
2541 4131 2667 4178 sunt
2695 4122 3008 4191 lentigines.
3041 4123 3122 4177 Ad
3152 4123 3265 4177 hatc
3289 4122 3413 4177 licet
3443 4125 3596 4180 simi-

2035 4223 2104 4278 lis
2135 4233 2392 4289 corporea
2430 4215 2519 4270 illa
2554 4214 2723 4269 forma
2773 4215 2880 4282 sit,
2914 4231 3022 4284 qua
3064 4214 3261 4270 Petrus
3295 4215 3596 4286 Paulusque

2033 4314 2374 4387 podssimum
2421 4308 2789 4374 constituitur,
2827 4308 2990 4374 idque
3022 4308 3218 4379 ipsum,
3245 4311 3386 4379 quod
3415 4311 3467 4364 in
3502 4325 3592 4365 re-

1960 4398 2005 4453 Β
2034 4406 2376 4466 surrectiune
2421 4404 2619 4458 animat:
2648 4403 2825 4457 denuo
2874 4401 3148 4471 tribuitur,
3192 4404 3285 4458 sed
3318 4403 3371 4456 in
3403 4403 3594 4459 melius

2033 4516 2356 4564 conversum
2393 4519 2407 4553 :
2436 4512 2540 4552 non
2570 4504 2745 4550 tamen
2776 4495 2962 4550 eadem
2986 4506 3071 4550 est
3105 4496 3189 4550 illa
3224 4495 3448 4550 materia
3472 4511 3594 4565 qua:

2033 4597 2246 4670 corpori
2286 4594 2520 4666 primum
2567 4589 2730 4645 insita
2778 4586 2973 4643 fuerat.
3022 4585 3102 4641 Ac
3136 4587 3591 4656 quemadmodum

2034 4693 2245 4764 species
2287 4689 2403 4758 ipsa
2436 4685 2503 4739 ad
2536 4682 2784 4737 ultimum
2836 4695 3007 4750 usque
3034 4681 3221 4735 eadem
3252 4688 3356 4746 est,
3378 4680 3479 4735 etsi
3513 4680 3595 4734 iu-

2026 4879 2138 4933 sine
2176 4872 2338 4926 dubio
2376 4884 2472 4938 pro
2495 4865 2783 4920 habitaculi
2804 4862 3057 4938 qualitate
3113 4863 3591 4938 necessarium_ri-

2026 4951 2239 5001 deretur
2264 4936 2452 4993 habere
2480 4940 2633 4989 talem
2658 4936 2892 5004 corporis
2934 4944 3150 4995 statum,
3181 4945 3227 4987 et
3258 4936 3591 5000 compositio-

2025 5032 2163 5079 nem,
2193 5010 2399 5082 qualem
2427 5008 2612 5061 habent
2653 5006 2746 5059 illa
2762 5004 3047 5082 animalia
3063 5020 3179 5082 quae
3208 5004 3260 5082 in
3312 5007 3463 5072 aquis
3512 5007 3590 5082 τῇ..

2023 5073 2296 5147 υιιηίίὶια
2327 5094 2484 5139 nunc,
2530 5093 2648 5129 cum
2680 5076 2923 5147 cartorum
2958 5073 3318 5147 itabitaculum
3370 5075 3588 5142 promit-

2024 5144 2192 5215 tatur,
2242 5149 2524 5203 secundum
2562 5148 2796 5200 locorum
2848 5144 3095 5215 gloriam,
3123 5159 3443 5215 consequens
3478 5153 3582 5215 ,ρει

2026 5212 2427 5294 aptandasesse
2453 5219 2610 5270 etiam
2644 5229 2919 5294 corporum
2973 5214 3284 5294 qualitates...
3310 5212 3439 5294 Nec.
3469 5213 3586 5291 ideo

2024 5280 2197 5348 tamen
2226 5291 2371 5353 prior
2394 5288 2504 5340 Iure
2538 5280 2739 5353 species
2762 5280 3222 5353 exterminabitur,
3247 5283 3360 5353 licet
3386 5280 3586 5353 glorA'o-

2028 5365 2136 5420 sior
2155 5349 2266 5430 ejus
2297 5349 2579 5430 elfect‘ujil
2605 5354 2936 5430 lternttttqtio.
2958 5350 3109 5430 Sicut
3131 5352 3266 5403 enim
3284 5349 3449 5430 ipsius
3481 5349 3589 5430 Dp-

2029 5418 2157 5487 inini
2178 5418 2352 5487 'Jesu:
2373 5427 2450 5480 vel
2479 5418 2671 5493 Moysi,
2703 5420 2781 5474 vel
2813 5419 2947 5493 Elia:
2974 5423 3164 5485 species
3202 5437 3305 5474 non
3334 5429 3445 5493 erat
3477 5418 3586 5471 alia

2031 5505 2084 5557 in
2116 5488 2618 5567 transformationei,
2652 5507 2808 5567 quam
2842 5488 3012 5555 fuerat
3071 5501 3189 5543 ante
3238 5488 3588 5567 transformat

2030 5555 2245 5631 tionem,
2265 5555 2361 5620 'ita
2390 5581 2494 5616 non
2521 5565 2616 5615 erit
2649 5555 2755 5614 alia
2786 5568 3091 5614 sanctorum
3120 5560 3339 5629 species,
3374 5555 3586 5612 etiamsi

2029 5641 2193 5695 multo
2224 5635 2497 5713 gloriosior
2522 5632 2637 5699 ﬁat.
