4046 6152
496 206 521 256 1
530 201 637 256 095

1898 192 1991 248 EX
2029 189 2331 248 ORIGENE

3609 196 3747 253 {096

489 336 624 392 gens
655 308 1000 390 prOpriarutn
1038 315 1362 382 formarum,
1407 323 1772 384 notarumque
1816 312 2055 368 videatut

2168 309 2505 379 ἐνδοξότερον
2549 310 2772 381 γένηται
2809 308 2975 364 αὑτοῦ
3025 311 3059 380 ἠ
3107 312 3283 385 τροπή
3306 332 3318 343 ·
3357 314 3546 388 ὥσπερ
3593 311 3749 389 ἦντὸ

490 428 616 469 esse
647 411 937 468 diversitas
971 427 984 476 ;
1017 410 1090 463 ita
1126 420 1181 465 et
1210 412 1261 463 in
1305 424 1371 463 eo
1414 409 1481 464 de
1514 423 1622 478 quo
1646 407 1879 478 agimus,
1905 405 2067 459 intel-

493 504 767 572 ligendum
795 511 875 556 est
905 510 1230 570 praesentem
1261 499 1512 568 corporis
1550 498 1788 566 speciem
1817 495 2065 550 eamdem

491 611 613 652 esse
646 611 770 649 cum
800 593 979 647 futura
1012 610 1026 647 :
1060 608 1181 647 cum
1213 606 1279 646 eo
1322 600 1524 656 tamen,
1557 598 1614 644 ut
1642 587 1979 643 incredibilis
2008 588 2061 641 in

494 689 689 744 melius
722 688 793 743 sit
829 685 1006 740 futura
1059 685 1309 740 mutatio.
1364 682 1597 738 Necesse
1642 691 1727 738 est
1773 682 1915 736 enim
1947 681 2065 735 ani-

495 794 636 833 mam
709 777 991 842 corporeis
1046 777 1099 829 in
1163 775 1299 829 locis
1343 774 1637 829 hmreutem
1686 771 2066 828 consentaneis

491 871 594 925 sibi
654 870 731 923 uti
796 867 1138 938 corporibus.
1188 867 1365 936 Atque
1421 875 1477 918 ut
1539 865 1585 919 si
1637 864 1689 918 in
1743 862 2062 933 aquatilium

490 970 742 1016 naturam
807 973 1107 1014 conversos
1168 958 1332 1011 vitam
1401 956 1454 1010 in
1518 956 1654 1010 mari
1720 971 1819 1010 nos
1871 957 2065 1027 degere

491 1062 820 1125 Oporteret,
876 1052 1244 1106 necessarium
1318 1052 1458 1105 foret
1532 1066 1631 1104 nos
1697 1050 1802 1106 alia
1870 1066 2064 1120 corpo-

492 1163 611 1201 rum
660 1145 1075 1208 constitutione,
1139 1142 1483 1213 pisciumque
1542 1142 1706 1197 simili
1753 1157 1876 1198 esse
1928 1160 2063 1213 prae-

490 1234 778 1288 ditoszita
838 1233 929 1302 qui
988 1230 1252 1285 caelorum
1306 1233 1452 1302 regni
1505 1232 2063 1304 bmreditaten1535

489 1324 687 1377 adituri
749 1334 911 1389 sunt,
960 1339 1022 1377 ac
1066 1322 1294 1377 diversis
1346 1323 1399 1376 in
1456 1324 1678 1377 sedibus
1738 1324 2056 1387 ltabitaturi,

488 1416 759 1487 spiritalia
818 1431 1031 1485 quoque
1083 1431 1315 1484 corpora
1367 1415 1603 1469 habeant
1660 1431 1881 1471 necesse
1927 1426 2058 1471 est:

490 1522 596 1561 non
643 1506 786 1575 quod
836 1507 986 1575 prior
1028 1506 1409 1576 exstinguatur
1458 1506 1698 1575 species,
1747 1509 1962 1561 tametsi
2009 1507 2069 1562 in

490 1597 757 1653 illustrius
801 1598 1059 1666 quiddam
1108 1597 1508 1665 gloriosinsque
1547 1607 1807 1652 mutetur.
1860 1599 2061 1667 Quem-

2179 401 2354 472 Ἰησοῦ
2393 398 2552 466 εἶδος,
2585 402 2679 455 καὶ
2721 403 3018 466 Μωῦσέως,
3048 404 3143 457 καὶ
3188 405 3392 472 Ἡλίου,
3427 409 3531 478 οὐχ
3563 408 3748 480 ἕτερον

2166 492 2225 545 ὲν
2262 494 2327 562 τῇ
2366 491 2811 563 μεταμορφώσει,
2842 493 2972 565 παρ’
2997 492 3027 546 ὅ
3058 489 3144 565 ἦν.
3178 495 3270 565 Μὴ
3305 497 3615 567 πρόσκοπτε
3642 497 3747 550 τοία

2165 601 2282 650 νυν,
2329 587 2377 637 εἰ
2430 585 2491 637 τδ
2543 583 2758 656 πρῶτον
2813 583 3171 656 ὑποκείμενον
3226 584 3292 640 ἀν
3342 604 3428 650 τις
3472 587 3620 655 λέγοι
3670 586 3745 659 μὴ

2166 676 2383 730 ἔσεσθαι
2426 677 2623 730 ταυτὸν
2670 677 2813 742 τότε,
2839 677 2972 730 ὅπου
3004 679 3033 730 ὀ
3074 677 3231 747 λόγος
3280 681 3395 742 τοῖς
3440 679 3743 747 ὲςριστάνειν

2164 767 2480 839 δυναμένοις
2521 768 2813 831 δείκνυσιν,
2846 766 2929 819 ὅτι
2957 766 3077 819 οὐδὲ
3109 766 3203 821 νῦν
3235 768 3458 822 δύναται
3490 769 3587 822 δύο
3613 771 3742 841 ἡμε·

2169 858 2275 931 ρῶν
2307 854 2445 911 εἷναι
2476 858 2538 911 τὸ
2566 857 2781 931 πρῶτον
2806 856 3180 927 ὑποκείμενον.
3212 859 3396 923 ’Δξιον
3427 860 3487 912 δὲ
3528 862 3743 931 ἐπιστῆ-

2166 970 2255 1006 σαι
2301 952 2397 1005 καὶ
2431 951 2520 1015 τὸ,
2568 953 2805 1022 ἑτεροῖον
2854 951 2954 1022 μὲν
3010 952 3355 1023 σπείρεσθαι,
3407 952 3738 1023 έτεροῖονζὲ

2164 1041 2516 1097 ἀνίστασθαν
2556 1062 2573 1093 ι
2602 1041 2888 1113 Σπείρεται
2937 1043 3047 1113 γὰρ
3096 1041 3256 1113 σῶμα
3302 1041 3559 1112 ψυχικὸν,
3598 1044 3733 1112 ἐγεί-

2165 1150 2318 1206 ρεται
2369 1131 2527 1202 σῶμα
2578 1132 2966 1202 πνευματικόν.
2995 1152 3012 1183 ›
3052 1134 3163 1186 Kal
3219 1134 3470 1205 ἐπιφέρει
3521 1136 3680 1187 πᾶσιν
3708 1138 3734 1188 ὀ

2177 1222 2528 1285 Ἀπόστολος,
2578 1221 2761 1292 σχεδὸν
2793 1222 2891 1292 τὴν
2922 1223 3118 1293 γηῖνην
3154 1223 3417 1292 ποιότητα
3463 1224 3614 1294 ἡμᾶς
3658 1223 3732 1275 δι-

2162 1313 2377 1369 δάσκων
2412 1312 2763 1367 ἀποτίθεσθαι
2800 1314 3020 1384 μέλλειν
3042 1316 3208 1386 ἡμᾶς,
3239 1314 3330 1367 τοῦ
3367 1315 3545 1378 εἴδους
3577 1317 3735 1379 σωζο-

2166 1409 2326 1480 μένου
2373 1407 2513 1461 κατὰ
2548 1407 2647 1478 τὴν
2677 1407 3003 1460 ἀνάστασιν·
3041 1426 3059 1458 ‹
3090 1408 3263 1461 Τοῦτο
3294 1407 3351 1461 δέ
3385 1425 3552 1479 φημι,
3594 1407 3734 1461 ἀδελ-

2163 1501 2275 1568 φοὶ,
2315 1499 2396 1551 ὅτι
2431 1497 2567 1569 σάρξ
2596 1497 2691 1550 καὶ
2724 1492 2863 1567 αἷμα
2896 1496 3321 1564 βασιλείανθεοῦ
3338 1496 3734 1568 κληρονομῆσαι

2163 1592 2224 1643 οὐ
2267 1589 2519 1652 δύναται,
2565 1588 2683 1642 οὐδὲ
2712 1589 2746 1659 ἡ
2792 1588 2971 1659 φθορά
3012 1588 3115 1660 τὴν
3165 1588 3494 1660 ἀφθαρσίαν.
3520 1607 3539 1638 ι
3584 1590 3735 1651 Ἴσως

490 1687 781 1742 admodum
820 1686 947 1743 Jesu
994 1704 1057 1742 ac
1085 1687 1282 1759 Moysis
1327 1698 1380 1743 et
1419 1688 1546 1741 Elim
1572 1691 1857 1758 spcciesin
1888 1701 2055 1747 trans-

2164 1683 2262 1755 μὲν
2307 1682 2415 1753 γὰρ
2448 1681 2598 1734 ἐσται
2632 1682 2761 1753 περὶ
2807 1679 2901 1734 τοῦ
2936 1681 3028 1734 τὸν
3068 1681 3221 1749 ἅγιον
3253 1680 3363 1752 (66)
3412 1679 3733 1752 διακρατου-

494 1778 817 1832 formatione
845 1793 952 1831 non
997 1777 1123 1841 alia,
1157 1793 1458 1847 quamquae
1482 1778 1638 1832 initio
1668 1790 1807 1845 erat,
1829 1780 2056 1834 exstitit.

494 1866 611 1922 Non
643 1878 695 1921 te
727 1867 893 1939 igitur
943 1866 1202 1936 oﬂ'endat,
1242 1868 1285 1922 si
1318 1868 1438 1937 quis
1480 1869 1709 1937 primani
1757 1870 2057 1940 subjectam

493 1957 777 2011 materiam
818 1973 924 2011 non
958 1959 1205 2013 eamdem
1241 1969 1370 2013 tunc
1400 1958 1638 2012 futuram
1667 1960 1866 2014 dixerit
1892 1977 1906 2027 ;
1936 1977 2055 2015 cmn

488 2062 557 2100 ne
588 2046 751 2101 biduo
796 2048 1012 2116 quidem
1057 2048 1220 2103 modo
1250 2050 1496 2103 eamdem
1546 2050 1693 2104 illam
1735 2065 2058 2120 permanere

489 2152 651 2205 posse
681 2139 821 2193 ratio
848 2139 967 2209 ipsa
995 2139 1261 2204 declaret,
1292 2140 1336 2194 si
1364 2140 1485 2208 quis
1515 2151 1749 2194 mentem
1786 2140 1914 2194 velit
1957 2141 2057 2193 ad-

486 2240 723 2285 vertere.
751 2230 1238 2286 Animadversione
1280 2242 1545 2300 prmterea
1575 2232 1798 2301 dignum
1829 2243 1885 2289 et
1930 2233 2057 2289 illud

486 2328 609 2373 est:
646 2320 919 2375 diversum
970 2320 1227 2375 seminari
1278 2336 1502 2392 corpus,
1548 2323 1928 2393 diversumque
1974 2340 2059 2380 re.-

484 2425 757 2481 surgere:
807 2430 825 2463 ‹
876 2410 1190 2467 Seminatur
1227 2414 1369 2468 enim
1422 2428 1617 2483 corpus
1664 2415 1918 2478 animale,
1966 2429 2055 2470 re-

484 2516 672 2575 surget
702 2519 899 2574 cnrpus
929 2504 1240 2575 spiritale’.
1297 2525 1316 2558 ι
1362 2505 1458 2561 llis
1497 2507 1751 2563 omnibus
1790 2508 2056 2579 ejusmodi

484 2594 552 2648 ab
600 2593 861 2662 Apostolo
910 2595 1313 2663 subjiciuntur,
1367 2599 1564 2667 quibus
1630 2614 1729 2653 nos
1785 2608 2054 2654 terrenam

482 2685 799 2755 qualitatem
835 2687 915 2741 sic
944 2700 1066 2740 esse
1099 2686 1374 2755 posituros
1411 2690 1589 2755 docet,
1632 2700 1691 2743 ut
1730 2690 1842 2760 ipsa
1881 2691 1934 2746 in
1971 2707 2058 2746 rc-

483 2780 827 2834 surrectione
870 2783 1084 2851 species
1145 2783 1294 2840 salva
1347 2786 1665 2853 integraque
1710 2793 2050 2853 permaneat.

491 2888 508 2922 ι
540 2871 653 2928 lloc
684 2884 866 2928 autem
896 2875 1043 2943 dico,
1065 2874 1284 2943 fratres,
1309 2878 1569 2948 quoniam
1593 2892 1721 2932 caro
1749 2887 1802 2931 et
1829 2879 2053 2947 sanguis

484 2978 707 3036 regnum
744 2966 837 3021 Dei
885 2969 1168 3036 possidere
1224 2980 1523 3039 nequeunt,
1570 2985 1743 3039 neque
1778 2971 2051 3040 corruptio

482 3059 949 3128 incorruptionem
982 3060 1048 3112 ιο.
1084 3079 1103 3113 ι
1145 3059 1259 3114 Etsi
1307 3062 1450 3115 enim
1509 3061 1742 3116 fortasse
1789 3063 2049 3116 eximium

482 3150 740 3217 quiddam
764 3160 1088 3203 sanctorum
1118 3152 1333 3219 corpori
1368 3152 1714 3206 tribuendum
1744 3154 1871 3217 crit,
1906 3164 1964 3206 ut
1998 3154 2052 3208 id

480 3241 665 3295 carnis
692 3241 806 3310 ipsa
841 3242 1150 3310 praprietas
1186 3254 1494 3310 conservet,
1538 3259 1668 3298 caro
1719 3254 1899 3299 tamen
1931 3260 2050 3299 am-

485 3331 625 3399 plius
675 3348 783 3385 non
821 3332 947 3396 erit,
982 3331 1074 3386 sed
1121 3333 1266 3401 quod
1318 3333 1370 3386 in
1415 3348 1582 3387 carne
1633 3334 1779 3389 velut
1831 3336 2050 3404 propria

482 3425 726 3491 quaedam
761 3434 884 3478 nota
922 3434 1039 3477 erat
1083 3424 1430 3493 impressum,
1470 3427 1574 3480 hoc
1614 3428 1753 3481 idem
1797 3430 1849 3482 in
1889 3431 2052 3499 spiri-

484 3516 578 3570 tali
615 3531 848 3585 corpore
886 3514 1323 3582 cousiguandum
1353 3516 1479 3571 erit.
1510 3516 1662 3583 Quod
1696 3532 1825 3572 vero
1862 3519 1929 3574 ad
1956 3533 2052 3574 eos

482 3609 781 3678 Scriptum
838 3609 985 3664 locos
1035 3609 1256 3672 attinet,
1301 3608 1393 3677 qui
1450 3624 1479 3662 a
1534 3609 1796 3666 fratribus
1850 3613 2053 3667 nostris

481 3701 857 3770 objiciuntur,
917 3702 987 3756 ita
1050 3700 1292 3755 breviter
1347 3717 1642 3757 occurrere
1713 3717 2049 3772 possumus;

480 3804 647 3862 atque
693 3793 941 3862 inprimis
1000 3794 1050 3849 ei
1090 3809 1251 3864 quem
1304 3810 1370 3850 ex
1426 3795 1705 3850 Ezechiele
1750 3796 2050 3866 proferunt.

482 3885 696 3940 Etenim
745 3886 789 3940 si
840 3886 1119 3940 rudiorum
1171 3898 1408 3942 mentem
1451 3904 1518 3943 ac
1562 3903 1784 3958 scopum
1829 3888 2054 3944 velimus

485 3976 786 4041 attendere,
825 3990 985 4045 quem
1024 3977 1076 4030 in
1110 3977 1216 4032 illis
1253 3980 1530 4048 prophetre
1564 3980 1742 4035 verbis
1780 3980 1885 4035 sibi
1925 3995 2054 4049 pro-

484 4077 812 4137 posuerunt:
834 4084 1178 4139 consequens
1201 4081 1304 4136 est,
1336 4087 1402 4126 ne
1426 4072 1585 4126 ullam
1628 4073 1845 4142 quidem
1872 4076 2053 4131 carnis

486 4160 939 4216 resurrectionem
970 4161 1185 4227 videri;
1220 4163 1313 4218 sed
1348 4163 1552 4217 ossium
1580 4163 1869 4228 duntaxat,
1912 4167 2053 4221 cuti-

481 4252 731 4307 cularum
783 4260 946 4319 atque
1013 4266 1333 4312 nervorum.
1386 4251 1493 4308 Sed
1538 4263 1593 4308 et
1647 4254 1775 4309 illud
1824 4257 2051 4311 demon-

2162 1791 2342 1846 μενον,
2381 1775 2486 1828 ὑπὸ
2529 1773 2621 1827 τοῦ
2653 1774 3033 1838 ἰδιοποιοῦντός
3064 1791 3194 1827 ποτε
3226 1774 3321 1845 τὴν
3357 1775 3569 1845 σάρκα⁶
3604 1774 3733 1845 σὰρξ

2157 1864 2214 1918 δὲ
2274 1865 2490 1926 οὐκέτι,
2538 1864 2652 1918 ἀλλ’
2699 1865 2835 1936 ὅπερ
2889 1865 3021 1918 ποτὲ
3074 1863 3543 1936 ὲχαρακτηρίζετο
3583 1867 3641 1918 ὲν
3671 1867 3732 1935 τῇ

2160 1958 2344 2028 σαρκὶ,
2375 1956 2534 2009 τοῦτο
2561 1954 3135 2028 χαρακτηρισθήσεται
3185 1958 3243 2008 ὲν
3271 1955 3350 2026 τῷ
3382 1954 3732 2026 πνευματικῴ

2159 2044 2389 2116 σώματι.
2435 2047 2544 2098 Καὶ
2588 2045 2724 2116 πρὸς
2775 2044 2843 2097 τά
2890 2046 3109 2117 ῥήματα
3156 2045 3214 2098 δὲ
3257 2044 3368 2097 τῶν
3412 2046 3667 2119 Γραφῶν,
3698 2045 3732 2098 ἃ,

2162 2136 2551 2208 παρατίθενται
2580 2138 2628 2189 οἱ
2671 2136 2889 2205 ἀδελφοὶ
2935 2135 3118 2208 ἡμῶν,
3144 2136 3318 2190 ταῦτα
3363 2136 3512 2190 ἔστιν
3536 2138 3724 2200 εἰπεῖν,

2162 2209 2256 2283 καὶ
2303 2228 2515 2300 πρῶτον
2546 2232 2605 2282 ὲν
2643 2227 2721 2299 τῷ
2763 2226 3041 2300 Ἰεζεχιήλ.
3081 2230 3203 2282 Ἐπὶ
3236 2228 3298 2282 τὺ
3325 2230 3448 2282 ὅσον
3498 2230 3610 2299 (67)
3646 2231 3724 2299 ἐφ’

2157 2316 2237 2387 οἷς
2270 2321 2547 2393 βούλονται
2577 2324 2625 2375 οἱ
2670 2321 3029 2392 ἁπλούστεροι
3082 2321 3223 2374 κατά
3252 2322 3351 2384 τὰς
3389 2321 3563 2387 λέξεις
3602 2321 3729 2376 ταὺ-

2156 2430 2274 2477 τας,
2301 2413 2420 2467 οὐδὲ
2446 2413 2741 2475 ἀνάστασις
2779 2410 2997 2482 σαρκῶν
3031 2411 3204 2475 ἔσται,
3234 2411 3371 2465 ἀλλὰ
3402 2411 3607 2464 ὀστέων
3640 2411 3721 2482 p.6-

2158 2524 2269 2571 vov,
2304 2506 2401 2561 καὶ
2448 2506 2756 2577 δερμάτων,
2782 2507 2877 2558 καὶ
2915 2507 3141 2575 νεύρων.
3175 2504 3322 2575 Ἀμα
3365 2504 3423 2558 δὲ
3471 2505 3569 2558 καὶ
3600 2506 3728 2558 ὑπο-

2155 2597 2395 2651 δεικτέον
2440 2598 2657 2662 αὑτοῖς,
2703 2598 2785 2650 ὅτι
2838 2596 3292 2668 συναρπάζονται,
3326 2596 3402 2659 ὼς
3447 2596 3523 2668 μὴ
3555 2614 3730 2667 νενοη-

2160 2689 2315 2752 κότες
2345 2688 2408 2743 τὸ
2435 2689 2840 2762 γεγραμμένον.
2885 2690 2959 2743 Οὐ
2987 2688 3116 2761 γὰρ,
3146 2691 3193 2741 εἰ
3225 2690 3359 2742 ὀστᾶ
3385 2688 3726 2757 ὀνομάζεται,

2156 2779 2373 2841 πάντως
2404 2778 2474 2831 τὰ
2504 2781 2637 2832 ὀστᾶ
2683 2777 2856 2832 ταῦτα
2886 2780 3105 2849 νοητέον
3124 2796 3137 2809 ·
3180 2778 3367 2849 ὥσπερ
3399 2779 3523 2831 οὐδὲ
3551 2781 3608 2831 ἐν
3634 2778 3732 2849 τῷ,

2160 2888 2180 2921 ι
2207 2870 2605 2942 Διεσκορπίσθη
2658 2871 2835 2924 πάντα
2866 2870 2932 2923 τὰ
2959 2871 3094 2923 ὀστᾶ
3132 2887 3256 2942 μου.
3280 2890 3298 2921 ι
3336 2872 3469 2932 Kal,
3508 2891 3527 2923 ι
3557 2870 3729 2924 Ἰασαί

2159 2980 2246 3032 με,
2269 2963 2349 3015 ὅτι
2375 2964 2647 3035 ἐταράχθη
2668 2964 2738 3017 τά
2764 2966 2896 3017 ὀστᾶ
2915 2981 3036 3035 μου,
3053 2984 3069 3014 ι
3094 2963 3328 3035 φανεροῦ
3355 2964 3505 3028 ὄντος
3535 2963 3629 3017 τοῦ
3657 2963 3727 3036 μὴ

2157 3055 2410 3124 λέγεσθαι
2447 3056 2515 3111 τὰ
2551 3059 2684 3112 ὀστᾶ
2723 3059 2863 3112 κατὰ
2888 3059 2985 3129 τὴν
3016 3057 3198 3128 κοινὴν
3229 3057 3480 3129 ὲκδοχήν.
3518 3056 3728 3125 Ἐπιτρέ-

2153 3165 2301 3220 ρεται
2334 3150 2463 3219 γοῦν
2498 3150 2575 3221 τῷ
2602 3151 2779 3222 λόγῳο
2802 3148 2949 3222 τΑρά
2995 3167 3058 3218 γε
3105 3150 3374 3218 λέγουσιν,
3413 3171 3432 3201 ‹
3454 3149 3607 3224 Ξηρά
3645 3149 3728 3218 γέ-

2150 3256 2276 3309 γονε
2300 3240 2368 3295 τὰ
2398 3242 2561 3296 ὀστέα
2585 3245 2616 3313 ἡ
2627 3243 2761 3313 μῶν·
2796 3263 2814 3295 ι
2846 3244 2926 3296 ὅτι
2961 3260 2979 3292 ι
3011 3243 3161 3294 αὐτοὶ
3184 3242 3453 3310 λέγουσιν,
3482 3243 3565 3295 ὅτι
3591 3242 3729 3313 Ξηρὰ

2151 3335 2343 3403 γέγονε
2382 3336 2451 3390 τὰ
2485 3337 2619 3390 ὀστᾶ
2660 3338 2837 3407 ἡμῶν,
2874 3356 2892 3388 ι
2931 3336 3176 3400 θέλοντες
3202 3335 3528 3389 ἀνίστασθαι
3576 3352 3730 3389 συνα-

2152 3428 2376 3498 χθέντας
2418 3428 2577 3484 Ἀλλά
2604 3430 2760 3484 τοῦτο
2787 3431 3086 3501 ἀμήχανον.
3122 3431 3346 3498 Λέγοιεν
3392 3430 3437 3483 δ’
3471 3431 3558 3495 ἂν,
3580 3430 3732 3502 -ξηρά

2151 3523 2341 3591 γέγονε
2394 3521 2461 3575 τὰ
2493 3523 2655 3578 ὀστέα
2697 3522 2876 3595 ἡμῶν,
2920 3525 2976 3577 ὲν
3016 3524 3414 3595 αἰχμαλωσίαις
3452 3524 3730 3595 γενόμενοι

2153 3615 2245 3667 καὶ
2285 3615 2462 3666 πᾶσαν
2510 3612 2744 3686 ζωτικὴν
2775 3615 2955 3669 νοτίδα
3007 3615 3467 3685 ἀποϐεϐληκότες.
3510 3614 3729 3684 Ἐπιφέ-

2155 3722 2306 3777 ρουσι
2348 3705 2479 3773 γοῦν
2524 3706 2606 3771 τὸ,
2647 3726 2666 3758 ι
2703 3707 3004 3762 Ἀπόλωλεν
3041 3710 3074 3778 ὴ
3126 3708 3281 3773 ἐλπὶς
3324 3706 3515 3779 ἡμῶν·
3544 3706 3730 3761 διαπε-

2155 3798 2506 3869 φωνήκαμεν.
2540 3817 2559 3850 ι
2593 3799 2800 3853 Οὐκοῦν
2836 3802 2869 3871 ἡ
2903 3800 3205 3869 ἐπαγγελία
3247 3800 3348 3869 τῆς
3381 3800 3731 3863 ἀναστάσεως

2152 3887 2245 3941 τοῦ
2274 3888 2403 3941 λαοῦ
2448 3891 2593 3943 ἐστιν
2638 3890 2745 3943 ἀπὸ
2781 3891 2875 3944 τοῦ
2922 3892 3235 3963 πτώματος,
3270 3892 3368 3946 καὶ
3416 3892 3517 3961 τῆς
3573 3892 3732 3945 οἱονεὶ

2155 3981 2480 4052 νεκρότητος
2503 3981 2570 4051 ἦν
2603 3982 2983 4053 νενέκρωνται,
3009 3982 3097 4036 διὰ
3127 3982 3192 4036 τὰ
3223 3983 3595 4053 ἁμαρτήματα
3623 3985 3732 4045 τοίς

2154 4076 2368 4147 ἐχθροῖς
2418 4076 2831 4148 παραδοθέντες.
2898 4080 3008 4130 Kal
3056 4079 3105 4130 οἱ
3162 4077 3476 4149 ἁμαρτωλοὶ
3518 4077 3579 4131 δὲ
3629 4076 3731 4131 ὑπὸ

2151 4168 2247 4221 τοῦ
2280 4168 2531 4239 Σωτῆρος
2556 4169 2805 4238 λέγονται
2849 4167 2985 4225 εἶναι
3025 4171 3186 4240 τάφοι
3221 4171 3481 4240 γέμοντες
3530 4170 3729 4222 ὀστέων

2154 4260 2249 4313 καὶ
2279 4259 2457 4329 πάσης
2501 4260 2863 4333 ἀκαθαρσίας.
2896 4261 3099 4332 Πρέπει
3129 4262 3186 4315 δὲ
3233 4261 3311 4333 τῷ
3345 4261 3464 4331 Θεῷ
3494 4261 3728 4327 ἀνοίγειν

482 4342 766 4397 strandum
803 4343 939 4412 ipsis
970 4353 1073 4407 est,
1106 4354 1310 4401 temere
1345 4344 1467 4399 illos
1493 4345 1545 4399 in
1574 4362 1817 4402 errorem
1852 4348 2048 4418 abripi,

2158 4352 2223 4406 τὰ
2265 4356 2502 4423 μνημεῖα
2547 4354 2802 4417 ἑκάστου,
2832 4355 2924 4408 καὶ
2954 4353 3170 4422 ἐξάγειν
3204 4355 3268 4407 ὲκ
3300 4352 3409 4406 τῶν
3448 4353 3727 4424 μνημείων

483 4436 608 4489 dum
660 4435 845 4505 scripti
915 4437 1239 4490 sententiam
1307 4453 1650 4509 nequaquam
1719 4442 2048 4510 percipiunt.

481 4522 667 4592 Neque
700 4526 844 4578 enim
872 4539 997 4580 cum
1034 4541 1158 4581 ossa
1195 4527 1572 4596 nominantur,
1616 4530 1731 4585 haec
1774 4531 1890 4600 ipsa
1931 4546 2052 4599 quae

483 4616 743 4670 habemus
793 4630 918 4669 ossa
972 4631 1071 4685 par
1117 4624 1201 4670 est
1259 4618 1431 4686 accipi
1477 4634 1493 4685 ;
1536 4620 1614 4672 uti
1657 4636 1834 4690 neque
1875 4621 1928 4676 in
1968 4623 2051 4679 bis

483 4708 644 4772 locis,
676 4708 766 4761 ubi
808 4711 1069 4777 scriptum
1098 4718 1184 4762 est
1207 4708 1248 4739 ¹¹
1295 4728 1308 4762 :
1362 4728 1382 4760 ι
1418 4711 1673 4779 Dispersa
1709 4721 1835 4766 sunt
1865 4714 2047 4768 omnia

480 4816 605 4857 ossa
646 4816 787 4856 mea.
820 4821 839 4854 ι
881 4802 1025 4856 Tum.
1051 4802 1094 4834 “
1128 4820 1141 4856 :
1201 4821 1220 4854 (
1254 4799 1401 4856 Sana
1450 4819 1562 4868 me,
1612 4805 1865 4874 quoniam
1917 4823 2050 4861 cou-

485 4899 700 4953 turbata
732 4908 858 4954 sunt
883 4914 1008 4954 ossa
1044 4914 1205 4954 mea:
1245 4919 1265 4953 ι
1301 4915 1423 4954 cum
1464 4900 1535 4955 sit
1565 4900 1912 4956 manifestum
1944 4913 2049 4953 non

481 4992 783 5047 secundum
856 4991 1134 5061 vulgarem
1215 4994 1496 5048 notionem
1577 4992 1779 5046 ossium
1856 5008 2050 5048 nomen

485 5085 761 5153 usurpari.
803 5084 1041 5140 Proinde
1089 5087 1273 5140 statim
1306 5087 1495 5141 eadem
1541 5085 1595 5138 in
1630 5085 1874 5140 oratione
1919 5087 2050 5140 sub-

479 5175 723 5247 jungitur
751 5176 795 5208 ¹³
826 5195 841 5232 :
879 5194 899 5228 ι
930 5175 1007 5230 Eo
1037 5177 1180 5245 quod
1212 5176 1313 5246 ipsi
1345 5175 1571 5229 dicunt:
1605 5174 1864 5244 quoniam
1895 5177 2049 5231 arida

485 5273 626 5327 facta
667 5279 796 5326 sunt
839 5286 960 5326 ossa
1010 5280 1216 5326 nostra.
1253 5288 1272 5321 ι
1306 5268 1440 5324 Num
1478 5268 1580 5323 hoc
1630 5268 1793 5338 igitur
1835 5268 2044 5334 dicunt,

491 5380 509 5409 ι
535 5363 698 5419 Arida
727 5365 867 5419 facta
911 5372 1037 5417 sunt
1090 5378 1211 5417 ossa
1262 5371 1469 5422 nostra,
1509 5378 1529 5413 ι
1582 5360 1723 5429 quod
1759 5361 1947 5413 eadem
1992 5361 2042 5414 in

2159 4444 2306 4514 ἡμᾶς
2349 4445 2835 4517 ὲζωοποιημένους,
2862 4445 3050 4519 ὥσπερ
3084 4448 3113 4500 ὀ
3143 4446 3331 4518 Σωτὴρ
3365 4446 3456 4499 τὸν
3481 4443 3725 4513 Λάζαρον

2156 4536 2404 4590 εἵλκυσεν
2434 4537 2558 4604 ἔξω.
2587 4539 2660 4591 Τὸ
2687 4539 2768 4601 δὲ,
2797 4558 2815 4590 ι
2858 4541 3004 4593 Ἐκεῖ
3032 4538 3185 4592 ἔσται
3211 4540 3240 4590 ὀ
3270 4537 3547 4608 κλαυθμὸς
3575 4534 3667 4589 καὶ
3697 4534 3725 4587 ὀ

2157 4627 2399 4701 βρυγμὸς
2428 4630 2538 4685 τῶν
2571 4631 2817 4696 ὀδόντων,
2845 4652 2863 4682 ι
2896 4631 3033 4704 πρὸς
3066 4632 3262 4694 αὐτοὺς
3289 4629 3613 4700 ἀπορητέον,
3648 4629 3725 4681 ὅτι

2154 4722 2230 4786 ὡς
2258 4723 2316 4775 ὲν
2360 4723 2534 4794 τούτῳ
2567 4722 2643 4793 τῷ
2697 4724 2795 4795 βιῳ
2842 4727 2949 4778 πᾶν
3003 4724 3162 4795 μέλος
3199 4722 3279 4787 εἷς
3310 4739 3431 4776 τινα
3479 4720 3668 4793 χρείαν
3697 4720 3725 4773 ὀ

2156 4815 2496 4885 Δημιουργός
2548 4816 2983 4881 κατεσκεύασεν,
3034 4816 3176 4870 οὕτω
3219 4816 3470 4878 καὶτοὺς
3513 4814 3727 4874 ὀδόντας

2158 4908 2238 4969 εἰς
2283 4907 2341 4959 τὸ
2388 4906 2772 4961 διακόπτεσθαι
2812 4909 2911 4980 τὴν
2956 4907 3181 4979 στερεὰν
3223 4907 3449 4978 τροφήν.
3492 4904 3589 4967 Τίς
3634 4900 3727 4957 οὖν

2158 4999 2317 5070 χρεία
2342 5003 2455 5064 τοῖς
2497 5000 2882 5072 κολαζομένοις
2936 4999 3198 5062 ὀδόντων;
3243 5000 3304 5052 οὐ
3349 4997 3457 5068 γὰρ
3501 4997 3582 5059 εἰς
3630 4995 3727 5065 τὴν

2157 5089 2378 5158 γέενναν
2429 5090 2581 5155 ὀντες
2621 5091 2741 5145 κατ’
2771 5092 2966 5154 αὐτοὺς
3013 5092 3293 5160 φάγονται.
3329 5088 3439 5142 Kal
3466 5085 3724 5148 δεικτέον,

2156 5182 2238 5234 ὅτι
2279 5182 2339 5233 οὑ
2386 5182 2563 5236 πάντα
2602 5180 3120 5255 παραλαμϐάνεσθαι
3170 5180 3249 5234 δεῖ
3281 5179 3422 5233 κατὰ
3452 5179 3514 5232 τὸ
3544 5178 3728 5247 κείμε·

2152 5290 2260 5326 νον.
2299 5293 2318 5326 ι
2354 5276 2600 5340 ὐδόντας
2631 5275 2761 5345 γοῦν
2791 5274 3129 5346 ἁμαρτωλῶν
3168 5272 3524 5345 συνέτριψαςο
3553 5290 3572 5323 ι
3611 5269 3724 5331 καὶ,

2158 5385 2177 5417 ‹
2211 5367 2322 5433 Τὰς
2365 5368 2536 5439 μύλας
2589 5369 2697 5423 τῶν
2739 5368 2967 5422 λεόντων
3023 5366 3344 5421 συνέθλασεν
3382 5368 3411 5420 ὀ
3444 5364 3667 5436 Κύριος.
3698 5377 3721 5416 ι

546 5465 574 5495 θ
601 5459 618 5512 l
644 5457 767 5513 Cor.
793 5457 992 5522 xm“.
1070 5457 1266 5511 “ibid.
1296 5456 1386 5509 9.0.
1465 5455 1504 5487 “
1530 5455 1672 5509 Psal.
1708 5469 1825 5521 χχι,
1864 5454 1949 5512 l5.
2029 5458 2055 5489 ³⁵

2158 5462 2254 5515 sal.
2284 5479 2361 5527 vt,
2396 5464 2450 5519 5.
2528 5464 2577 5496 ⁸³
2602 5465 2795 5519 Ειοοιι.
2830 5479 3042 5529 χχτνιι,
3074 5463 3161 5517 ll.

691 5570 835 5649 ῌΞρὶ.
854 5569 1094 5649 τοῦκτόν
1126 5568 1314 5649 ἅχιον.
1344 5567 1512 5649 Eone
1534 5568 1745 5649 legend.
1780 5569 2033 5643 περιττὸν

2158 5575 2250 5631 τῶν
2280 5576 2473 5646 ἁγίων.
2508 5576 2615 5633 Sed
2644 5576 2735 5634 hic
2765 5578 2916 5634 locus
2943 5587 3234 5649 corruptus
3265 5585 3371 5632 est.

559 5640 673 5712 (67)
716 5640 842 5694 Ἐπί
864 5641 931 5694 τό
952 5640 1120 5696 ὅσον.
1157 5640 1338 5705 Forte,
1374 5639 1524 5693 Ἐπεὶ
1555 5642 1697 5695 ὅσον.
