4046 6152
441 215 464 267 4
474 212 574 267 097

1423 210 1731 266 SELECTA
1765 208 1831 264 IN
1869 207 2207 266 PSALMOS.
2245 237 2316 250 ——
2353 207 2550 264 PSAL.
2581 207 2624 264 1.

3549 211 3682 266 1098

435 309 533 372 ¹Ϊίς
567 307 624 361 δὲ
657 305 829 370 οὕτως
861 306 1086 376 ἠλίθιος,
1128 307 1203 370 ὡς
1233 306 1652 378 ὑπολαμϐάνειν,
1693 309 1793 370 ὅτι,
1827 305 2012 377 τηρῶν

2121 321 2280 360 unum
2343 304 2570 360 collecta
2653 301 2846 356 volunt
2921 299 3271 372 resurgere?
3329 299 3494 370 Atqui
3563 308 3679 361 lieri

431 401 502 456 τά
561 400 788 472 σώματα
838 400 944 454 τῶν
977 399 1313 471 ἁμαρτωλῶν
1346 402 1375 454 ὁ
1413 400 1572 464 Θεὸς,
1617 401 1742 463 τοὺς
1791 399 2009 462 ὀδόντας

431 491 611 547 αὐτῶν
667 490 940 562 συντρίϐει
977 491 1166 561 μόνονς
1209 492 1416 563 Ὥσπερ
1450 487 1541 544 οὖν
1586 491 1640 543 εἴ
1679 507 1796 554 τις,
1842 488 2009 542 θέλων

431 584 607 639 ταῦτα
637 582 808 647 οὓτως
857 582 1021 654 ἔχειν,
1053 582 1365 654 θλιϐόμενος
1409 583 1618 637 εἵλκετο
1667 583 1750 635 ἐπ’
1785 580 2013 653 ἀλληγο-

436 677 576 748 ρίαν,
602 673 776 740 οῦτως
809 675 1069 746 ζητητέον
1094 675 1201 729 τῶν
1235 676 1612 748 κολαζομένων
1643 675 1734 728 τὸν
1769 673 2010 746 βρυγμὸν

433 769 543 823 τῶν
583 768 832 832 ὀδόντων,
874 768 975 838 τῆς
1027 767 1205 838 ψυχῆς
1236 768 1464 840 δύναμιν
1515 767 1822 840 μασητικὴν
1854 767 2010 838 ἑχού-

434 878 556 930 σης,
587 861 712 931 ἥτις
742 861 800 913 ἐν
831 859 1006 930 καιρῷ
1046 859 1138 912 τοῦ
1188 859 1412 930 ἐλέγχου
1447 861 1575 932 περὶ
1607 859 1716 914 τῶν
1764 861 2014 933 ἁμαρτη-

439 955 647 1026 μάτων,
698 952 838 1006 κατά
891 951 983 1007 τὸν
1032 951 1410 1023 συγκρουσμὸν
1477 951 1585 1005 τῶν
1643 951 1892 1014 ὀδόντων,
1937 951 2012 1016 ὡς

435 1046 722 1118 ἐφρόνησε,
771 1044 955 1117 βρύξει
997 1045 1123 1108 τοὺς
1168 1043 1404 1108 ὀδόντας.
1458 1043 1532 1096 Τὸ
1563 1043 1640 1109 δὲ,
1685 1063 1704 1096 ι
1735 1042 2012 1115 Φοϐήθητε

438 1141 528 1193 τὸν
557 1138 853 1210 δυνάμενον
881 1137 974 1190 καὶ
1005 1135 1182 1206 ψυχὴν
1212 1137 1305 1189 καὶ
1347 1137 1410 1190 τὸ
1462 1137 1621 1208 σῶμα
1664 1135 1927 1188 ἀπολέσαι
1958 1137 2014 1190 ὲν

435 1233 648 1305 γεέννῃ,
676 1250 693 1282 ι
729 1231 866 1300 τάχα
896 1230 994 1300 μὲν
1027 1229 1287 1294 διδάσκει,
1330 1229 1411 1282 ὅτι
1443 1227 1735 1300 ἀσώματος
1762 1231 1794 1300 ἡ
1841 1227 2011 1298 ψυχὴ,

437 1324 578 1394 τάχα
605 1324 662 1378 δὲ
699 1322 849 1394 δηλοί
898 1322 992 1376 καὶ
1024 1323 1106 1375 ὃτι
1149 1321 1318 1393 χωρὶς
1353 1319 1604 1390 σώματος
1654 1321 1714 1374 οὐ
1751 1319 2017 1386 κολασθὴ-

438 1431 623 1470 σεται·
658 1415 784 1484 περὶ
818 1405 880 1466 οῦ
925 1412 1368 1483 φυσιολογοῦντες
1412 1412 1478 1466 τὰ
1527 1413 1657 1482 περὶ
1705 1410 1800 1465 τοῦ
1846 1411 2018 1474 εἴδους

439 1509 534 1561 καὶ
578 1505 674 1559 τοῦ
724 1503 940 1576 πρώτου
993 1504 1354 1575 ὑποκειμένου
1423 1504 1742 1575 εἰρήκαμεν.
1795 1501 1904 1556 Καὶ
1957 1501 2019 1555 τὸ

439 1599 588 1672 παρά
634 1598 713 1669 τῷ
751 1598 1056 1668 Ἀποστόλῳ
1086 1598 1162 1659 δὲ,
1200 1616 1217 1646 ι
1249 1597 1585 1666 Ζωοποιήσει
1619 1595 1714 1648 καὶ
1741 1595 1808 1648 τὰ
1849 1594 2018 1666 θνητὰ

2113 398 2258 452 istud
2315 412 2420 451 non
2485 403 2688 465 potest.
2738 393 2917 460 Quare
2967 393 3116 447 arida
3171 392 3290 446 ideo
3337 409 3431 448 sua
3499 395 3684 451 dicunt

2112 507 2258 558 ossa,
2305 490 2449 560 quod
2511 490 2564 543 in
2621 487 3031 560 captivitatibus
3094 487 3182 541 diu
3235 488 3405 542 habiti
3460 489 3678 543 vitalem

2113 597 2329 638 onmem
2382 582 2660 636 humorem
2714 579 3018 634 amiserint.
3060 577 3217 634 Unde
3263 589 3318 634 et
3361 580 3492 636 illud
3545 579 3683 637 infe-

2114 684 2240 728 runt
2267 693 2281 730 ι
2322 694 2340 726 ι
2371 674 2542 729 Periit
2565 688 2688 742 spes
2713 681 2899 726 nostra
2930 689 2943 725 :
2980 671 3203 725 abscissi
3235 686 3446 728 sumus.
3479 691 3498 725 ι
3531 672 3683 739 Quo-

2115 765 2262 819 circa
2298 765 2720 820 resurrectionis
2750 764 2838 817 illa
2870 763 3069 834 populo
3110 761 3248 816 facta
3277 763 3569 831 promissio
3614 764 3683 818 ab

2116 857 2204 911 illa
2235 857 2414 922 ruina,
2450 871 2514 911 ac
2553 855 2698 910 velut
2745 856 3084 918 enecatione,
3122 869 3226 924 qua
3262 853 3406 908 velut
3429 855 3680 910 exstincti

2113 957 2262 1013 sunt,
2293 946 2419 1001 dum
2447 958 2671 1016 propter
2708 943 2916 999 scelera
2964 943 3018 998 in
3068 943 3306 998 hostium
3351 953 3680 1012 potestatem

2119 1038 2298 1093 traditi
2317 1046 2463 1103 sunt,
2483 1038 2726 1108 quaedam
2753 1046 2836 1092 est
2855 1035 3112 1090 excitatio
3151 1033 3350 1088 futura.
3373 1034 3681 1102 Quinetiam

2117 1140 2431 1200 peccatores
2453 1147 2480 1184 a
2503 1131 2790 1186 Salvature
2812 1129 2974 1200 536
2995 1127 3240 1197 sepulcra
3273 1141 3392 1183 esse
3427 1130 3684 1185 dicuntur

2116 1226 2352 1291 ossibus,
2407 1236 2569 1296 atque
2612 1223 2758 1278 omni
2808 1221 3148 1276 innnunditia
3182 1221 3361 1290 plena.
3411 1223 3516 1276 Sed
3549 1223 3683 1278 illud

2118 1318 2311 1373 divina:
2341 1317 2610 1386 majestati
2653 1317 2930 1380 convenit,
2967 1322 3025 1368 ut
3052 1312 3391 1384 singulorum
3435 1315 3686 1385 sepulcra

2119 1408 2429 1478 patefaciat,
2483 1416 2539 1463 et
2591 1423 2689 1462 nos
2745 1407 2812 1461 ad
2859 1407 3024 1460 vitam
3073 1407 3408 1460 instauratos
3445 1421 3692 1462 emonu-

2121 1500 2316 1555 mentis
2367 1501 2584 1565 educat,
2633 1498 2856 1569 perinde
2882 1513 2945 1553 ac
2969 1497 3231 1552 Lazarum
3266 1495 3412 1553 foras
3438 1497 3689 1553 Salvator

2121 1593 2380 1649 extraxit.
2416 1591 2534 1647 Jam
2558 1608 2688 1647 vero
2717 1592 2858 1662 quod
2900 1593 3045 1648 hunc
3081 1593 3257 1648 locum
3297 1591 3567 1662 objiciunt
3597 1592 3685 1646 “z

439 1693 595 1763 ἡμῶν
636 1689 884 1761 σώματα,
907 1708 925 1741 ι
969 1688 1161 1758 θνητοῦ
1205 1688 1361 1751 ὄντος
1389 1685 1484 1740 τοῦ
1514 1685 1784 1754 σώματος,
1813 1686 1906 1738 καὶ
1954 1683 2015 1736 οὐ

2125 1705 2142 1738 ι
2183 1685 2261 1741 lbi
2290 1685 2396 1739 erit
2424 1683 2584 1739 fletus
2613 1693 2669 1739 et
2696 1683 2902 1738 stridor
2937 1683 3208 1746 dentium,
3248 1703 3266 1736 ι
3321 1684 3400 1739 sic
3430 1684 3689 1738 adversus

443 1784 763 1858 μετέχοντος
803 1783 902 1852 τῆς
953 1781 1214 1853 ἀληθινῆς
1263 1779 1436 1850 ζωῆς,
1489 1777 1709 1832 δύναται
1763 1775 2020 1850 παριστά-

441 1896 570 1940 νειν,
614 1878 748 1930 ὅπου
791 1877 852 1930 τὸ
896 1873 1203 1947 σωματικὸν
1247 1869 1405 1936 εἶδος,
1442 1872 1570 1943 περὶ
1619 1866 1679 1926 οῦ
1717 1873 2018 1942 εἰρήκαμεν

439 1975 506 2043 τῇ
543 1971 703 2042 φύσει
761 1969 954 2041 θνητὸν
1003 1968 1084 2032 ὃν,
1119 1987 1137 2019 ‹
1187 1968 1315 2021 ὅταν
1366 1965 1599 2035 Χριστὸς
1650 1963 1934 2034 φανερωθῇ
1983 1963 2017 2033 ἡ

442 2063 556 2137 ζωὴ
616 2062 838 2136 ἡμῶν,ι
891 2062 982 2114 καὶ
1022 2059 1154 2112 αὐτὸ
1210 2057 1532 2130 μεταϐάλλει
1590 2055 1698 2110 ἀπὸ
1742 2055 1837 2108 τοῦ
1879 2052 2018 2108 εἶναι

441 2158 602 2229 σῶμα
643 2156 874 2210 θανάτου
923 2147 1275 2224 ζώοποιηθὲν,
1316 2151 1404 2205 διὰ
1435 2150 1496 2204 τὸ
1532 2149 1757 2220 Πνεῦμα
1791 2148 1852 2201 τὸ
1886 2146 2020 2212 ζωοσ

441 2252 628 2306 ποιοῦν
660 2248 850 2304 ὲκντοῦ
891 2248 1204 2318 πνεύματος
1230 2243 1534 2314 γεγονέναι.
1560 2242 1672 2296 Καὶ
1698 2241 1780 2303 τὸ,
1820 2259 1838 2291 ι
1878 2240 2022 2310 Ἐρεί

439 2345 516 2408 δὲ,
557 2341 682 2406 Πῶς
725 2341 1028 2412 ἐγείρονται
1070 2339 1120 2390 οἱ
1161 2338 1377 2407 νεκροὶ,
1411 2333 1547 2404 ποίῳ
1589 2333 1646 2386 δὲ
1682 2330 1894 2402 σώματι
1930 2330 2022 2403 έρ-

441 2453 661 2509 χονται;
694 2454 712 2487 ι
749 2431 970 2504 γυμνῶς
1011 2430 1362 2502 παρίστησιν,
1398 2429 1478 2481 ὅτι
1518 2426 1579 2479 τὸ
1625 2425 1837 2494 πρῶτον
1885 2425 2020 2476 ὑπο-

443 2528 693 2600 κείμενον
736 2525 836 2579 οὐκ
876 2524 1261 2594 ἀναστήσεται.
1298 2523 1361 2574 Et
1393 2519 1503 2590 γὰρ
1537 2516 1717 2581 καλῶς
1749 2515 2017 2585 ἐλάϐομεν

440 2619 505 2675 τὸ
555 2617 923 2691 παράδειγμα,
979 2614 1192 2686 ῥητέον,
1255 2612 1337 2665 ὅτι
1383 2613 1411 2665 ὁ
1451 2607 1822 2682 σπερματικὸς
1865 2606 2021 2674 λόγος

443 2716 502 2768 ὲν
531 2711 608 2783 τῷ
649 2710 832 2780 κόκκῳ
877 2706 973 2760 τοῦ
1019 2706 1169 2760 σίτου
1221 2704 1556 2776 δραξάμενος
1603 2701 1707 2770 τῆς
1753 2715 2022 2771 παρακει-

445 2805 615 2876 μένης
657 2802 811 2873 ῦλης,
846 2801 942 2855 καλ⁵
969 2799 1036 2853 δι’
1067 2798 1196 2870 ὅλης
1236 2796 1406 2866 αὐτῆς
1450 2794 1728 2866 χωρήσας,
1761 2789 2020 2861 περιδρα-

445 2899 678 2969 ξάμενος
735 2895 904 2965 αὐτῆς
951 2893 1046 2947 τοῦ
1107 2889 1272 2945 αὐτοῦ
1323 2889 1516 2950 εἴδους,
1567 2878 1641 2938 ὧν
1692 2884 1803 2954 ἔχει
1858 2882 2020 2936 δυνάο

450 3004 596 3059 μεων
631 2984 908 3054 ἐπιτίθησι
937 2985 1003 3053 τῇ
1042 2995 1173 3034 ποτε
1209 2981 1312 3048 γῇ,
1361 2975 1456 3030 καὶ
1489 2974 1678 3039 ὕδατι,
1725 2973 1819 3026 καὶ
1864 2972 2020 3042 ἀέρι,
2051 3009 2092 3063 C

445 3080 542 3133 καὶ
589 3078 753 3148 πυρὶ,
803 3075 1030 3145 νικήσας
1073 3071 1175 3134 τὰς,
1215 3069 1439 3122 ἐκείνων
1484 3066 1792 3134 ποιότητας,
1853 3080 2017 3134 μετα-

445 3170 629 3224 ϐάλλει
662 3169 754 3221 ἐπὶ
776 3168 979 3235 ταύτην
1023 3159 1092 3234 ἧς
1120 3165 1264 3215 ἐστιν
1309 3158 1472 3222 αὐτὸς
1515 3155 1878 3226 δημιουργός·
1925 3156 2020 3208 κα)⁴

443 3261 618 3325 οὕτως
656 3256 1068 3330 συμπληροῦται
1106 3254 1135 3306 ὁ
1179 3253 1378 3324 στάχυς
1425 3252 1505 3314 είς
1549 3249 1854 3322 ὑπερϐολὴν
1904 3249 2022 3302 δια-

447 3353 628 3426 φέρων
658 3352 751 3406 τοῦ
790 3350 850 3415 ἐξ
881 3349 1056 3422 ἀρχῆς
1091 3347 1312 3411 κόκκου,
1362 3343 1581 3417 μεγέθει
1627 3343 1718 3397 καὶ
1752 3343 2018 3414 σχήματι,

450 3449 544 3503 καὶ
581 3445 844 3516 ποικιλίᾳ.

452 3541 586 3606 lent,
625 3542 697 3593 ita
745 3547 856 3591 tmn
920 3532 1170 3588 dentibus
1216 3526 1619 3600 quodammodo
1679 3525 1952 3581 stridebit.
1997 3525 2131 3580 Illud
2183 3540 2312 3579 vero
2353 3525 2394 3556 "
2440 3543 2453 3578 :

2122 1777 2239 1832 illos
2264 1775 2649 1846 disputandum
2683 1770 2954 1828 est:Cum
2992 1771 3046 1824 in
3087 1771 3190 1826 hac
3227 1771 3335 1824 vita
3385 1771 3688 1824 membrum

2120 1881 2283 1922 omne
2327 1867 2394 1921 ad
2427 1880 2584 1920 usum
2641 1863 2879 1932 aliquem
2925 1877 2955 1916 a
3002 1876 3214 1916 summo
3259 1861 3349 1916 illo
3389 1860 3583 1932 opiliee
3619 1862 3690 1916 sit

2120 1960 2420 2024 conditum,
2476 1966 2589 2010 tum
2644 1971 2775 2012 vero
2826 1955 3017 2009 dentes
3065 1953 3238 2009 solido
3296 1954 3418 2009 cibo
3465 1954 3692 2010 commi-

2122 2051 2336 2107 nuendo
2389 2060 2518 2104 sunt
2567 2047 2716 2102 facti.
2765 2047 2903 2114 Quid
2950 2046 3117 2116 igitur
3142 2045 3396 2102 dentibus
3418 2060 3553 2116 opus
3585 2045 3692 2100 illis

2121 2156 2224 2208 est,
2244 2144 2335 2214 qui
2356 2142 2494 2212 apud
2515 2139 2717 2196 inferos
2740 2141 3090 2196 cruciantur?
3117 2139 3259 2207 Non,
3279 2139 3446 2203 enim,
3472 2141 3687 2210 Opinor,

2125 2239 2415 2308 quidquam
2449 2235 2557 2289 illic
2595 2234 3018 2289 manducaturos
3041 2247 3159 2288 esse
3183 2233 3439 2288 dixerint.
3469 2233 3548 2286 Ad
3578 2232 3691 2287 hate

2125 2327 2349 2385 docendi
2379 2336 2523 2392 Sunt,
2557 2339 2663 2378 non
2699 2323 2882 2378 omnia
2923 2323 3149 2393 perinde
3183 2322 3496 2391 accipienda
3544 2336 3685 2385 esse,

2135 2435 2198 2475 ac
2226 2419 2428 2488 scripta
2474 2425 2619 2472 sunt.
2674 2416 2855 2482 Quare
2898 2415 3004 2470 alio
3055 2414 3170 2470 loco
3199 2415 3456 2482 scriptum
3485 2424 3568 2468 est
3597 2413 3642 2444 ¹⁸
3673 2431 3688 2468 :

2129 2531 2148 2564 ι
2185 2513 2384 2567 Dentcs
2423 2518 2766 2579 peccatorum
2796 2507 3122 2561 contrivisti.
3163 2525 3181 2558 ι
3219 2506 3349 2561 Item
3387 2506 3469 2561 “:
3519 2522 3537 2556 ι
3575 2503 3691 2558 Μο-

2123 2603 2206 2658 las
2239 2602 2453 2656 leonum
2479 2599 2741 2668 confregit
2767 2597 3045 2652 Dominus.
3069 2615 3087 2648 ι
3107 2594 3241 2650 Nam
3270 2597 3393 2666 quis
3424 2597 3560 2650 adeo
3582 2605 3694 2650 sto-

2124 2694 2271 2749 lidus
2310 2702 2417 2758 est,
2452 2701 2510 2746 ut
2546 2691 2648 2745 sibi
2685 2688 3009 2760 persuadeat
3039 2686 3206 2742 Deum
3237 2687 3529 2742 reservatis
3559 2701 3694 2756 pec-

2129 2795 2374 2840 catorum
2438 2778 2756 2852 corporibus
2802 2778 2946 2832 solos
3001 2777 3193 2832 dentes
3238 2775 3577 2832 conterere?
3624 2775 3696 2830 Ut

2127 2878 2290 2949 igitur
2322 2874 2413 2946 qui
2457 2874 2570 2928 lnec
2609 2873 2681 2926 ita
2734 2885 2796 2926 se
2852 2871 3058 2925 habere
3101 2869 3255 2935 velit,
3311 2869 3364 2923 in
3413 2870 3692 2939 angustias

2126 2969 2405 3038 conjectus
2436 2968 2501 3023 ad
2548 2965 2896 3032 allegoricum
2931 2979 3151 3020 sensum
3193 2962 3284 3018 vel
3333 2961 3534 3016 invitus
3576 2971 3692 3016 tra»

2127 3064 2276 3119 hitur
2304 3081 2318 3130 ς
2356 3063 2434 3118 sic
2463 3063 2528 3116 de
2558 3062 2792 3116 stridore
2821 3059 3086 3123 dentium,
3111 3057 3164 3111 in
3189 3056 3275 3110 his
3297 3055 3389 3125 qui
3414 3053 3694 3123 suppliciis

2127 3157 2473 3221 adiciuntur,
2536 3154 2812 3224 inquirere
2881 3152 3023 3207 idem
3091 3159 3307 3220 oportet
3357 3166 3370 3201 :
3429 3157 3693 3219 quatenus

2129 3250 2309 3303 anima
2367 3245 2778 3303 commandendi
2834 3244 3146 3299 nonnullam
3206 3243 3312 3296 vim
3366 3242 3548 3304 habet,
3592 3253 3697 3306 qua

2132 3342 2319 3396 ultimo
2396 3341 2488 3395 illo
2553 3341 2740 3412 judicii
2800 3348 3062 3408 tempore,
3126 3350 3248 3392 cum
3325 3335 3392 3389 de
3458 3335 3699 3404 peccatis

2128 3433 2358 3502 quaestio
2392 3433 2699 3494 habebitur,
2735 3433 2956 3500 perinde
3003 3437 3062 3484 ut
3115 3427 3296 3484 collidi
3364 3425 3558 3482 dentes
3604 3438 3696 3478 so-

2511 3542 2528 3576 ι
2575 3523 2782 3578 Timete
2834 3539 2959 3578 eum
2992 3521 3084 3592 qui
3139 3528 3317 3585 potest
3362 3519 3598 3574 animam
3643 3527 3700 3573 et

451 3646 650 3701 corpus
695 3628 924 3700 perdere
950 3625 1003 3679 in
1044 3625 1370 3692 gehennam,
1403 3637 1424 3672 ι
1470 3619 1607 3673 forte
1647 3617 1700 3672 id
1743 3633 1909 3670 unum
1967 3632 2064 3669 nos
2102 3617 2292 3678 docet,
2336 3623 2611 3682 expertem
2657 3627 2779 3668 esse
2825 3613 3070 3680 corporis
3105 3611 3340 3665 animam
3379 3628 3392 3676 ;
3435 3620 3527 3664 aut
3567 3608 3697 3662 illud

452 3728 702 3796 insuper,
755 3723 991 3776 animam
1043 3721 1164 3773 sine
1208 3729 1439 3787 corpore
1490 3713 1669 3768 nullas
1720 3727 1912 3783 pmnas
1967 3726 2086 3766 esse
2132 3711 2552 3782 persolutnram.
2608 3709 2682 3762 De
2726 3723 2834 3778 quo
2871 3721 3100 3776 corpore
3141 3721 3260 3775 quae
3309 3705 3374 3760 ad
3441 3705 3698 3774 speciem,

450 3837 516 3877 ac
553 3792 782 3892 primam
826 3813 1125 3887 subjectam
1167 3811 1453 3868 materiam
1493 3809 1820 3873 attinebant,
1869 3807 2029 3878 paulo
2081 3815 2205 3859 ante
2253 3805 2484 3862 naturali
2531 3804 2739 3858 ratione
2782 3801 3155 3857 disseruimus.
3201 3799 3272 3855 At
3321 3813 3452 3854 vero
3497 3792 3698 3853 dictum

450 3920 580 3974 illud
618 3915 858 3986 Apostoli
893 3916 986 3968 ¹⁸ι
1039 3932 1056 3964 ι
1104 3909 1415 3967 νίνὶίίοειιήι
1467 3917 1522 3963 et
1564 3906 1812 3961 mortalia
1867 3918 2053 3959 nostra
2105 3917 2374 3969 corpora;
2413 3921 2434 3954 ι
2487 3917 2612 3956 cum
2657 3909 2901 3955 nostrum
2954 3896 3182 3952 mortale
3217 3898 3290 3949 sit
3333 3909 3564 3964 corpus,
3599 3907 3702 3946 nec

449 4025 594 4066 verae
623 3981 750 4063 vita:
789 4007 1082 4078 particeps,
1118 4002 1260 4058 istud
1301 4001 1481 4070 ipsum
1532 3998 1814 4052 declarare
1859 4003 2079 4062 potest:
2134 4007 2453 4059 corpoream
2504 3992 2644 4044 hanc
2696 3987 2930 4058 Speciem
2974 3987 3041 4040 de
3082 4000 3189 4054 qua
3238 3996 3396 4037 antea
3441 3981 3700 4035 diximus.

451 4124 574 4180 igua:
615 4117 804 4162 natura
851 4101 1096 4158 mortalis
1141 4108 1278 4154 est:
1327 4115 1346 4148 ι
1387 4095 1523 4151 Cum
1575 4092 1825 4148 Christus
1866 4090 2177 4160 apparuerit
2223 4089 2337 4142 vita
2393 4095 2578 4141 nostra
2627 4086 2704 4150 ¹⁹,
2745 4102 2764 4136 ι
2815 4093 2870 4138 et
2915 4082 3082 4151 ipsam
3149 4079 3218 4133 ab
3268 4092 3332 4131 eo
3384 4086 3550 4134 statu,
3593 4088 3699 4141 quo

454 4171 658 4278 peccati
702 4218 900 4274 corpus
931 4207 1071 4266 erat,
1103 4212 1223 4253 esse
1268 4193 1622 4257 mutandam;
1668 4199 2022 4260 posteaquam
2080 4186 2293 4242 scilicet
2336 4186 2404 4240 ab
2442 4184 2660 4238 vivifico
2700 4182 2901 4251 Spiritu
2932 4178 3000 4233 ad
3043 4178 3208 4231 vitam
3243 4175 3485 4230 resntuta
3517 4171 3700 4232 fuerit,

455 4266 618 4374 atque
661 4302 712 4356 in
759 4266 1063 4370 spiritalem
1115 4303 1366 4346 naturam
1417 4286 1712 4343 transierit.
1764 4283 2032 4339 Praeterea
2080 4282 2220 4337 istud
2262 4281 2434 4352 ipsum
2473 4281 2520 4313 ²⁰
2559 4297 2572 4334 :
2616 4297 2634 4330 ι
2681 4277 2786 4332 Sed
2816 4276 2959 4330 dicet
3007 4271 3202 4341 aliquis
3240 4288 3255 4325 :
3291 4266 3703 4368 Qttomodore-

451 4357 685 4471 surgunt
718 4357 939 4459 mdrtui,
977 4401 1073 4445 aut
1102 4388 1248 4460 quali
1295 4399 1418 4440 cum
1453 4397 1680 4452 corpore
1721 4380 1986 4436 venient?
2029 4400 2049 4433 ι
2102 4379 2280 4450 palam
2330 4378 2460 4433 illud
2503 4377 2763 4440 ostendit,
2811 4373 3040 4444 primam
3073 4365 3371 4471 subjectam
3416 4357 3700 4414 materiam

455 4458 602 4549 milio
637 4490 798 4544 modo
824 4458 1136 4554 resurgere.
1160 4479 1292 4534 Nam
1323 4478 1367 4532 si
1409 4485 1558 4531 recte
1590 4475 1923 4544 propositum
1965 4473 2032 4527 ab
2078 4474 2338 4544 Apostolo
2375 4472 2679 4543 exemplum
2723 4467 3056 4538 accipimus,
3101 4458 3384 4517 dicendum
3430 4465 3514 4509 est
3549 4469 3563 4506 :
3607 4465 3701 4507 se-

455 4589 625 4643 minis
655 4592 928 4644 naturam,
963 4595 1083 4649 qua:
1115 4572 1373 4631 frumenti
1402 4586 1574 4642 grano
1607 4571 1766 4625 insita
1814 4580 1930 4636 est,
1963 4569 2140 4623 vicina
2177 4576 2427 4639 correpta
2475 4567 2726 4629 materia,
2777 4575 2944 4618 totam
2989 4559 3134 4613 illam
3175 4551 3490 4624 pervadere,
3539 4555 3703 4616 atque

454 4683 598 4736 illius
633 4680 836 4749 pariter
867 4683 1115 4740 correpta
1142 4670 1342 4740 specie,
1369 4668 1513 4722 vires
1543 4679 1670 4719 suas
1699 4665 1752 4719 in
1791 4665 1865 4728 id,
1895 4665 2038 4734 quod
2072 4674 2200 4720 ante
2240 4675 2407 4729 terra,
2431 4680 2594 4734 aqua,
2635 4679 2745 4726 aer,
2783 4659 3033 4730 ignisque
3063 4654 3261 4716 fuerat,
3300 4645 3700 4707 transfundere,

454 4741 751 4838 carum-que
789 4768 1060 4837 superatis
1109 4761 1488 4833 qualitatibus,
1528 4760 1583 4814 in
1632 4757 1777 4812 illam
1823 4757 2020 4826 ipsam,
2053 4759 2206 4828 cujus
2244 4769 2328 4813 est
2366 4759 2586 4819 artifex,
2617 4764 2937 4810 convertere
2971 4769 2986 4805 :
3033 4761 3195 4819 atque
3231 4749 3337 4802 hoc
3381 4741 3542 4796 tuodo
3580 4750 3707 4808 per-

457 4869 545 4925 lici
579 4869 804 4938 spicam,
831 4881 948 4934 qua:
980 4879 1011 4916 a
1055 4862 1240 4932 priore
1261 4874 1429 4930 grano
1453 4858 1648 4911 mirum
1697 4855 1750 4909 in
1784 4855 2023 4918 modum,
2057 4863 2109 4909 et
2138 4853 2528 4925 magnitudine,
2571 4863 2626 4908 et
2663 4852 2861 4922 ﬁgura,
2901 4857 2958 4904 et
2991 4846 3259 4902 varietate
3301 4839 3580 4898 dissideat.

527 4979 643 5036 Τοῦ
688 4975 895 5031 αὑτοῦ.
938 4973 1133 5044 Κρίσις
1168 4970 1284 5024 ἐστὶ
1317 4967 1427 5039 (68)
1473 4966 1695 5020 δικαίων
1731 4963 1827 5035 μὲν
1870 4964 1904 5034 ἡ
1931 4963 2019 5017 ἀπὶ

2212 4967 2370 5038 537
2409 4966 2682 5030 Ejusdem.
2709 4965 2988 5021 Justornm
3030 4959 3249 5030 quidem
3284 4953 3587 5026 judicium,
3620 4955 3706 5004 est

457 5069 762 5148 πρακτικοῦ
808 5067 1059 5139 σώματος
1091 5064 1183 5117 ἐπὶ
1226 5057 1492 5130 ἀγγελικά
1527 5057 1855 5129 μετάϐασις-ο
1909 5057 2019 5108 ἀσε-

2141 5061 2402 5113 transitus
2428 5057 2496 5113 ab
2524 5072 2752 5128 operoso
2793 5067 3019 5123 corpore
3048 5050 3116 5105 ad
3147 5045 3390 5116 angelica
3430 5053 3703 5108 corpora;

456 5142 567 5222 ϐῶν
611 5167 670 5221 δὲ
708 5163 815 5218 ἀπὸ
856 5158 1158 5232 πρακτικοῦ
1207 5156 1457 5226 σώματος
1505 5151 1596 5203 ὲπὶ
1647 5145 1896 5202 σκοτεινά
1938 5148 2019 5200 καλ

2138 5154 2424 5223 impiorum
2471 5166 2601 5205 vero
2635 5149 2900 5219 judicium
2933 5187 2947 5213 ,
2980 5152 3065 5198 est
3102 5142 3171 5196 ab
3205 5149 3436 5209 Operoso
3475 5145 3703 5200 corpore

457 5259 663 5334 ζοφερά
713 5221 1000 5330 μετάθεσις
1061 5221 1307 5322 σώματα,
1360 5242 1773 5317 Ἐγερθήσονται
1816 5238 1924 5310 γὰρ
1980 5239 2019 5292 οἱ

2141 5245 2194 5298 in
2218 5221 2510 5299 tenebrosa
2544 5251 2600 5296 et
2650 5242 2881 5296 obscura
2927 5250 3158 5306 corpora
3195 5226 3546 5301 permutatio.
3598 5221 3704 5275 Be-

530 5423 578 5456 “
611 5421 919 5478 Matthxnt,
963 5414 1050 5470 12.
1127 5413 1170 5444 ¹⁵
1200 5410 1341 5465 Psal.
1368 5422 1450 5472 Ill,
1479 5406 1533 5460 8.
1612 5410 1657 5443 “
1688 5400 1830 5456 Psal.
1856 5394 2019 5459 Lvn,'

2158 5396 2199 5430 "
2227 5395 2418 5451 Matth.
2443 5413 2501 5462 x,
2539 5395 2630 5450 28.
2707 5393 2750 5425 ³⁸
2780 5392 2938 5450 Rom.
2980 5405 3095 5454 vnt,
3125 5389 3211 5443 il.
3309 5385 3497 5442 "‘Col.
3528 5399 3610 5443 tu.
3643 5387 3697 5437 ξ.

463 5493 511 5527 ²⁰
539 5494 560 5548 ι
588 5497 714 5551 Cor.
752 5507 839 5554 xv,
870 5488 960 5544 35.

443 5607 446 5610 ’
537 5617 898 5690 (GSthlmq
923 5611 1080 5677 ἐστι,
1121 5619 1229 5664 etc.
1271 5602 1554 5673 Descripta
1601 5605 1728 5655 sunt
1786 5610 1818 5651 e
1863 5587 2080 5649 schedia
2137 5586 2346 5644 Ernesti
2386 5582 2605 5649 Grabii,
2652 5589 2706 5636 et
2755 5575 3080 5642 Combelisii,
3136 5574 3437 5643 Latineque
3501 5569 3718 5625 exstant

468 5689 606 5760 apud
641 5689 957 5784 Barbarum.
1110 5777 1142 5784 _
1255 5774 1307 5784 ﬂ
1320 5771 1374 5784 η
3352 5723 3432 5784 35

791 5782 1064 5843 Ριτιιοι.
1102 5777 1219 5839 Gtt.
1255 5771 1399 5834 ΧΠ.
