4046 6152
454 182 589 239 1099
1852 179 1942 234 EX
1979 177 2052 235 Ol

2089 177 2282 236 [GENE
3559 195 3687 248 “00

446 306 671 368 snrgent
700 297 843 353 enim
876 296 1051 365 impii,
1098 309 1201 349 non
1237 294 1293 348 in
1344 295 1537 364 priori,
1571 295 1666 350 sed
1698 294 1750 349 in
1781 295 2016 351 secundo

2091 349 2092 354 η
2118 294 2334 358 ἀσεϐεῖς
2366 295 2466 350 οὐκ
2498 295 2556 349 ὲν
2581 297 2646 368 τῇ
2689 297 2929 370 προτέρᾳ
2969 299 3148 370 κρίσει
3173 339 3186 362 ,
3218 298 3331 352 ἀλλ’
3379 303 3437 355 ὲν
3480 304 3550 374 τῇ
3579 304 3689 358 δευ-

439 389 664 462 judicio.

2118 389 2272 460 τέρᾳ.

522 483 682 538 Vens.
715 481 769 536 6.
804 480 1066 545 Quoniam
1093 479 1232 533 novit
1269 477 1526 533 Dominus
1554 479 1693 534 uiam
1719 479 2009 549 juslorum,

2189 482 2316 534 Ὅτι
2343 480 2618 550 γινώσκει
2647 485 2680 535 ό
2712 484 2930 551 Κύριος
2958 483 3099 538 ὁδὸν
3123 484 3390 551 δικαίων,
3432 488 3530 540 καὶ
3560 488 3688 555 ὁδὸς

441 585 491 633 et
525 578 626 631 iter
652 575 926 642 impiorum
964 573 1170 640 peribit.
1204 571 1400 625 Malum
1428 572 1631 625 nullum
1668 589 1696 626 a
1758 572 1886 634 Deo,
1918 575 2012 626 sed

2111 575 2344 628 ἀσεϐῶν
2374 574 2700 629 ἀπολεῖται.
2737 576 2899 629 Οὐδὲν
2935 577 3038 630 ὑπὸ
3069 576 3205 630 Θεοῦ
3235 578 3684 651 γινώσκεται(69)

439 670 710 739 justorum
761 666 844 719 via
877 665 1223 735 cognoscitur
1270 665 1339 717 ".
1379 683 1396 715 ι
1426 663 1583 718 Novit
1611 683 1628 715 ι
1663 665 1808 718 enim
1847 683 1866 716 ι
1903 665 2006 719 Do-

2111 663 2343 732 φαῦλον,
2399 665 2511 719 ἀλλ’
2556 665 2731 737 ἡτῶν
2766 667 2988 720 δικαίων
3031 667 3165 732 ὁδός.
3223 688 3241 720 ι
3274 669 3456 737 Ἔγνω
3514 690 3532 722 ι
3585 671 3685 743 γὰρ

443 761 617 814 minus
655 759 746 828 qui
797 766 926 812 sunt
964 755 1099 824 ejus.
1139 774 1157 806 ι
1200 752 1477 810 iustorum
1511 770 1645 809 vero
1677 756 1758 809 via
1797 767 1879 810 est
1917 757 2008 812 ille

2115 774 2133 805 ι
2169 754 2370 826 Κύριος
2394 757 2519 819 τοὺς
2552 757 2712 820 ὄντας
2743 758 2929 812 αὐτοῦ.
2967 778 2986 810 ι
3033 758 3178 823 Ὁδὸς
3211 759 3267 812 δὲ
3307 761 3534 814 δικαίων
3564 766 3590 816 6
3619 768 3684 817 εἰ-

349 861 356 867 '
437 855 528 925 qui
549 853 780 908 dixit“:
810 871 829 903 ι
855 851 965 921 Ego
991 844 1107 904 sum
1137 850 1243 913 via,
1275 870 1292 903 ι
1321 850 1387 904 de
1409 865 1517 916 quo
1541 851 1701 904 etiam
1719 850 1947 904 dicitnr‘

2109 843 2256 898 πών·
2314 865 2333 897 ι
2392 845 2532 914 Ἐγώ
2576 849 2693 918 εἰμι
2743 849 2775 919 ἡ
2829 848 2978 912 ὁδὸς,
3027 868 3047 900 ι
3102 851 3230 921 περὶ
3284 843 3346 903 οὗ
3402 850 3677 906 λέλεκται·

442 945 673 1001 «Videte
713 959 834 1014 quae
883 945 956 998 sit
988 943 1074 996 via
1110 943 1271 998 bona.
1297 961 1318 993 ›
1370 941 1665 1010 impiorum
1712 951 1889 996 autem
1919 943 2003 996 via

2117 957 2136 989 ι
2177 938 2342 990 Ἴδετε
2388 939 2444 991 δὲ
2484 940 2612 992 ποία
2639 941 2786 993 ἐστὶν
2827 943 2860 1011 ή
2898 940 3011 1003 ὁδὸς
3057 943 3088 1012 ή
3135 941 3337 1012 ἀγαθή.
3382 962 3401 994 ι
3452 942 3598 1007 Ὁδὸς
3627 943 3680 995 δὲ

434 1049 519 1095 est
555 1040 641 1094 illa
676 1039 727 1092 in
774 1053 879 1107 qua
915 1036 1194 1091 ambulant
1223 1035 1314 1105 qui
1347 1036 1414 1090 de
1445 1035 1705 1091 Creatore
1739 1035 1883 1090 male
1925 1033 2003 1088 lo-

2104 1029 2316 1082 όισεϐὦν
2349 1031 2416 1101 ἢν
2455 1031 2726 1085 ὁδεύουσιν
2761 1033 2809 1084 οἱ
2841 1032 3260 1102 κακολογοῦντες
3291 1035 3382 1089 τὸν
3410 1019 3691 1107 Δημιουρέ

316 1186 320 1190 .
431 1141 694 1202 quuntur.
724 1129 942 1200 lgnorat
995 1143 1095 1183 nec
1147 1129 1297 1182 novit
1341 1126 1481 1181 mala
1509 1167 1526 1192 ,
1564 1142 1669 1181 non
1710 1126 1853 1196 quod
1893 1142 1914 1179 ιι

2102 1123 2216 1190 γόν.
2266 1125 2476 1193 ’Λγνοεῖ
2497 1125 2553 1177 δὲ
2586 1126 2681 1178 καὶ
2707 1126 2766 1178 οὐ
2797 1125 3054 1193 γινώσκει
3081 1127 3149 1180 τὰ
3182 1130 3358 1191 κακὰ,
3390 1131 3452 1182 οὐ
3491 1130 3569 1199 τῷ
3594 1131 3681 1183 δύο

431 1226 604 1289 possit
645 1223 829 1278 omnia
875 1221 1335 1290 comprehendere
1381 1227 1436 1274 et
1489 1219 1844 1288 intelligentia
1897 1234 1998 1273 sua

2102 1213 2294 1269 νασθαι
2316 1215 2476 1269 αὑτὸν
2503 1217 2926 1288 περιδράξασθαι
2963 1219 3200 1285 πάντων,
3237 1227 3328 1274 καὶ
3362 1223 3675 1294 περιλαϐεῖν

430 1316 643 1385 assequi
675 1314 802 1388 (hoc
835 1313 978 1368 enim
1009 1313 1076 1368 de
1103 1311 1214 1367 Deo
1242 1311 1486 1382 cogitare
1512 1309 1708 1380 nefas).
1735 1311 1827 1364 sed
1854 1310 1996 1379 quod

2099 1308 2165 1376 τῇ
2195 1306 2402 1378 διανοίᾳ
2421 1307 2583 1360 αὑτοῦ
2624 1306 2800 1378 (τοῦτο
2831 1309 2939 1381 γὰρ
2962 1310 3220 1381 ἀθέμιτον
3252 1315 3344 1367 καὶ
3375 1315 3677 1384 λογίζεσθαι

428 1407 735 1477 cognitione
759 1401 874 1473 ejus
903 1404 1117 1474 indigna
1147 1404 1273 1460 sint.
1305 1405 1510 1458 Idcirco
1543 1402 1684 1458 forte
1715 1402 1999 1476 (audacter

2098 1398 2227 1468 περὶ
2254 1397 2450 1469 Θεοῦ
2480 1398 2615 1453 ἀλλὰ
2647 1399 2725 1471 τῷ
2757 1401 2952 1464 ἀνάξια
2985 1397 3126 1455 εἶναι
3167 1407 3266 1474 τῆς
3301 1405 3554 1472 γνώσεως
3585 1409 3677 1460 αύ-

429 1498 576 1553 enim
602 1497 890 1552 dicendum
935 1494 1039 1567 est)
1067 1495 1362 1565 interrogat
1393 1494 1460 1548 de
1487 1494 1555 1550 iis
1604 1510 1724 1565 qua:
1754 1510 1860 1550 non
1898 1510 1997 1549 no-

2097 1491 2212 1546 τοῦ.
2239 1493 2391 1562 Τάχα
2419 1491 2506 1546 διὰ
2534 1492 2692 1547 τοῦτο
2719 1493 3138 1566 (τολμηρότερον
3160 1496 3215 1548 δὲ
3243 1498 3378 1550 αὐτὸ
3408 1500 3524 1570 ἐρεῖ
3543 1503 3571 1554 6
3595 1500 3679 1553 λό-

427 1590 525 1644 vit.
557 1585 659 1643 Ubi
697 1587 841 1642 enim
880 1585 1051 1640 Adam
1097 1586 1358 1656 peccavit,
1393 1602 1499 1640 non
1541 1587 1690 1641 novit
1721 1602 1866 1652 eum,
1897 1603 1996 1640 ne-

2096 1583 2212 1655 γος)
2240 1584 2564 1639 πυνθάνεται
2592 1586 2721 1658 περὶ
2755 1581 2829 1640 ὧν
2858 1587 2956 1640 οὐκ
2974 1583 3112 1639 οἶδεν
3131 1605 3144 1617 ·
3175 1589 3302 1642 ὅταν
3330 1591 3440 1661 γὰρ
3462 1591 3673 1662 ἁμάρτῃ

428 1697 534 1753 que
568 1682 742 1735 locum
779 1679 832 1733 in
863 1694 1023 1749 quem
1053 1678 1326 1732 ceciderat
1365 1678 1533 1732 Deum
1578 1677 1811 1746 fugiens.
1850 1680 1994 1745 Qua-

2093 1676 2123 1726 6
2158 1675 2326 1747 Ἀδὰμ
2348 1715 2363 1741 ,
2387 1678 2488 1730 οὐκ
2515 1672 2654 1731 οἶδεν
2680 1678 2840 1732 αὐτὸν
2863 1719 2878 1743 ,
2909 1678 3026 1731 οὐδὲ
3059 1679 3151 1732 τὸν
3179 1680 3344 1733 τόπον
3378 1683 3458 1744 εἰς
3503 1683 3564 1735 ὃν
3589 1684 3678 1735 ἐκ·

427 1783 647 1842 pr0pter
685 1771 760 1826 ait
785 1771 864 1825 ἰτ
907 1789 925 1822 ι
951 1770 1145 1835 Adam,
1181 1771 1269 1823 ubi
1322 1770 1419 1823 es?
1447 1789 1466 1820 ι
1501 1769 1592 1824 Sic
1634 1779 1687 1824 et
1723 1769 1776 1823 in
1814 1769 1994 1823 Evan-

2096 1766 2351 1821 πέπτωκε
2387 1768 2604 1838 φεύγων
2634 1770 2742 1822 ἀπὸ
2761 1770 2918 1823 Θεοῦ.
2943 1771 3034 1823 Διό
3063 1789 3244 1843 φησιν·
3288 1792 3307 1824 ι
3348 1774 3540 1845 Ἀδὰμ,
3571 1775 3669 1826 ποῦ

423 1863 563 1934 gelio
598 1864 900 1931 interrogat
948 1861 1016 1916 de
1055 1861 1122 1914 iis
1149 1875 1270 1929 qua:
1301 1874 1403 1913 non
1442 1859 1591 1913 novit
1630 1860 1773 1928 quod
1806 1859 1994 1928 cogni-

2094 1853 2179 1922 ei;
2209 1877 2226 1909 ι
2274 1859 2506 1929 Ὁμοίως
2547 1861 2606 1913 δὲ
2647 1861 2742 1914 καὶ
2783 1865 2840 1914 ἐν
2877 1861 2953 1933 τῷ
2993 1863 3307 1934 Εὐαγγελίῳ
3337 1865 3671 1919 πυνθάνεται

424 1957 576 2012 tione
602 1971 698 2012 sua
733 1956 953 2026 indigna
987 1955 1113 2009 sint.
1144 1955 1280 2021 Quia
1310 1953 1456 2006 enim
1485 1969 1591 2009 non
1628 1962 1852 2008 noverat
1885 1954 1990 2007 dae-

2092 1966 2160 2002 πε
2166 1949 2220 2021 ρὶ
2232 1945 2306 2004 ὧν
2320 1953 2420 2005 οὐκ
2434 1947 2592 2016 οἶδεν,
2608 1954 2708 2007 οὐκ
2727 1953 2894 2008 ὄντων
2917 1955 3081 2022 ἀξίων
3095 1957 3194 2025 τῆς
3214 1955 3467 2024 γνώσεως
3483 1958 3667 2012 αὑτοῦ.

421 2047 662 2104 monium
687 2087 701 2111 ,
734 2061 913 2115 neque
964 2061 1159 2100 nomen
1193 2043 1330 2112 ejus,
1365 2047 1662 2111 interrogat
1706 2043 1848 2113 quod
1889 2056 1990 2096 no-

2103 2039 2256 2093 Ἐπεὶ
2275 2041 2493 2113 γὰρούκ
2513 2040 2620 2096 οἶδε
2648 2044 2709 2097 τὸ
2738 2045 3030 2116 δαιμόνιον,
3052 2048 3172 2100 οὐδὲ
3197 2048 3255 2100 τὸ
3285 2048 3452 2118 ὄνομα
3483 2049 3664 2114 αὑτοῦ,

423 2155 544 2195 men
567 2138 682 2209 ejus
709 2139 800 2206 sit,
826 2148 881 2194 et
909 2139 1061 2194 audit
1086 2140 1132 2170 ³⁸
1161 2152 1176 2191 :
1214 2159 1231 2186 ι
1254 2136 1418 2207 Legio
1446 2137 1575 2191 mihi
1603 2151 1797 2191 nomen
1828 2145 1931 2191 est.
1961 2155 1982 2186 ι

2093 2128 2422 2184 πυνθάνεται
2453 2131 2505 2183 τί
2534 2131 2596 2184 τὸ
2625 2132 2794 2202 ὄνομα
2821 2132 2986 2186 αὑτοῦ
3009 2177 3024 2200 ,
3055 2136 3144 2187 ὅτε
3173 2136 3350 2189 ἐκεῖνο
3381 2138 3663 2209 ἀποκρίνε-

418 2232 487 2287 Ει
515 2233 830 2303 priusquam
865 2232 1058 2286 mulier
1088 2229 1372 2299 sanguinis
1419 2229 1687 2300 proﬂuvio
1734 2229 1987 2284 laborans

2091 2236 2202 2283 ται,
2233 2221 2339 2286 ὅτι,
2377 2241 2395 2273 ι
2424 2222 2642 2292 Λεγεὼν
2667 2224 2839 2294 ὄνομά
2870 2243 2980 2295 μοι.
3018 2246 3037 2276 ι
3063 2228 3174 2281 Καὶ
3205 2228 3333 2299 πρὶν
3355 2229 3455 2300 τὴν
3476 2230 3661 2300 ἄφεσιν

418 2323 791 2377 remissionem
841 2333 1184 2393 peccatorum
1233 2323 1523 2385 obtineat,
1577 2321 1872 2390 interrogat
1907 2321 1988 2375 di-

2086 2313 2186 2384 τὴν
2234 2315 2362 2386 περὶ
2402 2315 2504 2386 τῆς
2549 2318 2822 2388 σωτηρίας
2858 2318 3042 2373 λαϐεῖν
3089 2320 3185 2391 τὴν
3231 2322 3657 2392 αἱμορῤοοῦσαν.

416 2428 546 2469 cens
568 2414 647 2468 ’δε
684 2433 703 2466 ι
723 2414 866 2480 Quis
895 2430 983 2468 me
1009 2414 1225 2483 tetigit?
1249 2434 1268 2466 ι
1303 2413 1454 2467 Viam
1485 2413 1650 2481 igitur
1675 2412 1983 2481 iniquorum

2088 2405 2412 2461 πυνθάνεται
2449 2407 2622 2476 λέγων
2654 2425 2670 2439 ο
2725 2429 2744 2460 ‹
2782 2411 2879 2474 Τίς
2925 2429 3026 2482 μου
3069 2413 3282 2483 ﬁni/aro;
3321 2434 3340 2466 ι
3394 2415 3504 2486 Τὴν
3551 2415 3659 2469 ὁδὸν

416 2505 629 2574 ignorat
661 2505 820 2566 Deus,
852 2504 1122 2571 juStornm
1158 2519 1288 2559 vero
1325 2504 1494 2559 novit.
1533 2503 1664 2568 Quis
1689 2513 1866 2557 autem
1899 2503 1983 2556 via

2085 2490 2178 2548 οὖν
2223 2498 2331 2549 τῶν
2359 2498 2558 2552 ἀδίκων
2600 2501 2629 2552 ὁ
2657 2499 2789 2564 Θεὸς
2834 2501 3035 2568 ἀγνοεῖ,
3073 2502 3169 2574 τὴν
3211 2504 3268 2557 δὲ
3303 2504 3412 2557 τῶν
3444 2505 3658 2558 δικαίων

410 2598 681 2667 justorum
709 2637 726 2664 ,
777 2598 880 2653 nisi
922 2598 1009 2652 ille
1062 2598 1152 2667 qui
1202 2598 1338 2652 dixit
1378 2615 1390 2652 :
1443 2615 1464 2650 ι
1493 2595 1608 2667 Ego
1658 2611 1774 2650 sum
1811 2597 1920 2662 via,
1958 2614 1978 2648 ι

2084 2589 2360 2656 γινώσκει.
2407 2590 2503 2654 Τίς
2537 2590 2595 2644 δὲ
2644 2593 2677 2662 ή
2725 2592 2843 2656 ὁδὸς
2887 2593 2997 2647 τῶν
3033 2594 3257 2648 δικαίων
3298 2595 3331 2666 ἦ
3385 2598 3414 2650 ὁ
3454 2596 3650 2650 εἰπών·

416 2703 578 2758 quem
617 2689 766 2743 novit
791 2687 993 2744 Pater?
1029 2706 1047 2740 ι
1077 2687 1247 2744 Nemo
1278 2688 1422 2742 enim
1455 2687 1604 2742 novit
1647 2687 1844 2741 Filium
1880 2687 1980 2741 nisi

2091 2697 2110 2730 ι
2146 2678 2283 2748 Ἐγώ
2313 2681 2428 2751 εἰμι
2461 2683 2492 2752 ὴ
2524 2681 2674 2746 ὁδὸς,
2722 2701 2741 2734 ι
2777 2683 2836 2736 ὃν
2866 2684 3124 2752 γινώσκει
3159 2689 3187 2738 ὁ
3229 2688 3462 2760 Πατήρ;
3502 2708 3520 2738 ι
3558 2689 3655 2742 Οὐ-

411 2784 572 2839 Pater
608 2784 674 2837 "’.
713 2801 732 2834 ι
771 2781 1034 2838 Caeterum
1068 2782 1133 2835 ad
1182 2781 1271 2836 illa
1304 2795 1424 2849 quae
1459 2781 1526 2834 de
1561 2780 1872 2849 cognitione
1927 2787 1982 2833 et

2081 2769 2192 2834 δεὶς
2219 2772 2327 2842 γὰρ
2367 2773 2508 2841 ἔγνω
2551 2774 2642 2826 τὸν
2673 2775 2802 2828 Υἱὸν
2831 2778 2880 2829 εἰ
2913 2778 2986 2848 μὴ
3015 2780 3044 2831 ό
3085 2780 3292 2850 Πατήρ.
3334 2799 3352 2832 ι
3404 2781 3654 2852 Ἀρμόσει

414 2877 713 2946 ignorantia
735 2875 828 2931 Dei
862 2873 1112 2938 dicimus,
1145 2871 1698 2928 accommodabuntur
1725 2872 1890 2927 etiam
1916 2887 1978 2926 ea

2081 2861 2139 2914 δὲ
2167 2865 2278 2924 τοῖς
2305 2864 2432 2934 περὶ
2463 2863 2719 2931 γνώσεως
2747 2867 2840 2919 καὶ
2867 2867 3143 2936 ἀγνωσίας
3161 2869 3303 2922 Θεοῦ
3322 2869 3391 2923 τὰ
3423 2872 3650 2942 συνεχῶς

408 2982 529 3036 qua:
573 2967 774 3038 passim
820 2966 1090 3021 habentur
1134 2965 1187 3018 in
1233 2964 1506 3033 pr0phetis
1536 2964 1602 3018 de
1635 2965 1888 3016 memoria
1926 2973 1980 3018 et

2083 2953 2309 3024 κείμενα
2336 2955 2394 3007 ἐν
2417 2957 2538 3019 ταῖς
2561 2959 2918 3030 προφητείαις
2933 2960 3194 3030 ὀνόματα,
3210 2961 3417 3031 μνήμη
3437 2964 3530 3016 καὶ
3545 2965 3647 3029 λή-

407 3059 664 3115 oblivione
707 3060 821 3113 Dei.
853 3058 985 3111 Nam
1023 3072 1164 3126 saepe
1195 3057 1337 3110 inter
1367 3055 1630 3109 orandum
1673 3055 1872 3110 dicitur
1896 3055 1974 3111 '3:

2082 3047 2158 3111 θη
2179 3045 2336 3099 Θεοῦ.
2363 3047 2630 3112 Πολλάκις
2653 3050 2761 3121 γὰρ
2784 3052 2841 3103 ἐν
2863 3052 3048 3122 εὐχαῖς
3076 3052 3292 3125 εἴρηται
3325 3054 3411 3106 τό’
3458 3074 3476 3105 ι
3506 3056 3647 3126 Μνή-

414 3170 432 3202 ι
458 3149 661 3205 Memor
687 3160 803 3204 csto
825 3150 950 3213 mei,
978 3167 996 3200 )
1029 3157 1102 3213 et,
1126 3167 1144 3197 ι
1171 3147 1350 3214 Quare
1370 3146 1570 3202 oblitus
1597 3161 1656 3202 es
1691 3156 1976 3217 pauperta-

2083 3135 2239 3206 σθητί
2267 3156 2368 3209 μου
2393 3156 2408 3170 ο
2444 3159 2463 3191 ι
2497 3141 2612 3200 καὶ,
2644 3161 2662 3192 ι
2699 3143 2816 3196 Ἵνα
2837 3143 2889 3196 τί
2908 3143 3236 3217 ἐπιλανθάνῃ
3263 3145 3363 3216 τῆς
3386 3148 3649 3218 πτωχείας

407 3249 477 3302 tis
525 3245 765 3301 nostrae?
798 3264 814 3295 ι
855 3243 926 3299 Ut
970 3243 1114 3297 enim
1155 3257 1184 3294 a
1231 3256 1326 3308 sua
1382 3241 1641 3296 memoria
1681 3251 1974 3310 peccantes

2080 3230 2277 3300 ήμῶν;
2309 3250 2328 3283 ι
2373 3234 2722 3306 Ἀποῤῥίπτει
2766 3235 2874 3308 γάρ
2897 3237 2994 3308 τῆς
3037 3237 3232 3290 ἑαυτοῦ
3278 3239 3496 3309 μνήμης
3530 3239 3648 3302 τοὺς

405 3348 640 3405 amovet,
673 3337 751 3392 sic
777 3351 966 3392 rursus
993 3335 1316 3405 pcenitentes
1343 3334 1539 3399 recipit
1567 3345 1622 3390 et
1647 3350 1835 3390 eorum
1868 3350 1974 3390 tne-

2077 3322 2524 3394 ἁμαρτάνονταςο
2565 3326 2754 3400 ὥσπερ
2801 3329 2963 3382 πάλιν
2997 3330 3277 3400 προσίεται
3319 3332 3447 3394 τοὺς
3489 3347 3647 3402 μετα-

406 3430 630 3485 moriam
662 3429 855 3484 herum
886 3429 1071 3483 suum,
2077 3413 2351 3480 νοοῦντας,
2380 3417 2474 3470 καὶ
2496 3417 2863 3490 ἀναλαμϐάνει
2884 3419 3087 3473 τούτων
3117 3419 3213 3491 τὴν
3251 3423 3492 3492 μνήμην.

973 3610 1290 3667 PSALMUS
1334 3611 1398 3668 ΙΙ.

2657 3618 2862 3673 ΨΑΛΜ
2865 3621 2947 3673 ΟΣ
2981 3621 3055 3676 Β’.

470 3705 635 3762 Vens.
670 3708 696 3762 i
732 3714 786 3761 et
811 3706 871 3761 2.
909 3704 1089 3770 Quare
1121 3705 1448 3774 fremuerunt
1485 3714 1658 3774 gentes
1693 3716 1744 3761 et
1785 3708 1965 3778 papuli

2145 3712 2275 3766 Ἵνα
2307 3711 2366 3766 τι
2395 3711 2704 3781 ἐφρύαξαν
2743 3711 2886 3779 ἔθνη
2908 3752 2923 3775 ,
2948 3714 3047 3767 καὶ
3095 3715 3231 3769 λαοὶ
3271 3715 3641 3786 ἐμελέτησαν

401 3799 636 3852 meditati
689 3806 810 3852 sunt
867 3795 1105 3850 inania?
1148 3795 1438 3848 Astiterunt
1494 3813 1638 3866 reges
1689 3808 1874 3862 terrae,
1913 3811 1961 3854 et

2071 3803 2256 3868 κενάς
2291 3804 2689 3872 Παρέστησαν
2722 3809 2776 3858 οἱ
2809 3806 3092 3872 ,βασιλεῖς
3119 3807 3231 3875 τῆς
3261 3808 3376 3876 τῆς
3398 3849 3412 3874 ,
3449 3810 3550 3862 καὶ
3585 3811 3641 3864 oi

397 3889 655 3958 principes
683 3893 1023 3941 conuenerunt
1052 3883 1109 3938 in
1135 3901 1296 3938 unum
1327 3887 1576 3942 adversus
1603 3886 1888 3943 Dominum
1915 3899 1962 3943 et

2067 3898 2357 3965 ἄρχοντες
2384 3896 2785 3966 συνήχθησαν
2810 3898 2908 3952 ἐπὶ
2946 3900 3009 3952 τὸ
3033 3899 3180 3953 αὐτὸ
3209 3899 3356 3954 κατὰ
3396 3901 3502 3955 τοῦ
3526 3906 3638 3956 Κυ-

398 3982 646 4034 adversus
691 3978 954 4034 Christum
985 3979 1099 4048 ejus
1127 4019 1142 4043 ,
1196 3989 1304 4033 etc.
1355 3979 1490 4033 Cum
1526 3979 1578 4032 in
1629 3981 1960 4050 exemplaria

2059 3988 2197 4055 ρίου
2225 3990 2322 4042 καὶ
2358 3990 2509 4043 κατὰ
2547 3989 2653 4042 τοῦ
2688 3990 2943 4057 Χριστοῦ
2970 3991 3155 4045 αὑτοῦ
3177 4029 3192 4056 ,
3219 4010 3273 4047 κ.
3304 4011 3355 4048 τ.
3377 3994 3423 4046 ὲ.
3479 3993 3639 4047 Δυσὶν

398 4075 502 4128 duo
527 4072 791 4128 llebraica
821 4073 1221 4136 incidissemus,
1259 4071 1309 4125 in
1342 4086 1448 4126 uno
1480 4071 1699 4140 quidem
1734 4073 1960 4128 secundi

2067 4079 2378 4149 ἐντυχόντες
2413 4079 2523 4150 (70)
2559 4079 2866 4150 Ἑϐραϊκοῖς
2907 4082 3290 4153 ἀντιγράφοις,
3330 4085 3388 4136 ὲν
3426 4084 3524 4153 μὲν
3560 4083 3636 4153 τῷ

399 4166 585 4236 psalmi
633 4164 957 4235 principium
990 4163 1297 4217 invenimus
1345 4164 1457 4218 haec
1491 4163 1653 4234 538
1687 4178 1808 4219 esse
1832 4208 1848 4232 ,
1905 4165 1957 4218 in

2066 4168 2235 4240 ἑτέρῳ
2264 4170 2494 4241 εὕρομεν
2517 4170 2688 4241 ἀρχὴν
2711 4170 2964 4242 δευτέρου
2988 4172 3202 4243 ψαλμοῦ
3237 4174 3406 4227 ταῦτα
3430 4191 3444 4204 ⁸
3478 4176 3535 4226 ὲν
3576 4173 3633 4228 δὲ

395 4257 571 4312 altero
599 4271 724 4311 vero
750 4271 870 4310 cum
903 4255 1084 4323 priore
1111 4252 1396 4321 conjuncta
1430 4262 1602 4309 erant.
1639 4255 1706 4310 Et
1733 4257 1784 4310 in
1815 4256 1961 4310 Acti-

2063 4260 2139 4330 τῷ
2163 4261 2331 4331 ἑτέρῳ
2359 4261 2657 4332 συνήπτετο
2679 4260 2756 4331 τῷ
2776 4260 2991 4332 πρώτῳ.
3013 4264 3119 4315 Καὶ
3145 4265 3202 4316 ὲν
3229 4267 3347 4327 ταῖς
3372 4264 3633 4332 Πράξεσι

395 4351 489 4403 bus
531 4347 890 4419 apostolorum
923 4348 1052 4402 illud
1082 4348 1159 4402 ’9:
1202 4365 1222 4398 ι
1247 4346 1418 4402 Filius
1453 4363 1604 4400 meus
1631 4362 1690 4402 es
1722 4357 1775 4402 tu
1796 4387 1811 4412 ,
1861 4362 1960 4416 ego

2057 4353 2114 4406 δὲ
2136 4354 2244 4406 τῶν
2268 4353 2576 4407 ἀποστόλων
2601 4353 2682 4418 τὸ,
2714 4373 2732 4404 ι
2769 4354 2894 4418 Υἱός
2921 4372 3020 4424 μου
3051 4349 3103 4407 εἴ
3131 4356 3216 4420 σὺ,
3255 4354 3363 4424 ἐγὼ
3393 4359 3632 4428 σήμερον

394 4440 558 4514 hodie
587 4441 744 4510 genui
779 4450 852 4509 te,
888 4458 907 4492 ι
942 4454 972 4493 e
997 4440 1175 4509 primo
1207 4437 1415 4508 psalmo
1447 4437 1717 4492 laudatur.
1757 4458 1778 4490 ‹
1809 4439 1960 4493 Sicut

2055 4443 2361 4515 γεγέννηκά
2374 4461 2453 4507 σε,
2467 4463 2484 4494 ι
2506 4443 2721 4510 ἐλέγετο
2741 4438 2883 4496 εἶναι
2901 4444 2993 4496 τοῦ
3018 4444 3231 4516 πρώτου
3258 4443 3523 4515 ψαλμοῦ.‹
3549 4445 3631 4508 Ὠς

390 4533 652 4601 scriptum
684 4544 805 4596 est,
836 4551 855 4584 ι
896 4533 1112 4601 inquit,
1153 4548 1172 4582 ι
1209 4531 1261 4583 in
1304 4531 1480 4597 primo
1515 4530 1725 4599 psalmo
1752 4570 1768 4595 ,
1812 4531 1957 4586 ﬁlius

2053 4535 2162 4606 γὰρ
2189 4536 2513 4607 γέγραπται,
2539 4553 2556 4585 ι
2578 4534 2765 4606 φησὶν,
2789 4554 2808 4586 ι
2834 4537 2891 4588 ὲν
2913 4534 3114 4605 πρώτῳ
3135 4535 3352 4606 ψαλμῷ
3373 4537 3499 4600 Υἱός
3532 4553 3628 4606 μου

392 4639 544 4680 meus
577 4639 636 4679 es
663 4634 739 4687 tu,
772 4639 872 4695 ego
905 4625 1066 4679 hodie
1099 4627 1257 4694 genui
1288 4634 1359 4678 te.
1390 4641 1412 4676 ι
1445 4624 1644 4679 Verum
1672 4626 1954 4694 exempla-

2053 4621 2105 4677 εἶ
2139 4626 2224 4688 σὺ,
2267 4624 2378 4694 ἐγὼ
2417 4626 2655 4696 σήμερον
2693 4625 3002 4695 γεγέννηκά
3041 4642 3122 4678 σε.
3165 4646 3183 4678 ι
3228 4626 3309 4679 Τὰ
3344 4627 3629 4696 Ἑλληνικὰ

392 4715 471 4771 ria
496 4716 682 4772 Graeca
717 4716 860 4770 hunc
895 4716 1190 4770 secundum
1225 4730 1346 4769 esse
1384 4716 1640 4770 indicant.
1675 4716 1805 4771 lllud
1853 4733 1950 4770 au-

2054 4717 2242 4789 μέντοι
2257 4718 2562 4789 ἀντίγραφα
2577 4717 2827 4788 δεύτερον
2844 4712 2980 4770 εἶναι
3005 4717 3194 4772 τοῦτον
3222 4718 3432 4790 μηνύει.
3462 4719 3630 4772 Τοῦτο

391 4820 498 4864 tem
532 4824 637 4863 non
671 4807 1024 4872 ignorandum
1050 4816 1133 4861 est
1161 4807 1213 4859 in
1245 4804 1525 4860 llebraicis
1554 4806 1952 4876 exemplaribus

2051 4809 2109 4862 δὲ
2134 4809 2233 4862 οὐκ
2256 4808 2566 4879 ἀγνοητέον,
2583 4809 2664 4862 ὅτι
2689 4811 2748 4862 ὲν
2767 4807 2845 4878 τῷ
2873 4808 3142 4880 Ἐϐραῖκῷ
3167 4810 3340 4862 οὐδενὶ
3361 4811 3470 4863 τῶν
3495 4800 3626 4880 alia)?

387 4900 518 4958 nulli
559 4898 765 4969 psalmo
802 4913 1086 4952 numerum
1131 4897 1369 4966 apponi,
1411 4896 1524 4952 sive
1570 4898 1796 4964 primus,
1837 4899 1952 4953 sive

2057 4899 2171 4970 μῶν
2205 4899 2434 4970 ἀριθμὸς
2464 4900 2826 4971 παράκειται,
2864 4900 3078 4970 πρῶτος
3106 4901 3154 4954 εί
3179 4901 3350 4971 τύχοι,
3377 4903 3410 4973 ἦ
3444 4902 3623 4958 δεύτε-

387 4993 658 5047 secundus
685 5029 701 5058 ,
755 4990 870 5044 sive
922 4988 1118 5043 tertius
1147 4989 1241 5041 sit.
1287 4986 1555 5042 Caeterum
1592 5003 1712 5056 quae
1761 4988 1846 5046 hic
1887 4989 1953 5044 de

2057 5007 2170 5062 ρος,
2196 4988 2228 5060 ἢ
2252 4990 2452 5061 τρίτος.
2499 4990 2563 5042 Τί
2597 4989 2654 5042 δὲ
2679 4989 2740 5043 τὸ
2777 4990 2936 5058 λέγον
2961 4988 3026 5043 ἂν
3071 4990 3155 5061 εἴη
3181 4991 3469 5061 πρόσωπον
3496 5010 3624 5065 πριι-

383 5085 601 5140 Christo
629 5096 860 5153 persona
899 5078 1266 5134 vaticinatur?
1303 5075 1399 5132 Vel
1435 5077 1678 5149 Spiritus
1724 5090 1949 5135 sanctus

2058 5080 2283 5150 φητείαν
2310 5079 2559 5152 περιέχον
2583 5078 2680 5149 τὴν
2721 5081 2850 5150 περὶ
2888 5079 3160 5151 Χριστοῦ;
3194 5081 3349 5133 Ἤτοι
3375 5081 3436 5136 τὸ
3465 5081 3621 5136 Πνεῦ-

454 5204 495 5236 ³¹
528 5199 568 5256 ΙΙ
597 5200 740 5257 Tim.
781 5216 841 5265 ll,
878 5199 965 5254 19.
1042 5203 1086 5231 ²²
1111 5198 1264 5252 Joan.
1297 5213 1404 5264 XIV,
1436 5200 1490 5257 6,
1567 5201 1612 5232 ’³
1643 5199 1845 5256 Jerem.
1877 5218 1952 5268 γι,
1983 5203 2050 5258 16

2018 5205 2074 5258 6.
2150 5202 2197 5234 ⁸⁸
2219 5201 2418 5257 Cenes.
2446 5217 2529 5267 nt,
2557 5201 2613 5257 9.
2683 5202 2733 5236 ³⁸
2758 5201 2926 5259 Marc.
2954 5217 3009 5268 ν,
3035 5201 3092 5258 9.
3165 5204 3212 5236 ⁸⁸
3247 5201 3385 5259 Luc.
3414 5218 3501 5268 ιιι,
3529 5202 3614 5258 45.

384 5274 426 5306 ’⁷
456 5272 647 5327 Matth.
681 5286 762 5335 ιιι.
801 5271 892 5325 27.
967 5270 1011 5302 ³⁸
1043 5269 1187 5325 Psal.
1230 5283 1384 5334 ant,
1412 5271 1504 5325 24.
1578 5273 1623 5308 ὀ
1652 5276 1775 5328 Act.
1800 5287 1916 5338 xm,
1943 5275 1982 5327 δὲ

885 5309 892 5324 .
967 5270 1011 5302 ³⁸
1043 5269 1187 5325 Psal.
1230 5283 1384 5334 xutt,
1412 5271 1504 5325 24.
1578 5273 1623 5308 ²⁹
1652 5276 1775 5328 Aet.
1800 5287 1916 5338 xm,
1943 5275 2033 5329 55.
2481 5285 2483 5287 ’

453 5365 564 5438 (69)
589 5362 934 5438 *Οὐδὲν-ὐπὸ
965 5365 1112 5418 Θεοῦ
1137 5365 1641 5438 γινώσκεταικιιιρ.
1683 5364 1725 5419 Ε
1744 5365 1941 5438 codice
2047 5385 2051 5436 ί

1011 5365 1112 5418 εοῦ
1137 5365 1641 5438 γινώσκεταικιιιρ.
1683 5364 1725 5419 Ε
1744 5365 1941 5438 codice
2047 5366 2238 5438 psaim.
2266 5381 2304 5429 ι,
2337 5381 2486 5438 nutu.
2524 5365 2609 5422 19.

382 5432 729 5506 Barocciano.
767 5434 968 5489 Eadem
1026 5432 1201 5503 quoad
1261 5451 1479 5491 sensum
1516 5436 1676 5490 habet
1731 5435 1938 5490 Catena

2047 5432 2056 5436 ⁷
2117 5435 2227 5506 (70)
2257 5437 2445 5490 Δυσὶν
2466 5435 2842 5506 ἐντυχόντες,
2863 5442 2968 5489 etc.
2990 5432 3033 5486 E
3048 5433 3234 5488 codice
3259 5433 3613 5506 Baroeciano,

345 5516 349 5524 ‘
379 5505 648 5575 Corderii.
679 5503 868 5575 Latine
893 5513 1108 5558 exstant
1137 5507 1275 5574 apud
1310 5506 1629 5568 Barbarum,
1663 5506 1940 5575 majorque
2045 5515 2100 5559 et
2126 5503 2344 5560 schedis
2371 5507 2703 5560 Combelisii.
2732 5505 2932 5575 Latine
2957 5514 3170 5575 exstant
3197 5506 3246 5558 in
3271 5506 3476 5559 Catena
3508 5505 3614 5558 Da-

380 5590 508 5656 pars
540 5574 745 5656 iisdem.
768 5573 882 5656 fere
915 5573 1590 5656 verbisreperit‘unapud
1624 5573 1935 5656 Eusebium.
2045 5575 2503 5656 nielisBar‘barin
2533 5575 2590 5630 lu
2639 5576 2846 5632 Catena
2895 5574 3139 5632 Cordeni
3186 5589 3477 5646 perperam
3516 5577 3618 5632 tri-

382 5643 650 5704 Nomtulla
673 5644 837 5703 etiam
865 5644 988 5701 inde
1013 5643 1242 5716 arripuit
1264 5643 1526 5714 Hilarius,
1561 5643 1847 5717 ltxplanat.
1884 5649 1939 5704 in
2045 5647 2286 5725 buuntur
2311 5644 2564 5718 Georgio.
