4046 6152
456 239 586 293 “(ll

1433 229 1740 286 SELECTA
1775 228 1840 284 IN
1878 225 2212 288 PSALMOS.
2248 255 2316 269 ——-
2351 227 2545 284 PSAL.
2588 227 2650 283 ll.

3543 228 3677 285 11οΞ

454 370 530 426 μα
553 352 612 404 τό
640 350 814 420 ἀγιον,
842 349 873 420 ἦ
903 348 1061 410 αὐτὸς
1099 349 1126 400 6
1149 346 1442 418 προφήτης
1469 346 1632 398 ἐστίν.
1671 344 1802 396 Ἀπὸ
1838 343 1896 396 δὲ
1921 342 2016 396 τοῦ

2134 351 2254 407 est,
2286 343 2369 398 vel
2418 343 2534 412 ipse
2578 343 2858 414 propheta.
2907 343 2948 396 Α
2987 340 3349 412 Diapsahnate
3393 353 3570 398 autem
3623 349 3682 398 tit

450 444 828 515 Διαψάλματος
880 439 1145 512 μεταϐολὴ
1183 438 1390 507 γίνεται
1437 436 1532 490 τοῦ
1579 436 1860 506 λέγοντος·
1898 434 2013 488 ἐστι

450 535 558 606 γὰρ
607 535 637 587 6
673 530 931 602 Χριστὸς,
970 528 1044 592 ὡς
1084 528 1174 580 καὶ
1229 526 1386 580 τοῦτο
1441 526 1865 597 παραστήσομεν
1917 522 2016 588 τάς

450 623 621 689 λέξεις
646 621 1007 688 ἐξετάζοντες.
1033 619 1140 671 Καὶ
1166 617 1226 670 ού
1262 616 1572 686 θαυμαστὸν
1602 616 1649 668 εί
1690 616 1747 668 ἐν
1782 613 1861 666 ἐνὶ
1884 611 2018 682 ψαλ-

452 715 539 787 μῷ
570 715 691 784 οὐχὶ
719 712 776 766 ἓν
810 709 1096 783 πρόσωπόν
1138 709 1251 760 ἐστι
1284 707 1344 760 τὸ
1378 707 1564 775 λέγον·
1601 705 1867 774 πολλαχοῦ
1909 703 2018 774 γὰρ

449 806 608 860 τοῦτο
641 805 784 858 ἐστιν
829 804 989 866 ἰδεῖν,
1025 801 1099 864 ὡς
1137 799 1413 871 προϊόντες
1452 796 1716 870 δείξομεν.
1754 798 1863 850 Καὶ
1888 797 2018 850 ταῦ-

449 916 520 953 τα
568 898 666 969 μὲν
705 896 809 969 πρὸ
852 893 944 948 τοῦ
973 892 1185 964 ψαλμοῦ
1207 930 1223 956 ,
1265 890 1685 961 κατανοήσωμεν
1727 888 1906 951 δὲτὰς
1932 888 2016 940 λέ-

486 1007 585 1052 εις.

452 991 638 1136 ﬁdat?
677 1077 883 1134 αὑτοῦ.
932 1074 1184 1144 Τέσσαρα
1219 1073 1350 1144 γένη
1402 1071 1510 1126 τῶν
1557 1070 1667 1142 (71)
1716 1069 2016 1142 ἀνθρώπων

453 1173 618 1245 φησιν
662 1173 691 1224 6
729 1170 884 1239 λόγος
925 1165 1340 1237 ἐπιϐεϐληκέναι
1378 1163 1622 1236 Χριστῷ·
1671 1161 1796 1232 ἔθνη
1850 1161 2018 1233 φρυά-

450 1267 618 1331 ξαντα
644 1261 764 1316 κατ’
786 1259 975 1323 αὐτοῦ,
1013 1257 1105 1312 καὶ
1133 1257 1296 1319 λαοὺς
1323 1255 1721 1326 μελετήσαντας
1746 1251 1894 1314 κενὰ,
1921 1249 2017 1304 καὶ

453 1357 690 1427 βασιλεῖς
735 1354 835 1424 τῆς
872 1353 976 1423 γῆς
1025 1350 1406 1422 παραστάντας
1441 1350 1555 1418 μετ’
1587 1347 1858 1417 ἀρχόντων
1895 1361 2018 1397 συν-

452 1449 722 1521 αχθέντων
752 1447 844 1498 ἐπὶ
863 1445 923 1497 τὸ
945 1443 1092 1497 αὐτό.
1118 1444 1227 1496 Καὶ
1251 1440 1532 1514 ἡγούμεθα
1563 1440 1658 1510 μὲν
1680 1439 1805 1509 ἔθνη
1836 1435 2019 1508 δηλοῦ-

454 1543 576 1595 σθαι
607 1541 733 1602 τοὺς
752 1537 1061 1608 ἀλλοτρίους
1081 1537 1180 1607 τῆς
1209 1535 1442 1596 πίστεως
1471 1529 1806 1603 ἀνθρώπους,
1831 1529 2016 1598 ὥσπερ

451 1634 576 1697 τοὺς
610 1629 942 1704 στρατιώτας
974 1631 1098 1693 τοὺς
1132 1628 1475 1701 φρυάξαντας
1515 1623 1632 1678 κατ’
1668 1621 1826 1678 αὑτοῦ
1851 1641 1865 1653 ·
1894 1621 2018 1685 τοὺς

449 1725 506 1777 δὲ
526 1724 686 1786 λαοὺς
712 1723 836 1784 τοὺς
861 1721 968 1774 ἀπὸ
987 1719 1094 1772 τῶν
1123 1717 1304 1788 φυλῶν
1328 1717 1424 1786 τῆς
1446 1713 1754 1783 κατατομῆς
1781 1711 1860 1781 (ού
1906 1709 2014 1781 γὰρ

450 1814 652 1888 κυρίως
676 1811 891 1866 λεκτέον
918 1809 1111 1873 αὐτοὺς
1143 1807 1231 1860 τὸν
1256 1806 1483 1876 Σωτῆρα
1519 1802 1590 1874 μὴ
1623 1799 2012 1888 προσιεμένους

451 1886 894 1974 ἐκ-περιτομῆς),
927 1900 1119 1962 οἵτινες
1170 1895 1298 1950 κενά
1353 1891 1786 1964 μεμελετήκασι,
1828 1886 1918 1940 τὸν
1955 1887 2013 1938 ἐν

451 2001 561 2062 τοῖς
591 1995 979 2068 μελετωμένοις
1008 1991 1362 2064 προφητικοῖς
1389 1987 1566 2053 λόγοις
1593 1979 2014 2051 καταγγελλόμε-

452 2105 541 2144 νον
571 2087 805 2157 Χριστὸν
836 2084 896 2136 οὐ
932 2082 1261 2156 νενοηκότες.
1293 2077 1536 2139 Βασιλεῖς
1567 2075 1624 2127 δὲ
1663 2074 1759 2144 τῆς
1791 2070 1893 2140 γῆς
1921 2071 2014 2123 καὶ

451 2181 708 2252 ἄρχοντες
734 2173 976 2247 Ἡρώδης
1002 2191 1060 2226 τε
1087 2173 1180 2226 καὶ
1207 2171 1428 2233 Πόντιος
1447 2167 1698 2228 Πιλᾶτος,
1723 2164 1814 2216 καὶ
1847 2163 1897 2215 οἱ
1918 2160 2012 2214 τοῦ

465 2271 730 2326 Ἰουδαίων
764 2262 892 2321 λαοῦ
932 2264 1239 2336 ἡγούμενοι.
1269 2262 1481 2315 Τούτων
1512 2262 1622 2329 γὰρ
1649 2257 1740 2310 καὶ
1766 2258 1793 2308 6
1820 2253 2014 2307 θεσπέ-

455 2379 567 2426 σιος
627 2361 828 2431 Πέτρος
884 2359 912 2410 ὁ
970 2356 1261 2418 ἀπόστολος
1301 2349 1777 2423 ἀπεμνημόνευσεν
1834 2343 2014 2407 ἱδικῶς

452 2455 511 2506 ἐν
545 2454 664 2516 ταῖς
714 2449 972 2518 Πράξεσι
1014 2448 1120 2500 τῶν
1158 2444 1466 2500 ἀποστόλων
1506 2440 1603 2512 τὴν
1651 2437 2014 2510 προκειμένην

455 2545 645 2617 χρῆσιν
678 2538 1032 2614 παραγαγών.
1080 2539 1142 2592 Et
1174 2537 1231 2589 δὲ
1263 2536 1355 2590 καὶ
1397 2534 1495 2597 τὰς
1528 2531 1787 2624 ἀοράτους
1825 2529 2014 2624 φήσεις

451 2637 740 2706 δυνάμεις,
785 2634 883 2702 οὐκ
923 2630 988 2685 ἂν
1027 2630 1308 2700 ἁμάρτοις.
1354 2626 1464 2681 Καὶ
1491 2626 1520 2676 ό
1554 2621 1857 2693 σοφώτατος
1889 2621 2014 2688 γοῦν

465 2725 784 2787 Ἀπόστολος
803 2723 863 2776 οὐ
887 2720 1136 2775 τοσοῦτον
1158 2716 1460 2790 ἀνθρώποις
1483 2715 1726 2787 προσῆψε
1741 2713 1801 2766 τὸ
1822 2715 2014 2764 ἐσταυ-

457 2817 688 2888 ρωκέναι
719 2815 808 2868 τὸν
838 2812 1089 2883 Χριστὸν,
1126 2811 1201 2873 ὡς
1225 2809 1512 2880 δυνάμεσιν
1551 2807 1912 2878 ἀρχοντικαίς,
1937 2800 2017 2852 λέ-

455 2923 566 2974 γων
585 2923 597 2935 ·
649 2923 668 2955 ι
702 2902 897 2972 Σοφίαν
928 2902 984 2955 δὲ
1014 2896 1278 2970 λαλοῦμεν
1308 2901 1364 2952 ἐν
1396 2901 1507 2960 τοῖς
1535 2896 1757 2959 τελείοις
1775 2912 1789 2924 ·
1827 2894 2016 2962 σοφίαν

455 3000 512 3054 δὲ
535 2999 595 3052 οὐ
623 2995 717 3051 τοῦ
745 2996 937 3059 αἰῶνος
967 2993 1180 3057 τούτου,
1197 2993 1317 3046 οὐδὲ
1344 2991 1452 3046 τῶν
1473 2990 1744 3062 ἀρχόντων
1766 2987 1860 3041 τοῦ
1889 2987 2018 3042 αἰῶ-

455 3110 544 3156 νος
570 3093 662 3145 τού
675 3109 780 3154 του,
811 3091 918 3144 τῶν
942 3087 1415 3162 καταργουμένων
1439 3084 1574 3137 ἀλλά
1601 3081 1863 3151 λαλοῦμεν
1882 3078 2016 3132 Θεοῦ

455 3183 646 3253 σοφίαν
680 3184 736 3236 ὲν
770 3181 1066 3253 μυστηρίῳ,
1102 3180 1199 3250 τὴν
1231 3175 1750 3248 ἀποκεκρυμμένην,
1787 3174 1851 3243 ἣν
1890 3188 2016 3242 προ-

451 3274 650 3347 ώρισεν
686 3277 714 3328 ό
740 3274 870 3336 Θεὸς
902 3272 1007 3344 πρὸ
1035 3270 1143 3323 τῶν
1186 3268 1392 3324 αἰώνων
1432 3268 1511 3330 είς
1541 3263 1697 3330 δόξαν
1735 3263 1910 3335 ήμῶν,
1953 3260 2019 3332 ἣν

456 3367 628 3430 οὐδεὶς
654 3365 762 3418 τῶν
793 3364 1065 3436 ἀρχόντων
1091 3357 1182 3414 τοῦ
1219 3359 1413 3422 αἰῶνος
1446 3358 1636 3411 τούτου
1666 3357 1930 3424 ἔγνωκε-ν’
1969 3357 2019 3408 εἰ

455 3457 563 3528 γὰρ
587 3456 846 3525 ἔγνωσαν,
880 3454 979 3506 οὐκ
1000 3452 1065 3506 ἂν
1090 3451 1179 3505 τὸν
1210 3450 1410 3521 Κύριον
1439 3448 1536 3518 τῆς
1563 3447 1718 3518 δόξης
1750 3445 2021 3516 ἐσταύρω-

454 3566 576 3604 σαν.
603 3567 622 3600 ι
659 3549 806 3600 Ποῖοι
828 3545 934 3616 γὰρ
962 3545 1217 3616 ἄρχοντες
1258 3539 1607 3612 ἐσταύρωσαν
1635 3538 1726 3591 τὸν
1766 3536 2017 3609 Χριστὸν,

454 3641 546 3695 τὸν
573 3636 672 3710 τῆς
700 3637 855 3709 δόξης
891 3635 1112 3707 Κύριον,
1137 3635 1187 3687 οἱ
1214 3634 1288 3705 μὴ
1319 3631 1675 3702 γινώσκοντες
1707 3629 1805 3700 τὴν
1831 3627 2020 3696 σοφίαν

456 3729 546 3786 τοῦ
563 3730 719 3792 Θεοῦ,
739 3730 835 3783 καὶ
857 3727 1008 3780 αὐτοὶ
1027 3725 1214 3795 σοφίας
1237 3723 1388 3786 τινὰς
1409 3722 1550 3791 ἔχειν
1579 3717 2022 3789 ὑπολαμϐανόμε-

455 3841 556 3887 νοι,
573 3823 606 3894 ἢ
625 3822 672 3875 οἱ
688 3820 964 3890 λεγόμενοι
985 3820 1040 3870 ἐν
1049 3819 1167 3879 ταῖς
1187 3814 1541 3886 προφητείαις
1553 3811 1734 3884 ἄρχων
1751 3807 2022 3880 βασιλείας

457 3914 700 3986 Περσῶν,
731 3913 823 3966 καὶ
849 3910 1028 3982 ἄρχων
1060 3908 1333 3979 βασιλείας
1367 3903 1653 3974 Ἑλλήνων,
1676 3902 1767 3955 καὶ
1794 3898 1933 3954 κατά
1962 3898 2022 3950 τὸ

456 4009 748 4064 ἀκόλουθον
780 4009 828 4060 οἱ
855 4007 963 4059 τῶν
994 4005 1193 4058 λοιπῶν
1226 4002 1428 4063 ἐθνῶνς
1463 4019 1480 4050 ι
1517 3997 1598 4052 Τά
1626 3997 1750 4068 ἔθνη
1793 4014 1811 4046 ι
1842 3994 2020 4048 τοίνυν

461 4119 482 4148 ε
523 4099 815 4171 ἐφρύαξαν·
848 4117 867 4148 ι
899 4097 1036 4167 ὅπερ
1067 4094 1236 4157 ἐστὶν,
1270 4094 1344 4158 ὡς
1372 4093 1402 4144 ὁ
1448 4090 1669 4152 Ἀκύλας
1693 4087 2020 4157 σαφέστερον

455 4193 831 4264 ήρμήνευσεν,
869 4206 887 4240 ι
922 4186 1354 4259 ἐθορυϐήθησαν.
1382 4203 1399 4234 ι
1436 4184 1590 4236 Ἔστι
1626 4181 1682 4234 δὲ
1714 4182 1747 4251 ή
1775 4179 1915 4242 λέξις
1944 4179 1976 4249 ή
2004 4216 2018 4237 ,

461 4303 482 4334 ι
506 4281 804 4354 ἐφρύαξαν,
829 4299 848 4331 ι
896 4275 1467 4350 όνοματοπεποιημένη
1488 4315 1503 4338 ,
1549 4273 1642 4327 καὶ
1685 4269 2020 4342 ἐμφαίνουσα

453 4375 545 4429 τὸν
577 4375 788 4445 ἄσημον
815 4368 947 4442 ἦχον
983 4370 1089 4424 τῶν
1116 4368 1482 4439 θορυϐούντων
1505 4384 1517 4396 ο
1561 4363 1790 4419 τοιοῦτοι
1835 4362 1943 4432 γὰρ
1971 4362 2019 4413 oi

2122 449 2365 502 persona:
2389 437 2648 496 mutatio:
2679 436 2924 491 Christus
2947 437 3088 489 enim
3119 445 3222 500 est,
3253 445 3310 491 ut
3341 435 3479 489 infra
3505 449 3680 491 osten-

2123 527 2300 595 detur,
2328 544 2448 582 cum
2476 527 2713 594 singulas
2745 540 2903 580 voces
2929 527 3312 594 expendcmus.
3339 525 3449 582 Nec
3481 526 3675 582 mirum

2124 617 2168 671 si
2204 619 2256 671 in
2296 633 2403 672 uno
2441 620 2648 688 psalmo
2686 633 2789 671 non
2831 632 2934 670 una
2963 626 3046 671 est
3088 631 3316 686 persona
3339 625 3469 687 quae
3501 619 3679 690 loqui-

2127 719 2236 764 tur.
2274 710 2386 765 Hoc
2420 713 2563 764 enim
2593 709 2838 779 pluribus
2867 710 2919 763 in
2952 710 3082 764 locis
3112 710 3296 764 videre
3319 721 3422 772 est,
3453 723 3510 766 ιιι
3541 713 3677 767 infra

2123 805 2492 857 ostendemus.
2532 801 2749 857 Interim
2788 803 2901 856 haec
2924 817 3021 871 pro
3050 804 3273 858 exordio
3313 804 3506 873 psalmi
3535 807 3677 862 dicta

2125 893 2267 961 sint,
2301 907 2446 947 nunc
2479 892 2590 962 ipsa
2622 893 2784 947 verba
2812 893 3182 948 discutiamus.

2190 1074 2460 1146 Ejusdem.
2493 1073 2740 1141 Quatuor
2771 1073 3046 1128 hominum
3078 1091 3276 1147 genera
3323 1076 3452 1130 dicit
3482 1077 3677 1134 adver-

2119 1185 2212 1225 sus
2236 1169 2510 1224 Christum
2545 1165 2904 1221 insurrexisse
2928 1205 2944 1231 ,
2971 1176 3156 1236 gentes
3190 1182 3311 1237 qua:
3342 1168 3679 1224 fremuerunt

2118 1270 2310 1315 contra
2345 1259 2538 1328 ipsum,
2580 1258 2803 1326 populos
2827 1257 2919 1326 qui
2951 1259 3190 1313 meditati
3219 1259 3356 1313 sunt
3387 1260 3590 1327 inania,
3623 1273 3679 1315 et

2118 1367 2271 1420 reges
2323 1360 2486 1406 terra:
2531 1351 2621 1420 qui
2680 1350 3006 1403 adStiterunt
3056 1365 3179 1404 cum
3235 1352 3571 1421 principibus
3622 1353 3674 1407 iu

2115 1461 2280 1500 unum
2320 1442 2683 1514 congregatis.
2738 1442 2803 1496 Et
2832 1442 3160 1496 arbitramur
3190 1444 3405 1512 quidem
3434 1445 3675 1515 gentium

2115 1536 2334 1590 nomine
2371 1535 2580 1589 alienos
2623 1548 2652 1586 a
2700 1533 2806 1587 [ille
2839 1533 3110 1604 designari
3157 1537 3443 1604 homines,
3490 1537 3679 1605 quales

2114 1636 2271 1681 erant
2304 1625 2502 1681 milites
2534 1624 2624 1694 qui
2655 1624 2916 1679 adversus
2943 1640 3065 1680 eum
3103 1625 3470 1693 fremuerunt;
3508 1645 3678 1698 popu-

2081 1707 2197 1788 Ilos
2222 1731 2349 1771 vero
2374 1755 2390 1781 ,
2442 1716 2562 1771 illos
2593 1730 2660 1772 ex
2700 1715 2946 1772 tribubus
2994 1717 3096 1772 dici
3135 1718 3226 1788 qui
3268 1719 3471 1773 exsecti
3521 1729 3680 1774 erant

2119 1805 2317 1877 (neque
2339 1807 2482 1862 enim
2507 1808 2726 1878 proprie
2752 1807 3037 1863 dicendum
3063 1818 3146 1864 est
3170 1825 3264 1865 eos
3289 1811 3378 1880 qui
3403 1810 3679 1872 Christum

2119 1913 2224 1952 non
2257 1907 2608 1968 receperunt,
2642 1914 2704 1956 ex
2749 1901 3162 1957 circumcisione
3194 1900 3403 1971 fuisse),
3430 1902 3519 1972 qui
3555 1903 3677 1971 qui-

2118 1991 2237 2044 dem
2273 2005 2408 2044 vana
2440 1991 2682 2046 meditati
2716 2001 2995 2048 suntcum
3030 1994 3082 2048 in
3127 1992 3382 2070 perlectis
3407 2008 3437 2047 a
3463 2007 3522 2047 se
3555 2009 3680 2063 pro-

2119 2081 2345 2148 pheticis
2375 2083 2716 2138 sermonibus
2755 2085 3133 2139 annuntiatum
3159 2083 3432 2140 Christum
3460 2098 3563 2140 non
3598 2086 3682 2138 in-

2119 2173 2461 2230 telleterunt.
2500 2175 2677 2246 Reges
2709 2185 2868 2232 terra:
2903 2188 2958 2232 et
2989 2178 3264 2248 principes
3295 2187 3454 2233 erunt
3506 2178 3681 2233 Hero--

2119 2264 2213 2318 des
2244 2275 2298 2318 et
2347 2265 2566 2321 Pontius
2596 2267 2822 2332 Pilatus,
2853 2277 2908 2322 et
2939 2267 3145 2323 Judaici
3183 2270 3364 2340 populi
3399 2270 3680 2339 praesides.

2119 2353 2321 2409 Horum
2371 2357 2514 2411 enim
2558 2365 2612 2412 et
2645 2359 2803 2414 divus
2853 2357 3042 2414 Petrus
3083 2361 3362 2429 apostolus
3396 2361 3680 2428 speciatim

2122 2444 2364 2498 meminit
2409 2445 2459 2498 in
2513 2446 2724 2500 Actibus
2767 2448 3134 2516 apostolorum
3178 2449 3266 2503 ubi
3314 2450 3463 2504 hisce
3513 2451 3682 2505 utitur

2123 2534 2301 2589 verbis
2316 2534 2382 2587 ³ο.
2415 2533 2565 2601 Quod
2591 2537 2634 2590 si
2658 2547 2710 2592 et
2740 2539 3040 2594 invisibiles
3067 2555 3186 2595 esse
3209 2549 3500 2610 potestates
3529 2542 3682 2595 dixe-

2121 2625 2219 2689 ris,
2238 2640 2346 2680 non
2371 2613 2731 2683 aberrxiveris.
2763 2630 2923 2684 Certe
2942 2632 3371 2698 sapientissimus
3393 2634 3683 2702 Apostolus

2122 2715 2226 2770 illis
2275 2716 2445 2771 multo
2474 2718 2642 2789 magis
2689 2735 2848 2791 quam
2887 2722 3195 2777 hominibus
3219 2719 3426 2778 Christi
3467 2740 3680 2779 crucem

2122 2808 2373 2864 attribuit
2417 2811 2600 2866 dicens
2630 2813 2710 2866 ³¹ε
2749 2831 2765 2864 ι
2803 2814 3140 2883 Sapientiam
3191 2825 3370 2869 autem
3414 2815 3683 2886 loquimur

2123 2897 2266 2953 inter
2296 2899 2596 2969 perfectos:
2624 2907 2949 2972 sapientiam
2981 2921 3112 2962 vero
3149 2922 3254 2960 non
3283 2906 3441 2976 hujus
3468 2908 3681 2975 8330"".

2124 3002 2298 3058 neque
2333 2991 2638 3062 principum
2708 2995 2869 3066 hujus
2907 2996 3090 3052 saeculi
3150 2999 3240 3067 qui
3290 2999 3680 3066 destruuntur;

2046 3121 2090 3180 Ο
2125 3079 2216 3133 sed
2245 3079 2519 3180 loquimur
2535 3083 2629 3138 Dei
2658 3087 2977 3154 sapientiam
3010 3087 3061 3142 in
3101 3091 3380 3158 mysterio,
3406 3105 3525 3158 quze
3554 3091 3681 3146 abs-

2121 3170 2334 3224 condita
2369 3181 2452 3226 est
2481 3212 2495 3236 ,
2533 3189 2691 3242 quam
2726 3177 3132 3246 praedestinavit
3162 3179 3302 3233 Deus
3335 3190 3459 3235 ante
3486 3183 3679 3236 saecula

2121 3259 2174 3314 in
2209 3261 2435 3331 gloriam
2471 3274 2754 3332 nostram,
2790 3281 2953 3336 quam
2996 3283 3152 3324 nemo
3181 3270 3485 3339 principum
3524 3272 3683 3340 hujus

2122 3353 2299 3408 smculi
2332 3356 2622 3424 cognovit:
2661 3357 2704 3412 si
2752 3360 2896 3412 enim
2947 3361 3372 3428 cognovissent,
3408 3377 3680 3432 nunquam

2122 3445 2402 3499 Dominum
2422 3448 2606 3516 gloria:
2623 3450 3036 3505 cruciﬁxissent.
3069 3472 3087 3504 ι
3111 3452 3338 3518 Quinam
3359 3456 3502 3508 enim
3521 3455 3678 3523 prin-

2121 3537 2267 3604 cipes
2295 3537 2568 3591 Christum
2605 3539 2788 3610 gloria:
2819 3542 3100 3595 Dominum
3133 3545 3547 3612 cructtixerunt,
3582 3545 3674 3602 Dei

2122 3631 2438 3699 sapientiam
2488 3646 2594 3684 non
2631 3643 2984 3701 agnoscentes
3015 3643 3070 3687 et
3115 3649 3174 3689 se
3221 3651 3434 3705 quoque
3467 3637 3684 3706 sapien-

2124 3723 2250 3775 tiam
2284 3722 2570 3790 quamdam
2618 3724 2819 3778 habere
2864 3725 3243 3780 existimantes
3269 3765 3284 3791 ,
3336 3729 3435 3782 nisi
3471 3728 3545 3781 illi
3588 3729 3679 3797 qui

2125 3813 2175 3865 in
2207 3813 2484 3882 prophetis
2511 3825 3025 3881 commemorantur,
3064 3817 3312 3886 princeps
3346 3817 3507 3889 539
3532 3821 3683 3890 regni

2123 3902 2430 3968 Persarum,
2462 3912 2516 3957 et
2542 3903 2793 3972 princeps
2822 3905 2971 3972 regni
3009 3905 3320 3960 Grzecorum
3347 3948 3365 3972 ,
3405 3921 3460 3962 et
3489 3926 3684 3964 conse—

2123 3999 2352 4059 quenter
2386 3991 2713 4060 reliquarum
2753 3995 2993 4063 gentium
3029 3996 3338 4065 principes?
3379 4017 3396 4050 ι
3424 3997 3627 4055 Gentes
3658 4023 3679 4054 ι

2125 4083 2303 4152 itaque
2335 4103 2352 4134 ι
2376 4082 2736 4148 fremuerunt.
2765 4105 2785 4136 ι
2829 4087 2882 4140 id
2921 4097 3025 4152 est,
3051 4099 3108 4142 ut
3133 4090 3324 4158 Aquila
3363 4093 3562 4148 clarius
3593 4095 3680 4149 in—

2125 4183 2446 4244 terpretatus
2493 4187 2614 4242 est,
2666 4193 2685 4226 ι
2729 4180 3106 4234 turbaverunt.
3149 4198 3168 4232 ι
3224 4184 3394 4238 Dictio
3448 4193 3628 4238 autem
3665 4225 3682 4253 ,

2128 4287 2146 4318 ι
2172 4269 2525 4334 fremuerunt,
2553 4286 2570 4322 ι
2612 4270 2942 4324 inconditum
2973 4283 3324 4342 repraesentat
3353 4277 3688 4332 tumultuan-

2125 4363 2254 4414 tium
2290 4361 2570 4430 strepitum
2591 4402 2607 4428 ,
2654 4361 2961 4433 cujusmodi
3009 4377 3136 4419 sunt
3166 4367 3201 4421 ii
3231 4369 3322 4436 qui
3375 4383 3439 4423 ex
3470 4370 3682 4427 insidiis

458 4465 810 4536 σεσοϐημένοι
862 4462 1000 4517 κατὰ
1043 4463 1166 4525 τοὺς
1223 4461 1443 4532 καιροὺς
1497 4458 1591 4512 τοῦ
1655 4456 2017 4510 ἐπιϐουλεύειν

2123 4454 2391 4508 concitate
2425 4453 2674 4509 feruntur
2706 4455 2760 4508 in
2791 4455 2992 4510 hostes.
3027 4457 3179 4523 Quod
3218 4459 3263 4512 si
3291 4460 3480 4529 reliqui
3517 4462 3687 4516 inter-

458 4557 789 4628 ὑπάρχουσιν
823 4553 958 4607 κατά
995 4552 1102 4607 τῶν
1137 4553 1229 4605 ὑπ’
1257 4550 1432 4605 αὐτῶν
1461 4548 1891 4619 πολεμουμένων.
1911 4549 2018 4602 Καὶ

458 4651 507 4701 εί
537 4649 610 4718 μὴ
639 4649 687 4700 οἱ
711 4646 886 4698 λοιποὶ
912 4642 1240 4716 ἐρμηνευταὶ
1265 4643 1511 4712 εἰρήκασι
1539 4640 1620 4704 τὸ,
1651 4659 1668 4690 ι
1694 4638 2022 4711 ἐθορυϐήθη-

461 4756 580 4804 σαν,
603 4759 619 4788 ι
639 4738 750 4803 καὶ,
771 4755 789 4787 ι
809 4739 970 4806 κυκᾷ,
997 4754 1014 4786 ι
1035 4735 1108 4798 ὼς
1124 4734 1436 4805 Σύμμαχος,
1451 4727 1518 4804 ἦν
1541 4731 1785 4784 ἐκλαϐεῖν
1805 4730 1910 4783 ἀπὸ
1927 4729 2018 4784 τοῦ

465 4854 485 4886 ι
512 4832 812 4906 ἐφρύαξαν,
846 4850 864 4880 ι
892 4831 974 4892 τὸ,
1011 4848 1030 4881 ι
1055 4827 1524 4899 ἐμεγαλαύχησανο
1550 4845 1568 4878 ι
1606 4825 1680 4888 ὡς
1713 4826 1768 4877 ἐν
1799 4824 1876 4877 ἑνὶ
1912 4823 2020 4880 τῶν

459 4923 752 4998 προφητῶν
791 4921 1014 4992 οἰόμεθα
1049 4918 1205 4973 τοῦτο
1235 4917 1423 4988 δηλοῦν
1469 4917 1566 4988 τὴν
1600 4917 1773 4982 λέξιν·
1814 4935 1832 4966 ι
1866 4915 2023 4971 Κατὰ

457 5019 528 5074 τά
555 5015 886 5088 φρυάγματα
901 5012 992 5064 τοῦ
1009 5010 1291 5081 Ἰορδάνου.
1307 5010 1440 5063 »Καὶ
1461 5010 1579 5062 ἐπεὶ
1600 5027 1617 5059 ι
1640 5011 1668 5063 ό
1695 5008 2021 5079 ἀρνούμενος

458 5113 548 5165 τὸν
577 5110 723 5173 Υίὸν,
755 5105 874 5160 οὐδὲ
896 5104 985 5159 τὸν
1008 5102 1224 5172 Πατέρα
1255 5101 1387 5170 ἔχει,
1412 5100 1506 5153 καὶ
1528 5101 1556 5152 6
1579 5099 1862 5170 δεχόμενος
1888 5117 1908 5148 ι
1933 5097 2021 5151 τὸν

458 5201 713 5276 Χριστὸν,
733 5220 750 5252 ι
770 5199 983 5269 δέχεται
1001 5195 1092 5248 τὸν
1115 5191 1505 5246 ἀποστείλαντα
1523 5190 1702 5255 αὑτὸν,
1728 5210 1745 5240 δ
1767 5189 1854 5244 διὰ
1867 5190 2023 5243 τοῦτο

455 5299 486 5351 6
512 5293 659 5349 κατά
680 5288 915 5364 Χριστοῦ
956 5286 1375 5361 στρατευόμενος
1407 5285 1486 5346 εἰς
1517 5284 1606 5348 τὸν
1648 5285 1863 5354 Πατέρα
1894 5283 2024 5336 ἀσε..

528 5418 574 5450 ³⁰
603 5415 726 5470 Act.
753 5429 828 5470 ιν.
913 5411 955 5444 ⁸³
982 5409 1150 5466 lCor.
1182 5425 1242 5476 ιι,
1273 5409 1307 5464 6
1340 5417 1394 5465 et
1419 5422 1576 5477 seqq.

529 5535 642 5608 (7|)
672 5533 946 5608 Τέσσαρα
983 5533 1127 5608 γένη
1164 5530 1301 5608 σῶος,
1325 5539 1428 5608 etc.
1458 5529 1499 5582 E
1521 5527 1708 5608 codice
1731 5527 2011 5608 Earoccia-

458 5597 551 5670 no;
577 5597 634 5660 et
658 5597 1224 5659 sehedis'Combetisii.
1260 5601 1446 5655 Latine
1480 5600 1699 5670 exhibet
1739 5597 2012 5670 Barbarus

461 5679 514 5732 iu
539 5666 763 5742 Catena,
791 5684 1118 5745 postremam
1142 5681 1322 5729 autem
1360 5671 1521 5738 hujus
1565 5666 1852 5739 fragmenti
1877 5683 2011 5739 par-

1663 5407 1709 5440 ”
1739 5405 1940 5466 Jerem.
1977 5423 2072 5474 xu,
2110 5408 2162 5462 5.
2199 5407 2366 5463 Zach.
2389 5424 2466 5474 xi,
2489 5409 2542 5463 5.
2619 5409 2664 5440 ⁸³
2689 5408 2706 5463 l
2736 5408 2889 5464 Joan.
2930 5424 2992 5476 ιι,
3031 5407 3121 5464 25.

2126 4555 2307 4613 pretes
2336 4560 2442 4600 non
2473 4548 2786 4612 vertissent,
2825 4565 2844 4598 ι
2879 4549 3252 4613 turbaverunt,
3279 4569 3298 4602 ι
3331 4561 3404 4617 et,
3444 4572 3462 4604 ‹
3491 4555 3688 4607 tumul-

2129 4644 2366 4699 tuantur,
2395 4655 2415 4688 ι
2453 4647 2510 4692 ιιι
2538 4637 2912 4707 Symmachus,
2954 4655 2983 4694 a
3013 4641 3199 4706 verbo,
3237 4659 3255 4692 ‹
3279 4641 3634 4710 ίτειιτιυειυιιιιι,
3661 4665 3681 4698 ι

2127 4728 2305 4783 dicere
2350 4729 2575 4795 liceret,
2629 4749 2647 4782 ι
2676 4746 2798 4786 sese
2829 4732 3196 4801 jactaverunt,
3229 4752 3249 4785 ι
3301 4737 3441 4803 quod
3478 4735 3530 4789 in
3579 4752 3686 4790 uno

2126 4823 2510 4894 prephetarum
2554 4833 2804 4893 putamus
2839 4827 2922 4880 his
2953 4827 3177 4882 iudicari
3214 4829 3396 4884 verbis
3421 4827 3501 4883 ³²ι
3539 4846 3560 4881 ι
3588 4829 3688 4886 Se-

2127 4915 2356 4969 cundum
2410 4917 2718 4986 superbiam
2765 4916 3038 4972 Jordauis.
3073 4937 3091 4970 ι
3131 4918 3196 4972 Ει
3240 4921 3495 4988 quoniam
3547 4923 3688 4992 «qui

2129 5017 2286 5078 negat
2320 5007 2515 5064 Filium
2547 5048 2564 5076 ,
2612 5024 2716 5065 nec
2757 5009 2972 5064 Patrem
3024 5011 3187 5067 habet
3233 5011 3297 5078 ³³,
3333 5031 3353 5064 ι
3399 5026 3451 5068 et
3495 5015 3628 5084 «qui
3663 5033 3682 5065 ι

2128 5096 2401 5154 Christum
2431 5117 2451 5151 ι
2479 5100 2692 5170 recipit,
2720 5100 2914 5170 recipit
2943 5101 3092 5157 illum
3135 5103 3225 5171 qui
3254 5103 3397 5157 misit
3417 5122 3436 5156 ι
3471 5118 3592 5158 eum
3618 5104 3685 5170 ³⁸,

2130 5192 2250 5248 ideo
2285 5194 2376 5262 qui
2409 5194 2604 5248 militat
2647 5195 2906 5249 adversus
2934 5194 3209 5249 Christum
3240 5234 3256 5259 ,
3308 5210 3434 5264 erga
3467 5195 3683 5249 Patrem

2130 5284 2326 5353 impius
2353 5295 2457 5340 est.
2506 5286 2609 5352 Qui
2655 5299 2785 5356 ergo
2815 5285 3183 5354 fremuerunt,
3219 5294 3274 5340 et
3302 5286 3482 5339 inania
3514 5287 3682 5344 medi-

3211 5406 3258 5439 “
3283 5406 3475 5462 Matth.
3505 5421 3564 5474 ι,
3595 5407 3678 5462 40.

2123 5540 2225 5582 lem
2248 5545 2278 5583 e
2309 5529 2496 5585 codice
2519 5529 2686 5596 Regio
2717 5530 2874 5598 4818,
2907 5530 2959 5583 in
2987 5533 3157 5598 lucem
3190 5528 3378 5586 Graece
3408 5528 3573 5583 edidit
3604 5526 3675 5576 vit

2122 5599 2460 5654 clarissimus
2483 5601 2711 5652 domnus
2735 5600 3043 5654 Bernardus
3075 5599 3527 5656 Montefalcoutus
3554 5607 3672 5662 pras-

2121 5672 2297 5726 lnuin.
2331 5673 2398 5727 ad
2431 5669 2674 5738 Hexapla
2693 5668 2964 5743 Origenis,
2993 5686 3116 5744 pag.
3151 5670 3245 5728 85.
