4046 6152
324 168 464 224 Ηῦὅ
1414 172 1418 178 ·
1698 154 1789 210 EX
1823 154 1898 210 OF

2004 154 2122 209 ENE
3422 160 3566 215 1104

323 286 421 339 tati
447 294 593 349 sunt,
621 293 672 336 et
701 261 1031 337 adstiternnt
1057 283 1106 334 iu
1135 295 1299 333 unum
1333 293 1396 333 ac
1425 278 1734 347 congregati
1767 285 1890 330 sunt

2004 274 2095 330 δεῖ.
2145 279 2204 330 Οἱ
2251 277 2380 346 γοῦν
2417 278 2788 351 φρυάξαντες,
2835 279 2928 334 καὶ
2973 281 3104 334 κενά
3132 279 3523 352 μελετήσαντες
3546 323 3564 344 ,

323 375 507 438 simul,
543 373 723 442 specie
750 371 970 441 quidem
1018 377 1210 424 contra
1253 368 1529 423 Christum
1568 366 1739 421 solum
1775 374 1890 419 tur-

323 467 420 519 bas
450 471 764 525 moverunt,
795 460 875 515 sic
907 469 1084 513 autem
1115 459 1256 528 quod
1298 459 1566 522 fecerunt,
1609 457 1716 512 illis
1743 471 1890 511 com-

325 563 568 623 putatum
617 560 720 617 est,
754 567 818 605 ac
863 551 908 605 si
942 549 1154 604 Patrem
1187 552 1362 620 ipsum
1411 549 1654 619 aggressi
1685 561 1887 604 essent.

310 648 664 716 Quapropter
695 644 891 697 dicitur
918 642 1035 697 haec
1076 656 1170 697 eos
1216 643 1394 713 egisse
1433 660 1451 693 ι
1487 642 1750 696 adversus
1784 641 1891 695 Do-

326 737 527 791 minum
571 745 624 790 et
659 735 920 790 adversus
952 734 1226 790 Christum
1258 735 1392 803 ejus.
1425 752 1443 785 ι
1486 734 1676 802 Opera:
1707 743 1886 788 autem

318 828 556 896 pretium
592 835 674 880 est
717 824 860 880 scire
891 825 941 878 id
977 825 1118 893 quod
1155 825 1298 893 apud
1329 823 1549 880 Grmcos
1576 824 1892 878 enuntiatur

325 934 458 973 voce
499 917 722 989 Κύριος,
774 917 826 971 id
878 927 962 972 cst
1000 935 1018 966 ι
1051 917 1342 981 Dominus,
1389 935 1408 968 ι
1448 917 1589 984 apud
1637 915 1890 970 Hebraeos

325 1025 454 1066 vero
477 1027 609 1066 voce
641 1029 658 1062 ι
689 1008 923 1065 Adonai.
959 1027 978 1061 ι
1013 1007 1210 1065 Decem
1240 1010 1384 1064 enim
1417 1007 1722 1063 nominibus
1751 1009 1892 1077 apud

329 1105 584 1159 Hebraeos
607 1104 748 1158 Deus
770 1101 1092 1172 appellatur,
1116 1116 1346 1171 quorum
1380 1115 1547 1155 unum
1580 1109 1659 1154 est
1696 1118 1714 1151 ι
1743 1099 1888 1154 Ado--

327 1197 445 1260 nai,
479 1216 496 1248 ι
535 1195 676 1264 quod
705 1195 1097 1265 interpretatur
1146 1213 1164 1244 ι
1210 1191 1489 1248 Dominus.
1516 1212 1534 1245 ι
1573 1191 1637 1248 Et
1682 1193 1891 1261 quoties

316 1285 464 1356 apud
516 1284 770 1339 Hebraeos
802 1285 1000 1339 dicitur
1037 1284 1267 1348 Adonai,
1302 1283 1466 1338 toties
1496 1284 1635 1352 apud
1671 1282 1892 1338 Graecos

329 1379 558 1432 habetur
593 1395 612 1426 ε
648 1375 928 1440 Dominus,
959 1395 978 1427 ι
1013 1374 1306 1441 Scripturae
1333 1374 1569 1429 dictione
1601 1374 1651 1428 id
1684 1373 1895 1443 signiti-

326 1474 503 1518 cante.
534 1461 765 1530 Quando
811 1474 994 1516 autem
1043 1462 1283 1518 occurrit
1333 1460 1444 1527 lae,
1487 1463 1627 1532 apud
1676 1462 1893 1518 Grzecos

314 1554 649 1624 exprimitur
681 1552 1038 1622 appellatione
1087 1551 1310 1624 Κύριος,
1358 1575 1382 1604 τ
1409 1551 1694 1618 Dominus,
1743 1571 1762 1604 ι
1797 1552 1891 1607 sed

329 1661 433 1700 non
467 1647 594 1701 item
643 1644 786 1716 apud
837 1643 1093 1699 Hebraeos
1117 1685 1132 1709 ,
1170 1653 1229 1699 ut
1277 1645 1332 1698 in
1363 1644 1458 1699 illo
1483 1645 1564 1698 '5:
1601 1663 1618 1695 ι
1651 1643 1891 1699 Laudate

330 1739 638 1802 Dominum,
673 1736 929 1807 quoniam
961 1736 1132 1789 bonus
1171 1743 1253 1789 est
1284 1735 1543 1804 psalmus.
1569 1753 1586 1786 ι
1633 1733 1892 1788 Dominus

329 1832 470 1887 enim
518 1833 622 1886 hoc
653 1830 772 1885 loco
819 1842 917 1896 pro
945 1825 1040 1881 lae
1075 1827 1270 1880 dicitur
1294 1867 1310 1890 ,
1349 1838 1404 1880 et
1447 1825 1655 1880 initium
1703 1825 1890 1897 psalmi

327 1925 470 1994 apud
500 1921 754 1978 Hebraeos
779 1930 864 1975 est
899 1937 918 1970 ι
951 1917 1200 1974 Alleluia.
1237 1937 1255 1969 ι
1289 1917 1381 1971 Est
1408 1917 1570 1972 etiam
1601 1916 1744 1986 apud
1776 1915 1893 1971 illos

324 2014 601 2071 inell‘ahile
624 2013 890 2084 quoddam
929 2024 1124 2066 nomen
1169 2018 1645 2079 tetragrammaton
1665 2049 1680 2074 ,
1712 2008 1763 2062 id
1787 2016 1892 2072 est,

329 2119 562 2178 quatuor
585 2105 758 2160 literis
787 2114 1066 2169 constans,
1100 2103 1152 2156 in
1186 2117 1346 2156 aurea
1375 2101 1570 2156 summi
1595 2099 1896 2154 sacerdotis

329 2198 530 2252 lamina
569 2195 926 2263 inscriptum,
961 2202 1017 2247 et
1046 2207 1178 2246 voce
1213 2210 1231 2242 ι
1254 2189 1461 2245 Adonai
1493 2209 1512 2242 ›
1541 2189 1887 2253 enuntiatur,

328 2290 455 2344 licet
491 2289 594 2344 hoc
625 2303 730 2342 non
758 2296 1022 2355 scriptum
1053 2285 1123 2338 sit
1152 2285 1204 2336 in
1237 2291 1686 2352 tetragrammato
1709 2327 1724 2352 ,
1755 2283 1896 2356 apud

327 2381 545 2436 Graecos
578 2395 709 2433 vero
739 2380 1062 2447 exprimitur
1110 2392 1244 2431 voce
1299 2395 1318 2427 ι
1355 2376 1637 2432 Dominus.
1671 2397 1690 2430 ι
1726 2379 1803 2434 Ac
1843 2380 1894 2433 in

330 2471 760 2528 accuratiorihus
791 2467 1186 2538 exemplaribus
1236 2469 1338 2522 hoc
1389 2486 1587 2524 nomen
1635 2471 1894 2541 scriptum

328 2575 411 2620 est
438 2565 718 2620 Hebraicis
744 2562 938 2629 literis,
965 2562 1238 2617 hebraicis
1262 2563 1479 2631 quidem
1505 2563 1763 2632 antiquis,
1793 2578 1896 2617 non

329 2672 508 2714 autem
537 2658 832 2713 hodiernis.
870 2655 1107 2710 Narrant
1137 2655 1280 2709 enim
1318 2655 1546 2709 Esdram
1583 2654 1636 2708 in
1667 2656 1900 2725 captivi-

331 2762 440 2806 tate
465 2750 603 2806 alios
631 2750 764 2819 ipsis
789 2747 1134 2802 characteres
1159 2747 1279 2801 loco
1309 2747 1551 2815 priorum
1585 2747 1897 2801 tradidisse.

331 2842 535 2898 llorum
584 2850 763 2895 autem
818 2839 1166 2894 meminimus
1223 2837 1348 2906 quia
1418 2847 1897 2906 tetragrammaton

330 2935 472 3003 quod
503 2941 587 2989 est
620 2951 638 2984 ι
666 2932 946 2999 Dominus,
972 2950 992 2983 ›
1018 2931 1164 3001 jacet
1195 2929 1248 2982 in
1280 2930 1385 2982 hoc
1407 2928 1479 2982 ³⁶ε
1518 2947 1537 2980 ι
1564 2927 1670 2983 Sed
1702 2929 1755 2982 in
1788 2929 1901 2998 lege

335 3025 577 3090 Domini;
614 3043 633 3076 ι
677 3033 729 3077 et
772 3023 823 3076 in
876 3024 1013 3076 hoc:
1070 3040 1089 3072 ι
1119 3019 1386 3086 Quoniam
1437 3019 1590 3073 novit
1643 3019 1898 3074 Dominus

333 3116 476 3168 viam
499 3113 804 3182 jnstorum;
833 3131 851 3164 ›
889 3121 947 3166 et
977 3126 1156 3164 nunc:
1193 3128 1210 3159 ι
1235 3110 1507 3164 Adversus
1538 3110 1820 3164 Dominum
1847 3119 1902 3163 et

334 3207 596 3258 adversus
615 3203 889 3257 Christum
922 3199 1060 3267 ejus.
1090 3219 1109 3251 ι
1145 3200 1276 3255 lllud
1299 3210 1481 3254 autem
1504 3200 1900 3256 observandum

333 3305 419 3351 est
459 3295 807 3367 Septuaginta
839 3305 894 3349 et
927 3295 1355 3350 Theodotionem
1397 3297 1579 3350 omnia
1613 3297 1665 3351 in
1711 3305 1903 3366 praete-

337 3389 439 3442 rito
461 3387 800 3457 exprimere;
834 3385 1083 3454 Aquilam
1127 3400 1258 3441 vero
1299 3387 1458 3442 modo
1485 3387 1536 3441 in
1587 3387 1862 3457 praeterito
1885 3425 1900 3449 ,

335 3482 494 3535 modo
524 3481 574 3533 in
604 3479 819 3545 futuro;
851 3479 1236 3549 Symmachum
1266 3488 1448 3533 autem
1471 3481 1656 3535 omnia
1688 3481 1740 3534 in
1770 3495 1905 3549 pra:-

335 3574 473 3626 senti
508 3571 772 3642 proferre.
807 3571 997 3627 Solent
1027 3572 1230 3641 quippe
1273 3569 1630 3643 Septuaginta
1663 3587 1906 3642 saepenu—

337 3679 487 3719 mero
515 3678 634 3733 qua:
661 3662 822 3734 540
849 3664 914 3718 de
941 3661 1163 3718 Christo
1195 3661 1450 3732 praedicta
1478 3672 1624 3726 sunt,
1656 3676 1718 3716 ea
1751 3661 1904 3730 quasi

330 3755 443 3824 jam
485 3756 877 3825 contigissent,
912 3754 1222 3820 enuntiare,
1256 3761 1313 3806 ut
1342 3752 1392 3806 in
1427 3752 1517 3808 illo
1548 3753 1591 3784 ³⁷
1620 3772 1633 3807 :
1680 3771 1699 3804 ι
1733 3753 1904 3807 Dede-

339 3858 463 3902 ruut
507 3848 563 3902 in
589 3861 771 3903 escam
825 3861 1004 3901 meam
1053 3844 1162 3909 fel,
1189 3855 1246 3899 et
1283 3843 1337 3898 in
1388 3841 1478 3896 siti
1523 3857 1642 3897 mea
1683 3851 1906 3912 potave-

337 3951 466 3993 runt
497 3953 582 3993 me
635 3946 814 3992 aceto.
851 3937 1162 3991 Divisernnt
1216 3935 1320 3989 sibi
1372 3933 1694 3988 vestimenta
1745 3948 1905 3996 mea,

337 4040 394 4086 et
413 4046 572 4102 super
605 4039 811 4084 vestem
834 4043 1008 4083 meam
1046 4027 1311 4082 miserunt
1349 4036 1552 4080 sortem
1581 4025 1646 4078 ³⁸.
1683 4045 1702 4078 ι
1729 4025 1794 4080 Et
1813 4025 1858 4057 ⁸³
1891 4043 1906 4079 :

344 4141 363 4174 ι
391 4123 626 4193 Populus
656 4136 816 4191 quem
841 4137 942 4172 non
974 4120 1222 4188 cognovi,
1244 4120 1470 4174 servivit
1501 4119 1657 4184 mihi,
1677 4119 1729 4172 in
1755 4118 1910 4172 audi-

341 4228 396 4270 tu
444 4217 592 4272 auris
633 4215 871 4271 obedivit
919 4214 1073 4267 mihi.
1107 4234 1126 4265 ι
1176 4214 1526 4269 Arhitramur
1579 4224 1760 4269 autem
1814 4229 1910 4269 eos

1992 371 2086 423 καὶ
2121 372 2500 443 παραστάντες
2531 375 2624 426 ἐπὶ
2659 373 2720 426 τὸ
2741 372 2891 436 αὐτὸ,
2929 375 3020 426 καὶ
3048 373 3401 444 συναχθέντες
3421 376 3564 445 ἅμα.

1990 462 2368 534 ὲνηργήθησαν
2402 465 2498 534 μὲν
2523 463 2601 535 τῷ
2630 465 2803 517 δοκεῖν
2836 463 2976 518 κατά
2995 463 3091 517 τοῦ
3118 465 3355 536 Χριστοῦ
3380 469 3565 536 μόνου,

1992 552 2296 623 λελόγισται
2335 556 2392 608 δὲ
2426 557 2611 620 αὐτοῖς
2657 557 2685 609 ὃ
2727 557 3057 627 πεποιήκασι
3096 556 3391 627 πρότερον,
3424 557 3566 609 κατά

1990 644 2085 697 τοῦ
2121 647 2354 718 Πατρός.
2409 648 2500 700 Διὸ
2530 647 2745 716 λέγεται
2780 647 2952 700 ταῦτα
2985 647 3178 710 αὐτοὺς
3207 649 3566 719 πεποιηκέναι

1996 756 2016 789 ι
2044 737 2185 790 κατά
2228 738 2321 791 τοῦ
2369 739 2572 811 Κυρίου
2617 739 2711 793 καὶ
2753 738 2894 792 κατά
2925 738 3016 792 τοῦ
3058 740 3293 810 Χριστοῦ
3324 739 3506 791 αὐτοῦ.
3543 760 3563 791 ι

1993 832 2105 884 Οὐκ
2132 831 2420 900 ἀγνοητέον
2449 831 2504 884 δὲ
2537 831 2662 903 περὶ
2704 830 2794 884 τοῦ
2832 831 3241 900 ὲκφωνουμένου
3283 830 3434 902 παρά
3470 835 3569 902 μὲν

1994 920 2218 992 Ἕλλησι
2247 924 2310 992 τῇ
2344 940 2361 971 ι
2385 921 2586 990 Κύριος
2608 941 2626 972 ι
2656 922 3015 993 προσηγορίᾳ,
3045 920 3196 991 παρὰ
3216 921 3272 974 δὲ
3298 921 3570 993 Ἑϐραίοις
3610 933 3616 935 “

1993 1013 2058 1083 τῇ
2095 1030 2113 1062 σ
2151 1011 2392 1066 Ἀδωναΐ.
2426 1032 2444 1064 ι
2498 1012 2638 1065 Δέκα
2685 1011 2790 1084 γὰρ
2846 1011 3073 1081 ὀνόμασι
3117 1013 3247 1082 παρ’
3291 1011 3566 1084 Ἑϐραίοις

1992 1103 2312 1174 ὀνομάζεται
2342 1107 2369 1158 ὁ
2394 1103 2548 1168 Θεὸς,
2570 1097 2644 1156 ὧν
2671 1104 2818 1157 ἐστιν
2835 1101 2893 1156 ἓν
2923 1102 2984 1155 τὸ
3005 1121 3023 1154 ι
3049 1101 3326 1168 Ἀδωναῖ,›
3354 1104 3446 1156 καὶ
3474 1105 3566 1173 ἑρ-

1997 1197 2286 1266 μηνεύεται
2344 1196 2611 1268 ιΚύριος.
2639 1220 2658 1246 ι
2703 1194 2815 1248 Καὶ
2863 1194 3009 1248 ἔστιν
3047 1195 3184 1247 ὅπου
3241 1193 3458 1265 λέγεται
3507 1195 3566 1247 τὺ

1999 1305 2017 1337 ι
2042 1286 2264 1340 Ἀδωναῒ
2303 1306 2320 1338 ι
2351 1287 2478 1357 παρ’
2517 1287 2821 1357 Ἑϐραίοις,
2868 1285 2960 1338 καὶ
3007 1287 3135 1356 παρ’
3159 1284 3384 1357 Ἕλλησι
3423 1304 3442 1335 ‹
3483 1283 3566 1337 Κύ

1995 1395 2128 1450 ριος,
2143 1399 2161 1430 ι
2182 1380 2280 1451 τῆς
2301 1379 2495 1444 λέξεως
2515 1381 2612 1451 τῆς
2632 1379 3024 1450 γεγραμμένης
3047 1379 3104 1432 ὲν
3120 1382 3183 1450 τῇ
3205 1380 3243 1432 Γ
3250 1381 3393 1450 pa.ch
3414 1378 3565 1431 τοῦτο

1993 1469 2458 1541 ἀπαγγελλούσης.
2501 1471 2654 1523 Ἔστι
2688 1471 2743 1524 δὲ
2777 1471 2866 1523 ὅτε
2890 1469 2951 1522 τὸ
2997 1469 3110 1540 Ἰαὴ
3141 1472 3350 1535 κεῖται,
3388 1471 3564 1536 ἐκφω-

1993 1559 2162 1610 νεῖται
2183 1557 2239 1611 δὲ
2271 1560 2336 1629 τῇ
2363 1576 2380 1607 ι
2402 1559 2602 1628 Κύριος
2625 1577 2642 1610 ι
2664 1559 3005 1632 προσηγορίᾳ
3031 1560 3160 1631 παρ’
3184 1559 3428 1631 Ἕλλησι,
3455 1559 3565 1613 ἀλλ’

1995 1648 2055 1701 οὐ
2096 1650 2224 1720 παρ’
2270 1649 2557 1721 Ἑϐραίοις,
2587 1651 2662 1712 ὡς
2693 1652 2750 1704 ἐν
2786 1650 2892 1722 τῷ·
2928 1670 2947 1703 ι
2975 1653 3181 1706 Αἰνεῖτε
3222 1653 3312 1706 τὸν
3344 1653 3560 1724 Κύριον,

1999 1739 2078 1792 ὅτι
2129 1738 2329 1807 ἀγαθὸς
2359 1739 2592 1811 ψαλμός.
2629 1761 2648 1792 ι
2679 1741 2898 1809 Κύριον
2938 1742 3046 1814 γὰρ
3077 1742 3268 1796 ἐνθάδε
3311 1743 3431 1795 ἀντὶ
3475 1743 3564 1796 τοῦ

2012 1827 2126 1897 Ἰαὴ
2155 1828 2394 1900 εἴρηκεν.
2433 1833 2543 1884 Καὶ
2591 1831 2736 1884 ἔστιν
2779 1833 2812 1903 ἡ
2851 1833 2994 1904 ἀρχὴ
3035 1833 3131 1887 τοῦ
3190 1834 3407 1905 ψαλμοῦ
3442 1836 3562 1904 παρ’

2012 1921 2283 1994 Ἑϐραίοις
2317 1942 2335 1974 ι
2360 1922 2686 1979 Ἀλλελούῖα·
2715 1945 2733 1978 ι
2772 1927 2886 1980 ἔστι
2917 1926 2974 1979 δέ
3007 1944 3058 1979 τι
3086 1928 3567 2000 τετραγράμματον

2001 2013 2379 2086 ἀνεκφώνητον
2408 2017 2536 2084 παρ’
2575 2017 2774 2084 αὐτοῖς,
2808 2019 2944 2089 ὅπερ
2973 2021 3066 2072 καὶ
3095 2019 3186 2072 ἐπὶ
3218 2019 3310 2072 τοῦ
3343 2021 3566 2074 πετάλου

2001 2104 2095 2158 τοῦ
2125 2103 2326 2176 χρυσοῦ
2361 2105 2454 2159 τοῦ
2495 2107 2796 2179 ἀρχιερέως
2829 2109 3260 2181 ἀναγέγραπται,
3296 2112 3390 2164 καὶ
3418 2111 3565 2180 λέγε-

2001 2213 2090 2250 ται
2123 2196 2220 2266 μὲν
2249 2199 2316 2268 τῇ
2357 2197 2622 2251 «Ἀδωναῖ
2649 2217 2667 2248 ι
2704 2200 3066 2270 προσηγορίᾳ,
3102 2201 3221 2271 οὐχὶ
3253 2199 3442 2253 τούτου
3477 2219 3564 2269 γε·

2002 2287 2317 2358 γραμμένου
2360 2288 2416 2340 ὲν
2451 2287 2528 2358 τῷ
2555 2289 3028 2360 τετραγραμμάτῳ
3047 2305 3061 2319 °
3091 2289 3237 2361 παρὰ
3261 2289 3318 2342 δὲ
3351 2289 3568 2359 Ἕλλησι

2000 2376 2071 2444 τῇ
2106 2392 2123 2424 ι
2149 2374 2352 2445 Κύριος
2383 2395 2400 2427 ι
2436 2378 2780 2445 ἐκφωνεῖται.
2815 2379 2924 2430 Καὶ
2945 2381 3003 2432 ἐν
3025 2383 3136 2443 τοῖς
3170 2380 3570 2452 ἀκριϐεστέροις

2003 2464 2060 2518 δὲ
2103 2463 2212 2518 τῶν
2255 2466 2602 2539 ἀντιγράφων
2639 2468 2910 2540 Ἑϐραίοις
2938 2472 3280 2542 χαρακτῆρσι
3309 2475 3485 2525 κεῖται
3512 2472 3572 2525 τὸ

2003 2556 2172 2627 ὄνομα
2193 2597 2206 2622 ,
2251 2558 2556 2630 Ἑϐραϊκοῖς
2577 2560 2633 2613 δὲ
2662 2562 2721 2613 οὐ
2753 2565 2864 2625 τοῖς
2895 2562 3013 2626 νῦν,
3053 2563 3189 2615 ἀλλά
3215 2567 3327 2627 τοῖς
3356 2565 3572 2636 ἀρχαιο-

2004 2649 2204 2712 τάτοις.
2239 2651 2374 2703 Φασὶ
2407 2650 2514 2722 γὰρ
2546 2653 2635 2705 τὸν
2661 2653 2894 2720 Ἔσδραν
2919 2655 2977 2707 ὲν
3004 2658 3070 2726 τῇ
3103 2655 3445 2727 αἰχμαλωσίᾳ
3465 2657 3573 2709 ἑτέ-

2007 2755 2134 2810 ρους
2166 2741 2347 2806 αύτοῖς
2369 2743 2720 2814 χαρακτῆρας
2751 2745 2900 2816 παρά
2926 2747 3052 2809 τοὺς
3076 2747 3374 2818 προτέρους
3403 2765 3574 2820 παρα-

2005 2829 2310 2885 δεδωκέναι.
2340 2833 2556 2886 Τούτων
2586 2835 2642 2887 es
2675 2836 3119 2908 ὑπεμνήσθημεν,
3143 2841 3262 2893 ἐπεὶ⁵
3293 2840 3354 2893 τὸ
3385 2857 3574 2912 τετραο

2006 2925 2331 2994 γράμματον
2352 2925 2427 2988 ὼς
2457 2945 2474 2975 ι
2502 2927 2704 2999 Κύριος
2733 2947 2750 2979 ι
2776 2932 2948 2981 κεῖται
2979 2931 3037 2984 ὲν
3069 2931 3147 3001 τῷ
3166 2949 3181 2964 ο
3217 2951 3236 2982 ι
3278 2931 3420 2986 Ἀλλ’
3450 2934 3481 3004 ἢ
3518 2936 3574 2989 ἐν

2001 3013 2150 3084 νόμῳ
2171 3015 2428 3087 Κυρίου-ι
2451 3017 2544 3069 καὶ
2568 3017 2625 3070 ἐν
2650 3016 2914 3093 τῷ’«”οτι
2944 3020 3197 3089 γινώσκει
3233 3021 3437 3094 Κύριος
3461 3023 3576 3078 ὁδὸν

2001 3107 2276 3160 δικαίων»
2311 3108 2406 3160 καὶ
2439 3108 2554 3163 νῦνσ
2594 3129 2612 3159 ε
2636 3109 2789 3164 Κατά
2823 3111 2913 3163 τοῦ
2944 3113 3150 3185 Κυρίου
3182 3115 3274 3168 καὶ
3312 3115 3453 3168 κατά
3483 3114 3575 3169 τοῦ

2001 3195 2237 3266 Χριστοῦ
2265 3197 2448 3250 αὐτοῦ.
2485 3217 2502 3248 ι
2538 3197 2706 3250 Τοῦτο
2730 3197 2786 3250 δὲ
2815 3201 3250 3272 παρατηρητέον,
3283 3203 3366 3255 δτι
3395 3205 3444 3255 οἱ
3481 3203 3576 3274 μὲν

2015 3289 2416 3360 Ἑϐδομήκοντα
2442 3289 2535 3342 καὶ¹
2560 3291 2587 3342 ὁ
2610 3288 2898 3344 Θεοδοτίων
2923 3291 3097 3345 πάντα
3121 3294 3201 3356 είς
3219 3293 3310 3346 τὸν
3341 3287 3577 3366 παρελη-

2003 3380 2200 3434 λυθότα
2230 3382 2440 3452 χρόνον,
2485 3382 2712 3446 Ἀκύλας
2742 3382 2798 3434 δὲ
2841 3382 2878 3436 ἃ.
2913 3384 3012 3454 μὲν
3041 3385 3120 3448 είς
3151 3385 3242 3439 τὸν
3275 3387 3578 3457 παρεληλυ-

2006 3475 2155 3540 θότα,
2190 3476 2226 3530 ἃ
2253 3476 2308 3530 δὲ
2346 3477 2425 3540 είς
2449 3477 2538 3529 τὸν
2578 3476 2856 3548 μέλλοντα,
2883 3477 3175 3548 Σύμμαχος
3207 3479 3264 3532 δὲ
3302 3480 3479 3533 πάντα
3501 3483 3578 3544 εἰς

2005 3573 2096 3625 τὸν
2117 3572 2443 3644 ἐνεστηκότα
2463 3571 2678 3639 ἔταξαν.
2701 3571 2859 3636 Ἐθος
2889 3571 2996 3644 γὰρ
3027 3575 3138 3634 τοῖς
3183 3573 3579 3646 Ἑϐδομήκοντα

2008 3663 2267 3728 πολλάκις
2298 3663 2397 3726 τὰς
2437 3664 2564 3735 περὶ
2599 3664 2835 3736 Χριστοῦ
2871 3665 3207 3736 προφητείας
3235 3667 3311 3729 ὡς
3343 3668 3442 3738 ἤδη
3490 3685 3581 3736 γε-

2007 3748 2234 3820 νομένας
2260 3748 2617 3817 ἀπαγγέλλειν
2638 3765 2651 3778 ·
2680 3747 2929 3819 καθάπερ
2959 3750 3015 3800 έν
3035 3749 3112 3818 τῷ
3133 3766 3146 3780 ο
3184 3767 3203 3800 ι
3228 3751 3473 3804 Ἐδωκαν
3503 3755 3579 3814 είς

2006 3841 2069 3896 τὸ
2100 3841 2296 3912 βρῶμά
2322 3859 2421 3912 μου
2445 3841 2627 3910 χολὴν,
2651 3841 2744 3892 καὶ
2769 3842 2848 3903 είς
2876 3840 2972 3912 τὴν
2998 3840 3157 3910 δίψαν
3193 3859 3293 3912 μου
3325 3843 3579 3896 ὲπότισάν

2013 3952 2081 4004 με
2113 3934 2263 3998 ὅξος·
2307 3933 2682 4004 διεμερίσαντο
2729 3932 2797 3985 τὰ
2847 3932 3038 4003 ἱμάτιά
3071 3951 3172 4004 μου
3212 3938 3454 4002 ἑαυτοῖς,
3489 3937 3581 3990 καὶ

2011 4028 2103 4079 ἐπὶ
2129 4026 2219 4080 τὸν
2241 4025 2530 4096 ἱματισμόν
2562 4041 2661 4096 μου
2696 4023 2884 4077 ἔϐαλον
2901 4025 3290 4099 κλῆρον.ιΚαί·
3318 4026 3490 4092 «Aab;
3522 4027 3579 4081 ὃν

2011 4118 2110 4169 οὐκ
2142 4116 2333 4185 έγνων,
2360 4115 2638 4169 ὲδούλευσέ
2668 4132 2779 4186 μοι,
2821 4118 2901 4179 εἰς
2923 4117 3090 4188 ἀκοὴν
3120 4117 3280 4171 ὠτίου
3308 4117 3580 4190 ὑπήκουσέ

2017 4226 2125 4281 μοι.
2161 4229 2178 4261 ›
2218 4207 2455 4278 Οἰόμεθα
2486 4207 2542 4259 δὲ
2579 4207 2794 4270 αὐτοὺς,
2833 4207 2911 4279 τῷ
2960 4209 3052 4262 τὸν
3107 4210 3240 4262 Θεὸν
3286 4211 3483 4265 εἰδέναι
3514 4212 3579 4265 τὰ

341 4311 464 4381 quia
499 4311 642 4366 Deus
688 4310 840 4365 novit
885 4309 1070 4362 omnia
1111 4318 1401 4378 antequam
1439 4307 1607 4372 ﬁant,
1643 4308 1763 4362 ideo
1790 4321 1898 4376 qua

2014 4301 2190 4356 πάντα
2224 4301 2352 4372 πρὶν
2382 4298 2647 4369 γενέσεως
2674 4299 2872 4363 αὐτῶν,
2899 4300 2992 4352 καὶ
3025 4299 3114 4352 τὸν
3141 4301 3373 4372 Χριστὸν
3395 4300 3577 4364 αὑτοῦ,

342 4403 408 4456 ad
437 4403 712 4458 Christum
747 4401 1024 4472 pertinent
1052 4410 1108 4454 et
1145 4415 1265 4470 qua:
1294 4400 1345 4454 in
1378 4399 1752 4454 incarnatione
1790 4399 1906 4466 ejus

343 4495 522 4548 futura
554 4502 744 4559 erant,
779 4493 963 4548 dicere
986 4531 1002 4557 ,
1034 4493 1176 4561 quod
1205 4501 1594 4560 reputarentur
1621 4491 1731 4561 jam
1764 4493 1907 4546 acci-

345 4589 489 4640 disse
517 4586 566 4640 ei
597 4584 689 4655 qui
713 4586 827 4640 hac
851 4585 934 4639 vel
964 4585 1050 4640 illa
1081 4599 1341 4653 passurus
1367 4593 1508 4638 erat.
1547 4584 1721 4639 Simili
1751 4585 1910 4639 modo

343 4689 394 4731 et
422 4676 658 4745 Spiritus
692 4685 936 4742 sanctus,
969 4678 1012 4731 si
1046 4675 1174 4744 quid
1215 4675 1284 4730 de
1326 4674 1417 4728 illo
1465 4678 1823 4744 pronuntiat,
1857 4676 1907 4730 id

345 4777 600 4834 tanquam
626 4767 679 4820 in
704 4766 956 4834 praesenti
988 4764 1168 4820 ell'ert.
1197 4764 1313 4819 Non
1345 4764 1447 4819 hoc
1473 4773 1650 4820 autem
1677 4764 1908 4820 dicimus

347 4857 501 4925 quasi
545 4871 811 4923 nusquam
841 4857 892 4910 in
921 4854 1103 4910 futuro
1125 4864 1364 4934 tempore
1389 4856 1769 4925 exprimantur
1791 4869 1912 4924 quae

348 4948 414 5001 de
438 4963 502 5002 eo
525 4949 908 5018 praedicuntur.
952 4967 970 5000 ι
993 4947 1134 5004 Ecce
1158 4966 1178 4998 ι
1207 4948 1375 5012 enim,
1407 4946 1670 5016 inquit“,
1704 4965 1724 4997 ι
1755 4947 1914 5001 intel-

347 5037 477 5106 liget
505 5053 638 5107 puer
666 5053 851 5104 meus,
900 5047 955 5092 et
1002 5037 1435 5107 gloriﬁcabitur,
1481 5044 1538 5091 et
1583 5034 1913 5091 exaltabitur

349 5128 525 5192 valde,
553 5148 572 5182 ι
605 5139 709 5185 etc.

421 5221 584 5277 Vens.
616 5223 670 5279 5.
690 5223 1063 5294 Dirumpamus
1096 5222 1306 5278 vincula
1334 5238 1537 5288 eorum,
1573 5234 1679 5278 etc.
1717 5220 1918 5276 Viden-

351 5321 438 5367 tur
470 5317 600 5369 mihi
645 5317 837 5386 angeli,
876 5316 968 5386 qui
1003 5328 1109 5370 una
1142 5329 1265 5371 cum
1301 5313 1584 5370 Salvatore
1621 5314 1917 5370 descende-

422 5452 466 5484 ³⁸
495 5449 639 5507 l‘sal.
667 5465 845 5516 exui,
880 5450 930 5505 l.

2013 4397 2107 4450 καὶ
2137 4394 2206 4448 τὰ
2241 4397 2298 4448 ὲν
2332 4397 2395 4465 τῇ
2427 4394 2832 4465 ὲνανθρωπήσει
2865 4395 3252 4465 συμϐησόμενα
3285 4395 3466 4466 αὐτῷ,
3499 4397 3579 4449 λέ-

2015 4507 2152 4558 γειν,
2186 4488 2265 4559 τῷ
2291 4486 2597 4556 λελογίσθαι
2630 4487 2768 4540 αὐτὰ
2794 4486 2894 4558 ἤδη
2928 4488 3207 4555 γεγονέναι
3234 4487 3310 4558 τῷ
3335 4489 3459 4542 τάδε
3491 4488 3581 4542 καὶ

2014 4574 2139 4636 τάδε
2197 4579 2502 4634 πεπονθότι.
2553 4579 2782 4650 Ὁμοίως
2823 4578 2879 4631 δὲ
2924 4579 3020 4632 καὶ
3075 4580 3123 4631 εί
3166 4580 3226 4632 τὸ
3274 4580 3497 4651 Πνεῦμα
3525 4581 3583 4633 τὸ

2018 4676 2169 4744 ἅγιον
2185 4674 2254 4728 τὰ
2272 4675 2400 4745 περὶ
2422 4672 2585 4726 αὑτοῦ
2603 4673 2858 4743 διηγοῖτο,
2889 4671 3076 4744 ὥσπερ
3092 4674 3185 4725 ἐπὶ
3207 4672 3301 4726 τοῦ
3325 4675 3583 4746 παρόντος

2014 4766 2145 4838 ἔχει.
2181 4767 2255 4819 Οὐ
2287 4764 2445 4818 τοῦτο
2494 4765 2552 4817 δέ
2606 4783 2784 4835 φαμεν
2816 4765 2891 4828 ὡς
2923 4765 3178 4818 οὐδέποτε
3217 4767 3297 4829 εἰς
3328 4766 3584 4836 μέλλοντα

2015 4861 2204 4932 χρόνον
2250 4859 2638 4929 ὲκκλινομένων
2670 4858 2776 4912 τῶν
2809 4858 3296 4929 προφητευομένων
3325 4858 3432 4911 τῶν
3461 4859 3585 4930 περὶ

2018 4949 2213 5004 αὐτοῦ’
2254 4970 2273 5002 ι
2310 4950 2476 5002 Ἰδοὺ»
2511 4950 2651 5022 γὰρ,
2701 4950 2854 5021 φησὶ,
2901 4968 2919 5000 ι
2947 4951 3164 5019 συνήσει
3199 4951 3226 5003 ὁ
3272 4954 3400 5013 παῖς
3443 4967 3542 5021 μου
3568 4989 3583 5013 ,

2020 5045 2115 5098 καὶ
2149 5042 2550 5115 δοξασθήσεται,
2584 5044 2677 5097 καὶ
2710 5041 3050 5114 ὑψωθήσεται
3083 5041 3306 5114 σφόδρα,
3341 5062 3359 5095 ι
3389 5044 3484 5096 καὶ
3519 5041 3584 5094 τα

2026 5135 2173 5206 ἑξῆς.

2092 5222 2503 5294 Διαῤῥήξωμεν
2530 5223 2671 5290 τοὺς
2697 5222 2957 5293 δεσμοὺς
2974 5222 3192 5289 αὐτῶν,
3219 5241 3273 5277 κ.
3291 5241 3341 5278 τ.
3360 5224 3406 5276 ὲ.
3431 5224 3584 5276 Δοκεῖ

2027 5333 2116 5386 μοι
2164 5316 2274 5387 (7‘2)
2319 5316 2446 5380 τοὺς
2497 5316 2943 5386 συγκαταϐἀντας
2975 5312 3052 5386 τῷ
3084 5314 3294 5388 Σωτῆρι
3324 5315 3584 5383 ἀγγέλους

1011 5450 1054 5482 ³⁸
1082 5416 1224 5506 Psal.
1251 5465 1292 5516 ι,
1323 5448 1374 5504 6.
1454 5449 1496 5481 ³⁷
1526 5447 1665 5506 Psal.
1685 5466 1874 5519 uvm,

2066 5451 2112 5484 ³⁸
2143 5450 2289 5506 Psal.
2319 5451 2546 5520 “1,49.
2624 5452 2666 5486 δ’
2690 5450 2831 5507 Psal.
2858 5464 2990 5514 xm,
3011 5450 3099 5505 45.
3177 5450 3221 5482 ⁸ο
3246 5449 3349 5505 lsa.
3377 5464 3471 5517 ιιι,
3497 5449 3579 5505 13.

427 5592 539 5666 (72)
568 5591 872 5662 Δοκεῖμοι,
897 5600 1003 5648 etc.
1051 5589 1093 5644 E
1125 5590 1337 5647 schedia
1370 5588 1553 5646 Grahii
1599 5601 1652 5645 et
1685 5589 1885 5670 codice

2004 5588 2268 5661 isliuiano.
