  <div class='ocr_page' id='page_1' title='image "/cluster/home/n/w/nwhite01/storage/ocr_20150623/12/mdp.39015028786690/562.png"; bbox 0 0 4046 6152; ppageno 0'>
   <div class='ocr_carea' id='block_1_1' title="bbox 479 279 615 335">
    <p class='ocr_par' dir='ltr' id='par_1_1' title="bbox 479 279 615 335">
     <span class='ocr_line' id='line_1_1' title="bbox 479 279 615 335; baseline 0 0"><span class='ocrx_word' id='word_1_1' title='bbox 479 279 615 335; x_wconf 75' lang='lat'><strong>“05</strong></span> 
     </span>
    </p>
   </div>
   <div class='ocr_carea' id='block_1_2' title="bbox 1460 273 2689 334">
    <p class='ocr_par' dir='ltr' id='par_1_2' title="bbox 1460 273 2689 334">
     <span class='ocr_line' id='line_1_2' title="bbox 1460 273 2689 334; baseline -0.003 -2"><span class='ocrx_word' id='word_1_2' title='bbox 1460 276 1767 334; x_wconf 76' lang='lat' dir='ltr'><strong>SELECTA</strong></span> <span class='ocrx_word' id='word_1_3' title='bbox 1806 276 1873 333; x_wconf 86' lang='lat' dir='ltr'><strong>IN</strong></span> <span class='ocrx_word' id='word_1_4' title='bbox 1913 275 2254 332; x_wconf 78' lang='lat' dir='ltr'><strong>PSALMOS.</strong></span> <span class='ocrx_word' id='word_1_5' title='bbox 2290 304 2361 316; x_wconf 92' lang='lat'>—</span> <span class='ocrx_word' id='word_1_6' title='bbox 2390 273 2583 329; x_wconf 83' lang='lat' dir='ltr'><strong>PSAL.</strong></span> <span class='ocrx_word' id='word_1_7' title='bbox 2627 273 2689 328; x_wconf 91' lang='lat' dir='ltr'><strong>ll.</strong></span> 
     </span>
    </p>
   </div>
   <div class='ocr_carea' id='block_1_3' title="bbox 3575 271 3710 327">
    <p class='ocr_par' dir='ltr' id='par_1_3' title="bbox 3575 271 3710 327">
     <span class='ocr_line' id='line_1_3' title="bbox 3575 271 3710 327; baseline 0 -1"><span class='ocrx_word' id='word_1_8' title='bbox 3575 271 3710 327; x_wconf 77' lang='grc'>1106</span> 
     </span>
    </p>
   </div>
   <div class='ocr_carea' id='block_1_4' title="bbox 475 395 2038 474">
    <p class='ocr_par' dir='ltr' id='par_1_4' title="bbox 475 401 2038 474">
     <span class='ocr_line' id='line_1_4' title="bbox 475 401 2038 474; baseline -0.001 -18"><span class='ocrx_word' id='word_1_9' title='bbox 475 401 918 472; x_wconf 68' lang='grc' dir='ltr'>ἀγανακτοῦντας</span> <span class='ocrx_word' id='word_1_10' title='bbox 967 402 1061 456; x_wconf 74' lang='grc' dir='ltr'><strong>ἐπὶ</strong></span> <span class='ocrx_word' id='word_1_11' title='bbox 1107 403 1172 474; x_wconf 83' lang='grc' dir='ltr'><strong>τῇ</strong></span> <span class='ocrx_word' id='word_1_12' title='bbox 1227 401 1347 456; x_wconf 81' lang='grc' dir='ltr'>κατ’</span> <span class='ocrx_word' id='word_1_13' title='bbox 1389 403 1556 456; x_wconf 76' lang='grc' dir='ltr'>αὐτοῦ</span> <span class='ocrx_word' id='word_1_14' title='bbox 1585 402 1841 474; x_wconf 73' lang='grc' dir='ltr'>ἐπιϐουλῇ</span> <span class='ocrx_word' id='word_1_15' title='bbox 1891 403 2038 473; x_wconf 86' lang='grc' dir='ltr'>βασι-</span> 
     </span>
    </p>
   </div>
   <div class='ocr_carea' id='block_1_5' title="bbox 2140 395 3714 474">
    <p class='ocr_par' dir='ltr' id='par_1_5' title="bbox 2149 395 3714 469">
     <span class='ocr_line' id='line_1_5' title="bbox 2149 395 3714 469; baseline -0.004 -14"><span class='ocrx_word' id='word_1_16' title='bbox 2149 408 2302 466; x_wconf 89' lang='lat' dir='ltr'><strong>rant,</strong></span> <span class='ocrx_word' id='word_1_17' title='bbox 2340 397 2730 469; x_wconf 83' lang='lat' dir='ltr'><strong>indignabundi</strong></span> <span class='ocrx_word' id='word_1_18' title='bbox 2765 397 2836 451; x_wconf 92' lang='lat' dir='ltr'><strong>ob</strong></span> <span class='ocrx_word' id='word_1_19' title='bbox 2862 395 3213 450; x_wconf 87' lang='lat' dir='ltr'><strong>invisibilium</strong></span> <span class='ocrx_word' id='word_1_20' title='bbox 3247 409 3433 464; x_wconf 83' lang='lat' dir='ltr'><strong>regum</strong></span> <span class='ocrx_word' id='word_1_21' title='bbox 3464 409 3527 449; x_wconf 84' lang='lat' dir='ltr'><strong>ac</strong></span> <span class='ocrx_word' id='word_1_22' title='bbox 3566 396 3714 464; x_wconf 80' lang='lat' dir='ltr'><strong>prin-</strong></span> 
     </span>
    </p>
   </div>
   <div class='ocr_carea' id='block_1_6' title="bbox 476 494 2048 567">
    <p class='ocr_par' dir='ltr' id='par_1_6' title="bbox 476 494 2048 567">
     <span class='ocr_line' id='line_1_6' title="bbox 476 494 2048 567; baseline -0.001 -19"><span class='ocrx_word' id='word_1_23' title='bbox 476 495 611 548; x_wconf 88' lang='grc' dir='ltr'>λέων</span> <span class='ocrx_word' id='word_1_24' title='bbox 635 495 729 547; x_wconf 75' lang='grc' dir='ltr'><strong>καὶ</strong></span> <span class='ocrx_word' id='word_1_25' title='bbox 751 495 1026 566; x_wconf 79' lang='grc' dir='ltr'><strong>ἀρχόντων</strong></span> <span class='ocrx_word' id='word_1_26' title='bbox 1064 494 1172 548; x_wconf 87' lang='grc' dir='ltr'><strong>τῶν</strong></span> <span class='ocrx_word' id='word_1_27' title='bbox 1209 494 1456 566; x_wconf 83' lang='grc' dir='ltr'><strong>ἀοράτων</strong></span> <span class='ocrx_word' id='word_1_28' title='bbox 1482 495 1759 567; x_wconf 80' lang='grc' dir='ltr'><strong>εἰρηκέναι</strong></span> <span class='ocrx_word' id='word_1_29' title='bbox 1783 496 1908 559; x_wconf 78' lang='grc' dir='ltr'>τοὺς</span> <span class='ocrx_word' id='word_1_30' title='bbox 1929 495 2048 548; x_wconf 88' lang='grc' dir='ltr'>τέσ-</span> 
     </span>
    </p>
   </div>
   <div class='ocr_carea' id='block_1_7' title="bbox 477 583 2046 658">
    <p class='ocr_par' dir='ltr' id='par_1_7' title="bbox 477 583 2046 658">
     <span class='ocr_line' id='line_1_7' title="bbox 477 583 2046 658; baseline 0.001 -21"><span class='ocrx_word' id='word_1_31' title='bbox 477 600 650 654; x_wconf 85' lang='grc' dir='ltr'>σαρας</span> <span class='ocrx_word' id='word_1_32' title='bbox 693 583 940 655; x_wconf 77' lang='grc' dir='ltr'><strong>πρώτους</strong></span> <span class='ocrx_word' id='word_1_33' title='bbox 984 584 1232 656; x_wconf 81' lang='grc' dir='ltr'><strong>στίχους,</strong></span> <span class='ocrx_word' id='word_1_34' title='bbox 1275 587 1391 656; x_wconf 80' lang='grc' dir='ltr'>ἃμα</span> <span class='ocrx_word' id='word_1_35' title='bbox 1429 586 1521 640; x_wconf 77' lang='grc' dir='ltr'><strong>καὶ</strong></span> <span class='ocrx_word' id='word_1_36' title='bbox 1559 586 1962 658; x_wconf 73' lang='grc' dir='ltr'>ἐπαποροῖΝτας</span> <span class='ocrx_word' id='word_1_37' title='bbox 1995 586 2046 639; x_wconf 89' lang='grc' dir='ltr'>τί</span> 
     </span>
    </p>
   </div>
   <div class='ocr_carea' id='block_1_8' title="bbox 471 670 2045 746">
    <p class='ocr_par' dir='ltr' id='par_1_8' title="bbox 471 670 2045 746">
     <span class='ocr_line' id='line_1_8' title="bbox 471 670 2045 746; baseline 0 -18"><span class='ocrx_word' id='word_1_38' title='bbox 471 673 671 744; x_wconf 83' lang='grc' dir='ltr'>δήποτε</span> <span class='ocrx_word' id='word_1_39' title='bbox 722 672 895 727; x_wconf 71' lang='grc' dir='ltr'>ταῦτα</span> <span class='ocrx_word' id='word_1_40' title='bbox 937 673 1164 743; x_wconf 89' lang='grc' dir='ltr'>γίνεται.</span> <span class='ocrx_word' id='word_1_41' title='bbox 1205 670 1315 727; x_wconf 76' lang='grc' dir='ltr'>Εἶτ’</span> <span class='ocrx_word' id='word_1_42' title='bbox 1352 675 1581 746; x_wconf 82' lang='grc' dir='ltr'>ἐπείπερ</span> <span class='ocrx_word' id='word_1_43' title='bbox 1615 675 1768 728; x_wconf 74' lang='grc' dir='ltr'>αὐτοὶ</span> <span class='ocrx_word' id='word_1_44' title='bbox 1807 670 1946 746; x_wconf 81' lang='grc' dir='ltr'>ἦσαν</span> <span class='ocrx_word' id='word_1_45' title='bbox 1997 677 2045 728; x_wconf 75' lang='lat' dir='ltr'><strong>oi</strong></span> 
     </span>
    </p>
   </div>
   <div class='ocr_carea' id='block_1_9' title="bbox 472 764 2046 837">
    <p class='ocr_par' dir='ltr' id='par_1_9' title="bbox 472 764 2046 837">
     <span class='ocr_line' id='line_1_9' title="bbox 472 764 2046 837; baseline 0.004 -21"><span class='ocrx_word' id='word_1_46' title='bbox 472 764 598 828; x_wconf 80' lang='grc' dir='ltr'>τοὺς</span> <span class='ocrx_word' id='word_1_47' title='bbox 628 765 948 836; x_wconf 81' lang='grc' dir='ltr'>ἀνθρώπους</span> <span class='ocrx_word' id='word_1_48' title='bbox 977 766 1256 837; x_wconf 85' lang='grc' dir='ltr'><strong>δήσαντες,</strong></span> <span class='ocrx_word' id='word_1_49' title='bbox 1295 768 1390 821; x_wconf 80' lang='grc' dir='ltr'><strong>καὶ</strong></span> <span class='ocrx_word' id='word_1_50' title='bbox 1415 766 1506 820; x_wconf 92' lang='grc' dir='ltr'><strong>τὸν</strong></span> <span class='ocrx_word' id='word_1_51' title='bbox 1537 767 1744 820; x_wconf 86' lang='grc' dir='ltr'>ἐαυτῶν</span> <span class='ocrx_word' id='word_1_52' title='bbox 1770 767 2046 833; x_wconf 76' lang='grc' dir='ltr'><strong>ἐπιθέντες</strong></span> 
     </span>
    </p>
   </div>
   <div class='ocr_carea' id='block_1_10' title="bbox 474 851 2046 925">
    <p class='ocr_par' dir='ltr' id='par_1_10' title="bbox 474 851 2046 925">
     <span class='ocr_line' id='line_1_10' title="bbox 474 851 2046 925; baseline 0.003 -19"><span class='ocrx_word' id='word_1_53' title='bbox 474 853 657 916; x_wconf 80' lang='grc' dir='ltr'>αὐτοῖς</span> <span class='ocrx_word' id='word_1_54' title='bbox 683 851 865 921; x_wconf 79' lang='grc' dir='ltr'>ζυγὸν,</span> <span class='ocrx_word' id='word_1_55' title='bbox 894 854 1247 925; x_wconf 86' lang='grc' dir='ltr'>ἀποκρίνεται</span> <span class='ocrx_word' id='word_1_56' title='bbox 1277 855 1416 924; x_wconf 83' lang='grc' dir='ltr'>πρὸς</span> <span class='ocrx_word' id='word_1_57' title='bbox 1441 855 1566 920; x_wconf 81' lang='grc' dir='ltr'>τοὺς</span> <span class='ocrx_word' id='word_1_58' title='bbox 1596 855 1898 924; x_wconf 83' lang='grc' dir='ltr'>ἀγγέλουςὸ</span> <span class='ocrx_word' id='word_1_59' title='bbox 1919 857 2046 920; x_wconf 85' lang='grc' dir='ltr'>Υἱὸς</span> 
     </span>
    </p>
   </div>
   <div class='ocr_carea' id='block_1_11' title="bbox 472 943 2044 1019">
    <p class='ocr_par' dir='ltr' id='par_1_11' title="bbox 472 943 2044 1019">
     <span class='ocr_line' id='line_1_11' title="bbox 472 943 2044 1019; baseline 0.004 -23"><span class='ocrx_word' id='word_1_60' title='bbox 472 943 567 996; x_wconf 80' lang='grc' dir='ltr'><strong>τοῦ</strong></span> <span class='ocrx_word' id='word_1_61' title='bbox 593 943 750 1009; x_wconf 83' lang='grc' dir='ltr'>Θεοῦ,</span> <span class='ocrx_word' id='word_1_62' title='bbox 777 946 1099 1017; x_wconf 84' lang='grc' dir='ltr'>προτρέπων</span> <span class='ocrx_word' id='word_1_63' title='bbox 1132 947 1327 1010; x_wconf 81' lang='grc' dir='ltr'>αὐτοὺς</span> <span class='ocrx_word' id='word_1_64' title='bbox 1366 947 1459 1000; x_wconf 79' lang='grc' dir='ltr'>ἐπὶ</span> <span class='ocrx_word' id='word_1_65' title='bbox 1484 947 1544 1000; x_wconf 90' lang='grc' dir='ltr'>τὸ</span> <span class='ocrx_word' id='word_1_66' title='bbox 1575 947 1915 1019; x_wconf 86' lang='grc' dir='ltr'>μιμήσασθαι</span> <span class='ocrx_word' id='word_1_67' title='bbox 1944 949 2044 1002; x_wconf 90' lang='grc' dir='ltr'>αύ-</span> 
     </span>
    </p>
   </div>
   <div class='ocr_carea' id='block_1_12' title="bbox 470 1036 2044 1112">
    <p class='ocr_par' dir='ltr' id='par_1_12' title="bbox 470 1036 2044 1112">
     <span class='ocr_line' id='line_1_12' title="bbox 470 1036 2044 1112; baseline 0.003 -24"><span class='ocrx_word' id='word_1_68' title='bbox 470 1036 563 1089; x_wconf 91' lang='grc' dir='ltr'><strong>τὸν</strong></span> <span class='ocrx_word' id='word_1_69' title='bbox 621 1037 892 1108; x_wconf 77' lang='grc' dir='ltr'>ρηγνύντα</span> <span class='ocrx_word' id='word_1_70' title='bbox 939 1040 1065 1102; x_wconf 83' lang='grc' dir='ltr'>τοὺς</span> <span class='ocrx_word' id='word_1_71' title='bbox 1106 1040 1338 1111; x_wconf 83' lang='grc' dir='ltr'>δεσμοὺς</span> <span class='ocrx_word' id='word_1_72' title='bbox 1383 1039 1491 1094; x_wconf 91' lang='grc' dir='ltr'><strong>τῶν</strong></span> <span class='ocrx_word' id='word_1_73' title='bbox 1537 1039 1896 1112; x_wconf 84' lang='grc' dir='ltr'><strong>ἁμαρτωλῶν,</strong></span> <span class='ocrx_word' id='word_1_74' title='bbox 1949 1041 2044 1095; x_wconf 74' lang='grc' dir='ltr'><strong>καὶ</strong></span> 
     </span>
    </p>
   </div>
   <div class='ocr_carea' id='block_1_13' title="bbox 472 1127 2044 1203">
    <p class='ocr_par' dir='ltr' id='par_1_13' title="bbox 472 1127 2044 1203">
     <span class='ocr_line' id='line_1_13' title="bbox 472 1127 2044 1203; baseline 0.003 -23"><span class='ocrx_word' id='word_1_75' title='bbox 472 1127 915 1198; x_wconf 73' lang='grc' dir='ltr'>ἀπορριπτοῦντα</span> <span class='ocrx_word' id='word_1_76' title='bbox 946 1129 1038 1183; x_wconf 88' lang='grc' dir='ltr'><strong>τὸν</strong></span> <span class='ocrx_word' id='word_1_77' title='bbox 1072 1127 1235 1198; x_wconf 81' lang='grc' dir='ltr'>ζυγὸν</span> <span class='ocrx_word' id='word_1_78' title='bbox 1272 1130 1470 1186; x_wconf 81' lang='grc' dir='ltr'>αὐτῶν.</span> <span class='ocrx_word' id='word_1_79' title='bbox 1513 1131 1902 1203; x_wconf 78' lang='grc' dir='ltr'>Διαρρήξωμεν</span> <span class='ocrx_word' id='word_1_80' title='bbox 1949 1133 2044 1186; x_wconf 82' lang='grc' dir='ltr'><strong>καὶ</strong></span> 
     </span>
    </p>
   </div>
   <div class='ocr_carea' id='block_1_14' title="bbox 471 1215 2042 1293">
    <p class='ocr_par' dir='ltr' id='par_1_14' title="bbox 471 1215 2042 1293">
     <span class='ocr_line' id='line_1_14' title="bbox 471 1215 2042 1293; baseline 0.004 -24"><span class='ocrx_word' id='word_1_81' title='bbox 471 1217 632 1287; x_wconf 81' lang='grc' dir='ltr'>ἡμεῖς</span> <span class='ocrx_word' id='word_1_82' title='bbox 658 1218 784 1282; x_wconf 73' lang='grc' dir='ltr'>τοὺς</span> <span class='ocrx_word' id='word_1_83' title='bbox 810 1219 1042 1290; x_wconf 81' lang='grc' dir='ltr'>δεσμοὺς</span> <span class='ocrx_word' id='word_1_84' title='bbox 1079 1215 1160 1284; x_wconf 72' lang='grc' dir='ltr'>οἷς</span> <span class='ocrx_word' id='word_1_85' title='bbox 1195 1220 1454 1293; x_wconf 84' lang='grc' dir='ltr'>ἐδέθημεν</span> <span class='ocrx_word' id='word_1_86' title='bbox 1490 1222 1892 1293; x_wconf 85' lang='grc' dir='ltr'>ἁμαρτάνοντες</span> <span class='ocrx_word' id='word_1_87' title='bbox 1915 1263 1928 1288; x_wconf 92' lang='grc'><strong>,</strong></span> <span class='ocrx_word' id='word_1_88' title='bbox 1961 1223 2042 1276; x_wconf 80' lang='grc' dir='ltr'><strong>ὅτι</strong></span> 
     </span>
    </p>
   </div>
   <div class='ocr_carea' id='block_1_15' title="bbox 474 1307 2044 1382">
    <p class='ocr_par' dir='ltr' id='par_1_15' title="bbox 474 1307 2044 1382">
     <span class='ocr_line' id='line_1_15' title="bbox 474 1307 2044 1382; baseline 0.007 -25"><span class='ocrx_word' id='word_1_89' title='bbox 474 1308 680 1378; x_wconf 86' lang='grc' dir='ltr'>σειραῖς</span> <span class='ocrx_word' id='word_1_90' title='bbox 705 1307 813 1360; x_wconf 88' lang='grc' dir='ltr'><strong>τῶν</strong></span> <span class='ocrx_word' id='word_1_91' title='bbox 845 1309 1036 1362; x_wconf 81' lang='grc' dir='ltr'>ἑαυτοῦ</span> <span class='ocrx_word' id='word_1_92' title='bbox 1061 1310 1342 1382; x_wconf 84' lang='grc' dir='ltr'>ἁμαρτιῶν</span> <span class='ocrx_word' id='word_1_93' title='bbox 1356 1312 1584 1376; x_wconf 73' lang='grc' dir='ltr'>ἕκαστος</span> <span class='ocrx_word' id='word_1_94' title='bbox 1607 1312 1913 1382; x_wconf 78' lang='grc' dir='ltr'>σφίγγεται.</span> <span class='ocrx_word' id='word_1_95' title='bbox 1934 1315 2044 1368; x_wconf 79' lang='grc' dir='ltr'>Καὶ</span> 
     </span>
    </p>
   </div>
   <div class='ocr_carea' id='block_1_16' title="bbox 468 1396 2042 1477">
    <p class='ocr_par' dir='ltr' id='par_1_16' title="bbox 468 1396 2042 1477">
     <span class='ocr_line' id='line_1_16' title="bbox 468 1396 2042 1477; baseline 0.006 -27"><span class='ocrx_word' id='word_1_96' title='bbox 468 1396 612 1468; x_wconf 83' lang='grc' dir='ltr'>τάχα</span> <span class='ocrx_word' id='word_1_97' title='bbox 643 1401 888 1470; x_wconf 85' lang='grc' dir='ltr'>κρεῖττον</span> <span class='ocrx_word' id='word_1_98' title='bbox 915 1401 976 1454; x_wconf 89' lang='grc' dir='ltr'>τὸ</span> <span class='ocrx_word' id='word_1_99' title='bbox 1009 1401 1297 1475; x_wconf 80' lang='grc' dir='ltr'>διαρρῆξαι</span> <span class='ocrx_word' id='word_1_100' title='bbox 1324 1405 1450 1468; x_wconf 80' lang='grc' dir='ltr'>τοὺς</span> <span class='ocrx_word' id='word_1_101' title='bbox 1481 1404 1712 1475; x_wconf 80' lang='grc' dir='ltr'>δεσμοὺς</span> <span class='ocrx_word' id='word_1_102' title='bbox 1737 1445 1751 1469; x_wconf 91' lang='grc'><strong>,</strong></span> <span class='ocrx_word' id='word_1_103' title='bbox 1785 1405 1861 1468; x_wconf 87' lang='grc' dir='ltr'>ὡς</span> <span class='ocrx_word' id='word_1_104' title='bbox 1893 1406 2042 1477; x_wconf 87' lang='grc' dir='ltr'>Σαμ-</span> 
     </span>
    </p>
   </div>
   <div class='ocr_carea' id='block_1_17' title="bbox 469 1486 2042 1569">
    <p class='ocr_par' dir='ltr' id='par_1_17' title="bbox 469 1486 2042 1569">
     <span class='ocr_line' id='line_1_17' title="bbox 469 1486 2042 1569; baseline 0.006 -28"><span class='ocrx_word' id='word_1_105' title='bbox 469 1486 608 1558; x_wconf 81' lang='grc' dir='ltr'>ψὼν,</span> <span class='ocrx_word' id='word_1_106' title='bbox 639 1488 735 1542; x_wconf 83' lang='grc' dir='ltr'>τοῦ</span> <span class='ocrx_word' id='word_1_107' title='bbox 763 1489 923 1545; x_wconf 84' lang='grc' dir='ltr'>λῦσαι</span> <span class='ocrx_word' id='word_1_108' title='bbox 954 1493 1171 1557; x_wconf 82' lang='grc' dir='ltr'>αὐτοὺς,</span> <span class='ocrx_word' id='word_1_109' title='bbox 1202 1494 1278 1557; x_wconf 84' lang='grc' dir='ltr'>ὼς</span> <span class='ocrx_word' id='word_1_110' title='bbox 1309 1494 1525 1548; x_wconf 85' lang='grc' dir='ltr'>λέλυται</span> <span class='ocrx_word' id='word_1_111' title='bbox 1553 1495 1656 1566; x_wconf 81' lang='grc' dir='ltr'>τῆς</span> <span class='ocrx_word' id='word_1_112' title='bbox 1691 1497 2042 1569; x_wconf 80' lang='grc' dir='ltr'>Ἰερουσαλὴμ</span> 
     </span>
    </p>
   </div>
   <div class='ocr_carea' id='block_1_18' title="bbox 469 1581 2042 1660">
    <p class='ocr_par' dir='ltr' id='par_1_18' title="bbox 469 1581 2042 1660">
     <span class='ocr_line' id='line_1_18' title="bbox 469 1581 2042 1660; baseline 0.006 -27"><span class='ocrx_word' id='word_1_113' title='bbox 469 1581 501 1651; x_wconf 82' lang='grc' dir='ltr'>ὴ</span> <span class='ocrx_word' id='word_1_114' title='bbox 535 1581 810 1654; x_wconf 74' lang='grc' dir='ltr'>ἁμαρτίαο</span> <span class='ocrx_word' id='word_1_115' title='bbox 841 1583 922 1637; x_wconf 85' lang='grc' dir='ltr'><strong>ὅτι</strong></span> <span class='ocrx_word' id='word_1_116' title='bbox 951 1582 1165 1650; x_wconf 78' lang='grc' dir='ltr'>ἐδέξατο</span> <span class='ocrx_word' id='word_1_117' title='bbox 1207 1588 1271 1640; x_wconf 79' lang='grc' dir='ltr'><strong>ἐκ</strong></span> <span class='ocrx_word' id='word_1_118' title='bbox 1303 1587 1482 1660; x_wconf 88' lang='grc' dir='ltr'>χειρὸς</span> <span class='ocrx_word' id='word_1_119' title='bbox 1528 1589 1733 1659; x_wconf 84' lang='grc' dir='ltr'>Κυρίου</span> <span class='ocrx_word' id='word_1_120' title='bbox 1779 1589 1944 1643; x_wconf 88' lang='grc' dir='ltr'>διπλᾶ</span> <span class='ocrx_word' id='word_1_121' title='bbox 1975 1589 2042 1644; x_wconf 89' lang='grc' dir='ltr'><strong>τά</strong></span> 
     </span>
    </p>
   </div>
   <div class='ocr_carea' id='block_1_19' title="bbox 2149 485 3713 562">
    <p class='ocr_par' dir='ltr' id='par_1_19' title="bbox 2149 485 3713 562">
     <span class='ocr_line' id='line_1_19' title="bbox 2149 485 3713 562; baseline -0.006 -15"><span class='ocrx_word' id='word_1_122' title='bbox 2149 493 2328 562; x_wconf 88' lang='lat' dir='ltr'><strong>cipum</strong></span> <span class='ocrx_word' id='word_1_123' title='bbox 2375 501 2561 546; x_wconf 89' lang='lat' dir='ltr'><strong>contra</strong></span> <span class='ocrx_word' id='word_1_124' title='bbox 2593 487 2872 544; x_wconf 73' lang='lat' dir='ltr'><strong>Christum</strong></span> <span class='ocrx_word' id='word_1_125' title='bbox 2917 486 3165 552; x_wconf 83' lang='lat' dir='ltr'><strong>insidias,</strong></span> <span class='ocrx_word' id='word_1_126' title='bbox 3195 487 3401 556; x_wconf 88' lang='lat' dir='ltr'><strong>primos</strong></span> <span class='ocrx_word' id='word_1_127' title='bbox 3425 485 3557 540; x_wconf 84' lang='lat' dir='ltr'><strong>istos</strong></span> <span class='ocrx_word' id='word_1_128' title='bbox 3578 501 3713 552; x_wconf 87' lang='lat' dir='ltr'><strong>qua-</strong></span> 
     </span>
    </p>
   </div>
   <div class='ocr_carea' id='block_1_20' title="bbox 2150 576 3711 651">
    <p class='ocr_par' dir='ltr' id='par_1_20' title="bbox 2150 576 3711 651">
     <span class='ocr_line' id='line_1_20' title="bbox 2150 576 3711 651; baseline -0.006 -13"><span class='ocrx_word' id='word_1_129' title='bbox 2150 594 2270 639; x_wconf 90' lang='lat' dir='ltr'><strong>tuor</strong></span> <span class='ocrx_word' id='word_1_130' title='bbox 2299 582 2596 638; x_wconf 87' lang='lat' dir='ltr'><strong>versiculos</strong></span> <span class='ocrx_word' id='word_1_131' title='bbox 2622 579 3032 651; x_wconf 75' lang='lat' dir='ltr'><strong>pronuntiasse,</strong></span> <span class='ocrx_word' id='word_1_132' title='bbox 3066 588 3121 632; x_wconf 91' lang='lat' dir='ltr'><strong>et</strong></span> <span class='ocrx_word' id='word_1_133' title='bbox 3148 577 3305 633; x_wconf 83' lang='lat' dir='ltr'><strong>simul</strong></span> <span class='ocrx_word' id='word_1_134' title='bbox 3335 576 3711 632; x_wconf 86' lang='lat' dir='ltr'><strong>subdubitasse</strong></span> 
     </span>
    </p>
   </div>
   <div class='ocr_carea' id='block_1_21' title="bbox 2148 666 3707 745">
    <p class='ocr_par' dir='ltr' id='par_1_21' title="bbox 2148 666 3707 745">
     <span class='ocr_line' id='line_1_21' title="bbox 2148 666 3707 745; baseline -0.006 -17"><span class='ocrx_word' id='word_1_135' title='bbox 2148 675 2214 730; x_wconf 94' lang='lat' dir='ltr'><strong>ad</strong></span> <span class='ocrx_word' id='word_1_136' title='bbox 2241 676 2370 745; x_wconf 91' lang='lat' dir='ltr'><strong>quid</strong></span> <span class='ocrx_word' id='word_1_137' title='bbox 2398 675 2497 728; x_wconf 91' lang='lat' dir='ltr'><strong>ista</strong></span> <span class='ocrx_word' id='word_1_138' title='bbox 2529 672 2740 728; x_wconf 82' lang='lat' dir='ltr'><strong>ﬁerent.</strong></span> <span class='ocrx_word' id='word_1_139' title='bbox 2778 670 2979 726; x_wconf 88' lang='lat' dir='ltr'><strong>Deinde</strong></span> <span class='ocrx_word' id='word_1_140' title='bbox 3009 669 3266 739; x_wconf 87' lang='lat' dir='ltr'><strong>quoniam</strong></span> <span class='ocrx_word' id='word_1_141' title='bbox 3302 669 3401 736; x_wconf 89' lang='lat' dir='ltr'><strong>ipsi</strong></span> <span class='ocrx_word' id='word_1_142' title='bbox 3432 675 3591 720; x_wconf 90' lang='lat' dir='ltr'><strong>erant</strong></span> <span class='ocrx_word' id='word_1_143' title='bbox 3616 666 3707 736; x_wconf 80' lang='lat' dir='ltr'><strong>qui</strong></span> 
     </span>
    </p>
   </div>
   <div class='ocr_carea' id='block_1_22' title="bbox 2148 758 3706 835">
    <p class='ocr_par' dir='ltr' id='par_1_22' title="bbox 2148 758 3706 835">
     <span class='ocr_line' id='line_1_22' title="bbox 2148 758 3706 835; baseline -0.006 -16"><span class='ocrx_word' id='word_1_144' title='bbox 2148 765 2393 820; x_wconf 87' lang='lat' dir='ltr'><strong>homines</strong></span> <span class='ocrx_word' id='word_1_145' title='bbox 2419 763 2677 835; x_wconf 83' lang='lat' dir='ltr'><strong>ligabant,</strong></span> <span class='ocrx_word' id='word_1_146' title='bbox 2704 771 2760 818; x_wconf 89' lang='lat' dir='ltr'><strong>et</strong></span> <span class='ocrx_word' id='word_1_147' title='bbox 2789 775 2944 816; x_wconf 86' lang='lat' dir='ltr'><strong>suum</strong></span> <span class='ocrx_word' id='word_1_148' title='bbox 2971 759 3102 829; x_wconf 89' lang='lat' dir='ltr'><strong>ipsis</strong></span> <span class='ocrx_word' id='word_1_149' title='bbox 3120 758 3305 826; x_wconf 84' lang='lat' dir='ltr'><strong>jngum</strong></span> <span class='ocrx_word' id='word_1_150' title='bbox 3337 758 3706 828; x_wconf 85' lang='lat' dir='ltr'><strong>imponebant,</strong></span> 
     </span>
    </p>
   </div>
   <div class='ocr_carea' id='block_1_23' title="bbox 2145 852 3711 925">
    <p class='ocr_par' dir='ltr' id='par_1_23' title="bbox 2145 852 3711 925">
     <span class='ocr_line' id='line_1_23' title="bbox 2145 852 3711 925; baseline -0.003 -15"><span class='ocrx_word' id='word_1_151' title='bbox 2145 857 2220 911; x_wconf 91' lang='lat' dir='ltr'><strong>ait</strong></span> <span class='ocrx_word' id='word_1_152' title='bbox 2242 856 2310 910; x_wconf 90' lang='lat' dir='ltr'><strong>ad</strong></span> <span class='ocrx_word' id='word_1_153' title='bbox 2341 856 2562 925; x_wconf 85' lang='lat' dir='ltr'><strong>angelos</strong></span> <span class='ocrx_word' id='word_1_154' title='bbox 2596 870 2722 910; x_wconf 92' lang='lat' dir='ltr'><strong>suos</strong></span> <span class='ocrx_word' id='word_1_155' title='bbox 2749 853 2919 908; x_wconf 86' lang='lat' dir='ltr'><strong>Filius</strong></span> <span class='ocrx_word' id='word_1_156' title='bbox 2947 852 3065 918; x_wconf 89' lang='lat' dir='ltr'><strong>Dei,</strong></span> <span class='ocrx_word' id='word_1_157' title='bbox 3101 852 3396 907; x_wconf 87' lang='lat' dir='ltr'><strong>adhortans</strong></span> <span class='ocrx_word' id='word_1_158' title='bbox 3425 865 3538 913; x_wconf 90' lang='lat' dir='ltr'><strong>eos,</strong></span> <span class='ocrx_word' id='word_1_159' title='bbox 3565 861 3625 904; x_wconf 89' lang='lat' dir='ltr'><strong>ut</strong></span> <span class='ocrx_word' id='word_1_160' title='bbox 3651 863 3711 905; x_wconf 85' lang='lat' dir='ltr'><strong>se</strong></span> 
     </span>
    </p>
   </div>
   <div class='ocr_carea' id='block_1_24' title="bbox 2146 943 3710 1014">
    <p class='ocr_par' dir='ltr' id='par_1_24' title="bbox 2146 943 3710 1014">
     <span class='ocr_line' id='line_1_24' title="bbox 2146 943 3710 1014; baseline -0.004 -12"><span class='ocrx_word' id='word_1_161' title='bbox 2146 948 2488 1002; x_wconf 77' lang='lat' dir='ltr'><strong>imitarentur</strong></span> <span class='ocrx_word' id='word_1_162' title='bbox 2519 946 2735 1000; x_wconf 89' lang='lat' dir='ltr'><strong>vincula</strong></span> <span class='ocrx_word' id='word_1_163' title='bbox 2769 952 3113 1014; x_wconf 89' lang='lat' dir='ltr'><strong>peccatorum</strong></span> <span class='ocrx_word' id='word_1_164' title='bbox 3157 943 3581 1011; x_wconf 89' lang='lat' dir='ltr'><strong>disrumpentem</strong></span> <span class='ocrx_word' id='word_1_165' title='bbox 3609 981 3624 1005; x_wconf 92' lang='lat'><strong>,</strong></span> <span class='ocrx_word' id='word_1_166' title='bbox 3653 951 3710 996; x_wconf 83' lang='lat' dir='ltr'><strong>et</strong></span> 
     </span>
    </p>
   </div>
   <div class='ocr_carea' id='block_1_25' title="bbox 2137 1033 3710 1112">
    <p class='ocr_par' dir='ltr' id='par_1_25' title="bbox 2137 1033 3710 1112">
     <span class='ocr_line' id='line_1_25' title="bbox 2137 1033 3710 1112; baseline -0.005 -20"><span class='ocrx_word' id='word_1_167' title='bbox 2137 1040 2324 1108; x_wconf 82' lang='lat' dir='ltr'><strong>jugum</strong></span> <span class='ocrx_word' id='word_1_168' title='bbox 2361 1038 2598 1108; x_wconf 90' lang='lat' dir='ltr'><strong>ipsorum</strong></span> <span class='ocrx_word' id='word_1_169' title='bbox 2645 1035 3044 1105; x_wconf 88' lang='lat' dir='ltr'><strong>projicientem.</strong></span> <span class='ocrx_word' id='word_1_170' title='bbox 3079 1033 3462 1112; x_wconf 86' lang='lat' dir='ltr'><strong>Dirumpamus</strong></span> <span class='ocrx_word' id='word_1_171' title='bbox 3507 1041 3562 1087; x_wconf 88' lang='lat' dir='ltr'><strong>et</strong></span> <span class='ocrx_word' id='word_1_172' title='bbox 3611 1045 3710 1085; x_wconf 86' lang='lat' dir='ltr'><strong>nos</strong></span> 
     </span>
    </p>
   </div>
   <div class='ocr_carea' id='block_1_26' title="bbox 2144 1122 3706 1197">
    <p class='ocr_par' dir='ltr' id='par_1_26' title="bbox 2144 1122 3706 1197">
     <span class='ocr_line' id='line_1_26' title="bbox 2144 1122 3706 1197; baseline -0.004 -15"><span class='ocrx_word' id='word_1_173' title='bbox 2144 1129 2357 1183; x_wconf 89' lang='lat' dir='ltr'><strong>vincula</strong></span> <span class='ocrx_word' id='word_1_174' title='bbox 2384 1167 2397 1191; x_wconf 91' lang='lat'><strong>,</strong></span> <span class='ocrx_word' id='word_1_175' title='bbox 2441 1129 2638 1197; x_wconf 86' lang='lat' dir='ltr'><strong>quibus</strong></span> <span class='ocrx_word' id='word_1_176' title='bbox 2676 1134 2964 1196; x_wconf 85' lang='lat' dir='ltr'><strong>peccantes</strong></span> <span class='ocrx_word' id='word_1_177' title='bbox 3009 1123 3157 1194; x_wconf 85' lang='lat' dir='ltr'><strong>ligati</strong></span> <span class='ocrx_word' id='word_1_178' title='bbox 3205 1139 3412 1190; x_wconf 88' lang='lat' dir='ltr'><strong>sumus,</strong></span> <span class='ocrx_word' id='word_1_179' title='bbox 3448 1122 3706 1192; x_wconf 84' lang='lat' dir='ltr'><strong>quoniam</strong></span> 
     </span>
    </p>
   </div>
   <div class='ocr_carea' id='block_1_27' title="bbox 2145 1216 3706 1288">
    <p class='ocr_par' dir='ltr' id='par_1_27' title="bbox 2145 1216 3706 1288">
     <span class='ocr_line' id='line_1_27' title="bbox 2145 1216 3706 1288; baseline -0.003 -14"><span class='ocrx_word' id='word_1_180' title='bbox 2145 1219 2365 1276; x_wconf 76' lang='lat' dir='ltr'><strong>funibus</strong></span> <span class='ocrx_word' id='word_1_181' title='bbox 2396 1229 2742 1288; x_wconf 85' lang='lat' dir='ltr'><strong>peccatorum</strong></span> <span class='ocrx_word' id='word_1_182' title='bbox 2775 1231 2996 1270; x_wconf 89' lang='lat' dir='ltr'><strong>suorum</strong></span> <span class='ocrx_word' id='word_1_183' title='bbox 3029 1217 3260 1285; x_wconf 82' lang='lat' dir='ltr'><strong>quisque</strong></span> <span class='ocrx_word' id='word_1_184' title='bbox 3299 1216 3706 1283; x_wconf 80' lang='lat' dir='ltr'><strong>constringitur.</strong></span> 
     </span>
    </p>
   </div>
   <div class='ocr_carea' id='block_1_28' title="bbox 2147 1308 3706 1382">
    <p class='ocr_par' dir='ltr' id='par_1_28' title="bbox 2147 1308 3706 1382">
     <span class='ocr_line' id='line_1_28' title="bbox 2147 1308 3706 1382; baseline -0.003 -16"><span class='ocrx_word' id='word_1_185' title='bbox 2147 1314 2213 1366; x_wconf 79' lang='lat' dir='ltr'><strong>Et</strong></span> <span class='ocrx_word' id='word_1_186' title='bbox 2253 1312 2391 1367; x_wconf 81' lang='lat' dir='ltr'><strong>forte</strong></span> <span class='ocrx_word' id='word_1_187' title='bbox 2420 1319 2643 1382; x_wconf 59' lang='lat' dir='ltr'><strong>praestat</strong></span> <span class='ocrx_word' id='word_1_188' title='bbox 2696 1308 2980 1365; x_wconf 84' lang='lat' dir='ltr'><strong>confestim</strong></span> <span class='ocrx_word' id='word_1_189' title='bbox 3028 1309 3244 1364; x_wconf 81' lang='lat' dir='ltr'><strong>vincula</strong></span> <span class='ocrx_word' id='word_1_190' title='bbox 3277 1308 3616 1376; x_wconf 88' lang='lat' dir='ltr'><strong>disrumpere</strong></span> <span class='ocrx_word' id='word_1_191' title='bbox 3648 1315 3706 1362; x_wconf 88' lang='grc' dir='ltr'><strong>ιιι</strong></span> 
     </span>
    </p>
   </div>
   <div class='ocr_carea' id='block_1_29' title="bbox 2145 1393 3712 1472">
    <p class='ocr_par' dir='ltr' id='par_1_29' title="bbox 2145 1393 3712 1472">
     <span class='ocr_line' id='line_1_29' title="bbox 2145 1393 3712 1472; baseline -0.003 -16"><span class='ocrx_word' id='word_1_192' title='bbox 2145 1402 2392 1466; x_wconf 86' lang='lat' dir='ltr'><strong>Samson,</strong></span> <span class='ocrx_word' id='word_1_193' title='bbox 2423 1416 2584 1472; x_wconf 88' lang='lat' dir='ltr'><strong>quatn</strong></span> <span class='ocrx_word' id='word_1_194' title='bbox 2616 1399 2932 1463; x_wconf 87' lang='lat' dir='ltr'><strong>dissolvere,</strong></span> <span class='ocrx_word' id='word_1_195' title='bbox 2963 1397 3101 1452; x_wconf 86' lang='lat' dir='ltr'><strong>sicut</strong></span> <span class='ocrx_word' id='word_1_196' title='bbox 3146 1406 3426 1468; x_wconf 89' lang='lat' dir='ltr'><strong>peccatum</strong></span> <span class='ocrx_word' id='word_1_197' title='bbox 3455 1393 3712 1451; x_wconf 83' lang='lat' dir='ltr'><strong>Hieroso-</strong></span> 
     </span>
    </p>
   </div>
   <div class='ocr_carea' id='block_1_30' title="bbox 2143 1489 3708 1565">
    <p class='ocr_par' dir='ltr' id='par_1_30' title="bbox 2143 1489 3708 1565">
     <span class='ocr_line' id='line_1_30' title="bbox 2143 1489 3708 1565; baseline -0.003 -17"><span class='ocrx_word' id='word_1_198' title='bbox 2143 1494 2299 1565; x_wconf 60' lang='lat' dir='ltr'><strong>lyma:</strong></span> <span class='ocrx_word' id='word_1_199' title='bbox 2327 1493 2560 1549; x_wconf 91' lang='lat' dir='ltr'><strong>solutum</strong></span> <span class='ocrx_word' id='word_1_200' title='bbox 2593 1491 2732 1558; x_wconf 81' lang='lat' dir='ltr'><strong>fuit;</strong></span> <span class='ocrx_word' id='word_1_201' title='bbox 2766 1490 3018 1562; x_wconf 88' lang='lat' dir='ltr'><strong>quoniam</strong></span> <span class='ocrx_word' id='word_1_202' title='bbox 3054 1490 3258 1556; x_wconf 84' lang='lat' dir='ltr'><strong>recepit</strong></span> <span class='ocrx_word' id='word_1_203' title='bbox 3291 1489 3358 1544; x_wconf 86' lang='lat' dir='ltr'><strong>de</strong></span> <span class='ocrx_word' id='word_1_204' title='bbox 3403 1502 3566 1542; x_wconf 89' lang='lat' dir='ltr'><strong>manu</strong></span> <span class='ocrx_word' id='word_1_205' title='bbox 3607 1489 3708 1543; x_wconf 85' lang='lat' dir='ltr'><strong>Do-</strong></span> 
     </span>
    </p>
   </div>
   <div class='ocr_carea' id='block_1_31' title="bbox 2145 1579 3709 1656">
    <p class='ocr_par' dir='ltr' id='par_1_31' title="bbox 2145 1579 3709 1656">
     <span class='ocr_line' id='line_1_31' title="bbox 2145 1579 3709 1656; baseline -0.004 -16"><span class='ocrx_word' id='word_1_206' title='bbox 2145 1585 2274 1640; x_wconf 91' lang='lat' dir='ltr'><strong>mini</strong></span> <span class='ocrx_word' id='word_1_207' title='bbox 2306 1585 2542 1656; x_wconf 85' lang='lat' dir='ltr'><strong>duplicia</strong></span> <span class='ocrx_word' id='word_1_208' title='bbox 2574 1593 2801 1655; x_wconf 90' lang='lat' dir='ltr'><strong>peccata</strong></span> <span class='ocrx_word' id='word_1_209' title='bbox 2833 1598 2952 1638; x_wconf 89' lang='lat' dir='ltr'><strong>sna.</strong></span> <span class='ocrx_word' id='word_1_210' title='bbox 2981 1581 3086 1648; x_wconf 85' lang='lat' dir='ltr'><strong>Qui</strong></span> <span class='ocrx_word' id='word_1_211' title='bbox 3121 1595 3250 1635; x_wconf 89' lang='lat' dir='ltr'><strong>vero</strong></span> <span class='ocrx_word' id='word_1_212' title='bbox 3277 1579 3590 1650; x_wconf 62' lang='lat' dir='ltr'><strong>praedictum</strong></span> <span class='ocrx_word' id='word_1_213' title='bbox 3618 1579 3709 1650; x_wconf 87' lang='lat' dir='ltr'><strong>ju-</strong></span> 
     </span>
    </p>
   </div>
   <div class='ocr_carea' id='block_1_32' title="bbox 466 1672 2038 1750">
    <p class='ocr_par' dir='ltr' id='par_1_32' title="bbox 466 1673 2038 1749">
     <span class='ocr_line' id='line_1_32' title="bbox 466 1673 2038 1749; baseline 0.006 -24"><span class='ocrx_word' id='word_1_214' title='bbox 466 1673 840 1745; x_wconf 80' lang='grc' dir='ltr'>ἁμαρτήματα</span> <span class='ocrx_word' id='word_1_215' title='bbox 869 1676 1059 1749; x_wconf 82' lang='grc' dir='ltr'>αὐτῆς.</span> <span class='ocrx_word' id='word_1_216' title='bbox 1097 1676 1155 1729; x_wconf 86' lang='lat'><strong>&#39;0</strong></span> <span class='ocrx_word' id='word_1_217' title='bbox 1183 1677 1240 1730; x_wconf 81' lang='grc' dir='ltr'>δὲ</span> <span class='ocrx_word' id='word_1_218' title='bbox 1269 1677 1576 1748; x_wconf 78' lang='grc' dir='ltr'>ἀπορρίψας</span> <span class='ocrx_word' id='word_1_219' title='bbox 1606 1679 1698 1748; x_wconf 83' lang='grc' dir='ltr'><strong>ἀφ’</strong></span> <span class='ocrx_word' id='word_1_220' title='bbox 1727 1680 1921 1735; x_wconf 82' lang='grc' dir='ltr'>ἑαυτοῦ</span> <span class='ocrx_word' id='word_1_221' title='bbox 1947 1681 2038 1735; x_wconf 88' lang='grc' dir='ltr'><strong>τὸν</strong></span> 
     </span>
    </p>
   </div>
   <div class='ocr_carea' id='block_1_33' title="bbox 2140 1672 3704 1750">
    <p class='ocr_par' dir='ltr' id='par_1_33' title="bbox 2143 1672 3704 1750">
     <span class='ocr_line' id='line_1_33' title="bbox 2143 1672 3704 1750; baseline -0.004 -18"><span class='ocrx_word' id='word_1_222' title='bbox 2143 1695 2267 1750; x_wconf 86' lang='lat' dir='ltr'><strong>gum</strong></span> <span class='ocrx_word' id='word_1_223' title='bbox 2301 1693 2332 1732; x_wconf 88' lang='lat' dir='ltr'><strong>a</strong></span> <span class='ocrx_word' id='word_1_224' title='bbox 2359 1693 2418 1734; x_wconf 91' lang='lat' dir='ltr'><strong>se</strong></span> <span class='ocrx_word' id='word_1_225' title='bbox 2444 1676 2680 1748; x_wconf 81' lang='lat' dir='ltr'><strong>proiicit,</strong></span> <span class='ocrx_word' id='word_1_226' title='bbox 2713 1684 2890 1747; x_wconf 89' lang='lat' dir='ltr'><strong>potest</strong></span> <span class='ocrx_word' id='word_1_227' title='bbox 2921 1689 3091 1730; x_wconf 85' lang='lat' dir='ltr'><strong>suave</strong></span> <span class='ocrx_word' id='word_1_228' title='bbox 3121 1672 3244 1728; x_wconf 84' lang='lat' dir='ltr'><strong>Jesu</strong></span> <span class='ocrx_word' id='word_1_229' title='bbox 3275 1673 3461 1742; x_wconf 85' lang='lat' dir='ltr'><strong>jugum</strong></span> <span class='ocrx_word' id='word_1_230' title='bbox 3498 1672 3704 1736; x_wconf 86' lang='lat' dir='ltr'><strong>tollere,</strong></span> 
     </span>
    </p>
   </div>
   <div class='ocr_carea' id='block_1_34' title="bbox 467 1749 2038 1840">
    <p class='ocr_par' dir='ltr' id='par_1_34' title="bbox 467 1761 2038 1840">
     <span class='ocr_line' id='line_1_34' title="bbox 467 1761 2038 1840; baseline 0.008 -27"><span class='ocrx_word' id='word_1_231' title='bbox 467 1761 863 1832; x_wconf 83' lang='grc' dir='ltr'>προειρημένον</span> <span class='ocrx_word' id='word_1_232' title='bbox 895 1762 1060 1832; x_wconf 82' lang='grc' dir='ltr'>ζυγὸν</span> <span class='ocrx_word' id='word_1_233' title='bbox 1103 1764 1323 1818; x_wconf 88' lang='grc' dir='ltr'>δύναται</span> <span class='ocrx_word' id='word_1_234' title='bbox 1376 1767 1610 1838; x_wconf 87' lang='grc' dir='ltr'>χρηστὸν</span> <span class='ocrx_word' id='word_1_235' title='bbox 1660 1770 1832 1838; x_wconf 86' lang='grc' dir='ltr'><strong>Ἰησοῦ</strong></span> <span class='ocrx_word' id='word_1_236' title='bbox 1880 1770 2038 1840; x_wconf 82' lang='grc' dir='ltr'>ζυγὸν</span> 
     </span>
    </p>
   </div>
   <div class='ocr_carea' id='block_1_35' title="bbox 2140 1749 3704 1840">
    <p class='ocr_par' dir='ltr' id='par_1_35' title="bbox 2142 1749 3704 1837">
     <span class='ocr_line' id='line_1_35' title="bbox 2142 1749 3704 1837; baseline -0.004 -13"><span class='ocrx_word' id='word_1_237' title='bbox 2142 1749 2195 1824; x_wconf 88' lang='lat' dir='ltr'><strong>et</strong></span> <span class='ocrx_word' id='word_1_238' title='bbox 2241 1770 2358 1823; x_wconf 79' lang='lat' dir='ltr'><strong>leve</strong></span> <span class='ocrx_word' id='word_1_239' title='bbox 2397 1769 2566 1837; x_wconf 91' lang='lat' dir='ltr'><strong>ipsius</strong></span> <span class='ocrx_word' id='word_1_240' title='bbox 2599 1782 2734 1822; x_wconf 87' lang='lat' dir='ltr'><strong>onus</strong></span> <span class='ocrx_word' id='word_1_241' title='bbox 2771 1767 2944 1830; x_wconf 79' lang='lat' dir='ltr'><strong>ferre,</strong></span> <span class='ocrx_word' id='word_1_242' title='bbox 2974 1776 3030 1821; x_wconf 90' lang='lat' dir='ltr'><strong>et</strong></span> <span class='ocrx_word' id='word_1_243' title='bbox 3064 1766 3180 1821; x_wconf 84' lang='lat' dir='ltr'><strong>ﬁeri</strong></span> <span class='ocrx_word' id='word_1_244' title='bbox 3231 1763 3510 1836; x_wconf 84' lang='lat' dir='ltr'><strong>subjugale</strong></span> <span class='ocrx_word' id='word_1_245' title='bbox 3547 1763 3704 1836; x_wconf 84' lang='lat' dir='ltr'><strong>ejus:</strong></span> 
     </span>
    </p>
   </div>
   <div class='ocr_carea' id='block_1_36' title="bbox 466 1844 2039 1932">
    <p class='ocr_par' dir='ltr' id='par_1_36' title="bbox 466 1844 2039 1932">
     <span class='ocr_line' id='line_1_36' title="bbox 466 1844 2039 1932; baseline 0.01 -30"><span class='ocrx_word' id='word_1_246' title='bbox 466 1844 616 1920; x_wconf 86' lang='grc' dir='ltr'>ἆραι,</span> <span class='ocrx_word' id='word_1_247' title='bbox 647 1853 742 1906; x_wconf 79' lang='grc' dir='ltr'><strong>καὶ</strong></span> <span class='ocrx_word' id='word_1_248' title='bbox 776 1852 961 1926; x_wconf 85' lang='grc' dir='ltr'>φέρειν</span> <span class='ocrx_word' id='word_1_249' title='bbox 993 1854 1055 1908; x_wconf 85' lang='grc' dir='ltr'><strong>τὸ</strong></span> <span class='ocrx_word' id='word_1_250' title='bbox 1085 1855 1318 1930; x_wconf 86' lang='grc' dir='ltr'>ἐλαφρὸν</span> <span class='ocrx_word' id='word_1_251' title='bbox 1347 1857 1511 1912; x_wconf 81' lang='grc' dir='ltr'>αὑτοῦ</span> <span class='ocrx_word' id='word_1_252' title='bbox 1545 1861 1785 1931; x_wconf 84' lang='grc' dir='ltr'>φορτίον,</span> <span class='ocrx_word' id='word_1_253' title='bbox 1820 1863 1913 1916; x_wconf 76' lang='grc' dir='ltr'>καὶ</span> <span class='ocrx_word' id='word_1_254' title='bbox 1946 1880 2039 1932; x_wconf 75' lang='grc' dir='ltr'>γεο</span> 
     </span>
    </p>
   </div>
   <div class='ocr_carea' id='block_1_37' title="bbox 465 1938 2040 2018">
    <p class='ocr_par' dir='ltr' id='par_1_37' title="bbox 465 1938 2040 2018">
     <span class='ocr_line' id='line_1_37' title="bbox 465 1938 2040 2018; baseline 0.006 -27"><span class='ocrx_word' id='word_1_255' title='bbox 465 1938 652 1993; x_wconf 73' lang='grc' dir='ltr'>νεῖσθαι</span> <span class='ocrx_word' id='word_1_256' title='bbox 682 1941 973 2012; x_wconf 82' lang='grc' dir='ltr'>ὑποζύγιον</span> <span class='ocrx_word' id='word_1_257' title='bbox 1001 1943 1167 1997; x_wconf 81' lang='grc' dir='ltr'>αὐτοῦ</span> <span class='ocrx_word' id='word_1_258' title='bbox 1185 1960 1198 1974; x_wconf 87' lang='grc'><strong>·</strong></span> <span class='ocrx_word' id='word_1_259' title='bbox 1229 1946 1322 1999; x_wconf 75' lang='grc' dir='ltr'>καὶ</span> <span class='ocrx_word' id='word_1_260' title='bbox 1353 1945 1571 1999; x_wconf 78' lang='grc' dir='ltr'>λύσουσι</span> <span class='ocrx_word' id='word_1_261' title='bbox 1598 1946 1692 2000; x_wconf 88' lang='grc' dir='ltr'><strong>τὸν</strong></span> <span class='ocrx_word' id='word_1_262' title='bbox 1725 1946 1921 2018; x_wconf 86' lang='grc' dir='ltr'>δεσμὸν</span> <span class='ocrx_word' id='word_1_263' title='bbox 1945 1948 2040 2001; x_wconf 85' lang='grc' dir='ltr'>αύ-</span> 
     </span>
    </p>
   </div>
   <div class='ocr_carea' id='block_1_38' title="bbox 464 2029 918 2104">
    <p class='ocr_par' dir='ltr' id='par_1_38' title="bbox 464 2029 918 2104">
     <span class='ocr_line' id='line_1_38' title="bbox 464 2029 918 2104; baseline 0.011 -23"><span class='ocrx_word' id='word_1_264' title='bbox 464 2029 559 2082; x_wconf 78' lang='grc' dir='ltr'>τοῦ</span> <span class='ocrx_word' id='word_1_265' title='bbox 583 2033 634 2084; x_wconf 81' lang='grc' dir='ltr'><strong>οἱ</strong></span> <span class='ocrx_word' id='word_1_266' title='bbox 661 2031 918 2104; x_wconf 86' lang='grc' dir='ltr'>μαθηταί.</span> 
     </span>
    </p>
   </div>
   <div class='ocr_carea' id='block_1_39' title="bbox 543 2124 2040 2199">
    <p class='ocr_par' dir='ltr' id='par_1_39' title="bbox 543 2124 2040 2199">
     <span class='ocr_line' id='line_1_39' title="bbox 543 2124 2040 2199; baseline 0.007 -23"><span class='ocrx_word' id='word_1_267' title='bbox 543 2124 681 2177; x_wconf 79' lang='grc' dir='ltr'>Τότε</span> <span class='ocrx_word' id='word_1_268' title='bbox 713 2124 975 2194; x_wconf 75' lang='grc' dir='ltr'>λαλήσει</span> <span class='ocrx_word' id='word_1_269' title='bbox 1007 2125 1158 2195; x_wconf 77' lang='grc' dir='ltr'>πρὸς</span> <span class='ocrx_word' id='word_1_270' title='bbox 1185 2127 1407 2194; x_wconf 85' lang='grc' dir='ltr'>αὐτοὺς</span> <span class='ocrx_word' id='word_1_271' title='bbox 1437 2129 1508 2182; x_wconf 79' lang='grc' dir='ltr'>ἐν</span> <span class='ocrx_word' id='word_1_272' title='bbox 1531 2127 1680 2199; x_wconf 75' lang='grc' dir='ltr'>ὀργῇ</span> <span class='ocrx_word' id='word_1_273' title='bbox 1710 2130 1916 2197; x_wconf 83' lang='grc' dir='ltr'>αὐτοῦ,</span> <span class='ocrx_word' id='word_1_274' title='bbox 1939 2131 2040 2186; x_wconf 74' lang='grc' dir='ltr'><strong>καί</strong></span> 
     </span>
    </p>
   </div>
   <div class='ocr_carea' id='block_1_40' title="bbox 464 2213 2038 2287">
    <p class='ocr_par' dir='ltr' id='par_1_40' title="bbox 464 2213 2038 2287">
     <span class='ocr_line' id='line_1_40' title="bbox 464 2213 2038 2287; baseline 0.005 -20"><span class='ocrx_word' id='word_1_275' title='bbox 464 2215 536 2267; x_wconf 74' lang='grc' dir='ltr'><em>ἐν</em></span> <span class='ocrx_word' id='word_1_276' title='bbox 582 2213 663 2280; x_wconf 83' lang='grc' dir='ltr'><strong>τῷ</strong></span> <span class='ocrx_word' id='word_1_277' title='bbox 703 2216 867 2284; x_wconf 81' lang='grc' dir='ltr'><strong>θυμῷ</strong></span> <span class='ocrx_word' id='word_1_278' title='bbox 902 2216 1089 2271; x_wconf 81' lang='grc' dir='ltr'>αὐτοῦ</span> <span class='ocrx_word' id='word_1_279' title='bbox 1131 2217 1374 2286; x_wconf 81' lang='grc' dir='ltr'>ταράξει</span> <span class='ocrx_word' id='word_1_280' title='bbox 1425 2220 1670 2287; x_wconf 83' lang='grc' dir='ltr'>αὐτούς,</span> <span class='ocrx_word' id='word_1_281' title='bbox 1712 2238 1766 2274; x_wconf 88' lang='grc' dir='ltr'><strong>κ.</strong></span> <span class='ocrx_word' id='word_1_282' title='bbox 1796 2239 1847 2276; x_wconf 90' lang='grc' dir='ltr'><strong>τ.</strong></span> <span class='ocrx_word' id='word_1_283' title='bbox 1881 2222 1929 2275; x_wconf 83' lang='grc' dir='ltr'><strong>ἐ.</strong></span> <span class='ocrx_word' id='word_1_284' title='bbox 1976 2223 2038 2278; x_wconf 83' lang='lat' dir='ltr'><strong>Ol</strong></span> 
     </span>
    </p>
   </div>
   <div class='ocr_carea' id='block_1_41' title="bbox 465 2304 2039 2384">
    <p class='ocr_par' dir='ltr' id='par_1_41' title="bbox 465 2304 2039 2384">
     <span class='ocr_line' id='line_1_41' title="bbox 465 2304 2039 2384; baseline 0.007 -28"><span class='ocrx_word' id='word_1_285' title='bbox 465 2304 611 2373; x_wconf 83' lang='grc' dir='ltr'>λόγοι</span> <span class='ocrx_word' id='word_1_286' title='bbox 649 2304 758 2360; x_wconf 86' lang='grc' dir='ltr'><strong>τῶν</strong></span> <span class='ocrx_word' id='word_1_287' title='bbox 788 2306 1029 2362; x_wconf 85' lang='grc' dir='ltr'>ἀπειλῶν</span> <span class='ocrx_word' id='word_1_288' title='bbox 1063 2308 1196 2379; x_wconf 77' lang='lat'>(73),</span> <span class='ocrx_word' id='word_1_289' title='bbox 1222 2310 1370 2381; x_wconf 90' lang='grc' dir='ltr'>λόγοι</span> <span class='ocrx_word' id='word_1_290' title='bbox 1412 2311 1550 2366; x_wconf 78' lang='grc' dir='ltr'>είσὶν</span> <span class='ocrx_word' id='word_1_291' title='bbox 1577 2312 1636 2365; x_wconf 80' lang='grc' dir='ltr'>ὲν</span> <span class='ocrx_word' id='word_1_292' title='bbox 1672 2313 1810 2384; x_wconf 79' lang='grc' dir='ltr'>ὀργῇ</span> <span class='ocrx_word' id='word_1_293' title='bbox 1857 2314 2039 2382; x_wconf 88' lang='grc' dir='ltr'>ἀπαγ-</span> 
     </span>
    </p>
   </div>
   <div class='ocr_carea' id='block_1_42' title="bbox 461 2396 2040 2475">
    <p class='ocr_par' dir='ltr' id='par_1_42' title="bbox 461 2396 2040 2475">
     <span class='ocr_line' id='line_1_42' title="bbox 461 2396 2040 2475; baseline 0.008 -27"><span class='ocrx_word' id='word_1_294' title='bbox 461 2396 798 2468; x_wconf 87' lang='grc' dir='ltr'>γελλόμενοι.</span> <span class='ocrx_word' id='word_1_295' title='bbox 845 2399 1210 2469; x_wconf 83' lang='grc' dir='ltr'>’Υπισχνεῖται</span> <span class='ocrx_word' id='word_1_296' title='bbox 1239 2401 1296 2454; x_wconf 84' lang='grc' dir='ltr'>δὲ</span> <span class='ocrx_word' id='word_1_297' title='bbox 1327 2403 1355 2454; x_wconf 92' lang='lat'><strong>6</strong></span> <span class='ocrx_word' id='word_1_298' title='bbox 1379 2401 1510 2466; x_wconf 88' lang='grc' dir='ltr'>Θεὸς</span> <span class='ocrx_word' id='word_1_299' title='bbox 1543 2405 1894 2475; x_wconf 86' lang='grc' dir='ltr'>μετανοήσειν</span> <span class='ocrx_word' id='word_1_300' title='bbox 1931 2406 2040 2460; x_wconf 86' lang='grc' dir='ltr'><strong>ἀπὸ</strong></span> 
     </span>
    </p>
   </div>
   <div class='ocr_carea' id='block_1_43' title="bbox 462 2483 2039 2566">
    <p class='ocr_par' dir='ltr' id='par_1_43' title="bbox 462 2483 2039 2566">
     <span class='ocr_line' id='line_1_43' title="bbox 462 2483 2039 2566; baseline 0.006 -26"><span class='ocrx_word' id='word_1_301' title='bbox 462 2486 571 2542; x_wconf 88' lang='grc' dir='ltr'><strong>τῶν</strong></span> <span class='ocrx_word' id='word_1_302' title='bbox 602 2488 788 2541; x_wconf 84' lang='grc' dir='ltr'>κακῶν</span> <span class='ocrx_word' id='word_1_303' title='bbox 818 2483 892 2543; x_wconf 80' lang='grc' dir='ltr'>ὧν</span> <span class='ocrx_word' id='word_1_304' title='bbox 919 2489 1070 2542; x_wconf 90' lang='grc' dir='ltr'>λαλεῖ</span> <span class='ocrx_word' id='word_1_305' title='bbox 1095 2491 1189 2545; x_wconf 81' lang='grc' dir='ltr'><strong>τοῦ</strong></span> <span class='ocrx_word' id='word_1_306' title='bbox 1218 2491 1473 2562; x_wconf 78' lang='grc' dir='ltr'>ποιῆσαι,</span> <span class='ocrx_word' id='word_1_307' title='bbox 1506 2493 1602 2547; x_wconf 85' lang='grc' dir='ltr'>ἐὰν</span> <span class='ocrx_word' id='word_1_308' title='bbox 1637 2497 2039 2566; x_wconf 86' lang='grc' dir='ltr'>μετανοήσωσιν</span> 
     </span>
    </p>
   </div>
   <div class='ocr_carea' id='block_1_44' title="bbox 464 2580 2040 2656">
    <p class='ocr_par' dir='ltr' id='par_1_44' title="bbox 464 2580 2040 2656">
     <span class='ocr_line' id='line_1_44' title="bbox 464 2580 2040 2656; baseline 0.006 -24"><span class='ocrx_word' id='word_1_309' title='bbox 464 2581 512 2632; x_wconf 78' lang='grc' dir='ltr'>οἱ</span> <span class='ocrx_word' id='word_1_310' title='bbox 544 2581 851 2644; x_wconf 75' lang='grc' dir='ltr'>ἀκούοντες.</span> <span class='ocrx_word' id='word_1_311' title='bbox 892 2580 1149 2654; x_wconf 87' lang='grc' dir='ltr'>Ἐλάλησε</span> <span class='ocrx_word' id='word_1_312' title='bbox 1176 2583 1233 2636; x_wconf 85' lang='grc' dir='ltr'><strong>δέ</strong></span> <span class='ocrx_word' id='word_1_313' title='bbox 1256 2585 1314 2636; x_wconf 89' lang='grc' dir='ltr'><strong>ἐν</strong></span> <span class='ocrx_word' id='word_1_314' title='bbox 1344 2585 1480 2656; x_wconf 79' lang='grc' dir='ltr'>ὀργῇ</span> <span class='ocrx_word' id='word_1_315' title='bbox 1503 2584 1667 2638; x_wconf 85' lang='grc' dir='ltr'><strong>αύτοῦ</strong></span> <span class='ocrx_word' id='word_1_316' title='bbox 1696 2586 1784 2641; x_wconf 82' lang='grc' dir='ltr'>διὰ</span> <span class='ocrx_word' id='word_1_317' title='bbox 1823 2587 1976 2641; x_wconf 86' lang='grc' dir='ltr'><strong>Ἰωνᾶ</strong></span> <span class='ocrx_word' id='word_1_318' title='bbox 2010 2591 2040 2642; x_wconf 98' lang='lat'><strong>6</strong></span> 
     </span>
    </p>
   </div>
   <div class='ocr_carea' id='block_1_45' title="bbox 459 2671 2038 2750">
    <p class='ocr_par' dir='ltr' id='par_1_45' title="bbox 459 2671 2038 2750">
     <span class='ocr_line' id='line_1_45' title="bbox 459 2671 2038 2750; baseline 0.006 -26"><span class='ocrx_word' id='word_1_319' title='bbox 459 2671 596 2734; x_wconf 85' lang='grc' dir='ltr'>Θεὸς</span> <span class='ocrx_word' id='word_1_320' title='bbox 631 2676 746 2736; x_wconf 83' lang='grc' dir='ltr'>τοῖς</span> <span class='ocrx_word' id='word_1_321' title='bbox 783 2675 1115 2738; x_wconf 79' lang='grc' dir='ltr'>Νινευῖταις·</span> <span class='ocrx_word' id='word_1_322' title='bbox 1140 2677 1235 2729; x_wconf 84' lang='grc' dir='ltr'><strong>καὶ</strong></span> <span class='ocrx_word' id='word_1_323' title='bbox 1261 2677 1383 2729; x_wconf 75' lang='grc' dir='ltr'>ἐπεὶ</span> <span class='ocrx_word' id='word_1_324' title='bbox 1412 2677 1469 2731; x_wconf 81' lang='grc' dir='ltr'><strong>ἐν</strong></span> <span class='ocrx_word' id='word_1_325' title='bbox 1507 2677 1694 2748; x_wconf 84' lang='grc' dir='ltr'>σάκκῳ</span> <span class='ocrx_word' id='word_1_326' title='bbox 1721 2679 1815 2732; x_wconf 80' lang='grc' dir='ltr'><strong>καὶ</strong></span> <span class='ocrx_word' id='word_1_327' title='bbox 1854 2679 2038 2750; x_wconf 84' lang='grc' dir='ltr'>σποδῷ</span> 
     </span>
    </p>
   </div>
   <div class='ocr_carea' id='block_1_46' title="bbox 467 2762 2040 2843">
    <p class='ocr_par' dir='ltr' id='par_1_46' title="bbox 467 2762 2040 2843">
     <span class='ocr_line' id='line_1_46' title="bbox 467 2762 2040 2843; baseline 0.006 -28"><span class='ocrx_word' id='word_1_328' title='bbox 467 2765 828 2835; x_wconf 83' lang='grc' dir='ltr'>μετενόησαν,</span> <span class='ocrx_word' id='word_1_329' title='bbox 877 2766 1029 2820; x_wconf 79' lang='grc' dir='ltr'>οὐδὲν</span> <span class='ocrx_word' id='word_1_330' title='bbox 1068 2766 1398 2821; x_wconf 76' lang='grc' dir='ltr'>πεπόνθασιν</span> <span class='ocrx_word' id='word_1_331' title='bbox 1438 2762 1513 2824; x_wconf 83' lang='grc' dir='ltr'>ὧν</span> <span class='ocrx_word' id='word_1_332' title='bbox 1560 2770 1848 2840; x_wconf 85' lang='grc' dir='ltr'>ἀκηκόασι.</span> <span class='ocrx_word' id='word_1_333' title='bbox 1896 2771 2040 2843; x_wconf 88' lang='grc' dir='ltr'>Προ-</span> 
     </span>
    </p>
   </div>
   <div class='ocr_carea' id='block_1_47' title="bbox 463 2853 2034 2936">
    <p class='ocr_par' dir='ltr' id='par_1_47' title="bbox 463 2853 2034 2936">
     <span class='ocr_line' id='line_1_47' title="bbox 463 2853 2034 2936; baseline 0.006 -28"><span class='ocrx_word' id='word_1_334' title='bbox 463 2853 728 2923; x_wconf 76' lang='grc' dir='ltr'>ιγίνωσκέ</span> <span class='ocrx_word' id='word_1_335' title='bbox 749 2872 810 2908; x_wconf 89' lang='grc' dir='ltr'><strong>τε</strong></span> <span class='ocrx_word' id='word_1_336' title='bbox 839 2857 868 2909; x_wconf 89' lang='grc' dir='ltr'>ὁ</span> <span class='ocrx_word' id='word_1_337' title='bbox 895 2856 1046 2921; x_wconf 85' lang='grc' dir='ltr'>Θεὸς,</span> <span class='ocrx_word' id='word_1_338' title='bbox 1076 2858 1310 2928; x_wconf 87' lang='grc' dir='ltr'>πέμπων</span> <span class='ocrx_word' id='word_1_339' title='bbox 1353 2859 1446 2914; x_wconf 91' lang='grc' dir='ltr'><strong>τὸν</strong></span> <span class='ocrx_word' id='word_1_340' title='bbox 1487 2861 1690 2928; x_wconf 83' lang='grc' dir='ltr'>Ἰωνᾶν,</span> <span class='ocrx_word' id='word_1_341' title='bbox 1714 2861 1811 2934; x_wconf 85' lang='grc' dir='ltr'>τὴν</span> <span class='ocrx_word' id='word_1_342' title='bbox 1839 2863 2034 2936; x_wconf 83' lang='grc' dir='ltr'>ἐσομέ-</span> 
     </span>
    </p>
   </div>
   <div class='ocr_carea' id='block_1_48' title="bbox 463 2944 2036 3025">
    <p class='ocr_par' dir='ltr' id='par_1_48' title="bbox 463 2944 2036 3025">
     <span class='ocr_line' id='line_1_48' title="bbox 463 2944 2036 3025; baseline 0.009 -31"><span class='ocrx_word' id='word_1_343' title='bbox 463 2959 560 3012; x_wconf 91' lang='grc' dir='ltr'><strong>νην</strong></span> <span class='ocrx_word' id='word_1_344' title='bbox 605 2944 922 3013; x_wconf 77' lang='grc' dir='ltr'>μετάνοιανο</span> <span class='ocrx_word' id='word_1_345' title='bbox 953 2947 1048 3000; x_wconf 77' lang='grc' dir='ltr'><strong>ἐπὶ</strong></span> <span class='ocrx_word' id='word_1_346' title='bbox 1080 2949 1325 3020; x_wconf 80' lang='grc' dir='ltr'>σωτηρίᾳ</span> <span class='ocrx_word' id='word_1_347' title='bbox 1360 2949 1601 3020; x_wconf 91' lang='grc' dir='ltr'>δηλονότι</span> <span class='ocrx_word' id='word_1_348' title='bbox 1626 2952 1788 3007; x_wconf 84' lang='grc' dir='ltr'>αὐτὸν</span> <span class='ocrx_word' id='word_1_349' title='bbox 1823 2953 2036 3025; x_wconf 78' lang='grc' dir='ltr'>ἔπεμπε</span> 
     </span>
    </p>
   </div>
   <div class='ocr_carea' id='block_1_49' title="bbox 462 3031 2037 3116">
    <p class='ocr_par' dir='ltr' id='par_1_49' title="bbox 462 3031 2037 3116">
     <span class='ocr_line' id='line_1_49' title="bbox 462 3031 2037 3116; baseline 0.008 -30"><span class='ocrx_word' id='word_1_350' title='bbox 462 3031 553 3086; x_wconf 87' lang='grc' dir='ltr'><strong>τὸν</strong></span> <span class='ocrx_word' id='word_1_351' title='bbox 596 3033 802 3090; x_wconf 82' lang='grc' dir='ltr'>Ἰωνᾶν.</span> <span class='ocrx_word' id='word_1_352' title='bbox 841 3035 993 3107; x_wconf 89' lang='grc' dir='ltr'>Τάχα</span> <span class='ocrx_word' id='word_1_353' title='bbox 1017 3037 1074 3090; x_wconf 82' lang='grc' dir='ltr'>δὲ</span> <span class='ocrx_word' id='word_1_354' title='bbox 1097 3040 1190 3092; x_wconf 76' lang='grc' dir='ltr'>καὶ</span> <span class='ocrx_word' id='word_1_355' title='bbox 1216 3039 1402 3094; x_wconf 89' lang='grc' dir='ltr'>ἐνθάδε</span> <span class='ocrx_word' id='word_1_356' title='bbox 1425 3041 1517 3094; x_wconf 73' lang='grc' dir='ltr'><strong>ἐπὶ</strong></span> <span class='ocrx_word' id='word_1_357' title='bbox 1548 3043 1792 3116; x_wconf 78' lang='grc' dir='ltr'>σωτηρίᾳ</span> <span class='ocrx_word' id='word_1_358' title='bbox 1816 3044 2037 3116; x_wconf 85' lang='grc' dir='ltr'>λαλήσει</span> 
     </span>
    </p>
   </div>
   <div class='ocr_carea' id='block_1_50' title="bbox 2140 1857 3360 1932">
    <p class='ocr_par' dir='ltr' id='par_1_50' title="bbox 2140 1857 3360 1932">
     <span class='ocr_line' id='line_1_50' title="bbox 2140 1857 3360 1932; baseline -0.003 -16"><span class='ocrx_word' id='word_1_359' title='bbox 2140 1871 2304 1932; x_wconf 90' lang='lat' dir='ltr'><strong>atque</strong></span> <span class='ocrx_word' id='word_1_360' title='bbox 2334 1860 2584 1930; x_wconf 89' lang='lat' dir='ltr'><strong>discipuli</strong></span> <span class='ocrx_word' id='word_1_361' title='bbox 2615 1859 2888 1914; x_wconf 87' lang='lat' dir='ltr'><strong>vinculum</strong></span> <span class='ocrx_word' id='word_1_362' title='bbox 2920 1859 3089 1930; x_wconf 86' lang='lat' dir='ltr'><strong>ipsius</strong></span> <span class='ocrx_word' id='word_1_363' title='bbox 3128 1857 3360 1914; x_wconf 83' lang='lat' dir='ltr'><strong>solvent.</strong></span> 
     </span>
    </p>
   </div>
   <div class='ocr_carea' id='block_1_51' title="bbox 2211 2125 3711 2196">
    <p class='ocr_par' dir='ltr' id='par_1_51' title="bbox 2211 2125 3711 2196">
     <span class='ocr_line' id='line_1_51' title="bbox 2211 2125 3711 2196; baseline -0.003 -16"><span class='ocrx_word' id='word_1_364' title='bbox 2211 2128 2374 2184; x_wconf 75' lang='lat' dir='ltr'><strong>Vens.</strong></span> <span class='ocrx_word' id='word_1_365' title='bbox 2415 2128 2469 2182; x_wconf 84' lang='lat'><strong>5.</strong></span> <span class='ocrx_word' id='word_1_366' title='bbox 2507 2125 2655 2180; x_wconf 85' lang='lat' dir='ltr'><strong>Tunc</strong></span> <span class='ocrx_word' id='word_1_367' title='bbox 2687 2126 2925 2196; x_wconf 83' lang='lat' dir='ltr'><strong>loquetur</strong></span> <span class='ocrx_word' id='word_1_368' title='bbox 2957 2126 3027 2180; x_wconf 84' lang='lat' dir='ltr'><strong>ad</strong></span> <span class='ocrx_word' id='word_1_369' title='bbox 3057 2141 3143 2180; x_wconf 78' lang='lat' dir='ltr'><strong>eos</strong></span> <span class='ocrx_word' id='word_1_370' title='bbox 3191 2125 3247 2179; x_wconf 77' lang='lat' dir='ltr'><strong>in</strong></span> <span class='ocrx_word' id='word_1_371' title='bbox 3274 2125 3362 2179; x_wconf 82' lang='lat' dir='ltr'><strong>ira</strong></span> <span class='ocrx_word' id='word_1_372' title='bbox 3398 2139 3496 2179; x_wconf 78' lang='lat' dir='ltr'><strong>sua</strong></span> <span class='ocrx_word' id='word_1_373' title='bbox 3517 2162 3534 2188; x_wconf 93' lang='lat'><strong>,</strong></span> <span class='ocrx_word' id='word_1_374' title='bbox 3575 2132 3624 2178; x_wconf 84' lang='lat' dir='ltr'><strong>et</strong></span> <span class='ocrx_word' id='word_1_375' title='bbox 3653 2138 3711 2177; x_wconf 80' lang='grc' dir='ltr'>ιη</span> 
     </span>
    </p>
   </div>
   <div class='ocr_carea' id='block_1_52' title="bbox 2141 2213 3709 2287">
    <p class='ocr_par' dir='ltr' id='par_1_52' title="bbox 2141 2213 3709 2287">
     <span class='ocr_line' id='line_1_52' title="bbox 2141 2213 3709 2287; baseline -0.003 -17"><span class='ocrx_word' id='word_1_376' title='bbox 2141 2217 2320 2287; x_wconf 83' lang='lat' dir='ltr'><strong>furore</strong></span> <span class='ocrx_word' id='word_1_377' title='bbox 2350 2232 2447 2270; x_wconf 77' lang='lat' dir='ltr'><strong>suo</strong></span> <span class='ocrx_word' id='word_1_378' title='bbox 2491 2216 2826 2270; x_wconf 79' lang='lat' dir='ltr'><strong>conturbabit</strong></span> <span class='ocrx_word' id='word_1_379' title='bbox 2849 2232 2936 2270; x_wconf 81' lang='lat' dir='ltr'><strong>eos</strong></span> <span class='ocrx_word' id='word_1_380' title='bbox 2957 2256 2971 2280; x_wconf 94' lang='lat'><strong>,</strong></span> <span class='ocrx_word' id='word_1_381' title='bbox 3003 2226 3108 2270; x_wconf 87' lang='lat' dir='ltr'><strong>etc.</strong></span> <span class='ocrx_word' id='word_1_382' title='bbox 3148 2213 3443 2269; x_wconf 88' lang='lat' dir='ltr'><strong>Sermones</strong></span> <span class='ocrx_word' id='word_1_383' title='bbox 3483 2214 3709 2268; x_wconf 88' lang='lat' dir='ltr'><strong>commi-</strong></span> 
     </span>
    </p>
   </div>
   <div class='ocr_carea' id='block_1_53' title="bbox 2139 2301 3708 2374">
    <p class='ocr_par' dir='ltr' id='par_1_53' title="bbox 2139 2301 3708 2374">
     <span class='ocr_line' id='line_1_53' title="bbox 2139 2301 3708 2374; baseline -0.003 -15"><span class='ocrx_word' id='word_1_384' title='bbox 2139 2305 2334 2360; x_wconf 87' lang='lat' dir='ltr'><strong>natorii</strong></span> <span class='ocrx_word' id='word_1_385' title='bbox 2359 2315 2783 2360; x_wconf 85' lang='lat' dir='ltr'><strong>suntsermones</strong></span> <span class='ocrx_word' id='word_1_386' title='bbox 2799 2304 2892 2373; x_wconf 90' lang='lat' dir='ltr'><strong>qui</strong></span> <span class='ocrx_word' id='word_1_387' title='bbox 2924 2304 2975 2358; x_wconf 94' lang='lat' dir='ltr'><strong>in</strong></span> <span class='ocrx_word' id='word_1_388' title='bbox 3001 2305 3078 2358; x_wconf 90' lang='lat' dir='ltr'><strong>ira</strong></span> <span class='ocrx_word' id='word_1_389' title='bbox 3106 2301 3540 2374; x_wconf 88' lang='lat' dir='ltr'><strong>pronuntiantur.</strong></span> <span class='ocrx_word' id='word_1_390' title='bbox 3571 2301 3708 2356; x_wconf 83' lang='lat' dir='ltr'><strong>Mala</strong></span> 
     </span>
    </p>
   </div>
   <div class='ocr_carea' id='block_1_54' title="bbox 2139 2391 3712 2465">
    <p class='ocr_par' dir='ltr' id='par_1_54' title="bbox 2139 2391 3712 2465">
     <span class='ocr_line' id='line_1_54' title="bbox 2139 2391 3712 2465; baseline -0.001 -17"><span class='ocrx_word' id='word_1_391' title='bbox 2139 2404 2318 2449; x_wconf 90' lang='lat' dir='ltr'><strong>autem</strong></span> <span class='ocrx_word' id='word_1_392' title='bbox 2353 2409 2474 2465; x_wconf 65' lang='lat' dir='ltr'><strong>quae</strong></span> <span class='ocrx_word' id='word_1_393' title='bbox 2503 2394 2716 2449; x_wconf 81' lang='lat' dir='ltr'><strong>dixerat</strong></span> <span class='ocrx_word' id='word_1_394' title='bbox 2746 2393 2889 2448; x_wconf 88' lang='lat' dir='ltr'><strong>Deus</strong></span> <span class='ocrx_word' id='word_1_395' title='bbox 2925 2408 2984 2448; x_wconf 89' lang='lat' dir='ltr'><strong>se</strong></span> <span class='ocrx_word' id='word_1_396' title='bbox 3017 2394 3412 2462; x_wconf 89' lang='lat' dir='ltr'><strong>irrogaturum,</strong></span> <span class='ocrx_word' id='word_1_397' title='bbox 3441 2391 3712 2461; x_wconf 87' lang='lat' dir='ltr'><strong>promittit</strong></span> 
     </span>
    </p>
   </div>
   <div class='ocr_carea' id='block_1_55' title="bbox 2138 2482 3707 2554">
    <p class='ocr_par' dir='ltr' id='par_1_55' title="bbox 2138 2482 3707 2554">
     <span class='ocr_line' id='line_1_55' title="bbox 2138 2482 3707 2554; baseline -0.001 -15"><span class='ocrx_word' id='word_1_398' title='bbox 2138 2500 2198 2540; x_wconf 81' lang='lat' dir='ltr'><strong>se</strong></span> <span class='ocrx_word' id='word_1_399' title='bbox 2231 2493 2672 2549; x_wconf 88' lang='lat' dir='ltr'><strong>retractaturum,</strong></span> <span class='ocrx_word' id='word_1_400' title='bbox 2697 2483 2741 2537; x_wconf 90' lang='lat' dir='ltr'><strong>si</strong></span> <span class='ocrx_word' id='word_1_401' title='bbox 2765 2483 3142 2553; x_wconf 77' lang='lat' dir='ltr'><strong>ptenitentiam</strong></span> <span class='ocrx_word' id='word_1_402' title='bbox 3173 2482 3386 2554; x_wconf 79' lang='lat' dir='ltr'><strong>egerint</strong></span> <span class='ocrx_word' id='word_1_403' title='bbox 3412 2483 3707 2538; x_wconf 87' lang='lat' dir='ltr'><strong>auditores.</strong></span> 
     </span>
    </p>
   </div>
   <div class='ocr_carea' id='block_1_56' title="bbox 2137 2573 3705 2646">
    <p class='ocr_par' dir='ltr' id='par_1_56' title="bbox 2137 2573 3705 2646">
     <span class='ocr_line' id='line_1_56' title="bbox 2137 2573 3705 2646; baseline -0.001 -14"><span class='ocrx_word' id='word_1_404' title='bbox 2137 2577 2377 2633; x_wconf 87' lang='lat' dir='ltr'><strong>Locutus</strong></span> <span class='ocrx_word' id='word_1_405' title='bbox 2407 2587 2491 2632; x_wconf 87' lang='lat' dir='ltr'><strong>est</strong></span> <span class='ocrx_word' id='word_1_406' title='bbox 2523 2578 2575 2630; x_wconf 90' lang='lat' dir='ltr'><strong>in</strong></span> <span class='ocrx_word' id='word_1_407' title='bbox 2608 2577 2686 2631; x_wconf 90' lang='lat' dir='ltr'><strong>ira</strong></span> <span class='ocrx_word' id='word_1_408' title='bbox 2720 2592 2816 2632; x_wconf 89' lang='lat' dir='ltr'><strong>sua</strong></span> <span class='ocrx_word' id='word_1_409' title='bbox 2845 2577 2984 2632; x_wconf 88' lang='lat' dir='ltr'><strong>Deus</strong></span> <span class='ocrx_word' id='word_1_410' title='bbox 3013 2592 3107 2646; x_wconf 91' lang='lat' dir='ltr'><strong>per</strong></span> <span class='ocrx_word' id='word_1_411' title='bbox 3131 2574 3322 2630; x_wconf 88' lang='lat' dir='ltr'><strong>Jonam</strong></span> <span class='ocrx_word' id='word_1_412' title='bbox 3353 2573 3612 2630; x_wconf 87' lang='lat' dir='ltr'><strong>Ninivitis</strong></span> <span class='ocrx_word' id='word_1_413' title='bbox 3638 2575 3705 2641; x_wconf 63' lang='grc' dir='ltr'>δίς</span> 
     </span>
    </p>
   </div>
   <div class='ocr_carea' id='block_1_57' title="bbox 2138 2668 3705 2738">
    <p class='ocr_par' dir='ltr' id='par_1_57' title="bbox 2138 2668 3705 2738">
     <span class='ocr_line' id='line_1_57' title="bbox 2138 2668 3705 2738; baseline -0.003 -14"><span class='ocrx_word' id='word_1_414' title='bbox 2138 2680 2194 2724; x_wconf 90' lang='lat' dir='ltr'><strong>et</strong></span> <span class='ocrx_word' id='word_1_415' title='bbox 2213 2668 2468 2738; x_wconf 88' lang='lat' dir='ltr'><strong>quoniam</strong></span> <span class='ocrx_word' id='word_1_416' title='bbox 2493 2668 2548 2722; x_wconf 90' lang='lat' dir='ltr'><strong>in</strong></span> <span class='ocrx_word' id='word_1_417' title='bbox 2574 2683 2736 2723; x_wconf 87' lang='lat' dir='ltr'><strong>sacco</strong></span> <span class='ocrx_word' id='word_1_418' title='bbox 2777 2678 2832 2723; x_wconf 90' lang='lat' dir='ltr'><strong>et</strong></span> <span class='ocrx_word' id='word_1_419' title='bbox 2858 2668 3040 2724; x_wconf 88' lang='lat' dir='ltr'><strong>cinere</strong></span> <span class='ocrx_word' id='word_1_420' title='bbox 3061 2668 3440 2736; x_wconf 66' lang='lat' dir='ltr'><strong>paenitentiam</strong></span> <span class='ocrx_word' id='word_1_421' title='bbox 3460 2675 3705 2738; x_wconf 89' lang='lat' dir='ltr'><strong>egerunt,</strong></span> 
     </span>
    </p>
   </div>
   <div class='ocr_carea' id='block_1_58' title="bbox 2139 2758 3704 2829">
    <p class='ocr_par' dir='ltr' id='par_1_58' title="bbox 2139 2758 3704 2829">
     <span class='ocr_line' id='line_1_58' title="bbox 2139 2758 3704 2829; baseline -0.003 -15"><span class='ocrx_word' id='word_1_422' title='bbox 2139 2761 2270 2815; x_wconf 91' lang='lat' dir='ltr'><strong>nihil</strong></span> <span class='ocrx_word' id='word_1_423' title='bbox 2312 2761 2456 2829; x_wconf 86' lang='lat' dir='ltr'><strong>passi</strong></span> <span class='ocrx_word' id='word_1_424' title='bbox 2489 2768 2616 2814; x_wconf 85' lang='lat' dir='ltr'><strong>sunt</strong></span> <span class='ocrx_word' id='word_1_425' title='bbox 2649 2774 2836 2814; x_wconf 88' lang='lat' dir='ltr'><strong>eorum</strong></span> <span class='ocrx_word' id='word_1_426' title='bbox 2868 2774 2987 2828; x_wconf 75' lang='lat' dir='ltr'><strong>qua:</strong></span> <span class='ocrx_word' id='word_1_427' title='bbox 3016 2758 3363 2814; x_wconf 86' lang='lat' dir='ltr'><strong>audiverant.</strong></span> <span class='ocrx_word' id='word_1_428' title='bbox 3407 2759 3704 2814; x_wconf 73' lang='lat' dir='ltr'><strong>Praescive-</strong></span> 
     </span>
    </p>
   </div>
   <div class='ocr_carea' id='block_1_59' title="bbox 2141 2851 3710 2922">
    <p class='ocr_par' dir='ltr' id='par_1_59' title="bbox 2141 2851 3710 2922">
     <span class='ocr_line' id='line_1_59' title="bbox 2141 2851 3710 2922; baseline 0 -14"><span class='ocrx_word' id='word_1_429' title='bbox 2141 2863 2224 2908; x_wconf 90' lang='lat' dir='ltr'><strong>rat</strong></span> <span class='ocrx_word' id='word_1_430' title='bbox 2250 2867 2442 2922; x_wconf 89' lang='lat' dir='ltr'><strong>nempe</strong></span> <span class='ocrx_word' id='word_1_431' title='bbox 2465 2853 2625 2920; x_wconf 90' lang='lat' dir='ltr'><strong>Deus,</strong></span> <span class='ocrx_word' id='word_1_432' title='bbox 2656 2869 2778 2908; x_wconf 89' lang='lat' dir='ltr'><strong>cum</strong></span> <span class='ocrx_word' id='word_1_433' title='bbox 2804 2851 2996 2907; x_wconf 85' lang='lat' dir='ltr'><strong>Jonam</strong></span> <span class='ocrx_word' id='word_1_434' title='bbox 3029 2853 3299 2918; x_wconf 85' lang='lat' dir='ltr'><strong>mittebat,</strong></span> <span class='ocrx_word' id='word_1_435' title='bbox 3325 2852 3566 2908; x_wconf 79' lang='lat' dir='ltr'><strong>facturos</strong></span> <span class='ocrx_word' id='word_1_436' title='bbox 3599 2866 3710 2921; x_wconf 78' lang='lat' dir='ltr'><strong>pm-</strong></span> 
     </span>
    </p>
   </div>
   <div class='ocr_carea' id='block_1_60' title="bbox 2141 2941 3705 3014">
    <p class='ocr_par' dir='ltr' id='par_1_60' title="bbox 2141 2941 3705 3014">
     <span class='ocr_line' id='line_1_60' title="bbox 2141 2941 3705 3014; baseline 0.001 -16"><span class='ocrx_word' id='word_1_437' title='bbox 2141 2944 2422 2999; x_wconf 87' lang='lat' dir='ltr'><strong>nitentiam</strong></span> <span class='ocrx_word' id='word_1_438' title='bbox 2467 2942 2736 3014; x_wconf 89' lang='lat' dir='ltr'><strong>siquidem</strong></span> <span class='ocrx_word' id='word_1_439' title='bbox 2800 2941 2993 2999; x_wconf 85' lang='lat' dir='ltr'><strong>Jonam</strong></span> <span class='ocrx_word' id='word_1_440' title='bbox 3051 2942 3117 3000; x_wconf 91' lang='lat' dir='ltr'><strong>iis</strong></span> <span class='ocrx_word' id='word_1_441' title='bbox 3188 2944 3333 2998; x_wconf 91' lang='lat' dir='ltr'><strong>misit</strong></span> <span class='ocrx_word' id='word_1_442' title='bbox 3369 2944 3420 2998; x_wconf 92' lang='lat' dir='ltr'><strong>in</strong></span> <span class='ocrx_word' id='word_1_443' title='bbox 3457 2943 3705 3000; x_wconf 90' lang='lat' dir='ltr'><strong>salutem.</strong></span> 
     </span>
    </p>
   </div>
   <div class='ocr_carea' id='block_1_61' title="bbox 2141 3035 3708 3108">
    <p class='ocr_par' dir='ltr' id='par_1_61' title="bbox 2141 3035 3708 3108">
     <span class='ocr_line' id='line_1_61' title="bbox 2141 3035 3708 3108; baseline 0.002 -17"><span class='ocrx_word' id='word_1_444' title='bbox 2141 3037 2305 3093; x_wconf 78' lang='lat' dir='ltr'><strong>Forte</strong></span> <span class='ocrx_word' id='word_1_445' title='bbox 2332 3051 2465 3091; x_wconf 91' lang='lat' dir='ltr'><strong>vero</strong></span> <span class='ocrx_word' id='word_1_446' title='bbox 2494 3035 2661 3090; x_wconf 87' lang='lat' dir='ltr'><strong>etiam</strong></span> <span class='ocrx_word' id='word_1_447' title='bbox 2699 3036 2791 3090; x_wconf 87' lang='lat' dir='ltr'><strong>hic</strong></span> <span class='ocrx_word' id='word_1_448' title='bbox 2823 3037 2888 3089; x_wconf 87' lang='lat' dir='ltr'><strong>ad</strong></span> <span class='ocrx_word' id='word_1_449' title='bbox 2923 3035 3150 3090; x_wconf 88' lang='lat' dir='ltr'><strong>salutem</strong></span> <span class='ocrx_word' id='word_1_450' title='bbox 3180 3035 3432 3106; x_wconf 90' lang='lat' dir='ltr'><strong>loquetur</strong></span> <span class='ocrx_word' id='word_1_451' title='bbox 3459 3038 3527 3092; x_wconf 85' lang='lat' dir='ltr'><strong>ad</strong></span> <span class='ocrx_word' id='word_1_452' title='bbox 3563 3039 3708 3108; x_wconf 81' lang='lat' dir='ltr'><strong>ipsos</strong></span> 
     </span>
    </p>
   </div>
   <div class='ocr_carea' id='block_1_62' title="bbox 463 3125 2038 3207">
    <p class='ocr_par' dir='ltr' id='par_1_62' title="bbox 463 3125 2034 3207">
     <span class='ocr_line' id='line_1_62' title="bbox 463 3125 2034 3207; baseline 0.011 -32"><span class='ocrx_word' id='word_1_453' title='bbox 463 3125 601 3196; x_wconf 87' lang='grc' dir='ltr'>πρὸς</span> <span class='ocrx_word' id='word_1_454' title='bbox 633 3127 828 3192; x_wconf 83' lang='grc' dir='ltr'>αὐτοὺς</span> <span class='ocrx_word' id='word_1_455' title='bbox 857 3131 983 3194; x_wconf 82' lang='grc' dir='ltr'>τοὺς</span> <span class='ocrx_word' id='word_1_456' title='bbox 1011 3131 1441 3202; x_wconf 81' lang='grc' dir='ltr'>ἁμαρτάνοντας,</span> <span class='ocrx_word' id='word_1_457' title='bbox 1482 3136 1540 3187; x_wconf 88' lang='grc' dir='ltr'><strong>ἐν</strong></span> <span class='ocrx_word' id='word_1_458' title='bbox 1577 3134 1713 3207; x_wconf 81' lang='grc' dir='ltr'>ὀργῇ</span> <span class='ocrx_word' id='word_1_459' title='bbox 1746 3137 1930 3192; x_wconf 77' lang='grc' dir='ltr'>αὐτοῦ.</span> <span class='ocrx_word' id='word_1_460' title='bbox 1959 3138 2034 3191; x_wconf 87' lang='grc' dir='ltr'>Ού</span> 
     </span>
    </p>
   </div>
   <div class='ocr_carea' id='block_1_63' title="bbox 2140 3125 3708 3207">
    <p class='ocr_par' dir='ltr' id='par_1_63' title="bbox 2141 3126 3708 3197">
     <span class='ocr_line' id='line_1_63' title="bbox 2141 3126 3708 3197; baseline 0.002 -14"><span class='ocrx_word' id='word_1_461' title='bbox 2141 3138 2459 3197; x_wconf 87' lang='lat' dir='ltr'><strong>peccatores</strong></span> <span class='ocrx_word' id='word_1_462' title='bbox 2487 3127 2538 3181; x_wconf 91' lang='lat' dir='ltr'><strong>in</strong></span> <span class='ocrx_word' id='word_1_463' title='bbox 2583 3128 2662 3180; x_wconf 89' lang='lat' dir='ltr'><strong>ira</strong></span> <span class='ocrx_word' id='word_1_464' title='bbox 2702 3143 2820 3181; x_wconf 88' lang='lat' dir='ltr'><strong>sua.</strong></span> <span class='ocrx_word' id='word_1_465' title='bbox 2845 3126 2961 3181; x_wconf 83' lang='lat' dir='ltr'><strong>Non</strong></span> <span class='ocrx_word' id='word_1_466' title='bbox 2999 3127 3144 3182; x_wconf 89' lang='lat' dir='ltr'><strong>enim</strong></span> <span class='ocrx_word' id='word_1_467' title='bbox 3178 3127 3352 3182; x_wconf 83' lang='lat' dir='ltr'><strong>dixit:</strong></span> <span class='ocrx_word' id='word_1_468' title='bbox 3385 3127 3578 3185; x_wconf 89' lang='lat' dir='ltr'><strong>Puniet</strong></span> <span class='ocrx_word' id='word_1_469' title='bbox 3612 3145 3708 3186; x_wconf 80' lang='lat' dir='ltr'><strong>eos</strong></span> 
     </span>
    </p>
   </div>
   <div class='ocr_carea' id='block_1_64' title="bbox 462 3215 2039 3303">
    <p class='ocr_par' dir='ltr' id='par_1_64' title="bbox 462 3215 2039 3303">
     <span class='ocr_line' id='line_1_64' title="bbox 462 3215 2039 3303; baseline 0.01 -34"><span class='ocrx_word' id='word_1_470' title='bbox 462 3217 571 3290; x_wconf 90' lang='grc' dir='ltr'><strong>γάρ</strong></span> <span class='ocrx_word' id='word_1_471' title='bbox 617 3215 737 3272; x_wconf 80' lang='grc' dir='ltr'>εἶπε</span> <span class='ocrx_word' id='word_1_472' title='bbox 760 3239 774 3252; x_wconf 92' lang='grc'><strong>·</strong></span> <span class='ocrx_word' id='word_1_473' title='bbox 817 3222 1052 3276; x_wconf 88' lang='grc' dir='ltr'>Κολάσει</span> <span class='ocrx_word' id='word_1_474' title='bbox 1087 3225 1282 3287; x_wconf 81' lang='grc' dir='ltr'>αὐτοὺς</span> <span class='ocrx_word' id='word_1_475' title='bbox 1321 3225 1379 3276; x_wconf 92' lang='grc' dir='ltr'><strong>ἐν</strong></span> <span class='ocrx_word' id='word_1_476' title='bbox 1409 3224 1546 3296; x_wconf 81' lang='grc' dir='ltr'>ὀργῇ</span> <span class='ocrx_word' id='word_1_477' title='bbox 1586 3227 1752 3281; x_wconf 80' lang='grc' dir='ltr'>αὑτοῦ</span> <span class='ocrx_word' id='word_1_478' title='bbox 1800 3230 1894 3283; x_wconf 75' lang='grc' dir='ltr'>καὶ</span> <span class='ocrx_word' id='word_1_479' title='bbox 1932 3232 2039 3303; x_wconf 79' lang='grc' dir='ltr'>μὴν</span> 
     </span>
    </p>
   </div>
   <div class='ocr_carea' id='block_1_65' title="bbox 467 3313 923 3386">
    <p class='ocr_par' dir='ltr' id='par_1_65' title="bbox 467 3313 923 3386">
     <span class='ocr_line' id='line_1_65' title="bbox 467 3313 923 3386; baseline 0.015 -23"><span class='ocrx_word' id='word_1_480' title='bbox 467 3313 923 3386; x_wconf 77' lang='grc' dir='ltr'>μετανοήσαντας.</span> 
     </span>
    </p>
   </div>
   <div class='ocr_carea' id='block_1_66' title="bbox 539 3404 2038 3484">
    <p class='ocr_par' dir='ltr' id='par_1_66' title="bbox 539 3404 2038 3484">
     <span class='ocr_line' id='line_1_66' title="bbox 539 3404 2038 3484; baseline 0.006 -26"><span class='ocrx_word' id='word_1_481' title='bbox 539 3404 650 3459; x_wconf 88' lang='grc' dir='ltr'><strong>Τοῦ</strong></span> <span class='ocrx_word' id='word_1_482' title='bbox 701 3406 909 3460; x_wconf 84' lang='grc' dir='ltr'>αὐτοῦ.</span> <span class='ocrx_word' id='word_1_483' title='bbox 951 3406 1205 3477; x_wconf 79' lang='grc' dir='ltr'>Διαφέρει</span> <span class='ocrx_word' id='word_1_484' title='bbox 1247 3406 1307 3460; x_wconf 85' lang='grc' dir='ltr'>δὲ</span> <span class='ocrx_word' id='word_1_485' title='bbox 1346 3406 1517 3479; x_wconf 86' lang='grc' dir='ltr'>θυμὸς</span> <span class='ocrx_word' id='word_1_486' title='bbox 1563 3408 1736 3480; x_wconf 80' lang='grc' dir='ltr'>ὀργῆς</span> <span class='ocrx_word' id='word_1_487' title='bbox 1768 3411 1877 3484; x_wconf 72' lang='grc'><strong>(74)</strong></span> <span class='ocrx_word' id='word_1_488' title='bbox 1909 3452 1925 3480; x_wconf 89' lang='grc'><strong>,</strong></span> <span class='ocrx_word' id='word_1_489' title='bbox 1963 3413 2038 3478; x_wconf 85' lang='grc' dir='ltr'>ὥς</span> 
     </span>
    </p>
   </div>
   <div class='ocr_carea' id='block_1_67' title="bbox 463 3495 2039 3574">
    <p class='ocr_par' dir='ltr' id='par_1_67' title="bbox 463 3495 2039 3574">
     <span class='ocr_line' id='line_1_67' title="bbox 463 3495 2039 3574; baseline 0.007 -28"><span class='ocrx_word' id='word_1_490' title='bbox 463 3511 594 3564; x_wconf 82' lang='grc' dir='ltr'>φασι</span> <span class='ocrx_word' id='word_1_491' title='bbox 632 3495 727 3549; x_wconf 76' lang='grc' dir='ltr'>καὶ</span> <span class='ocrx_word' id='word_1_492' title='bbox 759 3497 808 3549; x_wconf 86' lang='grc' dir='ltr'><strong>οί</strong></span> <span class='ocrx_word' id='word_1_493' title='bbox 841 3496 968 3567; x_wconf 81' lang='grc' dir='ltr'>περὶ</span> <span class='ocrx_word' id='word_1_494' title='bbox 1001 3495 1070 3550; x_wconf 90' lang='grc' dir='ltr'><strong>τά</strong></span> <span class='ocrx_word' id='word_1_495' title='bbox 1107 3496 1343 3566; x_wconf 88' lang='grc' dir='ltr'>ὀνόματα</span> <span class='ocrx_word' id='word_1_496' title='bbox 1391 3497 1573 3562; x_wconf 80' lang='grc' dir='ltr'>δεινοὶ,</span> <span class='ocrx_word' id='word_1_497' title='bbox 1620 3499 1698 3571; x_wconf 82' lang='grc' dir='ltr'>τῷ</span> <span class='ocrx_word' id='word_1_498' title='bbox 1730 3499 1900 3572; x_wconf 89' lang='grc' dir='ltr'>θυμὸν</span> <span class='ocrx_word' id='word_1_499' title='bbox 1940 3504 2039 3574; x_wconf 87' lang='grc' dir='ltr'><strong>μὲν</strong></span> 
     </span>
    </p>
   </div>
   <div class='ocr_carea' id='block_1_68' title="bbox 461 3580 2036 3665">
    <p class='ocr_par' dir='ltr' id='par_1_68' title="bbox 461 3580 2036 3665">
     <span class='ocr_line' id='line_1_68' title="bbox 461 3580 2036 3665; baseline 0.006 -27"><span class='ocrx_word' id='word_1_500' title='bbox 461 3580 602 3640; x_wconf 70' lang='grc' dir='ltr'>εἶναι</span> <span class='ocrx_word' id='word_1_501' title='bbox 647 3584 816 3657; x_wconf 84' lang='grc' dir='ltr'>ὀργὴν</span> <span class='ocrx_word' id='word_1_502' title='bbox 863 3586 1321 3660; x_wconf 86' lang='grc' dir='ltr'>ἀναθυμιωμένην</span> <span class='ocrx_word' id='word_1_503' title='bbox 1371 3589 1466 3642; x_wconf 79' lang='grc' dir='ltr'><strong>καὶ</strong></span> <span class='ocrx_word' id='word_1_504' title='bbox 1517 3589 1597 3643; x_wconf 82' lang='grc' dir='ltr'><strong>ἐτι</strong></span> <span class='ocrx_word' id='word_1_505' title='bbox 1638 3591 2000 3665; x_wconf 85' lang='grc' dir='ltr'>ἐκκαιομένην</span> <span class='ocrx_word' id='word_1_506' title='bbox 2021 3635 2036 3659; x_wconf 97' lang='grc'><strong>,</strong></span> 
     </span>
    </p>
   </div>
   <div class='ocr_carea' id='block_1_69' title="bbox 461 3675 2041 3750">
    <p class='ocr_par' dir='ltr' id='par_1_69' title="bbox 461 3675 2041 3750">
     <span class='ocr_line' id='line_1_69' title="bbox 461 3675 2041 3750; baseline 0.006 -22"><span class='ocrx_word' id='word_1_507' title='bbox 461 3677 631 3749; x_wconf 84' lang='grc' dir='ltr'>ὀργὴν</span> <span class='ocrx_word' id='word_1_508' title='bbox 665 3676 721 3729; x_wconf 90' lang='grc' dir='ltr'>δὲ</span> <span class='ocrx_word' id='word_1_509' title='bbox 749 3675 928 3748; x_wconf 76' lang='grc' dir='ltr'>ὄρεξιν</span> <span class='ocrx_word' id='word_1_510' title='bbox 955 3677 1450 3750; x_wconf 82' lang='grc' dir='ltr'>ἀντιτιμωρήσεως.</span> <span class='ocrx_word' id='word_1_511' title='bbox 1507 3680 1681 3734; x_wconf 78' lang='grc' dir='ltr'>Οίονεὶ</span> <span class='ocrx_word' id='word_1_512' title='bbox 1727 3676 1819 3735; x_wconf 83' lang='grc' dir='ltr'>οὖν</span> <span class='ocrx_word' id='word_1_513' title='bbox 1856 3683 2041 3736; x_wconf 87' lang='grc' dir='ltr'>ἀτελέ-</span> 
     </span>
    </p>
   </div>
   <div class='ocr_carea' id='block_1_70' title="bbox 464 3766 2039 3844">
    <p class='ocr_par' dir='ltr' id='par_1_70' title="bbox 464 3766 2039 3844">
     <span class='ocr_line' id='line_1_70' title="bbox 464 3766 2039 3844; baseline 0.006 -27"><span class='ocrx_word' id='word_1_514' title='bbox 464 3781 654 3836; x_wconf 85' lang='grc' dir='ltr'>στερος</span> <span class='ocrx_word' id='word_1_515' title='bbox 704 3766 803 3837; x_wconf 86' lang='grc' dir='ltr'><strong>τῆς</strong></span> <span class='ocrx_word' id='word_1_516' title='bbox 845 3766 1018 3838; x_wconf 85' lang='grc' dir='ltr'>ὀργῆς</span> <span class='ocrx_word' id='word_1_517' title='bbox 1047 3768 1192 3822; x_wconf 82' lang='grc' dir='ltr'>ἐστιν</span> <span class='ocrx_word' id='word_1_518' title='bbox 1227 3769 1255 3821; x_wconf 92' lang='lat'><strong>6</strong></span> <span class='ocrx_word' id='word_1_519' title='bbox 1298 3768 1489 3840; x_wconf 87' lang='grc' dir='ltr'>θυμὸς,</span> <span class='ocrx_word' id='word_1_520' title='bbox 1530 3771 1624 3823; x_wconf 79' lang='grc' dir='ltr'><strong>καὶ</strong></span> <span class='ocrx_word' id='word_1_521' title='bbox 1664 3771 1764 3843; x_wconf 66' lang='grc' dir='ltr'><strong>ιἤδη</strong></span> <span class='ocrx_word' id='word_1_522' title='bbox 1806 3773 1944 3844; x_wconf 89' lang='grc' dir='ltr'>πρὸς</span> <span class='ocrx_word' id='word_1_523' title='bbox 1976 3775 2039 3828; x_wconf 86' lang='grc' dir='ltr'>τὸ</span> 
     </span>
    </p>
   </div>
   <div class='ocr_carea' id='block_1_71' title="bbox 463 3855 2036 3935">
    <p class='ocr_par' dir='ltr' id='par_1_71' title="bbox 463 3855 2036 3935">
     <span class='ocr_line' id='line_1_71' title="bbox 463 3855 2036 3935; baseline 0.007 -27"><span class='ocrx_word' id='word_1_524' title='bbox 463 3855 810 3928; x_wconf 83' lang='grc' dir='ltr'>ἀποτέλεσμά</span> <span class='ocrx_word' id='word_1_525' title='bbox 835 3875 888 3910; x_wconf 91' lang='grc' dir='ltr'>τι</span> <span class='ocrx_word' id='word_1_526' title='bbox 927 3859 1076 3914; x_wconf 79' lang='grc' dir='ltr'>ἐστὶν</span> <span class='ocrx_word' id='word_1_527' title='bbox 1099 3861 1132 3930; x_wconf 85' lang='grc' dir='ltr'>ἡ</span> <span class='ocrx_word' id='word_1_528' title='bbox 1155 3861 1313 3933; x_wconf 84' lang='grc' dir='ltr'>ὀργή.</span> <span class='ocrx_word' id='word_1_529' title='bbox 1358 3860 1674 3916; x_wconf 80' lang='grc' dir='ltr'>Ἀκουστέον</span> <span class='ocrx_word' id='word_1_530' title='bbox 1701 3861 1758 3914; x_wconf 84' lang='grc' dir='ltr'>δὲ</span> <span class='ocrx_word' id='word_1_531' title='bbox 1802 3864 1900 3935; x_wconf 87' lang='grc' dir='ltr'>τῆς</span> <span class='ocrx_word' id='word_1_532' title='bbox 1940 3865 2036 3919; x_wconf 84' lang='grc' dir='ltr'>ἀν·-</span> 
     </span>
    </p>
   </div>
   <div class='ocr_carea' id='block_1_72' title="bbox 461 3952 2038 4029">
    <p class='ocr_par' dir='ltr' id='par_1_72' title="bbox 461 3952 2038 4029">
     <span class='ocr_line' id='line_1_72' title="bbox 461 3952 2038 4029; baseline 0.007 -28"><span class='ocrx_word' id='word_1_533' title='bbox 461 3952 875 4023; x_wconf 82' lang='grc' dir='ltr'>τιτιμωρήσεως</span> <span class='ocrx_word' id='word_1_534' title='bbox 905 3952 1000 4008; x_wconf 83' lang='grc' dir='ltr'>νῦν</span> <span class='ocrx_word' id='word_1_535' title='bbox 1019 3954 1095 4017; x_wconf 87' lang='grc' dir='ltr'>ὡς</span> <span class='ocrx_word' id='word_1_536' title='bbox 1114 3955 1250 4026; x_wconf 89' lang='grc' dir='ltr'>πρὸς</span> <span class='ocrx_word' id='word_1_537' title='bbox 1270 3954 1367 4027; x_wconf 84' lang='grc' dir='ltr'><strong>τὴν</strong></span> <span class='ocrx_word' id='word_1_538' title='bbox 1394 3955 1670 4028; x_wconf 83' lang='grc' dir='ltr'>ἡμετέραν</span> <span class='ocrx_word' id='word_1_539' title='bbox 1702 3957 1898 4029; x_wconf 84' lang='grc' dir='ltr'>χρῆσιν</span> <span class='ocrx_word' id='word_1_540' title='bbox 1917 3959 2038 4012; x_wconf 81' lang='grc' dir='ltr'>ἀντὶ</span> 
     </span>
    </p>
   </div>
   <div class='ocr_carea' id='block_1_73' title="bbox 461 4043 2035 4122">
    <p class='ocr_par' dir='ltr' id='par_1_73' title="bbox 461 4043 2035 4122">
     <span class='ocr_line' id='line_1_73' title="bbox 461 4043 2035 4122; baseline 0.004 -25"><span class='ocrx_word' id='word_1_541' title='bbox 461 4043 560 4113; x_wconf 84' lang='grc' dir='ltr'>τῆς</span> <span class='ocrx_word' id='word_1_542' title='bbox 593 4045 867 4110; x_wconf 84' lang='grc' dir='ltr'>κολάσεως</span> <span class='ocrx_word' id='word_1_543' title='bbox 907 4047 1006 4117; x_wconf 84' lang='grc' dir='ltr'><strong>τῆς</strong></span> <span class='ocrx_word' id='word_1_544' title='bbox 1045 4048 1137 4100; x_wconf 80' lang='grc' dir='ltr'><strong>ἐπὶ</strong></span> <span class='ocrx_word' id='word_1_545' title='bbox 1179 4049 1294 4111; x_wconf 86' lang='grc' dir='ltr'>τοῖς</span> <span class='ocrx_word' id='word_1_546' title='bbox 1330 4049 1756 4122; x_wconf 76' lang='grc' dir='ltr'>ἡμαρτημένοις,</span> <span class='ocrx_word' id='word_1_547' title='bbox 1793 4049 1888 4102; x_wconf 76' lang='grc' dir='ltr'><strong>καὶ</strong></span> <span class='ocrx_word' id='word_1_548' title='bbox 1936 4051 2035 4122; x_wconf 82' lang='grc' dir='ltr'>τῆς</span> 
     </span>
    </p>
   </div>
   <div class='ocr_carea' id='block_1_74' title="bbox 461 4137 2036 4214">
    <p class='ocr_par' dir='ltr' id='par_1_74' title="bbox 461 4137 2036 4214">
     <span class='ocr_line' id='line_1_74' title="bbox 461 4137 2036 4214; baseline 0.004 -24"><span class='ocrx_word' id='word_1_549' title='bbox 461 4137 691 4210; x_wconf 76' lang='grc' dir='ltr'>ὀρέξεως</span> <span class='ocrx_word' id='word_1_550' title='bbox 721 4139 839 4192; x_wconf 77' lang='grc' dir='ltr'>ἀντὶ</span> <span class='ocrx_word' id='word_1_551' title='bbox 871 4140 970 4210; x_wconf 86' lang='grc' dir='ltr'>τῆς</span> <span class='ocrx_word' id='word_1_552' title='bbox 999 4139 1287 4212; x_wconf 87' lang='grc' dir='ltr'>θελήσεως.</span> <span class='ocrx_word' id='word_1_553' title='bbox 1325 4142 1446 4195; x_wconf 74' lang='grc' dir='ltr'>Ὀτι</span> <span class='ocrx_word' id='word_1_554' title='bbox 1475 4142 1723 4214; x_wconf 89' lang='grc' dir='ltr'>μέντοιγε</span> <span class='ocrx_word' id='word_1_555' title='bbox 1763 4143 1859 4196; x_wconf 76' lang='grc' dir='ltr'>καὶ</span> <span class='ocrx_word' id='word_1_556' title='bbox 1894 4143 2036 4196; x_wconf 88' lang='grc' dir='ltr'><strong>κατά</strong></span> 
     </span>
    </p>
   </div>
   <div class='ocr_carea' id='block_1_75' title="bbox 462 4231 2033 4308">
    <p class='ocr_par' dir='ltr' id='par_1_75' title="bbox 462 4231 2033 4308">
     <span class='ocr_line' id='line_1_75' title="bbox 462 4231 2033 4308; baseline 0.004 -24"><span class='ocrx_word' id='word_1_557' title='bbox 462 4231 560 4303; x_wconf 85' lang='grc' dir='ltr'>τὴν</span> <span class='ocrx_word' id='word_1_558' title='bbox 583 4231 732 4285; x_wconf 81' lang='grc' dir='ltr'>Θείαν</span> <span class='ocrx_word' id='word_1_559' title='bbox 759 4231 980 4303; x_wconf 85' lang='grc' dir='ltr'>Γραφὴν</span> <span class='ocrx_word' id='word_1_560' title='bbox 1006 4231 1225 4286; x_wconf 73' lang='grc' dir='ltr'>ἔλαττόν</span> <span class='ocrx_word' id='word_1_561' title='bbox 1249 4235 1301 4287; x_wconf 91' lang='grc' dir='ltr'>τί</span> <span class='ocrx_word' id='word_1_562' title='bbox 1317 4234 1463 4286; x_wconf 84' lang='grc' dir='ltr'>ἐστιν</span> <span class='ocrx_word' id='word_1_563' title='bbox 1484 4234 1513 4286; x_wconf 89' lang='lat'><strong>6</strong></span> <span class='ocrx_word' id='word_1_564' title='bbox 1536 4233 1706 4305; x_wconf 89' lang='grc' dir='ltr'>θυμὸς</span> <span class='ocrx_word' id='word_1_565' title='bbox 1725 4235 1824 4306; x_wconf 84' lang='grc' dir='ltr'><strong>τῆς</strong></span> <span class='ocrx_word' id='word_1_566' title='bbox 1844 4235 2033 4308; x_wconf 78' lang='grc' dir='ltr'>ὀργῆς,</span> 
     </span>
    </p>
   </div>
   <div class='ocr_carea' id='block_1_76' title="bbox 461 4323 2034 4400">
    <p class='ocr_par' dir='ltr' id='par_1_76' title="bbox 461 4323 2034 4400">
     <span class='ocr_line' id='line_1_76' title="bbox 461 4323 2034 4400; baseline 0.004 -22"><span class='ocrx_word' id='word_1_567' title='bbox 461 4324 618 4396; x_wconf 79' lang='grc' dir='ltr'>δῆλον</span> <span class='ocrx_word' id='word_1_568' title='bbox 653 4327 718 4379; x_wconf 89' lang='grc' dir='ltr'><strong>ἐκ</strong></span> <span class='ocrx_word' id='word_1_569' title='bbox 751 4323 844 4378; x_wconf 84' lang='grc' dir='ltr'><strong>τοῦ</strong></span> <span class='ocrx_word' id='word_1_570' title='bbox 885 4323 1138 4394; x_wconf 86' lang='grc' dir='ltr'>λέγεσθαι</span> <span class='ocrx_word' id='word_1_571' title='bbox 1172 4324 1392 4396; x_wconf 78' lang='grc' dir='ltr'>ἔλεγχον</span> <span class='ocrx_word' id='word_1_572' title='bbox 1426 4326 1523 4398; x_wconf 86' lang='grc' dir='ltr'><strong>μὲν</strong></span> <span class='ocrx_word' id='word_1_573' title='bbox 1559 4325 1716 4400; x_wconf 85' lang='grc' dir='ltr'>θυμῷ</span> <span class='ocrx_word' id='word_1_574' title='bbox 1750 4328 2034 4398; x_wconf 89' lang='grc' dir='ltr'>γίνεσθαι,</span> 
     </span>
    </p>
   </div>
   <div class='ocr_carea' id='block_1_77' title="bbox 2139 3219 3389 3289">
    <p class='ocr_par' dir='ltr' id='par_1_77' title="bbox 2139 3219 3389 3289">
     <span class='ocr_line' id='line_1_77' title="bbox 2139 3219 3389 3289; baseline -0.002 -15"><span class='ocrx_word' id='word_1_575' title='bbox 2139 3221 2193 3274; x_wconf 91' lang='lat' dir='ltr'><strong>in</strong></span> <span class='ocrx_word' id='word_1_576' title='bbox 2231 3220 2310 3274; x_wconf 87' lang='lat' dir='ltr'><strong>ira</strong></span> <span class='ocrx_word' id='word_1_577' title='bbox 2345 3234 2463 3285; x_wconf 86' lang='lat' dir='ltr'><strong>sua,</strong></span> <span class='ocrx_word' id='word_1_578' title='bbox 2501 3219 2718 3274; x_wconf 85' lang='lat' dir='ltr'><strong>etiamsi</strong></span> <span class='ocrx_word' id='word_1_579' title='bbox 2750 3219 3126 3289; x_wconf 70' lang='lat' dir='ltr'><strong>paenitentiam</strong></span> <span class='ocrx_word' id='word_1_580' title='bbox 3158 3220 3389 3289; x_wconf 81' lang='lat' dir='ltr'><strong>egerint.</strong></span> 
     </span>
    </p>
   </div>
   <div class='ocr_carea' id='block_1_78' title="bbox 2209 3399 3704 3473">
    <p class='ocr_par' dir='ltr' id='par_1_78' title="bbox 2209 3399 3704 3473">
     <span class='ocr_line' id='line_1_78' title="bbox 2209 3399 3704 3473; baseline 0 -17"><span class='ocrx_word' id='word_1_581' title='bbox 2209 3399 2365 3473; x_wconf 59' lang='lat'><strong>551</strong></span> <span class='ocrx_word' id='word_1_582' title='bbox 2413 3400 2690 3472; x_wconf 80' lang='lat' dir='ltr'><strong>Ejusdem.</strong></span> <span class='ocrx_word' id='word_1_583' title='bbox 2742 3399 3011 3456; x_wconf 85' lang='lat' dir='ltr'><strong>Caeterum</strong></span> <span class='ocrx_word' id='word_1_584' title='bbox 3040 3399 3194 3455; x_wconf 82' lang='lat' dir='ltr'><strong>furor</strong></span> <span class='ocrx_word' id='word_1_585' title='bbox 3222 3401 3304 3471; x_wconf 86' lang='lat' dir='ltr'><strong>(ut</strong></span> <span class='ocrx_word' id='word_1_586' title='bbox 3347 3403 3500 3456; x_wconf 89' lang='lat' dir='ltr'><strong>aiunt</strong></span> <span class='ocrx_word' id='word_1_587' title='bbox 3541 3402 3704 3472; x_wconf 89' lang='lat' dir='ltr'><strong>periti</strong></span> 
     </span>
    </p>
   </div>
   <div class='ocr_carea' id='block_1_79' title="bbox 2139 3491 3707 3564">
    <p class='ocr_par' dir='ltr' id='par_1_79' title="bbox 2139 3491 3707 3564">
     <span class='ocr_line' id='line_1_79' title="bbox 2139 3491 3707 3564; baseline 0 -16"><span class='ocrx_word' id='word_1_588' title='bbox 2139 3491 2440 3564; x_wconf 89' lang='lat' dir='ltr'><strong>nominum)</strong></span> <span class='ocrx_word' id='word_1_589' title='bbox 2484 3492 2663 3549; x_wconf 74' lang='lat' dir='ltr'><strong>diﬂert</strong></span> <span class='ocrx_word' id='word_1_590' title='bbox 2704 3494 2772 3547; x_wconf 86' lang='lat' dir='ltr'><strong>ab</strong></span> <span class='ocrx_word' id='word_1_591' title='bbox 2809 3493 2914 3560; x_wconf 90' lang='lat' dir='ltr'><strong>ira,</strong></span> <span class='ocrx_word' id='word_1_592' title='bbox 2945 3495 3088 3563; x_wconf 86' lang='lat' dir='ltr'><strong>quod</strong></span> <span class='ocrx_word' id='word_1_593' title='bbox 3121 3493 3272 3547; x_wconf 83' lang='lat' dir='ltr'><strong>furor</strong></span> <span class='ocrx_word' id='word_1_594' title='bbox 3301 3494 3382 3548; x_wconf 91' lang='lat' dir='ltr'><strong>ira</strong></span> <span class='ocrx_word' id='word_1_595' title='bbox 3427 3494 3497 3548; x_wconf 87' lang='lat' dir='ltr'><strong>sit</strong></span> <span class='ocrx_word' id='word_1_596' title='bbox 3540 3493 3707 3548; x_wconf 77' lang='lat' dir='ltr'><strong>fumi-</strong></span> 
     </span>
    </p>
   </div>
   <div class='ocr_carea' id='block_1_80' title="bbox 2137 3585 3703 3655">
    <p class='ocr_par' dir='ltr' id='par_1_80' title="bbox 2137 3585 3703 3655">
     <span class='ocr_line' id='line_1_80' title="bbox 2137 3585 3703 3655; baseline 0.002 -16"><span class='ocrx_word' id='word_1_597' title='bbox 2137 3600 2273 3655; x_wconf 85' lang='lat' dir='ltr'><strong>gans</strong></span> <span class='ocrx_word' id='word_1_598' title='bbox 2294 3595 2349 3640; x_wconf 88' lang='lat' dir='ltr'><strong>et</strong></span> <span class='ocrx_word' id='word_1_599' title='bbox 2378 3586 2558 3641; x_wconf 90' lang='lat' dir='ltr'><strong>adhuc</strong></span> <span class='ocrx_word' id='word_1_600' title='bbox 2587 3601 2841 3650; x_wconf 89' lang='lat' dir='ltr'><strong>accensa,</strong></span> <span class='ocrx_word' id='word_1_601' title='bbox 2871 3586 2954 3640; x_wconf 89' lang='lat' dir='ltr'><strong>ira</strong></span> <span class='ocrx_word' id='word_1_602' title='bbox 2976 3599 3105 3640; x_wconf 83' lang='lat' dir='ltr'><strong>vero</strong></span> <span class='ocrx_word' id='word_1_603' title='bbox 3133 3585 3395 3654; x_wconf 88' lang='lat' dir='ltr'><strong>appetitio</strong></span> <span class='ocrx_word' id='word_1_604' title='bbox 3431 3586 3703 3642; x_wconf 70' lang='lat' dir='ltr'><strong>vindictae.</strong></span> 
     </span>
    </p>
   </div>
   <div class='ocr_carea' id='block_1_81' title="bbox 2137 3672 3706 3745">
    <p class='ocr_par' dir='ltr' id='par_1_81' title="bbox 2137 3672 3706 3745">
     <span class='ocr_line' id='line_1_81' title="bbox 2137 3672 3706 3745; baseline -0.001 -15"><span class='ocrx_word' id='word_1_605' title='bbox 2137 3675 2281 3744; x_wconf 84' lang='lat' dir='ltr'><strong>Ergo</strong></span> <span class='ocrx_word' id='word_1_606' title='bbox 2319 3674 2489 3731; x_wconf 87' lang='lat' dir='ltr'><strong>veluti</strong></span> <span class='ocrx_word' id='word_1_607' title='bbox 2531 3675 2902 3745; x_wconf 82' lang='lat' dir='ltr'><strong>imperfectior</strong></span> <span class='ocrx_word' id='word_1_608' title='bbox 2934 3673 3015 3730; x_wconf 89' lang='lat' dir='ltr'><strong>ira</strong></span> <span class='ocrx_word' id='word_1_609' title='bbox 3041 3684 3126 3729; x_wconf 89' lang='lat' dir='ltr'><strong>est</strong></span> <span class='ocrx_word' id='word_1_610' title='bbox 3154 3672 3343 3740; x_wconf 81' lang='lat' dir='ltr'><strong>furor,</strong></span> <span class='ocrx_word' id='word_1_611' title='bbox 3377 3673 3491 3742; x_wconf 87' lang='lat' dir='ltr'><strong>jam</strong></span> <span class='ocrx_word' id='word_1_612' title='bbox 3523 3687 3706 3729; x_wconf 88' lang='lat' dir='ltr'><strong>autem</strong></span> 
     </span>
    </p>
   </div>
   <div class='ocr_carea' id='block_1_82' title="bbox 2139 3763 3706 3837">
    <p class='ocr_par' dir='ltr' id='par_1_82' title="bbox 2139 3763 3706 3837">
     <span class='ocr_line' id='line_1_82' title="bbox 2139 3763 3706 3837; baseline -0.001 -16"><span class='ocrx_word' id='word_1_613' title='bbox 2139 3767 2191 3821; x_wconf 91' lang='lat' dir='ltr'><strong>in</strong></span> <span class='ocrx_word' id='word_1_614' title='bbox 2215 3766 2545 3837; x_wconf 79' lang='lat' dir='ltr'><strong>perfectione</strong></span> <span class='ocrx_word' id='word_1_615' title='bbox 2575 3767 2806 3836; x_wconf 82' lang='lat' dir='ltr'><strong>quadam</strong></span> <span class='ocrx_word' id='word_1_616' title='bbox 2834 3773 2922 3820; x_wconf 91' lang='lat' dir='ltr'><strong>est</strong></span> <span class='ocrx_word' id='word_1_617' title='bbox 2957 3765 3066 3820; x_wconf 90' lang='lat' dir='ltr'><strong>ira.</strong></span> <span class='ocrx_word' id='word_1_618' title='bbox 3113 3763 3270 3820; x_wconf 90' lang='lat' dir='ltr'><strong>Nunc</strong></span> <span class='ocrx_word' id='word_1_619' title='bbox 3308 3766 3548 3822; x_wconf 90' lang='lat' dir='ltr'><strong>vindicta</strong></span> <span class='ocrx_word' id='word_1_620' title='bbox 3585 3777 3706 3820; x_wconf 89' lang='lat' dir='ltr'><strong>tan-</strong></span> 
     </span>
    </p>
   </div>
   <div class='ocr_carea' id='block_1_83' title="bbox 2137 3859 3708 3930">
    <p class='ocr_par' dir='ltr' id='par_1_83' title="bbox 2137 3859 3708 3930">
     <span class='ocr_line' id='line_1_83' title="bbox 2137 3859 3708 3930; baseline 0.002 -16"><span class='ocrx_word' id='word_1_621' title='bbox 2137 3875 2301 3928; x_wconf 89' lang='lat' dir='ltr'><strong>quam</strong></span> <span class='ocrx_word' id='word_1_622' title='bbox 2339 3859 2391 3914; x_wconf 91' lang='lat' dir='ltr'><strong>in</strong></span> <span class='ocrx_word' id='word_1_623' title='bbox 2420 3859 2709 3914; x_wconf 81' lang='lat' dir='ltr'><strong>utilitatem</strong></span> <span class='ocrx_word' id='word_1_624' title='bbox 2766 3867 3012 3912; x_wconf 89' lang='lat' dir='ltr'><strong>nostram</strong></span> <span class='ocrx_word' id='word_1_625' title='bbox 3061 3874 3164 3928; x_wconf 91' lang='lat' dir='ltr'><strong>pro</strong></span> <span class='ocrx_word' id='word_1_626' title='bbox 3197 3860 3461 3930; x_wconf 88' lang='lat' dir='ltr'><strong>supplicio</strong></span> <span class='ocrx_word' id='word_1_627' title='bbox 3495 3860 3708 3917; x_wconf 87' lang='lat' dir='ltr'><strong>delictis</strong></span> 
     </span>
    </p>
   </div>
   <div class='ocr_carea' id='block_1_84' title="bbox 2137 3949 3706 4022">
    <p class='ocr_par' dir='ltr' id='par_1_84' title="bbox 2137 3949 3706 4022">
     <span class='ocr_line' id='line_1_84' title="bbox 2137 3949 3706 4022; baseline 0.002 -15"><span class='ocrx_word' id='word_1_628' title='bbox 2137 3953 2341 4018; x_wconf 86' lang='lat' dir='ltr'><strong>debito,</strong></span> <span class='ocrx_word' id='word_1_629' title='bbox 2394 3961 2450 4006; x_wconf 89' lang='lat' dir='ltr'><strong>el.</strong></span> <span class='ocrx_word' id='word_1_630' title='bbox 2493 3951 2752 4021; x_wconf 84' lang='lat' dir='ltr'><strong>appetitio</strong></span> <span class='ocrx_word' id='word_1_631' title='bbox 2802 3965 2901 4018; x_wconf 89' lang='lat' dir='ltr'><strong>pro</strong></span> <span class='ocrx_word' id='word_1_632' title='bbox 2937 3949 3219 4005; x_wconf 84' lang='lat' dir='ltr'><strong>voluntate</strong></span> <span class='ocrx_word' id='word_1_633' title='bbox 3243 3952 3559 4022; x_wconf 86' lang='lat' dir='ltr'><strong>accipienda</strong></span> <span class='ocrx_word' id='word_1_634' title='bbox 3601 3961 3706 4010; x_wconf 87' lang='lat' dir='ltr'><strong>est.</strong></span> 
     </span>
    </p>
   </div>
   <div class='ocr_carea' id='block_1_85' title="bbox 2138 4041 3706 4113">
    <p class='ocr_par' dir='ltr' id='par_1_85' title="bbox 2138 4041 3706 4113">
     <span class='ocr_line' id='line_1_85' title="bbox 2138 4041 3706 4113; baseline -0.002 -14"><span class='ocrx_word' id='word_1_635' title='bbox 2138 4043 2290 4111; x_wconf 86' lang='lat' dir='ltr'><strong>Quod</strong></span> <span class='ocrx_word' id='word_1_636' title='bbox 2323 4053 2502 4098; x_wconf 87' lang='lat' dir='ltr'><strong>autem</strong></span> <span class='ocrx_word' id='word_1_637' title='bbox 2525 4041 2678 4096; x_wconf 85' lang='lat' dir='ltr'><strong>furor</strong></span> <span class='ocrx_word' id='word_1_638' title='bbox 2711 4041 2890 4096; x_wconf 91' lang='lat' dir='ltr'><strong>minor</strong></span> <span class='ocrx_word' id='word_1_639' title='bbox 2917 4043 2988 4096; x_wconf 91' lang='lat' dir='ltr'><strong>sit</strong></span> <span class='ocrx_word' id='word_1_640' title='bbox 3015 4041 3094 4095; x_wconf 90' lang='lat' dir='ltr'><strong>ira</strong></span> <span class='ocrx_word' id='word_1_641' title='bbox 3133 4042 3303 4112; x_wconf 91' lang='lat' dir='ltr'><strong>liquet</strong></span> <span class='ocrx_word' id='word_1_642' title='bbox 3331 4059 3398 4098; x_wconf 89' lang='lat' dir='ltr'><strong>ex</strong></span> <span class='ocrx_word' id='word_1_643' title='bbox 3423 4043 3706 4113; x_wconf 89' lang='lat' dir='ltr'><strong>Scriptura</strong></span> 
     </span>
    </p>
   </div>
   <div class='ocr_carea' id='block_1_86' title="bbox 2136 4135 3707 4206">
    <p class='ocr_par' dir='ltr' id='par_1_86' title="bbox 2136 4135 3707 4206">
     <span class='ocr_line' id='line_1_86' title="bbox 2136 4135 3707 4206; baseline -0.001 -16"><span class='ocrx_word' id='word_1_644' title='bbox 2136 4136 2372 4203; x_wconf 91' lang='lat' dir='ltr'><strong>dicente,</strong></span> <span class='ocrx_word' id='word_1_645' title='bbox 2406 4135 2884 4206; x_wconf 90' lang='lat' dir='ltr'><strong>reprehensionem</strong></span> <span class='ocrx_word' id='word_1_646' title='bbox 2927 4135 2982 4189; x_wconf 91' lang='lat' dir='ltr'><strong>in</strong></span> <span class='ocrx_word' id='word_1_647' title='bbox 3031 4135 3256 4201; x_wconf 83' lang='lat' dir='ltr'><strong>furore,</strong></span> <span class='ocrx_word' id='word_1_648' title='bbox 3299 4136 3707 4206; x_wconf 77' lang='lat' dir='ltr'><strong>castigationem</strong></span> 
     </span>
    </p>
   </div>
   <div class='ocr_carea' id='block_1_87' title="bbox 2140 4227 3705 4293">
    <p class='ocr_par' dir='ltr' id='par_1_87' title="bbox 2140 4227 3705 4293">
     <span class='ocr_line' id='line_1_87' title="bbox 2140 4227 3705 4293; baseline -0.003 -10"><span class='ocrx_word' id='word_1_649' title='bbox 2140 4230 2194 4284; x_wconf 91' lang='lat' dir='ltr'><strong>in</strong></span> <span class='ocrx_word' id='word_1_650' title='bbox 2229 4229 2309 4283; x_wconf 91' lang='lat' dir='ltr'><strong>ira</strong></span> <span class='ocrx_word' id='word_1_651' title='bbox 2344 4228 2485 4284; x_wconf 81' lang='lat' dir='ltr'><strong>ﬁeri.</strong></span> <span class='ocrx_word' id='word_1_652' title='bbox 2530 4228 2747 4284; x_wconf 90' lang='lat' dir='ltr'><strong>Dicitur</strong></span> <span class='ocrx_word' id='word_1_653' title='bbox 2794 4229 2940 4284; x_wconf 91' lang='lat' dir='ltr'><strong>enim</strong></span> <span class='ocrx_word' id='word_1_654' title='bbox 2965 4228 3011 4260; x_wconf 60' lang='grc' dir='ltr'>ι’</span> <span class='ocrx_word' id='word_1_655' title='bbox 3043 4246 3058 4283; x_wconf 90' lang='lat'><strong>:</strong></span> <span class='ocrx_word' id='word_1_656' title='bbox 3095 4248 3114 4280; x_wconf 76' lang='grc' dir='ltr'><strong>ι</strong></span> <span class='ocrx_word' id='word_1_657' title='bbox 3154 4229 3399 4293; x_wconf 87' lang='lat' dir='ltr'><strong>Domine,</strong></span> <span class='ocrx_word' id='word_1_658' title='bbox 3432 4242 3499 4282; x_wconf 91' lang='lat' dir='ltr'><strong>ne</strong></span> <span class='ocrx_word' id='word_1_659' title='bbox 3529 4228 3580 4282; x_wconf 92' lang='lat' dir='ltr'><strong>in</strong></span> <span class='ocrx_word' id='word_1_660' title='bbox 3617 4227 3705 4279; x_wconf 80' lang='lat' dir='ltr'><strong>fn-</strong></span> 
     </span>
    </p>
   </div>
   <div class='ocr_carea' id='block_1_88' title="bbox 2137 4320 3694 4394">
    <p class='ocr_par' dir='ltr' id='par_1_88' title="bbox 2137 4320 3694 4394">
     <span class='ocr_line' id='line_1_88' title="bbox 2137 4320 3694 4394; baseline -0.003 -17"><span class='ocrx_word' id='word_1_661' title='bbox 2137 4337 2263 4377; x_wconf 90' lang='lat' dir='ltr'><strong>rore</strong></span> <span class='ocrx_word' id='word_1_662' title='bbox 2282 4329 2374 4377; x_wconf 87' lang='lat' dir='ltr'><strong>tuo</strong></span> <span class='ocrx_word' id='word_1_663' title='bbox 2398 4337 2597 4394; x_wconf 87' lang='lat' dir='ltr'><strong>arguas</strong></span> <span class='ocrx_word' id='word_1_664' title='bbox 2620 4337 2730 4387; x_wconf 90' lang='lat' dir='ltr'><strong>me,</strong></span> <span class='ocrx_word' id='word_1_665' title='bbox 2750 4337 2925 4393; x_wconf 90' lang='lat' dir='ltr'><strong>neque</strong></span> <span class='ocrx_word' id='word_1_666' title='bbox 2950 4321 3004 4376; x_wconf 91' lang='lat' dir='ltr'><strong>in</strong></span> <span class='ocrx_word' id='word_1_667' title='bbox 3037 4322 3115 4376; x_wconf 88' lang='lat' dir='ltr'><strong>ira</strong></span> <span class='ocrx_word' id='word_1_668' title='bbox 3143 4333 3230 4374; x_wconf 88' lang='lat' dir='ltr'><strong>tua</strong></span> <span class='ocrx_word' id='word_1_669' title='bbox 3261 4320 3527 4388; x_wconf 81' lang='lat' dir='ltr'><strong>corripias</strong></span> <span class='ocrx_word' id='word_1_670' title='bbox 3556 4334 3694 4373; x_wconf 67' lang='lat' dir='ltr'><strong>me.)</strong></span> 
     </span>
    </p>
   </div>
   <div class='ocr_carea' id='block_1_89' title="bbox 463 4412 2038 4498">
    <p class='ocr_par' dir='ltr' id='par_1_89' title="bbox 463 4414 2037 4495">
     <span class='ocr_line' id='line_1_89' title="bbox 463 4414 2037 4495; baseline 0.004 -27"><span class='ocrx_word' id='word_1_671' title='bbox 463 4415 743 4469; x_wconf 86' lang='grc' dir='ltr'>παίδευσιν</span> <span class='ocrx_word' id='word_1_672' title='bbox 787 4414 844 4468; x_wconf 85' lang='grc' dir='ltr'><strong>δέ</strong></span> <span class='ocrx_word' id='word_1_673' title='bbox 884 4415 1041 4487; x_wconf 82' lang='grc' dir='ltr'>ὀργῇ.</span> <span class='ocrx_word' id='word_1_674' title='bbox 1097 4415 1351 4488; x_wconf 79' lang='grc' dir='ltr'>«Κύριε»</span> <span class='ocrx_word' id='word_1_675' title='bbox 1389 4415 1534 4488; x_wconf 90' lang='grc' dir='ltr'><strong>γάρ,</strong></span> <span class='ocrx_word' id='word_1_676' title='bbox 1580 4419 1746 4489; x_wconf 73' lang='grc' dir='ltr'>φησι,</span> <span class='ocrx_word' id='word_1_677' title='bbox 1800 4437 1819 4470; x_wconf 78' lang='grc' dir='ltr'><strong>ι</strong></span> <span class='ocrx_word' id='word_1_678' title='bbox 1853 4420 1927 4492; x_wconf 81' lang='grc' dir='ltr'>μὴ</span> <span class='ocrx_word' id='word_1_679' title='bbox 1959 4422 2037 4495; x_wconf 81' lang='grc' dir='ltr'>τῷ</span> 
     </span>
    </p>
   </div>
   <div class='ocr_carea' id='block_1_90' title="bbox 2140 4412 3706 4498">
    <p class='ocr_par' dir='ltr' id='par_1_90' title="bbox 2140 4412 3706 4485">
     <span class='ocr_line' id='line_1_90' title="bbox 2140 4412 3706 4485; baseline -0.003 -16"><span class='ocrx_word' id='word_1_680' title='bbox 2140 4415 2402 4485; x_wconf 85' lang='lat' dir='ltr'><strong>Arguitur</strong></span> <span class='ocrx_word' id='word_1_681' title='bbox 2441 4415 2488 4468; x_wconf 89' lang='lat' dir='ltr'><strong>is</strong></span> <span class='ocrx_word' id='word_1_682' title='bbox 2527 4415 2617 4484; x_wconf 92' lang='lat' dir='ltr'><strong>qui</strong></span> <span class='ocrx_word' id='word_1_683' title='bbox 2645 4416 2824 4470; x_wconf 89' lang='lat' dir='ltr'><strong>adhuc</strong></span> <span class='ocrx_word' id='word_1_684' title='bbox 2857 4427 3006 4484; x_wconf 88' lang='lat' dir='ltr'><strong>spem</strong></span> <span class='ocrx_word' id='word_1_685' title='bbox 3046 4414 3216 4468; x_wconf 89' lang='lat' dir='ltr'><strong>habet</strong></span> <span class='ocrx_word' id='word_1_686' title='bbox 3244 4412 3359 4466; x_wconf 81' lang='lat' dir='ltr'><strong>fore</strong></span> <span class='ocrx_word' id='word_1_687' title='bbox 3387 4421 3444 4466; x_wconf 88' lang='lat' dir='ltr'><strong>ut</strong></span> <span class='ocrx_word' id='word_1_688' title='bbox 3481 4419 3706 4466; x_wconf 89' lang='lat' dir='ltr'><strong>sanetur</strong></span> 
     </span>
    </p>
   </div>
   <div class='ocr_carea' id='block_1_91' title="bbox 463 4505 2035 4585">
    <p class='ocr_par' dir='ltr' id='par_1_91' title="bbox 463 4505 2035 4585">
     <span class='ocr_line' id='line_1_91' title="bbox 463 4505 2035 4585; baseline 0.004 -27"><span class='ocrx_word' id='word_1_689' title='bbox 463 4505 620 4577; x_wconf 85' lang='grc' dir='ltr'><strong>θυμῷ</strong></span> <span class='ocrx_word' id='word_1_690' title='bbox 645 4523 738 4559; x_wconf 91' lang='grc' dir='ltr'><strong>σου</strong></span> <span class='ocrx_word' id='word_1_691' title='bbox 777 4505 999 4578; x_wconf 75' lang='grc' dir='ltr'>ἐλέγξῃς</span> <span class='ocrx_word' id='word_1_692' title='bbox 1026 4523 1116 4577; x_wconf 91' lang='grc' dir='ltr'><strong>με,</strong></span> <span class='ocrx_word' id='word_1_693' title='bbox 1156 4505 1288 4578; x_wconf 86' lang='grc' dir='ltr'>μηδὲ</span> <span class='ocrx_word' id='word_1_694' title='bbox 1333 4509 1399 4578; x_wconf 86' lang='grc' dir='ltr'>τῇ</span> <span class='ocrx_word' id='word_1_695' title='bbox 1432 4509 1570 4580; x_wconf 86' lang='grc' dir='ltr'>ὀργῇ</span> <span class='ocrx_word' id='word_1_696' title='bbox 1613 4526 1705 4562; x_wconf 90' lang='grc' dir='ltr'>σου</span> <span class='ocrx_word' id='word_1_697' title='bbox 1740 4511 2035 4585; x_wconf 80' lang='grc' dir='ltr'>παιδεύσῃς</span> 
     </span>
    </p>
   </div>
   <div class='ocr_carea' id='block_1_92' title="bbox 466 4595 2037 4672">
    <p class='ocr_par' dir='ltr' id='par_1_92' title="bbox 466 4595 2037 4672">
     <span class='ocr_line' id='line_1_92' title="bbox 466 4595 2037 4672; baseline 0.001 -20"><span class='ocrx_word' id='word_1_698' title='bbox 466 4615 555 4669; x_wconf 87' lang='grc' dir='ltr'><strong>με.</strong></span> <span class='ocrx_word' id='word_1_699' title='bbox 587 4618 606 4650; x_wconf 73' lang='grc' dir='ltr'><strong>ι</strong></span> <span class='ocrx_word' id='word_1_700' title='bbox 635 4596 943 4667; x_wconf 86' lang='grc' dir='ltr'>Ἐλέγχεται</span> <span class='ocrx_word' id='word_1_701' title='bbox 971 4597 1026 4649; x_wconf 84' lang='grc' dir='ltr'><strong>δὲ</strong></span> <span class='ocrx_word' id='word_1_702' title='bbox 1049 4599 1078 4650; x_wconf 90' lang='lat'><strong>6</strong></span> <span class='ocrx_word' id='word_1_703' title='bbox 1100 4595 1180 4649; x_wconf 81' lang='grc' dir='ltr'>ἔτι</span> <span class='ocrx_word' id='word_1_704' title='bbox 1210 4595 1399 4650; x_wconf 79' lang='grc' dir='ltr'>ἐλπίδα</span> <span class='ocrx_word' id='word_1_705' title='bbox 1437 4595 1575 4667; x_wconf 81' lang='grc' dir='ltr'>έχων</span> <span class='ocrx_word' id='word_1_706' title='bbox 1607 4597 1910 4670; x_wconf 78' lang='grc' dir='ltr'>θεραπείας</span> <span class='ocrx_word' id='word_1_707' title='bbox 1936 4601 2037 4672; x_wconf 85' lang='grc' dir='ltr'>τῆς</span> 
     </span>
    </p>
   </div>
   <div class='ocr_carea' id='block_1_93' title="bbox 462 4686 2036 4762">
    <p class='ocr_par' dir='ltr' id='par_1_93' title="bbox 462 4686 2036 4762">
     <span class='ocr_line' id='line_1_93' title="bbox 462 4686 2036 4762; baseline 0.001 -19"><span class='ocrx_word' id='word_1_708' title='bbox 462 4691 627 4760; x_wconf 75' lang='grc' dir='ltr'>χωρὶς</span> <span class='ocrx_word' id='word_1_709' title='bbox 659 4687 905 4758; x_wconf 85' lang='grc' dir='ltr'>βασάνων</span> <span class='ocrx_word' id='word_1_710' title='bbox 935 4687 1024 4741; x_wconf 80' lang='grc' dir='ltr'>διὰ</span> <span class='ocrx_word' id='word_1_711' title='bbox 1056 4686 1213 4755; x_wconf 88' lang='grc' dir='ltr'>λόγου</span> <span class='ocrx_word' id='word_1_712' title='bbox 1245 4687 1655 4759; x_wconf 85' lang='grc' dir='ltr'>καθαπτομένου</span> <span class='ocrx_word' id='word_1_713' title='bbox 1676 4705 1690 4718; x_wconf 90' lang='grc'><strong>·</strong></span> <span class='ocrx_word' id='word_1_714' title='bbox 1721 4691 1750 4742; x_wconf 91' lang='lat'><strong>6</strong></span> <span class='ocrx_word' id='word_1_715' title='bbox 1780 4689 1836 4743; x_wconf 87' lang='grc' dir='ltr'>δὲ</span> <span class='ocrx_word' id='word_1_716' title='bbox 1873 4691 2036 4762; x_wconf 86' lang='grc' dir='ltr'>μηδὲν</span> 
     </span>
    </p>
   </div>
   <div class='ocr_carea' id='block_1_94' title="bbox 460 4779 2037 4854">
    <p class='ocr_par' dir='ltr' id='par_1_94' title="bbox 460 4779 2037 4854">
     <span class='ocr_line' id='line_1_94' title="bbox 460 4779 2037 4854; baseline -0.001 -17"><span class='ocrx_word' id='word_1_717' title='bbox 460 4782 556 4837; x_wconf 86' lang='grc' dir='ltr'>ἀπ’</span> <span class='ocrx_word' id='word_1_718' title='bbox 596 4780 819 4851; x_wconf 80' lang='grc' dir='ltr'>ἐλέγχου</span> <span class='ocrx_word' id='word_1_719' title='bbox 864 4779 1164 4851; x_wconf 76' lang='grc' dir='ltr'>ὠφεληθεὶς</span> <span class='ocrx_word' id='word_1_720' title='bbox 1206 4780 1397 4852; x_wconf 80' lang='grc' dir='ltr'>χρῄζει</span> <span class='ocrx_word' id='word_1_721' title='bbox 1441 4780 1772 4846; x_wconf 81' lang='grc' dir='ltr'>παιδεύσεως</span> <span class='ocrx_word' id='word_1_722' title='bbox 1815 4783 1914 4854; x_wconf 85' lang='grc' dir='ltr'><strong>τῆς</strong></span> <span class='ocrx_word' id='word_1_723' title='bbox 1949 4783 2037 4836; x_wconf 84' lang='grc' dir='ltr'>διὰ</span> 
     </span>
    </p>
   </div>
   <div class='ocr_carea' id='block_1_95' title="bbox 465 4871 2034 4945">
    <p class='ocr_par' dir='ltr' id='par_1_95' title="bbox 465 4871 2034 4945">
     <span class='ocr_line' id='line_1_95' title="bbox 465 4871 2034 4945; baseline -0.001 -16"><span class='ocrx_word' id='word_1_724' title='bbox 465 4875 741 4945; x_wconf 87' lang='grc' dir='ltr'>μαστίγων</span> <span class='ocrx_word' id='word_1_725' title='bbox 793 4871 886 4925; x_wconf 74' lang='grc' dir='ltr'><strong>καὶ</strong></span> <span class='ocrx_word' id='word_1_726' title='bbox 929 4871 1160 4942; x_wconf 77' lang='grc' dir='ltr'>ῥάϐδων.</span> <span class='ocrx_word' id='word_1_727' title='bbox 1209 4873 1366 4927; x_wconf 81' lang='grc' dir='ltr'>Πᾶσα</span> <span class='ocrx_word' id='word_1_728' title='bbox 1397 4871 1504 4944; x_wconf 82' lang='grc' dir='ltr'>γὰρ</span> <span class='ocrx_word' id='word_1_729' title='bbox 1544 4872 1757 4926; x_wconf 88' lang='grc' dir='ltr'>παιδεία</span> <span class='ocrx_word' id='word_1_730' title='bbox 1795 4873 1930 4945; x_wconf 85' lang='grc' dir='ltr'>πρὸς</span> <span class='ocrx_word' id='word_1_731' title='bbox 1972 4873 2034 4927; x_wconf 91' lang='grc' dir='ltr'><strong>τὸ</strong></span> 
     </span>
    </p>
   </div>
   <div class='ocr_carea' id='block_1_96' title="bbox 464 4959 2029 5039">
    <p class='ocr_par' dir='ltr' id='par_1_96' title="bbox 464 4959 2029 5039">
     <span class='ocr_line' id='line_1_96' title="bbox 464 4959 2029 5039; baseline -0.004 -17"><span class='ocrx_word' id='word_1_732' title='bbox 464 4968 636 5039; x_wconf 90' lang='grc' dir='ltr'>παρὸν</span> <span class='ocrx_word' id='word_1_733' title='bbox 670 4966 731 5018; x_wconf 86' lang='grc' dir='ltr'><strong>ού</strong></span> <span class='ocrx_word' id='word_1_734' title='bbox 759 4963 906 5018; x_wconf 88' lang='grc' dir='ltr'>δοκεῖ</span> <span class='ocrx_word' id='word_1_735' title='bbox 929 4964 1103 5034; x_wconf 78' lang='grc' dir='ltr'>χαρᾶς</span> <span class='ocrx_word' id='word_1_736' title='bbox 1135 4959 1288 5030; x_wconf 83' lang='grc' dir='ltr'>εἶναι,</span> <span class='ocrx_word' id='word_1_737' title='bbox 1329 4963 1463 5018; x_wconf 85' lang='grc' dir='ltr'>ἀλλὰ</span> <span class='ocrx_word' id='word_1_738' title='bbox 1495 4962 1689 5036; x_wconf 88' lang='grc' dir='ltr'>λύπης·</span> <span class='ocrx_word' id='word_1_739' title='bbox 1723 4964 1947 5036; x_wconf 78' lang='grc' dir='ltr'>ὕστερον</span> <span class='ocrx_word' id='word_1_740' title='bbox 1972 4964 2029 5018; x_wconf 85' lang='grc' dir='ltr'><strong>δὲ</strong></span> 
     </span>
    </p>
   </div>
   <div class='ocr_carea' id='block_1_97' title="bbox 462 5056 2030 5132">
    <p class='ocr_par' dir='ltr' id='par_1_97' title="bbox 462 5056 2030 5132">
     <span class='ocr_line' id='line_1_97' title="bbox 462 5056 2030 5132; baseline -0.003 -18"><span class='ocrx_word' id='word_1_741' title='bbox 462 5060 673 5132; x_wconf 87' lang='grc' dir='ltr'>καρπὸν</span> <span class='ocrx_word' id='word_1_742' title='bbox 699 5056 970 5129; x_wconf 78' lang='grc' dir='ltr'>εἰρηνικὸν</span> <span class='ocrx_word' id='word_1_743' title='bbox 993 5059 1106 5120; x_wconf 84' lang='grc' dir='ltr'>τοῖς</span> <span class='ocrx_word' id='word_1_744' title='bbox 1136 5056 1201 5110; x_wconf 77' lang='grc' dir='ltr'>δι’</span> <span class='ocrx_word' id='word_1_745' title='bbox 1223 5057 1390 5128; x_wconf 80' lang='grc' dir='ltr'>αὐτῆς</span> <span class='ocrx_word' id='word_1_746' title='bbox 1407 5057 1876 5128; x_wconf 82' lang='grc' dir='ltr'>γεγυμνασμένοις</span> <span class='ocrx_word' id='word_1_747' title='bbox 1896 5058 2030 5110; x_wconf 88' lang='grc' dir='ltr'>ἀπο-</span> 
     </span>
    </p>
   </div>
   <div class='ocr_carea' id='block_1_98' title="bbox 461 5147 2034 5224">
    <p class='ocr_par' dir='ltr' id='par_1_98' title="bbox 461 5147 2034 5224">
     <span class='ocr_line' id='line_1_98' title="bbox 461 5147 2034 5224; baseline -0.003 -19"><span class='ocrx_word' id='word_1_748' title='bbox 461 5151 641 5205; x_wconf 85' lang='grc' dir='ltr'>δίδωσι</span> <span class='ocrx_word' id='word_1_749' title='bbox 661 5149 1023 5218; x_wconf 83' lang='grc' dir='ltr'>δικαιοσύνης.</span> <span class='ocrx_word' id='word_1_750' title='bbox 1057 5147 1294 5224; x_wconf 79' lang='grc' dir='ltr'>Λαλήσει</span> <span class='ocrx_word' id='word_1_751' title='bbox 1313 5148 1492 5200; x_wconf 89' lang='grc' dir='ltr'>τοίνυν</span> <span class='ocrx_word' id='word_1_752' title='bbox 1521 5149 1549 5200; x_wconf 90' lang='lat'><strong>6</strong></span> <span class='ocrx_word' id='word_1_753' title='bbox 1577 5147 1709 5212; x_wconf 87' lang='grc' dir='ltr'>Θεὸς</span> <span class='ocrx_word' id='word_1_754' title='bbox 1749 5149 1886 5221; x_wconf 87' lang='grc' dir='ltr'>πρὸς</span> <span class='ocrx_word' id='word_1_755' title='bbox 1908 5148 2034 5210; x_wconf 82' lang='grc' dir='ltr'>τοὺς</span> 
     </span>
    </p>
   </div>
   <div class='ocr_carea' id='block_1_99' title="bbox 462 5239 2034 5314">
    <p class='ocr_par' dir='ltr' id='par_1_99' title="bbox 462 5239 2034 5314">
     <span class='ocr_line' id='line_1_99' title="bbox 462 5239 2034 5314; baseline -0.001 -17"><span class='ocrx_word' id='word_1_756' title='bbox 462 5242 851 5314; x_wconf 83' lang='grc' dir='ltr'>ἡμαρτηκότας</span> <span class='ocrx_word' id='word_1_757' title='bbox 881 5239 975 5303; x_wconf 81' lang='grc' dir='ltr'><strong>οὒς</strong></span> <span class='ocrx_word' id='word_1_758' title='bbox 1004 5240 1203 5312; x_wconf 77' lang='grc' dir='ltr'>ἐκγελᾷ</span> <span class='ocrx_word' id='word_1_759' title='bbox 1247 5241 1341 5294; x_wconf 69' lang='grc' dir='ltr'><strong>καὶ</strong></span> <span class='ocrx_word' id='word_1_760' title='bbox 1380 5241 1698 5313; x_wconf 79' lang='grc' dir='ltr'>μυκτηρίζει</span> <span class='ocrx_word' id='word_1_761' title='bbox 1745 5241 1824 5294; x_wconf 81' lang='grc' dir='ltr'>ἔτι</span> <span class='ocrx_word' id='word_1_762' title='bbox 1876 5241 2034 5305; x_wconf 80' lang='grc' dir='ltr'>ὄντας</span> 
     </span>
    </p>
   </div>
   <div class='ocr_carea' id='block_1_100' title="bbox 465 5331 2038 5405">
    <p class='ocr_par' dir='ltr' id='par_1_100' title="bbox 465 5331 2038 5405">
     <span class='ocr_line' id='line_1_100' title="bbox 465 5331 2038 5405; baseline -0.003 -17"><span class='ocrx_word' id='word_1_763' title='bbox 465 5337 524 5388; x_wconf 82' lang='grc' dir='ltr'><strong>ἐν</strong></span> <span class='ocrx_word' id='word_1_764' title='bbox 545 5336 657 5397; x_wconf 84' lang='grc' dir='ltr'>τοῖς</span> <span class='ocrx_word' id='word_1_765' title='bbox 688 5331 1115 5403; x_wconf 83' lang='grc' dir='ltr'>παραπτώμασι,</span> <span class='ocrx_word' id='word_1_766' title='bbox 1148 5333 1243 5385; x_wconf 75' lang='grc' dir='ltr'><strong>καὶ</strong></span> <span class='ocrx_word' id='word_1_767' title='bbox 1273 5331 1340 5384; x_wconf 88' lang='grc' dir='ltr'>δι’</span> <span class='ocrx_word' id='word_1_768' title='bbox 1368 5331 1718 5403; x_wconf 84' lang='grc' dir='ltr'>ἀναισθησίαν</span> <span class='ocrx_word' id='word_1_769' title='bbox 1743 5331 1883 5402; x_wconf 86' lang='grc' dir='ltr'>μέγα</span> <span class='ocrx_word' id='word_1_770' title='bbox 1906 5349 2038 5405; x_wconf 76' lang='grc' dir='ltr'>φρο-</span> 
     </span>
    </p>
   </div>
   <div class='ocr_carea' id='block_1_101' title="bbox 535 5465 1268 5533">
    <p class='ocr_par' dir='ltr' id='par_1_101' title="bbox 535 5465 1268 5533">
     <span class='ocr_line' id='line_1_101' title="bbox 535 5465 1268 5533; baseline -0.004 -9"><span class='ocrx_word' id='word_1_771' title='bbox 535 5469 579 5500; x_wconf 72' lang='grc'><strong>⁶²</strong></span> <span class='ocrx_word' id='word_1_772' title='bbox 607 5468 732 5524; x_wconf 81' lang='lat' dir='ltr'><strong>Jon.</strong></span> <span class='ocrx_word' id='word_1_773' title='bbox 759 5483 842 5524; x_wconf 89' lang='lat' dir='ltr'><strong>tn.</strong></span> <span class='ocrx_word' id='word_1_774' title='bbox 915 5467 962 5500; x_wconf 76' lang='lat'><strong>&quot;</strong></span> <span class='ocrx_word' id='word_1_775' title='bbox 986 5465 1076 5523; x_wconf 85' lang='lat' dir='ltr'><strong>Ps.</strong></span> <span class='ocrx_word' id='word_1_776' title='bbox 1109 5481 1182 5533; x_wconf 85' lang='lat' dir='ltr'><strong>vt,</strong></span> <span class='ocrx_word' id='word_1_777' title='bbox 1217 5467 1268 5521; x_wconf 80' lang='grc' dir='ltr'>Ι.</span> 
     </span>
    </p>
   </div>
   <div class='ocr_carea' id='block_1_102' title="bbox 537 5581 2028 5656">
    <p class='ocr_par' dir='ltr' id='par_1_102' title="bbox 537 5581 2028 5656">
     <span class='ocr_line' id='line_1_102' title="bbox 537 5581 2028 5656; baseline 0 -19"><span class='ocrx_word' id='word_1_778' title='bbox 537 5582 646 5655; x_wconf 77' lang='grc'><strong>(⁸75)</strong></span> <span class='ocrx_word' id='word_1_779' title='bbox 690 5586 874 5656; x_wconf 53' lang='grc' dir='ltr'>Οιλόᾳ</span> <span class='ocrx_word' id='word_1_780' title='bbox 889 5603 941 5640; x_wconf 89' lang='grc' dir='ltr'><strong>οι</strong></span> <span class='ocrx_word' id='word_1_781' title='bbox 968 5585 1086 5640; x_wconf 75' lang='grc' dir='ltr'>τῶν</span> <span class='ocrx_word' id='word_1_782' title='bbox 1111 5581 1396 5656; x_wconf 78' lang='grc' dir='ltr'>ἀπειλῶν,</span> <span class='ocrx_word' id='word_1_783' title='bbox 1430 5592 1535 5656; x_wconf 71' lang='lat' dir='ltr'><strong>etc.</strong></span> <span class='ocrx_word' id='word_1_784' title='bbox 1562 5653 1570 5656; x_wconf 93' lang='lat'><em>_</em></span> <span class='ocrx_word' id='word_1_785' title='bbox 1599 5581 1641 5637; x_wconf 86' lang='lat' dir='ltr'><strong>E</strong></span> <span class='ocrx_word' id='word_1_786' title='bbox 1699 5583 1882 5638; x_wconf 88' lang='lat' dir='ltr'><strong>codice</strong></span> <span class='ocrx_word' id='word_1_787' title='bbox 1933 5583 2028 5638; x_wconf 86' lang='lat' dir='ltr'><strong>Ba-</strong></span> 
     </span>
    </p>
   </div>
   <div class='ocr_carea' id='block_1_103' title="bbox 466 5652 2024 5719">
    <p class='ocr_par' dir='ltr' id='par_1_103' title="bbox 466 5652 2024 5719">
     <span class='ocr_line' id='line_1_103' title="bbox 466 5652 2024 5719; baseline 0.001 -11"><span class='ocrx_word' id='word_1_788' title='bbox 466 5652 739 5719; x_wconf 80' lang='lat' dir='ltr'><strong>rocciano,</strong></span> <span class='ocrx_word' id='word_1_789' title='bbox 773 5670 828 5709; x_wconf 88' lang='lat' dir='ltr'><strong>et</strong></span> <span class='ocrx_word' id='word_1_790' title='bbox 851 5652 882 5710; x_wconf 82' lang='lat' dir='ltr'><strong>e</strong></span> <span class='ocrx_word' id='word_1_791' title='bbox 927 5656 1131 5713; x_wconf 86' lang='lat' dir='ltr'><strong>Catena</strong></span> <span class='ocrx_word' id='word_1_792' title='bbox 1159 5655 1424 5711; x_wconf 82' lang='lat' dir='ltr'><strong>Corderii.</strong></span> <span class='ocrx_word' id='word_1_793' title='bbox 1458 5652 1649 5711; x_wconf 82' lang='lat' dir='ltr'><strong>Latine</strong></span> <span class='ocrx_word' id='word_1_794' title='bbox 1689 5663 1910 5710; x_wconf 76' lang='lat' dir='ltr'><strong>exstant</strong></span> <span class='ocrx_word' id='word_1_795' title='bbox 1968 5655 2024 5710; x_wconf 91' lang='lat' dir='ltr'><strong>in</strong></span> 
     </span>
    </p>
   </div>
   <div class='ocr_carea' id='block_1_104' title="bbox 464 5723 1692 5782">
    <p class='ocr_par' dir='ltr' id='par_1_104' title="bbox 464 5723 1692 5782">
     <span class='ocr_line' id='line_1_104' title="bbox 464 5723 1692 5782; baseline 0 -2"><span class='ocrx_word' id='word_1_796' title='bbox 464 5725 665 5780; x_wconf 82' lang='lat' dir='ltr'><strong>Catena</strong></span> <span class='ocrx_word' id='word_1_797' title='bbox 690 5723 931 5782; x_wconf 76' lang='lat' dir='ltr'><strong>Barbari.</strong></span> <span class='ocrx_word' id='word_1_798' title='bbox 1690 5754 1692 5756; x_wconf 62' lang='grc' dir='ltr'><strong>τ</strong></span> 
     </span>
    </p>
   </div>
   <div class='ocr_carea' id='block_1_105' title="bbox 2143 4503 3702 4575">
    <p class='ocr_par' dir='ltr' id='par_1_105' title="bbox 2143 4503 3702 4575">
     <span class='ocr_line' id='line_1_105' title="bbox 2143 4503 3702 4575; baseline -0.002 -17"><span class='ocrx_word' id='word_1_799' title='bbox 2143 4506 2321 4560; x_wconf 87' lang='lat' dir='ltr'><strong>verbis</strong></span> <span class='ocrx_word' id='word_1_800' title='bbox 2342 4506 2548 4575; x_wconf 79' lang='lat' dir='ltr'><strong>absque</strong></span> <span class='ocrx_word' id='word_1_801' title='bbox 2573 4507 2859 4574; x_wconf 78' lang='lat' dir='ltr'><strong>examine;</strong></span> <span class='ocrx_word' id='word_1_802' title='bbox 2890 4508 2980 4563; x_wconf 91' lang='lat' dir='ltr'><strong>cui</strong></span> <span class='ocrx_word' id='word_1_803' title='bbox 3009 4517 3191 4561; x_wconf 88' lang='lat' dir='ltr'><strong>autem</strong></span> <span class='ocrx_word' id='word_1_804' title='bbox 3221 4503 3570 4573; x_wconf 89' lang='lat' dir='ltr'><strong>reprehensio</strong></span> <span class='ocrx_word' id='word_1_805' title='bbox 3598 4518 3702 4556; x_wconf 86' lang='lat' dir='ltr'><strong>non</strong></span> 
     </span>
    </p>
   </div>
   <div class='ocr_carea' id='block_1_106' title="bbox 2141 4594 3707 4670">
    <p class='ocr_par' dir='ltr' id='par_1_106' title="bbox 2141 4594 3707 4670">
     <span class='ocr_line' id='line_1_106' title="bbox 2141 4594 3707 4670; baseline -0.003 -18"><span class='ocrx_word' id='word_1_806' title='bbox 2141 4597 2363 4668; x_wconf 75' lang='lat' dir='ltr'><strong>profuit,</strong></span> <span class='ocrx_word' id='word_1_807' title='bbox 2417 4599 2464 4654; x_wconf 89' lang='lat' dir='ltr'><strong>is</strong></span> <span class='ocrx_word' id='word_1_808' title='bbox 2515 4599 2720 4668; x_wconf 89' lang='lat' dir='ltr'><strong>indiget</strong></span> <span class='ocrx_word' id='word_1_809' title='bbox 2768 4600 3112 4670; x_wconf 87' lang='lat' dir='ltr'><strong>correptione</strong></span> <span class='ocrx_word' id='word_1_810' title='bbox 3145 4611 3267 4666; x_wconf 86' lang='lat' dir='ltr'><strong>quae</strong></span> <span class='ocrx_word' id='word_1_811' title='bbox 3301 4600 3360 4650; x_wconf 88' lang='lat' dir='ltr'><strong>tit</strong></span> <span class='ocrx_word' id='word_1_812' title='bbox 3390 4594 3614 4666; x_wconf 85' lang='lat' dir='ltr'><strong>ﬂagellis</strong></span> <span class='ocrx_word' id='word_1_813' title='bbox 3650 4602 3707 4648; x_wconf 89' lang='lat' dir='ltr'><strong>et</strong></span> 
     </span>
    </p>
   </div>
   <div class='ocr_carea' id='block_1_107' title="bbox 2139 4687 3706 4760">
    <p class='ocr_par' dir='ltr' id='par_1_107' title="bbox 2139 4687 3706 4760">
     <span class='ocr_line' id='line_1_107' title="bbox 2139 4687 3706 4760; baseline -0.003 -16"><span class='ocrx_word' id='word_1_814' title='bbox 2139 4690 2326 4760; x_wconf 83' lang='lat' dir='ltr'><strong>virgis.</strong></span> <span class='ocrx_word' id='word_1_815' title='bbox 2350 4689 2641 4760; x_wconf 89' lang='lat' dir='ltr'><strong>Correptio</strong></span> <span class='ocrx_word' id='word_1_816' title='bbox 2671 4700 2854 4747; x_wconf 88' lang='lat' dir='ltr'><strong>autem</strong></span> <span class='ocrx_word' id='word_1_817' title='bbox 2883 4691 3070 4747; x_wconf 89' lang='lat' dir='ltr'><strong>statim</strong></span> <span class='ocrx_word' id='word_1_818' title='bbox 3095 4690 3314 4760; x_wconf 85' lang='lat' dir='ltr'><strong>quidem</strong></span> <span class='ocrx_word' id='word_1_819' title='bbox 3349 4704 3456 4743; x_wconf 89' lang='lat' dir='ltr'><strong>non</strong></span> <span class='ocrx_word' id='word_1_820' title='bbox 3492 4687 3706 4741; x_wconf 89' lang='lat' dir='ltr'><strong>videtur</strong></span> 
     </span>
    </p>
   </div>
   <div class='ocr_carea' id='block_1_108' title="bbox 2133 4779 3703 4854">
    <p class='ocr_par' dir='ltr' id='par_1_108' title="bbox 2133 4779 3703 4854">
     <span class='ocr_line' id='line_1_108' title="bbox 2133 4779 3703 4854; baseline -0.003 -18"><span class='ocrx_word' id='word_1_821' title='bbox 2133 4781 2374 4849; x_wconf 86' lang='lat' dir='ltr'><strong>jucunda</strong></span> <span class='ocrx_word' id='word_1_822' title='bbox 2407 4792 2462 4837; x_wconf 91' lang='lat' dir='ltr'><strong>et</strong></span> <span class='ocrx_word' id='word_1_823' title='bbox 2488 4782 2991 4854; x_wconf 82' lang='lat' dir='ltr'><strong>citramolestiaut,</strong></span> <span class='ocrx_word' id='word_1_824' title='bbox 3032 4791 3225 4851; x_wconf 90' lang='lat' dir='ltr'><strong>postea</strong></span> <span class='ocrx_word' id='word_1_825' title='bbox 3257 4795 3390 4835; x_wconf 85' lang='lat' dir='ltr'><strong>vero</strong></span> <span class='ocrx_word' id='word_1_826' title='bbox 3416 4779 3703 4850; x_wconf 87' lang='lat' dir='ltr'><strong>paeilicum</strong></span> 
     </span>
    </p>
   </div>
   <div class='ocr_carea' id='block_1_109' title="bbox 2137 4871 3701 4944">
    <p class='ocr_par' dir='ltr' id='par_1_109' title="bbox 2137 4871 3701 4944">
     <span class='ocr_line' id='line_1_109' title="bbox 2137 4871 3701 4944; baseline -0.003 -15"><span class='ocrx_word' id='word_1_827' title='bbox 2137 4875 2361 4944; x_wconf 64' lang='lat' dir='ltr'><strong>justitiaa</strong></span> <span class='ocrx_word' id='word_1_828' title='bbox 2389 4877 2621 4931; x_wconf 83' lang='lat' dir='ltr'><strong>fructum</strong></span> <span class='ocrx_word' id='word_1_829' title='bbox 2654 4876 2818 4932; x_wconf 81' lang='lat' dir='ltr'><strong>all&#39;ert</strong></span> <span class='ocrx_word' id='word_1_830' title='bbox 2847 4877 2916 4930; x_wconf 90' lang='lat' dir='ltr'><strong>iis</strong></span> <span class='ocrx_word' id='word_1_831' title='bbox 2947 4873 3112 4944; x_wconf 85' lang='lat' dir='ltr'><strong>quiin</strong></span> <span class='ocrx_word' id='word_1_832' title='bbox 3138 4888 3200 4927; x_wconf 89' lang='lat' dir='ltr'><strong>ea</strong></span> <span class='ocrx_word' id='word_1_833' title='bbox 3222 4873 3446 4929; x_wconf 78' lang='lat' dir='ltr'><strong>exerciti</strong></span> <span class='ocrx_word' id='word_1_834' title='bbox 3479 4871 3701 4928; x_wconf 80' lang='lat' dir='ltr'><strong>fuerint.</strong></span> 
     </span>
    </p>
   </div>
   <div class='ocr_carea' id='block_1_110' title="bbox 2136 4966 3702 5040">
    <p class='ocr_par' dir='ltr' id='par_1_110' title="bbox 2136 4966 3702 5040">
     <span class='ocr_line' id='line_1_110' title="bbox 2136 4966 3702 5040; baseline -0.001 -19"><span class='ocrx_word' id='word_1_835' title='bbox 2136 4968 2214 5022; x_wconf 84' lang='lat' dir='ltr'><strong>Ad</strong></span> <span class='ocrx_word' id='word_1_836' title='bbox 2251 4978 2565 5038; x_wconf 89' lang='lat' dir='ltr'><strong>peccatores</strong></span> <span class='ocrx_word' id='word_1_837' title='bbox 2602 4970 2765 5040; x_wconf 79' lang='lat' dir='ltr'><strong>igitur</strong></span> <span class='ocrx_word' id='word_1_838' title='bbox 2785 4983 2924 5039; x_wconf 88' lang='lat' dir='ltr'><strong>quos</strong></span> <span class='ocrx_word' id='word_1_839' title='bbox 2963 4968 3154 5022; x_wconf 87' lang='lat' dir='ltr'><strong>irridet</strong></span> <span class='ocrx_word' id='word_1_840' title='bbox 3175 4975 3229 5021; x_wconf 89' lang='lat' dir='ltr'><strong>et</strong></span> <span class='ocrx_word' id='word_1_841' title='bbox 3250 4967 3550 5021; x_wconf 86' lang='lat' dir='ltr'><strong>snbsannat</strong></span> <span class='ocrx_word' id='word_1_842' title='bbox 3576 4966 3702 5020; x_wconf 84' lang='lat' dir='ltr'><strong>dum</strong></span> 
     </span>
    </p>
   </div>
   <div class='ocr_carea' id='block_1_111' title="bbox 2135 5059 3700 5131">
    <p class='ocr_par' dir='ltr' id='par_1_111' title="bbox 2135 5059 3700 5131">
     <span class='ocr_line' id='line_1_111' title="bbox 2135 5059 3700 5131; baseline -0.003 -19"><span class='ocrx_word' id='word_1_843' title='bbox 2135 5060 2310 5116; x_wconf 89' lang='lat' dir='ltr'><strong>adhuc</strong></span> <span class='ocrx_word' id='word_1_844' title='bbox 2335 5061 2387 5116; x_wconf 89' lang='lat' dir='ltr'><strong>in</strong></span> <span class='ocrx_word' id='word_1_845' title='bbox 2419 5062 2662 5131; x_wconf 87' lang='lat' dir='ltr'><strong>peccatis</strong></span> <span class='ocrx_word' id='word_1_846' title='bbox 2694 5071 2843 5123; x_wconf 81' lang='lat' dir='ltr'><strong>sunt,</strong></span> <span class='ocrx_word' id='word_1_847' title='bbox 2880 5068 2935 5116; x_wconf 86' lang='lat' dir='ltr'><strong>et</strong></span> <span class='ocrx_word' id='word_1_848' title='bbox 2961 5073 3074 5129; x_wconf 77' lang='lat' dir='ltr'><strong>prae</strong></span> <span class='ocrx_word' id='word_1_849' title='bbox 3102 5059 3428 5114; x_wconf 89' lang='lat' dir='ltr'><strong>hebetudine</strong></span> <span class='ocrx_word' id='word_1_850' title='bbox 3449 5071 3700 5112; x_wconf 88' lang='lat' dir='ltr'><strong>sensuum</strong></span> 
     </span>
    </p>
   </div>
   <div class='ocr_carea' id='block_1_112' title="bbox 2137 5147 3700 5223">
    <p class='ocr_par' dir='ltr' id='par_1_112' title="bbox 2137 5147 3700 5223">
     <span class='ocr_line' id='line_1_112' title="bbox 2137 5147 3700 5223; baseline -0.004 -17"><span class='ocrx_word' id='word_1_851' title='bbox 2137 5152 2203 5207; x_wconf 90' lang='lat' dir='ltr'><strong>de</strong></span> <span class='ocrx_word' id='word_1_852' title='bbox 2235 5153 2473 5223; x_wconf 88' lang='lat' dir='ltr'><strong>propriis</strong></span> <span class='ocrx_word' id='word_1_853' title='bbox 2499 5154 2657 5209; x_wconf 89' lang='lat' dir='ltr'><strong>malis</strong></span> <span class='ocrx_word' id='word_1_854' title='bbox 2711 5165 2962 5222; x_wconf 88' lang='lat' dir='ltr'><strong>tanquam</strong></span> <span class='ocrx_word' id='word_1_855' title='bbox 3010 5152 3168 5206; x_wconf 85' lang='lat' dir='ltr'><strong>bonis</strong></span> <span class='ocrx_word' id='word_1_856' title='bbox 3224 5165 3346 5207; x_wconf 89' lang='lat' dir='ltr'><strong>sese</strong></span> <span class='ocrx_word' id='word_1_857' title='bbox 3379 5147 3608 5204; x_wconf 64' lang='lat' dir='ltr'><strong>efferunt</strong></span> <span class='ocrx_word' id='word_1_858' title='bbox 3637 5164 3700 5201; x_wconf 88' lang='lat' dir='ltr'><strong>ac</strong></span> 
     </span>
    </p>
   </div>
   <div class='ocr_carea' id='block_1_113' title="bbox 2137 5241 3700 5316">
    <p class='ocr_par' dir='ltr' id='par_1_113' title="bbox 2137 5241 3700 5316">
     <span class='ocr_line' id='line_1_113' title="bbox 2137 5241 3700 5316; baseline -0.006 -19"><span class='ocrx_word' id='word_1_859' title='bbox 2137 5244 2458 5314; x_wconf 85' lang='lat' dir='ltr'><strong>gloriantur,</strong></span> <span class='ocrx_word' id='word_1_860' title='bbox 2479 5247 2728 5316; x_wconf 88' lang='lat' dir='ltr'><strong>loquetur</strong></span> <span class='ocrx_word' id='word_1_861' title='bbox 2753 5246 2898 5299; x_wconf 89' lang='lat' dir='ltr'><strong>Deus</strong></span> <span class='ocrx_word' id='word_1_862' title='bbox 2923 5246 2976 5299; x_wconf 89' lang='lat' dir='ltr'><strong>in</strong></span> <span class='ocrx_word' id='word_1_863' title='bbox 3005 5244 3083 5299; x_wconf 88' lang='lat' dir='ltr'><strong>ira</strong></span> <span class='ocrx_word' id='word_1_864' title='bbox 3110 5257 3230 5308; x_wconf 84' lang='lat' dir='ltr'><strong>sua,</strong></span> <span class='ocrx_word' id='word_1_865' title='bbox 3259 5257 3315 5297; x_wconf 86' lang='lat' dir='ltr'><strong>et</strong></span> <span class='ocrx_word' id='word_1_866' title='bbox 3338 5241 3457 5296; x_wconf 87' lang='lat' dir='ltr'><strong>illos</strong></span> <span class='ocrx_word' id='word_1_867' title='bbox 3481 5249 3700 5296; x_wconf 85' lang='lat' dir='ltr'><strong>ostenso</strong></span> 
     </span>
    </p>
   </div>
   <div class='ocr_carea' id='block_1_114' title="bbox 2141 5332 3700 5402">
    <p class='ocr_par' dir='ltr' id='par_1_114' title="bbox 2141 5332 3700 5402">
     <span class='ocr_line' id='line_1_114' title="bbox 2141 5332 3700 5402; baseline -0.004 -12"><span class='ocrx_word' id='word_1_868' title='bbox 2141 5336 2328 5393; x_wconf 76' lang='lat' dir='ltr'><strong>furore</strong></span> <span class='ocrx_word' id='word_1_869' title='bbox 2351 5338 2724 5393; x_wconf 87' lang='lat' dir='ltr'><strong>conturbabit.</strong></span> <span class='ocrx_word' id='word_1_870' title='bbox 2765 5338 2900 5394; x_wconf 89' lang='lat' dir='ltr'><strong>Cum</strong></span> <span class='ocrx_word' id='word_1_871' title='bbox 2923 5338 3069 5392; x_wconf 89' lang='lat' dir='ltr'><strong>enim</strong></span> <span class='ocrx_word' id='word_1_872' title='bbox 3098 5349 3279 5392; x_wconf 91' lang='lat' dir='ltr'><strong>sermo</strong></span> <span class='ocrx_word' id='word_1_873' title='bbox 3309 5336 3493 5388; x_wconf 76' lang='lat' dir='ltr'><strong>furore</strong></span> <span class='ocrx_word' id='word_1_874' title='bbox 3508 5332 3700 5402; x_wconf 86' lang='lat' dir='ltr'><strong>plenus</strong></span> 
     </span>
    </p>
   </div>
   <div class='ocr_carea' id='block_1_115' title="bbox 2209 5579 3697 5657">
    <p class='ocr_par' dir='ltr' id='par_1_115' title="bbox 2209 5579 3697 5657">
     <span class='ocr_line' id='line_1_115' title="bbox 2209 5579 3697 5657; baseline -0.001 -21"><span class='ocrx_word' id='word_1_875' title='bbox 2343 5584 2609 5657; x_wconf 54' lang='grc' dir='ltr'>Διαφέρει</span> <span class='ocrx_word' id='word_1_876' title='bbox 2631 5583 2700 5657; x_wconf 80' lang='grc' dir='ltr'>δὲ</span> <span class='ocrx_word' id='word_1_877' title='bbox 2724 5585 2911 5657; x_wconf 59' lang='grc' dir='ltr'>θυμὸς</span> <span class='ocrx_word' id='word_1_878' title='bbox 2936 5582 3138 5657; x_wconf 72' lang='grc' dir='ltr'>ὀργῆς,</span> <span class='ocrx_word' id='word_1_879' title='bbox 3173 5585 3344 5657; x_wconf 59' lang='lat' dir='ltr'><strong>etc.E</strong></span> <span class='ocrx_word' id='word_1_880' title='bbox 3373 5585 3562 5657; x_wconf 85' lang='lat' dir='ltr'><strong>codice</strong></span> <span class='ocrx_word' id='word_1_881' title='bbox 3591 5579 3697 5634; x_wconf 74' lang='lat' dir='ltr'><strong>Ba-</strong></span> 
     </span>
    </p>
   </div>
   <div class='ocr_carea' id='block_1_116' title="bbox 2136 5654 3502 5712">
    <p class='ocr_par' dir='ltr' id='par_1_116' title="bbox 2136 5654 3502 5712">
     <span class='ocr_line' id='line_1_116' title="bbox 2136 5654 3502 5712; baseline -0.004 0"><span class='ocrx_word' id='word_1_882' title='bbox 2136 5654 2407 5712; x_wconf 71' lang='lat' dir='ltr'><strong>roCciano.</strong></span> <span class='ocrx_word' id='word_1_883' title='bbox 2436 5655 2626 5712; x_wconf 84' lang='lat' dir='ltr'><strong>Latine</strong></span> <span class='ocrx_word' id='word_1_884' title='bbox 2651 5654 2917 5712; x_wconf 87' lang='lat' dir='ltr'><strong>habentur</strong></span> <span class='ocrx_word' id='word_1_885' title='bbox 2947 5657 3001 5712; x_wconf 92' lang='lat' dir='ltr'><strong>in</strong></span> <span class='ocrx_word' id='word_1_886' title='bbox 3032 5654 3237 5710; x_wconf 83' lang='lat' dir='ltr'><strong>Catena</strong></span> <span class='ocrx_word' id='word_1_887' title='bbox 3261 5654 3502 5711; x_wconf 88' lang='lat' dir='ltr'><strong>Barbari.</strong></span> 
     </span>
    </p>
   </div>
  </div>
