4046 6152
467 237 608 292 “07

1830 243 1919 298 ex
1954 229 2251 300 ORIGENE

3549 251 3675 306 H08

466 352 546 408 eis
581 351 777 409 timore
804 361 965 423 queat
991 355 1370 424 ptenitentiam
1412 359 1620 426 indere,
1662 375 1766 415 non
1797 369 1985 430 repent

2093 407 2096 418 ι
2123 361 2342 427 νοῦντας
2375 365 2451 428 ὡς
2482 366 2573 420 ἐπὶ
2596 364 2817 437 ἀγαθοῖς
2839 369 2950 431 τοῖς
2976 367 3127 430 ἰδίοις
3141 369 3350 430 κακοῖς,
3375 367 3434 419 ὲν
3454 367 3520 438 τῇ
3548 368 3673 438 ὀργῇ

461 445 624 498 infert
673 445 935 514 supplicia
987 454 1042 500 et
1072 449 1344 503 cruciatus
1389 451 1704 521 priusquam
1735 453 1992 523 rejecerin

2122 451 2316 519 αὐτοῦ,
2351 455 2443 508 καὶ
2474 457 2718 528 ἐμφήνας
2749 458 2808 511 τὺ
2845 456 3165 528 θυμοῦσθαι,
3204 455 3428 527 ταράξει
3466 456 3670 518 αὐτούς.

460 551 576 591 eam
611 554 729 605 qute
768 537 1061 592 lenioribus
1108 539 1362 594 remediis
1397 543 1735 610 proponitur,
1779 546 2020 598 curatio-

445 624 606 680 'ne:n.
639 627 978 696 Quapropter
1005 629 1199 684 beatus
1240 629 1438 686 Paulus
1475 635 1541 687 ad
1569 632 2019 692 Thessalonicen-

459 733 546 772 ses
577 719 823 773 scribens
856 719 922 772 de
953 718 1153 775 Judwis
1175 722 1266 790 qui
1298 723 1580 778 Dominum
1607 729 2014 795 cruciﬁxerunt,

459 809 532 862 ait
553 808 640 865 “z
679 827 694 859 ι
732 808 998 864 Prtevenit
1033 827 1195 881 super
1221 814 1343 868 illos
1373 815 1449 868 ira
1488 833 1661 885 usque
1697 821 1748 873 in
1773 819 1953 876 linem.
1992 841 2010 874 ι

454 900 537 954 An
587 915 693 955 non
742 903 1102 970 praenuntiata
1145 919 1242 974 per
1289 908 1581 977 prophetas
1624 909 1703 964 ira
1760 915 2017 981 praevenit

455 1005 616 1059 super
646 991 766 1046 illos
799 992 889 1061 qui
923 995 1243 1062 gravissima
1289 1012 1516 1070 quaeque
1565 1011 1620 1056 et
1663 1002 2012 1059 acerbissima

452 1096 482 1134 a
518 1081 774 1137 Romanis
795 1084 1034 1154 perpessi
1075 1088 1250 1140 sunt?

509 1339 684 1409 Vens.
720 1355 774 1412 8.
797 1355 1019 1413 Postulo
1042 1377 1072 1412 a
1108 1376 1207 1424 me,
1235 1371 1281 1416 et
1305 1362 1439 1416 dabo
1472 1365 1566 1418 tibi
1588 1374 1762 1435 gentes
1785 1367 2006 1422 hancdi-

451 1453 608 1499 tatem
649 1456 815 1509 tuam,
861 1459 907 1503 et
939 1453 1317 1519 possessionem
1359 1464 1502 1508 tuam
1542 1459 1793 1514 terminos
1823 1468 1998 1524 terror,

432 1529 553 1591 etc.
592 1536 930 1595 Constitutus
977 1543 1119 1597 enim
1172 1554 1274 1611 est,
1312 1555 1578 1616 quatenus
1602 1549 1784 1615 homo,
1831 1553 2005 1608 haeres

2121 543 2194 595 Οὐ
2223 542 2331 614 γὰρ
2364 543 2574 615 ἁθρόως
2606 548 2818 615 ἐπάγει,
2854 544 3381 618 προεπιστρεπτικοῦ
3407 545 3562 612 λόγου
3593 562 3675 597 τε-

2119 631 2441 703 θυμωμένου
2476 634 2624 706 φόϐῳ
2659 637 2946 706 μετάνοιαν
2975 637 3155 700 αὐτοῖς
3193 636 3491 707 ἐμποιῆσαι
3521 637 3670 690 δυνα-

2121 724 2300 794 μένου,
2333 725 2595 795 βασάνους
2627 730 2719 783 καὶ
2746 729 2992 792 κολάσεις
3025 729 3154 800 πρὶν
3187 729 3441 782 ἀπειπεῖν
3483 730 3670 791 αὐτοὺς

2107 815 2214 888 ’τὴν
2249 815 2336 870 διὰ
2377 817 2483 871 τῶν
2521 817 3033 890 φιλανθρωποτέρων
3068 817 3382 889 θεραπείανο
3412 817 3670 870 Θεσσαλο-

2113 908 2320 963 νικεῦσι
2336 909 2464 978 γοῦν
2483 910 2706 981 γράφων
2722 912 2749 964 ό
2767 912 3032 982 μακάριος
3049 911 3255 974 Παῦλος
3270 909 3397 981 περὶ
3411 909 3669 964 Ἰουδαίων

2113 1000 2218 1054 τῶν
2253 1002 2678 1071 σταυρωσόωτων
2707 1002 2798 1054 τὸν
2838 1001 3039 1072 Κύριον
3063 1041 3078 1064 ,
3114 1001 3306 1070 φησίν·
3343 1019 3362 1050 ι
3403 999 3668 1068 Ἔφθασεν
3704 1000 3710 1002 ⁷

2113 1093 2197 1146 ἐπ’
2226 1093 2420 1158 αὐτοὺς
2452 1095 2486 1164 ή
2523 1093 2661 1165 ὀργὴ
2697 1094 2778 1155 εἰς
2811 1091 2980 1156 τέλος.
3008 1111 3026 1144 ι
3069 1093 3140 1144 Ἢ
3176 1091 3276 1144 οὐκ
3315 1089 3546 1160 ἔφθασεν
3584 1091 3664 1142 ἐπ’

2110 1185 2303 1248 αὐτοὺς
2334 1185 2421 1238 διὰ
2457 1186 2738 1256 προφήτας
2775 1185 2809 1253 ἡ
2848 1182 3367 1255 προαναφωνηθεῖσα
3400 1180 3537 1253 ὀργὴ
3569 1197 3666 1234 πα-

2109 1276 2296 1340 θόντας
2325 1276 2431 1330 ὑπὸ
2466 1275 2746 1346 Ῥωμαίων
2774 1275 2947 1328 πάντα
2981 1271 3129 1327 δεινὰ
3157 1274 3252 1327 καὶ
3277 1272 3580 1343 ἀνήκεστας

2177 1369 2427 1434 Αἴτησαι
2482 1367 2618 1435 παρ’
2647 1367 2814 1437 ἐμοῦ,
2872 1367 2970 1420 καὶ
3020 1365 3192 1421 δώσω
3235 1382 3333 1420 σοι
3365 1367 3508 1434 ἔθνη
3557 1365 3666 1435 τὴν

2105 1460 2510 1529 κληρονομίαν
2558 1474 2706 1523 σου,
2748 1458 2844 1514 καί
2878 1457 2994 1525 τὴν
3035 1455 3408 1526 κατάσχεσιν
3433 1471 3550 1510 σου
3596 1455 3665 1512 τὰ

2104 1551 2327 1620 πέρατα
2362 1549 2472 1618 τῆς
2500 1549 2634 1618 γῆς,
2666 1567 2720 1603 κ.
2758 1568 2808 1605 τ.
2842 1551 2890 1605 ἐ.
2924 1549 3172 1603 Τέθειται
3210 1547 3318 1619 γὰρ
3349 1548 3425 1610 ὡς
3455 1547 3651 1618 ἄνθρω-

443 1631 684 1688 omnium
715 1649 811 1703 per
839 1635 1322 1706 dispensationem,
1357 1647 1416 1694 ut
1442 1639 1716 1709 deinceps,
1744 1649 1992 1712 tanquam

2104 1659 2203 1706 πος
2239 1641 2568 1713 κληρονόμος
2598 1640 2814 1695 πάντων
2841 1638 3217 1711 οἰκονομικῶς,
3264 1639 3352 1692 ἵνα
3386 1637 3569 1692 λοιπὸν
3591 1639 3661 1703 ὡς

431 1726 513 1781 'ad
543 1742 601 1782 se
625 1738 958 1798 speetantem
992 1740 1046 1787 et
1087 1732 1362 1801 propriam
1401 1749 1554 1789 suam
1590 1734 1992 1802 haereditatem,

2103 1702 2250 1803 αὐτῷ
2277 1702 2620 1806 προσήκοντά
2648 1748 2707 1784 τε
2739 1732 2832 1786 καὶ
2871 1730 2999 1784 ίδιον
3033 1729 3287 1801 ἀνασώσῃ
3312 1729 3513 1800 κλῆρον
3542 1730 3659 1792 10b;

441 1829 792 1876 conservaret
822 1837 916 1879 eos
941 1824 1034 1894 qui
1059 1824 1111 1878 in
1138 1835 1282 1880 terra
1305 1824 1566 1897 sacrilege
1585 1825 1813 1898 dispersi
1843 1837 2001 1884 erant

440 1923 470 1962 a
501 1910 737 1978 diabolo,
771 1913 1039 1983 sociisque
1071 1914 1188 1984 ejus
1218 1915 1511 1971 virtutibus
1551 1917 1825 1986 malignis.
1859 1919 1996 1987 Quin

439 2004 494 2050 et
523 2009 740 2070 peracta
769 1999 880 2068 jam
909 2001 1332 2072 dispensatione,
1371 2005 1441 2060 de
1471 2007 1630 2062 nobis
1675 2007 1741 2061 ad
1782 2005 1996 2064 Patrem

441 2101 596 2142 suum
650 2089 892 2145 dicit“:
929 2111 947 2145 ι
990 2092 1134 2160 Quos
1185 2095 1377 2150 dedisti
1417 2095 1547 2152 mihi
1575 2094 1641 2153 de
1668 2100 1889 2163 mundo,
1919 2101 1995 2155 tui

438 2187 618 2245 erant,
650 2189 704 2234 et
749 2181 882 2237 mihi
922 2197 1017 2238 eos
1049 2183 1263 2240 dedisti.
1296 2205 1315 2239 ι
1351 2185 1645 2242 Considera
1689 2203 1819 2245 vero
1861 2205 1996 2259 quo-

439 2273 596 2328 modo
618 2274 684 2328 ad
709 2275 924 2330 divitias
946 2276 1047 2332 sibi
1070 2277 1364 2333 secundum
1393 2295 1609 2337 carnem
1629 2292 1995 2352 competentes

439 2363 872 2420 ascendatetiam
889 2382 1010 2421 cum
1040 2383 1228 2423 carne.
1250 2369 1308 2424 Si
1331 2371 1475 2424 enim
1507 2371 1564 2440 ii,
1599 2374 1689 2440 qui
1711 2374 1764 2428 in
1796 2376 1994 2430 mundo

436 2463 613 2518 erant,
638 2454 815 2511 Patris
841 2467 1018 2524 erant,
1051 2461 1239 2530 utique
1277 2461 1502 2532 intelligi
1551 2475 1777 2534 possunt
1824 2469 1988 2522 etiam

435 2558 557 2598 esse
587 2543 768 2615 aliquo
808 2549 966 2603 modo
996 2549 1173 2616 Verbi,
1208 2550 1362 2619 cujus
1385 2553 1616 2608 consilio
1658 2565 1853 2611 cuncta
1897 2573 1992 2626 ge-

435 2635 540 2703 rit;
573 2637 840 2708 siquidem
866 2641 1027 2695 etiam
1055 2643 1284 2697 dixit":
1313 2662 1330 2696 ι
1354 2645 1544 2700 Omnia
1575 2663 1691 2702 mea
1717 2657 1806 2703 tua
1843 2659 1988 2714 sunt,

431 2736 485 2782 et
519 2737 609 2783 tua
639 2745 780 2797 mea,
814 2740 870 2786 et
921 2732 1248 2791 clarificatus
1285 2753 1404 2792 sum
1437 2739 1490 2794 in
1522 2739 1619 2794 eis.
1657 2757 1676 2791 ι
1711 2739 1991 2807 Quomodo

434 2818 602 2887 igitur
625 2823 899 2891 postulare
920 2825 1160 2895 jubetur,
1195 2837 1250 2882 et
1275 2829 1474 2899 accipit
1503 2830 1720 2898 quidem
1745 2832 1798 2885 in
1827 2832 1990 2886 haere-

435 2905 658 2960 ditatem
697 2918 911 2978 gentes,
951 2915 1347 2983 possessionem
1384 2931 1514 2972 vero
1550 2917 1682 2974 facit
1728 2921 1987 2976 terminos

440 2998 636 3052 terrm?
668 2999 871 3072 Nempe
915 3017 1033 3058 cum
1061 3005 1333 3062 hominem
1358 3023 1386 3061 a
1417 3009 1600 3064 divino
1621 3011 1842 3066 servitio
1871 3013 1986 3066 ina-

2101 1821 2192 1874 ἐπὶ
2217 1822 2316 1893 τῆς
2347 1822 2450 1891 γῆς
2479 1822 2708 1884 ἀνοσίως
2737 1820 3162 1892 διεσπαρμένους
3197 1819 3302 1872 ὑπό
3329 1835 3388 1871 τε
3423 1818 3516 1872 τοῦ
3547 1818 3656 1870 διαο

2101 1913 2256 1967 δόλου
2275 1911 2493 1967 καὶτῶν
2520 1913 2614 1966 σὺν
2637 1912 2784 1983 αύτῷ
2800 1911 3077 1982 δυνάμεων
3087 1908 3345 1980 πονηρῶν
3361 1925 3375 1938 ο
3399 1901 3459 1960 οὗ
3477 1907 3568 1960 καὶ
3581 1907 3657 1971 εἰς

2101 2009 2273 2080 πέρας
2308 2007 2686 2078 ὲνηνεγμένου,
2721 2006 2857 2078 πρὸς
2889 2005 2979 2058 τὸν
3025 2003 3216 2058 ἑαυτοῦ
3253 2001 3471 2074 Πατέρα
3530 1999 3656 2070 φησὶ

2097 2101 2223 2171 περὶ
2255 2098 2438 2170 ἡμῶν·
2479 2119 2497 2149 ‹
2527 2096 2632 2161 Οὓς
2679 2097 2915 2160 δέδωκάς
2950 2113 3036 2167 μοι
3077 2097 3142 2148 ὲκ
3179 2093 3273 2147 τοῦ
3319 2094 3545 2162 κόσμου,
3577 2091 3654 2144 σοὶ

2093 2184 2266 2260 ἦσαν,
2297 2189 2390 2241 καὶ
2429 2187 2552 2257 ἐμοὶ
2609 2186 2806 2248 αὐτοὺς
2851 2184 3106 2246 δέδωκας.
3139 2201 3156 2233 ι
3208 2180 3397 2252 Ἀθρει
3450 2180 3515 2250 δὴ
3565 2173 3652 2230 οῦν

2094 2283 2241 2345 ὅπως
2269 2283 2347 2345 εἰς
2383 2280 2474 2333 τὸν
2506 2279 2820 2350 ὑπάρχοντα
2851 2275 2999 2346 αὐτῷ
3047 2274 3272 2328 πλοῦτον
3318 2271 3462 2326 κατὰ
3501 2271 3652 2341 φύσιν

2094 2373 2264 2428 ἄνεισι
2309 2373 2428 2442 καὶ,
2456 2368 2594 2441 μετὰ
2634 2370 2854 2441 σαρκός.
2884 2369 2946 2421 Εἰ
2977 2365 3085 2437 γὰρ
3109 2362 3249 2437 ἦσαν
3287 2367 3336 2419 οἰ
3373 2367 3430 2417 ὲν
3470 2364 3652 2433 κόσμῳ

2093 2463 2187 2517 τοῦ
2217 2462 2450 2534 Πατρὸς,
2478 2461 2622 2514 κατά
2652 2477 2776 2515 τινα
2804 2459 3002 2529 τρόπον
3029 2457 3267 2528 νοηθείεν
3296 2455 3362 2511 ἂν
3388 2453 3484 2508 τοῦ
3518 2471 3649 2524 συμ-

2092 2555 2432 2618 ϐουλεύοντος
2483 2553 2632 2625 αὐτῷ
2685 2553 2857 2621 Λόγου
2876 2568 2890 2582 °
2939 2551 3212 2622 τοιγάρτοι
3269 2549 3362 2602 καὶ
3420 2547 3644 2616 ἔφασκε·

2097 2667 2115 2698 ι
2144 2647 2324 2701 Πάντα
2355 2645 2424 2698 τὰ
2463 2645 2572 2716 ἐμὰ
2610 2643 2679 2698 σά
2713 2646 2848 2709 ἐστι,
2891 2644 2986 2696 καὶ
3013 2643 3082 2694 τὰ
3113 2641 3181 2694 σὰ
3213 2639 3353 2712 ἐμά·
3391 2639 3485 2692 καὶ
3513 2637 3648 2690 δεδό-

2091 2738 2291 2807 ξασμαι
2323 2738 2380 2789 ἐν
2419 2737 2619 2799 αὐτοῖς.
2647 2754 2664 2786 ι
2711 2733 2836 2799 Πῶς
2879 2730 2972 2788 οῦν
3011 2734 3180 2786 αἰτεῖν
3222 2730 3643 2802 προστάττεται,

2088 2829 2181 2881 καὶ
2204 2828 2414 2897 δέχεται
2447 2827 2546 2897 μὲν
2575 2829 2654 2887 εἰς
2683 2825 3046 2897 κληρονομίαν
3075 2824 3223 2894 ἔθνη,
3241 2822 3567 2891 κατάσχεσιν
3590 2819 3644 2873 δὲ

2089 2923 2318 2974 ποιεῖται
2351 2919 2419 2973 τὰ
2453 2919 2664 2989 πέρατα
2689 2919 2792 2988 τῆς
2826 2919 2955 2987 γῆς;
3011 2917 3516 2987 Ἀποσκιρτήσαντα
3542 2912 3645 2984 γὰρ

2089 3010 2344 3083 ὲξιτήλως
2371 3010 2462 3064 τὸν
2485 3011 2769 3081 ἄνθρωπον
2794 3008 3034 3071 δουλείας
3069 3007 3172 3077 τῆς
3202 3005 3305 3060 ὑπὸ
3333 3003 3493 3069 Θεοῦ,
3536 3002 3644 3054 δια-

428 3085 572 3140 niter
600 3089 929 3146 resilientcm
983 3093 1180 3149 salvari
1211 3095 1370 3168 542
1407 3099 1586 3166 vellet,
1638 3101 1864 3156 Genitor
1920 3118 1985 3158 ac

2093 3100 2258 3154 σῶσαι
2300 3099 2468 3154 θέλων
2510 3099 2696 3153 τοῦτον
2741 3097 3121 3171 Γενεσιουργὸς
3173 3097 3266 3150 καὶ
3318 3096 3508 3167 Πατὴρ
3551 3095 3642 3146 πέ-

426 3175 587 3232 Pater
617 3179 855 3235 Verbum
883 3183 1217 3252 unigenitum
1248 3189 1300 3241 in
1331 3190 1586 3245 mundum
1639 3194 1784 3247 hunc
1813 3192 1980 3258 misit,

427 3273 486 3319 ut
532 3281 659 3322 caro
708 3269 933 3336 factum,
965 3281 1018 3325 et
1051 3277 1526 3347 comprehensum,
1560 3289 1616 3335 et
1651 3293 1841 3338 natura
1874 3299 1979 3338 non

424 3367 707 3424 mutatum,
724 3362 1042 3429 praedicaret
1069 3367 1297 3436 captivis
1321 3366 1727 3444 indulgentiam,
1753 3388 1809 3431 et
1827 3379 1983 3435 cascis

424 3447 620 3503 visum.
653 3449 837 3522 Itaque
869 3456 1116 3524 quamvis
1145 3460 1216 3514 ob
1246 3460 1635 3522 humanitatem
1657 3467 1868 3523 dicatur
1890 3451 1980 3526 ac-

423 3545 624 3612 cipere,
662 3555 718 3602 et
769 3547 944 3604 haeres
991 3551 1322 3610 constitutus
1353 3571 1498 3624 esse,
1539 3573 1644 3616 non
1673 3561 1979 3632 ignoremus

418 3635 898 3703 dispensationem.

489 3725 770 3796 Ejusdem.
792 3730 898 3788 Per
921 3733 1292 3791 hmreditatem
1319 3738 1566 3810 intelligit
1589 3745 1816 3800 rationis
1835 3761 1980 3803 com-

418 3825 597 3886 potem
621 3829 897 3890 naturam,
929 3840 1048 3894 quae
1076 3828 1193 3896 ipsa
1235 3829 1540 3900 haereditat,
1586 3836 1726 3890 sicut
1764 3840 1977 3908 sapien-

419 3907 572 3974 tiam,
597 3908 672 3962 ita
719 3919 772 3964 et
806 3913 1117 3982 scientiam,
1163 3926 1217 3972 et
1248 3920 1572 3992 veritatem,f
1599 3932 1652 3978 et
1680 3907 1969 3992 justitiam.

413 3999 508 4055 Est
534 4011 715 4057 autem
747 4005 1040 4063 haereditas
1084 4019 1291 4066 natura:
1339 4015 1683 4071 rationabilis
1728 4029 1972 4074 contem-

411 4092 578 4162 platio
604 4109 988 4170 corporearum
1020 4108 1074 4156 et
1097 4101 1541 4172 incorporearum
1569 4123 1772 4176 rerum,
1799 4121 1855 4166 et
1878 4112 1973 4168 Dei

410 4185 500 4252 qui
529 4187 772 4242 omnium
809 4204 969 4245 causa
1002 4201 1104 4248 est.

486 4275 645 4337 Vens.
681 4280 734 4336 9.
765 4277 958 4335 Pasees
986 4299 1073 4337 eos
1102 4287 1154 4338 in
1181 4285 1324 4356 virga
1348 4287 1542 4357 ferrea,
1573 4302 1819 4360 tanquam
1846 4315 1969 4354 vasa

2085 3208 2298 3263 πομφεν
2333 3194 2412 3256 εἰς
2451 3193 2602 3246 τόνδε
2648 3193 2739 3245 τὸν
2777 3191 3100 3262 ἐνεστηκότα
3131 3191 3331 3260 κόσμον
3361 3189 3453 3242 τὸν
3496 3203 3644 3258 μονο-

2083 3284 2215 3354 γενῆ
2240 3283 2431 3354 Λόγον,
2467 3285 2553 3338 ἵνα
2579 3284 2866 3354 γενόμενος
2901 3281 3054 3354 σὰρξ,
3091 3283 3183 3335 καὶ
3234 3280 3524 3352 χωρηθεὶς,
3554 3280 3641 3332 καὶ

2082 3377 2242 3446 φύσει
2290 3377 2609 3450 ἀστραφὴς,
2647 3375 2856 3447 κηρύξῃ
2891 3373 3252 3445 αἰχμαλώτοις
3291 3372 3505 3441 ἄφεσιν,
3550 3371 3641 3424 καὶ

2060 3465 2298 3536 ’τυφλοῖς
2324 3465 2631 3536 ἀνάϐλεψιν.
2663 3465 2870 3518 Οὐκοῦν
2899 3463 3002 3518 κᾶν
3024 3465 3072 3515 εἰ
3092 3462 3301 3532 λέγοιτο
3327 3461 3530 3524 λαϐεῖν,
3552 3461 3640 3513 καὶ

2077 3556 2346 3611 τεθεῖσθαι
2375 3557 2706 3629 κληρονόμος
2735 3555 2824 3608 διὰ
2849 3554 2910 3607 τὸ
2936 3552 3294 3624 ἀνθρώπινον,
3319 3553 3418 3606 οὐκ
3445 3552 3637 3622 ἁγνοήο

2080 3667 2259 3722 σωμεν
2286 3651 2385 3722 τὴν
2415 3650 2741 3721 οἰκονομίαν.

2154 3763 2263 3818 Τοῦ
2303 3763 2506 3818 αὐτοῦ.
2553 3761 2662 3834 Τὴν
2695 3759 3052 3832 κληρονομίαν
3090 3757 3202 3829 (75)
3238 3757 3383 3824 λέγει
3427 3755 3523 3827 τὴν
3551 3754 3636 3806 λο-

2075 3855 2236 3926 γικὴν
2263 3853 2440 3924 φύσιν,
2466 3855 2500 3924 ἢ
2521 3853 2614 3906 καὶ
2645 3851 2783 3922 αὐτὴ
2813 3849 3135 3921 κληρονομεῖ
3158 3849 3234 3912 ὡς
3257 3847 3466 3917 σοφίαν,
3499 3846 3637 3899 οὕτω

2075 3947 2170 4001 καὶ
2202 3945 2421 4016 γνῶσιν,
2452 3946 2544 3998 καὶ
2567 3944 2841 4014 ἀλήθειαν,
2873 3944 2966 3998 καὶ
2994 3940 3357 4012 δικαιοσύνην.
3389 3940 3544 3993 Ἐστι
3581 3938 3634 3990 δὲ

2072 4042 2105 4111 ἡ
2137 4037 2469 4110 κληρονομία
2518 4036 2618 4107 τῆς
2648 4036 2872 4107 λογικῆς
2911 4035 3122 4106 φύσεως
3150 4033 3350 4104 θεωρία
3384 4031 3492 4085 τῶν
3535 4048 3636 4084 σω-

2075 4127 2316 4200 ματικῶν
2369 4126 2463 4180 καὶ
2510 4125 2618 4179 τῶν
2661 4125 2999 4198 ἀσωμάτων,
3029 4125 3123 4178 καὶ
3149 4122 3350 4176 τούτων
3382 4121 3633 4176 ἁπάντων

2070 4219 2244 4274 αἰτίου
2271 4219 2425 4274 Θεοῦ.

2137 4313 2452 4382 Hamas-sig-
2489 4311 2709 4377 αὐτοὺς
2741 4311 2810 4364 ἐν
2830 4308 3030 4378 ῥάϐδῳ
3054 4305 3299 4377 σιδηρᾷ·
3331 4306 3411 4371 ὡς
3443 4304 3629 4369 σκεύη

405 4368 556 4441 ﬁguli
583 4371 878 4441 con[ringes
920 4389 1028 4440 eos,
1077 4385 1183 4431 etc.
1233 4377 1324 4432 Sic
1380 4385 1609 4453 et-apud
1653 4387 1966 4457 Apostolum

2093 4368 2368 4475 ιεραμέως
2408 4368 2758 4472 συντρίψας
2798 4402 3050 4466 αὐτούς,
3081 4416 3136 4452 κ.
3168 4417 3218 4451 τ.
3252 4400 3296 4451 ὲ.
3333 4398 3440 4450 Καὶ
3482 4395 3630 4464 παρὰ

406 4461 650 4516 severior
679 4463 960 4533 disciplina
989 4481 1094 4536 qua
1120 4469 1360 4541 indigent
1395 4486 1714 4543 peccatores
1739 4489 1791 4535 et
1820 4483 1968 4537 inﬁr-

2073 4490 2150 4561 τῷ
2205 4492 2507 4562 Ἀποστόλῳ
2558 4492 2667 4562 (76)
2720 4493 2752 4562 ἡ
2807 4487 3294 4560 ὲκπληκτικωτέρα
3324 4486 3540 4556 ἀγωγὴ,
3565 4480 3630 4555 ἧς

403 4551 604 4605 miores
638 4553 690 4607 in
728 4553 852 4620 (ide,
880 4556 1029 4627 virga
1059 4560 1388 4630 nominatur,
1410 4579 1532 4620 cum
1558 4567 1633 4621 ait
1656 4568 1703 4600 ‘°
1729 4587 1744 4624 :
1773 4587 1793 4622 ι
1827 4571 1965 4638 Quid

2093 4551 2277 4636 ῖέονται
2321 4584 2372 4635 οἱ
2417 4551 2819 4654 ἁμαρτάνοντες
2877 4551 2981 4634 καὶ.
3017 4582 3063 4633 οἱ
3117 4578 3493 4650 ἀσθενέστεροι
3525 4575 3628 4629 τῶν

405 4641 620 4696 vultis?
647 4643 702 4698 in
735 4645 886 4718 virga
921 4649 1134 4702 veniant
1176 4651 1242 4705 ad
1278 4666 1394 4720 vos,
1424 4670 1490 4710 an
1517 4656 1568 4710 in
1603 4658 1873 4715 charitale
1910 4672 1965 4717 et

2093 4641 2481 4726 πεπιστευκέναί
2514 4641 2897 4742 νομιζομένων,
2936 4671 3124 4742 ῥάϐδος
3173 4641 3512 4741 ὀνομάζεται,
3546 4669 3626 4723 λέ-

403 4736 598 4804 spiritu
627 4741 1098 4797 mansuetudinis?
1133 4761 1152 4794 »
1180 4744 1244 4798 Ει
1274 4745 1452 4804 adhuc
1473 4751 1625 4818 prius
1661 4754 1799 4821 apud
1827 4753 1959 4809 Pro-

2093 4781 2235 4817 ὀντιο
2278 4783 2296 4814 ι
2330 4763 2394 4816 Τί
2429 4736 2641 4827 θέλετε;
2685 4736 2743 4815 έν
2772 4736 2950 4833 passu
2980 4761 3116 4815 έλθω
3144 4736 3281 4833 πρὸς
3313 4763 3475 4833 ὑμᾶς,
3507 4763 3538 4830 ἢ
3569 4763 3625 4813 ὲν

403 4827 618 4896 phetam
675 4835 1053 4902 peccatoribus
1091 4835 1305 4893 divinus
1334 4853 1516 4895 sermo
1571 4844 1809 4898 minatur
1849 4847 1959 4900 vir-

2093 4856 2272 4926 ιγάπῃ,
2308 4855 2576 4926 πνεύματί
2611 4875 2670 4911 τε
2711 4827 3044 4929 «parient-0;;
3082 4875 3100 4908 ι
3137 4827 3247 4910 Καὶ
3264 4827 3624 4926 ἑτι-πρότερον

403 4935 526 4988 gain
561 4932 616 4975 et
639 4922 870 4992 ﬂagella,
899 4941 964 4982 eo
995 4929 1138 4998 quod
1168 4929 1599 4988 misericordiam
1627 4951 1734 4990 non
1781 4953 1958 4995 remo-

2093 4922 2320 5021 idpinﬂp
2353 4922 2611 5024 Προφήτῃ
2649 4922 2768 5014 τοῖς
2785 4922 3182 5022 ἁμαρτάνουσιν
3225 4949 3254 5000 ὁ
3292 4922 3432 5008 θεῖος
3472 4946 3623 5013 λόγος

402 5020 558 5065 turus
591 5013 666 5067 sit
692 5015 762 5069 ab
803 5030 990 5071 eorum
1036 5018 1219 5085 Patre,
1265 5022 1370 5078 hoc
1401 5033 1516 5089 est,
1545 5025 1783 5081 Christo.
1821 5027 1954 5084 Nam

2093 5013 2273 5095 ιπειλεῖ
2291 5013 2495 5112 ’ῥάϐδον
2667 5013 2952 5114 μάστιγας,
2996 5042 3088 5095 ἐπὶ
3116 5040 3194 5112 τῷ
3221 5040 3314 5093 τὸν
3362 5039 3508 5091 έλεον
3549 5036 3620 5106 μὴ

397 5101 661 5171 ejusmodi
693 5107 978 5164 curatione
1002 5108 1266 5183 indigent.
1301 5131 1322 5166 ι
1351 5112 1596 5171 Visitabo
1623 5136 1642 5170 ι
1685 5119 1849 5186 enim,
1877 5121 1957 5174 in-

2093 5132 2362 5203 .ποστῆσαι
2421 5133 2530 5187 ἀπὸ
2588 5133 2684 5187 τοῦ
2737 5133 2950 5204 Πατρός
2995 5132 3198 5197 αὐτῶν,
3245 5129 3489 5185 τουτέστι
3528 5129 3617 5182 τοῦ

396 5193 516 5261 quit
537 5192 605 5259 ",
643 5212 664 5246 ι
700 5196 754 5250 in
784 5197 936 5268 virga
966 5199 1276 5274 iniquitates
1302 5220 1513 5274 eorum,
1549 5219 1603 5263 et
1632 5209 1682 5263 in
1712 5211 1956 5266 verberi-

2093 5222 2318 5294 ἱριστοῦ,
2352 5223 2606 5294 τοιαύτης
2651 5223 2941 5295 θεραπείας
2984 5223 3268 5293 δεομένων.
3307 5239 3326 5272 ι
3373 5216 3620 5272 Ἐπισκέ-

393 5283 495 5338 bus
519 5299 738 5354 peccata
759 5303 970 5358 eorum,
1002 5294 1429 5352 misericordiam
1449 5310 1628 5356 autem
1650 5317 1822 5356 meam
1849 5319 1953 5361 non

2093 5283 2230 5387 ,δμαι
2256 5337 2274 5369 ι
2306 5283 2440 5388 γὰρ,
2469 5283 2663 5387 φησίν,
2699 5283 2799 5369 ίὲν
2828 5283 3006 5387 ρἁδῳ
3032 5283 3130 5378 τάς
3164 5312 3390 5383 ἀνομίας
3419 5311 3615 5376 αὐτῶν,
3681 5334 3683 5341 τ

463 5423 550 5479 ⁸³1
586 5425 776 5486 Thess.
807 5447 866 5498 ιι,
899 5433 987 5489 16.
1061 5434 1109 5467 ⁸⁵⁸
1140 5432 1297 5490 Joan.
1323 5453 1455 5506 xvn,
1487 5441 1541 5495 6.
1616 5440 1663 5474 ⁸⁵
1699 5443 1830 5500 ibid.
1877 5442 1966 5508 l0.

2112 5448 2133 5504 ι
2162 5449 2288 5505 Cor.
2322 5465 2399 5516 tv,
2433 5450 2521 5506 ﬁl.
2597 5451 2641 5483 ⁵⁷
2672 5451 2761 5508 Ps.
2785 5467 3049 5517 Lxxxvut,
3080 5454 3167 5518 5'3,
3191 5453 3276 5507 54.

750 5579 1170 5658 κληρονομίαν,
1194 5593 1299 5658 etc.
1336 5584 1378 5641 E
1403 5586 1616 5645 schedis
1647 5589 1854 5650 Grabii.

2065 5593 2404 5670 {occianmet
2436 5595 2650 5654 scbedis
2674 5596 3000 5657 Combclisii.
3025 5597 3206 5658 Latine
3230 5608 3448 5657 exstant
3475 5600 3614 5670 apud

463 5644 573 5712 (70)
607 5643 716 5698 Καὶ
745 5643 902 5715 παρὰ
933 5643 1022 5716 tri;
1054 5643 1406 5721 Ἀποστόλῳ,
1433 5665 1538 5714 etc.
1567 5643 1606 5713 Ε
1635 5643 1942 5718 εοᾱίοέίῖη-

2052 5662 2126 5718 Ba
2136 5663 2374 5719 rbat'um.
