4046 6152
453 259 591 318 £109

1467 254 1778 312 SELECTA
1817 253 1884 310 ΙΝ
1914 244 2246 307 PSALMOS.
2283 281 2348 294 -
2378 246 2572 304 PSAL.
2605 245 2672 304 ll.

3563 243 3704 302 ιιιο

454 384 546 438 καὶ
576 385 636 435 ἐν
667 382 885 454 μάστιξι
913 375 1012 448 τὰς
1040 380 1312 454 ἁμαρτίας
1339 379 1544 434 αὐτῶνθ
1574 380 1634 434 τὸ
1662 379 1720 434 δὲ
1749 379 1895 443 ἔλεός
1927 395 2023 450 μου

2136 376 2451 446 dispergam
2499 372 2566 426 ab
2605 386 2690 427 eo.
2728 389 2746 421 ι
2781 368 2962 437 Quare
3011 374 3066 422 et
3106 366 3220 435 ipse
3248 364 3501 421 Christus
3552 363 3706 434 virga

452 475 513 529 ού
541 473 614 545 μὴ
639 473 975 527 διασκεδάσω
1017 474 1112 527 ἀπ’
1145 468 1331 526 αὐτοῦ.
1366 491 1386 524 ›
1421 471 1520 524 Διὰ
1556 470 1715 524 τοῦτο
1747 470 1841 524 καὶ
1871 468 2030 534 αὐτὸς

450 570 482 622 6
533 565 766 629 Χριστὸς
819 565 1012 638 ῥάϐδος
1070 561 1210 618 εἶναι
1261 564 1413 636 παρὰ
1447 562 1526 634 τῷ
1559 563 1760 632 Ἡσαΐᾳ
1791 559 2028 630 λέγεται.

2131 468 2332 525 dicitur
2361 467 2430 522 ab
2453 465 2622 531 Isaia;
2653 465 2749 519 sed
2773 462 3030 534 quoniam
3059 469 3186 515 sunt
3211 457 3456 513 nonnulli
3482 455 3574 527 qui
3599 471 3704 513 non

2131 561 2379 630 indigent
2405 556 2670 627 asperiori
2694 554 3001 625 disciplina,
3025 568 3150 608 cum
3178 552 3388 619 seipsos
3415 550 3708 605 exhibeant

463 657 602 710 Ἀλλ’
635 657 757 710 ἐπεί
800 673 947 719 τινες
977 657 1036 709 ού
1074 656 1280 709 δέονται
1305 656 1404 726 τῆς
1432 656 1490 707 ἐν
1519 654 1842 726 σκληρότητι
1888 654 2023 722 ἀγω-

2135 654 2326 723 dignos
2361 649 2696 720 benignitate
2740 655 3134 718 praeceptorum
3173 645 3347 707 verbi,
3395 641 3496 698 ﬂos
3537 645 3704 698 etiam

449 746 554 816 γῆς
580 747 806 810 ἑαυτοὺς
837 748 1172 819 παρέχοντες
1194 747 1380 811 ἀξίους
1402 745 1504 816 τῆς
1525 746 1891 819 χρηστότητος
1920 744 2031 798 τῶν

2133 746 2202 799 ab
2227 744 2418 798 eodem
2445 743 2715 812 propheta
2751 739 3088 794 nominatur.
3118 756 3136 790 ι
3177 736 3494 806 Egredietur
3525 737 3698 800 enim,

451 836 824 908 θεωρημάτων
879 838 972 892 τοῦ
1022 838 1214 906 λόγου,
1251 839 1346 892 καὶ
1387 836 1546 900 ἄνθος
1592 837 1742 910 παρὰ
1769 835 1848 907 τῷ
1883 837 2023 906 αὐτῷ

2132 836 2312 906 inquit
2341 835 2414 902 ⁸⁸,
2448 834 2600 904 virga
2647 833 2713 888 de
2765 831 2948 886 radice
2984 829 3157 894 Iesse,
3188 841 3243 884 et
3281 828 3380 884 ﬂos
3409 830 3476 884 de
3511 827 3701 884 radice

452 932 707 1004 προφήτῃ
739 930 1092 1001 ὀνομάζεται·
1140 948 1160 983 ι
1210 927 1580 995 Ἐξελεύσεται
1653 928 1802 999 γὰρ,
1857 926 2028 998 φησὶ,

454 1020 648 1094 ῥάϐδος
677 1025 741 1077 ἐκ
772 1024 874 1096 τῆς
939 1022 1094 1094 ῥίζης
1130 1024 1348 1090 Ἰεσσαί,
1374 1023 1467 1076 καὶ⁵
1487 1021 1645 1085 ἄνθος
1671 1023 1734 1074 ἐκ
1752 1020 1852 1090 τῆς
1877 1019 2030 1090 ῥίζης

451 1113 803 1184 ἀναϐήσεται,
839 1113 934 1167 καὶ
963 1114 1335 1167 ἀναπαύσεται
1367 1115 1453 1168 ἐπ’
1475 1114 1633 1166 αὑτὸν
1672 1111 1899 1182 Πνεῦμα
1935 1112 2030 1165 τοῦ

450 1206 605 1270 Θεοῦ,
640 1205 856 1277 πνεῦμα
889 1207 1078 1278 σοφίας
1115 1208 1210 1260 καὶ
1253 1206 1552 1269 συνέσεως,
1589 1204 1805 1276 πνεῦμα
1839 1204 2031 1276 βουλῆς

450 1297 544 1352 καὶ
595 1297 811 1368 ἰσχύος,
853 1299 1072 1371 πνεῦμα
1121 1299 1377 1369 γνώσεως
1433 1299 1526 1352 καὶ¹
1575 1297 1876 1362 εὐσεϐείας,
1934 1298 2031 1351 καὶ⁹

449 1390 716 1462 ἐμπλήσει
738 1391 899 1444 αὑτὸν
924 1390 1141 1464 πνεῦμα
1171 1391 1342 1460 φόϐου
1376 1389 1531 1443 Θεοῦ.
1557 1408 1576 1440 ›
1596 1389 1820 1442 Ῥάϐδου
1847 1390 2030 1443 τοίνυν

447 1482 657 1536 δέονται
686 1483 1077 1556 ποιμαινούσης
1092 1485 1139 1538 οἱ
1154 1483 1580 1555 κτηνωδέστεροι
1604 1481 1710 1536 τῶν
1723 1481 1802 1554 τῷ
1812 1481 1931 1553 Θεῷ
1945 1481 2030 1536 διὰ

451 1575 688 1646 Χριστοῦ
735 1575 1209 1648 προσερχομένων.
1256 1575 1567 1644 Ἀναγκαῖον
1617 1573 1673 1627 δὲ
1722 1573 2030 1638 ἀκολούθως

452 1665 624 1718 σῶσαι
654 1666 771 1731 πῶς
799 1669 828 1720 6
855 1667 1046 1740 Πατὴρ
1074 1667 1152 1738 τῷ
1185 1667 1299 1738 Υίῷ
1330 1683 1492 1738 φησιν
1515 1669 1544 1720 6
1565 1666 1686 1731 δοὺς
1713 1667 1863 1738 αὐτῷ
1895 1666 2028 1738 κλη-

2133 927 2418 991 ascendet,
2463 934 2519 980 et
2555 925 2858 995 requiescet
2898 938 3063 990 super
3105 937 3229 976 eum
3277 921 3515 990 Spiritus
3563 919 3697 986 Dei,

2132 1017 2356 1087 Spiritus
2381 1015 2662 1087 sapientiae
2691 1027 2747 1070 et
2778 1015 3111 1080 intellectus,
3145 1014 3371 1082 spiritus
3399 1013 3616 1070 consilii
3646 1024 3704 1068 et

2131 1109 2494 1174 fortitudinis,
2522 1108 2748 1178 spiritus
2783 1107 3026 1162 scientiae
3065 1116 3122 1160 et
3152 1106 3417 1176 pietatis,,
3440 1115 3495 1160 et
3525 1104 3702 1176 reple-

2130 1202 2211 1259 bit
2238 1217 2360 1258 eum
2399 1202 2625 1272 spiritus
2651 1199 2864 1256 timoris
2889 1198 3006 1254 Dei.
3050 1217 3069 1252 ι
3103 1196 3358 1276 ludigent
3391 1209 3524 1267 ergo
3553 1199 3702 1267 virga

2131 1302 2390 1365 pascente
2425 1301 2701 1363 quotquot
2751 1306 2819 1347 ex
2852 1291 2919 1346 iis
2948 1290 3042 1361 qui
3111 1291 3179 1344 ad
3215 1291 3382 1343 Deum
3421 1303 3520 1359 per
3546 1288 3706 1345 Chri-

2131 1391 2276 1442 stum
2308 1387 2596 1452 accedunt,
2640 1384 2906 1456 pecudum
2961 1397 3114 1438 more
3173 1382 3381 1436 vivunt.
3437 1381 3704 1436 Caeterum

2132 1479 2484 1535 considerare
2505 1494 2640 1548 opus
2662 1485 2744 1532 est
2775 1475 3049 1546 quomodo
3074 1474 3233 1529 Pater
3260 1475 3351 1544 qui
3385 1471 3534 1529 dedit
3565 1471 3706 1528 Filio

2129 1583 2318 1645 gentes
2346 1574 2400 1626 iu
2445 1571 2845 1634 hacreditatem,
2886 1578 2942 1624 et
2984 1570 3038 1622 in
3075 1567 3480 1638 possessionem
3514 1568 3705 1620 termi-

2133 1681 2231 1720 nos
2261 1673 2446 1723 terrm.
2475 1664 2523 1718 ei
2554 1661 2700 1717 dicat
2727 1683 2738 1717 :
2769 1680 2787 1713 ι
2824 1659 3106 1730 Tanquam
3137 1673 3235 1713 vas
3275 1656 3424 1728 figuli
3461 1655 3705 1711 confrin-

452 1757 705 1831 ρονομίαν
753 1729 829 1812 τὰ
863 1729 1025 1831 έθνηζ
1071 1729 1165 1814 καὶ
1199 1729 1526 1832 κατάσχεσιν
1564 1759 1633 1814 τὰ
1669 1729 1894 1830 πέρατα
1927 1729 2023 1830 της

2129 1771 2228 1826 ges
2263 1753 2552 1820 eos.rQuis
2582 1753 2726 1807 enim
2752 1751 2844 1806 dat
2867 1750 3266 1813 haereditatem,
3310 1759 3706 1803 utconteratur

447 1847 572 1917 γῆς·
603 1866 622 1899 ι
645 1847 733 1912 Ὦς
768 1849 962 1913 σκεῦος
995 1851 1278 1921 κεραμέως
1307 1850 1616 1922 συντρίψεις
1639 1851 1854 1914 αὐτούς.
1875 1869 1894 1903 ι
1931 1852 2028 1915 Τίς

448 1941 558 2012 γὰρ
589 1940 771 1994 δίδωσι
813 1942 1178 2014 κληρονομίαν
1219 1945 1313 1996 ἐπι
1353 1942 1432 2014 τῷ
1477 1942 1825 2015 συντριϐῆναι
1860 1941 2027 2014 αὐτὴν

449 2033 555 2087 ὑπὸ
577 2034 670 2088 τοῦ
684 2033 1186 2106 κληρονομοῦντος;
1221 2035 1471 2089 Δεικτέον
1499 2031 1592 2091 οῦν
1610 2035 1718 2089 ἀπὸ
1746 2035 1855 2089 τῶν
1884 2037 2025 2108 Γρα-

448 2128 564 2197 φῶν
596 2127 694 2199 τὴν
724 2127 1016 2199 συντριϐήν
1042 2146 1202 2182 τινων
1247 2129 1459 2183 κεῖσθαι
1509 2129 1595 2181 ἐπ’
1639 2129 1893 2201 ὠφελείᾳ.
1925 2129 2028 2184 Εὔι-

453 2237 614 2292 ρομεν
665 2221 728 2292 δὴ
791 2221 850 2274 ἐν
880 2220 957 2293 τῷ
1016 2221 1369 2293 πεντηκοστῷ
1416 2222 1620 2294 ψαλμῷ
1655 2224 1744 2288 τὸ,
1802 2242 1822 2275 ι
1857 2223 2028 2278 Θυσία

450 2312 526 2382 τῷ
577 2313 697 2383 Θεῷ
743 2312 965 2384 πνεῦμα
1010 2314 1508 2386 συντετριμμένονο
1568 2314 1798 2387 καρδίαν
1839 2333 2026 2370 συντε-

449 2405 754 2476 τριμμένην
791 2405 887 2459 καὶ
937 2407 1414 2478 τεταπεινωμένην
1456 2409 1486 2460 6
1529 2407 1663 2471 Θεὸς
1720 2407 1820 2460 οὐκ
1877 2409 2028 2474 ἐξου-

447 2497 695 2550 δενώσει·
737 2518 755 2548 ι
821 2499 915 2551 καὶ
974 2499 1034 2551 ἐν
1083 2498 1254 2570 ἑτέρῳ
1303 2501 1558 2572 προφήτῃ
1612 2501 2028 2572 προστακτικῶς

447 2590 736 2662 λεγόμενον
766 2591 860 2656 τὸ,
919 2610 936 2643 ι
983 2592 1113 2644 Ἀπὸ
1165 2592 1457 2663 συντριϐῆς
1511 2593 1820 2664 πνεύματος
1875 2594 2027 2666 ὑμῶν

448 2681 744 2748 ὀλολύξετε.
776 2701 795 2734 ι
856 2682 1064 2738 Οὐκοῦν
1112 2682 1331 2754 πνεῦμά
1380 2685 1526 2738 ἐστιν
1564 2686 1624 2738 ἐν
1655 2687 1786 2757 ἡμῖν
1824 2687 1854 2739 ὃ
1905 2702 2028 2740 συν-

449 2769 632 2842 τρίψαι
684 2773 783 2838 δεῖ,
829 2774 914 2826 ἵνα
967 2773 1245 2845 συντριϐὲν
1292 2773 1514 2845 γένηται
1559 2775 1720 2830 θυσία
1763 2776 1838 2848 τῷ
1885 2777 2022 2849 Θεῷ.

449 2863 559 2916 Καὶ
606 2864 658 2916 τί
697 2864 762 2917 ἂν
802 2863 927 2919 ἄλλο
988 2865 1142 2919 τοῦτο
1186 2865 1270 2935 εἴη
1302 2865 1333 2936 ἢ
1384 2865 1445 2918 τὸ
1474 2870 1676 2939 χεῖρον,
1710 2869 1843 2940 ὅπερ
1877 2870 2028 2939 ὑγιὲς

453 2955 553 3025 μὲν
603 2952 741 3011 εἶναι
800 2957 948 3011 δοκεῖ
1016 2960 1104 3012 ὅτε
1167 2961 1416 3030 ἐνεργεῖ·
1485 2961 1863 3033 συντέτριπται
1924 2963 1982 3018 δὲ
2007 3005 2022 3029 ,

2131 1849 2198 1903 ab
2221 1848 2457 1904 luerede?
2477 1844 2880 1904 Ostendcudum
2907 1844 3074 1916 igitur
3085 1851 3169 1897 est
3194 1857 3224 1895 e
3245 1841 3543 1911 Scripturis
3568 1855 3706 1910 quo-

2127 1941 2375 1997 rumdam
2406 1940 2792 1996 contritionem
2821 1939 2944 2007 poni
2965 1949 3222 2005 tanquam
3250 1934 3458 1989 utilem.
3486 1934 3706 1989 Inveni-

2129 2050 2250 2091 mus
2273 2037 2467 2106 quippe
2501 2035 2553 2088 in
2581 2033 3030 2103 quinquagesimo
3057 2030 3265 2100 psalmo
3294 2028 3422 2084 illud
3441 2027 3521 2083 “z
3549 2046 3568 2080 ι
3601 2025 3704 2082 Sa-

2129 2127 2394 2183 criticium
2413 2126 2523 2182 Deo
2541 2127 2769 2197 spiritus
2787 2123 3200 2186 contribulatus,
3219 2137 3315 2177 cor
3335 2120 3630 2176 contritum
3649 2126 3706 2173 et

2129 2219 2471 2274 humiliatum
2493 2218 2634 2274 Deus
2659 2232 2764 2272 non
2783 2215 3065 2285 despiciet.
3090 2233 3109 2267 ι
3134 2214 3198 2267 Ει
3221 2214 3290 2268 ab
3316 2213 3421 2266 alio
3443 2209 3700 2281 propheta

2127 2313 2492 2382 praecipiendo
2523 2310 2721 2366 dicitur
2745 2308 2876 2362 illud
2897 2306 2975 2358 θοι
3004 2325 3023 2358 ι
3051 2305 3166 2359 Prae
3193 2303 3521 2358 contritione
3539 2301 3706 2370 spiri-

2130 2415 2218 2460 tus
2244 2405 2408 2459 vestri
2437 2402 2740 2459 ululabitis.
2755 2399 2876 2471 )Spi
2887 2399 3022 2453 ritus
3039 2412 3168 2466 ergo
3186 2396 3240 2450 in
3256 2395 3413 2450 nobis
3433 2403 3518 2449 est
3541 2407 3700 2463 quem

2128 2496 2288 2569 55.3
2316 2505 2598 2551 conterere
2631 2501 2872 2563 oportet,
2921 2501 2980 2546 ut
3025 2488 3297 2544 contritus
3344 2487 3441 2541 fiat
3485 2483 3702 2540 sacriﬁ-

2125 2588 2272 2643 cium
2315 2587 2451 2641 Deo.
2502 2585 2572 2640 Et
2607 2586 2733 2654 quis
2766 2583 2903 2638 alius
2945 2587 3047 2638 iste
3079 2580 3245 2636 fuerit
3273 2593 3436 2651 quam
3463 2577 3702 2632 deterior

2128 2681 2220 2750 qui
2283 2695 2446 2735 sanus
2483 2679 2700 2750 quidem
2749 2692 2870 2732 esse
2922 2676 3175 2740 videtur,
3236 2686 3362 2728 cum
3403 2680 3696 2740 operatur;

2129 2773 2434 2829 conteritur
2480 2782 2685 2839 autem,
2719 2783 2843 2824 cum
2878 2767 3046 2822 verbo
3093 2765 3189 2820 Dei
3228 2764 3375 2819 vires
3405 2763 3524 2833 ejus
3565 2776 3697 2817 con-

2131 2866 2411 2936 fregimus.
2445 2862 2649 2918 Verum
2701 2871 2758 2916 et
2810 2862 2862 2914 in
2913 2858 3069 2914 nobis
3117 2871 3212 2912 cor
3259 2855 3531 2926 quoddam
3584 2861 3699 2917 est,

2129 2959 2272 3030 quod
2301 2957 2619 3026 aliquando,
2649 2969 2772 3009 cum
2793 2953 2862 3008 ob
2891 2964 3148 3022 perversa
3177 2948 3430 3018 dogmata
3461 2944 3515 3000 in
3531 2959 3697 2999 unum

450 3049 538 3102 ὅτε
568 3048 713 3121 λόγῳ
744 3050 879 3103 Θεοῦ
923 3050 1024 3115 τὰς
1064 3051 1322 3122 δυνάμεις
1352 3053 1518 3106 αὑτοῦ
1555 3053 2022 3127 συνεθραύσαμεν.

2130 3050 2300 3107 veluti
2359 3047 2587 3102 noxium
2636 3058 2837 3112 corpus
2887 3050 3272 3110 coagmentata
3321 3035 3601 3092 efferimur
3645 3043 3701 3089 et

462 3140 624 3196 Ἀλλὰ
655 3143 750 3197 καὶ
779 3142 977 3214 καρδία
1024 3161 1110 3206 τις
1148 3145 1206 3197 ἐν
1245 3148 1378 3214 ἡμῖν
1426 3144 1660 3218 ὑπάρχει
1703 3126 1832 3200 ποτὲ
1882 3126 2023 3219 μέγα

2129 3141 2424 3214 magnifice
2449 3139 2742 3200 sentimus,
2773 3136 3044 3204 integrum
3077 3141 3132 3187 et
3161 3130 3392 3186 sublime
3416 3126 3699 3182 existimao

451 3234 740 3307 φρονοῦσιν
772 3236 865 3288 ἐπὶ
897 3235 1192 3309 μοχθηροῖς
1228 3238 1459 3309 δόγμασι
1507 3241 2024 3313 σεσωματοποιημέ-

446 3332 559 3390 νοις
591 3332 675 3390 είς
704 3327 930 3397 ἑνότητα
969 3328 1161 3400 είρμοῦ
1198 3329 1462 3402 ἐπιϐλάϐη
1492 3330 1784 3402 ὁλόκληρος
1813 3333 2024 3405 νομιζο-

451 3419 584 3493 μένη
611 3421 704 3474 καὶ
738 3420 1026 3493 μετέωρος,
1061 3421 1128 3492 ἢν
1153 3422 1450 3490 ἀναγκαῖον
1490 3426 1774 3496 συντρίψαι
1808 3427 1900 3479 καὶ
1928 3445 2024 3481 τα-

448 3511 731 3577 πεινῶσαι,
765 3515 851 3574 ἵν’,
882 3513 1052 3576 οὕτως
1077 3515 1388 3586 ἀποθεμένη
1415 3516 1477 3568 τὸ
1506 3517 1598 3570 τοῦ
1631 3517 2021 3584 ἐξουθενεῖσθαι

449 3604 554 3657 ὑπὸ
579 3603 713 3658 Θεοῦ
743 3601 882 3658 εἶναι
905 3605 1050 3670 ἀξία,
1077 3605 1299 3678 γένηται
1324 3610 1381 3660 ἐν
1411 3614 1743 3682 προσαγωγῇ
1772 3611 1922 3683 παρὰ
1945 3611 2022 3684 τῷ

447 3694 792 3766 ἁμειϐομένῳ
820 3695 947 3760 τοὺς
995 3696 1351 3768 αἰσθομένους
1376 3699 1602 3765 ἑαυτῶν,
1647 3703 1738 3754 καὶ
1771 3703 2023 3766 κακίζον-

448 3803 544 3848 τας
581 3787 678 3857 μέν
714 3786 813 3858 τὴν
857 3787 1098 3859 πονηρὰν
1131 3789 1312 3843 αὐτῶν
1350 3790 1609 3856 διάθεσιν,
1653 3795 2022 3866 προσφεύγον-

445 3894 546 3941 τας
565 3878 622 3931 δέ
651 3881 1074 3952 τῇχρηστότητι
1106 3881 1200 3935 τοῦ
1237 3882 1400 3952 μόνου
1435 3885 1794 3955 εὐεργετῆσαι
1825 3888 2022 3952 αὐτοὺς

447 3969 739 4040 δυναμένου
777 3972 933 4025 Θεοῦ.
961 3973 1136 4044 Σαφὲς
1166 3974 1222 4028 δὲ
1258 3974 1351 4028 καὶ
1380 3977 1444 4027 ἐκ
1473 3976 1581 4029 τῶν
1610 3979 2021 4049 προειρημένων

445 4063 538 4115 καὶ
550 4063 630 4129 τὸ,
655 4083 673 4114 ι
718 4065 849 4118 Ἀπὸ
866 4067 1150 4138 συντριϐἧς
1171 4067 1480 4139 πνεύματος
1496 4069 1650 4141 ὑμῶν
1664 4069 1960 4138 ὀλολύξετε.
1998 4092 2016 4123 ι

445 4153 652 4229 Ὅνπερ
667 4150 759 4210 οῦν
773 4157 972 4228 τρόπον
989 4157 1206 4229 πνεῦμα
1219 4161 1674 4232 συντετριμμένον
1688 4162 1847 4216 θυσία
1863 4181 2023 4234 προσ-

443 4247 634 4300 ακτέον
693 4248 770 4320 τῷ
814 4248 952 4319 Θεῷ,
1001 4250 1094 4302 καὶ
1140 4249 1366 4322 καρδίαν
1413 4252 1876 4324 συντετριμμένην
1928 4255 2022 4309 καὶ

439 4339 918 4410 τεταπεινωμένην
945 4340 1024 4412 τῷ
1057 4341 1236 4404 καλῶς
1285 4343 1456 4413 αὐτὴν
1500 4346 1560 4397 ἐν
1603 4344 1814 4409 τούτοις
1858 4363 2018 4416 γεγο-

2133 3243 2242 3288 tur.
2302 3231 2436 3286 Illud
2465 3227 2858 3285 conterendum
2907 3231 2990 3279 est
3021 3231 3081 3278 ut
3107 3221 3356 3292 deposito
3383 3233 3450 3274 eo
3474 3225 3700 3288 propter

2125 3327 2269 3396 quod
2300 3341 2332 3380 a
2389 3323 2498 3378 Deo
2537 3319 2966 3390 despiciebatur,
3017 3317 3246 3370 accedat
3288 3313 3360 3366 ad
3411 3309 3562 3364 illum
3604 3309 3699 3380 qui

2125 3425 2440 3472 remunerat
2465 3429 2560 3471 eos
2591 3415 2686 3485 qui
2713 3413 2796 3468 sui
2831 3426 3051 3466 sensum
3086 3410 3316 3471 habent,
3350 3407 3555 3477 quique
3573 3418 3700 3475 pra-

2125 3529 2221 3568 vos
2253 3525 2381 3568 suos
2411 3509 2726 3580 improbant
2757 3505 3002 3569 habitus,
3035 3513 3093 3558 et
3119 3501 3439 3571 confugiunt
3483 3500 3549 3555 ad
3595 3499 3693 3554 Dei

2125 3607 2426 3662 bonitatem
2476 3603 2570 3674 qui
2623 3600 2770 3657 solus
2808 3609 2992 3670 potest
3023 3598 3104 3653 eis
3139 3595 3482 3650 benefacere.
3523 3592 3698 3647 Mani—

2125 3698 2324 3754 festum
2378 3704 2461 3752 est
2511 3695 2674 3750 etiam
2701 3703 2767 3743 ex
2801 3689 3080 3759 praedictis
3114 3687 3247 3741 illud
3283 3705 3296 3740 :
3340 3705 3359 3736 ι
3416 3685 3534 3740 Prae
3567 3699 3698 3738 cou-

2126 3789 2348 3844 tritione
2390 3785 2614 3856 spiritus
2631 3778 3115 3838 vestriululabitis.
3159 3795 3178 3830 ι
3227 3776 3697 3844 Quemadmodum

2127 3879 2294 3950 igitur
2322 3878 2547 3947 spiritus
2573 3873 2843 3929 contritus
2873 3868 3187 3924 oll'erendus
3230 3877 3317 3922 est
3357 3866 3470 3923 Deo
3520 3867 3575 3921 in
3605 3882 3697 3921 sa-

2121 3970 2412 4036 crificium,
2464 3978 2520 4022 et
2555 3982 2656 4022 .cor
2707 3963 3008 4021 contritum
3043 3971 3099 4015 et
3147 3961 3493 4015 humiliatum
3546 3960 3695 4029 quod

2123 4065 2351 4135 pulchre
2387 4079 2446 4119 se
2488 4062 2543 4116 in
2578 4060 2662 4116 bis
2699 4054 2952 4127 gesserit,
2998 4068 3107 4108 non
3158 4053 3392 4122 despicit
3445 4053 3606 4118 Deus,
3641 4061 3696 4109 et

2123 4155 2385 4210 ululatum
2424 4167 2534 4223 pra:
2577 4150 2908 4207 contritione
2947 4149 3173 4216 spiritus
3219 4148 3481 4202 emissum
3527 4161 3698 4202 exau-

2123 4249 2231 4315 dit;
2281 4249 2363 4304 sic
2393 4245 2646 4301 contritio
2677 4244 2924 4314 quaedam
2963 4239 3315 4312 intelligenda
3360 4242 3488 4306 erit,
3527 4255 3695 4308 quam

2122 4353 2381 4416 operatur
2411 4339 2665 4395 Christus
2692 4335 2785 4406 qui
2818 4346 2876 4389 ut
2921 4333 3144 4388 obetliat
3170 4331 3318 4386 Patri
3348 4348 3376 4385 a
3409 4346 3514 4401 quo
3537 4347 3697 4386 acce-

439 4429 591 4480 νέναι
625 4431 725 4481 οὐκ
754 4428 1020 4490 ἐξουθενεῖ
1049 4433 1078 4484 6
1110 4431 1262 4496 Θεὸς,
1299 4431 1394 4484 καὶ
1425 4431 1720 4504 ὀλολυγμὸν
1757 4436 1865 4490 ἀπὸ
1897 4455 2019 4492 συν-

2126 4438 2196 4506 pit
2229 4441 2419 4505 gentes
2451 4431 2506 4484 in
2539 4427 2937 4489 haereditatem,
2966 4432 3025 4479 et
3061 4424 3115 4478 in
3156 4422 3551 4492 possessionem
3585 4431 3695 4476 ter-

444 4519 636 4590 τριϐἧς
668 4519 978 4591 πνεύματος
1014 4524 1470 4595 ὰναπεμπόμενον
1503 4527 1814 4597 προσίεται⁸
1848 4529 2019 4594 οὕτως

2126 4527 2300 4581 minos
2351 4536 2548 4584 terrm,
2586 4531 2859 4574 terrenum
2909 4523 2966 4570 et
3013 4513 3295 4568 tnateriale
3341 4527 3501 4567 omne
3546 4513 3692 4580 quod

445 4612 734 4683 συντριϐήν
779 4631 904 4670 τινα
951 4621 1216 4687 νοήσομεν
1261 4618 1328 4687 ἣν
1377 4619 1668 4689 ἐργάζεται
1718 4623 1748 4674 6
1787 4623 2020 4694 Χριστὸς

2126 4616 2301 4670 anima
2327 4617 2680 4668 contraxerat
2703 4622 2769 4662 ex
2800 4605 3087 4661 affectibus
3112 4615 3164 4660 et
3197 4603 3420 4660 malitia:
3453 4607 3698 4675 proprie-

444 4703 762 4775 πειθόμενος
793 4707 872 4778 τῷ
901 4708 1041 4762 δόντι
1069 4709 1218 4780 αὐτῷ
1241 4710 1312 4764 τὰ
1338 4710 1466 4783 ἔθνη
1499 4712 1886 4787 κληρονομίαν,
1925 4717 2020 4771 καὶ

2126 4709 2341 4772 latibus,
2358 4705 2611 4776 quodque
2639 4715 2734 4755 eos
2762 4698 3074 4754 idololatras
3100 4707 3155 4753 et
3173 4696 3536 4753 fornicatores
3558 4696 3693 4752 elic-

2116 4809 2267 4858 cerat
2300 4797 2615 4866 confringit.
2656 4793 2863 4849 Dicitur
2890 4793 3041 4847 enim
3077 4792 3132 4846 in
3161 4792 3565 4863 septuagesimo
3603 4807 3695 4847 se-

2121 4894 2292 4964 ptimo
2314 4890 2530 4962 psalmo
2551 4888 2595 4921 ⁸⁸
2630 4904 2644 4939 :
2682 4903 2702 4937 ι
2736 4883 2875 4939 Cum
2903 4883 3185 4938 occideret
3211 4895 3328 4946 eos,
3371 4881 3692 4951 quaerebant

2119 5000 2269 5051 eum,
2318 4995 2372 5039 et
2425 4987 2859 5053 revertebantur,
2907 4996 2965 5040 et
3001 4981 3240 5040 diluculo
3287 4983 3584 5038 veniebant
3624 4983 3690 5036 ad

2123 5081 2314 5149 Deum,
2340 5091 2395 5137 et
2425 5085 2767 5139 rememorati
2797 5092 2925 5137 sunt
2978 5086 3121 5153 quod
3156 5080 3298 5140 Deus
3329 5083 3548 5152 adiutor
3595 5095 3693 5136 eo-

2123 5189 2241 5228 rum
2290 5183 2396 5241 est,
2421 5186 2480 5230 et
2509 5175 2648 5231 Deus
2686 5176 2936 5230 excelsus
2966 5178 3277 5247 redemptor
3297 5191 3488 5232 eorum
3511 5183 3617 5230 est.
3667 5193 3687 5226 ι

2119 5264 2236 5320 Non
2280 5267 2447 5338 igitur
2477 5269 2772 5322 absurdum
2808 5279 2893 5324 est
2937 5270 3008 5324 ita
3050 5271 3246 5334 occidi,
3303 5278 3473 5338 atque
3511 5276 3571 5322 ut
3592 5282 3692 5322 vas

2118 5359 2267 5430 ﬁguli
2303 5361 2530 5415 conteri.
2566 5361 2704 5415 Nam
2733 5375 3054 5432 peccatores
3078 5402 3094 5428 ,
3126 5370 3396 5432 quatenus
3436 5369 3690 5431 peccato-

2119 5467 2226 5517 res,
2254 5462 2312 5505 ut
2354 5452 2431 5506 ait
2461 5453 2729 5522 pr0pheta
2759 5452 3026 5509 Jeremias
3066 5454 3138 5520 δ’,
3168 5469 3266 5509 ceu
3298 5467 3426 5508 vasa
3452 5461 3689 5510 testacea

2115 5561 2283 5615 opera
2325 5561 2580 5600 manuum
2625 5546 2774 5616 figuli
2811 5549 3043 5617 reputati
3067 5558 3212 5605 sunt.

440 4794 540 4865 τὴν
583 4797 908 4868 κατάσχεσιν
940 4800 1009 4854 τὰ
1048 4801 1258 4872 πέρατα
1304 4803 1403 4874 τῆς
1444 4805 1569 4874 γῆς,
1599 4805 1660 4859 τὸ
1695 4807 1894 4882 γεῶδες
1923 4810 2019 4862 καὶ

441 4887 624 4940 ὑλικὸν
640 4889 748 4942 ἀπὸ
767 4890 873 4944 τῶν
900 4891 1089 4948 παθῶν
1107 4894 1202 4947 καὶ
1225 4895 1336 4948 τῶν
1355 4896 1454 4966 τῆς
1481 4898 1678 4962 κακίας
1709 4899 2013 4972 ἰδιωμάτων

439 4981 873 5052 προσγενόμενον
911 4987 976 5056 τῇ
1007 4985 1151 5058 ψυχῇ
1189 4987 1525 5059 συνθραύων,
1560 4991 1682 5045 καθ’
1731 4992 1759 5044 ὃ
1800 4993 2016 5048 εἰδωλο-

439 5071 632 5142 λάτραι
661 5069 801 5144 ἦσαν
824 5077 917 5129 καὶ
941 5077 1147 5149 πόρνοι.
1177 5079 1287 5133 Καὶ
1315 5079 1424 5152 γὰρ
1450 5080 1666 5150 λέγεται
1697 5086 1754 5138 ἐν
1783 5084 2014 5157 ἑϐδομη-

439 5163 616 5235 κοστῷ
660 5165 874 5238 ἑϐδόμῳ
924 5167 1155 5241 ψαλμῷ·
1196 5190 1214 5222 ι
1257 5172 1386 5225 Ὅτε
1429 5174 1749 5231 ἀπέκτεινεν
1793 5177 2010 5243 αὐτοὺς,

426 5254 558 5307 ’τότε
601 5257 826 5328 ἐζήτουν
878 5259 1060 5326 αὐτὸν,
1109 5263 1204 5316 καὶ
1237 5264 1568 5335 ἐπέστρεφον
1615 5267 1709 5319 καὶ
1747 5267 2013 5340 ῶρθριζον

438 5345 576 5416 πρὸς
610 5346 700 5400 τὸν
729 5348 883 5417 Θεὸν,
918 5352 1013 5404 καὶ
1058 5353 1426 5425 ἐμνήσθησαν,
1466 5357 1546 5410 ὅτι
1579 5358 1607 5410 6
1640 5357 1773 5422 Θεὸς
1822 5360 2013 5431 βοηθὸς

436 5435 618 5492 αὐτῶν
655 5440 792 5505 ἐστι,
826 5443 919 5496 καὶ
961 5446 990 5496 ὁ
1035 5446 1166 5510 Θεὸς
1199 5449 1228 5500 ό
1261 5447 1482 5518 ὕψιστος
1516 5449 1795 5522 λυτρωτὴς
1835 5455 2012 5510 αὐτῶν

436 5529 601 5582 ἐστιν.
647 5549 666 5582 ι
703 5533 816 5585 Οὐκ
839 5535 1037 5589 ἄτοπον
1061 5538 1241 5594 τοίνυν
1271 5539 1334 5592 τὸ
1362 5539 1534 5606 οὕτως
1564 5542 2001 5612 ἀποκτίννυσθαι,

507 5706 550 5738 ⁸⁸
580 5707 702 5765 lsai.
737 5727 811 5782 χι,
843 5713 860 5767 l
889 5724 940 5770 et
973 5727 1128 5786 seqq.
1205 5718 1248 5750 ⁸⁸³
1278 5717 1365 5776 Ps.
1398 5736 1448 5786 L,
1483 5720 1565 5777 l9.
1643 5723 1688 5755 ⁵ο
1711 5719 1838 5778 lsai.
1877 5719 2002 5793 va‘,

2196 5725 2240 5760 "
2277 5725 2364 5782 Ps.
2410 5738 2618 5792 Lxxvu,
2647 5725 2733 5780 54.
2811 5727 2855 5758 δ’
2880 5737 3082 5784 aerem.
3118 5743 3187 5797 tv,
3215 5726 3270 5786 2.
