4046 6152
242 243 391 300 1115

1271 241 1580 300 SELECTA
1616 244 1680 301 IN
1716 242 2053 303 PSALMOS.
2091 278 2159 287 —
2183 247 2378 305 PSAI..
2412 247 2477 304 ll.

3358 249 3494 304 Ill}

255 356 463 428 Ἦσαῖᾳ
495 353 848 426 λεγομένους·
883 373 902 408 ι
939 355 1286 429 Θελήσουσιν,
1312 361 1360 412 εί
1388 361 1634 429 ἐγένοντο
1665 360 1826 432 πυρί-

1933 359 2125 417 Isaiam
2177 363 2382 419 dicitur
2406 365 2456 398 “
2494 380 2510 419 :
2559 381 2580 416 ι
2614 362 2831 428 Volent,
2861 363 2904 419 si
2939 363 3062 434 igne
3089 363 3354 420 combusti
3379 363 3498 419 fne—

246 465 477 502 καυστοι
500 464 514 478 ·
557 467 575 500 ›
615 449 860 512 καὶτοὺς
880 449 1204 520 εὐχομένους
1227 439 1367 506 κατὰ
1399 451 1490 505 τὸν
1535 452 1823 525 Ἰερεμίαν,

246 539 349 593 καὶ
395 538 682 608 λέγονταςο
743 557 762 589 r
809 537 1103 593 Παίδευσον
1139 542 1308 612 ἡμᾶς,
1357 541 1552 610 Κύριε,
1585 540 1722 612 πλὴν
1769 543 1826 594 ὲν

245 631 452 703 κρίσει,
485 631 580 685 καὶ
617 630 690 702 μὴ
720 633 778 685 ὲν
809 629 988 702 θυμῷ,
1019 632 1105 685 ἵνα
1134 631 1210 705 μὴ
1247 634 1460 702 ὀλίγους
1487 635 1636 705 ἡμᾶς
1677 633 1827 703 ποιή-

249 742 373 797 σῃς.
408 743 428 776 ι
456 724 536 778 Τά
560 725 667 796 γὰρ
692 725 922 779 ἐπίπονα
952 725 1044 778 καὶ
1067 725 1138 778 τὰ
1167 727 1497 798 σφοδρότερα
1527 726 1824 798 παραιτού-

251 831 427 884 μενοι,
463 813 561 877 τὰς
593 814 844 878 κολάσεις
884 816 946 869 ού
995 814 1174 888 πάντη
1215 817 1608 888 παραιτοῦνται
1652 816 1720 870 δι’
1750 809 1826 869 ὧν

249 905 521 974 λέγουσιν.
564 907 976 978 Ἐπιστήσωμεν
1003 907 1059 959 δὲ
1088 909 1138 960 εί
1183 909 1257 980 μὴ
1290 908 1398 963 τῶν
1428 908 1690 972 ἑκουσίως
1732 925 1826 962 κο-

247 997 564 1068 λαζομένων
604 999 754 1050 ἐστὶν
791 1001 823 1070 ὴ
854 997 1086 1068 λέγουσα
1112 1001 1263 1070 φωνή
1287 1016 1300 1030 °
1338 1018 1357 1052 ι
1399 998 1597 1071 Ὀργὴν
1621 998 1825 1070 Κυρίου

248 1074 480 1154 ὑποίσω,
511 1090 591 1143 ὅτι
623 1091 868 1164 ἥμαρτον
902 1091 1070 1162 αύτῷ,
1106 1091 1211 1155 ἕως
1234 1091 1325 1145 τοῦ
1352 1091 1641 1146 δικαιῶσαι
1665 1090 1826 1144 αὐτὸν

247 1178 348 1250 τὴν
376 1179 530 1251 δίκην
560 1197 681 1252 μου.
722 1201 740 1233 ι
784 1181 935 1251 Τάχα
967 1178 1060 1236 οῦν
1085 1184 1179 1236 καὶ
1213 1185 1260 1236 οἱ
1290 1183 1567 1253 κρίνοντες
1598 1182 1694 1254 τὴν
1723 1181 1828 1251 γῆν

245 1271 312 1322 οὐ
349 1271 819 1342 παιδευθήσονται,
861 1272 955 1326 ἐὰν
997 1273 1071 1344 μὴ
1103 1275 1328 1338 ἑαυτοὺς
1354 1274 1430 1345 τῷ
1481 1273 1826 1328 παιδεύεσθαι

248 1363 583 1434 παραδῶσιν.
655 1365 870 1434 Ἐπειδὴ
922 1365 979 1418 δὲ
1031 1365 1228 1437 μᾶλλον
1279 1364 1706 1436 προσετιθέμεθα
1749 1363 1828 1434 τῷ

248 1453 494 1524 βασιλεῖς
542 1452 681 1508 εἶναι
734 1457 861 1519 τοὺς
908 1458 1000 1510 ἐπὶ
1053 1459 1153 1530 τὴν
1196 1457 1411 1511 σύνεσιν
1461 1457 1828 1528 καλουμένους

245 1546 458 1614 ἁγίους,
494 1546 625 1617 φέρε
649 1547 1043 1618 παραπλησίως
1064 1548 1262 1618 ἴδωμεν
1282 1549 1520 1610 καὶτοὺς
1546 1549 1828 1619 κρίνοντας

245 1639 350 1710 τὴν
380 1639 501 1708 γῆν.
534 1639 691 1691 Ἴδιον
713 1633 768 1690 δὲ
798 1638 956 1692 τοῦτο
976 1639 1084 1691 τῶν
1121 1639 1292 1707 ἁγίων
1322 1640 1670 1712 εὑρίσκομεν,
1703 1641 1824 1710 κρί-

245 1747 362 1782 νειν
384 1729 448 1781 δι’
481 1722 555 1782 ὧν
592 1725 652 1782 εὖ
689 1730 1042 1802 πεποιήκασι,
1093 1733 1219 1796 τοὺς
1259 1733 1334 1803 μὴ
1379 1731 1448 1786 τὰ
1491 1732 1652 1802 ὃμοια
1697 1732 1822 1804 ἐζη-

244 1819 510 1884 λωκότας.
545 1840 562 1872 ι
605 1821 827 1892 Ἄνδρες
866 1841 886 1874 ι
927 1822 1034 1894 γὰρ
1065 1841 1084 1874 ι
1109 1823 1389 1876 Νινευῖται
1427 1823 1820 1894 ἀναστήσονται

245 1912 307 1963 ὲν
348 1914 413 1982 τῇ
451 1912 629 1983 κρίσει
665 1914 759 1967 καὶ
799 1913 1187 1985 κατακρινοῦσι
1215 1915 1341 1978 τοὺς
1381 1913 1698 1986 ἀνθρώπους
1725 1914 1822 1983 τῆς

245 2006 441 2070 γενεᾶς
458 2003 682 2076 ταύτης,
703 2005 785 2058 ὅτι
811 2005 1140 2076 μετενόησαν
1156 2007 1236 2069 είς
1259 2006 1319 2058 τὸ
1348 2008 1608 2077 κήρυγμα
1647 2007 1819 2070 Ἰωνᾶ,

248 2093 347 2146 καὶ
385 2094 492 2148 ἰδοὺ
530 2093 713 2148 πλεῖον
752 2096 906 2150 Ἰωνᾶ
927 2089 1052 2174 ὦδε,
1090 2117 1108 2148 ι
1153 2098 1316 2168 φησὶν
1345 2099 1374 2151 6
1402 2098 1612 2168 Σωτήρ.
1666 2096 1824 2150 Ἀλλὰ

248 2183 345 2236 καὶ
383 2202 399 2234 ι
429 2183 714 2254 βασίλισσα
751 2187 903 2239 νότου
945 2187 1302 2260 ἐγερθήσεται
1335 2190 1392 2241 ὲν
1416 2191 1481 2260 τῇ
1510 2189 1707 2260 κρίσει,
1729 2189 1824 2242 καὶ

249 2283 573 2349 κατακρινεῖ
600 2279 726 2344 τοὺς
757 2280 1077 2352 ἀνθρώπους
1111 2282 1211 2354 τῆς
1239 2283 1432 2350 γενεᾶς
1470 2281 1694 2352 ταύτης,
1739 2283 1823 2335 ὅτι

245 2368 412 2444 ἦλθεν
447 2373 554 2426 ἀπὸ
597 2373 708 2427 τῶν
747 2375 998 2446 περάτων
1039 2375 1137 2445 τῆς
1179 2374 1282 2444 γῆς
1325 2373 1554 2427 ἀκοῦσαι
1595 2373 1692 2443 τῆς
1733 2391 1822 2426 σο-

250 2465 382 2533 φίας
407 2465 769 2536 Σολομῶντος,
803 2466 896 2519 καὶ¹
928 2465 1036 2518 ἰδοὺ
1073 2466 1256 2519 πλεῖον
1281 2463 1622 2534 Σολομῶντος
1645 2459 1767 2517 ὧδε.
1797 2483 1817 2517 ι

250 2555 463 2608 Οὐκοῦν
499 2557 779 2610 Νινευῖται
814 2558 905 2610 καί
945 2560 978 2627 ἡ
1021 2556 1306 2626 βασίλισσα
1349 2556 1499 2610 νότου
1542 2555 1650 2608 τῶν
1701 2572 1823 2626 κρι-

249 2644 451 2698 νόντων
491 2647 598 2698 εἰσὶ
631 2646 759 2708 τοὺς
792 2645 886 2698 τοῦ
929 2645 1182 2716 Σωτῆρος
1227 2645 1586 2710 ἀκούσαντας,
1618 2645 1712 2698 καὶ
1747 2645 1823 2716 μὴ

253 2736 676 2806 μεταϐαλόντας,
707 2738 800 2791 καὶ
837 2737 962 2801 τοὺς
993 2739 1508 2808 καταφρονήσαντας
1542 2738 1639 2808 τῆς
1679 2735 1822 2788 διδα-

253 2826 483 2890 σκαλίας
527 2827 722 2898 Ἰησοῦ.
759 2829 911 2898 Τάχα
952 2829 1008 2882 δὲ
1035 2828 1207 2892 οὕτως
1248 2829 1340 2882 καὶ
1368 2827 1417 2880 οἱ
1452 2827 1548 2881 τοῦ
1588 2826 1824 2898 Χριστοῦ

251 2905 540 2974 ἀπόστολοι
587 2921 829 2992 κρινοῦσι
870 2922 966 2985 τὰς
1002 2920 1208 2974 δώδεκα
1246 2919 1417 2990 φυλὰς
1462 2918 1556 2973 τοῦ
1612 2917 1826 2990 Ἰσραὴλ

1929 454 2062 520 rint,
2124 473 2146 508 ι
2191 464 2248 511 et
2298 457 2419 512 illos
2464 459 2556 527 qui
2622 457 2914 513 secundum
2969 456 3253 512 Jeremiam
3294 466 3492 519 orant,

1926 555 1981 601 et
2017 546 2204 601 dicunt
2238 549 2284 580 ⁸⁸
2315 564 2328 602 :
2373 567 2392 600 ι
2425 547 2652 618 Corripe
2677 565 2796 616 nos,
2829 549 3074 614 Domine,
3106 558 3493 604 verumtamen

1927 637 1979 692 in
2010 636 2243 708 judicio,
2270 651 2326 696 et
2354 656 2460 695 non
2516 641 2571 695 in
2627 640 2836 706 furore,
2864 651 2925 696 ut
2955 657 3064 696 non
3096 655 3296 709 paucos
3324 639 3496 694 facias

1927 744 2047 785 nos.
2086 747 2106 782 δ
2143 730 2297 786 Licet
2323 732 2468 786 enim
2492 732 2895 787 vehementiam
2937 741 2994 788 et
3021 732 3374 787 acerbitatem
3404 732 3494 786 ni-

1928 821 2091 876 miam
2147 837 2430 892 pmnarum
2482 831 2760 889 recusent,
2803 837 2994 894 poenas
3048 833 3226 879 tamen
3271 823 3494 880 omnino

1932 928 2043 967 non
2079 922 2356 969 recusant.
2397 915 2813 970 Consideremus
2864 923 3041 970 autem
3085 930 3262 970 annon
3307 930 3494 971 eorum

1926 1005 2022 1073 qui
2065 1015 2257 1074 sponte
2285 1006 2602 1074 puniuntur,
2636 1006 2709 1061 sit
2741 1008 2857 1062 hac
2877 1021 2980 1062 vox
3017 1007 3064 1040 ⁸⁸
3097 1025 3112 1064 :
3147 1027 3167 1061 ι
3210 1009 3350 1064 Iram
3387 1009 3494 1063 Do-

1927 1096 2058 1150 mini
2095 1097 2344 1164 portabo,
2379 1097 2635 1166 quoniam
2688 1099 2902 1167 peccavi
2949 1098 3020 1162 ei,
3058 1100 3230 1154 donec
3274 1113 3494 1154 causam

1926 1201 2100 1242 meam
2149 1186 2374 1255 judicet.
2417 1207 2436 1240 r
2473 1187 2748 1244 Fortassis
2805 1189 2970 1259 igitur
3009 1197 3064 1246 et
3108 1189 3202 1260 qui
3254 1190 3496 1258 iudicant

1926 1285 2149 1340 terram,
2183 1291 2288 1329 non
2313 1277 2652 1341 erudientur,
2684 1277 2786 1332 nisi
2818 1278 3025 1348 seipsos
3047 1278 3346 1348 disciplinae
3387 1288 3496 1332 tra-

1928 1367 2184 1422 diderint.
2217 1366 2482 1433 Quoniam
2514 1382 2644 1422 vero
2671 1368 2825 1424 nobis
2857 1369 3027 1438 magis
3054 1367 3306 1438 placebat
3344 1384 3496 1440 reges

1927 1472 2045 1512 esse
2065 1466 2285 1512 sanctos
2307 1457 2400 1527 qui
2442 1457 2509 1513 ad
2545 1457 2892 1527 prudentiam
2930 1459 3256 1524 invitantur,
3285 1473 3404 1528 age,
3429 1461 3496 1514 si-

1927 1547 2039 1603 mili
2059 1548 2218 1604 modo
2242 1549 2652 1606 consideremus
2675 1551 2838 1605 etiam
2867 1565 2964 1606 eos
2991 1551 3083 1619 qui
3121 1551 3366 1620 judicant
3387 1560 3498 1606 tere

1929 1641 2183 1697 ram.lloc
2199 1651 2378 1696 autem
2401 1642 2705 1696 invenimus
2721 1643 2995 1710 proprium
3013 1657 3134 1698 esse
3155 1652 3496 1707 sanctorum,

1927 1739 1984 1784 ut
2023 1743 2117 1798 per
2160 1746 2256 1786 sua
2291 1741 2438 1786 recte
2481 1731 2623 1786 facta
2653 1731 2899 1799 judicent
2922 1748 3017 1788 eos
3045 1734 3137 1803 qui
3164 1733 3351 1788 eadem
3387 1749 3492 1788 non

1921 1829 2046 1874 sunt
2064 1821 2320 1879 aemulati.
2349 1820 2480 1876 Nam
2506 1840 2524 1872 ι
2545 1821 2643 1875 viri
2667 1821 2920 1878 Ninivitaa
2943 1833 3173 1894 surgent
3192 1825 3244 1878 in
3267 1824 3492 1892 judicio,

1920 1925 1974 1969 et
1999 1914 2435 1970 condemnabunt
2452 1914 2610 1986 555
2642 1916 2886 1971 homines
2929 1919 3293 1987 generationis
3313 1918 3492 1988 hujus,

1921 2005 2046 2074 quia
2084 2007 2456 2075 paenitentiam
2502 2016 2728 2076 egerunt
2773 2008 2828 2062 in
2891 2009 3267 2076 praedicatione
3313 2009 3493 2077 λοιπε,

1921 2107 1976 2152 et
2003 2112 2128 2151 ecce
2149 2096 2270 2166 plus
2297 2112 2457 2167 quam
2484 2097 2650 2155 Jonas
2679 2099 2790 2164 hic,
2823 2119 2842 2152 ι
2881 2099 3056 2169 inquit
3082 2099 3352 2156 Salvator.
3385 2101 3490 2158 Sed

1922 2193 1976 2238 et
2013 2202 2032 2235 ι
2069 2184 2253 2255 regina
2291 2185 2462 2240 austri
2505 2197 2691 2256 surget
2717 2187 2770 2242 in
2793 2187 3018 2256 judicio,
3035 2198 3087 2244 et
3106 2191 3492 2246 condemnabit

1924 2276 2172 2332 homines
2185 2279 2548 2348 generationis
2562 2281 2742 2350 hujus,
2757 2281 2883 2350 quia
2901 2283 3050 2336 venit
3069 2297 3099 2336 a
3118 2282 3312 2337 finibus
3333 2291 3495 2339 terrae

1923 2369 2112 2423 audire
2157 2371 2482 2440 sapientiam
2531 2370 2873 2439 Salomonis,
2901 2383 2960 2427 et
2999 2388 3128 2428 ecce
3172 2374 3288 2443 plus
3327 2391 3492 2444 quam

1925 2457 2177 2516 Salomon
2208 2463 2374 2516 hic".
2413 2480 2432 2514 ι
2461 2461 2711 2517 Νίηίνίιω
2735 2462 2898 2532 igitur
2934 2472 2989 2518 et
3011 2465 3193 2533 regina
3224 2465 3400 2520 austri
3425 2481 3490 2522 ex

1924 2566 2111 2606 eorum
2136 2567 2364 2608 numero
2395 2562 2522 2608 sunt
2563 2553 2654 2622 qui
2684 2551 3011 2621 jndicabunt
3038 2568 3136 2609 eos
3175 2554 3265 2622 qui
3309 2557 3494 2612 audito

1926 2639 2209 2697 Salvatore
2243 2643 2310 2698 ad
2339 2643 2617 2698 meliorem
2658 2644 2866 2714 frugem
2901 2660 3008 2700 non
3037 2660 3097 2699 se
3147 2656 3489 2716 receperunt,
3535 2679 3538 2682 η

1925 2734 2016 2788 sed
2055 2735 2359 2789 doctrinam
2389 2733 2514 2791 Jesu
2541 2746 3004 2807 contempserunt.
3029 2737 3120 2793 Sic
3141 2740 3303 2795 etiam
3354 2739 3494 2795 forte

1924 2825 2123 2880 Christi
2159 2825 2386 2896 apostoli
2419 2827 2739 2898 judicabunt
2771 2827 3053 2884 duodecim
3097 2831 3272 2886 tribus
3307 2830 3492 2898 Israel,

1925 2932 2044 2986 qua:
2074 2931 2176 2970 non
2209 2915 2261 2969 in
2292 2931 2414 2971 eum
2457 2916 2826 2972 crediderunt.
2861 2917 2925 2972 Et
2970 2919 3023 2972 in
3059 2919 3313 2975 universa
3346 2929 3488 2975 terra

254 3010 333 3082 μὴ
366 3009 721 3075 πιστευούσας
761 3012 839 3076 είς
879 3012 972 3064 τὸν
1005 3011 1260 3083 Χριστόν.
1298 3012 1408 3064 Καὶ
1441 3011 1619 3065 πᾶσαν
1643 3010 1700 3063 δὲ
1723 3010 1823 3082 τὴν

1928 3007 2161 3077 dispersi
2212 3023 2310 3078 per
2357 3008 2548 3062 orbem
2597 3008 2911 3064 universum
2959 3007 3144 3064 fideles
3191 3010 3386 3080 singuli
3436 3012 3493 3066 in

251 3102 356 3172 γῆν
381 3101 429 3154 οἱ
463 3103 520 3155 ἐν
553 3101 702 3174 πάσῃ
735 3105 799 3173 τῇ
830 3104 900 3173 γῇ
937 3101 1356 3164 πεπιστευκότες
1387 3099 1663 3171 κρινοῦσιν
1695 3099 1823 3152 ἓκα-

253 3210 371 3247 στοι
409 3193 513 3247 τῶν
557 3195 612 3247 ὲν
661 3193 814 3265 μέρει
853 3193 979 3258 τοὺς
1037 3195 1154 3246 ἐκεῖ
1197 3194 1479 3258 ἀπίστους.
1513 3191 1827 3265 Παρακαλεῖ

251 3286 434 3338 τοίνυν
466 3287 494 3338 6
526 3285 682 3354 λόγος
710 3287 838 3349 τοὺς
870 3286 1158 3356 κρίνοντας
1203 3286 1298 3357 τὴν
1328 3286 1431 3356 γῆν
1467 3287 1559 3338 ἐπὶ
1583 3285 1679 3358 τὴν
1710 3283 1831 3340 παί-

251 3378 434 3430 δευσιν
484 3376 580 3447 τὴν
627 3378 767 3432 κατὰ
810 3378 1104 3449 παράδοσιν
1152 3379 1482 3449 ἐπιστήμης,
1540 3377 1614 3440 ὼς
1657 3377 1751 3429 καὶ
1799 3376 1828 3429 6

253 3468 506 3539 Σολομῶν
559 3472 616 3522 ἐν
659 3472 780 3533 ταῖς
817 3471 1163 3539 Παροιμίαις
1187 3472 1280 3524 ἐπὶ
1327 3471 1389 3522 τὸ
1437 3469 1568 3523 αὐτὸ
1615 3467 1824 3536 λέγων·

260 3580 279 3611 σ
308 3561 514 3615 Λάϐετε
537 3562 800 3627 παιδείαν,
827 3563 920 3615 καὶ
943 3563 1017 3634 μὴ
1037 3562 1316 3636 ἀργύριον,
1340 3562 1434 3616 καὶ
1460 3561 1658 3631 γνῶσιν
1687 3560 1826 3632 ὑπὲρ

253 3655 477 3725 χρυσίον
500 3655 975 3726 δεδοκιμασμένον.
1015 3675 1033 3707 ι

333 3770 445 3824 Τοῦ
487 3770 694 3824 αὑτοῦ.
733 3771 802 3822 Ἢ
843 3770 998 3823 καλεῖ
1033 3770 1230 3832 αὐτοὺς
1257 3771 1336 3833 είς
1386 3768 1689 3839 μετάνοιαν,
1737 3765 1831 3818 καὶ

255 3861 495 3928 βασιλεῖς
538 3861 714 3926 καλεῖ,
763 3863 842 3924 είς
887 3862 1023 3932 ὅπερ
1053 3856 1200 3931 εἶχον
1249 3859 1469 3929 ἀξίωμα
1515 3858 1831 3928 ἀνατρέχειν

254 3953 481 4007 πείθων.
525 3952 720 4005 Σύνετε
752 3948 866 4016 οὖν,
897 3946 942 4005 ὦ
978 3951 1235 4022 βασιλεῖς,
1277 3950 1364 4004 διὰ
1397 3950 1452 4002 τί
1496 3966 1586 4020 μοι
1625 3948 1830 4002 δέδοται

255 4047 327 4101 τὰ
351 4046 478 4117 ἔθνη
509 4045 857 4117 κληρονομία.

329 4243 705 4296 Δουλεύσατε
732 4239 811 4306 τῷ
833 4240 1030 4308 Κυρίῳ
1048 4239 1118 4292 ἐν
1137 4240 1315 4308 φόϐῳ,
1341 4240 1439 4293 καὶ
1455 4238 1827 4309 ἀγαλλιᾶσθε

1933 3099 2152 3168 regione
2182 3113 2282 3154 sua
2313 3098 2639 3168 judicabunt
2687 3114 2782 3154 eos
2811 3101 2904 3170 qui
2947 3099 3058 3158 illic
3101 3116 3207 3155 non
3247 3103 3494 3158 credunt.

1933 3189 2041 3243 Eos
2068 3189 2234 3260 igitur
2265 3189 2356 3259 qui
2396 3199 2591 3244 terram
2613 3189 2887 3258 judicant,
2916 3193 3171 3246 hortatur
3201 3207 3382 3249 sermo
3423 3196 3495 3248 ad

1929 3282 2267 3351 disciplinam
2289 3297 2408 3351 quae
2441 3282 2682 3338 scientiae
2713 3283 3002 3338 traditione
3029 3294 3262 3348 constat,
3297 3299 3492 3353 quem-

1927 3373 2214 3428 admodum
2252 3373 2505 3429 Salomon
2558 3374 2610 3428 in
2674 3371 2970 3428 Proverbiis
3019 3374 3074 3428 in
3133 3372 3276 3430 hunc
3321 3375 3495 3444 ipsum

1930 3479 2146 3520 sensum
2187 3466 2262 3520 ait
2296 3465 2342 3497 ⁸⁸
2378 3486 2390 3522 :
2433 3483 2450 3518 ι
2497 3465 2746 3536 Accipite
2778 3465 3141 3536 disciplinam,
3172 3475 3226 3521 et
3269 3481 3375 3521 non
3405 3482 3491 3521 ar-

1931 3567 2150 3626 gentum
2176 3595 2192 3623 ,
2229 3566 2286 3613 et
2319 3557 2602 3613 scientiam
2638 3557 2810 3627 magis
2858 3572 3022 3626 quam
3058 3572 3254 3612 aurum
3296 3559 3497 3629 proba-

1939 3658 2075 3701 tum.
2099 3667 2118 3700 ι

2009 3761 2286 3830 Ejusdem.
2316 3760 2415 3816 Vel
2458 3761 2650 3816 invitat
2692 3761 2840 3830 ipsos
2881 3761 2949 3815 ad
2993 3761 3394 3829 paenitentiam,
3443 3763 3498 3818 et

1931 3866 2090 3922 reges
2137 3861 2320 3918 vocat,
2369 3853 2604 3907 suadens
2651 3863 2708 3907 ut
2762 3861 3106 3907 revertantur
3157 3853 3224 3906 ad
3265 3853 3498 3924 dignita-

1933 3954 2038 3999 tem
2089 3958 2252 4013 quam
2331 3944 2670 4000 habuerunt.
2715 3941 3002 4012 Intelligite
3067 3942 3265 4012 igitur,
3323 3960 3357 3996 ο
3410 3960 3498 4000 re-

1931 4049 2059 4102 ges,
2105 4035 2171 4090 ad
2211 4035 2342 4104 quid
2388 4033 2519 4089 mihi
2565 4035 2704 4090 date
2735 4035 2848 4090 sint
2884 4043 3073 4104 gentes
3096 4034 3153 4089 in
3207 4035 3497 4091 [neredita—

1932 4136 2062 4181 tem.

2008 4240 2174 4296 Vens.
2204 4238 2290 4293 il.
2337 4237 2542 4294 Servite
2572 4237 2797 4292 Domino
2831 4239 2886 4292 in
2927 4239 3134 4304 timore,
3157 4249 3208 4294 et
3239 4240 3497 4294 exsultate

253 4332 417 4398 αὐτῷ
445 4333 512 4386 ἐν
542 4335 753 4402 τρόμῳ,
791 4350 844 4386 κ.
869 4349 920 4386 τ.
956 4333 1002 4385 ὲ.
1033 4330 1183 4396 Δόξει
1221 4332 1320 4402 μὲν
1349 4348 1490 4386 τισιν
1517 4333 1624 4401 (79)
1653 4334 1681 4385 6
1708 4332 1826 4384 δου-

1929 4331 1978 4385 et'
2031 4347 2148 4385 cum
2194 4342 2439 4394 tremore,
2479 4339 2586 4385 etc.
2623 4328 2901 4384 Videbitur
2938 4331 3264 4398 quibusdam
3311 4332 3356 4386 is
3391 4332 3486 4400 qui

253 4425 426 4479 λεύων
455 4426 675 4488 πάντως
699 4425 884 4488 δοῦλος
910 4421 1068 4490 εἶναι,
1103 4425 1196 4477 καὶ
1231 4423 1464 4494 μάλιστα
1493 4423 1678 4477 ὲνθάδε
1703 4424 1826 4476 ἐπεὶ

251 4516 574 4587 πρόσκειται
598 4515 688 4579 τὸ,
734 4535 752 4566 ι
794 4517 853 4568 ἐν
896 4515 1066 4586 φόϐῳ,
1113 4536 1132 4568 ι
1171 4515 1265 4568 τοῦ
1298 4515 1578 4586 εἰληφότος
1613 4515 1828 4586 πνεῦμα

249 4605 499 4668 δουλείας
524 4605 674 4668 ὄντος
726 4625 745 4657 ι
782 4607 839 4658 ὲν
886 4607 1054 4676 φόϐῳ.
1084 4625 1102 4658 ›
1128 4607 1239 4659 Καὶ
1263 4607 1322 4660 ού
1349 4605 1558 4676 ψευδῶς
1575 4623 1639 4674 γε
1665 4606 1824 4670 δόξει.

251 4697 488 4752 Δύναται
526 4696 583 4749 δὲ
630 4698 724 4750 καὶ
763 4699 792 4750 6
840 4697 951 4760 υἱὸς
991 4696 1281 4752 δουλεύειν.
1331 4698 1440 4752 Καὶ
1487 4699 1548 4751 οὐ
1596 4697 1754 4769 μόνος
1799 4700 1829 4751 6

252 4787 420 4858 φόϐος
441 4787 612 4851 αἴτιος
631 4786 726 4840 τοῦ
751 4787 1020 4841 δουλεύειν
1041 4788 1316 4858 τυγχάνει,
1341 4789 1474 4842 ἀλλὰ
1499 4789 1594 4843 καὶ
1615 4789 1821 4860 ἀγάπη.

251 4879 353 4932 Διὰ
378 4879 474 4950 τῆς
502 4877 722 4949 ἀγάπης
739 4878 871 4947 γοῦν
896 4880 924 4931 6
957 4879 1274 4942 Ἀπόστολος
1296 4879 1534 4933 διδάσκει
1557 4879 1824 4935 δουλεύειν

250 4968 401 5038 ἡμᾶς
431 4966 698 5037 ἀλλήλοις.
739 4967 899 5020 Ἀλλὰ
925 4968 1020 5020 καὶ
1043 4967 1202 5032 αὐτὸς
1227 4971 1255 5020 6
1290 4969 1478 5041 Σωτὴρ
1499 4970 1592 5022 καὶ
1618 4970 1822 5042 Κύριος

253 5057 410 5129 ἡμῶν
451 5058 675 5127 γέγονεν
717 5061 774 5112 ὲν
815 5060 963 5132 μέσῳ
993 5061 1097 5114 τῶν
1131 5061 1387 5132 μαθητῶν
1420 5063 1583 5116 αὐτοῦ
1622 5065 1722 5134 ούχ
1748 5065 1824 5129 ὡς

251 5148 626 5221 ἀνακείμενος,
662 5151 776 5204 ἀλλ’
806 5156 882 5214 ὡς
926 5156 955 5206 6
988 5152 1267 5215 διακονῶν,
1308 5153 1572 5206 δουλεύων
1613 5156 1708 5208 καὶ
1740 5156 1822 5208 νί.Δ

253 5253 403 5292 πτων
437 5241 563 5304 τοὺς
604 5240 772 5304 πόδας
810 5240 1008 5295 αὐτῶν.
1045 5241 1156 5294 Καὶ
1199 5241 1425 5294 ούδὲπου
1469 5241 1640 5295 ταῦτα
1674 5245 1824 5316 φόϐῳ

254 5326 472 5399 θεμιτὸν
510 5331 674 5386 αὑτὸν
701 5333 1091 5405 πεποιηκέναι’
1134 5334 1302 5402 σαφὲς
1346 5333 1476 5405 γὰρ,
1517 5334 1598 5386 ὅτι
1631 5336 1820 5408 ἀγάπῃ

1927 4424 2095 4479 servit
2117 4423 2341 4476 omnino
2367 4436 2558 4476 servus
2586 4436 2728 4485 esse,
2755 4430 2810 4476 et
2834 4423 3066 4475 maxime
3109 4421 3162 4475 in
3213 4423 3311 4476 hoc
3339 4421 3488 4490 loco,

1929 4513 2018 4568 ubi
2053 4512 2218 4566 etiam
2251 4511 2472 4564 additur
2519 4528 2540 4562 ‹
2597 4512 2650 4565 in
2684 4513 2895 4575 timore,
2938 4530 2971 4562 .›
3007 4526 3130 4564 nam
3165 4512 3256 4580 qui
3289 4514 3499 4581 accepit

1927 4604 2182 4672 spiritum
2212 4603 2514 4666 servitutis,
2544 4612 2629 4657 est
2655 4619 2676 4653 ι
2709 4603 2761 4656 in
2795 4602 3010 4658 timore.
3058 4620 3076 4652 ο
3113 4601 3224 4656 Nec
3255 4603 3391 4657 falso
3417 4605 3495 4657 ita

1929 4695 2226 4750 videbitur.
2259 4693 2451 4749 Potest
2479 4694 2642 4748 etiam
2675 4693 2821 4747 ﬁlius
2847 4694 3075 4748 servire.
3123 4693 3232 4747 Nec
3255 4693 3402 4748 solus
3427 4696 3498 4761 ti:

1932 4802 2073 4852 mor,
2091 4787 2186 4841 sed
2211 4796 2266 4839 et
2299 4786 2548 4841 charitas
2573 4785 2854 4840 servitutis
2881 4796 2961 4840 est
2985 4801 3169 4842 causa.
3197 4784 3504 4841 Dilectione

1928 4878 2088 4946 igitur
2114 4878 2346 4933 invicem
2377 4878 2586 4932 servire
2616 4877 2774 4932 docet
2805 4877 3118 4947 Apostolus.
3141 4876 3278 4943 Quin
3301 4885 3356 4931 et
3379 4877 3499 4946 ipse

1927 4967 2179 5022 Salvator
2213 4977 2269 5022 et
2294 4967 2562 5023 Dominus
2597 4976 2793 5023 noster
2827 4965 2933 5022 fuit
2960 4965 3014 5020 in
3059 4968 3237 5022 medio
3260 4968 3498 5037 discipu-

1923 5060 2097 5113 lornm
2136 5075 2378 5124 suorum,
2428 5075 2536 5115 non
2587 5068 2648 5114 ut
2700 5060 2793 5130 qui
2845 5059 3135 5124 recumbit,
3184 5059 3280 5116 sed
3310 5061 3492 5129 utqui

1926 5153 2215 5214 ministrat,
2273 5153 2518 5208 serviens
2556 5145 2620 5207 'et
2668 5153 2834 5222 pedes
2877 5167 3068 5206 eorum
3119 5153 3326 5208 lavans.
3382 5151 3498 5208 Nec

1926 5259 2058 5298 sane
2079 5245 2164 5298 fas
2193 5254 2276 5299 est
2307 5261 2430 5300 eum
2463 5246 2660 5300 timore
2693 5245 2809 5299 haec
2832 5245 3031 5301 fecisse
3058 5241 3262 5300 dicere.
3292 5245 3494 5314 Liquet

1925 5338 2067 5392 enim
2108 5339 2224 5392 haec
2254 5339 2322 5393 ab
2367 5338 2483 5409 ipso
2521 5336 2764 5407 perfecta
2817 5339 3089 5397 charitate
3116 5340 3259 5398 facta
3288 5341 3480 5399 fuisse.

322 5512 370 5545 “
406 5510 530 5567 lsai.
564 5529 642 5580 ιι,
671 5514 724 5571 5.
801 5516 846 5547 ⁸⁸
874 5513 1074 5572 Jerem.
1103 5534 1155 5584 ι,
1187 5516 1278 5572 24.
1354 5516 1400 5548 '°
1423 5515 1584 5575 Micb.
1604 5533 1699 5581 vn,
1723 5519 1777 5576 9.

1926 5521 2110 5577 Matth.
2135 5537 2234 5590 xu,
2257 5520 2344 5590 41,
2369 5530 2421 5577 et
2451 5536 2600 5593 seqq.
2676 5519 2721 5552 "
2750 5519 2910 5577 Prov.
2939 5534 3059 5587 vut,
3090 5521 3177 5582 10.

323 5667 438 5742 (79)
463 5670 629 5739 Ad£st
649 5674 766 5746 μέν
791 5690 971 5743 τισιν,
1000 5686 1104 5731 etc.
1143 5675 1343 5733 Ibidem
1383 5676 1497 5732 hmc
1541 5678 1904 5750 reperiuntur.
