4046 6152
554 174 693 229 Ηί5

1940 172 2029 227 EX
2068 171 2372 228 ORIGENE

3682 166 3807 222 “I6

547 292 608 348 Si
630 308 764 364 ergo
809 294 915 365 qui.
939 304 1099 350 antea
1132 311 1287 367 reges
1316 304 1480 352 terra:
1506 295 1766 366 appellati
1801 304 1948 359 sunt,
1977 307 2123 348 nunc

2226 291 2407 363 τελείᾳ
2429 291 2605 346 ταῦτα
2639 290 2790 363 αύτῷ
2827 291 3156 364 πέπρακται.
3196 290 3261 344 Εἰ
3305 289 3411 360 μὲν
3444 282 3543 344 οὖν
3580 288 3805 360 permisi;

546 386 715 440 etiam
756 400 915 456 reges
948 384 1229 456 dicuntur,
1280 389 1504 459 prtecipi
1551 390 1635 445 eis
1688 398 1868 458 potest
1907 398 1970 442 ut
2010 403 2129 443 ser-

548 478 701 531 viant
746 477 977 532 Domino
1004 478 1058 532 in
1087 479 1305 547 timore,
1339 490 1599 551 tanquam
1639 481 1787 536 servi
1830 480 1902 535 ab
1946 479 2128 545 initio,

548 568 641 635 qui
690 569 940 638 spiritum
968 572 1281 641 adoptionis
1316 572 1558 628 ﬁliorum
1591 573 1845 641 accipere
1885 586 1992 626 non
2028 586 2133 640 po-

557 669 802 715 tuerunt.
844 662 1021 733 Atque
1055 664 1108 718 in
1154 665 1239 720 his
1275 666 1678 721 observandum
1709 674 1794 719 est
1823 664 1977 730 illud,
2010 680 2033 715 ι
2075 663 2130 716 in

553 751 775 818 timore,
815 771 834 805 ι
863 768 1025 823 quem
1057 756 1151 825 qui
1179 769 1374 825 pmnas
1400 758 1615 823 metuit,
1650 771 1758 810 non
1806 755 1992 819 habet,
2032 768 2133 809 ne—

549 857 661 912 que
707 843 984 913 perfectus
1029 856 1139 902 est.
1186 847 1256 902 Et
1298 863 1420 918 qua:
1464 857 1796 917 sequuntur,
1847 846 2128 912 nimirum,

556 952 578 987 ι
631 935 916 993 Exsultate
960 938 1009 993 ei
1037 955 1162 994 cum
1216 950 1479 1007 tremore,
1523 960 1543 993 ι
1575 939 1928 1010 intelligenda
1977 945 2126 993 sunt.

551 1024 706 1092 Quod
735 1027 782 1082 si
814 1041 994 1097 reges,
1019 1029 1197 1084 sancti
1227 1039 1376 1089 sunt,
1419 1040 1475 1084 et
1498 1030 1594 1100 qui
1626 1027 1877 1097 iudicant
1903 1036 2127 1091 terram,

552 1113 593 1166 ii
621 1122 749 1168 sunt
781 1129 921 1183 quos
953 1131 1118 1187 supra
1144 1133 1266 1173 esse
1305 1118 1613 1185 docuimus,
1643 1134 1768 1174 cum
1791 1117 1888 1173 lilii
1914 1130 2131 1188 quoque

551 1206 762 1263 servire
789 1206 1021 1265 Domino
1062 1211 1294 1281 possint,
1334 1214 1500 1266 timor
1541 1212 1891 1282 accipiendos
1916 1222 2002 1269 est
2031 1227 2131 1283 pro

550 1308 616 1349 ea
654 1309 777 1363 quae
817 1298 960 1367 apud
990 1296 1255 1368 quosdam
1290 1299 1593 1370 appellatur
1635 1302 1963 1367 reverentia,
2008 1318 2129 1371 qua:

552 1401 827 1456 nunquam
873 1405 1087 1459 poenam
1123 1391 1307 1447 habet.
1340 1391 1496 1460 Quod
1528 1399 1713 1448 autem
1761 1393 1926 1448 timor
1965 1393 2130 1467 5‘6

552 1484 647 1553 qui
678 1499 895 1555 poenam
925 1501 1033 1539 non
1067 1486 1252 1552 habet,
1289 1486 1592 1557 appellatur
1614 1487 1668 1541 in
1703 1486 1985 1557 Scriptura
2005 1503 2129 1558 per-

2230 385 2282 436 οί
2305 386 2366 437 ὲν
2397 386 2511 448 τοῖς
2538 384 2647 456 πρὸ
2670 384 2877 437 τούτων
2911 383 3149 454 βασιλεῖς
3173 382 3282 452 γῆς
3311 381 3703 453 ὠνομασμένοι
3725 385 3807 437 καὶ

2230 474 2328 529 νῦν
2356 475 2629 545 λέγονται,
2663 476 2849 539 αὐτοῖς
2879 474 3311 546 προστάττεσθαι
3335 472 3568 527 δύναται
3602 473 3666 526 τὸ
3692 473 3806 527 δου-

2230 567 2420 622 λεῦσαι
2453 567 2532 639 τῷ
2578 568 2771 641 Κυρίῳ
2808 569 2868 621 έν
2903 568 3075 639 φόϐῳ,
3110 566 3187 631 ὡς
3223 566 3436 629 δούλοις
3474 565 3717 637 ἀρχῆθεν
3750 567 3804 618 ού

2228 661 2549 731 δυναμένοις
2586 660 2833 733 χωρῆσαι
2870 661 2932 714 τὸ
2960 660 3176 731 πνεῦμα
3210 660 3312 729 τῆς
3352 659 3652 722 υἱοθεσίας.
3704 660 3808 712 Καὶ

2228 752 2491 826 τηρητέον
2517 753 2605 806 ἐπ’
2633 751 2812 806 αὐτῶν
2831 751 2914 817 τὺ,
2944 771 2964 804 ι
2994 754 3051 806 ὲν
3080 751 3253 821 φόὸῳ,
3283 772 3303 804 ι
3335 751 3395 806 ὃν
3425 752 3455 804 ό
3480 750 3807 821 φοὸούμενος

2228 845 2450 899 κόλασιν
2483 845 2583 899 οὐκ
2613 844 2748 916 ἔχει,
2794 846 2890 899 καὶ
2931 845 2994 898 ού
3030 842 3394 898 τετελείωται.
3420 843 3537 897 Καὶ
3572 842 3643 895 τὰ
3683 842 3808 896 ἀκό-

2228 937 2394 992 λουθα
2419 938 2479 991 δὲ
2517 936 2789 1009 περὶτοῦ,
2822 957 2842 989 ι
2874 936 3225 1006 Ἀγαλλιᾶσθε
3250 935 3400 1007 αύτῷ
3441 936 3502 988 ὲν
3534 924 3747 1006 τρόμῳ,
3780 953 3802 986 ι

2227 1032 2468 1103 νοητέον.
2510 1030 2573 1083 Εί
2606 1029 2665 1082 δὲ
2706 1027 2947 1099 βασιλεῖς
2983 1030 3031 1081 οἱ
3069 1028 3214 1096 ἆγιοι
3250 1029 3347 1081 καὶ
3386 1027 3670 1101 κρίνοντες
3712 1028 3806 1097 τὴν

2226 1122 2333 1192 γῆν
2357 1123 2408 1175 οἰ
2439 1121 2581 1175 κατὰ
2604 1120 2704 1192 τὴν
2728 1119 2980 1190 διήγησιν
3005 1115 3453 1189 ἑρμηνευθέντες,
3490 1116 3805 1187 δυναμένων

2227 1214 2499 1268 δουλεύειν
2535 1212 2633 1266 καὶ
2662 1212 2770 1266 τῶν
2799 1211 2932 1264 υἱῶν
2960 1209 3040 1280 τῷ
3067 1210 3278 1281 Κυρίῳ,
3307 1208 3400 1262 τὸν
3427 1208 3600 1278 φὸὗον
3640 1225 3805 1278 μετα-

2227 1306 2459 1379 ληπτέον
2485 1309 2566 1370 είς
2596 1304 2696 1376 τὴν
2721 1304 2873 1375 παρά
2893 1320 3037 1357 τισιν
3072 1302 3357 1357 εὐλάϐειαν
3380 1300 3803 1374 ὠνομασμένην,

2225 1396 2348 1466 ἣτις
2395 1392 2646 1463 οὐδαμῶς
2674 1392 2894 1446 κόλασιν
2926 1391 3062 1462 ἔχει.
3098 1391 3221 1445 Ὀτι
3253 1391 3313 1445 δὲ
3341 1390 3510 1461 φόϐος
3546 1391 3579 1443 ὁ
3614 1392 3689 1462 μὴ
3719 1392 3809 1444 κό-

2219 1488 2380 1545 λασιν
2411 1485 2549 1558 ἔχων
2581 1484 2894 1556 ὠνόμασται
2925 1486 2985 1537 ὲν
3021 1485 3093 1555 τῇ
3136 1483 3327 1555 Γραφῇ
3353 1483 3565 1536 τελείου
3612 1484 3808 1555 κατόρ-

552 1576 681 1632 fecti
708 1576 811 1631 viri
857 1576 1095 1640 facinus,
1145 1577 1317 1645 liquet
1362 1592 1428 1635 cx
1461 1591 1570 1632 eo:
1608 1595 1629 1631 ι
1674 1576 1792 1634 Non
1819 1588 1905 1634 est
1945 1579 2123 1650 inopia

2231 1578 2392 1651 θωμα
2424 1577 2727 1648 τυγχάνων,
2776 1575 2946 1646 σαφὲς
2983 1577 3049 1629 ὲκ
3088 1575 3214 1629 τοῦ·
3253 1595 3273 1628 ι
3313 1576 3427 1630 Ούκ
3467 1576 3623 1629 ἐστιν
3651 1577 3809 1630 ὑστέ-

551 1670 869 1725 timentibus
892 1684 1036 1725 eum.
1070 1687 1089 1721 ι
1109 1667 1426 1725 Videbimur
1454 1671 1561 1725 vim
1601 1669 1897 1742 Scriptura.-
1921 1672 2123 1739 facere,

2233 1688 2384 1743 ρημα
2411 1672 2522 1734 τοῖς
2552 1668 2905 1740 φοὸουμένοις
2933 1667 3115 1722 αὐτόν.
3167 1686 3186 1721 ι
3234 1668 3470 1739 Δόξομεν
3517 1668 3578 1723 δὲ
3622 1668 3808 1739 βιάζε-

549 1760 771 1815 additur
814 1761 1003 1815 enim:
1041 1778 1061 1812 ι
1111 1774 1231 1815 cum
1277 1769 1536 1818 tremore.
1581 1780 1602 1815 ι
1639 1762 1748 1817 Sed
1791 1765 1914 1819 vide
1946 1778 2127 1818 annon

549 1850 774 1921 perfecti
810 1866 968 1923 reges
999 1852 1131 1919 sint,
1178 1859 1234 1907 et
1287 1854 1377 1922 qui
1412 1854 1612 1910 timore
1648 1855 1992 1921 erudiuntur,
2035 1854 2127 1924 ju-

549 1943 699 1998 dices
726 1952 909 2009 terrae,
951 1944 1153 2011 quibus
1185 1944 1429 2014 praecipit
1472 1944 1728 2001 Salvator
1772 1955 1831 2001 ut
1873 1961 1981 2002 non
2013 1947 2129 2005 dis-

550 2036 727 2091 solute
757 2050 934 2106 neque
959 2037 1187 2091 remisse
1216 2037 1511 2101 exsultent,
1540 2052 1609 2093 ne
1644 2037 1811 2093 inﬂati
1846 2041 2044 2094 cadant
2070 2040 2125 2094 in

550 2129 895 2198 superbiam,
946 2129 1043 2183 sed
1082 2145 1102 2179 ι
1148 2143 1270 2184 cum
1314 2138 1574 2197 tremore,
1625 2150 1645 2184 ι
1682 2142 1740 2187 et
1776 2133 1941 2188 veluti
1989 2150 2123 2189 con-

550 2231 743 2289 tracte,
773 2223 934 2278 simul
959 2223 1360 2279 considerando
1389 2224 1702 2292 possibilem
1730 2240 1850 2281 esse
1884 2225 2117 2297 lapsum,

548 2312 597 2367 si
629 2313 808 2367 divina
844 2328 975 2369 cura
1016 2314 1369 2383 dereliquerit
1392 2330 1515 2370 eum
1555 2316 1647 2386 qui
1684 2317 1902 2373 deditus
1931 2328 2012 2373 est
2046 2320 2121 2375 rei

547 2403 784 2474 cuipiam
814 2405 990 2476 digna:
1024 2421 1144 2476 quae
1177 2408 1376 2462 merito
1404 2407 1650 2463 laudibus
1685 2406 1968 2464 eﬂ‘eratur.
2008 2409 2126 2466 Cae-

556 2506 739 2550 terum
770 2498 1016 2559 verbum,
1043 2515 1063 2548 t
1092 2498 1392 2565 exsultare,
1427 2517 1446 2552 ο
1481 2500 1535 2555 ἰη
1567 2516 1669 2555 usu
1692 2509 1777 2556 est
1803 2500 2120 2571 Scriptura,

558 2602 667 2657 quo
714 2588 1009 2658 signiﬁcari
1061 2599 1317 2659 putamus
1368 2593 1626 2662 gaudium
1663 2593 1717 2649 in
1766 2604 1945 2651 mente
1978 2595 2122 2665 quod

550 2681 604 2733 in
664 2682 849 2736 anima
917 2681 1081 2736 habet
1140 2682 1615 2752 participationem
1666 2684 1902 2756 Spiritus
1948 2687 2122 2743 sancti

545 2772 944 2841 congattdcntis
969 2772 1019 2827 ei
1044 2772 1138 2843 qui
1170 2782 1390 2827 sanctus
1415 2782 1520 2828 est.

618 2861 783 2917 Vens.
804 2863 889 2917 12.
909 2863 1290 2932 Apprehendite
1313 2864 1675 2934 disciplinam,
1691 2883 1755 2922 ne
1774 2867 1986 2935 quando
2010 2869 2123 2923 ira-

544 2966 727 3011 scatur
767 2956 1045 3024 Dominus,
1086 2968 1135 3013 et
1159 2960 1386 3028 pereatis
1415 2960 1481 3012 de
1508 2961 1591 3015 via
1627 2962 1804 3031 justa,
1828 2970 1934 3017 etc.
1982 2962 2117 3018 Pro-
2145 2980 2194 3045 α

549 3047 751 3102 fectum
800 3048 1020 3118 quidem
1070 3063 1189 3119 per,
1233 3069 1253 3103 ι
1313 3051 1627 3116 erudimini,
1660 3072 1678 3105 ι
1726 3053 2118 3123 perfectionem

547 3152 679 3193 vero
719 3139 972 3208 proponit
1020 3155 1137 3209 per,
1193 3158 1214 3193 t
1263 3143 1655 3211 apprehendite
1696 3143 2056 3213 disciplinam.
2094 3166 2115 3201 ι

548 3227 845 3298 Diligenter
886 3238 1064 3284 autem
1103 3232 1474 3287 consideranti
1524 3231 1699 3301 liquet
1743 3234 2117 3305 imperfectum

554 3319 608 3372 in
632 3319 941 3389 disciplina,
969 3331 1024 3376 et
1046 3337 1154 3376 non
1183 3324 1642 3394 progredientem,
1680 3326 1858 3383 adhuc
1888 3327 1983 3382 ira:
2008 3326 2117 3382 Do-

548 3410 682 3466 tnini
717 3427 842 3467 esse
882 3413 1199 3480 obnoxium,
1242 3415 1544 3485 perfectum
1576 3434 1705 3475 vero
1733 3434 1853 3474 eam
1883 3422 2120 3492 experiri

547 3517 655 3557 non
689 3518 866 3573 posse.
899 3505 955 3560 Si
992 3506 1139 3561 enim
1164 3506 1389 3575 iubetur
1432 3509 1557 3579 quis
1592 3513 2004 3583 apprehendere
2037 3514 2121 3568 di-

547 3597 855 3667 sciplinam,
887 3607 945 3653 ut
992 3614 1097 3654 non
1144 3599 1413 3656 irascatur
1460 3603 1512 3658 ei
1549 3604 1830 3671 Dominus,
1873 3605 1970 3659 ira:
2015 3605 2123 3660 erit

550 3690 839 3760 particeps,
867 3691 1108 3746 nondum
1141 3694 1477 3762 apprehensa
1517 3693 1805 3767 disciplina
1831 3696 1885 3750 in
1910 3712 2014 3767 qua
2048 3707 2123 3751 ta-

550 3796 674 3837 men
718 3797 1037 3854 prOgressus
1081 3784 1291 3854 aliquot
1340 3784 1473 3842 fecit
1512 3805 1528 3843 :
1578 3786 1648 3842 ab
1698 3787 1765 3843 iis
1796 3789 1888 3860 qui
1934 3803 2001 3843 ex
2036 3789 2115 3844 ira

544 3874 801 3926 oriuntur
824 3871 1110 3930 all‘ectibns
1128 3872 1368 3944 perfecte
1395 3875 1662 3932 liberante
1684 3877 2121 3947 apprehensione

546 3962 876 4031 disciplinae,
928 3980 1034 4020 non
1063 3981 1197 4022 vero
1225 3967 1526 4038 disciplinae
1561 3969 1718 4024 initio
1748 3979 1804 4024 et
1854 3970 1919 4025 ad
1971 3971 2116 4026 illam

546 4052 950 4109 lutroductione
986 4073 1002 4112 :
1033 4056 1257 4112 omnino
1303 4058 1452 4112 enim
1490 4059 1582 4129 qui
1629 4059 1813 4116 adhuc
1841 4062 2119 4130 eruditur,

548 4143 901 4214 imperfectus
925 4156 1031 4213 est,
1073 4147 1425 4217 imperfectus
1452 4159 1633 4205 autem
1666 4149 1803 4205 iram
1830 4149 1925 4207 Dei
1954 4166 2122 4224 expe-

551 4235 645 4291 riri
676 4244 876 4307 potest.
907 4235 1013 4291 Sed
1045 4238 1301 4308 quoniam
1333 4254 1510 4309 neque
1540 4240 1594 4294 in
1623 4237 1915 4305 Hebraico,
1943 4258 2120 4313 neque

2230 1764 2376 1828 σθαι,
2408 1762 2498 1817 διὰ
2542 1762 2602 1816 τὸ
2647 1762 3003 1835 ἐπιφέρεσθαι
3046 1761 3109 1815 τὸ
3155 1780 3175 1813 t
3230 1763 3288 1814 ἐν
3326 1760 3537 1834 τρόμῳ.
3583 1780 3605 1812 ι
3652 1762 3808 1815 Ἀλλ-ά

2231 1857 2441 1927 μήποτε
2484 1852 2549 1909 οἵ
2584 1854 2686 1924 μὲν
2729 1854 2928 1907 τέλειοι
2973 1852 3212 1924 βασιλεῖς
3246 1853 3632 1922 τυγχάνουσιν,
3675 1855 3727 1906 οἱ
3752 1854 3809 1907 δὲ

2226 1946 2331 2002 κᾶν
2372 1946 2449 2018 τῷ
2487 1945 2637 2018 φόϐῳ
2676 1945 3178 2016 παιδαγωγούμενοι
3217 1945 3402 2016 κριταὶ⁵
3445 1944 3576 2015 γῆς,
3619 1947 3684 1999 ὲν
3729 1940 3809 2009 οἷς

2226 2037 2557 2109 προστάσσει
2600 2038 2630 2091 ὁ
2662 2036 2853 2107 Σωτὴρ
2893 2033 3159 2105 ἀγαλλιᾷν
3199 2033 3275 2106 μὴ
3306 2034 3634 2105 ἀνειμένως,
3676 2034 3809 2105 μηδὲ

2224 2126 2661 2198 ἁπολελυμένως,
2695 2125 2783 2179 ἵνα
2828 2124 2903 2197 μὴ
2937 2125 3244 2179 ἐκπέσωσιν
3278 2125 3358 2188 είς
3392 2124 3677 2195 χαύνωσιν
3713 2126 3807 2177 καὶ

2224 2219 2422 2289 οἴησιν,
2450 2218 2563 2271 ἀλλ’
2596 2237 2615 2269 ι
2646 2219 2703 2270 ὲν
2730 2217 2939 2289 τρόμῳ,
2978 2235 2998 2268 t
3027 2219 3120 2271 καὶ
3143 2216 3306 2270 οἱονεὶ
3331 2216 3803 2288 συνεσταλμένως,

2229 2309 2368 2380 μετὰ
2393 2308 2488 2362 τοῦ
2522 2312 2747 2364 σκοπεῖν
2777 2310 2838 2363 τὸ
2867 2308 3127 2363 δύνασθαι
3162 2311 3366 2374 πεσεῖν,
3399 2310 3451 2361 εί
3481 2307 3804 2363 καταλείποι

2225 2406 2259 2475 ἡ
2305 2404 2581 2477 ὲπισκοπὴ
2631 2405 2725 2459 τὸν
2772 2406 3063 2476 γενόμενον
3109 2404 3165 2458 ἐν
3220 2423 3324 2458 τινι
3354 2403 3492 2476 ἀξίῳ
3521 2404 3620 2458 τοῦ
3649 2405 3803 2460 εὐλό-

2224 2513 2337 2566 γως
2370 2495 2710 2567 ἐπαίρεσθαι.
2734 2497 2807 2550 Τὸ
2828 2497 2883 2551 δὲ
2914 2517 2932 2548 ι
2968 2496 3325 2568 ἀγαλλιᾶσθαι
3363 2518 3382 2550 ι
3416 2498 3526 2552 ἀπὸ
3551 2498 3652 2569 τῆς
3681 2516 3805 2551 συν-

2223 2588 2414 2661 ηθείας
2445 2590 2561 2642 ἐστὶ
2596 2588 2696 2661 τὴς
2722 2589 2973 2661 Γραφῆς·
3016 2591 3153 2661 ὅπερ
3190 2589 3411 2661 οἰόμεθα
3448 2583 3591 2644 εἶναι
3627 2590 3801 2661 χαρὰν

2223 2681 2281 2733 ὲν
2320 2681 2385 2751 τῇ
2432 2678 2668 2751 ἐπινοίᾳ,
2719 2678 2949 2749 ἔχουσαν
2994 2679 3093 2751 τὴν
3137 2679 3232 2733 τοῦ
3277 2679 3433 2750 ἁγίου
3481 2679 3801 2751 Πνεύματος

2224 2773 2304 2837 είς
2333 2771 2433 2843 τὴν
2459 2771 2635 2843 ψυχὴν
2669 2771 2949 2826 κοινωνίαν
2981 2773 3364 2845 συγχαίροντος
3391 2772 3470 2843 τῷ
3503 2773 3669 2844 ἁγίῳ.

2292 2862 2599 2932 Δρὰξασθε
2636 2864 2935 2930 παιδείας,
2978 2865 3214 2935 μήποτε
3268 2865 3521 2936 ὀργισθῇ
3560 2868 3799 2936 Κύριος,

2225 2955 2323 3011 καὶ
2346 2955 2669 3010 ἀπολεῖσθε
2704 2956 2775 3020 ἐξ
2816 2954 2961 3009 ὀδοῦ
3002 2955 3257 3023 δικαίας,
3289 2974 3343 3009 κ.
3368 2973 3420 3011 τ.
3458 2958 3484 3008 ὲ
3505 2957 3652 3029 ,Τὴν
3696 2957 3799 3028 μὲν

2225 3049 2509 3121 προκοπὴν
2543 3048 2653 3119 (80)
2698 3047 2786 3102 διὰ
2829 3048 2947 3113 τοῦ,
2986 3067 3005 3100 ι
3054 3047 3402 3120 παιδεύθητε,
3458 3068 3477 3100 t
3530 3051 3795 3120 παριστᾷ..

2220 3141 2321 3211 τὴν
2364 3139 2420 3193 δὲ
2461 3138 2739 3194 τελείωσιν
2773 3138 2863 3193 διὰ
2905 3137 3023 3202 τοῦ,
3065 3157 3084 3189 ι
3140 3136 3413 3209 δράξασθε
3456 3138 3730 3203 παιδείας.
3772 3156 3790 3189 ι

2222 3228 2312 3301 Τῷ
2353 3230 2411 3283 δὲ
2444 3229 2718 3302 ἐπιμελῶς
2746 3229 3149 3303 παρατηροῦντι
3184 3230 3352 3298 σαφές
3382 3233 3557 3293 ὲστιν,
3590 3231 3674 3283 ὅτι
3708 3231 3797 3281 ὲν-

2221 3321 2433 3393 δέχεται
2459 3322 2552 3376 τὸν
2573 3322 2735 3393 ἀτελῆ
2761 3324 2819 3376 ὲν
2850 3321 3065 3394 παιδείᾳ
3084 3322 3181 3375 καὶ
3203 3323 3279 3393 μὴ
3311 3323 3693 3393 προκόπτοντα
3718 3323 3798 3375 ἔτι

2220 3412 2389 3485 ὀργῆς
2417 3414 2621 3486 Κυρίου
2658 3411 3115 3486 μεταλαμϐάνειν,
3150 3412 3241 3466 τὸν
3273 3412 3332 3466 δὲ
3364 3413 3571 3466 τέλειον
3601 3412 3796 3467 ἀδύνα-

2221 3523 2313 3559 τον
2341 3506 2543 3580 ταύτης
2577 3507 2846 3579 μετέχειν.
2881 3508 2944 3560 Εί
2972 3508 3081 3580 γὰρ
3117 3505 3415 3578 δράξασθαί
3441 3523 3527 3569 τις
3555 3505 3796 3569 παιδείας

2222 3598 2501 3653 κελεύεται
2527 3599 2667 3671 ὑπὲρ
2690 3600 2781 3653 τοῦ
2817 3599 2891 3671 μὴ
2917 3597 3234 3670 ὀργισθῆναι
3266 3597 3413 3669 αύτῷ
3438 3599 3531 3651 τὸν
3573 3597 3794 3671 Κύριον,

2221 3691 2324 3746 κᾶν
2361 3691 2620 3763 μετάσχοι
2646 3692 2746 3762 τῆς
2769 3689 2940 3764 ὀργῆς
2961 3690 3036 3763 μὴ
3055 3689 3388 3763 δραξάμενος
3412 3692 3511 3761 τῆς
3532 3691 3792 3756 «meum,»

2222 3787 2280 3839 ὲν
2313 3787 2561 3856 προκοπῇ
2599 3785 2847 3855 μέντοιγε
2878 3783 2978 3854 τῆς
3010 3782 3259 3846 παιδείας
3295 3781 3392 3846 ὣν,
3422 3783 3609 3837 τέλεον
3648 3785 3792 3838 ὲλευ-

2223 3875 2486 3949 θερούσης
2510 3874 2618 3929 ἀπὸ
2645 3874 2754 3928 τῶν
2785 3877 2849 3927 ὲκ
2875 3874 2973 3947 τῆς
3000 3873 3170 3946 ὀργῆς
3199 3875 3586 3945 ἐπερχομένων
3619 3875 3791 3945 παθη-

2225 3970 2408 4041 μάτων
2450 3968 2550 4039 τῆς
2592 3964 2962 4039 ι-,εριδράξεως
3002 3967 3101 4036 τῆς
3141 3965 3405 4030 παιδείας,
3446 3968 3572 4039 οὐχὶ
3608 3967 3677 4036 δὲ⁸
3698 3967 3789 4039 τῆς

2222 4061 2513 4131 ἐπαγωγῆς
2543 4057 2636 4113 καὶ
2649 4059 2746 4128 τῆς
2767 4058 2941 4129 ἀρχῆς
2956 4058 3052 4130 τῆς
3068 4057 3209 4111 κατὰ
3227 4059 3326 4132 τὴν
3347 4058 3596 4112 παιδείαν
3616 4077 3631 4092 ⁸
3658 4060 3788 4114 πάν-

2221 4171 2329 4218 τως
2354 4154 2463 4222 γὰρ
2482 4153 2510 4205 ὁ
2538 4151 2618 4205 ἔτι
2653 4150 3035 4222 παιδευόμενος
3061 4150 3256 4223 ἀτελής
3297 4152 3466 4213 ἐστιν,
3500 4150 3700 4223 ἀτελὴς
3737 4152 3789 4205 δὲ

2221 4244 2300 4300 ὢν
2336 4244 2507 4316 ὀργῆς
2554 4243 2775 4297 δύναται
2824 4245 3018 4313 πεῖραν
3063 4241 3247 4295 λαϐεῖν
3289 4240 3448 4294 Θεοῦ.
3496 4241 3635 4294 Ἀλλ’
3676 4241 3791 4294 ἐπεὶ

556 4328 611 4382 in
660 4329 788 4384 aliis
843 4329 1394 4399 interpretationibus
1425 4332 1658 4388 habetur
1686 4348 1793 4389 vox
1828 4351 1848 4385 t
1885 4333 2055 4403 justa,
2096 4357 2117 4391 ι

2227 4337 2351 4393 οὔτε
2383 4337 2443 4390 ὲν
2473 4334 2551 4407 τῷ
2587 4332 2858 4406 Ἐϐραῑκῷ
2886 4334 3227 4405 πρόσκειται,
3270 4330 3396 4385 οὔτε
3426 4333 3484 4385 έν
3526 4335 3650 4397 ταῖς
3689 4332 3791 4386 λοι-

549 4423 892 4490 suspicamur
935 4437 1003 4477 ne
1042 4421 1182 4477 forte
1236 4423 1320 4480 vel
1364 4440 1462 4497 per
1509 4426 1970 4496 dispensationem
2020 4429 2124 4485 hoc

549 4515 944 4584 apposueriut,
996 4515 1082 4570 vel
1130 4530 1288 4572 error
1335 4519 1406 4572 sit
1444 4518 1497 4573 in
1547 4518 1976 4590 exemplaribus.
2016 4520 2124 4577 Per

546 4606 1000 4676 dispensationem
1020 4609 1235 4678 quidem
1259 4619 1317 4664 ut
1341 4611 1413 4664 sit
1439 4625 1632 4666 sensus
1651 4630 1665 4665 :
1684 4608 1798 4665 Nisi
1822 4612 2122 4682 apprehen-

547 4697 740 4753 deritis
769 4699 1142 4769 disciplinam,
1172 4701 1421 4769 peribitis
1459 4702 1525 4758 de
1550 4704 1634 4758 via
1681 4702 1853 4774 jnsta,
1885 4714 1942 4761 et
1966 4706 2114 4761 exci-

542 4789 689 4845 detis
708 4796 779 4846 ab
816 4806 907 4857 ea,
940 4792 1171 4849 Domino
1199 4793 1352 4849 vobis
1392 4795 1689 4851 irascente.
1727 4794 1926 4852 Verum
1959 4813 2120 4853 accu-

548 4891 668 4935 rate
694 4898 806 4938 rem
844 4885 1263 4954 perpendamus,
1287 4900 1411 4941 cum
1441 4888 1519 4942 ira
1547 4886 1644 4943 Dei
1674 4887 1979 4959 corrigendi
2006 4889 2117 4945 vim

546 4973 765 5037 habeat,
826 4976 1100 5044 quomodo
1156 4992 1252 5047 per
1285 4978 1391 5033 hoc
1437 4979 1583 5048 quod
1634 4978 1779 5035 Deus
1823 4980 2113 5050 irascatur,

544 5077 733 5135 pereat
763 5069 887 5137 quis
908 5069 975 5124 de
997 5069 1082 5124 via
1110 5067 1257 5138 justa
1285 5069 1311 5124 ?
1348 5068 1546 5141 Utiq’ue
1570 5071 1984 5143 haudquaquam
2007 5089 2119 5128 om-

547 5157 678 5213 nino
711 5169 935 5229 propter
969 5161 1103 5215 iram
1136 5161 1387 5232 peribitis
1434 5163 1502 5218 de
1538 5161 1622 5217 via
1661 5162 1833 5232 justa,
1867 5165 1963 5221 sed
2012 5166 2116 5222 hoc

549 5249 703 5307 vobis
751 5262 976 5323 propter
1003 5262 1225 5323 peccata
1271 5263 1453 5310 vestra
1482 5256 1718 5311 eveniet.
1748 5253 1902 5322 Quod
1927 5256 1973 5312 si
2004 5273 2113 5312 non

548 5340 708 5397 fuerit
737 5345 985 5414 apposita
1031 5361 1132 5401 vox
1177 5365 1196 5398 ι
1243 5345 1413 5416 justa,
1462 5364 1482 5399 ι
1518 5361 1639 5401 cum
1690 5345 1729 5402 ii
1757 5347 1848 5417 qui
1886 5363 1991 5403 non
2022 5362 2117 5418 ap-

546 5434 885 5501 prehendunt
933 5440 1302 5513 disciplinam,
1347 5440 1572 5497 omnino
1610 5440 1722 5496 sint
1769 5440 1825 5496 in
1869 5441 1952 5497 via
2005 5456 2111 5497 non

2226 4433 2355 4495 παῖς
2387 4428 2701 4501 ἑρμηνείαις
2728 4427 2811 4491 τὸ,
2847 4446 2866 4477 ι
2901 4424 3137 4489 δικαίας,
3188 4445 3207 4477 ο
3263 4423 3647 4495 ύποπτεύομεν
3690 4427 3791 4496 μή-

2223 4539 2355 4577 ποτε
2408 4520 2443 4593 ἢ
2494 4521 2612 4575 κατ’
2654 4518 2964 4589 οἰκονομίαν
3022 4515 3367 4588 προσέθηκαν
3408 4516 3592 4582 τοῦτο,
3645 4517 3678 4589 ἢ
3724 4516 3789 4569 τὰ

2206 4616 2531 4688 ,ἀντίγραφα
2588 4611 2922 4686 ἡμάρτηται.
2976 4610 3112 4663 Κατ’
3173 4607 3485 4680 οἰκονομίαν
3550 4610 3671 4680 μὲν,
3724 4609 3788 4661 ἶν’

2220 4708 2393 4771 οὓτως
2415 4707 2714 4778 νοήσωμεν·
2774 4702 2899 4757 Ἐὰν
2943 4702 3018 4773 μὴ
3056 4700 3324 4774 δράξησθε
3352 4701 3616 4765 παιδείας,
3661 4702 3791 4755 ἀπο-

2215 4800 2395 4857 λεῖσθε
2459 4799 2521 4864 ἐξ
2572 4796 2696 4851 ὁδοῦ
2754 4795 2991 4860 δικαίας,
3066 4795 3162 4849 καὶ
3242 4793 3563 4848 ὲκπεσεῖσθε
3597 4794 3787 4864 αὐτῆς,

2214 4889 2561 4966 ὀργισθέντος
2609 4889 2740 4960 ύμῖν
2791 4886 2885 4940 τοῦ
2936 4886 3166 4958 Κυρίουο
3235 4884 3350 4941 ἀλλ’
3404 4887 3479 4953 ὡς
3538 4888 3679 4959 πρὸς
3731 4886 3790 4940 τδ

2215 4981 2460 5056 ἀκριϐὲς,
2526 4982 2576 5033 εἰ
2643 4978 2962 5050 παιδευτική
3022 4981 3169 5033 ἐστιν
3212 4980 3244 5050 ή
3297 4978 3434 5050 ὀργὴ
3486 4977 3581 5031 τοῦ
3631 4977 3785 5045 Θεοῦ,

2217 5074 2354 5139 πῶς,
2392 5073 2480 5128 διὰ
2504 5072 2566 5126 τδ
2592 5070 2860 5144 ὠργίσθαι
2882 5070 3113 5142 Κύριον,
3147 5070 3435 5130 ἀπολεῖται
3459 5087 3544 5135 τις
3576 5068 3637 5137 ἐξ
3669 5067 3785 5124 ὀδοῦ

2214 5167 2464 5232 δικαίας;
2497 5166 2573 5220 Οὐ
2606 5165 2821 5228 πάντως
2851 5164 2911 5218 δὲ
2949 5163 3039 5219 διὰ
3068 5165 3165 5237 τὴν
3209 5163 3379 5235 ὀργὴν
3409 5161 3697 5218 ἀπολεῖσθε
3727 5162 3783 5229 ἐξ

2215 5259 2336 5316 ὁδοῦ
2362 5260 2596 5325 δικαίας,
2624 5258 2761 5313 ἀλλὰ
2797 5258 2954 5313 τοῦτο
2990 5259 3179 5328 ἕψεται
3213 5259 3342 5329 ὑμῖν
3382 5259 3470 5314 διὰ
3500 5257 3571 5311 τὰ
3607 5259 3779 5330 ἁμαρ-

2216 5354 2453 5425 τήματα.
2495 5352 2622 5407 Ἐὰν
2654 5350 2729 5423 μὴ
2832 5350 3084 5421 κείμενον
3101 5350 3221 5418 τὺ,σ
3268 5350 3503 5415 δικαίας,
3528 5369 3548 5402 ι
3587 5349 3707 5403 ἐπεὶ
3732 5348 3778 5401 οἱ

2221 5441 2297 5515 μὴ
2339 5440 2662 5514 δραξάμενοι
2696 5440 2945 5505 παιδείας
2986 5440 3204 5505 πάντως
3246 5440 3383 5495 εἰσὶν
3420 5441 3483 5492 ἐν
3533 5438 3639 5513 ὁδῷ
3681 5440 3774 5494 οὐκ

618 5593 732 5665 (80)
766 5592 1012 5674 Τὴνμέν
1050 5593 1388 5667 προκοπήν,
1423 5602 1528 5655 etc.
1555 5592 1602 5651 E
1631 5594 1753 5653 cod.
1779 5594 2129 5666 Barocciano,
2162 5607 2219 5655 et
2244 5599 2447 5664 Catena
2469 5598 2737 5656 Corderii.
2770 5596 2964 5656 latine
2988 5608 3170 5657 exstat
3196 5596 3336 5670 apud
3359 5596 3674 5656 Barbarum.
