4046 6152
256 276 399 334 ut"
1146 252 1153 284 "
1261 270 1570 327 SELECTA
1608 266 1677 327 IN
1716 261 2053 327 psalmos.
2095 298 2166 309 -
2197 267 2393 324 PSAL.
2428 268 2518 324 ιιι.
3375 264 3511 322 ms

251 391 461 464 ἀγαθῇ,
492 390 713 445 δύναται
741 388 1042 461 λεληθότως
1077 388 1352 460 λέγεσθαι,
1384 392 1466 446 ὅτι
1507 392 1582 464 μὴ
1608 392 1820 464 δρασσο-

1952 390 2127 454 bona;
2181 398 2361 459 potest
2402 388 2641 442 latenter
2688 380 2795 440 dici
2825 427 2841 453 ,
2878 382 3133 455 quoniam
3158 380 3313 436 vobis
3342 380 3510 435 disci-

258 483 441 554 μὲνων
472 482 624 554 ὑμῶν
678 481 924 547 παιδείας
966 483 1348 555 ὀργισθήσεται
1388 483 1610 556 Κύριος,
1645 486 1708 537 ἐκ
1739 483 1820 537 τοῐ

1942 487 2142 558 plinam
2188 503 2292 542 non
2337 482 2877 557 apprehendentibus
2922 481 3191 536 irascetur
3229 475 3508 536 Dominus,

250 575 555 630 ἀπολέσθαι
600 575 745 646 ὑμᾶς
790 576 854 628 ἐκ
890 576 987 646 τῆς
1030 573 1150 630 ὁδοῦ
1199 579 1258 630 ὲν
1374 577 1702 649 διατρίϐετε,
1748 577 1820 631 ἵνα

1940 594 2006 633 eo
2036 579 2181 648 quod
2224 577 2461 643 pereatis
2504 576 2571 632 de
2601 575 2710 639 via,
2741 574 2795 629 in
2819 586 2926 643 qua
2957 569 3270 633 versamini,
3308 575 3367 621 ut
3400 574 3506 618 non

258 666 460 740 μηκέτι
488 666 774 738 ὑπάρχητε
800 667 857 719 ἐν
884 668 1041 739 αὐτῇ.

333 852 518 907 Ὅταν
555 849 822 921 ἐκκαυθῇ
861 850 932 905 ἐν
972 850 1137 922 τάχει
1181 852 1215 906 ὁ
1258 851 1444 922 θυμὸς
1481 852 1686 917 αὐτοῦ,
1717 868 1831 921 μα-

251 941 449 1011 κάριοι
496 941 719 1009 πάντες
745 945 799 997 οἱ
843 946 1189 1010 πεποιθότες
1238 943 1332 997 ἐπ’
1366 943 1546 1010 αὐτῷ,
1597 960 1652 997 κ.
1684 960 1735 1000 τ.
1782 946 1828 997 ὲ.

249 1034 321 1089 Εί
355 1035 449 1089 καὶ
487 1033 737 1106 δεύτερον
774 1034 885 1107 (81)
914 1035 1128 1104 λέγεται
1175 1037 1205 1089 6
1251 1035 1422 1108 θυμὸς
1481 1036 1586 1109 τῆς
1640 1037 1829 1108 ὀργῆς,

251 1125 397 1179 ἀλλὰ
426 1125 505 1197 τῷ
523 1126 782 1198 τηροῦντι
810 1125 908 1198 τὴν
937 1126 1250 1199 σύμφρασιν
1294 1128 1398 1199 τῆς
1444 1128 1688 1201 Γραφῆς,
1731 1146 1833 1199 φα-

250 1218 412 1290 νερὸν
443 1218 524 1272 δτι
546 1217 825 1272 ὲκκαίεται
876 1219 1090 1290 πρῶτον
1119 1220 1148 1273 6
1174 1219 1376 1291 θυμὸς,
1411 1221 1506 1274 καὶ
1552 1216 1832 1293 ὀργισθέν-

246 1327 347 1373 τος
373 1309 467 1364 τοῦ
500 1309 635 1364 Θεοῦ
669 1310 967 1365 ἀπόλλυταί
989 1329 1074 1376 τις
1118 1313 1228 1367 ἀπὸ
1268 1314 1366 1385 τῆς
1396 1313 1537 1368 ὀδοῦ.
1564 1314 1638 1367 T6
1668 1314 1727 1367 δὲ
1773 1315 1830 1369 ἐν

244 1399 410 1471 τάχει
449 1399 703 1455 καίεσθαι
746 1404 839 1454 τὸν
882 1400 1074 1473 θυμὸν,
1109 1402 1142 1472 ἢ
1191 1403 1307 1473 μετ’
1356 1402 1553 1473 ὀλίγον,
1600 1404 1634 1475 ἢ
1691 1403 1829 1475 μετὰ

248 1486 429 1560 βραχὺ
474 1488 849 1545 ἀναπαύεσθαι
884 1491 1067 1556 αὐτὸν,
1111 1491 1347 1546 διδάσκει
1395 1492 1493 1565 τὴν
1544 1494 1683 1564 μετὰ
1732 1493 1829 1565 τὴν

244 1576 430 1646 ἔξοδον
454 1578 549 1634 τοῦ
582 1580 696 1652 βίου
730 1579 974 1639 κόλασιν.

321 1671 608 1742 Μακάριοι
632 1674 853 1741 πάντες
868 1677 920 1729 οἱ
937 1676 1283 1742 πεποιθότες
1309 1675 1403 1729 ἐπ’
1431 1675 1611 1742 αὐτῷ,
1627 1695 1681 1732 κ.
1702 1696 1751 1731 τ.
1777 1678 1823 1730 ὲ.

1941 669 2170 737 amplius
2198 667 2319 723 sitis
2361 668 2414 722 in
2446 682 2534 723 ea.

2010 843 2174 899 Vens.
2208 843 2296 899 15,
2341 842 2472 897 Cum
2503 842 2763 898 exarserit
2793 842 2850 897 in
2898 840 3039 896 breui
3077 839 3161 894 ira
3199 840 3335 907 ejus,
3372 838 3488 891 beat

1940 950 2118 989 omnes
2158 932 2319 1006 557
2343 934 2433 1003 qui
2463 934 2736 1003 conﬁdunt
2765 934 2823 987 iu
2851 949 2936 998 eo,
2982 943 3092 986 etc.
3137 930 3394 997 Quamvis
3427 931 3476 982 ir

1940 1027 2089 1097 prior
2142 1027 2354 1080 dicatur
2398 1040 2562 1095 quant
2617 1024 2792 1090 furor,
2848 1034 3028 1077 tamen
3068 1023 3158 1091 qui
3211 1021 3507 1089 Scriptura:

1939 1117 2351 1174 consensionem
2387 1116 2858 1182 animadverterit,
2882 1115 3118 1170 furorem
3147 1114 3385 1183 priorem
3420 1127 3504 1166 ac-

1937 1208 2115 1276 cendi,
2148 1220 2203 1265 et
2239 1210 2381 1263 irato
2409 1208 2521 1265 Deo
2550 1207 2786 1278 aliquem
2834 1221 2865 1262 e
2906 1207 2992 1260 via
3040 1207 3219 1277 perire
3246 1205 3506 1275 reperiet.

1936 1300 2090 1368 Quod
2138 1315 2270 1355 vero
2307 1300 2462 1357 furor
2495 1302 2550 1355 in
2588 1300 2742 1355 brevi
2781 1300 3030 1363 exardet,
3063 1299 3145 1352 vel
3177 1306 3300 1367 post
3329 1296 3505 1350 modi-

1937 1406 2059 1446 cum
2095 1390 2179 1446 vel
2230 1400 2358 1462 post
2401 1391 2569 1446 breve
2600 1400 2828 1461 tempus
2866 1389 3111 1453 sedatur,
3151 1387 3331 1444 futura
3380 1394 3504 1456 post

1934 1483 2140 1539 exitum
2161 1482 2286 1539 vita:
2313 1483 2575 1554 supplicia
2604 1483 2879 1554 exprimit.

2006 1687 2159 1742 Beati
2187 1705 2364 1743 omnes
2389 1689 2477 1756 qui
2498 1687 2767 1758 conﬁdunt
2793 1689 2847 1740 in
2866 1703 2947 1749 eo,
2965 1695 3067 1740 etc.
3104 1684 3507 1740 Attendendum

244 1765 665 1819 Κατακουστὲον
690 1765 806 1830 τοῦ,
847 1786 867 1818 ι
902 1765 1241 1831 πεποιθότες,
1277 1786 1294 1819 ι
1329 1766 1512 1821 πίστιν
1543 1770 1820 1840 ἐμφαίνον-

1932 1790 2015 1836 est
2048 1782 2114 1836 ad
2151 1782 2319 1838 illud:
2353 1801 2371 1835 ι
2401 1781 2504 1850 Qui
2529 1781 2842 1848 conﬁdunt,
2870 1802 2889 1836 ι
2918 1782 3058 1851 quod
3085 1781 3321 1836 declarat
3349 1781 3506 1835 ﬁdem

241 1872 342 1921 τος
374 1856 489 1926 μετ’
515 1856 728 1921 ἐλπίδος
754 1858 1063 1914 ἀνυπόπτου
1088 1859 1461 1932 βεϐαιοτάτην,
1479 1862 1571 1915 καὶ
1585 1863 1826 1933 ἑδραίαν,

243 1946 344 2000 καὶ
380 1946 644 2012 ἄσειστον,
678 1948 798 2002 οὐδὲ
832 1950 890 2004 ὲν
909 1953 1020 2015 τοῖς
1040 1950 1254 2005 δοκοῦσι
1281 1950 1684 2023 χαλεπωτάτοις
1706 1971 1829 2009 και-

242 2041 365 2110 ροῖς
391 2039 484 2092 τοῦ
520 2039 842 2105 πεποιθότος
872 2041 1341 2112 άπογινώσκοντος
1370 2043 1468 2117 τὴν
1488 2044 1582 2099 τοῦ
1616 2040 1824 2119 Κυρίου

239 2131 329 2195 είς
358 2131 521 2186 αὑτὸν
544 2134 863 2202 παρουσίαν,
883 2133 1095 2198 οὐδενὸς
1124 2132 1487 2206 παρέλκοντος
1518 2134 1699 2190 αὐτόν.

834 2429 1125 2485 ΨΑΛΜΟΣ
1152 2431 1231 2489 Γ’.

318 2521 566 2592 Ψαλμὸς
612 2521 695 2589 τῷ
745 2522 947 2587 Δαυῒδ,
1006 2524 1184 2579 ὁπότε
1221 2524 1664 2595 ἀπεδίδρασκεν
1704 2526 1824 2583 ἀπὸ

234 2615 567 2685 προσώπου
613 2613 990 2685 Ἀϐεσσανίὼμ
1031 2613 1140 2669 τοῦ
1182 2615 1318 2670 υἱοῦ
1344 2617 1552 2683 αὑτοῦ,
1583 2636 1638 2671 κ.
1669 2636 1720 2671 τ.
1770 2621 1818 2674 ἐ.

235 2710 400 2764 Δοκεῖ
428 2710 457 2763 6
477 2706 687 2780 ψαλμὺς
719 2707 827 2779 (82)
854 2706 1105 2780 είρῆσθαι
1129 2707 1208 2779 τῷ
1229 2709 1411 2778 Δαυῖδ,
1441 2709 1605 2765 ὁπότε
1638 2711 1823 2765 ἀπεδί-

233 2801 475 2876 δρασκεν
501 2801 607 2855 ἀπὸ
640 2798 933 2872 προσώπου
973 2799 1327 2873 Ἀὅεσσαλὼμ
1345 2796 1450 2856 ³τοῦ
1480 2803 1599 2857 υίοῦ
1631 2803 1819 2860 αὐτοῦ.

237 2893 380 2948 Ὀλα
410 2893 467 2947 δὲ
498 2892 566 2947 τὰ
596 2894 653 2946 ὲν
684 2890 761 2963 τῷ
779 2890 977 2962 ψαλμῷ
1001 2890 1170 2946 σῶσαι
1199 2892 1335 2963 πρὸς
1363 2892 1462 2965 τὴν
1488 2893 1726 2966 ἱστορίαν
1763 2897 1824 2950 οὐ

232 2985 484 3039 δυνατόν⁸
528 2984 579 3039 τί
604 2983 714 3055 γὰρ
754 2982 1120 3055 συμϐάλλεται
1167 2983 1304 3056 πρὸς
1348 2984 1409 3038 τὸ
1441 2986 1823 3057 προκείμενον-

1935 1884 2056 1924 cum
2126 1888 2393 1943 spe,quse
2446 1874 2753 1942 suspicione
2801 1882 2990 1929 careat
3037 1871 3427 1936 ﬁrmissimam,
3454 1878 3510 1924 et

1932 1962 2220 2034 Stabilem,
2255 1977 2310 2021 et
2341 1966 2759 2033 inconcussam;
2809 1981 2934 2021 cum
2970 1979 3142 2034 neque
3181 1961 3509 2018 dillicillimis

1932 2053 2098 2109 etiam
2153 2057 2488 2127 temporibus
2542 2058 2590 2113 is
2635 2058 2727 2126 qui
2774 2055 3039 2121 conlidit,
3082 2053 3296 2110 Domini
3348 2054 3400 2108 in
3447 2067 3509 2108 se

1932 2148 2277 2213 praesentiam
2330 2149 2614 2219 desperet,
2661 2162 2835 2218 neque
2883 2147 3176 2218 quisquam
3223 2146 3375 2202 illum
3420 2145 3506 2202 di-

1931 2246 2135 2292 vertat.

2502 2437 2822 2495 PSALMUS
2860 2437 2949 2494 ΙΙΙ.

2007 2532 2169 2588 Vens.
2207 2533 2262 2588 1.
2297 2531 2547 2588 Psalmus
2575 2532 2765 2600 David,
2803 2533 3012 2603 quando
3039 2531 3269 2602 fugiebat
3308 2549 3341 2587 a
3367 2532 3506 2602 facie

1926 2624 2173 2679 Absalom
2197 2624 2298 2693 ﬁlii
2329 2626 2437 2690 sui,
2462 2635 2571 2680 etc.
2603 2625 2832 2680 Videtur
2864 2623 2953 2678 hic
2979 2625 3219 2693 psalmus
3250 2641 3279 2679 a
3305 2624 3506 2681 Davide

1926 2716 2104 2772 dictus
2146 2730 2266 2771 esse
2294 2717 2511 2787 quando
2561 2715 2802 2787 fugiebat
2856 2731 2888 2769 a
2925 2715 3068 2771 facie
3095 2716 3355 2772 Absalom
3405 2717 3500 2772 ﬁlii

1931 2806 2039 2861 sui.
2074 2804 2271 2861 Omnia
2301 2813 2481 2859 autem
2505 2820 2628 2875 quae
2662 2803 2901 2875 psalmus
2939 2805 3207 2872 continet,
3237 2808 3304 2860 ad
3333 2806 3505 2863 histo-

1932 2899 2071 2952 riam
2112 2895 2308 2952 rel‘errl
2355 2911 2463 2950 non
2506 2904 2753 2966 possunt.
2790 2894 2929 2962 Quid
2967 2897 3111 2951 enim
3151 2897 3218 2950 ad
3255 2898 3504 2969 proposi-

1935 3000 2046 3045 ttnn
2082 2989 2357 3059 pertinet:
2389 3005 2409 3038 ι
2441 2986 2556 3057 Ego
2602 2986 2859 3051 dormivi,
2911 2994 2967 3041 et
3010 2997 3296 3057 soporatus
3343 3004 3499 3053 sunt,

239 3095 263 3130 ε
322 3073 462 3145 Ἐγὼ
489 3072 808 3147 ὲκοιμήθην,
842 3075 936 3128 καὶ
969 3072 1218 3139 ὕπνωσα,
1245 3074 1570 3149 ἐξηγέρθην,
1603 3078 1686 3132 ὅτι
1718 3079 1820 3132 Κύ.

1933 3079 2242 3141 exsurrexi,
2305 3077 2432 3147 quia
2461 3075 2724 3131 Dominus
2770 3077 3033 3146 suscipiet
3061 3092 3148 3131 me
3168 3076 3295 3131 ὀί»
3347 3077 3502 3145 Quod

235 3184 356 3240 ριος
383 3164 729 3238 ἀντιλήψεταί
763 3181 899 3236 μου;
943 3184 961 3216 ι
1000 3165 1112 3219 Kal
1141 3166 1188 3218 εί
1227 3165 1467 3237 βούλοιτο
1497 3167 1554 3221 δέ
1582 3186 1663 3234 τις
1695 3169 1819 3224 δου-

230 3257 413 3312 λεύειν
438 3260 505 3330 τῇ
533 3257 698 3323 λέξει,
735 3255 896 3310 πλέον
923 3256 1095 3328 αὐτῆς
1127 3257 1292 3329 μηδὲν
1316 3258 1611 3331 ἐπιζητῶν,
1644 3279 1821 3334 παρα-

234 3349 490 3422 στησάτω
513 3347 627 3412 πῶς
643 3347 892 3420 ἀληθεύει
911 3347 1083 3418 λέγων
1106 3349 1134 3401 6
1163 3349 1475 3421 Προφήτης·
1510 3369 1529 3402 ι
1573 3351 1821 3416 Ὀδόντας

231 3441 576 3514 ἁμαρτωλῶν
636 3440 979 3513 συνέτριψας.
1020 3460 1039 3493 ι
1089 3441 1181 3495 Δεῖ
1233 3442 1292 3496 δὲ
1355 3441 1588 3515 ζητῆσαι
1651 3444 1736 3508 τίς
1790 3447 1820 3498 6

232 3533 418 3599 Δαυῖδ,
454 3536 548 3588 καὶ
571 3533 654 3598 τίς
684 3536 713 3588 6
754 3530 1127 3603 Ἀϐεσσαλὼμ,
1149 3535 1242 3587 καὶ
1267 3535 1300 3604 ἡ
1321 3534 1563 3599 ἐπίθεσις
1593 3535 1755 3590 αὐτοῦ
1782 3539 1816 3610 ἡ

234 3627 378 3682 κατὰ
408 3627 500 3682 τοῦ
534 3626 761 3698 πατρὸς,
785 3627 820 3699 ἥ
848 3643 908 3680 τε
931 3629 1074 3698 φυγὴ
1090 3625 1183 3680 τοῦ
1216 3625 1479 3697 βασιλέως
1505 3627 1695 3700 πράως
1723 3629 1820 3698 φέ-

234 3738 420 3794 ροντος
441 3720 537 3791 τὴν
569 3720 930 3775 ἐπανάστασιν
950 3718 1044 3773 τοῦ
1072 3719 1171 3790 τῆς
1201 3716 1479 3789 βασιλείας
1501 3720 1667 3774 αὑτοῦ
1695 3722 1818 3776 ἐπι-

231 3811 577 3884 θυμήσαντος
610 3810 749 3878 υἱοῦ,
795 3813 889 3866 καὶ
921 3811 1300 3883 ὲντελλομὲνου
1345 3815 1457 3876 toi“;
1509 3812 1602 3866 ὑπ’
1651 3814 1815 3868 αὐτὸν

230 3900 522 3972 φείσασθαι
552 3900 643 3954 τοῦ
674 3900 958 3973 παιδαρίου
1003 3900 1374 3971 Ἀϐεσσαλώμ.
1406 3899 1682 3973 Πολλαχοῦ
1714 3904 1816 3975 τῆς

229 3992 461 4065 Γραφῆς
491 3990 724 4065 εὕρομεν
763 3991 924 4045 Δαυῒδ
954 3986 1096 4047 εἶναι
1137 3993 1229 4047 τὸν
1255 3992 1510 4064 Χριστὸν,
1543 3991 1733 4067 ὥσπερ
1755 3997 1815 4049 ὲν

229 4083 313 4157 τῷ
341 4083 680 4159 ὀγδοηκοστῷ
695 4085 866 4156 ὀγδόῳ
893 4084 1109 4157 ψαλμῷ*
1143 4103 1161 4137 ι
1195 4079 1368 4157 Εὗρον
1390 4083 1553 4139 Δαυῖδ
1584 4084 1675 4141 τὸν
1702 4085 1817 4140 δοῦ-

230 4173 326 4230 λόν
364 4194 484 4249 μου·
513 4179 572 4230 ὲν
603 4176 768 4246 ἐλαίῳ
793 4176 934 4248 ἁγίῳ
962 4175 1153 4249 ἔχρισα
1172 4176 1353 4230 αὐτόν’
1383 4178 1415 4249 ἡ
1437 4176 1547 4249 γὰρ
1570 4178 1692 4250 χείρ
1711 4195 1812 4250 μου

230 4259 583 4339 ἀντιλήψεται
610 4267 780 4340 αὐτῷ,
810 4268 905 4322 καὶ
929 4269 957 4322 6
978 4268 1216 4340 βραχίων
1250 4286 1352 4341 μου
1383 4268 1696 4340 ἀντισχύσει
1725 4271 1816 4324 αὑ-

229 4359 344 4414 τόν.
369 4360 482 4414 Οὐκ
511 4360 780 4430 ὠφελήσει
810 4360 1001 4433 ἐχθρὸς
1021 4362 1079 4415 ἐν
1108 4360 1276 4432 αὐτῷ,
1312 4362 1405 4416 καὶ
1434 4362 1548 4426 υἱὸς
1579 4363 1812 4435 ἀνομίας

1924 3171 1972 3226 si
2007 3168 2130 3239 quis
2175 3167 2408 3222 voluerit
2467 3166 2665 3220 litterae
2709 3166 2956 3232 servire,
3010 3165 3252 3234 nihilque
3302 3176 3502 3234 praeter

1924 3277 2042 3319 eam
2063 3273 2330 3332 quaerere,
2359 3259 2610 3312 ostendat
2647 3255 2920 3325 quomodo
2955 3268 3143 3309 verum
3186 3255 3331 3309 dicat
3362 3254 3500 3309 Pro-
3568 3254 3571 3257 ’

1924 3354 2104 3423 pheta,
2128 3367 2250 3407 cum
2279 3352 2358 3405 ait
2377 3352 2454 3404 ὀε
2479 3369 2498 3401 ι
2530 3349 2726 3403 Dentes
2755 3355 3101 3416 peccatorum
3132 3346 3494 3401 contrivisti.»

1924 3444 2288 3512 Quaerendum
2322 3451 2405 3497 est
2433 3442 2557 3513 quis
2586 3440 2774 3506 David,
2820 3439 2944 3510 quis
2968 3438 3245 3505 Absalom,
3284 3450 3339 3494 et
3373 3440 3497 3508 qui-

1924 3555 2047 3594 nam
2091 3537 2254 3593 fuerit
2285 3536 2405 3607 ejus
2452 3535 2718 3590 adversus
2752 3542 2962 3602 patrem
3007 3533 3260 3602 impetus,
3293 3545 3346 3588 et
3379 3550 3499 3602 qnze

1924 3632 2049 3701 l‘nga
2083 3631 2246 3700 regis,
2276 3630 2368 3699 qui
2402 3628 2635 3698 benigne
2663 3626 2770 3681 fert
2804 3624 2898 3679 ﬁlii
2942 3639 3167 3694 regnum
3210 3622 3328 3692 ejus
3374 3623 3501 3681 affe-

1923 3723 2140 3787 ctantis,
2182 3720 2567 3782 rebellionem,
2624 3727 2680 3775 et
2726 3718 2962 3773 subditis
3012 3717 3127 3771 suis
3171 3717 3401 3786 imperat
3440 3726 3501 3772 ut
3538 3784 3543 3787 ν

1923 3824 2151 3883 parcant
2207 3812 2318 3869 ﬁlio
2369 3811 2648 3867 Absalom.
2709 3807 2964 3864 Pluribus
3011 3822 3145 3862 sane
3195 3806 3496 3878 Scriptura:

1923 3905 2058 3961 locis
2100 3904 2410 3959 invenimus
2431 3902 2693 3958 Davidem
2729 3916 2851 3957 esse
2876 3900 3178 3966 Christum,
3230 3900 3496 3970 quemad-

1923 3999 2144 4054 modum
2195 3990 2247 4052 iii
2296 3997 2628 4068 octogesimo
2666 4004 2858 4051 octavo
2892 3994 3096 4064 psalmo
3117 3993 3160 4026 ⁶¹
3189 4011 3204 4049 :
3251 4011 3271 4046 ι
3300 3992 3488 4048 Inveni

1924 4088 2092 4145 David
2130 4102 2349 4145 servum
2389 4101 2590 4151 meum,
2628 4086 2748 4141 oleo
2791 4095 2983 4141 sancto
3021 4085 3151 4140 unxi
3188 4100 3334 4151 eum,
3376 4100 3493 4137 ma-

1920 4199 2022 4239 nus
2063 4183 2208 4238 enim
2255 4196 2372 4237 mea
2413 4179 2768 4236 auxiliabitur
2794 4179 2866 4243 ei,
2900 4188 2955 4234 et
2984 4178 3266 4235 brachium
3316 4191 3493 4231 meum

1920 4274 2246 4332 confortabit
2272 4289 2419 4332 eum.
2462 4272 2609 4327 Nihil
2644 4271 2894 4343 proﬁciet
2925 4270 3179 4327 inimicus
3219 4271 3272 4324 in
3309 4284 3394 4335 eo,
3438 4278 3495 4322 et

1922 4366 2065 4421 illius
2109 4364 2414 4435 iniquitatis
2458 4379 2564 4420 non
2601 4373 2838 4434 apponet
2873 4376 3073 4417 nocere
3106 4362 3179 4427 ei,
3213 4371 3269 4415 et
3306 4360 3494 4416 conci-

229 4449 295 4502 οὐ
331 4447 628 4519 προσθήσει
663 4447 757 4501 τοῦ
795 4449 1045 4504 κακῶσαι
1074 4450 1254 4504 αὐτόν.
1285 4451 1394 4505 Kal
1428 4450 1685 4521 συγκόψω
1705 4452 1813 4506 ἀπὸ

1924 4456 2041 4511 dam
2084 4469 2114 4510 a
2147 4453 2286 4509 facie
2329 4454 2501 4523 ipsius
2540 4453 2793 4508 inimicos
2831 4452 2969 4523 cjus,
3004 4461 3060 4506 et
3093 4451 3338 4507 odientes
3363 4465 3490 4504 eum

230 4537 526 4613 προσώπου
546 4538 708 4592 αὐτοῦ
730 4540 855 4604 τοὺς
872 4540 1099 4612 ἐχθροὺς
1131 4541 1317 4608 αὐτοῦ,
1335 4541 1428 4596 καὶ
1444 4527 1584 4606 τοὺς
1592 4542 1812 4614 μισοῦν-

228 4648 333 4695 τας
358 4627 525 4684 αὐτὸν
566 4629 940 4702 τροπὼσομαι.
988 4633 1098 4686 Καὶ
1130 4634 1163 4704 ἡ
1192 4631 1418 4705 ἀλήθειά
1463 4650 1564 4705 μου
1621 4636 1716 4687 καὶ
1747 4631 1810 4686 τὸ

230 4722 381 4788 ἔλεός
409 4739 509 4794 μου
546 4725 661 4794 μετ’
685 4722 869 4778 αὐτοῦ’
905 4725 999 4779 καὶ
1024 4727 1081 4779 ἐν
1112 4725 1190 4798 τῷ
1209 4724 1432 4796 ὀνόματί
1462 4742 1562 4797 μου
1594 4724 1813 4797 ὑψωθή-

232 4830 386 4868 σεται
426 4813 487 4866 τὸ
516 4813 684 4886 κέρας
709 4811 896 4877 αὐτοῦ,
928 4815 1023 4868 καὶ
1049 4813 1286 4887 θήσομαι
1318 4817 1375 4869 ὲν
1391 4814 1632 4887 θαλάσσῃ
1649 4819 1809 4888 χεῖρα

231 4903 420 4969 αὑτοῦ,
446 4905 541 4959 καὶ
566 4906 623 4958 ἐν
653 4906 918 4976 ποταμοῖς
939 4905 1117 4973 δεξιάν
1148 4905 1328 4960 αὐτοῦ.
1361 4906 1531 4969 Αὐτὸς
1554 4905 1809 4959 ἐπικαλέ-

231 4995 386 5064 σεταί
416 5012 502 5067 με-
532 4997 723 5070 Πατήρ
755 5014 853 5068 μου
885 4991 935 5050 εἶ
965 4998 1052 5063 σὺ,
1090 4997 1246 5067 κάγὼ
1272 4997 1614 5069 πρωτότοκον
1645 4998 1806 5071 θήσο-

232 5106 332 5160 μαι
355 5088 537 5154 αὐτδν,
562 5088 764 5162 ὑψηλὸν
799 5090 949 5161 παρὰ
980 5093 1093 5156 τοῖς
1120 5089 1393 5162 βασιλεῦσι
1419 5093 1519 5164 τῆς
1555 5091 1683 5164 γῆς.
1713 5093 1811 5157 El;

225 5181 319 5236 τὸν
350 5181 522 5237 αίῶνα
552 5180 769 5253 φυλάξω
793 5181 943 5254 αὐτῷ
968 5181 1031 5236 τὸ
1058 5182 1203 5247 ἔλεός
1238 5200 1360 5255 μου,
1395 5186 1489 5238 καὶ
1517 5186 1550 5256 ἡ
1581 5184 1809 5256 διαθήκη

232 5289 335 5343 μου
394 5273 561 5344 πιστὴ
602 5274 771 5346 αὐτῷ.
817 5274 929 5328 Kal
972 5274 1208 5347 θήσομαι
1267 5277 1349 5339 εἰς
1385 5275 1480 5329 ’τὸν
1512 5275 1687 5329 αἰῶνα
1714 5272 1810 5328 τοῦ

228 5362 424 5428 αἰῶνος
450 5365 509 5418 τὸ
531 5365 751 5438 σπέρμα
776 5365 964 5431 αὐτοῦ,
986 5367 1195 5420 καὶτὸν
1225 5365 1411 5438 θρόνον
1435 5366 1601 5422 αὐτοῦ
1625 5368 1700 5432 ὡς
1715 5366 1813 5432 τὰς

230 5454 440 5526 ἡμέρας
477 5455 572 5510 τοῦ
623 5455 873 5530 οὐρανοῦ.
920 5477 940 5510 ι
978 5458 1089 5512 Kal
1128 5461 1188 5513 ἐν
1215 5458 1293 5530 τῷ
1338 5459 1536 5531 Ἡσαΐᾳ
1581 5458 1810 5530 λέγοντισ

301 5574 346 5604 ⁵³
379 5573 465 5628 Ps.
497 5589 580 5639 ιιι,
605 5573 658 5630 6.
735 5575 780 5607 ‘°
818 5574 947 5630 ibid.
977 5577 1033 5632 8.
1108 5577 1151 5608 "
1180 5576 1272 5633 Ps.
1299 5593 1563 5643 Lxxxvm,
1587 5576 1650 5631 21
1677 5586 1732 5632 et
1760 5586 1913 5648 seqq.

1918 4545 1972 4601 in
2012 4545 2189 4616 fugam
2239 4553 2581 4602 convertam.
2627 4543 2697 4598 Et
2745 4543 2952 4598 veritas
2994 4558 3135 4611 mea,
3178 4553 3236 4598 et
3274 4542 3491 4598 miseri-

1914 4638 2097 4694 cordia
2132 4652 2248 4692 utea
2284 4651 2405 4691 cum
2447 4635 2566 4706 ipso
2604 4654 2623 4692 ι
2673 4645 2729 4689 et
2767 4632 2823 4690 in
2859 4636 3079 4689 nomine
3122 4649 3242 4690 meo
3279 4634 3490 4690 exalta—

1912 4729 2060 4784 bitur
2096 4743 2269 4784 cornu
2313 4727 2453 4798 ejus,
2484 4736 2539 4781 et
2581 4741 2776 4796 ponam
2818 4727 2873 4781 in
2913 4726 3050 4781 mari
3093 4742 3309 4780 manum
3346 4727 3484 4794 ejus,

1910 4830 1964 4874 et
1992 4821 2042 4874 in
2075 4818 2384 4873 ﬂuminibus
2410 4817 2688 4873 dexteram
2719 4816 2856 4887 ejus.
2892 4817 3013 4889 Ipse
3047 4817 3320 4874 invocabit
3350 4834 3437 4874 me
3467 4837 3482 4874 :

1909 4910 2071 4965 Pater
2096 4925 2247 4965 incus
2272 4925 2331 4966 es
2358 4919 2434 4976 tu,
2465 4919 2519 4965 et
2546 4926 2645 4982 ego
2672 4911 3085 4982 primogenitum
3115 4926 3309 4980 ponam
3336 4911 3485 4966 illum

1908 5002 2185 5058 excelsum
2227 5018 2338 5073 prae
2379 5003 2597 5075 regibus
2649 5013 2828 5065 terra).
2865 5002 2920 5057 In
2953 5013 3212 5059 aeternum
3255 5005 3486 5059 serVabo

1911 5095 1988 5150 illi
2041 5095 2468 5149 misericordiam
2507 5110 2716 5161 meam,
2767 5103 2823 5150 et
2868 5103 3251 5151 testamentum
3302 5111 3481 5151 meum

1911 5187 2070 5242 ﬁdele
2102 5185 2228 5257 ipsi.
2276 5187 2345 5242 Et
2367 5185 2533 5260 548
2557 5202 2752 5258 ponam
2790 5187 2843 5240 in
2881 5188 3135 5243 sacculum
3176 5187 3354 5243 saeculi
3396 5202 3481 5241 se-
3512 5254 3523 5268 ο

1914 5293 2035 5334 men
2064 5277 2204 5348 ejus,
2232 5289 2288 5334 et
2316 5280 2570 5334 throaum
2602 5281 2718 5347 ejus
2747 5278 2889 5335 sicut
2920 5281 3038 5335 dies
3068 5278 3211 5336 caeli.
3239 5297 3259 5330 ι
3315 5278 3381 5333 Ει
3424 5281 3479 5334 in

1912 5362 2052 5423 Isaia
2100 5368 2315 5424 dicente
2335 5368 2419 5422 ":
2450 5388 2469 5421 ι
2501 5368 2566 5423 Et
2617 5368 2880 5438 dirigetur
2924 5384 3045 5423 cum
3109 5369 3478 5425 misericordia

1916 5459 2164 5523 thronus,
2202 5468 2255 5515 et
2282 5458 2494 5515 sedebit
2534 5459 2588 5515 iu
2619 5471 2684 5514 eo
2714 5471 2837 5513 cum
2872 5456 3100 5515 veritate
3136 5457 3191 5514 iu
3222 5456 3479 5517 taberna-

2000 5576 2045 5609 ⁸³
2076 5574 2202 5632 lsai.
2243 5591 2353 5646 xvi,
2378 5577 2431 5632 5.

302 5668 414 5738 (8|)
446 5671 517 5723 Et
548 5669 647 5723 καὶ
678 5669 975 5738 δεύτερον,
1005 5680 1113 5728 etc.
1136 5670 1314 5728 Codex
1367 5671 1481 5726 Rue
1504 5672 1558 5737 4,
1600 5672 1784 5728 Daniel
1818 5671 2117 5728 Barbarus.

305 5737 419 5811 (82)
438 5738 605 5797 Δοκεῖ
634 5743 666 5797 ό
719 5737 987 5815 ψαλμός,
1029 5751 1136 5799 etc.
1189 5741 1366 5800 Codex
1414 5741 1797 5813 Barocciauus,

1924 5743 2149 5813 rderius,
2185 5742 2478 5801 Barbarus.
