4046 6152
571 217 713 273 1119

1975 223 2067 278 EX
2105 220 2406 281 ORIGENE

3694 223 3820 284 “20

564 332 691 386 culo
726 333 891 386 David
929 333 1184 400 judicans
1220 343 1275 390 et
1314 350 1566 406 quaerens
1600 335 1889 408 judicium,
1933 349 1987 397 et
2026 343 2138 398 cito

2246 362 2265 395 t
2305 342 2415 396 Kal.
2440 343 2857 418 διορθωθήσεται
2887 345 3003 416 μετ’
3033 345 3214 413 ἐλέους
3240 346 3457 419 θρόνος,
3487 346 3585 401 καί
3617 347 3817 401 καθιεῖ.

565 423 801 477 reddens
840 421 1124 489 justitiam.
1158 442 1178 476 ι
1224 423 1359 478 Cum
1395 432 1574 479 autem
1613 437 1774 482 aetate
1807 427 1942 483 Isaia
1983 429 2141 500 longe

564 513 842 584 antiquior
875 516 948 570 sit
972 515 1139 569 David
1168 516 1353 584 homo,
1389 534 1496 573 non
1528 519 1619 575 hic
1651 521 1965 589 praedicitur
1993 522 2141 590 judi-

563 614 812 669 caturus,
860 608 954 660 sed
1003 607 1270 674 Christus,
1297 610 1383 664 cui
1411 611 1560 666 dedit
1608 609 1772 667 Pater
1826 630 1849 664 ι
1875 613 2138 683 judicium

563 695 750 752 facere
777 713 903 765 quia
927 697 1098 753 Filius
1122 700 1358 756 hominis
1394 712 1478 759 est
1498 704 1563 758 “.
1595 721 1615 756 ο
1661 703 1729 759 Et
1773 706 1824 759 in
1853 705 2141 762 Ezechiele

568 796 758 857 aperte
789 789 1042 844 Christus
1080 791 1250 847 David
1297 809 1420 851 esse
1459 797 1658 852 dicitur
1702 797 1759 851 in
1784 797 1997 853 visione
2038 812 2138 868 pa-

563 889 771 934 storum
823 881 916 950 qui
973 882 1269 951 culpantur
1327 888 1471 955 quod
1529 904 1639 944 non
1692 900 1842 945 recte
1892 891 2138 944 curarint

562 985 693 1026 oves
717 970 781 1028 “.
818 973 1079 1044 Deinceps
1127 976 1407 1033 videamus
1438 981 1563 1049 quis
1606 982 1680 1035 sit
1706 981 1959 1036 Absalom
1995 979 2138 1035 illius

568 1063 762 1118 David.
790 1065 970 1134 Atque
999 1067 1092 1123 alii
1119 1070 1343 1140 quidem
1376 1072 1552 1142 ipsum
1589 1073 1984 1129 existimabunt
2018 1086 2137 1127 esse

568 1153 797 1222 figuram
833 1155 987 1212 Juda:
1036 1161 1350 1231 proditoris,
1387 1162 1480 1218 alii
1523 1178 1656 1220 vero
1685 1163 1910 1219 diaboli.
1957 1161 2139 1218 Melite

564 1244 842 1302 Asiaticus
883 1249 960 1305 ait
1003 1252 1179 1321 ipsum
1222 1267 1348 1308 esse
1382 1254 1610 1323 ﬁguram
1645 1253 1867 1318 diaboli,
1902 1253 1992 1322 qui
2040 1252 2137 1307 ad-

567 1349 760 1392 versus
783 1336 989 1396 Christi
1027 1355 1251 1413 regnum
1284 1342 1587 1408 rebellavit,
1621 1343 1716 1399 sed
1755 1342 1809 1397 id
1837 1341 2011 1398 solum
2049 1340 2137 1396 in--

569 1426 732 1493 dicat,
759 1444 861 1486 nec
894 1430 1011 1488 fuse
1041 1435 1412 1504 persequitur.

2244 450 2335 486 ται
2354 434 2440 487 ἐπ’
2469 434 2632 488 αὐτοῦ
2667 436 2805 507 μετὰ
2832 435 3089 507 ἀληθείας
3116 439 3173 492 ἐν
3213 441 3386 511 σκηνῇ
3421 437 3591 491 Δαυϊδ
3624 439 3815 510 κρίνων

2244 526 2342 580 καὶ
2372 527 2617 598 ἐκζητῶν
2634 533 2808 602 κρῖμα
2826 531 2920 585 καὶ
2943 531 3184 586 σπεύδων
3197 531 3572 603 δικαιοσύνην.
3602 551 3619 581 ι
3646 532 3815 602 Πρεσ-

2245 618 2469 689 ϐύτερος
2510 620 2568 673 δὲ
2605 621 2785 692 πολλῷ
2839 623 3127 694 γενόμενος
3172 622 3252 693 τῷ
3301 624 3485 695 χρόνῳ
3552 622 3751 692 Ἡσαΐᾳ
3790 625 3820 679 δ

2245 703 2406 757 Δαυτδ
2435 706 2463 758 ὁ
2506 705 2809 777 ἄνθρωπος,
2840 709 2962 779 οὐχὶ
3005 707 3403 780 προφητεύεται
3436 709 3648 780 κρίνειν
3697 708 3818 778 μέλ-

2243 793 2373 858 λων,
2420 794 2535 849 ἀλλ’
2567 798 2596 849 ὁ
2654 795 2887 869 Χριστὸς
2935 790 2980 865 ᾧ
3034 792 3230 851 ἔδωκεν
3267 804 3295 853 ὁ
3339 798 3537 870 Πατὴρ
3579 818 3600 849 ι
3644 799 3819 871 κρξσιν

2243 889 2437 953 ποιεῖν,
2469 886 2551 939 ὅτι
2583 888 2712 952 Υἱὸς
2740 887 3027 961 ἀνθρώπου
3060 891 3194 943 ἐστί.
3240 910 3259 942 ι
3291 891 3405 945 Καὶ
3435 894 3495 944 ἐν
3522 891 3607 961 τῷ
3664 892 3818 956 Ἰεζε-

2241 976 2366 1049 κιὴλ
2386 976 2573 1046 σαφῶς
2598 980 2627 1031 ὁ
2649 979 2881 1050 Χριστὸς
2901 978 3065 1034 Δαυῖδ
3093 974 3232 1034 εἶναι
3263 980 3483 1050 λέγεται
3508 985 3568 1035 ἐν
3592 984 3662 1053 τῇ
3689 964 3820 1054 ’ὁρά-

2244 1083 2325 1120 σει
2353 1068 2420 1138 τῇ
2450 1067 2587 1139 πρὸς
2613 1070 2741 1133 τοὺς
2774 1070 3040 1140 ποιμένας
3076 1070 3169 1136 οὓς
3189 1072 3343 1142 ψέγει
3369 1074 3398 1124 ὁ
3427 1071 3587 1141 λόγος
3618 1073 3713 1125 ἐπὶ
3746 1072 3821 1143 τῷ

2245 1157 2321 1230 μὴ
2349 1158 2527 1223 καλῶς
2540 1159 2951 1233 ᾠκονομηκέναι
2967 1163 3037 1217 τὰ
3061 1164 3326 1236 πρόϐατα.
3364 1163 3524 1235 Ἑξῆς
3545 1164 3605 1217 δὲ
3625 1165 3819 1236 ἴδωμεν

2239 1250 2325 1314 τίς
2351 1251 2380 1303 ό
2421 1251 2772 1325 ’Δϐεσσαλὼμ
2797 1257 2825 1308 ό
2864 1257 2979 1320 υἱὸς
3002 1256 3097 1311 τοῦ
3127 1259 3306 1312 Δαυϊδ.
3344 1259 3458 1312 Καὶ
3485 1260 3536 1311 οἱ
3581 1259 3681 1330 μὲν
3706 1260 3821 1331 cii).

2241 1357 2425 1397 σονται
2451 1345 2615 1400 αὐτὸν
2645 1341 2782 1401 εἶναι
2816 1349 3000 1404 εἰκόνα
3029 1351 3123 1405 τοῦ
3157 1352 3415 1424 προδότου
3453 1351 3654 1415 Ἰούδα,
3682 1355 3732 1405 οἱ
3766 1351 3821 1405 δὲ

2241 1433 2334 1488 τοῦ
2364 1436 2894 1495 διαϐόλου.Μελίτων
2922 1441 3054 1511 γοῦν
3086 1444 3115 1497 ὁ
3138 1444 3194 1498 ἐν
3228 1446 3294 1515 τῇ
3341 1444 3498 1516 Ἀσίᾳ
3531 1443 3698 1516 φησὶν
3722 1443 3822 1498 αὑ-

566 1522 659 1578 τὸν
686 1521 823 1582 εἶναι
862 1528 1031 1585 τύπον
1063 1531 1159 1585 τοῦ
1197 1531 1444 1585 διαϐόλου
1474 1532 1878 1596 ἐπαναστάντος
1899 1532 1967 1603 τῇ
2000 1529 2236 1602 Χριστοῦ
2265 1531 2529 1609 βασιλείᾳ,
2569 1537 2664 1593 καὶ
2687 1538 2877 1593 τούτου
2908 1540 3070 1611 μόνου
3106 1538 3361 1612 μνησθεὶς
3384 1540 3489 1593 οὐκ
3517 1537 3823 1611 ἐπεξηργά-

570 1631 700 1670 σατο
726 1617 818 1672 τὸν
844 1619 1028 1678 τόπον.

644 1707 810 1768 Vsus.
836 1711 893 1777 2,
922 1712 978 1767 5.
1020 1712 1278 1779 Domine,
1322 1712 1451 1785 quid
1502 1713 1840 1784 multiplicati
1877 1722 1998 1768 sunt
2048 1715 2138 1784 qui

2305 1710 2505 1780 Κύριε,
2518 1710 2578 1764 τί
2590 1710 3060 1780 ἐπληθύνθησαν
3073 1713 3127 1767 οἱ
3141 1713 3449 1781 θλίϐΟντές
3455 1731 3539 1785 με
3552 1731 3574 1779 ;
3596 1717 3825 1772 Πολλοὶ

570 1800 824 1855 tribulam
862 1818 962 1868 me,
996 1806 1152 1859 multi
1191 1807 1471 1876 insurgunt
1510 1805 1792 1860 adversum
1830 1812 1956 1866 me?
1984 1804 2142 1860 Multi

568 1891 753 1945 dicunt
810 1895 1000 1949 anima:
1056 1912 1185 1950 mea:
1227 1915 1248 1954 :
1293 1897 1420 1952 Non
1470 1908 1547 1952 est
1586 1896 1732 1950 salus
1787 1897 1888 1965 ipsi
1947 1897 2002 1949 in
2038 1894 2142 1949 Deo

570 1985 709 2051 eius,
738 1993 843 2041 etc.
884 1985 1159 2052 Quantum
1200 1988 1265 2044 ad
1311 1989 1549 2045 litteram
1595 1989 1806 2055 attinet,
1831 1988 1951 2045 haec
1981 2003 2008 2040 a
2031 1986 2140 2040 Da-

566 2079 696 2133 .vide
738 2080 997 2135 dicuntur
1039 2081 1279 2152 fugiente
1302 2083 1557 2139 Absalom
1589 2085 1679 2154 qui
1715 2084 1976 2139 adversus
2015 2097 2140 2137 eum

572 2170 865 2227 rebellarat
891 2174 976 2228 °':
1020 2176 1237 2243 quando
1282 2174 1513 2245 profecti
1562 2185 1686 2231 sunt
1730 2190 1855 2231 cum
1886 2174 2140 2231 Absalom

572 2262 790 2317 ducenti
825 2279 890 2319 ex
915 2262 1215 2320 Jerusalem
1240 2266 1445 2332 vocati,
1479 2274 1673 2322 euntes
1714 2264 1768 2321 in
1797 2264 2144 2335 simplicitate

570 2366 695 2417 sua,
722 2353 814 2423 qui
856 2354 990 2409 nihil
1022 2370 1209 2409 eorum
1244 2370 1365 2425 qua:
1390 2355 1629 2422 ﬁebant,
1670 2358 2057 2427 agnoscebant,
2089 2364 2145 2408 et

575 2453 751 2498 tamen
778 2460 967 2502 omnes
1006 2446 1315 2518 alﬂigebant
1351 2450 1631 2506 Davidem.
1669 2449 1839 2521 Magis
1867 2457 2046 2504 autem
2075 2464 2143 2502 ex

572 2551 804 2607 persona
842 2540 1065 2595 Davidis
1101 2543 1216 2598 haec
1255 2543 1528 2597 enuntiari
1570 2544 1905 2613 accepimus,
1948 2551 2008 2595 ut
2045 2541 2142 2595 ad-

574 2632 883 2687 notavimus
931 2633 983 2687 in
1028 2634 1191 2704 hujus
1232 2633 1427 2703 psalmi
1470 2635 1705 2692 titulum.
1744 2634 1813 2689 Et
1845 2634 2143 2689 secundum

574 2724 859 2780 historiam
908 2727 1126 2796 quidem
1182 2725 1497 2798 alﬂigebant
1525 2722 1812 2793 Davidem,
1856 2725 1947 2794 qui
1997 2722 2144 2778 aucti

575 2831 800 2873 numero
829 2816 1142 2888 frequentes
1181 2820 1533 2877 adhaarebant
1562 2818 1877 2875 Absalomo.
1910 2818 2012 2888 Qui
2046 2833 2146 2872 au-

575 2918 685 2963 tem
720 2911 1075 2979 insargebant
1113 2913 1404 2967 adversum
1443 2927 1593 2976 eum,
1637 2922 1793 2966 erant
1818 2907 2144 2978 Achitopht-l

578 3009 636 3055 ot
657 3001 836 3058 Semei
865 3011 920 3057 et
945 3003 1183 3069 Thecon,
1222 3012 1275 3059 et
1304 3003 1347 3059 si
1383 3004 1508 3074 quis
1544 3005 1684 3060 alius
1722 3020 1790 3060 ex
1820 3003 2144 3075 potentiori-

577 3096 698 3148 bus.
733 3094 929 3163 Atqui
977 3111 1085 3151 non
1109 3111 1228 3151 esse
1278 3096 1354 3152 illi
1404 3098 1639 3151 salutem
1692 3097 1747 3151 in
1791 3096 1903 3151 Deo
1936 3094 2142 3157 dicunt,

577 3184 669 3239 alii
701 3195 898 3255 praeter
943 3187 1265 3243 tribulantes
1304 3196 1361 3243 et
1394 3188 1767 3259 insurgentes,
1808 3196 1863 3241 et
1885 3184 2144 3240 Absalom

580 3277 802 3331 minime
838 3287 1076 3345 secutos,
1123 3294 1243 3336 esse
1292 3288 1518 3349 possunt
1552 3280 1667 3349 qui,
1708 3294 1830 3335 cum
1865 3276 2031 3333 David
2063 3277 2146 3331 vi-

579 3378 726 3424 ctum
751 3370 1071 3435 sensissent,
1097 3373 1213 3427 haec
1240 3372 1517 3428 dicebant.
1546 3372 1748 3428 Verum
1775 3371 1868 3442 qui
1893 3370 2144 3427 Salvato-

581 3478 695 3518 rem
745 3461 1074 3518 tribularunt
1129 3465 1425 3519 secundum
1477 3479 1733 3532 carnem,
1777 3462 1950 3519 Judaai
1999 3466 2150 3518 fuere

577 3555 669 3624 qui
718 3554 1068 3611 clamarunt:
1116 3555 1347 3625 «Tolle,
1407 3556 1535 3612 tolle
1584 3556 1729 3611 hunc
1778 3568 1808 3610 e
1843 3564 1990 3610 terra
2012 3554 2080 3610 “.
2121 3575 2142 3610 ι

579 3646 997 3702 lnsurrexernnt
1038 3662 1168 3702 vero
1229 3647 1282 3702 in
1332 3647 1508 3717 ipsum
1563 3646 1733 3703 ludas
1787 3646 2033 3717 proditor
2092 3656 2148 3703 et

578 3739 838 3809 Caiphas.
878 3738 982 3805 Qui
1026 3748 1204 3794 autem
1249 3736 1439 3793 dicunt
1482 3738 1676 3794 anima:
1716 3737 1832 3807 ejus
1874 3753 1981 3793 non
2025 3751 2148 3795 esse

530 3874 547 3891 .
577 3831 833 3896 salutem,
864 3831 941 3885 illi
970 3840 1095 3886 sunt
1120 3831 1212 3901 qui
1242 3841 1489 3901 tempore
1509 3830 1781 3901 passionis
1814 3843 2148 3900 praetereun-

581 3932 664 3978 tes
697 3923 988 3978 dicebant:
1020 3942 1039 3974 ι
1067 3922 1372 3979 Descendat
1414 3923 1481 3978 de
1521 3936 1706 3990 cruce,
1755 3933 1812 3977 et
1862 3922 2151 3977 credamus

581 4016 652 4071 ei.
686 4034 706 4067 ›
776 4015 1042 4069 Prmterea
1099 4013 1497 4082 insurgentium
1551 4022 1608 4069 et
1663 4013 2061 4078 tribulantium,
2094 4022 2152 4067 et

582 4107 813 4163 salutem
845 4107 917 4162 illi
959 4107 1013 4162 in
1045 4107 1155 4163 Deo
1188 4122 1311 4162 esse
1347 4105 1664 4175 negantium
1706 4104 2017 4160 discrimina
2071 4101 2151 4157 al-

582 4200 690 4255 tius
728 4199 1038 4270 perspicere
1086 4198 1217 4253 licet
1244 4198 1345 4252 hoc
1377 4197 1535 4253 modo
1574 4215 1588 4252 :
1627 4210 1815 4251 omnes
1866 4196 2145 4266 praesides,

579 4300 636 4347 et
679 4304 991 4346 sermonum
1038 4290 1128 4361 qui
1179 4306 1210 4346 a
1248 4290 1483 4347 decretis
1536 4287 1741 4344 Christi
1789 4286 1951 4342 alieni
1996 4297 2143 4353 sunt,

2238 1803 2668 1858 ἐπανίστανται
2699 1803 2791 1857 ἐπ’
2820 1802 2946 1875 ἐμὲ,
2981 1805 3199 1859 πολλοὶ
3238 1805 3489 1877 λέγουσι
3526 1807 3608 1877 τῇ
3655 1809 3826 1880 ψυχῇ

2234 1911 2373 1965 μου’
2430 1897 2552 1949 Οὐκ
2592 1895 2727 1950 ἔστι
2783 1896 3044 1964 σωτηρία
3089 1895 3250 1963 αὐτῷ
3299 1898 3371 1951 ἐν
3415 1896 3498 1964 τῷ
3553 1898 3683 1966 Θεῷ
3725 1902 3828 1955 αὑ-

2239 1986 2366 2053 τοῦ,
2388 2006 2442 2045 κ.
2480 2006 2534 2045 τ.
2571 1990 2619 2043 ἐ.
2668 1990 2830 2044 Ὅσον
2861 1990 2953 2043 ἐπὶ
2981 1991 3048 2061 τῇ
3081 1987 3223 2057 λέξει
3261 1990 3370 2062 (8'5)
3392 1992 3570 2045 ταῦτα
3603 1993 3823 2062 λέγεται

2242 2080 2346 2134 ὑπὸ
2360 2078 2453 2134 τοῦ
2469 2079 2632 2135 Δαυῒδ
2646 2079 3127 2153 ἀποδιδράσκοντος
3144 2082 3233 2137 τὸν
3249 2083 3564 2137 Ἀϐεσσαλὼ
3570 2103 3611 2156 μ
3630 2089 3826 2141 ἐπανα-

2244 2170 2444 2224 στάντα
2471 2169 2638 2240 αὐτῷ·
2664 2171 2753 2224 ὅτε
2779 2170 3149 2244 ἐπορεύθησαν
3180 2172 3319 2244 μετὰ
3344 2173 3437 2227 τοῦ
3465 2174 3826 2247 Ἀϐεσσαλὼμ

2241 2260 2500 2314 διακόσιοι
2525 2261 2715 2332 ἄνδρες
2736 2263 2796 2330 ἐξ
2840 2262 3194 2335 Ἰερουσαλὴμ
3219 2262 3428 2335 κλητοὶ,
3460 2267 3825 2337 πορευόμενοι

2242 2356 2308 2425 τῇ
2348 2340 2635 2425 ἁπλότητι’
2663 2354 2860 2420 αὐτῶν,
2914 2355 2962 2409 οἳ
3008 2357 3109 2409 οὐκ
3152 2355 3396 2425 ἔγνωσαν
3429 2358 3538 2411 πᾶν
3573 2359 3753 2429 ῥῆμα,
3779 2360 3826 2412 o‘l

2244 2442 2442 2506 πάντες
2473 2442 2680 2497 ἐθλιϐον
2727 2445 2818 2498 τὸν
2861 2445 3042 2499 Δαυῖδ.
3099 2446 3314 2501 Μᾶλλον
3342 2447 3397 2500 δὲ
3426 2450 3493 2500 ἐκ
3522 2449 3822 2521 προσώπου

2242 2534 2336 2588 τοῦ
2369 2534 2532 2589 Δαυῒδ
2573 2535 3006 2605 ἀπαγγέλλεσθαι
3036 2536 3177 2591 αὐτὰ
3224 2537 3584 2609 ἐκδεξάμεθα,
3615 2541 3695 2603 ὡς
3738 2541 3827 2595 καὶ

2245 2628 2303 2679 ἐν
2334 2628 2447 2689 τοῖς
2476 2627 2557 2690 εἰς
2582 2626 2680 2699 τὴν
2712 2628 3021 2701 ἐπιγραφὴν
3055 2631 3501 2703 παρεστήσαμεν.
3550 2633 3668 2685 Καὶ
3704 2634 3828 2686 ὅσον

2250 2718 2347 2790 μὲν
2375 2720 2467 2773 ἐπὶ
2501 2723 2565 2793 τῇ
2612 2721 2822 2794 ἱστορίᾳ
2867 2722 3076 2777 ἔθλιϐον
3108 2723 3206 2794 μὲν
3240 2724 3329 2778 τὸν
3358 2724 3524 2778 Δαυῖδ
3554 2726 3826 2798 πληθυνό-

2250 2815 2468 2883 μενοιοὶ
2504 2814 2917 2886 προστιθέμενοι
2943 2814 3127 2868 πολλοὶ
3154 2816 3233 2886 τῷ
3271 2816 3649 2888 Ἀϐεσσαλὼμ·
3680 2819 3733 2870 oi
3772 2818 3826 2871 δὲ

2247 2903 2594 2975 ἐπιστάμενοι
2617 2904 2764 2977 αὐτῷ
2792 2905 3092 2977 Ἀχιτόφελ,
3115 2908 3210 2960 καὶ
3241 2892 3454 2979 Σεμεεὶ,
3488 2910 3585 2962 καὶ
3614 2907 3823 2973 Θεκὼν,

2248 2995 2344 3049 καὶ
2392 2995 2445 3050 εῐ
2477 3013 2562 3059 τις
2592 2996 2779 3069 ἔτερος
2804 2997 2912 3052 τῶν
2946 2998 3155 3069 μεγάλα
3187 2997 3521 3070 δυναμένων.
3553 3001 3616 3054 Οἱ
3647 3000 3703 3053 δὲ
3742 2999 3829 3053 λέ-

2248 3104 2434 3157 γοντες
2458 3088 2532 3161 μὴ
2558 3084 2697 3144 εἶναι
2729 3089 2999 3163 σωτηρίαν
3029 3091 3177 3162 αὐτῷ
3200 3092 3257 3144 ἐν
3286 3090 3363 3162 τῷ
3400 3090 3543 3163 Θεῷ,
3570 3091 3828 3146 δύνανται

2247 3182 2422 3254 ἕτεροι
2454 3181 2563 3235 τῶν
2592 3179 2879 3236 θλιϐόντων
2924 3183 3019 3236 καὶ
3066 3182 3513 3254 ἐπανισταμένων
3543 3177 3708 3246 εἶναι,
3734 3183 3829 3236 καὶ

2250 3271 2512 3344 μηδαμῶς
2543 3271 3017 3344 ἀκολουθησάντων
3045 3272 3122 3345 τῷ
3162 3271 3535 3343 Ἀϐεσσαλὼμ,
3576 3275 3825 3342 ἀπεγνω-

2246 3362 2402 3427 κότες
2431 3363 2523 3417 τὸν
2559 3363 2721 3417 Δαυῖδ
2764 3363 2840 3428 ὡς
2888 3363 3238 3436 νενικημένον
3259 3407 3274 3431 ,
3305 3364 3477 3418 ταῦτα
3522 3365 3822 3437 εἰρηκέναι.

2247 3457 2309 3508 Οἱ
2339 3455 2395 3508 δέ
2428 3455 2521 3509 τὸν
2553 3456 2782 3528 Σωτῆρα
2810 3455 3087 3521 θλίϐοντες
3117 3458 3385 3529 σαρκίνως
3412 3459 3462 3511 οἱ
3507 3459 3749 3512 Ἰουδαῖοι
3777 3461 3825 3511 οἱ

2245 3547 2597 3620 κεκραγότες·
2640 3567 2660 3600 ι
2691 3544 2846 3621 Αἶρε,
2869 3544 2991 3622 αῐρε
3007 3550 3098 3603 τὸν
3122 3549 3361 3604 τοιοῦτον
3381 3549 3490 3603 ἀπὸ
3514 3551 3617 3621 τῆς
3642 3552 3767 3621 γῆς.
3801 3570 3819 3602 ι

2259 3637 2664 3709 Ἐπανέστησαν
2695 3638 2751 3694 δέ
2781 3639 2930 3710 αὐτῷ
2964 3639 3165 3703 Ἰούδας
3185 3640 3215 3692 ὁ
3241 3639 3508 3711 προδότης
3533 3641 3629 3693 καὶ
3656 3641 3824 3694 Καῖάι

2248 3741 2371 3795 φας.
2392 3727 2455 3779 Oi
2467 3725 2522 3779 δέ
2532 3726 2782 3796 λέγοντες
2795 3729 2861 3799 τῇ
2878 3728 3023 3801 ψυχῇ
3037 3727 3203 3784 αὐτοῦ
3225 3728 3298 3800 μὴ
3310 3723 3448 3782 εἶναι
3468 3729 3761 3802 σωτηρίαν,
3773 3732 3821 3782 οἱ

2248 3818 2751 3889 παραπορευόμενοι
2777 3815 2917 3889 ἦσαν
2947 3821 3004 3873 ἐν
3024 3820 3104 3890 τῷ
3137 3819 3313 3892 καιρῷ
3344 3820 3438 3874 τοῦ
3472 3821 3704 3887 πάθους,
3741 3821 3821 3875 λέ-

2247 3910 2527 3978 γοντεςτὸ,
2562 3929 2581 3962 t
2616 3911 2926 3965 Καταϐάτω
2942 3912 3052 3966 ἀπὸ
3075 3910 3171 3967 τοῦ
3190 3913 3445 3983 σταυροῦ,
3477 3915 3576 3967 καὶ
3606 3914 3819 3968 πιστεύ-

2249 4018 2430 4074 σωμεν
2457 4003 2625 4075 αὐτῷ.
2665 4022 2684 4056 ›
2731 4002 3087 4077 Ὑψηλότερον
3119 4005 3176 4058 δὲ
3222 4006 3410 4077 νοῆσαι
3440 4005 3588 4059 ἐστιν
3621 4005 3821 4078 ἀνθρὼ-

2248 4111 2365 4148 πων
2403 4095 2684 4168 διαφορὰς,
2735 4095 3027 4151 θλιϐόντων
3071 4097 3168 4150 καὶ
3216 4097 3688 4169 ἐπανισταμένων,
3730 4097 3819 4152 καὶ

2246 4192 2728 4260 ἀπογινωσκόντων
2785 4193 2843 4246 ἐν
2894 4190 3041 4263 αὐτῷ
3070 4187 3215 4246 εἶναι
3278 4192 3578 4264 σωτηρίαν,
3631 4191 3816 4256 οὕτως’

2247 4284 2446 4350 πάντες
2481 4286 2582 4357 μὲν
2618 4288 2667 4340 οἱ
2702 4288 3003 4360 προστάται
3036 4289 3131 4343 καὶ
3167 4287 3477 4341 διδάσκαλοι
3506 4286 3685 4356 λόγων
3712 4287 3823 4340 ἐτέ-

583 4385 833 4439 doctores
857 4423 872 4447 ,
913 4389 1103 4436 contra
1152 4382 1328 4451 ipsum
1380 4382 1688 4451 insurgunt.
1737 4378 1839 4447 Qui
1872 4394 2003 4435 vero
2043 4379 2144 4434 illis

2255 4389 2364 4445 ρων
2406 4373 2558 4448 παρὰ
2589 4375 2657 4430 τὰ
2678 4376 2773 4430 τοῦ
2805 4376 3041 4449 Χριστοῦ
3071 4377 3317 4448 δόγματα
3343 4371 3452 4429 εἷεν
3483 4376 3550 4431 ἂν
3568 4378 3621 4430 οἱ
3643 4380 3823 4430 ἐπανι-

582 4476 858 4532 adbarrent
889 4483 945 4528 et
982 4487 1172 4527 eorum
1211 4472 1513 4529 doctrinam
1555 4481 1884 4542 sequuntur,
1930 4472 1981 4526 hi
2024 4481 2151 4526 sunt

564 4552 835 4635 quicum
885 4564 1168 4619 tribulant.
1215 4563 1443 4619 Detnum
1493 4564 1587 4633 qui
1646 4576 1824 4633 neque
1876 4562 2151 4616 contraria

587 4656 750 4730 549
779 4656 1063 4720 docentes,
1111 4667 1286 4723 neque
1327 4651 1478 4709 falsis
1525 4653 1741 4719 imbuti,
1774 4653 2007 4707 credunt
2055 4651 2154 4706 do-

585 4750 774 4803 ctrina:
823 4747 1025 4803 Clll‘iSli
1074 4746 1274 4801 nullam
1320 4747 1501 4801 inesse
1539 4744 1906 4810 divinitatem,
1960 4744 2152 4800 dicunt

584 4840 778 4895 anima:
803 4840 921 4910 ejus
951 4837 1153 4893 nullam
1199 4850 1322 4892 esse
1371 4836 1472 4907 ipsi
1517 4836 1573 4892 in
1602 4838 1714 4892 Deo
1753 4836 2021 4904 salutem;
2065 4836 2152 4891 vel

587 4931 691 5003 ipsi
724 4930 1020 4987 secundum
1063 4927 1350 4983 historiam
1401 4941 1523 4996 quae
1570 4927 1816 4998 prodigia
1855 4937 2042 4981 narrat
2085 4930 2153 4982 de

586 5025 822 5082 adventu
856 5023 1016 5092 ejus;
1049 5022 1139 5079 vel
1176 5023 1233 5077 in
1276 5035 1533 5077 sermone
1573 5023 1837 5077 doctrinae
1873 5018 1991 5091 ejus
2041 5035 2149 5075 non

584 5133 706 5176 esse
736 5132 859 5173 eam
893 5131 1058 5186 quam
1086 5115 1372 5186 pollicetur
1404 5113 1657 5170 salutem.
1690 5112 1890 5169 Verum
1938 5122 1995 5169 et
2043 5112 2151 5166 alio

587 5210 752 5268 modo
779 5207 1100 5265 tribulantes
1144 5220 1268 5262 esse
1303 5211 1532 5274 possunt
1573 5215 1766 5257 omnes
1810 5210 2147 5271 peccatores.

586 5305 723 5360 Nam
753 5300 1209 5375 quemadmodum
1258 5295 1543 5367 improbus
1589 5294 1753 5360 ﬁlius,
1797 5293 1898 5348 etsi
1946 5307 2147 5363 propo-

590 5398 751 5452 situm
776 5411 884 5451 non
911 5393 1112 5451 habeat
1133 5390 1382 5447 molestia
1407 5398 1624 5461 patrem
1658 5384 1945 5451 efﬁciendi,
1973 5384 2147 5453 ipsum

2256 4465 2510 4536 στάμενοι
2554 4467 2721 4539 αὐτῷ·
2754 4471 2804 4521 οἱ
2837 4468 2893 4522 δὲ
2927 4467 3373 4533 συνευδοκοῦντες
3398 4471 3493 4523 καὶ
3529 4469 3823 4541 μαθητευό-

2255 4574 2403 4628 μενοι
2426 4560 2492 4630 τῇ
2517 4559 2718 4613 τούτων
2749 4559 3065 4632 διδασκαλία
3086 4561 3136 4612 oi
3167 4559 3436 4624 θλίϐοντες
3472 4561 3658 4613 αὐτόν.
3693 4561 3752 4613 Οἱ
3770 4559 3825 4612 δέ

2251 4649 2629 4715 ἀπιστοῦντες,
2655 4653 2775 4723 οὐχὶ⁸
2805 4652 2941 4724 μετὰ
2965 4652 3059 4707 τοῦ
3093 4653 3361 4707 διδάσκειν
3390 4651 3461 4705 τὰ
3483 4652 3726 4715 ἐναντία,
3745 4653 3827 4704 οὐ·

2252 4741 2309 4795 δὲ
2366 4743 2504 4813 μετὰ
2549 4741 2645 4796 τοῦ
2673 4746 2784 4808 τοῖς
2819 4744 3069 4815 ψεύδεσιν
3098 4744 3519 4816 μαθητεύεσθαι,
3556 4746 3689 4818 περὶ
3734 4742 3824 4798 τοῦ

2251 4830 2390 4890 εἶναι
2420 4835 2520 4907 τήν
2544 4835 2772 4909 θεότητα
2803 4840 2861 4893 ὲν
2892 4841 2959 4911 τῇ
2985 4837 3303 4910 διδασκαλία
3327 4836 3420 4891 τοῦ
3446 4836 3710 4909 Χριστοῦ,
3743 4837 3827 4890 λέ-

2250 4931 2416 4999 γοιντ’
2449 4928 2516 4983 ἂν
2544 4924 2687 4984 οὗτοι
2722 4929 2948 5000 φάσκειν
2974 4933 3040 5002 τῇ
3073 4930 3216 5003 ψυχῇ
3247 4929 3410 4984 αὑτοῦ
3454 4929 3530 5002 μὴ
3558 4925 3697 4983 εἶναι
3729 4946 3825 4983 σω-

2251 5016 2446 5088 τηρίαν
2486 5018 2634 5091 αύτῷ
2664 5020 2725 5073 ἐν
2762 5018 2839 5091 τῷ
2870 5018 3011 5091 Θεῷ,
3059 5020 3177 5091 ἦτοι
3210 5018 3359 5091 αὐτῷ
3390 5021 3532 5075 κατὰ
3557 5020 3660 5091 τὴν
3688 5021 3823 5073 ἱστο-

2257 5109 2373 5182 ρίαν
2404 5108 2501 5182 τὴν
2532 5109 2602 5164 τὰ
2636 5112 2894 5183 τεράστια
2923 5111 3371 5180 ἀπαγγέλλουσαν
3410 5112 3540 5183 περὶ¹
3570 5111 3675 5183 τῆς
3705 5113 3820 5165 ἐτα-

2254 5201 2453 5273 δημίας
2479 5199 2666 5267 αὑτοῦ,
2697 5201 2731 5273 ἢ
2779 5203 2836 5254 ἐν
2866 5201 2943 5274 τῷ
2976 5202 3119 5273 λόγῳ
3144 5202 3247 5274 τῆς
3276 5201 3623 5266 διδασκαλίας
3662 5198 3819 5255 αὐτοῦ

2263 5291 2338 5364 μὴ
2360 5287 2499 5347 εἶναι
2528 5293 2661 5347 καθὸ
2690 5294 3080 5364 ἐπαγγέλλεται
3108 5295 3399 5368 σωτηρίαν.
3418 5294 3683 5349 Δύνανται
3706 5293 3821 5365 μέν·

2257 5401 2406 5455 τοιγε
2437 5386 2530 5440 καὶ
2575 5387 2778 5459 ἑτέρως
2809 5386 3079 5454 θλίϐοντες
3106 5382 3241 5445 εἶναι
3269 5387 3467 5453 πάντες
3489 5388 3541 5442 οι
3575 5384 3818 5461 ἁμαρτά·

657 5511 704 5543 ⁸³
730 5510 888 5567 Joan.
920 5527 972 5577 v,
996 5508 1089 5566 27.
1164 5508 1209 5542 “
1227 5507 1428 5566 Jerem.
1453 5522 1612 5575 χχιιι,
1632 5507 1689 5563 ι.
1765 5506 1810 5540 ⁸⁸
1835 5505 1876 5562 ll
1905 5506 2041 5579 Reg.
2066 5518 2138 5561 xv

2246 5506 2280 5560 l.
2354 5507 2399 5539 “
2420 5507 2576 5565 Joan.
2606 5524 2719 5576 six,
2755 5508 2843 5566 l5.

661 5675 772 5748 (83)
804 5674 986 5731 Ὅσον
1024 5673 1125 5729 ἐπὶ
1154 5672 1228 5744 τῇ
1254 5672 1439 5742 λέξει,
1467 5683 1570 5731 etc.
1601 5673 1733 5730 Cod.
1763 5671 1996 5744 Anglic,
2022 5668 2135 5730 Rue

2246 5668 2618 5737 Coislinianus,
2645 5668 2938 5727 Barbarus.
