  <div class='ocr_page' id='page_1' title='image "/cluster/home/n/w/nwhite01/storage/ocr_20150623/12/mdp.39015028786690/570.png"; bbox 0 0 4046 6152; ppageno 0'>
   <div class='ocr_carea' id='block_1_1' title="bbox 184 219 324 274">
    <p class='ocr_par' dir='ltr' id='par_1_1' title="bbox 184 219 324 274">
     <span class='ocr_line' id='line_1_1' title="bbox 184 219 324 274; baseline 0 -2"><span class='ocrx_word' id='word_1_1' title='bbox 184 219 324 274; x_wconf 76' lang='lat'><strong>“2|</strong></span> 
     </span>
    </p>
   </div>
   <div class='ocr_carea' id='block_1_2' title="bbox 1223 216 2460 282">
    <p class='ocr_par' dir='ltr' id='par_1_2' title="bbox 1223 216 2460 282">
     <span class='ocr_line' id='line_1_2' title="bbox 1223 216 2460 282; baseline 0.006 -11"><span class='ocrx_word' id='word_1_2' title='bbox 1223 216 1532 273; x_wconf 85' lang='lat' dir='ltr'><strong>SELECTA</strong></span> <span class='ocrx_word' id='word_1_3' title='bbox 1563 217 1629 272; x_wconf 83' lang='lat' dir='ltr'><strong>IN</strong></span> <span class='ocrx_word' id='word_1_4' title='bbox 1663 219 1998 282; x_wconf 81' lang='lat' dir='ltr'><strong>PSALMOS.</strong></span> <span class='ocrx_word' id='word_1_5' title='bbox 2027 255 2095 268; x_wconf 91' lang='lat'><strong>-—</strong></span> <span class='ocrx_word' id='word_1_6' title='bbox 2131 221 2328 281; x_wconf 71' lang='lat' dir='ltr'><strong>PSAL.</strong></span> <span class='ocrx_word' id='word_1_7' title='bbox 2371 222 2460 278; x_wconf 86' lang='lat' dir='ltr'><strong>Ill.</strong></span> 
     </span>
    </p>
   </div>
   <div class='ocr_carea' id='block_1_3' title="bbox 3312 233 3452 296">
    <p class='ocr_par' dir='ltr' id='par_1_3' title="bbox 3312 233 3452 296">
     <span class='ocr_line' id='line_1_3' title="bbox 3312 233 3452 296; baseline 0.021 -3"><span class='ocrx_word' id='word_1_8' title='bbox 3312 233 3452 296; x_wconf 68' lang='grc'><strong>1122</strong></span> 
     </span>
    </p>
   </div>
   <div class='ocr_carea' id='block_1_4' title="bbox 174 332 1763 416">
    <p class='ocr_par' dir='ltr' id='par_1_4' title="bbox 174 332 1763 406">
     <span class='ocr_line' id='line_1_4' title="bbox 174 332 1763 406; baseline 0.001 -16"><span class='ocrx_word' id='word_1_9' title='bbox 174 352 388 397; x_wconf 79' lang='grc' dir='ltr'>νοντες.</span> <span class='ocrx_word' id='word_1_10' title='bbox 433 334 543 386; x_wconf 78' lang='grc' dir='ltr'><strong>Καὶ</strong></span> <span class='ocrx_word' id='word_1_11' title='bbox 589 332 780 404; x_wconf 78' lang='grc' dir='ltr'>ὥσπερ</span> <span class='ocrx_word' id='word_1_12' title='bbox 811 348 875 401; x_wconf 90' lang='grc' dir='ltr'><strong>γε</strong></span> <span class='ocrx_word' id='word_1_13' title='bbox 907 333 970 386; x_wconf 81' lang='grc' dir='ltr'>οὺ</span> <span class='ocrx_word' id='word_1_14' title='bbox 1014 332 1158 386; x_wconf 80' lang='grc' dir='ltr'>κατὰ</span> <span class='ocrx_word' id='word_1_15' title='bbox 1198 334 1453 406; x_wconf 82' lang='grc' dir='ltr'>πρόθεσιν</span> <span class='ocrx_word' id='word_1_16' title='bbox 1486 335 1580 390; x_wconf 87' lang='grc' dir='ltr'><strong>τοῦ</strong></span> <span class='ocrx_word' id='word_1_17' title='bbox 1608 354 1763 392; x_wconf 84' lang='grc' dir='ltr'>κακο-</span> 
     </span>
    </p>
   </div>
   <div class='ocr_carea' id='block_1_5' title="bbox 1866 332 3452 416">
    <p class='ocr_par' dir='ltr' id='par_1_5' title="bbox 1877 340 3452 416">
     <span class='ocr_line' id='line_1_5' title="bbox 1877 340 3452 416; baseline 0.012 -23"><span class='ocrx_word' id='word_1_18' title='bbox 1877 351 2055 396; x_wconf 88' lang='lat' dir='ltr'><strong>tamen</strong></span> <span class='ocrx_word' id='word_1_19' title='bbox 2085 340 2296 413; x_wconf 87' lang='lat' dir='ltr'><strong>allligit,</strong></span> <span class='ocrx_word' id='word_1_20' title='bbox 2330 341 2430 397; x_wconf 79' lang='lat' dir='ltr'><strong>hoc</strong></span> <span class='ocrx_word' id='word_1_21' title='bbox 2469 343 2614 398; x_wconf 88' lang='lat' dir='ltr'><strong>enim</strong></span> <span class='ocrx_word' id='word_1_22' title='bbox 2651 358 2719 399; x_wconf 75' lang='lat' dir='ltr'><strong>ex</strong></span> <span class='ocrx_word' id='word_1_23' title='bbox 2765 346 2936 416; x_wconf 89' lang='lat' dir='ltr'><strong>patris</strong></span> <span class='ocrx_word' id='word_1_24' title='bbox 2972 349 3024 406; x_wconf 89' lang='lat' dir='ltr'><strong>in</strong></span> <span class='ocrx_word' id='word_1_25' title='bbox 3057 350 3230 407; x_wconf 84' lang='lat' dir='ltr'><strong>ﬁlium</strong></span> <span class='ocrx_word' id='word_1_26' title='bbox 3261 369 3452 414; x_wconf 84' lang='lat' dir='ltr'><strong>amore</strong></span> 
     </span>
    </p>
   </div>
   <div class='ocr_carea' id='block_1_6' title="bbox 178 423 1778 500">
    <p class='ocr_par' dir='ltr' id='par_1_6' title="bbox 178 423 1778 500">
     <span class='ocr_line' id='line_1_6' title="bbox 178 423 1778 500; baseline -0.006 -21"><span class='ocrx_word' id='word_1_27' title='bbox 178 428 360 479; x_wconf 79' lang='grc' dir='ltr'><strong>ποιεῖν</strong></span> <span class='ocrx_word' id='word_1_28' title='bbox 381 425 472 478; x_wconf 90' lang='grc' dir='ltr'><strong>τὸν</strong></span> <span class='ocrx_word' id='word_1_29' title='bbox 507 423 718 496; x_wconf 83' lang='grc' dir='ltr'><strong>πατέρα</strong></span> <span class='ocrx_word' id='word_1_30' title='bbox 752 423 925 477; x_wconf 83' lang='grc' dir='ltr'>θλίϐει</span> <span class='ocrx_word' id='word_1_31' title='bbox 953 425 1225 498; x_wconf 85' lang='grc' dir='ltr'>μοχθηρὸς</span> <span class='ocrx_word' id='word_1_32' title='bbox 1264 426 1377 491; x_wconf 79' lang='grc' dir='ltr'>υἱὸς</span> <span class='ocrx_word' id='word_1_33' title='bbox 1404 427 1495 480; x_wconf 75' lang='grc' dir='ltr'><strong>τὸν</strong></span> <span class='ocrx_word' id='word_1_34' title='bbox 1517 444 1778 500; x_wconf 81' lang='grc' dir='ltr'>γεγεννη-</span> 
     </span>
    </p>
   </div>
   <div class='ocr_carea' id='block_1_7' title="bbox 178 517 1778 592">
    <p class='ocr_par' dir='ltr' id='par_1_7' title="bbox 178 517 1778 592">
     <span class='ocr_line' id='line_1_7' title="bbox 178 517 1778 592; baseline 0.002 -20"><span class='ocrx_word' id='word_1_35' title='bbox 178 520 338 583; x_wconf 84' lang='grc' dir='ltr'>κότα,</span> <span class='ocrx_word' id='word_1_36' title='bbox 390 518 524 570; x_wconf 79' lang='grc' dir='ltr'>ἀλλὰ</span> <span class='ocrx_word' id='word_1_37' title='bbox 575 517 662 571; x_wconf 75' lang='grc' dir='ltr'>διὰ</span> <span class='ocrx_word' id='word_1_38' title='bbox 715 517 812 590; x_wconf 82' lang='grc' dir='ltr'><strong>τὴν</strong></span> <span class='ocrx_word' id='word_1_39' title='bbox 857 519 1067 572; x_wconf 71' lang='grc' dir='ltr'>ἐκείνου</span> <span class='ocrx_word' id='word_1_40' title='bbox 1123 520 1360 592; x_wconf 78' lang='grc' dir='ltr'>στοργήν</span> <span class='ocrx_word' id='word_1_41' title='bbox 1396 519 1681 574; x_wconf 85' lang='grc' dir='ltr'>ἀκολουθεῖ</span> <span class='ocrx_word' id='word_1_42' title='bbox 1715 523 1778 576; x_wconf 89' lang='grc' dir='ltr'><strong>τὸ</strong></span> 
     </span>
    </p>
   </div>
   <div class='ocr_carea' id='block_1_8' title="bbox 180 609 1776 686">
    <p class='ocr_par' dir='ltr' id='par_1_8' title="bbox 180 609 1776 686">
     <span class='ocr_line' id='line_1_8' title="bbox 180 609 1776 686; baseline 0.002 -23"><span class='ocrx_word' id='word_1_43' title='bbox 180 611 401 674; x_wconf 82' lang='grc' dir='ltr'>πάντως</span> <span class='ocrx_word' id='word_1_44' title='bbox 449 609 724 664; x_wconf 89' lang='grc' dir='ltr'>θλίϐεσθαι</span> <span class='ocrx_word' id='word_1_45' title='bbox 773 609 936 664; x_wconf 86' lang='grc' dir='ltr'>αὐτὸν</span> <span class='ocrx_word' id='word_1_46' title='bbox 979 611 1073 664; x_wconf 77' lang='grc' dir='ltr'>ἐπὶ</span> <span class='ocrx_word' id='word_1_47' title='bbox 1115 614 1227 675; x_wconf 90' lang='grc' dir='ltr'>τοῖς</span> <span class='ocrx_word' id='word_1_48' title='bbox 1266 613 1627 686; x_wconf 83' lang='grc' dir='ltr'>ἁμαρτήμασι</span> <span class='ocrx_word' id='word_1_49' title='bbox 1679 613 1776 668; x_wconf 89' lang='grc' dir='ltr'><strong>τοῦ</strong></span> 
     </span>
    </p>
   </div>
   <div class='ocr_carea' id='block_1_9' title="bbox 184 701 1775 775">
    <p class='ocr_par' dir='ltr' id='par_1_9' title="bbox 184 701 1775 775">
     <span class='ocr_line' id='line_1_9' title="bbox 184 701 1775 775; baseline 0.004 -19"><span class='ocrx_word' id='word_1_50' title='bbox 184 703 325 756; x_wconf 82' lang='grc' dir='ltr'><strong>υἱοῦ·</strong></span> <span class='ocrx_word' id='word_1_51' title='bbox 374 704 462 756; x_wconf 79' lang='grc' dir='ltr'><strong>τὸν</strong></span> <span class='ocrx_word' id='word_1_52' title='bbox 508 702 670 757; x_wconf 86' lang='grc' dir='ltr'>αὑτὸν</span> <span class='ocrx_word' id='word_1_53' title='bbox 708 701 772 774; x_wconf 83' lang='grc' dir='ltr'>δὴ</span> <span class='ocrx_word' id='word_1_54' title='bbox 805 703 1006 773; x_wconf 80' lang='grc' dir='ltr'>τρόπον</span> <span class='ocrx_word' id='word_1_55' title='bbox 1038 706 1134 758; x_wconf 74' lang='grc' dir='ltr'><strong>καί¹</strong></span> <span class='ocrx_word' id='word_1_56' title='bbox 1181 706 1214 775; x_wconf 86' lang='grc' dir='ltr'><strong>ή</strong></span> <span class='ocrx_word' id='word_1_57' title='bbox 1250 705 1374 768; x_wconf 81' lang='grc' dir='ltr'>ἐνὸς</span> <span class='ocrx_word' id='word_1_58' title='bbox 1407 707 1641 762; x_wconf 79' lang='grc' dir='ltr'><strong>ἑκάστου</strong></span> <span class='ocrx_word' id='word_1_59' title='bbox 1667 707 1775 762; x_wconf 89' lang='grc' dir='ltr'><strong>τῶν</strong></span> 
     </span>
    </p>
   </div>
   <div class='ocr_carea' id='block_1_10' title="bbox 183 796 1775 871">
    <p class='ocr_par' dir='ltr' id='par_1_10' title="bbox 183 796 1775 871">
     <span class='ocr_line' id='line_1_10' title="bbox 183 796 1775 871; baseline 0.003 -21"><span class='ocrx_word' id='word_1_60' title='bbox 183 796 607 869; x_wconf 85' lang='grc' dir='ltr'>ἁμαρτανόντων</span> <span class='ocrx_word' id='word_1_61' title='bbox 641 797 807 849; x_wconf 89' lang='grc' dir='ltr'>κακία</span> <span class='ocrx_word' id='word_1_62' title='bbox 834 797 1005 850; x_wconf 83' lang='grc' dir='ltr'>θλίϐει</span> <span class='ocrx_word' id='word_1_63' title='bbox 1034 798 1126 852; x_wconf 88' lang='grc' dir='ltr'><strong>τὸν</strong></span> <span class='ocrx_word' id='word_1_64' title='bbox 1152 798 1283 852; x_wconf 90' lang='grc' dir='ltr'>Υίὸν</span> <span class='ocrx_word' id='word_1_65' title='bbox 1309 798 1402 851; x_wconf 84' lang='grc' dir='ltr'><strong>τοῦ</strong></span> <span class='ocrx_word' id='word_1_66' title='bbox 1437 799 1592 854; x_wconf 85' lang='grc' dir='ltr'>Θεοῦ.</span> <span class='ocrx_word' id='word_1_67' title='bbox 1626 803 1775 871; x_wconf 84' lang='grc' dir='ltr'>’Ὀσῳ</span> 
     </span>
    </p>
   </div>
   <div class='ocr_carea' id='block_1_11' title="bbox 178 887 1774 960">
    <p class='ocr_par' dir='ltr' id='par_1_11' title="bbox 178 887 1774 960">
     <span class='ocr_line' id='line_1_11' title="bbox 178 887 1774 960; baseline 0.004 -20"><span class='ocrx_word' id='word_1_68' title='bbox 178 887 236 940; x_wconf 82' lang='grc' dir='ltr'>δέ</span> <span class='ocrx_word' id='word_1_69' title='bbox 267 905 353 951; x_wconf 87' lang='grc' dir='ltr'><strong>τις</strong></span> <span class='ocrx_word' id='word_1_70' title='bbox 379 889 438 940; x_wconf 79' lang='grc' dir='ltr'><strong>ὲν</strong></span> <span class='ocrx_word' id='word_1_71' title='bbox 464 887 706 942; x_wconf 83' lang='grc' dir='ltr'>πλείοσιν</span> <span class='ocrx_word' id='word_1_72' title='bbox 742 887 964 956; x_wconf 82' lang='grc' dir='ltr'>ἀγαθοῖς</span> <span class='ocrx_word' id='word_1_73' title='bbox 1010 888 1194 960; x_wconf 75' lang='grc' dir='ltr'>ἔργοις</span> <span class='ocrx_word' id='word_1_74' title='bbox 1223 889 1436 958; x_wconf 89' lang='grc' dir='ltr'>γίνεται</span> <span class='ocrx_word' id='word_1_75' title='bbox 1467 893 1564 946; x_wconf 75' lang='grc' dir='ltr'>καὶ</span> <span class='ocrx_word' id='word_1_76' title='bbox 1593 893 1774 960; x_wconf 85' lang='grc' dir='ltr'>ὑγιέσι</span> 
     </span>
    </p>
   </div>
   <div class='ocr_carea' id='block_1_12' title="bbox 179 981 1774 1054">
    <p class='ocr_par' dir='ltr' id='par_1_12' title="bbox 179 981 1774 1054">
     <span class='ocr_line' id='line_1_12' title="bbox 179 981 1774 1054; baseline 0.004 -20"><span class='ocrx_word' id='word_1_77' title='bbox 179 982 472 1052; x_wconf 80' lang='grc' dir='ltr'>δόγμασιν,</span> <span class='ocrx_word' id='word_1_78' title='bbox 505 983 580 1046; x_wconf 85' lang='grc' dir='ltr'>ὼς</span> <span class='ocrx_word' id='word_1_79' title='bbox 610 981 807 1054; x_wconf 74' lang='grc' dir='ltr'>μείζων</span> <span class='ocrx_word' id='word_1_80' title='bbox 843 983 946 1036; x_wconf 84' lang='grc' dir='ltr'><strong>ὑπὸ</strong></span> <span class='ocrx_word' id='word_1_81' title='bbox 976 985 1237 1038; x_wconf 82' lang='grc' dir='ltr'>πλειόνων</span> <span class='ocrx_word' id='word_1_82' title='bbox 1272 983 1534 1051; x_wconf 87' lang='grc' dir='ltr'>θλίϐεται,</span> <span class='ocrx_word' id='word_1_83' title='bbox 1568 987 1774 1040; x_wconf 84' lang='grc' dir='ltr'>πολλῶν</span> 
     </span>
    </p>
   </div>
   <div class='ocr_carea' id='block_1_13' title="bbox 182 1076 1770 1147">
    <p class='ocr_par' dir='ltr' id='par_1_13' title="bbox 182 1076 1770 1147">
     <span class='ocr_line' id='line_1_13' title="bbox 182 1076 1770 1147; baseline 0.003 -19"><span class='ocrx_word' id='word_1_84' title='bbox 182 1076 634 1146; x_wconf 77' lang='grc' dir='ltr'>ἐπανισταμένων</span> <span class='ocrx_word' id='word_1_85' title='bbox 669 1077 839 1147; x_wconf 81' lang='grc' dir='ltr'>αὐτῷ,</span> <span class='ocrx_word' id='word_1_86' title='bbox 876 1077 1002 1130; x_wconf 83' lang='grc' dir='ltr'>ὥστ’</span> <span class='ocrx_word' id='word_1_87' title='bbox 1027 1076 1091 1130; x_wconf 85' lang='grc' dir='ltr'>ἂν</span> <span class='ocrx_word' id='word_1_88' title='bbox 1126 1077 1352 1143; x_wconf 82' lang='grc' dir='ltr'>πολλοὺς</span> <span class='ocrx_word' id='word_1_89' title='bbox 1388 1079 1550 1133; x_wconf 86' lang='grc' dir='ltr'>πάλιν</span> <span class='ocrx_word' id='word_1_90' title='bbox 1579 1081 1770 1143; x_wconf 85' lang='grc' dir='ltr'>εἰπεῖν,</span> 
     </span>
    </p>
   </div>
   <div class='ocr_carea' id='block_1_14' title="bbox 185 1164 1771 1238">
    <p class='ocr_par' dir='ltr' id='par_1_14' title="bbox 185 1164 1771 1238">
     <span class='ocr_line' id='line_1_14' title="bbox 185 1164 1771 1238; baseline 0.002 -21"><span class='ocrx_word' id='word_1_91' title='bbox 185 1184 205 1216; x_wconf 75' lang='grc' dir='ltr'><strong>ι</strong></span> <span class='ocrx_word' id='word_1_92' title='bbox 242 1166 358 1218; x_wconf 81' lang='grc' dir='ltr'><strong>Οὐκ</strong></span> <span class='ocrx_word' id='word_1_93' title='bbox 391 1164 503 1218; x_wconf 73' lang='grc' dir='ltr'>ἐστι</span> <span class='ocrx_word' id='word_1_94' title='bbox 534 1167 777 1236; x_wconf 86' lang='grc' dir='ltr'>σωτηρία</span> <span class='ocrx_word' id='word_1_95' title='bbox 812 1166 960 1237; x_wconf 80' lang='grc' dir='ltr'>αὐτῷ</span> <span class='ocrx_word' id='word_1_96' title='bbox 990 1167 1048 1219; x_wconf 86' lang='grc' dir='ltr'><strong>ὲν</strong></span> <span class='ocrx_word' id='word_1_97' title='bbox 1081 1165 1158 1237; x_wconf 78' lang='grc' dir='ltr'>τῷ</span> <span class='ocrx_word' id='word_1_98' title='bbox 1190 1166 1330 1238; x_wconf 81' lang='grc' dir='ltr'>Θεῷ,</span> <span class='ocrx_word' id='word_1_99' title='bbox 1375 1187 1393 1218; x_wconf 81' lang='grc'>›</span> <span class='ocrx_word' id='word_1_100' title='bbox 1437 1167 1771 1236; x_wconf 82' lang='grc' dir='ltr'>ἀπογνόντας</span> 
     </span>
    </p>
   </div>
   <div class='ocr_carea' id='block_1_15' title="bbox 177 1257 1773 1330">
    <p class='ocr_par' dir='ltr' id='par_1_15' title="bbox 177 1257 1773 1330">
     <span class='ocr_line' id='line_1_15' title="bbox 177 1257 1773 1330; baseline 0.002 -21"><span class='ocrx_word' id='word_1_101' title='bbox 177 1257 252 1310; x_wconf 71' lang='grc' dir='ltr'><strong>τά</strong></span> <span class='ocrx_word' id='word_1_102' title='bbox 283 1257 402 1310; x_wconf 85' lang='grc' dir='ltr'>κατ’</span> <span class='ocrx_word' id='word_1_103' title='bbox 419 1257 600 1323; x_wconf 82' lang='grc' dir='ltr'>αὑτὸν,</span> <span class='ocrx_word' id='word_1_104' title='bbox 618 1258 666 1310; x_wconf 92' lang='grc' dir='ltr'><strong>εἰ</strong></span> <span class='ocrx_word' id='word_1_105' title='bbox 698 1257 802 1310; x_wconf 86' lang='grc' dir='ltr'><strong>ὑπὸ</strong></span> <span class='ocrx_word' id='word_1_106' title='bbox 833 1258 1057 1329; x_wconf 87' lang='grc' dir='ltr'>μηδενὸς</span> <span class='ocrx_word' id='word_1_107' title='bbox 1081 1259 1189 1312; x_wconf 88' lang='grc' dir='ltr'><strong>τῶν</strong></span> <span class='ocrx_word' id='word_1_108' title='bbox 1214 1259 1469 1314; x_wconf 85' lang='grc' dir='ltr'>τοιούτων</span> <span class='ocrx_word' id='word_1_109' title='bbox 1490 1262 1569 1324; x_wconf 90' lang='grc' dir='ltr'><strong>εἰς</strong></span> <span class='ocrx_word' id='word_1_110' title='bbox 1599 1277 1773 1330; x_wconf 86' lang='grc' dir='ltr'>σωτη-</span> 
     </span>
    </p>
   </div>
   <div class='ocr_carea' id='block_1_16' title="bbox 180 1347 1770 1421">
    <p class='ocr_par' dir='ltr' id='par_1_16' title="bbox 180 1347 1770 1421">
     <span class='ocr_line' id='line_1_16' title="bbox 180 1347 1770 1421; baseline 0.003 -24"><span class='ocrx_word' id='word_1_111' title='bbox 180 1347 310 1417; x_wconf 88' lang='grc' dir='ltr'>ρίαν</span> <span class='ocrx_word' id='word_1_112' title='bbox 344 1347 690 1420; x_wconf 87' lang='grc' dir='ltr'>βλαϐήσεται.</span> <span class='ocrx_word' id='word_1_113' title='bbox 741 1349 959 1421; x_wconf 67' lang='grc' dir='ltr'>Ἀφίησι</span> <span class='ocrx_word' id='word_1_114' title='bbox 994 1349 1050 1403; x_wconf 84' lang='grc' dir='ltr'>δὲ</span> <span class='ocrx_word' id='word_1_115' title='bbox 1089 1351 1117 1403; x_wconf 98' lang='lat'><strong>6</strong></span> <span class='ocrx_word' id='word_1_116' title='bbox 1147 1350 1280 1414; x_wconf 87' lang='grc' dir='ltr'>Θεὸς</span> <span class='ocrx_word' id='word_1_117' title='bbox 1312 1351 1540 1414; x_wconf 87' lang='grc' dir='ltr'>πολλοὺς</span> <span class='ocrx_word' id='word_1_118' title='bbox 1572 1350 1770 1403; x_wconf 87' lang='grc' dir='ltr'>θλίϐειν</span> 
     </span>
    </p>
   </div>
   <div class='ocr_carea' id='block_1_17' title="bbox 1879 433 3452 510">
    <p class='ocr_par' dir='ltr' id='par_1_17' title="bbox 1879 433 3452 510">
     <span class='ocr_line' id='line_1_17' title="bbox 1879 433 3452 510; baseline 0.012 -22"><span class='ocrx_word' id='word_1_119' title='bbox 1879 433 2148 501; x_wconf 79' lang='lat' dir='ltr'><strong>sequitur,</strong></span> <span class='ocrx_word' id='word_1_120' title='bbox 2182 444 2240 488; x_wconf 92' lang='lat' dir='ltr'><strong>nt</strong></span> <span class='ocrx_word' id='word_1_121' title='bbox 2265 434 2380 502; x_wconf 85' lang='lat' dir='ltr'><strong>ipse</strong></span> <span class='ocrx_word' id='word_1_122' title='bbox 2408 436 2650 502; x_wconf 73' lang='lat' dir='ltr'><strong>peccatis</strong></span> <span class='ocrx_word' id='word_1_123' title='bbox 2677 439 2774 494; x_wconf 92' lang='lat' dir='ltr'><strong>ﬁlii</strong></span> <span class='ocrx_word' id='word_1_124' title='bbox 2807 439 3136 510; x_wconf 82' lang='lat' dir='ltr'><strong>oﬁ‘endatur,</strong></span> <span class='ocrx_word' id='word_1_125' title='bbox 3170 447 3241 501; x_wconf 90' lang='lat' dir='ltr'><strong>ita</strong></span> <span class='ocrx_word' id='word_1_126' title='bbox 3277 459 3332 504; x_wconf 91' lang='lat' dir='ltr'><strong>et</strong></span> <span class='ocrx_word' id='word_1_127' title='bbox 3355 467 3452 507; x_wconf 91' lang='lat' dir='ltr'><strong>ne-</strong></span> 
     </span>
    </p>
   </div>
   <div class='ocr_carea' id='block_1_18' title="bbox 1877 527 3448 599">
    <p class='ocr_par' dir='ltr' id='par_1_18' title="bbox 1877 527 3448 599">
     <span class='ocr_line' id='line_1_18' title="bbox 1877 527 3448 599; baseline 0.012 -20"><span class='ocrx_word' id='word_1_128' title='bbox 1877 527 2050 594; x_wconf 88' lang='lat' dir='ltr'><strong>quitia</strong></span> <span class='ocrx_word' id='word_1_129' title='bbox 2107 527 2534 598; x_wconf 87' lang='lat' dir='ltr'><strong>uniuscujusque</strong></span> <span class='ocrx_word' id='word_1_130' title='bbox 2587 542 2929 599; x_wconf 69' lang='lat' dir='ltr'><strong>peccatorum</strong></span> <span class='ocrx_word' id='word_1_131' title='bbox 2983 538 3208 594; x_wconf 88' lang='lat' dir='ltr'><strong>tribulat</strong></span> <span class='ocrx_word' id='word_1_132' title='bbox 3249 542 3448 599; x_wconf 88' lang='lat' dir='ltr'><strong>Filiutn</strong></span> 
     </span>
    </p>
   </div>
   <div class='ocr_carea' id='block_1_19' title="bbox 1875 617 3449 694">
    <p class='ocr_par' dir='ltr' id='par_1_19' title="bbox 1875 617 3449 694">
     <span class='ocr_line' id='line_1_19' title="bbox 1875 617 3449 694; baseline 0.011 -22"><span class='ocrx_word' id='word_1_133' title='bbox 1875 617 1991 674; x_wconf 86' lang='lat' dir='ltr'><strong>Dei.</strong></span> <span class='ocrx_word' id='word_1_134' title='bbox 2018 620 2090 674; x_wconf 89' lang='lat' dir='ltr'><strong>At</strong></span> <span class='ocrx_word' id='word_1_135' title='bbox 2114 632 2322 690; x_wconf 90' lang='lat' dir='ltr'><strong>quanto</strong></span> <span class='ocrx_word' id='word_1_136' title='bbox 2354 624 2478 694; x_wconf 82' lang='lat' dir='ltr'><strong>quis</strong></span> <span class='ocrx_word' id='word_1_137' title='bbox 2501 624 2750 693; x_wconf 88' lang='lat' dir='ltr'><strong>pluribus</strong></span> <span class='ocrx_word' id='word_1_138' title='bbox 2776 627 3032 694; x_wconf 78' lang='lat' dir='ltr'><strong>operibus</strong></span> <span class='ocrx_word' id='word_1_139' title='bbox 3055 631 3214 687; x_wconf 91' lang='lat' dir='ltr'><strong>bonis</strong></span> <span class='ocrx_word' id='word_1_140' title='bbox 3235 635 3449 690; x_wconf 86' lang='lat' dir='ltr'><strong>deditus</strong></span> 
     </span>
    </p>
   </div>
   <div class='ocr_carea' id='block_1_20' title="bbox 1875 713 3447 792">
    <p class='ocr_par' dir='ltr' id='par_1_20' title="bbox 1875 713 3447 792">
     <span class='ocr_line' id='line_1_20' title="bbox 1875 713 3447 792; baseline 0.012 -28"><span class='ocrx_word' id='word_1_141' title='bbox 1875 718 1978 778; x_wconf 90' lang='lat' dir='ltr'><strong>est,</strong></span> <span class='ocrx_word' id='word_1_142' title='bbox 2016 719 2070 764; x_wconf 93' lang='lat' dir='ltr'><strong>et</strong></span> <span class='ocrx_word' id='word_1_143' title='bbox 2092 713 2244 766; x_wconf 90' lang='lat' dir='ltr'><strong>sanis</strong></span> <span class='ocrx_word' id='word_1_144' title='bbox 2271 713 2634 782; x_wconf 83' lang='lat' dir='ltr'><strong>dogmatibus,</strong></span> <span class='ocrx_word' id='word_1_145' title='bbox 2669 725 2728 770; x_wconf 91' lang='lat' dir='ltr'><strong>ut</strong></span> <span class='ocrx_word' id='word_1_146' title='bbox 2759 721 3104 785; x_wconf 76' lang='lat' dir='ltr'><strong>praestantior</strong></span> <span class='ocrx_word' id='word_1_147' title='bbox 3131 738 3162 777; x_wconf 84' lang='lat' dir='ltr'><strong>a</strong></span> <span class='ocrx_word' id='word_1_148' title='bbox 3203 724 3447 792; x_wconf 86' lang='lat' dir='ltr'><strong>pluribus</strong></span> 
     </span>
    </p>
   </div>
   <div class='ocr_carea' id='block_1_21' title="bbox 1877 801 3449 879">
    <p class='ocr_par' dir='ltr' id='par_1_21' title="bbox 1877 801 3449 879">
     <span class='ocr_line' id='line_1_21' title="bbox 1877 801 3449 879; baseline 0.012 -25"><span class='ocrx_word' id='word_1_149' title='bbox 1877 801 2186 868; x_wconf 89' lang='lat' dir='ltr'><strong>tribulatur,</strong></span> <span class='ocrx_word' id='word_1_150' title='bbox 2236 805 2423 860; x_wconf 88' lang='lat' dir='ltr'><strong>multis</strong></span> <span class='ocrx_word' id='word_1_151' title='bbox 2475 806 2886 876; x_wconf 87' lang='lat' dir='ltr'><strong>insurgentibus</strong></span> <span class='ocrx_word' id='word_1_152' title='bbox 2935 811 2990 865; x_wconf 90' lang='lat' dir='ltr'><strong>in</strong></span> <span class='ocrx_word' id='word_1_153' title='bbox 3045 827 3206 879; x_wconf 91' lang='lat' dir='ltr'><strong>eum,</strong></span> <span class='ocrx_word' id='word_1_154' title='bbox 3261 818 3334 870; x_wconf 89' lang='lat' dir='ltr'><strong>ita</strong></span> <span class='ocrx_word' id='word_1_155' title='bbox 3391 828 3449 873; x_wconf 91' lang='lat' dir='ltr'><strong>ut</strong></span> 
     </span>
    </p>
   </div>
   <div class='ocr_carea' id='block_1_22' title="bbox 1876 892 3436 975">
    <p class='ocr_par' dir='ltr' id='par_1_22' title="bbox 1876 892 3436 975">
     <span class='ocr_line' id='line_1_22' title="bbox 1876 892 3436 975; baseline 0.012 -30"><span class='ocrx_word' id='word_1_156' title='bbox 1876 892 2027 945; x_wconf 92' lang='lat' dir='ltr'><strong>multi</strong></span> <span class='ocrx_word' id='word_1_157' title='bbox 2066 908 2257 947; x_wconf 89' lang='lat' dir='ltr'><strong>rursus</strong></span> <span class='ocrx_word' id='word_1_158' title='bbox 2279 895 2502 949; x_wconf 87' lang='lat' dir='ltr'><strong>dicant:</strong></span> <span class='ocrx_word' id='word_1_159' title='bbox 2541 914 2560 947; x_wconf 76' lang='grc' dir='ltr'><strong>ι</strong></span> <span class='ocrx_word' id='word_1_160' title='bbox 2599 895 2719 952; x_wconf 85' lang='grc' dir='ltr'>Νοιι</span> <span class='ocrx_word' id='word_1_161' title='bbox 2759 907 2846 954; x_wconf 85' lang='lat' dir='ltr'><strong>est</strong></span> <span class='ocrx_word' id='word_1_162' title='bbox 2868 900 3015 956; x_wconf 89' lang='lat' dir='ltr'><strong>salus</strong></span> <span class='ocrx_word' id='word_1_163' title='bbox 3045 903 3144 972; x_wconf 93' lang='lat' dir='ltr'><strong>ipsi</strong></span> <span class='ocrx_word' id='word_1_164' title='bbox 3173 905 3226 959; x_wconf 92' lang='lat' dir='ltr'><strong>in</strong></span> <span class='ocrx_word' id='word_1_165' title='bbox 3260 907 3388 975; x_wconf 92' lang='lat' dir='ltr'><strong>Deo,</strong></span> <span class='ocrx_word' id='word_1_166' title='bbox 3417 929 3436 962; x_wconf 74' lang='grc' dir='ltr'><strong>ι</strong></span> 
     </span>
    </p>
   </div>
   <div class='ocr_carea' id='block_1_23' title="bbox 1875 981 3445 1062">
    <p class='ocr_par' dir='ltr' id='par_1_23' title="bbox 1875 981 3445 1062">
     <span class='ocr_line' id='line_1_23' title="bbox 1875 981 3445 1062; baseline 0.013 -27"><span class='ocrx_word' id='word_1_167' title='bbox 1875 981 2228 1050; x_wconf 83' lang='lat' dir='ltr'><strong>desperantes</strong></span> <span class='ocrx_word' id='word_1_168' title='bbox 2259 985 2326 1040; x_wconf 90' lang='lat' dir='ltr'><strong>de</strong></span> <span class='ocrx_word' id='word_1_169' title='bbox 2365 986 2526 1041; x_wconf 88' lang='lat' dir='ltr'><strong>rebus</strong></span> <span class='ocrx_word' id='word_1_170' title='bbox 2552 988 2741 1056; x_wconf 88' lang='lat' dir='ltr'><strong>ipsius,</strong></span> <span class='ocrx_word' id='word_1_171' title='bbox 2780 991 2823 1044; x_wconf 89' lang='lat' dir='ltr'><strong>si</strong></span> <span class='ocrx_word' id='word_1_172' title='bbox 2855 1006 2886 1044; x_wconf 92' lang='lat' dir='ltr'><strong>a</strong></span> <span class='ocrx_word' id='word_1_173' title='bbox 2917 993 3062 1047; x_wconf 88' lang='lat' dir='ltr'><strong>nullo</strong></span> <span class='ocrx_word' id='word_1_174' title='bbox 3094 993 3356 1062; x_wconf 85' lang='lat' dir='ltr'><strong>ejusmodi</strong></span> <span class='ocrx_word' id='word_1_175' title='bbox 3392 1002 3445 1054; x_wconf 92' lang='lat' dir='ltr'><strong>in</strong></span> 
     </span>
    </p>
   </div>
   <div class='ocr_carea' id='block_1_24' title="bbox 1872 1072 3446 1151">
    <p class='ocr_par' dir='ltr' id='par_1_24' title="bbox 1872 1072 3446 1151">
     <span class='ocr_line' id='line_1_24' title="bbox 1872 1072 3446 1151; baseline 0.013 -27"><span class='ocrx_word' id='word_1_176' title='bbox 1872 1072 2048 1128; x_wconf 81' lang='lat' dir='ltr'><strong>salute</strong></span> <span class='ocrx_word' id='word_1_177' title='bbox 2073 1077 2454 1144; x_wconf 89' lang='lat' dir='ltr'><strong>consequenda</strong></span> <span class='ocrx_word' id='word_1_178' title='bbox 2491 1078 2743 1133; x_wconf 62' lang='lat' dir='ltr'><strong>laedatur.</strong></span> <span class='ocrx_word' id='word_1_179' title='bbox 2776 1080 3052 1151; x_wconf 81' lang='lat' dir='ltr'><strong>Permittit</strong></span> <span class='ocrx_word' id='word_1_180' title='bbox 3082 1099 3264 1140; x_wconf 90' lang='lat' dir='ltr'><strong>autem</strong></span> <span class='ocrx_word' id='word_1_181' title='bbox 3307 1090 3446 1146; x_wconf 89' lang='lat' dir='ltr'><strong>Dens</strong></span> 
     </span>
    </p>
   </div>
   <div class='ocr_carea' id='block_1_25' title="bbox 1867 1162 3447 1248">
    <p class='ocr_par' dir='ltr' id='par_1_25' title="bbox 1867 1162 3447 1248">
     <span class='ocr_line' id='line_1_25' title="bbox 1867 1162 3447 1248; baseline 0.011 -33"><span class='ocrx_word' id='word_1_182' title='bbox 1867 1162 2075 1232; x_wconf 90' lang='lat' dir='ltr'><strong>justum</strong></span> <span class='ocrx_word' id='word_1_183' title='bbox 2107 1178 2137 1216; x_wconf 91' lang='lat' dir='ltr'><strong>a</strong></span> <span class='ocrx_word' id='word_1_184' title='bbox 2163 1164 2408 1233; x_wconf 76' lang='lat' dir='ltr'><strong>pluribus</strong></span> <span class='ocrx_word' id='word_1_185' title='bbox 2439 1167 2627 1239; x_wconf 78' lang='lat' dir='ltr'><strong>alnigi,</strong></span> <span class='ocrx_word' id='word_1_186' title='bbox 2657 1179 2718 1224; x_wconf 92' lang='lat' dir='ltr'><strong>ut</strong></span> <span class='ocrx_word' id='word_1_187' title='bbox 2745 1171 2793 1224; x_wconf 91' lang='lat' dir='ltr'><strong>ei</strong></span> <span class='ocrx_word' id='word_1_188' title='bbox 2818 1173 3074 1241; x_wconf 91' lang='lat' dir='ltr'><strong>ponderis</strong></span> <span class='ocrx_word' id='word_1_189' title='bbox 3099 1175 3287 1246; x_wconf 71' lang='lat' dir='ltr'><strong>gloria:</strong></span> <span class='ocrx_word' id='word_1_190' title='bbox 3327 1195 3447 1248; x_wconf 68' lang='lat' dir='ltr'><strong>quae</strong></span> 
     </span>
    </p>
   </div>
   <div class='ocr_carea' id='block_1_26' title="bbox 1874 1257 3446 1337">
    <p class='ocr_par' dir='ltr' id='par_1_26' title="bbox 1874 1257 3446 1337">
     <span class='ocr_line' id='line_1_26' title="bbox 1874 1257 3446 1337; baseline 0.011 -27"><span class='ocrx_word' id='word_1_191' title='bbox 1874 1257 2284 1314; x_wconf 80' lang='lat' dir='ltr'><strong>tribulationum</strong></span> <span class='ocrx_word' id='word_1_192' title='bbox 2319 1263 2688 1331; x_wconf 79' lang='lat' dir='ltr'><strong>magnitudine</strong></span> <span class='ocrx_word' id='word_1_193' title='bbox 2708 1277 3074 1337; x_wconf 87' lang='lat' dir='ltr'><strong>comparatur,</strong></span> <span class='ocrx_word' id='word_1_194' title='bbox 3098 1273 3446 1328; x_wconf 86' lang='lat' dir='ltr'><strong>occasionem</strong></span> 
     </span>
    </p>
   </div>
   <div class='ocr_carea' id='block_1_27' title="bbox 1872 1350 3448 1429">
    <p class='ocr_par' dir='ltr' id='par_1_27' title="bbox 1872 1350 3448 1429">
     <span class='ocr_line' id='line_1_27' title="bbox 1872 1350 3448 1429; baseline 0.011 -28"><span class='ocrx_word' id='word_1_195' title='bbox 1872 1351 2132 1418; x_wconf 74' lang='lat' dir='ltr'><strong>praebeat,</strong></span> <span class='ocrx_word' id='word_1_196' title='bbox 2167 1350 2321 1418; x_wconf 83' lang='lat' dir='ltr'><strong>Quod</strong></span> <span class='ocrx_word' id='word_1_197' title='bbox 2352 1353 2397 1406; x_wconf 88' lang='lat' dir='ltr'><strong>si</strong></span> <span class='ocrx_word' id='word_1_198' title='bbox 2423 1353 2605 1423; x_wconf 89' lang='lat' dir='ltr'><strong>justus</strong></span> <span class='ocrx_word' id='word_1_199' title='bbox 2641 1356 2915 1412; x_wconf 89' lang='lat' dir='ltr'><strong>interdum</strong></span> <span class='ocrx_word' id='word_1_200' title='bbox 2949 1374 3148 1429; x_wconf 87' lang='lat' dir='ltr'><strong>anceps</strong></span> <span class='ocrx_word' id='word_1_201' title='bbox 3191 1377 3253 1417; x_wconf 92' lang='lat' dir='ltr'><strong>ac</strong></span> <span class='ocrx_word' id='word_1_202' title='bbox 3286 1364 3448 1419; x_wconf 67' lang='lat' dir='ltr'><strong>haesi-</strong></span> 
     </span>
    </p>
   </div>
   <div class='ocr_carea' id='block_1_28' title="bbox 178 1438 1763 1524">
    <p class='ocr_par' dir='ltr' id='par_1_28' title="bbox 178 1438 1763 1514">
     <span class='ocr_line' id='line_1_28' title="bbox 178 1438 1763 1514; baseline 0.003 -24"><span class='ocrx_word' id='word_1_203' title='bbox 178 1438 274 1491; x_wconf 88' lang='grc' dir='ltr'><strong>τὸν</strong></span> <span class='ocrx_word' id='word_1_204' title='bbox 299 1438 525 1505; x_wconf 86' lang='grc' dir='ltr'>δίκαιον,</span> <span class='ocrx_word' id='word_1_205' title='bbox 551 1441 725 1505; x_wconf 81' lang='grc' dir='ltr'>διδοὺς</span> <span class='ocrx_word' id='word_1_206' title='bbox 756 1441 906 1512; x_wconf 80' lang='grc' dir='ltr'>αὐτῷ</span> <span class='ocrx_word' id='word_1_207' title='bbox 945 1441 1198 1514; x_wconf 78' lang='grc' dir='ltr'>ἀφορμὴν</span> <span class='ocrx_word' id='word_1_208' title='bbox 1229 1442 1428 1514; x_wconf 80' lang='grc' dir='ltr'>βάρους</span> <span class='ocrx_word' id='word_1_209' title='bbox 1457 1443 1615 1514; x_wconf 81' lang='grc' dir='ltr'>δόξης</span> <span class='ocrx_word' id='word_1_210' title='bbox 1663 1442 1763 1494; x_wconf 77' lang='grc' dir='ltr'><strong>ἀπὸ</strong></span> 
     </span>
    </p>
   </div>
   <div class='ocr_carea' id='block_1_29' title="bbox 1866 1438 3448 1524">
    <p class='ocr_par' dir='ltr' id='par_1_29' title="bbox 1875 1444 3448 1524">
     <span class='ocr_line' id='line_1_29' title="bbox 1875 1444 3448 1524; baseline 0.01 -28"><span class='ocrx_word' id='word_1_211' title='bbox 1875 1453 1998 1498; x_wconf 90' lang='lat' dir='ltr'><strong>tans</strong></span> <span class='ocrx_word' id='word_1_212' title='bbox 2041 1444 2187 1499; x_wconf 86' lang='lat' dir='ltr'><strong>dicat</strong></span> <span class='ocrx_word' id='word_1_213' title='bbox 2218 1446 2351 1512; x_wconf 90' lang='lat' dir='ltr'><strong>Deo,</strong></span> <span class='ocrx_word' id='word_1_214' title='bbox 2393 1463 2412 1498; x_wconf 77' lang='grc' dir='ltr'><strong>ι</strong></span> <span class='ocrx_word' id='word_1_215' title='bbox 2442 1447 2582 1514; x_wconf 80' lang='lat' dir='ltr'><strong>Quid</strong></span> <span class='ocrx_word' id='word_1_216' title='bbox 2613 1450 2956 1520; x_wconf 90' lang='lat' dir='ltr'><strong>multiplicati</strong></span> <span class='ocrx_word' id='word_1_217' title='bbox 2999 1466 3126 1508; x_wconf 88' lang='lat' dir='ltr'><strong>sunt</strong></span> <span class='ocrx_word' id='word_1_218' title='bbox 3155 1456 3246 1524; x_wconf 86' lang='lat' dir='ltr'><strong>qui</strong></span> <span class='ocrx_word' id='word_1_219' title='bbox 3276 1457 3448 1511; x_wconf 92' lang='lat' dir='ltr'><strong>tribu-</strong></span> 
     </span>
    </p>
   </div>
   <div class='ocr_carea' id='block_1_30' title="bbox 178 1525 1763 1618">
    <p class='ocr_par' dir='ltr' id='par_1_30' title="bbox 178 1525 1763 1606">
     <span class='ocr_line' id='line_1_30' title="bbox 178 1525 1763 1606; baseline 0.001 -22"><span class='ocrx_word' id='word_1_220' title='bbox 178 1531 293 1584; x_wconf 89' lang='grc' dir='ltr'><strong>τῶν</strong></span> <span class='ocrx_word' id='word_1_221' title='bbox 311 1532 760 1604; x_wconf 85' lang='grc' dir='ltr'>ύπερϐαλλουσῶν</span> <span class='ocrx_word' id='word_1_222' title='bbox 780 1533 1012 1603; x_wconf 77' lang='grc' dir='ltr'>θλίψεων</span> <span class='ocrx_word' id='word_1_223' title='bbox 1039 1525 1430 1606; x_wconf 74' lang='grc' dir='ltr'>ὑφισταμένης.</span> <span class='ocrx_word' id='word_1_224' title='bbox 1450 1535 1557 1588; x_wconf 79' lang='grc' dir='ltr'>Καὶ</span> <span class='ocrx_word' id='word_1_225' title='bbox 1587 1532 1763 1586; x_wconf 81' lang='grc' dir='ltr'>εἴποτε</span> 
     </span>
    </p>
   </div>
   <div class='ocr_carea' id='block_1_31' title="bbox 1866 1525 3442 1618">
    <p class='ocr_par' dir='ltr' id='par_1_31' title="bbox 1870 1536 3442 1618">
     <span class='ocr_line' id='line_1_31' title="bbox 1870 1536 3442 1618; baseline 0.01 -28"><span class='ocrx_word' id='word_1_226' title='bbox 1870 1536 1983 1591; x_wconf 87' lang='lat' dir='ltr'><strong>lant</strong></span> <span class='ocrx_word' id='word_1_227' title='bbox 2028 1538 2161 1592; x_wconf 90' lang='lat' dir='ltr'><strong>me?</strong></span> <span class='ocrx_word' id='word_1_228' title='bbox 2207 1539 2384 1594; x_wconf 89' lang='lat' dir='ltr'><strong>adhuc</strong></span> <span class='ocrx_word' id='word_1_229' title='bbox 2427 1554 2495 1594; x_wconf 90' lang='lat' dir='ltr'><strong>eo</strong></span> <span class='ocrx_word' id='word_1_230' title='bbox 2545 1540 2802 1610; x_wconf 89' lang='lat' dir='ltr'><strong>loquente</strong></span> <span class='ocrx_word' id='word_1_231' title='bbox 2846 1545 3018 1601; x_wconf 88' lang='lat' dir='ltr'><strong>dicit:</strong></span> <span class='ocrx_word' id='word_1_232' title='bbox 3047 1547 3185 1603; x_wconf 88' lang='lat' dir='ltr'><strong>Ecce</strong></span> <span class='ocrx_word' id='word_1_233' title='bbox 3231 1546 3442 1618; x_wconf 85' lang='lat' dir='ltr'><strong>adsum,</strong></span> 
     </span>
    </p>
   </div>
   <div class='ocr_carea' id='block_1_32' title="bbox 177 1622 1763 1708">
    <p class='ocr_par' dir='ltr' id='par_1_32' title="bbox 177 1622 1763 1697">
     <span class='ocr_line' id='line_1_32' title="bbox 177 1622 1763 1697; baseline 0.003 -23"><span class='ocrx_word' id='word_1_234' title='bbox 177 1623 208 1674; x_wconf 86' lang='lat'><strong>6</strong></span> <span class='ocrx_word' id='word_1_235' title='bbox 235 1622 441 1688; x_wconf 88' lang='grc' dir='ltr'>δίκαιος</span> <span class='ocrx_word' id='word_1_236' title='bbox 458 1625 748 1697; x_wconf 77' lang='grc' dir='ltr'>ἐπαπορῶν</span> <span class='ocrx_word' id='word_1_237' title='bbox 769 1625 918 1694; x_wconf 81' lang='grc' dir='ltr'>λέγοι</span> <span class='ocrx_word' id='word_1_238' title='bbox 940 1625 1018 1697; x_wconf 82' lang='grc' dir='ltr'>τῷ</span> <span class='ocrx_word' id='word_1_239' title='bbox 1045 1626 1181 1696; x_wconf 84' lang='grc' dir='ltr'>Θεῷ·</span> <span class='ocrx_word' id='word_1_240' title='bbox 1210 1646 1228 1678; x_wconf 80' lang='grc' dir='ltr'><strong>ι</strong></span> <span class='ocrx_word' id='word_1_241' title='bbox 1269 1625 1332 1679; x_wconf 89' lang='grc' dir='ltr'>Τί</span> <span class='ocrx_word' id='word_1_242' title='bbox 1358 1625 1763 1697; x_wconf 85' lang='grc' dir='ltr'>ἐπληθύνθησαν</span> 
     </span>
    </p>
   </div>
   <div class='ocr_carea' id='block_1_33' title="bbox 1866 1622 3446 1708">
    <p class='ocr_par' dir='ltr' id='par_1_33' title="bbox 1874 1629 3446 1708">
     <span class='ocr_line' id='line_1_33' title="bbox 1874 1629 3446 1708; baseline 0.011 -29"><span class='ocrx_word' id='word_1_243' title='bbox 1874 1635 1934 1680; x_wconf 85' lang='grc' dir='ltr'><strong>ιιι</strong></span> <span class='ocrx_word' id='word_1_244' title='bbox 1964 1639 2346 1684; x_wconf 90' lang='lat' dir='ltr'><strong>momentanea</strong></span> <span class='ocrx_word' id='word_1_245' title='bbox 2380 1629 2662 1688; x_wconf 85' lang='lat' dir='ltr'><strong>tribulatio</strong></span> <span class='ocrx_word' id='word_1_246' title='bbox 2687 1635 3007 1691; x_wconf 90' lang='lat' dir='ltr'><strong>immensum</strong></span> <span class='ocrx_word' id='word_1_247' title='bbox 3033 1638 3217 1706; x_wconf 67' lang='lat' dir='ltr'><strong>gloriae</strong></span> <span class='ocrx_word' id='word_1_248' title='bbox 3239 1642 3446 1708; x_wconf 86' lang='lat' dir='ltr'><strong>pondus</strong></span> 
     </span>
    </p>
   </div>
   <div class='ocr_carea' id='block_1_34' title="bbox 177 1713 1763 1794">
    <p class='ocr_par' dir='ltr' id='par_1_34' title="bbox 177 1713 1758 1789">
     <span class='ocr_line' id='line_1_34' title="bbox 177 1713 1758 1789; baseline 0.003 -25"><span class='ocrx_word' id='word_1_249' title='bbox 177 1714 230 1764; x_wconf 84' lang='grc' dir='ltr'><strong>οἰ</strong></span> <span class='ocrx_word' id='word_1_250' title='bbox 280 1713 550 1780; x_wconf 73' lang='grc' dir='ltr'>θλίϐοντες</span> <span class='ocrx_word' id='word_1_251' title='bbox 601 1733 699 1786; x_wconf 86' lang='grc' dir='ltr'>με;</span> <span class='ocrx_word' id='word_1_252' title='bbox 761 1716 840 1770; x_wconf 78' lang='grc' dir='ltr'><strong>ἔτι</strong></span> <span class='ocrx_word' id='word_1_253' title='bbox 893 1717 1058 1771; x_wconf 83' lang='grc' dir='ltr'>αὐτοῦ</span> <span class='ocrx_word' id='word_1_254' title='bbox 1101 1716 1390 1782; x_wconf 88' lang='grc' dir='ltr'>λαλοῦντος</span> <span class='ocrx_word' id='word_1_255' title='bbox 1443 1718 1579 1789; x_wconf 82' lang='grc' dir='ltr'>ὲρεῖ·</span> <span class='ocrx_word' id='word_1_256' title='bbox 1629 1716 1758 1770; x_wconf 78' lang='grc' dir='ltr'>Ἰδοὺ</span> 
     </span>
    </p>
   </div>
   <div class='ocr_carea' id='block_1_35' title="bbox 1866 1713 3442 1794">
    <p class='ocr_par' dir='ltr' id='par_1_35' title="bbox 1866 1718 3442 1794">
     <span class='ocr_line' id='line_1_35' title="bbox 1866 1718 3442 1794; baseline 0.011 -24"><span class='ocrx_word' id='word_1_257' title='bbox 1866 1718 1958 1772; x_wconf 90' lang='lat' dir='ltr'><strong>tibi</strong></span> <span class='ocrx_word' id='word_1_258' title='bbox 1991 1731 2289 1791; x_wconf 88' lang='lat' dir='ltr'><strong>comparet.</strong></span> <span class='ocrx_word' id='word_1_259' title='bbox 2331 1743 2350 1778; x_wconf 72' lang='grc' dir='ltr'><strong>ι</strong></span> <span class='ocrx_word' id='word_1_260' title='bbox 2378 1724 2719 1794; x_wconf 88' lang='lat' dir='ltr'><strong>Quapropter</strong></span> <span class='ocrx_word' id='word_1_261' title='bbox 2773 1744 2793 1778; x_wconf 72' lang='grc' dir='ltr'><strong>ι</strong></span> <span class='ocrx_word' id='word_1_262' title='bbox 2841 1728 3025 1784; x_wconf 73' lang='lat' dir='ltr'><strong>multa:</strong></span> <span class='ocrx_word' id='word_1_263' title='bbox 3057 1741 3186 1785; x_wconf 92' lang='lat' dir='ltr'><strong>sunt</strong></span> <span class='ocrx_word' id='word_1_264' title='bbox 3221 1732 3442 1786; x_wconf 72' lang='lat' dir='ltr'><strong>lribttla~</strong></span> 
     </span>
    </p>
   </div>
   <div class='ocr_carea' id='block_1_36' title="bbox 178 1807 1763 1885">
    <p class='ocr_par' dir='ltr' id='par_1_36' title="bbox 178 1807 1763 1882">
     <span class='ocr_line' id='line_1_36' title="bbox 178 1807 1763 1882; baseline 0.003 -23"><span class='ocrx_word' id='word_1_265' title='bbox 178 1807 435 1878; x_wconf 83' lang='grc' dir='ltr'>πάρειμι,</span> <span class='ocrx_word' id='word_1_266' title='bbox 453 1809 540 1860; x_wconf 79' lang='grc' dir='ltr'><strong>ἵνα</strong></span> <span class='ocrx_word' id='word_1_267' title='bbox 573 1809 737 1881; x_wconf 86' lang='grc' dir='ltr'>βάρος</span> <span class='ocrx_word' id='word_1_268' title='bbox 752 1809 909 1881; x_wconf 80' lang='grc' dir='ltr'>δόξης</span> <span class='ocrx_word' id='word_1_269' title='bbox 938 1810 1237 1882; x_wconf 80' lang='grc' dir='ltr'>ἐργάσηταί</span> <span class='ocrx_word' id='word_1_270' title='bbox 1259 1827 1341 1862; x_wconf 90' lang='grc' dir='ltr'><strong>σοι</strong></span> <span class='ocrx_word' id='word_1_271' title='bbox 1360 1810 1422 1863; x_wconf 92' lang='grc' dir='ltr'><strong>τὸ</strong></span> <span class='ocrx_word' id='word_1_272' title='bbox 1448 1809 1763 1881; x_wconf 86' lang='grc' dir='ltr'>παραυτίκα</span> 
     </span>
    </p>
   </div>
   <div class='ocr_carea' id='block_1_37' title="bbox 1866 1807 3442 1885">
    <p class='ocr_par' dir='ltr' id='par_1_37' title="bbox 1871 1810 3442 1885">
     <span class='ocr_line' id='line_1_37' title="bbox 1871 1810 3442 1885; baseline 0.011 -22"><span class='ocrx_word' id='word_1_273' title='bbox 1871 1810 2048 1866; x_wconf 89' lang='lat' dir='ltr'><strong>tiones</strong></span> <span class='ocrx_word' id='word_1_274' title='bbox 2083 1812 2442 1883; x_wconf 75' lang='lat' dir='ltr'><strong>justorum&quot;.</strong></span> <span class='ocrx_word' id='word_1_275' title='bbox 2480 1835 2498 1869; x_wconf 75' lang='grc' dir='ltr'><strong>ι</strong></span> <span class='ocrx_word' id='word_1_276' title='bbox 2553 1816 2610 1872; x_wconf 90' lang='lat' dir='ltr'><strong>Si</strong></span> <span class='ocrx_word' id='word_1_277' title='bbox 2653 1817 2802 1874; x_wconf 90' lang='lat' dir='ltr'><strong>salus</strong></span> <span class='ocrx_word' id='word_1_278' title='bbox 2848 1829 2954 1885; x_wconf 89' lang='lat' dir='ltr'><strong>est,</strong></span> <span class='ocrx_word' id='word_1_279' title='bbox 3004 1836 3112 1876; x_wconf 90' lang='lat' dir='ltr'><strong>non</strong></span> <span class='ocrx_word' id='word_1_280' title='bbox 3162 1833 3346 1879; x_wconf 90' lang='lat' dir='ltr'><strong>autem</strong></span> <span class='ocrx_word' id='word_1_281' title='bbox 3389 1826 3442 1880; x_wconf 90' lang='lat' dir='ltr'><strong>in</strong></span> 
     </span>
    </p>
   </div>
   <div class='ocr_carea' id='block_1_38' title="bbox 175 1894 1763 1977">
    <p class='ocr_par' dir='ltr' id='par_1_38' title="bbox 175 1894 1763 1972">
     <span class='ocr_line' id='line_1_38' title="bbox 175 1894 1763 1972; baseline 0.004 -25"><span class='ocrx_word' id='word_1_282' title='bbox 175 1894 415 1966; x_wconf 77' lang='grc' dir='ltr'>ἐλαφρὸν</span> <span class='ocrx_word' id='word_1_283' title='bbox 437 1897 534 1967; x_wconf 82' lang='grc' dir='ltr'>τῆς</span> <span class='ocrx_word' id='word_1_284' title='bbox 565 1897 794 1967; x_wconf 77' lang='grc' dir='ltr'>θλίψεως</span> <span class='ocrx_word' id='word_1_285' title='bbox 815 1899 934 1952; x_wconf 83' lang='grc' dir='ltr'>καθ’</span> <span class='ocrx_word' id='word_1_286' title='bbox 966 1899 1325 1972; x_wconf 81' lang='grc' dir='ltr'>ὑπερϐολήν·›</span> <span class='ocrx_word' id='word_1_287' title='bbox 1361 1900 1442 1953; x_wconf 91' lang='grc' dir='ltr'><strong>διὸ</strong></span> <span class='ocrx_word' id='word_1_288' title='bbox 1472 1901 1566 1953; x_wconf 78' lang='grc' dir='ltr'>καὶ</span> <span class='ocrx_word' id='word_1_289' title='bbox 1592 1918 1609 1949; x_wconf 80' lang='grc' dir='ltr'><strong>ι</strong></span> <span class='ocrx_word' id='word_1_290' title='bbox 1641 1899 1763 1952; x_wconf 88' lang='grc' dir='ltr'>πολ-</span> 
     </span>
    </p>
   </div>
   <div class='ocr_carea' id='block_1_39' title="bbox 1866 1894 3014 1977">
    <p class='ocr_par' dir='ltr' id='par_1_39' title="bbox 1870 1900 3014 1977">
     <span class='ocr_line' id='line_1_39' title="bbox 1870 1900 3014 1977; baseline 0.009 -23"><span class='ocrx_word' id='word_1_291' title='bbox 1870 1900 2000 1965; x_wconf 88' lang='lat' dir='ltr'><strong>Deo,</strong></span> <span class='ocrx_word' id='word_1_292' title='bbox 2031 1905 2226 1960; x_wconf 88' lang='lat' dir='ltr'><strong>merito</strong></span> <span class='ocrx_word' id='word_1_293' title='bbox 2254 1907 2475 1962; x_wconf 82' lang='lat' dir='ltr'><strong>additur</strong></span> <span class='ocrx_word' id='word_1_294' title='bbox 2495 1908 2650 1977; x_wconf 90' lang='lat' dir='ltr'><strong>illud,</strong></span> <span class='ocrx_word' id='word_1_295' title='bbox 2681 1927 2700 1960; x_wconf 78' lang='grc' dir='ltr'><strong>ι</strong></span> <span class='ocrx_word' id='word_1_296' title='bbox 2737 1910 2789 1964; x_wconf 91' lang='lat' dir='ltr'><strong>in</strong></span> <span class='ocrx_word' id='word_1_297' title='bbox 2820 1910 2951 1967; x_wconf 90' lang='lat' dir='ltr'><strong>Deo.</strong></span> <span class='ocrx_word' id='word_1_298' title='bbox 2994 1931 3014 1964; x_wconf 79' lang='grc' dir='ltr'><strong>ι</strong></span> 
     </span>
    </p>
   </div>
   <div class='ocr_carea' id='block_1_40' title="bbox 177 1985 3446 2082">
    <p class='ocr_par' dir='ltr' id='par_1_40' title="bbox 177 1985 3446 2082">
     <span class='ocr_line' id='line_1_40' title="bbox 177 1985 3446 2082; baseline 0.008 -44"><span class='ocrx_word' id='word_1_299' title='bbox 177 1985 359 2082; x_wconf 51' lang='grc' dir='ltr'>λαὶ-αἱ</span> <span class='ocrx_word' id='word_1_300' title='bbox 393 1987 602 2058; x_wconf 77' lang='grc' dir='ltr'>θλίψεις</span> <span class='ocrx_word' id='word_1_301' title='bbox 630 1989 738 2043; x_wconf 89' lang='grc' dir='ltr'><strong>τῶν</strong></span> <span class='ocrx_word' id='word_1_302' title='bbox 770 1989 1012 2045; x_wconf 88' lang='grc' dir='ltr'>δικαίων.</span> <span class='ocrx_word' id='word_1_303' title='bbox 1047 2010 1066 2044; x_wconf 78' lang='grc' dir='ltr'><strong>ι</strong></span> <span class='ocrx_word' id='word_1_304' title='bbox 1106 1993 1170 2045; x_wconf 89' lang='grc' dir='ltr'>Εἰ</span> <span class='ocrx_word' id='word_1_305' title='bbox 1205 1990 1322 2045; x_wconf 83' lang='grc' dir='ltr'>ἔστι</span> <span class='ocrx_word' id='word_1_306' title='bbox 1370 1991 1614 2062; x_wconf 81' lang='grc' dir='ltr'>σωτηρία</span> <span class='ocrx_word' id='word_1_307' title='bbox 1649 1991 1768 2063; x_wconf 85' lang='grc' dir='ltr'>μὲν,</span> <span class='ocrx_word' id='word_1_308' title='bbox 1823 1993 1922 2047; x_wconf 79' lang='grc' dir='ltr'><strong>οὐκ</strong></span> <span class='ocrx_word' id='word_1_309' title='bbox 1959 1995 2019 2049; x_wconf 87' lang='grc' dir='ltr'>ὲν</span> <span class='ocrx_word' id='word_1_310' title='bbox 2069 1996 2150 2068; x_wconf 84' lang='grc' dir='ltr'>τῷ</span> <span class='ocrx_word' id='word_1_311' title='bbox 2185 1998 2304 2071; x_wconf 84' lang='grc' dir='ltr'>Θεῷ</span> <span class='ocrx_word' id='word_1_312' title='bbox 2336 2000 2417 2066; x_wconf 88' lang='grc' dir='ltr'><strong>δὲ,</strong></span> <span class='ocrx_word' id='word_1_313' title='bbox 2453 2001 2676 2066; x_wconf 86' lang='grc' dir='ltr'>δικαίως</span> <span class='ocrx_word' id='word_1_314' title='bbox 2712 2003 3030 2075; x_wconf 85' lang='grc' dir='ltr'>πρόσκειται</span> <span class='ocrx_word' id='word_1_315' title='bbox 3076 2007 3155 2072; x_wconf 88' lang='grc' dir='ltr'><strong>τὸ,</strong></span> <span class='ocrx_word' id='word_1_316' title='bbox 3196 2026 3216 2060; x_wconf 75' lang='grc' dir='ltr'><strong>ι</strong></span> <span class='ocrx_word' id='word_1_317' title='bbox 3260 2009 3320 2064; x_wconf 84' lang='grc' dir='ltr'>ὲν</span> <span class='ocrx_word' id='word_1_318' title='bbox 3364 2009 3446 2082; x_wconf 80' lang='grc' dir='ltr'>τῷ</span> 
     </span>
    </p>
   </div>
   <div class='ocr_carea' id='block_1_41' title="bbox 177 2075 386 2147">
    <p class='ocr_par' dir='ltr' id='par_1_41' title="bbox 177 2075 386 2147">
     <span class='ocr_line' id='line_1_41' title="bbox 177 2075 386 2147; baseline -0.014 -18"><span class='ocrx_word' id='word_1_319' title='bbox 177 2075 320 2147; x_wconf 81' lang='grc' dir='ltr'>Θεῷ.</span> <span class='ocrx_word' id='word_1_320' title='bbox 367 2094 386 2126; x_wconf 73' lang='grc' dir='ltr'><strong><em>ι</em></strong></span> 
     </span>
    </p>
   </div>
   <div class='ocr_carea' id='block_1_42' title="bbox 251 2169 1762 2245">
    <p class='ocr_par' dir='ltr' id='par_1_42' title="bbox 251 2169 1762 2245">
     <span class='ocr_line' id='line_1_42' title="bbox 251 2169 1762 2245; baseline 0.003 -21"><span class='ocrx_word' id='word_1_321' title='bbox 251 2170 336 2224; x_wconf 87' lang='grc' dir='ltr'><strong>Σὺ</strong></span> <span class='ocrx_word' id='word_1_322' title='bbox 370 2169 458 2235; x_wconf 84' lang='grc' dir='ltr'>δὲ,</span> <span class='ocrx_word' id='word_1_323' title='bbox 492 2171 686 2240; x_wconf 77' lang='grc' dir='ltr'>Κύριε,</span> <span class='ocrx_word' id='word_1_324' title='bbox 715 2172 1090 2243; x_wconf 76' lang='grc' dir='ltr'>ἀντιλήπτωρ</span> <span class='ocrx_word' id='word_1_325' title='bbox 1106 2193 1226 2244; x_wconf 84' lang='grc' dir='ltr'><strong>μου</strong></span> <span class='ocrx_word' id='word_1_326' title='bbox 1254 2171 1327 2241; x_wconf 80' lang='grc' dir='ltr'>εἷ,</span> <span class='ocrx_word' id='word_1_327' title='bbox 1356 2173 1508 2240; x_wconf 79' lang='grc' dir='ltr'>δόξα</span> <span class='ocrx_word' id='word_1_328' title='bbox 1527 2192 1647 2245; x_wconf 85' lang='grc' dir='ltr'><strong>μου</strong></span> <span class='ocrx_word' id='word_1_329' title='bbox 1663 2174 1762 2229; x_wconf 77' lang='grc' dir='ltr'>καὶ</span> 
     </span>
    </p>
   </div>
   <div class='ocr_carea' id='block_1_43' title="bbox 176 2259 1763 2336">
    <p class='ocr_par' dir='ltr' id='par_1_43' title="bbox 176 2259 1763 2336">
     <span class='ocr_line' id='line_1_43' title="bbox 176 2259 1763 2336; baseline 0.001 -20"><span class='ocrx_word' id='word_1_330' title='bbox 176 2259 357 2330; x_wconf 68' lang='grc' dir='ltr'>ὑψῶν</span> <span class='ocrx_word' id='word_1_331' title='bbox 381 2261 496 2330; x_wconf 80' lang='grc' dir='ltr'>τὴν</span> <span class='ocrx_word' id='word_1_332' title='bbox 529 2263 801 2332; x_wconf 68' lang='grc' dir='ltr'>κεφαλήν</span> <span class='ocrx_word' id='word_1_333' title='bbox 827 2281 968 2333; x_wconf 82' lang='grc' dir='ltr'>μου,</span> <span class='ocrx_word' id='word_1_334' title='bbox 1003 2281 1060 2318; x_wconf 89' lang='grc' dir='ltr'><strong>κ.</strong></span> <span class='ocrx_word' id='word_1_335' title='bbox 1090 2281 1140 2317; x_wconf 89' lang='grc' dir='ltr'>τ.</span> <span class='ocrx_word' id='word_1_336' title='bbox 1178 2265 1224 2318; x_wconf 82' lang='grc' dir='ltr'><strong>ἐ.</strong></span> <span class='ocrx_word' id='word_1_337' title='bbox 1265 2264 1390 2320; x_wconf 89' lang='grc' dir='ltr'><strong>Ἐὰν</strong></span> <span class='ocrx_word' id='word_1_338' title='bbox 1419 2266 1516 2336; x_wconf 86' lang='grc' dir='ltr'><strong>μὲν</strong></span> <span class='ocrx_word' id='word_1_339' title='bbox 1543 2265 1571 2317; x_wconf 92' lang='lat'><strong>6</strong></span> <span class='ocrx_word' id='word_1_340' title='bbox 1597 2263 1763 2318; x_wconf 87' lang='grc' dir='ltr'>Δαυῒδ</span> 
     </span>
    </p>
   </div>
   <div class='ocr_carea' id='block_1_44' title="bbox 177 2352 1758 2430">
    <p class='ocr_par' dir='ltr' id='par_1_44' title="bbox 177 2352 1758 2430">
     <span class='ocr_line' id='line_1_44' title="bbox 177 2352 1758 2430; baseline 0.003 -24"><span class='ocrx_word' id='word_1_341' title='bbox 177 2352 316 2426; x_wconf 77' lang='grc' dir='ltr'>λέγῃ</span> <span class='ocrx_word' id='word_1_342' title='bbox 329 2354 460 2427; x_wconf 73' lang='grc'><strong>(84),</strong></span> <span class='ocrx_word' id='word_1_343' title='bbox 481 2356 764 2427; x_wconf 74' lang='grc' dir='ltr'>πρέπουσα</span> <span class='ocrx_word' id='word_1_344' title='bbox 788 2360 852 2428; x_wconf 81' lang='grc' dir='ltr'>τῇ</span> <span class='ocrx_word' id='word_1_345' title='bbox 881 2357 1060 2410; x_wconf 83' lang='grc' dir='ltr'>πίστει</span> <span class='ocrx_word' id='word_1_346' title='bbox 1088 2358 1182 2411; x_wconf 88' lang='grc' dir='ltr'><strong>τοῦ</strong></span> <span class='ocrx_word' id='word_1_347' title='bbox 1206 2359 1491 2430; x_wconf 80' lang='grc' dir='ltr'>Προφήτου</span> <span class='ocrx_word' id='word_1_348' title='bbox 1519 2361 1552 2430; x_wconf 86' lang='grc' dir='ltr'><strong>ή</strong></span> <span class='ocrx_word' id='word_1_349' title='bbox 1585 2356 1758 2429; x_wconf 74' lang='grc' dir='ltr'>φωνὴ,</span> 
     </span>
    </p>
   </div>
   <div class='ocr_carea' id='block_1_45' title="bbox 179 2447 1760 2523">
    <p class='ocr_par' dir='ltr' id='par_1_45' title="bbox 179 2447 1760 2523">
     <span class='ocr_line' id='line_1_45' title="bbox 179 2447 1760 2523; baseline 0.003 -24"><span class='ocrx_word' id='word_1_350' title='bbox 179 2448 446 2511; x_wconf 83' lang='grc' dir='ltr'>ἀσείστως</span> <span class='ocrx_word' id='word_1_351' title='bbox 478 2447 731 2520; x_wconf 80' lang='grc' dir='ltr'>φέροντος</span> <span class='ocrx_word' id='word_1_352' title='bbox 763 2449 861 2514; x_wconf 84' lang='grc' dir='ltr'><strong>τὰς</strong></span> <span class='ocrx_word' id='word_1_353' title='bbox 890 2449 1222 2522; x_wconf 84' lang='grc' dir='ltr'>τηλικαύτας</span> <span class='ocrx_word' id='word_1_354' title='bbox 1247 2452 1616 2523; x_wconf 86' lang='grc' dir='ltr'>περιστάσεις,</span> <span class='ocrx_word' id='word_1_355' title='bbox 1666 2452 1760 2504; x_wconf 86' lang='grc' dir='ltr'><strong>καὶ</strong></span> 
     </span>
    </p>
   </div>
   <div class='ocr_carea' id='block_1_46' title="bbox 179 2537 1760 2615">
    <p class='ocr_par' dir='ltr' id='par_1_46' title="bbox 179 2537 1760 2615">
     <span class='ocr_line' id='line_1_46' title="bbox 179 2537 1760 2615; baseline 0.003 -25"><span class='ocrx_word' id='word_1_356' title='bbox 179 2537 524 2603; x_wconf 84' lang='grc' dir='ltr'>πεποιθότος,</span> <span class='ocrx_word' id='word_1_357' title='bbox 565 2541 645 2593; x_wconf 88' lang='grc' dir='ltr'>ὃτι</span> <span class='ocrx_word' id='word_1_358' title='bbox 689 2540 788 2594; x_wconf 77' lang='grc' dir='ltr'><strong>οὐκ</strong></span> <span class='ocrx_word' id='word_1_359' title='bbox 835 2542 1413 2615; x_wconf 82' lang='grc' dir='ltr'>ὲγκαταλειφθήσεται,</span> <span class='ocrx_word' id='word_1_360' title='bbox 1451 2543 1588 2597; x_wconf 78' lang='grc' dir='ltr'>ἀλλὰ</span> <span class='ocrx_word' id='word_1_361' title='bbox 1622 2542 1760 2613; x_wconf 89' lang='grc' dir='ltr'>πρὸς</span> 
     </span>
    </p>
   </div>
   <div class='ocr_carea' id='block_1_47' title="bbox 177 2627 1762 2703">
    <p class='ocr_par' dir='ltr' id='par_1_47' title="bbox 177 2627 1762 2703">
     <span class='ocr_line' id='line_1_47' title="bbox 177 2627 1762 2703; baseline 0.002 -23"><span class='ocrx_word' id='word_1_362' title='bbox 177 2628 264 2698; x_wconf 84' lang='grc' dir='ltr'><strong>τῷ</strong></span> <span class='ocrx_word' id='word_1_363' title='bbox 290 2627 598 2700; x_wconf 82' lang='grc' dir='ltr'>βοηθεῖσθαι</span> <span class='ocrx_word' id='word_1_364' title='bbox 631 2630 723 2682; x_wconf 75' lang='grc' dir='ltr'>καὶ</span> <span class='ocrx_word' id='word_1_365' title='bbox 754 2632 810 2684; x_wconf 84' lang='grc' dir='ltr'>ὲν</span> <span class='ocrx_word' id='word_1_366' title='bbox 839 2630 957 2700; x_wconf 83' lang='grc' dir='ltr'><strong>Θεῷ</strong></span> <span class='ocrx_word' id='word_1_367' title='bbox 984 2630 1376 2703; x_wconf 80' lang='grc' dir='ltr'>δοξασθήσεται</span> <span class='ocrx_word' id='word_1_368' title='bbox 1408 2631 1502 2684; x_wconf 81' lang='grc' dir='ltr'><strong>καί</strong></span> <span class='ocrx_word' id='word_1_369' title='bbox 1539 2629 1762 2700; x_wconf 85' lang='grc' dir='ltr'>ὑψωθή-</span> 
     </span>
    </p>
   </div>
   <div class='ocr_carea' id='block_1_48' title="bbox 183 2720 1764 2794">
    <p class='ocr_par' dir='ltr' id='par_1_48' title="bbox 183 2720 1764 2794">
     <span class='ocr_line' id='line_1_48' title="bbox 183 2720 1764 2794; baseline 0.001 -21"><span class='ocrx_word' id='word_1_370' title='bbox 183 2737 340 2774; x_wconf 85' lang='grc' dir='ltr'>σεται</span> <span class='ocrx_word' id='word_1_371' title='bbox 381 2720 884 2793; x_wconf 82' lang='grc' dir='ltr'>ἀποκαθιστάμενος</span> <span class='ocrx_word' id='word_1_372' title='bbox 921 2725 1000 2786; x_wconf 88' lang='grc' dir='ltr'><strong>εἰς</strong></span> <span class='ocrx_word' id='word_1_373' title='bbox 1035 2723 1133 2794; x_wconf 83' lang='grc' dir='ltr'>τὴν</span> <span class='ocrx_word' id='word_1_374' title='bbox 1180 2723 1476 2794; x_wconf 81' lang='grc' dir='ltr'>βασιλείαν·</span> <span class='ocrx_word' id='word_1_375' title='bbox 1517 2724 1610 2776; x_wconf 79' lang='grc' dir='ltr'><strong>ἐὰν</strong></span> <span class='ocrx_word' id='word_1_376' title='bbox 1638 2722 1696 2776; x_wconf 87' lang='grc' dir='ltr'><strong>δὲ</strong></span> <span class='ocrx_word' id='word_1_377' title='bbox 1735 2723 1764 2775; x_wconf 91' lang='lat'><strong>6</strong></span> 
     </span>
    </p>
   </div>
   <div class='ocr_carea' id='block_1_49' title="bbox 180 2813 1764 2890">
    <p class='ocr_par' dir='ltr' id='par_1_49' title="bbox 180 2813 1764 2890">
     <span class='ocr_line' id='line_1_49' title="bbox 180 2813 1764 2890; baseline 0.004 -25"><span class='ocrx_word' id='word_1_378' title='bbox 180 2813 418 2885; x_wconf 80' lang='grc' dir='ltr'>Χριστὸς</span> <span class='ocrx_word' id='word_1_379' title='bbox 467 2815 495 2867; x_wconf 94' lang='lat'><strong>6</strong></span> <span class='ocrx_word' id='word_1_380' title='bbox 535 2814 705 2884; x_wconf 82' lang='grc' dir='ltr'>λέγων</span> <span class='ocrx_word' id='word_1_381' title='bbox 736 2817 1092 2890; x_wconf 80' lang='grc' dir='ltr'>τυγχάνῃ.....</span> <span class='ocrx_word' id='word_1_382' title='bbox 1133 2819 1424 2873; x_wconf 86' lang='grc' dir='ltr'>πεπεῖσθαι</span> <span class='ocrx_word' id='word_1_383' title='bbox 1452 2817 1626 2882; x_wconf 76' lang='grc' dir='ltr'>οὕτως</span> <span class='ocrx_word' id='word_1_384' title='bbox 1669 2819 1764 2872; x_wconf 77' lang='grc' dir='ltr'>καὶ</span> 
     </span>
    </p>
   </div>
   <div class='ocr_carea' id='block_1_50' title="bbox 181 2904 1765 2982">
    <p class='ocr_par' dir='ltr' id='par_1_50' title="bbox 181 2904 1765 2982">
     <span class='ocr_line' id='line_1_50' title="bbox 181 2904 1765 2982; baseline 0.004 -27"><span class='ocrx_word' id='word_1_385' title='bbox 181 2904 313 2975; x_wconf 74' lang='grc' dir='ltr'>περὶ</span> <span class='ocrx_word' id='word_1_386' title='bbox 349 2904 441 2958; x_wconf 91' lang='grc' dir='ltr'><strong>τοῦ</strong></span> <span class='ocrx_word' id='word_1_387' title='bbox 487 2907 886 2978; x_wconf 84' lang='grc' dir='ltr'>ἀναστήσεσθαι</span> <span class='ocrx_word' id='word_1_388' title='bbox 930 2909 1022 2960; x_wconf 72' lang='grc' dir='ltr'><strong>καὶ</strong></span> <span class='ocrx_word' id='word_1_389' title='bbox 1064 2909 1224 2964; x_wconf 83' lang='grc' dir='ltr'>πάλιν</span> <span class='ocrx_word' id='word_1_390' title='bbox 1257 2911 1330 2973; x_wconf 83' lang='grc' dir='ltr'>ὡς</span> <span class='ocrx_word' id='word_1_391' title='bbox 1367 2910 1492 2982; x_wconf 83' lang='grc' dir='ltr'><strong>περὶ</strong></span> <span class='ocrx_word' id='word_1_392' title='bbox 1521 2909 1615 2964; x_wconf 87' lang='grc' dir='ltr'><strong>τοῦ</strong></span> <span class='ocrx_word' id='word_1_393' title='bbox 1646 2911 1765 2962; x_wconf 80' lang='grc' dir='ltr'>ἐπι-</span> 
     </span>
    </p>
   </div>
   <div class='ocr_carea' id='block_1_51' title="bbox 1946 2173 3442 2252">
    <p class='ocr_par' dir='ltr' id='par_1_51' title="bbox 1946 2173 3442 2252">
     <span class='ocr_line' id='line_1_51' title="bbox 1946 2173 3442 2252; baseline 0.009 -24"><span class='ocrx_word' id='word_1_394' title='bbox 1946 2181 2105 2230; x_wconf 75' lang='grc' dir='ltr'>νειιε.</span> <span class='ocrx_word' id='word_1_395' title='bbox 2149 2174 2205 2230; x_wconf 72' lang='grc'>4.</span> <span class='ocrx_word' id='word_1_396' title='bbox 2251 2173 2328 2228; x_wconf 83' lang='lat' dir='ltr'><strong>Tu</strong></span> <span class='ocrx_word' id='word_1_397' title='bbox 2365 2189 2564 2248; x_wconf 80' lang='lat' dir='ltr'><strong>autem,</strong></span> <span class='ocrx_word' id='word_1_398' title='bbox 2601 2177 2844 2244; x_wconf 79' lang='lat' dir='ltr'><strong>Domine,</strong></span> <span class='ocrx_word' id='word_1_399' title='bbox 2871 2191 3145 2249; x_wconf 72' lang='lat' dir='ltr'><strong>susceptor</strong></span> <span class='ocrx_word' id='word_1_400' title='bbox 3180 2199 3326 2240; x_wconf 81' lang='lat' dir='ltr'><strong>meus</strong></span> <span class='ocrx_word' id='word_1_401' title='bbox 3361 2203 3442 2252; x_wconf 87' lang='lat' dir='ltr'><strong>es,</strong></span> 
     </span>
    </p>
   </div>
   <div class='ocr_carea' id='block_1_52' title="bbox 1867 2263 3442 2336">
    <p class='ocr_par' dir='ltr' id='par_1_52' title="bbox 1867 2263 3442 2336">
     <span class='ocr_line' id='line_1_52' title="bbox 1867 2263 3442 2336; baseline 0.009 -19"><span class='ocrx_word' id='word_1_402' title='bbox 1867 2263 2037 2336; x_wconf 81' lang='lat' dir='ltr'><strong>gloria</strong></span> <span class='ocrx_word' id='word_1_403' title='bbox 2061 2281 2176 2320; x_wconf 81' lang='lat' dir='ltr'><strong>mea</strong></span> <span class='ocrx_word' id='word_1_404' title='bbox 2211 2275 2263 2320; x_wconf 83' lang='lat' dir='ltr'><strong>et</strong></span> <span class='ocrx_word' id='word_1_405' title='bbox 2306 2267 2548 2321; x_wconf 72' lang='lat' dir='ltr'><strong>exultans</strong></span> <span class='ocrx_word' id='word_1_406' title='bbox 2576 2280 2732 2336; x_wconf 84' lang='lat' dir='ltr'><strong>caput</strong></span> <span class='ocrx_word' id='word_1_407' title='bbox 2773 2287 2967 2336; x_wconf 85' lang='lat' dir='ltr'><strong>meum,</strong></span> <span class='ocrx_word' id='word_1_408' title='bbox 3013 2282 3118 2326; x_wconf 89' lang='lat' dir='ltr'><strong>etc.</strong></span> <span class='ocrx_word' id='word_1_409' title='bbox 3170 2273 3227 2328; x_wconf 91' lang='lat' dir='ltr'><strong>Si</strong></span> <span class='ocrx_word' id='word_1_410' title='bbox 3269 2275 3442 2332; x_wconf 82' lang='lat' dir='ltr'><strong>David</strong></span> 
     </span>
    </p>
   </div>
   <div class='ocr_carea' id='block_1_53' title="bbox 1869 2355 3442 2434">
    <p class='ocr_par' dir='ltr' id='par_1_53' title="bbox 1869 2355 3442 2434">
     <span class='ocr_line' id='line_1_53' title="bbox 1869 2355 3442 2434; baseline 0.006 -23"><span class='ocrx_word' id='word_1_411' title='bbox 1869 2356 1960 2411; x_wconf 89' lang='lat' dir='ltr'><strong>hic</strong></span> <span class='ocrx_word' id='word_1_412' title='bbox 1987 2355 2250 2424; x_wconf 89' lang='lat' dir='ltr'><strong>loquitur,</strong></span> <span class='ocrx_word' id='word_1_413' title='bbox 2301 2366 2667 2412; x_wconf 88' lang='lat' dir='ltr'><strong>consentanea</strong></span> <span class='ocrx_word' id='word_1_414' title='bbox 2705 2368 2793 2413; x_wconf 87' lang='lat' dir='ltr'><strong>est</strong></span> <span class='ocrx_word' id='word_1_415' title='bbox 2834 2374 2941 2415; x_wconf 77' lang='lat' dir='ltr'><strong>vox</strong></span> <span class='ocrx_word' id='word_1_416' title='bbox 2975 2361 3258 2434; x_wconf 66' lang='lat' dir='ltr'><strong>Propheta:</strong></span> <span class='ocrx_word' id='word_1_417' title='bbox 3289 2365 3442 2432; x_wconf 86' lang='lat' dir='ltr'><strong>ﬁdei,</strong></span> 
     </span>
    </p>
   </div>
   <div class='ocr_carea' id='block_1_54' title="bbox 1865 2449 3443 2520">
    <p class='ocr_par' dir='ltr' id='par_1_54' title="bbox 1865 2449 3443 2520">
     <span class='ocr_line' id='line_1_54' title="bbox 1865 2449 3443 2520; baseline 0.008 -19"><span class='ocrx_word' id='word_1_418' title='bbox 1865 2449 2096 2504; x_wconf 86' lang='lat' dir='ltr'><strong>viriliter</strong></span> <span class='ocrx_word' id='word_1_419' title='bbox 2126 2458 2206 2503; x_wconf 91' lang='lat' dir='ltr'><strong>tot</strong></span> <span class='ocrx_word' id='word_1_420' title='bbox 2233 2449 2612 2505; x_wconf 88' lang='lat' dir='ltr'><strong>tribulationes</strong></span> <span class='ocrx_word' id='word_1_421' title='bbox 2638 2449 2984 2520; x_wconf 78' lang='lat' dir='ltr'><strong>perferentis,</strong></span> <span class='ocrx_word' id='word_1_422' title='bbox 3016 2464 3071 2508; x_wconf 91' lang='lat' dir='ltr'><strong>et</strong></span> <span class='ocrx_word' id='word_1_423' title='bbox 3114 2471 3175 2510; x_wconf 89' lang='lat' dir='ltr'><strong>se</strong></span> <span class='ocrx_word' id='word_1_424' title='bbox 3210 2473 3316 2511; x_wconf 91' lang='lat' dir='ltr'><strong>non</strong></span> <span class='ocrx_word' id='word_1_425' title='bbox 3346 2457 3443 2513; x_wconf 82' lang='lat' dir='ltr'><strong>de-</strong></span> 
     </span>
    </p>
   </div>
   <div class='ocr_carea' id='block_1_55' title="bbox 1867 2542 3436 2616">
    <p class='ocr_par' dir='ltr' id='par_1_55' title="bbox 1867 2542 3436 2616">
     <span class='ocr_line' id='line_1_55' title="bbox 1867 2542 3436 2616; baseline 0.004 -19"><span class='ocrx_word' id='word_1_426' title='bbox 1867 2542 2116 2597; x_wconf 89' lang='lat' dir='ltr'><strong>relictum</strong></span> <span class='ocrx_word' id='word_1_427' title='bbox 2143 2543 2232 2609; x_wconf 93' lang='lat' dir='ltr'><strong>iri,</strong></span> <span class='ocrx_word' id='word_1_428' title='bbox 2253 2544 2346 2599; x_wconf 87' lang='lat' dir='ltr'><strong>sed</strong></span> <span class='ocrx_word' id='word_1_429' title='bbox 2369 2550 2568 2612; x_wconf 68' lang='lat' dir='ltr'><strong>praeter</strong></span> <span class='ocrx_word' id='word_1_430' title='bbox 2595 2545 2856 2600; x_wconf 84' lang='lat' dir='ltr'><strong>auxilium</strong></span> <span class='ocrx_word' id='word_1_431' title='bbox 2882 2547 3025 2616; x_wconf 88' lang='lat' dir='ltr'><strong>quod</strong></span> <span class='ocrx_word' id='word_1_432' title='bbox 3045 2557 3251 2616; x_wconf 87' lang='lat' dir='ltr'><strong>sperat,</strong></span> <span class='ocrx_word' id='word_1_433' title='bbox 3270 2551 3436 2604; x_wconf 89' lang='lat' dir='ltr'><strong>etiam</strong></span> 
     </span>
    </p>
   </div>
   <div class='ocr_carea' id='block_1_56' title="bbox 1863 2632 3436 2709">
    <p class='ocr_par' dir='ltr' id='par_1_56' title="bbox 1863 2632 3436 2709">
     <span class='ocr_line' id='line_1_56' title="bbox 1863 2632 3436 2709; baseline 0.004 -21"><span class='ocrx_word' id='word_1_434' title='bbox 1863 2633 2072 2703; x_wconf 78' lang='lat' dir='ltr'><strong>ingenti</strong></span> <span class='ocrx_word' id='word_1_435' title='bbox 2105 2633 2158 2687; x_wconf 90' lang='lat' dir='ltr'><strong>in</strong></span> <span class='ocrx_word' id='word_1_436' title='bbox 2189 2632 2305 2689; x_wconf 91' lang='lat' dir='ltr'><strong>Deo</strong></span> <span class='ocrx_word' id='word_1_437' title='bbox 2342 2632 2519 2705; x_wconf 90' lang='lat' dir='ltr'><strong>gloria</strong></span> <span class='ocrx_word' id='word_1_438' title='bbox 2547 2647 2871 2704; x_wconf 84' lang='lat' dir='ltr'><strong>summoque</strong></span> <span class='ocrx_word' id='word_1_439' title='bbox 2897 2637 3104 2692; x_wconf 91' lang='lat' dir='ltr'><strong>honore</strong></span> <span class='ocrx_word' id='word_1_440' title='bbox 3126 2638 3179 2692; x_wconf 92' lang='lat' dir='ltr'><strong>in</strong></span> <span class='ocrx_word' id='word_1_441' title='bbox 3211 2654 3436 2709; x_wconf 89' lang='lat' dir='ltr'><strong>regnum</strong></span> 
     </span>
    </p>
   </div>
   <div class='ocr_carea' id='block_1_57' title="bbox 1862 2723 3463 2786">
    <p class='ocr_par' dir='ltr' id='par_1_57' title="bbox 1862 2723 3463 2786">
     <span class='ocr_line' id='line_1_57' title="bbox 1862 2723 3463 2786; baseline 0.005 -8"><span class='ocrx_word' id='word_1_442' title='bbox 1862 2726 2175 2780; x_wconf 88' lang='lat' dir='ltr'><strong>restitutum</strong></span> <span class='ocrx_word' id='word_1_443' title='bbox 2219 2725 2287 2779; x_wconf 92' lang='lat' dir='ltr'><strong>iri</strong></span> <span class='ocrx_word' id='word_1_444' title='bbox 2326 2723 2684 2779; x_wconf 89' lang='lat' dir='ltr'><strong>conﬁdentis.</strong></span> <span class='ocrx_word' id='word_1_445' title='bbox 2737 2725 2793 2781; x_wconf 85' lang='lat' dir='ltr'><strong>Si</strong></span> <span class='ocrx_word' id='word_1_446' title='bbox 2846 2735 3028 2782; x_wconf 87' lang='lat' dir='ltr'><strong>autem</strong></span> <span class='ocrx_word' id='word_1_447' title='bbox 3063 2729 3315 2784; x_wconf 82' lang='lat' dir='ltr'><strong>Christus</strong></span> <span class='ocrx_word' id='word_1_448' title='bbox 3357 2731 3463 2786; x_wconf 88' lang='lat'><strong>10--</strong></span> 
     </span>
    </p>
   </div>
   <div class='ocr_carea' id='block_1_58' title="bbox 1861 2815 3435 2886">
    <p class='ocr_par' dir='ltr' id='par_1_58' title="bbox 1861 2815 3435 2886">
     <span class='ocr_line' id='line_1_58' title="bbox 1861 2815 3435 2886; baseline 0.006 -18"><span class='ocrx_word' id='word_1_449' title='bbox 1861 2815 2069 2884; x_wconf 87' lang='lat' dir='ltr'><strong>quitur,</strong></span> <span class='ocrx_word' id='word_1_450' title='bbox 2121 2816 2234 2870; x_wconf 70' lang='lat' dir='ltr'><strong>hmc</strong></span> <span class='ocrx_word' id='word_1_451' title='bbox 2281 2816 2416 2871; x_wconf 92' lang='lat' dir='ltr'><strong>dicit</strong></span> <span class='ocrx_word' id='word_1_452' title='bbox 2447 2824 2638 2884; x_wconf 91' lang='lat' dir='ltr'><strong>utpote</strong></span> <span class='ocrx_word' id='word_1_453' title='bbox 2671 2817 2762 2886; x_wconf 89' lang='lat' dir='ltr'><strong>qui</strong></span> <span class='ocrx_word' id='word_1_454' title='bbox 2793 2818 3033 2874; x_wconf 90' lang='lat' dir='ltr'><strong>conﬁdat</strong></span> <span class='ocrx_word' id='word_1_455' title='bbox 3076 2834 3137 2875; x_wconf 89' lang='lat' dir='ltr'><strong>se</strong></span> <span class='ocrx_word' id='word_1_456' title='bbox 3178 2822 3435 2879; x_wconf 86' lang='lat' dir='ltr'><strong>omnibus</strong></span> 
     </span>
    </p>
   </div>
   <div class='ocr_carea' id='block_1_59' title="bbox 1861 2907 3434 2980">
    <p class='ocr_par' dir='ltr' id='par_1_59' title="bbox 1861 2907 3434 2980">
     <span class='ocr_line' id='line_1_59' title="bbox 1861 2907 3434 2980; baseline 0.004 -19"><span class='ocrx_word' id='word_1_457' title='bbox 1861 2907 2242 2962; x_wconf 89' lang='lat' dir='ltr'><strong>insidiatorum</strong></span> <span class='ocrx_word' id='word_1_458' title='bbox 2268 2909 2514 2964; x_wconf 88' lang='lat' dir='ltr'><strong>consiliis</strong></span> <span class='ocrx_word' id='word_1_459' title='bbox 2529 2910 2806 2980; x_wconf 87' lang='lat' dir='ltr'><strong>dissipatis</strong></span> <span class='ocrx_word' id='word_1_460' title='bbox 2836 2911 2888 2966; x_wconf 91' lang='lat' dir='ltr'><strong>in</strong></span> <span class='ocrx_word' id='word_1_461' title='bbox 2922 2913 3092 2967; x_wconf 69' lang='lat' dir='ltr'><strong>vitam</strong></span> <span class='ocrx_word' id='word_1_462' title='bbox 3118 2925 3434 2968; x_wconf 85' lang='lat' dir='ltr'><strong>revocatum</strong></span> 
     </span>
    </p>
   </div>
   <div class='ocr_carea' id='block_1_60' title="bbox 180 2996 1763 3077">
    <p class='ocr_par' dir='ltr' id='par_1_60' title="bbox 180 2996 1762 3074">
     <span class='ocr_line' id='line_1_60' title="bbox 180 2996 1762 3074; baseline 0.004 -26"><span class='ocrx_word' id='word_1_463' title='bbox 180 2996 639 3069; x_wconf 78' lang='grc' dir='ltr'>ϐουλευθήσεσθαι</span> <span class='ocrx_word' id='word_1_464' title='bbox 663 3000 766 3056; x_wconf 74' lang='grc' dir='ltr'>ὑπὸ</span> <span class='ocrx_word' id='word_1_465' title='bbox 787 3001 1108 3073; x_wconf 81' lang='grc' dir='ltr'>ἀνθρώπων,</span> <span class='ocrx_word' id='word_1_466' title='bbox 1141 3003 1235 3055; x_wconf 73' lang='grc' dir='ltr'><strong>καὶ</strong></span> <span class='ocrx_word' id='word_1_467' title='bbox 1270 3003 1398 3074; x_wconf 87' lang='grc' dir='ltr'><strong>περί</strong></span> <span class='ocrx_word' id='word_1_468' title='bbox 1427 3002 1520 3056; x_wconf 90' lang='grc' dir='ltr'><strong>τοῦ</strong></span> <span class='ocrx_word' id='word_1_469' title='bbox 1559 3002 1633 3074; x_wconf 82' lang='grc' dir='ltr'>μὴ</span> <span class='ocrx_word' id='word_1_470' title='bbox 1665 3005 1762 3072; x_wconf 81' lang='grc' dir='ltr'><strong>ὲγ-</strong></span> 
     </span>
    </p>
   </div>
   <div class='ocr_carea' id='block_1_61' title="bbox 1866 2996 3444 3077">
    <p class='ocr_par' dir='ltr' id='par_1_61' title="bbox 1867 3002 3444 3077">
     <span class='ocr_line' id='line_1_61' title="bbox 1867 3002 3444 3077; baseline 0.004 -21"><span class='ocrx_word' id='word_1_471' title='bbox 1867 3002 1972 3068; x_wconf 88' lang='lat' dir='ltr'><strong>iri,</strong></span> <span class='ocrx_word' id='word_1_472' title='bbox 2008 3003 2337 3071; x_wconf 85' lang='lat' dir='ltr'><strong>suscipiente</strong></span> <span class='ocrx_word' id='word_1_473' title='bbox 2363 3003 2515 3058; x_wconf 90' lang='lat' dir='ltr'><strong>illum</strong></span> <span class='ocrx_word' id='word_1_474' title='bbox 2543 3002 2726 3070; x_wconf 86' lang='lat' dir='ltr'><strong>Patre,</strong></span> <span class='ocrx_word' id='word_1_475' title='bbox 2759 3012 2814 3060; x_wconf 88' lang='lat' dir='ltr'><strong>et</strong></span> <span class='ocrx_word' id='word_1_476' title='bbox 2846 3005 2898 3058; x_wconf 92' lang='lat' dir='ltr'><strong>in</strong></span> <span class='ocrx_word' id='word_1_477' title='bbox 2932 3005 3226 3074; x_wconf 88' lang='lat' dir='ltr'><strong>pristinum</strong></span> <span class='ocrx_word' id='word_1_478' title='bbox 3255 3006 3444 3077; x_wconf 68' lang='lat' dir='ltr'><strong>gloriae</strong></span> 
     </span>
    </p>
   </div>
   <div class='ocr_carea' id='block_1_62' title="bbox 179 3090 1764 3166">
    <p class='ocr_par' dir='ltr' id='par_1_62' title="bbox 179 3090 1764 3166">
     <span class='ocr_line' id='line_1_62' title="bbox 179 3090 1764 3166; baseline 0.004 -24"><span class='ocrx_word' id='word_1_479' title='bbox 179 3090 732 3162; x_wconf 83' lang='grc' dir='ltr'>καταλειφθήσεσθαι,</span> <span class='ocrx_word' id='word_1_480' title='bbox 768 3093 1191 3165; x_wconf 82' lang='grc' dir='ltr'>ἀντιληψομένου</span> <span class='ocrx_word' id='word_1_481' title='bbox 1229 3095 1390 3148; x_wconf 79' lang='grc' dir='ltr'>αὐτὸν</span> <span class='ocrx_word' id='word_1_482' title='bbox 1421 3095 1516 3148; x_wconf 90' lang='grc' dir='ltr'><strong>τοῦ</strong></span> <span class='ocrx_word' id='word_1_483' title='bbox 1551 3095 1764 3166; x_wconf 84' lang='grc' dir='ltr'>Πατρὸς</span> 
     </span>
    </p>
   </div>
   <div class='ocr_carea' id='block_1_63' title="bbox 179 3183 1758 3259">
    <p class='ocr_par' dir='ltr' id='par_1_63' title="bbox 179 3183 1758 3259">
     <span class='ocr_line' id='line_1_63' title="bbox 179 3183 1758 3259; baseline 0.004 -24"><span class='ocrx_word' id='word_1_484' title='bbox 179 3183 277 3235; x_wconf 76' lang='grc' dir='ltr'>καὶ</span> <span class='ocrx_word' id='word_1_485' title='bbox 309 3183 849 3254; x_wconf 86' lang='grc' dir='ltr'>ἀποκαταστήσοντος</span> <span class='ocrx_word' id='word_1_486' title='bbox 866 3186 1024 3240; x_wconf 77' lang='grc' dir='ltr'>αὑτὸν</span> <span class='ocrx_word' id='word_1_487' title='bbox 1056 3186 1146 3239; x_wconf 70' lang='grc' dir='ltr'><strong>ἐπὶ</strong></span> <span class='ocrx_word' id='word_1_488' title='bbox 1179 3187 1276 3258; x_wconf 81' lang='grc' dir='ltr'><strong>τὴν</strong></span> <span class='ocrx_word' id='word_1_489' title='bbox 1305 3186 1366 3252; x_wconf 82' lang='grc' dir='ltr'>ἐξ</span> <span class='ocrx_word' id='word_1_490' title='bbox 1385 3187 1559 3259; x_wconf 81' lang='grc' dir='ltr'>ἀρχῆς</span> <span class='ocrx_word' id='word_1_491' title='bbox 1583 3187 1758 3253; x_wconf 81' lang='grc' dir='ltr'>δόξαν,</span> 
     </span>
    </p>
   </div>
   <div class='ocr_carea' id='block_1_64' title="bbox 179 3273 1764 3350">
    <p class='ocr_par' dir='ltr' id='par_1_64' title="bbox 179 3273 1764 3350">
     <span class='ocr_line' id='line_1_64' title="bbox 179 3273 1764 3350; baseline 0.004 -23"><span class='ocrx_word' id='word_1_492' title='bbox 179 3273 497 3345; x_wconf 79' lang='grc' dir='ltr'>ὑψώσαντός</span> <span class='ocrx_word' id='word_1_493' title='bbox 517 3292 576 3328; x_wconf 86' lang='grc' dir='ltr'><strong>τε</strong></span> <span class='ocrx_word' id='word_1_494' title='bbox 592 3276 774 3340; x_wconf 80' lang='grc' dir='ltr'>αὐτὸν,</span> <span class='ocrx_word' id='word_1_495' title='bbox 807 3278 838 3347; x_wconf 87' lang='grc' dir='ltr'>ἢ</span> <span class='ocrx_word' id='word_1_496' title='bbox 871 3279 965 3331; x_wconf 73' lang='grc' dir='ltr'><strong>καὶ</strong></span> <span class='ocrx_word' id='word_1_497' title='bbox 991 3277 1443 3350; x_wconf 85' lang='grc' dir='ltr'>ὑπερυψὼσαντος</span> <span class='ocrx_word' id='word_1_498' title='bbox 1460 3279 1578 3333; x_wconf 87' lang='grc' dir='ltr'>καθ’</span> <span class='ocrx_word' id='word_1_499' title='bbox 1609 3279 1644 3333; x_wconf 80' lang='grc' dir='ltr'>ἃ</span> <span class='ocrx_word' id='word_1_500' title='bbox 1669 3280 1764 3334; x_wconf 74' lang='grc' dir='ltr'><strong>καὶ</strong></span> 
     </span>
    </p>
   </div>
   <div class='ocr_carea' id='block_1_65' title="bbox 177 3364 1765 3442">
    <p class='ocr_par' dir='ltr' id='par_1_65' title="bbox 177 3364 1765 3442">
     <span class='ocr_line' id='line_1_65' title="bbox 177 3364 1765 3442; baseline 0.004 -24"><span class='ocrx_word' id='word_1_501' title='bbox 177 3367 209 3418; x_wconf 96' lang='lat'><strong>6</strong></span> <span class='ocrx_word' id='word_1_502' title='bbox 257 3367 574 3430; x_wconf 84' lang='grc' dir='ltr'>Ἀπόστολός</span> <span class='ocrx_word' id='word_1_503' title='bbox 600 3364 778 3437; x_wconf 78' lang='grc' dir='ltr'>φησιν·</span> <span class='ocrx_word' id='word_1_504' title='bbox 807 3387 824 3418; x_wconf 80' lang='grc' dir='ltr'><strong>ι</strong></span> <span class='ocrx_word' id='word_1_505' title='bbox 850 3369 947 3423; x_wconf 65' lang='grc' dir='ltr'><strong>Διὰ</strong></span> <span class='ocrx_word' id='word_1_506' title='bbox 979 3368 1138 3422; x_wconf 89' lang='grc' dir='ltr'>τοῦτο</span> <span class='ocrx_word' id='word_1_507' title='bbox 1169 3373 1196 3423; x_wconf 91' lang='lat'><strong>6</strong></span> <span class='ocrx_word' id='word_1_508' title='bbox 1221 3369 1354 3433; x_wconf 81' lang='grc' dir='ltr'>Θεὸς</span> <span class='ocrx_word' id='word_1_509' title='bbox 1397 3370 1555 3424; x_wconf 74' lang='grc' dir='ltr'>αὐτὸν</span> <span class='ocrx_word' id='word_1_510' title='bbox 1601 3371 1765 3442; x_wconf 82' lang='grc' dir='ltr'>ὑπερ-</span> 
     </span>
    </p>
   </div>
   <div class='ocr_carea' id='block_1_66' title="bbox 179 3457 1764 3533">
    <p class='ocr_par' dir='ltr' id='par_1_66' title="bbox 179 3457 1764 3533">
     <span class='ocr_line' id='line_1_66' title="bbox 179 3457 1764 3533; baseline 0.004 -22"><span class='ocrx_word' id='word_1_511' title='bbox 179 3457 366 3528; x_wconf 87' lang='grc' dir='ltr'>ύψωσε</span> <span class='ocrx_word' id='word_1_512' title='bbox 400 3460 493 3513; x_wconf 76' lang='grc' dir='ltr'><strong>καὶ</strong></span> <span class='ocrx_word' id='word_1_513' title='bbox 525 3462 815 3532; x_wconf 78' lang='grc' dir='ltr'>ἐχαρίσατο</span> <span class='ocrx_word' id='word_1_514' title='bbox 847 3461 995 3533; x_wconf 87' lang='grc' dir='ltr'>αύτῷ</span> <span class='ocrx_word' id='word_1_515' title='bbox 1040 3462 1209 3533; x_wconf 75' lang='grc' dir='ltr'>ὄνομα</span> <span class='ocrx_word' id='word_1_516' title='bbox 1248 3462 1307 3516; x_wconf 88' lang='grc' dir='ltr'><strong>τὸ</strong></span> <span class='ocrx_word' id='word_1_517' title='bbox 1341 3464 1480 3533; x_wconf 84' lang='grc' dir='ltr'>ὑπὲρ</span> <span class='ocrx_word' id='word_1_518' title='bbox 1508 3465 1615 3516; x_wconf 83' lang='grc' dir='ltr'><strong>πᾶν</strong></span> <span class='ocrx_word' id='word_1_519' title='bbox 1649 3463 1764 3517; x_wconf 78' lang='grc' dir='ltr'>ὅνο-</span> 
     </span>
    </p>
   </div>
   <div class='ocr_carea' id='block_1_67' title="bbox 182 3552 1761 3627">
    <p class='ocr_par' dir='ltr' id='par_1_67' title="bbox 182 3552 1761 3627">
     <span class='ocr_line' id='line_1_67' title="bbox 182 3552 1761 3627; baseline 0.003 -24"><span class='ocrx_word' id='word_1_520' title='bbox 182 3569 281 3622; x_wconf 90' lang='grc' dir='ltr'><strong>μα,</strong></span> <span class='ocrx_word' id='word_1_521' title='bbox 309 3552 395 3606; x_wconf 80' lang='grc' dir='ltr'>ἵνα</span> <span class='ocrx_word' id='word_1_522' title='bbox 424 3555 481 3607; x_wconf 83' lang='grc' dir='ltr'>ὲν</span> <span class='ocrx_word' id='word_1_523' title='bbox 505 3553 583 3624; x_wconf 79' lang='grc' dir='ltr'><strong>τῷ</strong></span> <span class='ocrx_word' id='word_1_524' title='bbox 605 3554 830 3624; x_wconf 84' lang='grc' dir='ltr'>ὀνόματι</span> <span class='ocrx_word' id='word_1_525' title='bbox 869 3554 1043 3624; x_wconf 83' lang='grc' dir='ltr'>Ἰησοῦ</span> <span class='ocrx_word' id='word_1_526' title='bbox 1076 3556 1183 3608; x_wconf 84' lang='grc' dir='ltr'><strong>πᾶν</strong></span> <span class='ocrx_word' id='word_1_527' title='bbox 1213 3555 1342 3624; x_wconf 87' lang='grc' dir='ltr'>γόνυ</span> <span class='ocrx_word' id='word_1_528' title='bbox 1375 3554 1567 3627; x_wconf 84' lang='grc' dir='ltr'>κάμψῃ</span> <span class='ocrx_word' id='word_1_529' title='bbox 1597 3557 1761 3608; x_wconf 77' lang='grc' dir='ltr'>ἐπου-</span> 
     </span>
    </p>
   </div>
   <div class='ocr_carea' id='block_1_68' title="bbox 180 3645 1761 3717">
    <p class='ocr_par' dir='ltr' id='par_1_68' title="bbox 180 3645 1761 3717">
     <span class='ocr_line' id='line_1_68' title="bbox 180 3645 1761 3717; baseline 0.003 -22"><span class='ocrx_word' id='word_1_530' title='bbox 180 3645 405 3715; x_wconf 87' lang='grc' dir='ltr'>ρανίων,</span> <span class='ocrx_word' id='word_1_531' title='bbox 441 3645 532 3698; x_wconf 75' lang='grc' dir='ltr'><strong>καὶ</strong></span> <span class='ocrx_word' id='word_1_532' title='bbox 567 3645 844 3714; x_wconf 77' lang='grc' dir='ltr'>ἐπιγείων,</span> <span class='ocrx_word' id='word_1_533' title='bbox 886 3647 978 3699; x_wconf 74' lang='grc' dir='ltr'><strong>καί</strong></span> <span class='ocrx_word' id='word_1_534' title='bbox 1026 3645 1417 3717; x_wconf 86' lang='grc' dir='ltr'>καταχθονίων.</span> <span class='ocrx_word' id='word_1_535' title='bbox 1452 3647 1562 3699; x_wconf 77' lang='grc' dir='ltr'><strong>Καὶ</strong></span> <span class='ocrx_word' id='word_1_536' title='bbox 1611 3648 1761 3700; x_wconf 82' lang='grc' dir='ltr'>πᾶσα</span> 
     </span>
    </p>
   </div>
   <div class='ocr_carea' id='block_1_69' title="bbox 177 3737 1761 3812">
    <p class='ocr_par' dir='ltr' id='par_1_69' title="bbox 177 3737 1761 3812">
     <span class='ocr_line' id='line_1_69' title="bbox 177 3737 1761 3812; baseline 0.001 -22"><span class='ocrx_word' id='word_1_537' title='bbox 177 3737 401 3806; x_wconf 88' lang='grc' dir='ltr'>γλῶσσα</span> <span class='ocrx_word' id='word_1_538' title='bbox 429 3737 899 3811; x_wconf 75' lang='grc' dir='ltr'>ἐξομολογήσεται,</span> <span class='ocrx_word' id='word_1_539' title='bbox 934 3739 1015 3793; x_wconf 84' lang='grc' dir='ltr'>ὅτι</span> <span class='ocrx_word' id='word_1_540' title='bbox 1048 3739 1250 3811; x_wconf 86' lang='grc' dir='ltr'>Κύριος</span> <span class='ocrx_word' id='word_1_541' title='bbox 1295 3737 1503 3810; x_wconf 86' lang='grc' dir='ltr'>Ἰησοῦς</span> <span class='ocrx_word' id='word_1_542' title='bbox 1527 3738 1761 3812; x_wconf 88' lang='grc' dir='ltr'>Χριστὸς</span> 
     </span>
    </p>
   </div>
   <div class='ocr_carea' id='block_1_70' title="bbox 177 3827 1759 3902">
    <p class='ocr_par' dir='ltr' id='par_1_70' title="bbox 177 3827 1759 3902">
     <span class='ocr_line' id='line_1_70' title="bbox 177 3827 1759 3902; baseline 0.001 -22"><span class='ocrx_word' id='word_1_543' title='bbox 177 3831 262 3892; x_wconf 90' lang='grc' dir='ltr'><strong>εἰς</strong></span> <span class='ocrx_word' id='word_1_544' title='bbox 295 3827 450 3893; x_wconf 78' lang='grc' dir='ltr'>δόξαν</span> <span class='ocrx_word' id='word_1_545' title='bbox 483 3829 619 3883; x_wconf 88' lang='grc' dir='ltr'>Θεοῦ</span> <span class='ocrx_word' id='word_1_546' title='bbox 670 3831 903 3902; x_wconf 90' lang='grc' dir='ltr'>Πατρός.</span> <span class='ocrx_word' id='word_1_547' title='bbox 942 3849 961 3883; x_wconf 70' lang='grc' dir='ltr'><strong>ι</strong></span> <span class='ocrx_word' id='word_1_548' title='bbox 999 3830 1155 3884; x_wconf 88' lang='grc' dir='ltr'>Ἔστι</span> <span class='ocrx_word' id='word_1_549' title='bbox 1185 3829 1241 3883; x_wconf 82' lang='grc' dir='ltr'><strong>δὲ</strong></span> <span class='ocrx_word' id='word_1_550' title='bbox 1270 3829 1530 3902; x_wconf 84' lang='grc' dir='ltr'>διάφορος</span> <span class='ocrx_word' id='word_1_551' title='bbox 1563 3832 1597 3901; x_wconf 86' lang='grc' dir='ltr'><strong>ή</strong></span> <span class='ocrx_word' id='word_1_552' title='bbox 1631 3829 1759 3894; x_wconf 78' lang='grc' dir='ltr'>δόξα</span> 
     </span>
    </p>
   </div>
   <div class='ocr_carea' id='block_1_71' title="bbox 178 3916 1759 3994">
    <p class='ocr_par' dir='ltr' id='par_1_71' title="bbox 178 3916 1759 3994">
     <span class='ocr_line' id='line_1_71' title="bbox 178 3916 1759 3994; baseline 0 -21"><span class='ocrx_word' id='word_1_553' title='bbox 178 3920 292 3974; x_wconf 88' lang='grc' dir='ltr'><strong>τῶν</strong></span> <span class='ocrx_word' id='word_1_554' title='bbox 317 3920 576 3992; x_wconf 79' lang='grc' dir='ltr'>οἰομένων</span> <span class='ocrx_word' id='word_1_555' title='bbox 605 3916 742 3975; x_wconf 78' lang='grc' dir='ltr'>εἶναι</span> <span class='ocrx_word' id='word_1_556' title='bbox 773 3925 831 3976; x_wconf 83' lang='grc' dir='ltr'><strong>ἐν</strong></span> <span class='ocrx_word' id='word_1_557' title='bbox 862 3923 1019 3994; x_wconf 82' lang='grc' dir='ltr'>αὐτῇ·</span> <span class='ocrx_word' id='word_1_558' title='bbox 1056 3922 1150 3976; x_wconf 75' lang='grc' dir='ltr'><strong>καὶ</strong></span> <span class='ocrx_word' id='word_1_559' title='bbox 1176 3923 1204 3973; x_wconf 92' lang='lat'><strong>6</strong></span> <span class='ocrx_word' id='word_1_560' title='bbox 1229 3920 1329 3992; x_wconf 84' lang='grc' dir='ltr'>μέν</span> <span class='ocrx_word' id='word_1_561' title='bbox 1353 3939 1436 3985; x_wconf 89' lang='grc' dir='ltr'><strong>τις</strong></span> <span class='ocrx_word' id='word_1_562' title='bbox 1466 3920 1624 3985; x_wconf 80' lang='grc' dir='ltr'>δόξαν</span> <span class='ocrx_word' id='word_1_563' title='bbox 1654 3923 1759 3994; x_wconf 83' lang='grc' dir='ltr'><strong>φή-</strong></span> 
     </span>
    </p>
   </div>
   <div class='ocr_carea' id='block_1_72' title="bbox 180 4011 1758 4088">
    <p class='ocr_par' dir='ltr' id='par_1_72' title="bbox 180 4011 1758 4088">
     <span class='ocr_line' id='line_1_72' title="bbox 180 4011 1758 4088; baseline 0.001 -23"><span class='ocrx_word' id='word_1_564' title='bbox 180 4030 274 4066; x_wconf 91' lang='grc' dir='ltr'><strong>σαι</strong></span> <span class='ocrx_word' id='word_1_565' title='bbox 319 4013 385 4066; x_wconf 86' lang='grc' dir='ltr'><strong>ἂν</strong></span> <span class='ocrx_word' id='word_1_566' title='bbox 417 4011 556 4068; x_wconf 75' lang='grc' dir='ltr'>εἶναι</span> <span class='ocrx_word' id='word_1_567' title='bbox 598 4015 762 4069; x_wconf 78' lang='grc' dir='ltr'>αὑτοῦ</span> <span class='ocrx_word' id='word_1_568' title='bbox 797 4014 894 4086; x_wconf 83' lang='grc' dir='ltr'><strong>τὴν</strong></span> <span class='ocrx_word' id='word_1_569' title='bbox 935 4013 1191 4088; x_wconf 74' lang='grc' dir='ltr'>πατρίδαο</span> <span class='ocrx_word' id='word_1_570' title='bbox 1222 4015 1251 4066; x_wconf 88' lang='lat'><strong>6</strong></span> <span class='ocrx_word' id='word_1_571' title='bbox 1282 4014 1338 4067; x_wconf 86' lang='grc' dir='ltr'>δέ</span> <span class='ocrx_word' id='word_1_572' title='bbox 1371 4031 1456 4078; x_wconf 90' lang='grc' dir='ltr'><strong>τις</strong></span> <span class='ocrx_word' id='word_1_573' title='bbox 1491 4013 1552 4067; x_wconf 85' lang='grc' dir='ltr'><strong>τὸ</strong></span> <span class='ocrx_word' id='word_1_574' title='bbox 1580 4014 1758 4083; x_wconf 84' lang='grc' dir='ltr'>γένος,</span> 
     </span>
    </p>
   </div>
   <div class='ocr_carea' id='block_1_73' title="bbox 176 4102 1761 4176">
    <p class='ocr_par' dir='ltr' id='par_1_73' title="bbox 176 4102 1761 4176">
     <span class='ocr_line' id='line_1_73' title="bbox 176 4102 1761 4176; baseline -0.001 -17"><span class='ocrx_word' id='word_1_575' title='bbox 176 4105 342 4167; x_wconf 76' lang='grc' dir='ltr'>ἄλλος</span> <span class='ocrx_word' id='word_1_576' title='bbox 367 4104 424 4157; x_wconf 84' lang='grc' dir='ltr'>δέ</span> <span class='ocrx_word' id='word_1_577' title='bbox 455 4123 536 4170; x_wconf 88' lang='grc' dir='ltr'><strong>τις</strong></span> <span class='ocrx_word' id='word_1_578' title='bbox 560 4106 622 4159; x_wconf 90' lang='grc' dir='ltr'><strong>τὸ</strong></span> <span class='ocrx_word' id='word_1_579' title='bbox 643 4105 852 4170; x_wconf 66' lang='grc' dir='ltr'>κάλλος</span> <span class='ocrx_word' id='word_1_580' title='bbox 886 4107 991 4159; x_wconf 79' lang='grc' dir='ltr'>εἰσὶ</span> <span class='ocrx_word' id='word_1_581' title='bbox 1014 4106 1070 4159; x_wconf 81' lang='grc' dir='ltr'>δὲ</span> <span class='ocrx_word' id='word_1_582' title='bbox 1091 4105 1141 4159; x_wconf 84' lang='grc' dir='ltr'>οἳ</span> <span class='ocrx_word' id='word_1_583' title='bbox 1173 4104 1273 4176; x_wconf 84' lang='grc' dir='ltr'><strong>τὴν</strong></span> <span class='ocrx_word' id='word_1_584' title='bbox 1303 4102 1496 4176; x_wconf 77' lang='grc' dir='ltr'>ῥώμην</span> <span class='ocrx_word' id='word_1_585' title='bbox 1525 4103 1621 4158; x_wconf 87' lang='grc' dir='ltr'><strong>τοῦ</strong></span> <span class='ocrx_word' id='word_1_586' title='bbox 1657 4103 1761 4158; x_wconf 80' lang='grc' dir='ltr'>σῶ-</span> 
     </span>
    </p>
   </div>
   <div class='ocr_carea' id='block_1_74' title="bbox 181 4197 1760 4272">
    <p class='ocr_par' dir='ltr' id='par_1_74' title="bbox 181 4197 1760 4272">
     <span class='ocr_line' id='line_1_74' title="bbox 181 4197 1760 4272; baseline -0.001 -20"><span class='ocrx_word' id='word_1_587' title='bbox 181 4217 377 4270; x_wconf 90' lang='grc' dir='ltr'>ματος,</span> <span class='ocrx_word' id='word_1_588' title='bbox 399 4199 493 4252; x_wconf 74' lang='grc' dir='ltr'>καὶ</span> <span class='ocrx_word' id='word_1_589' title='bbox 514 4199 612 4272; x_wconf 84' lang='grc' dir='ltr'>τὴν</span> <span class='ocrx_word' id='word_1_590' title='bbox 642 4201 699 4252; x_wconf 82' lang='grc' dir='ltr'>ὲν</span> <span class='ocrx_word' id='word_1_591' title='bbox 729 4199 807 4270; x_wconf 84' lang='grc' dir='ltr'><strong>τῷ</strong></span> <span class='ocrx_word' id='word_1_592' title='bbox 828 4197 1185 4268; x_wconf 76' lang='grc' dir='ltr'>ἀγωνίζεσθαι</span> <span class='ocrx_word' id='word_1_593' title='bbox 1212 4197 1539 4268; x_wconf 85' lang='grc' dir='ltr'>σωματικῶς</span> <span class='ocrx_word' id='word_1_594' title='bbox 1562 4197 1760 4270; x_wconf 84' lang='grc' dir='ltr'>τέχνην</span> 
     </span>
    </p>
   </div>
   <div class='ocr_carea' id='block_1_75' title="bbox 179 4289 1760 4364">
    <p class='ocr_par' dir='ltr' id='par_1_75' title="bbox 179 4289 1760 4364">
     <span class='ocr_line' id='line_1_75' title="bbox 179 4289 1760 4364; baseline -0.001 -19"><span class='ocrx_word' id='word_1_595' title='bbox 179 4293 340 4359; x_wconf 80' lang='grc' dir='ltr'>δόξαν</span> <span class='ocrx_word' id='word_1_596' title='bbox 368 4293 501 4346; x_wconf 82' lang='grc' dir='ltr'>ἰδίαν</span> <span class='ocrx_word' id='word_1_597' title='bbox 531 4289 669 4347; x_wconf 77' lang='grc' dir='ltr'>εἶναι</span> <span class='ocrx_word' id='word_1_598' title='bbox 699 4292 1032 4363; x_wconf 83' lang='grc' dir='ltr'>νενομίκασι,</span> <span class='ocrx_word' id='word_1_599' title='bbox 1057 4293 1198 4364; x_wconf 82' lang='grc' dir='ltr'>μέγα</span> <span class='ocrx_word' id='word_1_600' title='bbox 1218 4289 1539 4363; x_wconf 83' lang='grc' dir='ltr'>φρονοῦντες</span> <span class='ocrx_word' id='word_1_601' title='bbox 1566 4291 1660 4344; x_wconf 75' lang='grc' dir='ltr'><strong>ἐπὶ</strong></span> <span class='ocrx_word' id='word_1_602' title='bbox 1683 4291 1760 4362; x_wconf 83' lang='grc' dir='ltr'>τῷ</span> 
     </span>
    </p>
   </div>
   <div class='ocr_carea' id='block_1_76' title="bbox 1863 3094 3436 3166">
    <p class='ocr_par' dir='ltr' id='par_1_76' title="bbox 1863 3094 3436 3166">
     <span class='ocr_line' id='line_1_76' title="bbox 1863 3094 3436 3166; baseline 0.003 -18"><span class='ocrx_word' id='word_1_603' title='bbox 1863 3094 2208 3164; x_wconf 86' lang='lat' dir='ltr'><strong>splendorem</strong></span> <span class='ocrx_word' id='word_1_604' title='bbox 2257 3095 2608 3161; x_wconf 86' lang='lat' dir='ltr'><strong>restituente,</strong></span> <span class='ocrx_word' id='word_1_605' title='bbox 2642 3105 2804 3166; x_wconf 87' lang='lat' dir='ltr'><strong>atque</strong></span> <span class='ocrx_word' id='word_1_606' title='bbox 2835 3097 3112 3151; x_wconf 83' lang='lat' dir='ltr'><strong>exaltante</strong></span> <span class='ocrx_word' id='word_1_607' title='bbox 3142 3098 3226 3153; x_wconf 87' lang='lat' dir='ltr'><strong>vel</strong></span> <span class='ocrx_word' id='word_1_608' title='bbox 3269 3098 3436 3154; x_wconf 89' lang='lat' dir='ltr'><strong>etiam</strong></span> 
     </span>
    </p>
   </div>
   <div class='ocr_carea' id='block_1_77' title="bbox 1864 3185 3442 3259">
    <p class='ocr_par' dir='ltr' id='par_1_77' title="bbox 1864 3185 3442 3259">
     <span class='ocr_line' id='line_1_77' title="bbox 1864 3185 3442 3259; baseline 0.001 -19"><span class='ocrx_word' id='word_1_609' title='bbox 1864 3185 2304 3255; x_wconf 80' lang='lat' dir='ltr'><strong>superexaltante</strong></span> <span class='ocrx_word' id='word_1_610' title='bbox 2368 3186 2558 3252; x_wconf 90' lang='lat' dir='ltr'><strong>illum,</strong></span> <span class='ocrx_word' id='word_1_611' title='bbox 2637 3187 3092 3256; x_wconf 83' lang='lat' dir='ltr'><strong>quemadmodum</strong></span> <span class='ocrx_word' id='word_1_612' title='bbox 3151 3188 3229 3242; x_wconf 83' lang='lat' dir='ltr'><strong>ait</strong></span> <span class='ocrx_word' id='word_1_613' title='bbox 3290 3190 3442 3259; x_wconf 82' lang='lat' dir='ltr'><strong>Apo-</strong></span> 
     </span>
    </p>
   </div>
   <div class='ocr_carea' id='block_1_78' title="bbox 1863 3279 3446 3347">
    <p class='ocr_par' dir='ltr' id='par_1_78' title="bbox 1863 3279 3446 3347">
     <span class='ocr_line' id='line_1_78' title="bbox 1863 3279 3446 3347; baseline 0 -14"><span class='ocrx_word' id='word_1_614' title='bbox 1863 3281 2033 3334; x_wconf 82' lang='lat' dir='ltr'><strong>stolus</strong></span> <span class='ocrx_word' id='word_1_615' title='bbox 2059 3282 2142 3333; x_wconf 64' lang='lat'><strong>‘3:</strong></span> <span class='ocrx_word' id='word_1_616' title='bbox 2182 3297 2202 3330; x_wconf 74' lang='grc' dir='ltr'><strong>ι</strong></span> <span class='ocrx_word' id='word_1_617' title='bbox 2237 3279 2531 3347; x_wconf 84' lang='lat' dir='ltr'><strong>Propterea</strong></span> <span class='ocrx_word' id='word_1_618' title='bbox 2568 3279 2710 3333; x_wconf 90' lang='lat' dir='ltr'><strong>Deus</strong></span> <span class='ocrx_word' id='word_1_619' title='bbox 2732 3280 2996 3334; x_wconf 77' lang='lat' dir='ltr'><strong>exaltavit</strong></span> <span class='ocrx_word' id='word_1_620' title='bbox 3039 3279 3212 3345; x_wconf 89' lang='lat' dir='ltr'><strong>illum,</strong></span> <span class='ocrx_word' id='word_1_621' title='bbox 3258 3287 3314 3335; x_wconf 82' lang='lat' dir='ltr'><strong>et.</strong></span> <span class='ocrx_word' id='word_1_622' title='bbox 3345 3281 3446 3335; x_wconf 81' lang='lat' dir='ltr'><strong>do-</strong></span> 
     </span>
    </p>
   </div>
   <div class='ocr_carea' id='block_1_79' title="bbox 1845 3365 3443 3435">
    <p class='ocr_par' dir='ltr' id='par_1_79' title="bbox 1845 3365 3443 3435">
     <span class='ocr_line' id='line_1_79' title="bbox 1845 3365 3443 3435; baseline -0.001 -9"><span class='ocrx_word' id='word_1_623' title='bbox 1845 3371 2022 3426; x_wconf 89' lang='lat' dir='ltr'><strong>-navit</strong></span> <span class='ocrx_word' id='word_1_624' title='bbox 2045 3369 2120 3424; x_wconf 89' lang='lat' dir='ltr'><strong>illi</strong></span> <span class='ocrx_word' id='word_1_625' title='bbox 2144 3382 2342 3422; x_wconf 88' lang='lat' dir='ltr'><strong>nomen</strong></span> <span class='ocrx_word' id='word_1_626' title='bbox 2367 3365 2509 3435; x_wconf 90' lang='lat' dir='ltr'><strong>quod</strong></span> <span class='ocrx_word' id='word_1_627' title='bbox 2543 3374 2626 3419; x_wconf 88' lang='lat' dir='ltr'><strong>est</strong></span> <span class='ocrx_word' id='word_1_628' title='bbox 2651 3379 2816 3433; x_wconf 90' lang='lat' dir='ltr'><strong>super</strong></span> <span class='ocrx_word' id='word_1_629' title='bbox 2841 3379 3002 3420; x_wconf 89' lang='lat' dir='ltr'><strong>omne</strong></span> <span class='ocrx_word' id='word_1_630' title='bbox 3027 3381 3251 3434; x_wconf 88' lang='lat' dir='ltr'><strong>nomen,</strong></span> <span class='ocrx_word' id='word_1_631' title='bbox 3286 3377 3348 3424; x_wconf 89' lang='lat' dir='ltr'><strong>ut</strong></span> <span class='ocrx_word' id='word_1_632' title='bbox 3385 3370 3443 3424; x_wconf 90' lang='lat' dir='ltr'><strong>in</strong></span> 
     </span>
    </p>
   </div>
   <div class='ocr_carea' id='block_1_80' title="bbox 1876 3455 3448 3526">
    <p class='ocr_par' dir='ltr' id='par_1_80' title="bbox 1876 3455 3448 3526">
     <span class='ocr_line' id='line_1_80' title="bbox 1876 3455 3448 3526; baseline -0.004 -9"><span class='ocrx_word' id='word_1_633' title='bbox 1876 3461 2098 3517; x_wconf 88' lang='lat' dir='ltr'><strong>nomine</strong></span> <span class='ocrx_word' id='word_1_634' title='bbox 2123 3459 2253 3516; x_wconf 81' lang='lat' dir='ltr'><strong>Jesu</strong></span> <span class='ocrx_word' id='word_1_635' title='bbox 2278 3473 2439 3512; x_wconf 91' lang='lat' dir='ltr'><strong>omne</strong></span> <span class='ocrx_word' id='word_1_636' title='bbox 2462 3471 2602 3526; x_wconf 86' lang='lat' dir='ltr'><strong>genu</strong></span> <span class='ocrx_word' id='word_1_637' title='bbox 2626 3455 2890 3521; x_wconf 83' lang='lat' dir='ltr'><strong>ﬂectatur,</strong></span> <span class='ocrx_word' id='word_1_638' title='bbox 2917 3456 3240 3522; x_wconf 57' lang='lat' dir='ltr'><strong>caelestium,</strong></span> <span class='ocrx_word' id='word_1_639' title='bbox 3271 3467 3448 3514; x_wconf 79' lang='lat' dir='ltr'><strong>terre-</strong></span> 
     </span>
    </p>
   </div>
   <div class='ocr_carea' id='block_1_81' title="bbox 1861 3553 3445 3624">
    <p class='ocr_par' dir='ltr' id='par_1_81' title="bbox 1861 3553 3445 3624">
     <span class='ocr_line' id='line_1_81' title="bbox 1861 3553 3445 3624; baseline -0.001 -15"><span class='ocrx_word' id='word_1_640' title='bbox 1861 3555 2080 3618; x_wconf 87' lang='lat' dir='ltr'><strong>strium,</strong></span> <span class='ocrx_word' id='word_1_641' title='bbox 2124 3562 2178 3604; x_wconf 92' lang='lat' dir='ltr'><strong>et</strong></span> <span class='ocrx_word' id='word_1_642' title='bbox 2210 3553 2572 3620; x_wconf 70' lang='lat' dir='ltr'><strong>infensorum,</strong></span> <span class='ocrx_word' id='word_1_643' title='bbox 2599 3562 2654 3607; x_wconf 87' lang='lat' dir='ltr'><strong>et</strong></span> <span class='ocrx_word' id='word_1_644' title='bbox 2695 3553 2874 3608; x_wconf 88' lang='lat' dir='ltr'><strong>omnis</strong></span> <span class='ocrx_word' id='word_1_645' title='bbox 2903 3553 3085 3624; x_wconf 80' lang='lat' dir='ltr'><strong>lingua</strong></span> <span class='ocrx_word' id='word_1_646' title='bbox 3115 3553 3445 3608; x_wconf 89' lang='lat' dir='ltr'><strong>conﬁteatur</strong></span> 
     </span>
    </p>
   </div>
   <div class='ocr_carea' id='block_1_82' title="bbox 1860 3642 3439 3717">
    <p class='ocr_par' dir='ltr' id='par_1_82' title="bbox 1860 3642 3439 3717">
     <span class='ocr_line' id='line_1_82' title="bbox 1860 3642 3439 3717; baseline 0.003 -20"><span class='ocrx_word' id='word_1_647' title='bbox 1860 3648 1988 3716; x_wconf 86' lang='lat' dir='ltr'><strong>quia</strong></span> <span class='ocrx_word' id='word_1_648' title='bbox 2047 3644 2306 3701; x_wconf 87' lang='lat' dir='ltr'><strong>Dominus</strong></span> <span class='ocrx_word' id='word_1_649' title='bbox 2363 3642 2527 3701; x_wconf 88' lang='lat' dir='ltr'><strong>Jesus</strong></span> <span class='ocrx_word' id='word_1_650' title='bbox 2580 3645 2837 3700; x_wconf 86' lang='lat' dir='ltr'><strong>Christus</strong></span> <span class='ocrx_word' id='word_1_651' title='bbox 2887 3645 2942 3700; x_wconf 92' lang='lat' dir='ltr'><strong>in</strong></span> <span class='ocrx_word' id='word_1_652' title='bbox 2987 3646 3158 3717; x_wconf 87' lang='lat' dir='ltr'><strong>gloria</strong></span> <span class='ocrx_word' id='word_1_653' title='bbox 3209 3654 3294 3702; x_wconf 88' lang='lat' dir='ltr'><strong>est</strong></span> <span class='ocrx_word' id='word_1_654' title='bbox 3340 3645 3439 3702; x_wconf 88' lang='lat' dir='ltr'><strong>Dei</strong></span> 
     </span>
    </p>
   </div>
   <div class='ocr_carea' id='block_1_83' title="bbox 1861 3737 3435 3807">
    <p class='ocr_par' dir='ltr' id='par_1_83' title="bbox 1861 3737 3435 3807">
     <span class='ocr_line' id='line_1_83' title="bbox 1861 3737 3435 3807; baseline -0.001 -12"><span class='ocrx_word' id='word_1_655' title='bbox 1861 3741 2061 3796; x_wconf 88' lang='lat' dir='ltr'><strong>Patris.</strong></span> <span class='ocrx_word' id='word_1_656' title='bbox 2093 3758 2113 3794; x_wconf 74' lang='grc' dir='ltr'><strong>ι</strong></span> <span class='ocrx_word' id='word_1_657' title='bbox 2140 3737 2415 3798; x_wconf 68' lang='lat' dir='ltr'><strong>Caeterum</strong></span> <span class='ocrx_word' id='word_1_658' title='bbox 2441 3740 2496 3794; x_wconf 92' lang='lat' dir='ltr'><strong>in</strong></span> <span class='ocrx_word' id='word_1_659' title='bbox 2528 3738 2693 3793; x_wconf 86' lang='lat' dir='ltr'><strong>variis</strong></span> <span class='ocrx_word' id='word_1_660' title='bbox 2721 3737 2969 3794; x_wconf 86' lang='lat' dir='ltr'><strong>homines</strong></span> <span class='ocrx_word' id='word_1_661' title='bbox 3009 3738 3238 3807; x_wconf 82' lang='lat' dir='ltr'><strong>gloriam</strong></span> <span class='ocrx_word' id='word_1_662' title='bbox 3281 3753 3435 3793; x_wconf 88' lang='lat' dir='ltr'><strong>suam</strong></span> 
     </span>
    </p>
   </div>
   <div class='ocr_carea' id='block_1_84' title="bbox 1862 3831 3438 3904">
    <p class='ocr_par' dir='ltr' id='par_1_84' title="bbox 1862 3831 3438 3904">
     <span class='ocr_line' id='line_1_84' title="bbox 1862 3831 3438 3904; baseline 0.003 -18"><span class='ocrx_word' id='word_1_663' title='bbox 1862 3842 2094 3902; x_wconf 87' lang='lat' dir='ltr'><strong>ponunt,</strong></span> <span class='ocrx_word' id='word_1_664' title='bbox 2125 3832 2336 3888; x_wconf 89' lang='lat' dir='ltr'><strong>aliusin</strong></span> <span class='ocrx_word' id='word_1_665' title='bbox 2365 3833 2564 3903; x_wconf 89' lang='lat' dir='ltr'><strong>patria,</strong></span> <span class='ocrx_word' id='word_1_666' title='bbox 2597 3833 2735 3888; x_wconf 89' lang='lat' dir='ltr'><strong>alius</strong></span> <span class='ocrx_word' id='word_1_667' title='bbox 2762 3833 2816 3886; x_wconf 91' lang='lat' dir='ltr'><strong>in</strong></span> <span class='ocrx_word' id='word_1_668' title='bbox 2849 3847 3074 3902; x_wconf 76' lang='lat' dir='ltr'><strong>genere,</strong></span> <span class='ocrx_word' id='word_1_669' title='bbox 3102 3832 3242 3887; x_wconf 89' lang='lat' dir='ltr'><strong>alius</strong></span> <span class='ocrx_word' id='word_1_670' title='bbox 3272 3831 3438 3904; x_wconf 81' lang='lat'><strong>550</strong></span> 
     </span>
    </p>
   </div>
   <div class='ocr_carea' id='block_1_85' title="bbox 1862 3923 3436 3994">
    <p class='ocr_par' dir='ltr' id='par_1_85' title="bbox 1862 3923 3436 3994">
     <span class='ocr_line' id='line_1_85' title="bbox 1862 3923 3436 3994; baseline 0.001 -19"><span class='ocrx_word' id='word_1_671' title='bbox 1862 3923 1914 3976; x_wconf 92' lang='lat' dir='ltr'><strong>in</strong></span> <span class='ocrx_word' id='word_1_672' title='bbox 1941 3924 2363 3994; x_wconf 87' lang='lat' dir='ltr'><strong>pulchritudine,</strong></span> <span class='ocrx_word' id='word_1_673' title='bbox 2391 3925 2485 3977; x_wconf 89' lang='lat' dir='ltr'><strong>alii</strong></span> <span class='ocrx_word' id='word_1_674' title='bbox 2503 3923 2556 3978; x_wconf 89' lang='lat' dir='ltr'><strong>in</strong></span> <span class='ocrx_word' id='word_1_675' title='bbox 2580 3923 2824 3992; x_wconf 84' lang='lat' dir='ltr'><strong>corporis</strong></span> <span class='ocrx_word' id='word_1_676' title='bbox 2852 3924 3068 3989; x_wconf 90' lang='lat' dir='ltr'><strong>robore,</strong></span> <span class='ocrx_word' id='word_1_677' title='bbox 3089 3923 3217 3979; x_wconf 88' lang='lat' dir='ltr'><strong>etin</strong></span> <span class='ocrx_word' id='word_1_678' title='bbox 3242 3925 3436 3993; x_wconf 91' lang='lat' dir='ltr'><strong>peritia</strong></span> 
     </span>
    </p>
   </div>
   <div class='ocr_carea' id='block_1_86' title="bbox 1860 4016 3440 4087">
    <p class='ocr_par' dir='ltr' id='par_1_86' title="bbox 1860 4016 3440 4087">
     <span class='ocr_line' id='line_1_86' title="bbox 1860 4016 3440 4087; baseline 0.001 -18"><span class='ocrx_word' id='word_1_679' title='bbox 1860 4016 2174 4071; x_wconf 89' lang='lat' dir='ltr'><strong>decertandi</strong></span> <span class='ocrx_word' id='word_1_680' title='bbox 2227 4019 2280 4070; x_wconf 91' lang='lat' dir='ltr'><strong>ln</strong></span> <span class='ocrx_word' id='word_1_681' title='bbox 2323 4031 2515 4087; x_wconf 88' lang='lat' dir='ltr'><strong>agone,</strong></span> <span class='ocrx_word' id='word_1_682' title='bbox 2557 4016 2783 4071; x_wconf 85' lang='lat' dir='ltr'><strong>multum</strong></span> <span class='ocrx_word' id='word_1_683' title='bbox 2836 4016 2967 4071; x_wconf 89' lang='lat' dir='ltr'><strong>elati</strong></span> <span class='ocrx_word' id='word_1_684' title='bbox 3019 4017 3163 4086; x_wconf 91' lang='lat' dir='ltr'><strong>quod</strong></span> <span class='ocrx_word' id='word_1_685' title='bbox 3205 4017 3307 4072; x_wconf 88' lang='lat' dir='ltr'><strong>hos</strong></span> <span class='ocrx_word' id='word_1_686' title='bbox 3351 4017 3440 4071; x_wconf 84' lang='lat' dir='ltr'><strong>vel</strong></span> 
     </span>
    </p>
   </div>
   <div class='ocr_carea' id='block_1_87' title="bbox 1859 4107 3442 4178">
    <p class='ocr_par' dir='ltr' id='par_1_87' title="bbox 1859 4107 3442 4178">
     <span class='ocr_line' id='line_1_87' title="bbox 1859 4107 3442 4178; baseline 0.001 -16"><span class='ocrx_word' id='word_1_687' title='bbox 1859 4107 1983 4163; x_wconf 88' lang='lat' dir='ltr'><strong>illos</strong></span> <span class='ocrx_word' id='word_1_688' title='bbox 2019 4107 2278 4164; x_wconf 84' lang='lat' dir='ltr'><strong>luctando</strong></span> <span class='ocrx_word' id='word_1_689' title='bbox 2307 4107 2563 4164; x_wconf 91' lang='lat' dir='ltr'><strong>vicerint.</strong></span> <span class='ocrx_word' id='word_1_690' title='bbox 2601 4108 2669 4162; x_wconf 89' lang='lat' dir='ltr'><strong>Et</strong></span> <span class='ocrx_word' id='word_1_691' title='bbox 2697 4108 2828 4178; x_wconf 90' lang='lat' dir='ltr'><strong>quid</strong></span> <span class='ocrx_word' id='word_1_692' title='bbox 2857 4123 3077 4164; x_wconf 89' lang='lat' dir='ltr'><strong>necesse</strong></span> <span class='ocrx_word' id='word_1_693' title='bbox 3119 4118 3201 4164; x_wconf 86' lang='lat' dir='ltr'><strong>est</strong></span> <span class='ocrx_word' id='word_1_694' title='bbox 3248 4122 3442 4164; x_wconf 80' lang='lat' dir='ltr'><strong>recen-</strong></span> 
     </span>
    </p>
   </div>
   <div class='ocr_carea' id='block_1_88' title="bbox 1859 4200 3439 4271">
    <p class='ocr_par' dir='ltr' id='par_1_88' title="bbox 1859 4200 3439 4271">
     <span class='ocr_line' id='line_1_88' title="bbox 1859 4200 3439 4271; baseline -0.002 -17"><span class='ocrx_word' id='word_1_695' title='bbox 1859 4215 1980 4255; x_wconf 90' lang='lat' dir='ltr'><strong>sere</strong></span> <span class='ocrx_word' id='word_1_696' title='bbox 2003 4215 2068 4256; x_wconf 86' lang='lat' dir='ltr'><strong>ea</strong></span> <span class='ocrx_word' id='word_1_697' title='bbox 2103 4202 2172 4257; x_wconf 91' lang='lat' dir='ltr'><strong>de</strong></span> <span class='ocrx_word' id='word_1_698' title='bbox 2201 4201 2398 4270; x_wconf 86' lang='lat' dir='ltr'><strong>quibus</strong></span> <span class='ocrx_word' id='word_1_699' title='bbox 2435 4201 2743 4271; x_wconf 85' lang='lat' dir='ltr'><strong>gloriantur</strong></span> <span class='ocrx_word' id='word_1_700' title='bbox 2769 4201 2844 4255; x_wconf 90' lang='lat' dir='ltr'><strong>dii</strong></span> <span class='ocrx_word' id='word_1_701' title='bbox 2881 4200 3221 4271; x_wconf 86' lang='lat' dir='ltr'><strong>ignorantes,</strong></span> <span class='ocrx_word' id='word_1_702' title='bbox 3265 4215 3439 4270; x_wconf 81' lang='lat' dir='ltr'><strong>squo-</strong></span> 
     </span>
    </p>
   </div>
   <div class='ocr_carea' id='block_1_89' title="bbox 1864 4292 3440 4364">
    <p class='ocr_par' dir='ltr' id='par_1_89' title="bbox 1864 4292 3440 4364">
     <span class='ocr_line' id='line_1_89' title="bbox 1864 4292 3440 4364; baseline 0 -18"><span class='ocrx_word' id='word_1_703' title='bbox 1864 4307 1984 4346; x_wconf 90' lang='lat' dir='ltr'><strong>rum</strong></span> <span class='ocrx_word' id='word_1_704' title='bbox 2015 4307 2158 4362; x_wconf 71' lang='lat' dir='ltr'><strong>saepe</strong></span> <span class='ocrx_word' id='word_1_705' title='bbox 2185 4292 2359 4364; x_wconf 88' lang='lat' dir='ltr'><strong>gloria</strong></span> <span class='ocrx_word' id='word_1_706' title='bbox 2403 4294 2460 4347; x_wconf 90' lang='lat' dir='ltr'><strong>in</strong></span> <span class='ocrx_word' id='word_1_707' title='bbox 2511 4292 2833 4348; x_wconf 81' lang='lat' dir='ltr'><strong>confusione</strong></span> <span class='ocrx_word' id='word_1_708' title='bbox 2871 4301 2973 4358; x_wconf 88' lang='lat' dir='ltr'><strong>est,</strong></span> <span class='ocrx_word' id='word_1_709' title='bbox 3013 4311 3032 4344; x_wconf 74' lang='grc' dir='ltr'><strong>ι</strong></span> <span class='ocrx_word' id='word_1_710' title='bbox 3073 4300 3132 4347; x_wconf 92' lang='lat' dir='ltr'><strong>ut</strong></span> <span class='ocrx_word' id='word_1_711' title='bbox 3175 4293 3255 4348; x_wconf 86' lang='lat' dir='ltr'><strong>ait</strong></span> <span class='ocrx_word' id='word_1_712' title='bbox 3293 4293 3440 4360; x_wconf 85' lang='lat' dir='ltr'><strong>Apo-</strong></span> 
     </span>
    </p>
   </div>
   <div class='ocr_carea' id='block_1_90' title="bbox 179 4381 1763 4456">
    <p class='ocr_par' dir='ltr' id='par_1_90' title="bbox 179 4383 1755 4453">
     <span class='ocr_line' id='line_1_90' title="bbox 179 4383 1755 4453; baseline -0.001 -15"><span class='ocrx_word' id='word_1_713' title='bbox 179 4383 434 4439; x_wconf 85' lang='grc' dir='ltr'>τοσούσδε</span> <span class='ocrx_word' id='word_1_714' title='bbox 486 4385 1039 4440; x_wconf 77' lang='grc' dir='ltr'>καταπεπαλαικὲναι.</span> <span class='ocrx_word' id='word_1_715' title='bbox 1085 4386 1195 4439; x_wconf 69' lang='grc' dir='ltr'><strong>Καὶ</strong></span> <span class='ocrx_word' id='word_1_716' title='bbox 1235 4385 1287 4438; x_wconf 87' lang='grc' dir='ltr'><strong>τί</strong></span> <span class='ocrx_word' id='word_1_717' title='bbox 1329 4387 1410 4440; x_wconf 81' lang='grc' dir='ltr'><strong>δεῖ</strong></span> <span class='ocrx_word' id='word_1_718' title='bbox 1437 4383 1755 4453; x_wconf 80' lang='grc' dir='ltr'>καταλέγειν</span> 
     </span>
    </p>
   </div>
   <div class='ocr_carea' id='block_1_91' title="bbox 1866 4381 3438 4456">
    <p class='ocr_par' dir='ltr' id='par_1_91' title="bbox 1866 4381 3438 4456">
     <span class='ocr_line' id='line_1_91' title="bbox 1866 4381 3438 4456; baseline -0.001 -17"><span class='ocrx_word' id='word_1_719' title='bbox 1866 4383 2034 4440; x_wconf 84' lang='lat' dir='ltr'><strong>stolas</strong></span> <span class='ocrx_word' id='word_1_720' title='bbox 2063 4381 2142 4436; x_wconf 71' lang='grc' dir='ltr'><strong>σοί</strong></span> <span class='ocrx_word' id='word_1_721' title='bbox 2165 4384 2353 4441; x_wconf 87' lang='lat' dir='ltr'><strong>Sancti</strong></span> <span class='ocrx_word' id='word_1_722' title='bbox 2379 4393 2561 4441; x_wconf 89' lang='lat' dir='ltr'><strong>autem</strong></span> <span class='ocrx_word' id='word_1_723' title='bbox 2585 4383 2756 4456; x_wconf 83' lang='lat' dir='ltr'><strong>gloria</strong></span> <span class='ocrx_word' id='word_1_724' title='bbox 2788 4383 2936 4439; x_wconf 89' lang='lat' dir='ltr'><strong>Dens</strong></span> <span class='ocrx_word' id='word_1_725' title='bbox 2962 4393 3048 4440; x_wconf 92' lang='lat' dir='ltr'><strong>est</strong></span> <span class='ocrx_word' id='word_1_726' title='bbox 3075 4385 3161 4439; x_wconf 92' lang='lat' dir='ltr'><strong>cui</strong></span> <span class='ocrx_word' id='word_1_727' title='bbox 3187 4384 3438 4450; x_wconf 81' lang='lat' dir='ltr'><strong>conﬁdit,</strong></span> 
     </span>
    </p>
   </div>
   <div class='ocr_carea' id='block_1_92' title="bbox 179 4469 1754 4550">
    <p class='ocr_par' dir='ltr' id='par_1_92' title="bbox 179 4469 1754 4550">
     <span class='ocr_line' id='line_1_92' title="bbox 179 4469 1754 4550; baseline -0.004 -16"><span class='ocrx_word' id='word_1_728' title='bbox 179 4479 249 4534; x_wconf 78' lang='grc' dir='ltr'>τὰ</span> <span class='ocrx_word' id='word_1_729' title='bbox 297 4479 380 4550; x_wconf 76' lang='grc' dir='ltr'><strong>ἐφ’</strong></span> <span class='ocrx_word' id='word_1_730' title='bbox 407 4475 487 4542; x_wconf 79' lang='grc' dir='ltr'>οἷς</span> <span class='ocrx_word' id='word_1_731' title='bbox 519 4476 939 4550; x_wconf 89' lang='grc' dir='ltr'>σεμνύνονταιοί</span> <span class='ocrx_word' id='word_1_732' title='bbox 973 4477 1083 4530; x_wconf 76' lang='grc' dir='ltr'>θεοὶ</span> <span class='ocrx_word' id='word_1_733' title='bbox 1116 4476 1437 4545; x_wconf 80' lang='grc' dir='ltr'>ἀγνοοῦντες</span> <span class='ocrx_word' id='word_1_734' title='bbox 1469 4495 1487 4528; x_wconf 79' lang='grc' dir='ltr'><strong>ι</strong></span> <span class='ocrx_word' id='word_1_735' title='bbox 1523 4469 1598 4531; x_wconf 86' lang='grc' dir='ltr'>ὧν</span> <span class='ocrx_word' id='word_1_736' title='bbox 1624 4474 1754 4529; x_wconf 90' lang='grc' dir='ltr'>πολ-</span> 
     </span>
    </p>
   </div>
   <div class='ocr_carea' id='block_1_93' title="bbox 179 4566 1757 4642">
    <p class='ocr_par' dir='ltr' id='par_1_93' title="bbox 179 4566 1757 4642">
     <span class='ocr_line' id='line_1_93' title="bbox 179 4566 1757 4642; baseline -0.003 -18"><span class='ocrx_word' id='word_1_737' title='bbox 179 4572 339 4634; x_wconf 82' lang='grc' dir='ltr'>λάκις</span> <span class='ocrx_word' id='word_1_738' title='bbox 363 4569 538 4642; x_wconf 83' lang='grc' dir='ltr'>ήδόξα</span> <span class='ocrx_word' id='word_1_739' title='bbox 562 4571 619 4623; x_wconf 86' lang='grc' dir='ltr'>ὲν</span> <span class='ocrx_word' id='word_1_740' title='bbox 635 4571 698 4640; x_wconf 81' lang='grc' dir='ltr'>τῇ</span> <span class='ocrx_word' id='word_1_741' title='bbox 723 4567 950 4641; x_wconf 79' lang='grc' dir='ltr'>αἰσχύνῃ</span> <span class='ocrx_word' id='word_1_742' title='bbox 973 4587 989 4619; x_wconf 76' lang='grc' dir='ltr'><strong>ι</strong></span> <span class='ocrx_word' id='word_1_743' title='bbox 1019 4568 1272 4638; x_wconf 85' lang='grc' dir='ltr'>τυγχάνει</span> <span class='ocrx_word' id='word_1_744' title='bbox 1303 4567 1446 4621; x_wconf 77' lang='grc' dir='ltr'>κατὰ</span> <span class='ocrx_word' id='word_1_745' title='bbox 1475 4567 1565 4621; x_wconf 87' lang='grc' dir='ltr'><strong>τὸν</strong></span> <span class='ocrx_word' id='word_1_746' title='bbox 1599 4566 1757 4620; x_wconf 82' lang='grc' dir='ltr'>Ἀπό-</span> 
     </span>
    </p>
   </div>
   <div class='ocr_carea' id='block_1_94' title="bbox 185 4652 1751 4730">
    <p class='ocr_par' dir='ltr' id='par_1_94' title="bbox 185 4652 1751 4730">
     <span class='ocr_line' id='line_1_94' title="bbox 185 4652 1751 4730; baseline -0.004 -14"><span class='ocrx_word' id='word_1_747' title='bbox 185 4663 401 4727; x_wconf 85' lang='grc' dir='ltr'>στολον;</span> <span class='ocrx_word' id='word_1_748' title='bbox 435 4661 540 4715; x_wconf 89' lang='grc' dir='ltr'>Τοῦ</span> <span class='ocrx_word' id='word_1_749' title='bbox 573 4661 630 4713; x_wconf 86' lang='grc' dir='ltr'>δὲ</span> <span class='ocrx_word' id='word_1_750' title='bbox 656 4660 808 4730; x_wconf 90' lang='grc' dir='ltr'>άγίου</span> <span class='ocrx_word' id='word_1_751' title='bbox 825 4658 950 4724; x_wconf 84' lang='grc' dir='ltr'>δόξα</span> <span class='ocrx_word' id='word_1_752' title='bbox 977 4659 1127 4723; x_wconf 86' lang='grc' dir='ltr'>Θεὸς,</span> <span class='ocrx_word' id='word_1_753' title='bbox 1147 4652 1191 4728; x_wconf 81' lang='grc' dir='ltr'><strong>ᾧ</strong></span> <span class='ocrx_word' id='word_1_754' title='bbox 1207 4657 1452 4725; x_wconf 78' lang='grc' dir='ltr'>πέποιθε,</span> <span class='ocrx_word' id='word_1_755' title='bbox 1476 4659 1751 4729; x_wconf 71' lang='grc' dir='ltr'>τυγχάνειο</span> 
     </span>
    </p>
   </div>
   <div class='ocr_carea' id='block_1_95' title="bbox 183 4749 1755 4825">
    <p class='ocr_par' dir='ltr' id='par_1_95' title="bbox 183 4749 1755 4825">
     <span class='ocr_line' id='line_1_95' title="bbox 183 4749 1755 4825; baseline -0.005 -15"><span class='ocrx_word' id='word_1_756' title='bbox 183 4756 279 4810; x_wconf 74' lang='grc' dir='ltr'><strong>καὶ</strong></span> <span class='ocrx_word' id='word_1_757' title='bbox 304 4756 402 4825; x_wconf 81' lang='grc' dir='ltr'><strong>οὐχ</strong></span> <span class='ocrx_word' id='word_1_758' title='bbox 434 4754 509 4817; x_wconf 83' lang='grc' dir='ltr'>ὡς</span> <span class='ocrx_word' id='word_1_759' title='bbox 535 4753 690 4824; x_wconf 84' lang='grc' dir='ltr'>ἔτυχε</span> <span class='ocrx_word' id='word_1_760' title='bbox 725 4750 1150 4822; x_wconf 82' lang='grc' dir='ltr'>πεπιστευμένη,</span> <span class='ocrx_word' id='word_1_761' title='bbox 1179 4751 1315 4804; x_wconf 83' lang='grc' dir='ltr'>ἀλλὰ</span> <span class='ocrx_word' id='word_1_762' title='bbox 1333 4750 1511 4803; x_wconf 89' lang='grc' dir='ltr'>πίστει</span> <span class='ocrx_word' id='word_1_763' title='bbox 1544 4749 1755 4820; x_wconf 76' lang='grc' dir='ltr'>λογιζο-</span> 
     </span>
    </p>
   </div>
   <div class='ocr_carea' id='block_1_96' title="bbox 188 4841 1757 4919">
    <p class='ocr_par' dir='ltr' id='par_1_96' title="bbox 188 4841 1757 4919">
     <span class='ocr_line' id='line_1_96' title="bbox 188 4841 1757 4919; baseline -0.004 -18"><span class='ocrx_word' id='word_1_764' title='bbox 188 4848 322 4919; x_wconf 81' lang='grc' dir='ltr'>μένῃ</span> <span class='ocrx_word' id='word_1_765' title='bbox 349 4849 429 4910; x_wconf 91' lang='grc' dir='ltr'><strong>εἰς</strong></span> <span class='ocrx_word' id='word_1_766' title='bbox 460 4843 822 4915; x_wconf 88' lang='grc' dir='ltr'>δικαιοσύνην,</span> <span class='ocrx_word' id='word_1_767' title='bbox 844 4843 908 4896; x_wconf 90' lang='grc' dir='ltr'>δι’</span> <span class='ocrx_word' id='word_1_768' title='bbox 939 4843 1006 4914; x_wconf 83' lang='grc' dir='ltr'>ἣν</span> <span class='ocrx_word' id='word_1_769' title='bbox 1038 4843 1129 4894; x_wconf 75' lang='grc' dir='ltr'><strong>καὶ</strong></span> <span class='ocrx_word' id='word_1_770' title='bbox 1160 4844 1356 4914; x_wconf 87' lang='grc' dir='ltr'>σημεῖα</span> <span class='ocrx_word' id='word_1_771' title='bbox 1383 4841 1517 4896; x_wconf 87' lang='grc' dir='ltr'>Θεοῦ</span> <span class='ocrx_word' id='word_1_772' title='bbox 1551 4860 1757 4914; x_wconf 91' lang='grc' dir='ltr'>παρου-</span> 
     </span>
    </p>
   </div>
   <div class='ocr_carea' id='block_1_97' title="bbox 186 4933 1762 5008">
    <p class='ocr_par' dir='ltr' id='par_1_97' title="bbox 186 4933 1762 5008">
     <span class='ocr_line' id='line_1_97' title="bbox 186 4933 1762 5008; baseline -0.003 -16"><span class='ocrx_word' id='word_1_773' title='bbox 186 4941 307 5004; x_wconf 87' lang='grc' dir='ltr'>σίας</span> <span class='ocrx_word' id='word_1_774' title='bbox 366 4939 458 4994; x_wconf 75' lang='grc' dir='ltr'><strong>καὶ</strong></span> <span class='ocrx_word' id='word_1_775' title='bbox 499 4938 598 5008; x_wconf 80' lang='grc' dir='ltr'>τῆς</span> <span class='ocrx_word' id='word_1_776' title='bbox 647 4936 926 5008; x_wconf 87' lang='grc' dir='ltr'>δυνάμεως</span> <span class='ocrx_word' id='word_1_777' title='bbox 963 4933 1124 4988; x_wconf 83' lang='grc' dir='ltr'>αὐτοῦ</span> <span class='ocrx_word' id='word_1_778' title='bbox 1167 4935 1450 4999; x_wconf 83' lang='grc' dir='ltr'>κοινωνίας</span> <span class='ocrx_word' id='word_1_779' title='bbox 1485 4935 1762 5007; x_wconf 78' lang='grc' dir='ltr'>θεωρῆσαι</span> 
     </span>
    </p>
   </div>
   <div class='ocr_carea' id='block_1_98' title="bbox 185 5023 1762 5098">
    <p class='ocr_par' dir='ltr' id='par_1_98' title="bbox 185 5023 1762 5098">
     <span class='ocr_line' id='line_1_98' title="bbox 185 5023 1762 5098; baseline -0.004 -12"><span class='ocrx_word' id='word_1_780' title='bbox 185 5031 408 5086; x_wconf 83' lang='grc' dir='ltr'>δυνατόν</span> <span class='ocrx_word' id='word_1_781' title='bbox 440 5031 606 5084; x_wconf 73' lang='grc' dir='ltr'>ἐστιν’</span> <span class='ocrx_word' id='word_1_782' title='bbox 650 5023 758 5082; x_wconf 76' lang='grc' dir='ltr'>οἷον</span> <span class='ocrx_word' id='word_1_783' title='bbox 789 5027 915 5092; x_wconf 78' lang='grc' dir='ltr'>δόξα</span> <span class='ocrx_word' id='word_1_784' title='bbox 946 5026 1226 5089; x_wconf 79' lang='grc' dir='ltr'>Μωῦσέως</span> <span class='ocrx_word' id='word_1_785' title='bbox 1256 5027 1285 5079; x_wconf 89' lang='lat'><strong>6</strong></span> <span class='ocrx_word' id='word_1_786' title='bbox 1310 5025 1441 5090; x_wconf 84' lang='grc' dir='ltr'>Θεὸς</span> <span class='ocrx_word' id='word_1_787' title='bbox 1473 5027 1568 5080; x_wconf 76' lang='grc' dir='ltr'>καὶ</span> <span class='ocrx_word' id='word_1_788' title='bbox 1600 5026 1762 5098; x_wconf 78' lang='grc' dir='ltr'>μέχρι</span> 
     </span>
    </p>
   </div>
   <div class='ocr_carea' id='block_1_99' title="bbox 186 5117 1762 5196">
    <p class='ocr_par' dir='ltr' id='par_1_99' title="bbox 186 5117 1762 5196">
     <span class='ocr_line' id='line_1_99' title="bbox 186 5117 1762 5196; baseline -0.007 -19"><span class='ocrx_word' id='word_1_789' title='bbox 186 5121 474 5196; x_wconf 88' lang='grc' dir='ltr'>προσώπου</span> <span class='ocrx_word' id='word_1_790' title='bbox 507 5120 670 5175; x_wconf 84' lang='grc' dir='ltr'>αὐτοῦ</span> <span class='ocrx_word' id='word_1_791' title='bbox 721 5118 1014 5193; x_wconf 86' lang='grc' dir='ltr'>μαρτυρῶν</span> <span class='ocrx_word' id='word_1_792' title='bbox 1057 5121 1123 5190; x_wconf 83' lang='grc' dir='ltr'>τῇ</span> <span class='ocrx_word' id='word_1_793' title='bbox 1168 5117 1319 5190; x_wconf 80' lang='grc' dir='ltr'>φιλίᾳ</span> <span class='ocrx_word' id='word_1_794' title='bbox 1361 5118 1455 5172; x_wconf 88' lang='grc' dir='ltr'><strong>τοῦ</strong></span> <span class='ocrx_word' id='word_1_795' title='bbox 1481 5121 1762 5192; x_wconf 83' lang='grc' dir='ltr'>προφήτου</span> 
     </span>
    </p>
   </div>
   <div class='ocr_carea' id='block_1_100' title="bbox 186 5210 1762 5283">
    <p class='ocr_par' dir='ltr' id='par_1_100' title="bbox 186 5210 1762 5283">
     <span class='ocr_line' id='line_1_100' title="bbox 186 5210 1762 5283; baseline -0.002 -15"><span class='ocrx_word' id='word_1_796' title='bbox 186 5216 280 5269; x_wconf 69' lang='grc' dir='ltr'><strong>καὶ</strong></span> <span class='ocrx_word' id='word_1_797' title='bbox 326 5215 418 5267; x_wconf 74' lang='grc' dir='ltr'>ἐπὶ</span> <span class='ocrx_word' id='word_1_798' title='bbox 475 5213 674 5277; x_wconf 86' lang='grc' dir='ltr'>παντὸς</span> <span class='ocrx_word' id='word_1_799' title='bbox 723 5211 816 5266; x_wconf 90' lang='grc' dir='ltr'><strong>τοῦ</strong></span> <span class='ocrx_word' id='word_1_800' title='bbox 862 5210 1125 5283; x_wconf 85' lang='grc' dir='ltr'>Ἐϐραίων</span> <span class='ocrx_word' id='word_1_801' title='bbox 1156 5210 1285 5264; x_wconf 89' lang='grc' dir='ltr'>λαοῦ</span> <span class='ocrx_word' id='word_1_802' title='bbox 1312 5211 1405 5264; x_wconf 76' lang='grc' dir='ltr'>καὶ</span> <span class='ocrx_word' id='word_1_803' title='bbox 1448 5210 1762 5280; x_wconf 78' lang='grc' dir='ltr'>Αἰγυπτίων</span> 
     </span>
    </p>
   </div>
   <div class='ocr_carea' id='block_1_101' title="bbox 187 5299 1758 5376">
    <p class='ocr_par' dir='ltr' id='par_1_101' title="bbox 187 5299 1758 5376">
     <span class='ocr_line' id='line_1_101' title="bbox 187 5299 1758 5376; baseline -0.004 -16"><span class='ocrx_word' id='word_1_804' title='bbox 187 5306 464 5376; x_wconf 77' lang='grc' dir='ltr'>ἐμφανῶς.</span> <span class='ocrx_word' id='word_1_805' title='bbox 504 5305 640 5372; x_wconf 81' lang='grc' dir='ltr'>Δόξα</span> <span class='ocrx_word' id='word_1_806' title='bbox 671 5304 728 5357; x_wconf 80' lang='grc' dir='ltr'>δὲ</span> <span class='ocrx_word' id='word_1_807' title='bbox 775 5302 954 5356; x_wconf 85' lang='grc' dir='ltr'>Ἠλίου</span> <span class='ocrx_word' id='word_1_808' title='bbox 984 5303 1076 5356; x_wconf 89' lang='grc' dir='ltr'><strong>τοῦ</strong></span> <span class='ocrx_word' id='word_1_809' title='bbox 1119 5303 1401 5374; x_wconf 81' lang='grc' dir='ltr'>προφήτου</span> <span class='ocrx_word' id='word_1_810' title='bbox 1445 5304 1474 5354; x_wconf 90' lang='lat'><strong>6</strong></span> <span class='ocrx_word' id='word_1_811' title='bbox 1502 5301 1634 5366; x_wconf 87' lang='grc' dir='ltr'>Θεὸς</span> <span class='ocrx_word' id='word_1_812' title='bbox 1669 5299 1758 5374; x_wconf 76' lang='grc' dir='ltr'>ἦν,</span> 
     </span>
    </p>
   </div>
   <div class='ocr_carea' id='block_1_102' title="bbox 186 5395 1764 5469">
    <p class='ocr_par' dir='ltr' id='par_1_102' title="bbox 186 5395 1764 5469">
     <span class='ocr_line' id='line_1_102' title="bbox 186 5395 1764 5469; baseline -0.001 -17"><span class='ocrx_word' id='word_1_813' title='bbox 186 5397 508 5463; x_wconf 81' lang='grc' dir='ltr'>ἀνιστῶντος</span> <span class='ocrx_word' id='word_1_814' title='bbox 536 5397 628 5452; x_wconf 90' lang='grc' dir='ltr'><strong>τὸν</strong></span> <span class='ocrx_word' id='word_1_815' title='bbox 665 5396 765 5468; x_wconf 84' lang='grc' dir='ltr'>τῆς</span> <span class='ocrx_word' id='word_1_816' title='bbox 791 5398 966 5469; x_wconf 89' lang='grc' dir='ltr'>χήρας</span> <span class='ocrx_word' id='word_1_817' title='bbox 1000 5397 1134 5462; x_wconf 85' lang='grc' dir='ltr'>υἱὸν,</span> <span class='ocrx_word' id='word_1_818' title='bbox 1170 5399 1265 5451; x_wconf 76' lang='grc' dir='ltr'><strong>καὶ</strong></span> <span class='ocrx_word' id='word_1_819' title='bbox 1300 5395 1594 5468; x_wconf 84' lang='grc' dir='ltr'>εὐχομένου</span> <span class='ocrx_word' id='word_1_820' title='bbox 1634 5399 1764 5469; x_wconf 74' lang='grc' dir='ltr'>περὶ</span> 
     </span>
    </p>
   </div>
   <div class='ocr_carea' id='block_1_103' title="bbox 1863 4477 3441 4549">
    <p class='ocr_par' dir='ltr' id='par_1_103' title="bbox 1863 4477 3441 4549">
     <span class='ocr_line' id='line_1_103' title="bbox 1863 4477 3441 4549; baseline 0 -18"><span class='ocrx_word' id='word_1_821' title='bbox 1863 4477 2056 4548; x_wconf 90' lang='lat' dir='ltr'><strong>gloria,</strong></span> <span class='ocrx_word' id='word_1_822' title='bbox 2090 4479 2333 4549; x_wconf 89' lang='lat' dir='ltr'><strong>inquam,</strong></span> <span class='ocrx_word' id='word_1_823' title='bbox 2379 4493 2489 4533; x_wconf 92' lang='lat' dir='ltr'><strong>non</strong></span> <span class='ocrx_word' id='word_1_824' title='bbox 2533 4487 2737 4532; x_wconf 89' lang='lat' dir='ltr'><strong>temere</strong></span> <span class='ocrx_word' id='word_1_825' title='bbox 2787 4477 3018 4542; x_wconf 91' lang='lat' dir='ltr'><strong>credita,</strong></span> <span class='ocrx_word' id='word_1_826' title='bbox 3052 4478 3147 4532; x_wconf 89' lang='lat' dir='ltr'><strong>sed</strong></span> <span class='ocrx_word' id='word_1_827' title='bbox 3186 4477 3289 4532; x_wconf 86' lang='lat' dir='ltr'><strong>ﬁde</strong></span> <span class='ocrx_word' id='word_1_828' title='bbox 3319 4491 3441 4547; x_wconf 67' lang='lat' dir='ltr'><strong>quae</strong></span> 
     </span>
    </p>
   </div>
   <div class='ocr_carea' id='block_1_104' title="bbox 1865 4570 3438 4642">
    <p class='ocr_par' dir='ltr' id='par_1_104' title="bbox 1865 4570 3438 4642">
     <span class='ocr_line' id='line_1_104' title="bbox 1865 4570 3438 4642; baseline 0 -18"><span class='ocrx_word' id='word_1_829' title='bbox 1865 4580 2151 4639; x_wconf 86' lang='lat' dir='ltr'><strong>reputatur</strong></span> <span class='ocrx_word' id='word_1_830' title='bbox 2197 4572 2264 4625; x_wconf 89' lang='lat' dir='ltr'><strong>ad</strong></span> <span class='ocrx_word' id='word_1_831' title='bbox 2310 4570 2613 4642; x_wconf 87' lang='lat' dir='ltr'><strong>justitiam,</strong></span> <span class='ocrx_word' id='word_1_832' title='bbox 2655 4585 2751 4640; x_wconf 91' lang='lat' dir='ltr'><strong>per</strong></span> <span class='ocrx_word' id='word_1_833' title='bbox 2791 4585 2952 4640; x_wconf 90' lang='lat' dir='ltr'><strong>quam</strong></span> <span class='ocrx_word' id='word_1_834' title='bbox 2993 4579 3047 4626; x_wconf 90' lang='lat' dir='ltr'><strong>et</strong></span> <span class='ocrx_word' id='word_1_835' title='bbox 3098 4573 3250 4641; x_wconf 82' lang='lat' dir='ltr'><strong>signa</strong></span> <span class='ocrx_word' id='word_1_836' title='bbox 3296 4585 3438 4641; x_wconf 68' lang='lat' dir='ltr'><strong>prae-</strong></span> 
     </span>
    </p>
   </div>
   <div class='ocr_carea' id='block_1_105' title="bbox 1863 4661 3437 4732">
    <p class='ocr_par' dir='ltr' id='par_1_105' title="bbox 1863 4661 3437 4732">
     <span class='ocr_line' id='line_1_105' title="bbox 1863 4661 3437 4732; baseline -0.001 -14"><span class='ocrx_word' id='word_1_837' title='bbox 1863 4661 2050 4718; x_wconf 71' lang='lat' dir='ltr'><strong>sentia:</strong></span> <span class='ocrx_word' id='word_1_838' title='bbox 2077 4661 2174 4717; x_wconf 92' lang='lat' dir='ltr'><strong>Dei</strong></span> <span class='ocrx_word' id='word_1_839' title='bbox 2199 4671 2255 4717; x_wconf 93' lang='lat' dir='ltr'><strong>et</strong></span> <span class='ocrx_word' id='word_1_840' title='bbox 2285 4661 2686 4717; x_wconf 87' lang='lat' dir='ltr'><strong>communionis</strong></span> <span class='ocrx_word' id='word_1_841' title='bbox 2709 4663 2930 4718; x_wconf 85' lang='lat' dir='ltr'><strong>virtutis</strong></span> <span class='ocrx_word' id='word_1_842' title='bbox 2949 4661 3066 4732; x_wconf 89' lang='lat' dir='ltr'><strong>ejus</strong></span> <span class='ocrx_word' id='word_1_843' title='bbox 3097 4664 3287 4720; x_wconf 81' lang='lat' dir='ltr'><strong>videre</strong></span> <span class='ocrx_word' id='word_1_844' title='bbox 3326 4673 3437 4718; x_wconf 89' lang='lat' dir='ltr'><strong>est.</strong></span> 
     </span>
    </p>
   </div>
   <div class='ocr_carea' id='block_1_106' title="bbox 1865 4751 3440 4824">
    <p class='ocr_par' dir='ltr' id='par_1_106' title="bbox 1865 4751 3440 4824">
     <span class='ocr_line' id='line_1_106' title="bbox 1865 4751 3440 4824; baseline 0 -16"><span class='ocrx_word' id='word_1_845' title='bbox 1865 4752 1959 4809; x_wconf 91' lang='lat' dir='ltr'><strong>Sic</strong></span> <span class='ocrx_word' id='word_1_846' title='bbox 2004 4751 2207 4824; x_wconf 84' lang='lat' dir='ltr'><strong>Moysis</strong></span> <span class='ocrx_word' id='word_1_847' title='bbox 2257 4753 2428 4823; x_wconf 75' lang='lat' dir='ltr'><strong>gloria</strong></span> <span class='ocrx_word' id='word_1_848' title='bbox 2463 4762 2586 4808; x_wconf 88' lang='lat' dir='ltr'><strong>erat</strong></span> <span class='ocrx_word' id='word_1_849' title='bbox 2623 4754 2764 4808; x_wconf 86' lang='lat' dir='ltr'><strong>Deus</strong></span> <span class='ocrx_word' id='word_1_850' title='bbox 2792 4755 2881 4823; x_wconf 93' lang='lat' dir='ltr'><strong>qui</strong></span> <span class='ocrx_word' id='word_1_851' title='bbox 2923 4765 3184 4824; x_wconf 89' lang='lat' dir='ltr'><strong>quantum</strong></span> <span class='ocrx_word' id='word_1_852' title='bbox 3227 4765 3440 4810; x_wconf 87' lang='lat' dir='ltr'><strong>amaret</strong></span> 
     </span>
    </p>
   </div>
   <div class='ocr_carea' id='block_1_107' title="bbox 1864 4843 3436 4915">
    <p class='ocr_par' dir='ltr' id='par_1_107' title="bbox 1864 4843 3436 4915">
     <span class='ocr_line' id='line_1_107' title="bbox 1864 4843 3436 4915; baseline 0.003 -17"><span class='ocrx_word' id='word_1_853' title='bbox 1864 4843 2208 4914; x_wconf 88' lang='lat' dir='ltr'><strong>prophetam,</strong></span> <span class='ocrx_word' id='word_1_854' title='bbox 2243 4845 2407 4899; x_wconf 88' lang='lat' dir='ltr'><strong>etiam</strong></span> <span class='ocrx_word' id='word_1_855' title='bbox 2436 4860 2608 4915; x_wconf 86' lang='lat' dir='ltr'><strong>usque</strong></span> <span class='ocrx_word' id='word_1_856' title='bbox 2638 4846 2704 4898; x_wconf 88' lang='lat' dir='ltr'><strong>ad</strong></span> <span class='ocrx_word' id='word_1_857' title='bbox 2740 4845 2898 4900; x_wconf 82' lang='lat' dir='ltr'><strong>faciei</strong></span> <span class='ocrx_word' id='word_1_858' title='bbox 2933 4861 3043 4901; x_wconf 66' lang='lat' dir='ltr'><strong>suae</strong></span> <span class='ocrx_word' id='word_1_859' title='bbox 3069 4849 3436 4904; x_wconf 86' lang='lat' dir='ltr'><strong>ostensionem</strong></span> 
     </span>
    </p>
   </div>
   <div class='ocr_carea' id='block_1_108' title="bbox 1866 4937 3438 5010">
    <p class='ocr_par' dir='ltr' id='par_1_108' title="bbox 1866 4937 3438 5010">
     <span class='ocr_line' id='line_1_108' title="bbox 1866 4937 3438 5010; baseline 0.002 -18"><span class='ocrx_word' id='word_1_860' title='bbox 1866 4938 2165 4992; x_wconf 87' lang='lat' dir='ltr'><strong>declaravit</strong></span> <span class='ocrx_word' id='word_1_861' title='bbox 2201 4947 2256 4991; x_wconf 92' lang='lat' dir='ltr'><strong>et</strong></span> <span class='ocrx_word' id='word_1_862' title='bbox 2303 4951 2485 4992; x_wconf 90' lang='lat' dir='ltr'><strong>coram</strong></span> <span class='ocrx_word' id='word_1_863' title='bbox 2535 4938 2683 4993; x_wconf 86' lang='lat' dir='ltr'><strong>omni</strong></span> <span class='ocrx_word' id='word_1_864' title='bbox 2737 4937 3090 4994; x_wconf 51' lang='lat' dir='ltr'><strong>Hebraeorum</strong></span> <span class='ocrx_word' id='word_1_865' title='bbox 3131 4939 3330 5010; x_wconf 87' lang='lat' dir='ltr'><strong>populo</strong></span> <span class='ocrx_word' id='word_1_866' title='bbox 3379 4951 3438 4995; x_wconf 87' lang='lat' dir='ltr'><strong>et</strong></span> 
     </span>
    </p>
   </div>
   <div class='ocr_carea' id='block_1_109' title="bbox 1865 5027 3438 5102">
    <p class='ocr_par' dir='ltr' id='par_1_109' title="bbox 1865 5027 3438 5102">
     <span class='ocr_line' id='line_1_109' title="bbox 1865 5027 3438 5102; baseline -0.001 -17"><span class='ocrx_word' id='word_1_867' title='bbox 1865 5043 2050 5085; x_wconf 88' lang='lat' dir='ltr'><strong>coram</strong></span> <span class='ocrx_word' id='word_1_868' title='bbox 2105 5027 2397 5099; x_wconf 67' lang='lat' dir='ltr'><strong>Egyptiis.</strong></span> <span class='ocrx_word' id='word_1_869' title='bbox 2463 5029 2596 5085; x_wconf 86' lang='lat' dir='ltr'><strong>Erat</strong></span> <span class='ocrx_word' id='word_1_870' title='bbox 2641 5030 2808 5085; x_wconf 89' lang='lat' dir='ltr'><strong>etiam</strong></span> <span class='ocrx_word' id='word_1_871' title='bbox 2861 5030 3006 5086; x_wconf 87' lang='lat' dir='ltr'><strong>Deus</strong></span> <span class='ocrx_word' id='word_1_872' title='bbox 3071 5031 3246 5102; x_wconf 90' lang='lat' dir='ltr'><strong>gloria</strong></span> <span class='ocrx_word' id='word_1_873' title='bbox 3307 5031 3438 5085; x_wconf 74' lang='lat' dir='ltr'><strong>Elia:</strong></span> 
     </span>
    </p>
   </div>
   <div class='ocr_carea' id='block_1_110' title="bbox 1868 5119 3432 5191">
    <p class='ocr_par' dir='ltr' id='par_1_110' title="bbox 1868 5119 3432 5191">
     <span class='ocr_line' id='line_1_110' title="bbox 1868 5119 3432 5191; baseline 0.001 -17"><span class='ocrx_word' id='word_1_874' title='bbox 1868 5119 2148 5191; x_wconf 72' lang='lat' dir='ltr'><strong>propheta:</strong></span> <span class='ocrx_word' id='word_1_875' title='bbox 2183 5122 2274 5190; x_wconf 90' lang='lat' dir='ltr'><strong>qui</strong></span> <span class='ocrx_word' id='word_1_876' title='bbox 2303 5121 2477 5175; x_wconf 70' lang='lat' dir='ltr'><strong>vidua:</strong></span> <span class='ocrx_word' id='word_1_877' title='bbox 2509 5121 2676 5174; x_wconf 87' lang='lat' dir='ltr'><strong>tilium</strong></span> <span class='ocrx_word' id='word_1_878' title='bbox 2721 5122 3025 5190; x_wconf 83' lang='lat' dir='ltr'><strong>suscitavit,</strong></span> <span class='ocrx_word' id='word_1_879' title='bbox 3059 5132 3116 5177; x_wconf 91' lang='lat' dir='ltr'><strong>et</strong></span> <span class='ocrx_word' id='word_1_880' title='bbox 3152 5124 3331 5178; x_wconf 86' lang='lat' dir='ltr'><strong>oravit</strong></span> <span class='ocrx_word' id='word_1_881' title='bbox 3361 5123 3432 5176; x_wconf 89' lang='lat' dir='ltr'><strong>ad</strong></span> 
     </span>
    </p>
   </div>
   <div class='ocr_carea' id='block_1_111' title="bbox 1867 5212 3434 5281">
    <p class='ocr_par' dir='ltr' id='par_1_111' title="bbox 1867 5212 3434 5281">
     <span class='ocr_line' id='line_1_111' title="bbox 1867 5212 3434 5281; baseline -0.003 -13"><span class='ocrx_word' id='word_1_882' title='bbox 1867 5212 2219 5268; x_wconf 88' lang='lat' dir='ltr'><strong>obtinendam</strong></span> <span class='ocrx_word' id='word_1_883' title='bbox 2248 5212 2506 5281; x_wconf 88' lang='lat' dir='ltr'><strong>pluviam,</strong></span> <span class='ocrx_word' id='word_1_884' title='bbox 2545 5221 2602 5270; x_wconf 87' lang='lat' dir='ltr'><strong>et</strong></span> <span class='ocrx_word' id='word_1_885' title='bbox 2643 5212 2902 5269; x_wconf 89' lang='lat' dir='ltr'><strong>continuo</strong></span> <span class='ocrx_word' id='word_1_886' title='bbox 2935 5214 3224 5269; x_wconf 84' lang='lat' dir='ltr'><strong>exauditus</strong></span> <span class='ocrx_word' id='word_1_887' title='bbox 3251 5222 3336 5268; x_wconf 90' lang='lat' dir='ltr'><strong>est</strong></span> <span class='ocrx_word' id='word_1_888' title='bbox 3367 5212 3434 5264; x_wconf 77' lang='grc'>⁷⁸.</span> 
     </span>
    </p>
   </div>
   <div class='ocr_carea' id='block_1_112' title="bbox 1871 5300 3438 5376">
    <p class='ocr_par' dir='ltr' id='par_1_112' title="bbox 1871 5300 3438 5376">
     <span class='ocr_line' id='line_1_112' title="bbox 1871 5300 3438 5376; baseline -0.001 -18"><span class='ocrx_word' id='word_1_889' title='bbox 1871 5303 2046 5359; x_wconf 74' lang='lat' dir='ltr'><strong>Verax</strong></span> <span class='ocrx_word' id='word_1_890' title='bbox 2080 5319 2210 5376; x_wconf 91' lang='lat' dir='ltr'><strong>ergo</strong></span> <span class='ocrx_word' id='word_1_891' title='bbox 2235 5303 2404 5369; x_wconf 88' lang='lat' dir='ltr'><strong>Deus,</strong></span> <span class='ocrx_word' id='word_1_892' title='bbox 2436 5320 2561 5358; x_wconf 91' lang='lat' dir='ltr'><strong>cum</strong></span> <span class='ocrx_word' id='word_1_893' title='bbox 2596 5303 2672 5358; x_wconf 91' lang='lat' dir='ltr'><strong>ait</strong></span> <span class='ocrx_word' id='word_1_894' title='bbox 2700 5324 2713 5360; x_wconf 91' lang='lat'>:</span> <span class='ocrx_word' id='word_1_895' title='bbox 2753 5321 2775 5356; x_wconf 73' lang='grc' dir='ltr'><strong>ι</strong></span> <span class='ocrx_word' id='word_1_896' title='bbox 2813 5303 3194 5359; x_wconf 86' lang='lat' dir='ltr'><strong>Glorilicantes</strong></span> <span class='ocrx_word' id='word_1_897' title='bbox 3215 5318 3300 5357; x_wconf 89' lang='lat' dir='ltr'><strong>me</strong></span> <span class='ocrx_word' id='word_1_898' title='bbox 3321 5300 3438 5373; x_wconf 90' lang='lat' dir='ltr'><strong>glo-</strong></span> 
     </span>
    </p>
   </div>
   <div class='ocr_carea' id='block_1_113' title="bbox 1869 5392 3439 5467">
    <p class='ocr_par' dir='ltr' id='par_1_113' title="bbox 1869 5392 3439 5467">
     <span class='ocr_line' id='line_1_113' title="bbox 1869 5392 3439 5467; baseline -0.004 -15"><span class='ocrx_word' id='word_1_899' title='bbox 1869 5398 2112 5454; x_wconf 86' lang='lat' dir='ltr'><strong>riﬁcabo.</strong></span> <span class='ocrx_word' id='word_1_900' title='bbox 2150 5415 2169 5449; x_wconf 77' lang='grc' dir='ltr'><strong>ι</strong></span> <span class='ocrx_word' id='word_1_901' title='bbox 2205 5396 2321 5451; x_wconf 86' lang='lat' dir='ltr'><strong>Non</strong></span> <span class='ocrx_word' id='word_1_902' title='bbox 2359 5395 2539 5451; x_wconf 84' lang='lat' dir='ltr'><strong>minus</strong></span> <span class='ocrx_word' id='word_1_903' title='bbox 2562 5405 2745 5450; x_wconf 86' lang='lat' dir='ltr'><strong>autem</strong></span> <span class='ocrx_word' id='word_1_904' title='bbox 2774 5410 2938 5467; x_wconf 87' lang='lat' dir='ltr'><strong>quam</strong></span> <span class='ocrx_word' id='word_1_905' title='bbox 2964 5395 3181 5450; x_wconf 88' lang='lat' dir='ltr'><strong>illorum</strong></span> <span class='ocrx_word' id='word_1_906' title='bbox 3212 5394 3305 5466; x_wconf 92' lang='lat' dir='ltr'><strong>qui</strong></span> <span class='ocrx_word' id='word_1_907' title='bbox 3337 5392 3439 5448; x_wconf 86' lang='lat' dir='ltr'><strong>tui-</strong></span> 
     </span>
    </p>
   </div>
   <div class='ocr_carea' id='block_1_114' title="bbox 259 5539 2538 5614">
    <p class='ocr_par' dir='ltr' id='par_1_114' title="bbox 259 5539 2538 5614">
     <span class='ocr_line' id='line_1_114' title="bbox 259 5539 2538 5614; baseline -0 -18"><span class='ocrx_word' id='word_1_908' title='bbox 259 5543 302 5575; x_wconf 85' lang='lat'><strong>&quot;’</strong></span> <span class='ocrx_word' id='word_1_909' title='bbox 331 5541 472 5597; x_wconf 87' lang='lat' dir='ltr'><strong>Psal.</strong></span> <span class='ocrx_word' id='word_1_910' title='bbox 503 5541 814 5609; x_wconf 71' lang='lat' dir='ltr'><strong>xxxrtt,20.</strong></span> <span class='ocrx_word' id='word_1_911' title='bbox 889 5541 934 5573; x_wconf 77' lang='grc'>⁸⁸</span> <span class='ocrx_word' id='word_1_912' title='bbox 963 5539 1202 5613; x_wconf 91' lang='lat' dir='ltr'><strong>Philipp.</strong></span> <span class='ocrx_word' id='word_1_913' title='bbox 1235 5558 1294 5607; x_wconf 88' lang='lat' dir='ltr'><strong>tt,</strong></span> <span class='ocrx_word' id='word_1_914' title='bbox 1332 5541 1389 5598; x_wconf 87' lang='lat'><strong>9.</strong></span> <span class='ocrx_word' id='word_1_915' title='bbox 1467 5543 1510 5575; x_wconf 76' lang='grc'><strong>⁸³</strong></span> <span class='ocrx_word' id='word_1_916' title='bbox 1544 5539 1742 5614; x_wconf 88' lang='lat' dir='ltr'><strong>Philip.</strong></span> <span class='ocrx_word' id='word_1_917' title='bbox 1778 5558 1863 5610; x_wconf 87' lang='lat' dir='ltr'><strong>Ill,</strong></span> <span class='ocrx_word' id='word_1_918' title='bbox 1899 5542 1986 5598; x_wconf 84' lang='lat' dir='ltr'><strong>l9.</strong></span> <span class='ocrx_word' id='word_1_919' title='bbox 2063 5542 2108 5574; x_wconf 82' lang='grc' dir='ltr'><strong>⁷ο</strong></span> <span class='ocrx_word' id='word_1_920' title='bbox 2137 5539 2159 5594; x_wconf 90' lang='grc' dir='ltr'>Ι</span> <span class='ocrx_word' id='word_1_921' title='bbox 2193 5539 2328 5612; x_wconf 79' lang='lat' dir='ltr'><strong>Reg.</strong></span> <span class='ocrx_word' id='word_1_922' title='bbox 2356 5555 2416 5606; x_wconf 90' lang='lat' dir='ltr'><strong>tt,</strong></span> <span class='ocrx_word' id='word_1_923' title='bbox 2449 5539 2538 5595; x_wconf 82' lang='lat'><strong>50.</strong></span> 
     </span>
    </p>
   </div>
   <div class='ocr_carea' id='block_1_115' title="bbox 262 5673 1763 5750">
    <p class='ocr_par' dir='ltr' id='par_1_115' title="bbox 262 5675 1763 5750">
     <span class='ocr_line' id='line_1_115' title="bbox 262 5675 1763 5750; baseline 0.002 -17"><span class='ocrx_word' id='word_1_924' title='bbox 262 5676 374 5750; x_wconf 79' lang='grc'><strong>(84)</strong></span> <span class='ocrx_word' id='word_1_925' title='bbox 411 5677 728 5749; x_wconf 77' lang='grc' dir='ltr'><strong>Ἐὰνμὲνό</strong></span> <span class='ocrx_word' id='word_1_926' title='bbox 764 5675 948 5733; x_wconf 81' lang='grc' dir='ltr'>Δαυῒδ</span> <span class='ocrx_word' id='word_1_927' title='bbox 973 5677 1144 5750; x_wconf 71' lang='grc' dir='ltr'>λέγῃ,</span> <span class='ocrx_word' id='word_1_928' title='bbox 1185 5685 1292 5736; x_wconf 88' lang='lat' dir='ltr'><strong>etc.</strong></span> <span class='ocrx_word' id='word_1_929' title='bbox 1327 5675 1522 5736; x_wconf 76' lang='lat' dir='ltr'><strong>Codex&#39;</strong></span> <span class='ocrx_word' id='word_1_930' title='bbox 1553 5676 1763 5736; x_wconf 88' lang='lat' dir='ltr'><strong>Barocc</strong></span> 
     </span>
    </p>
   </div>
   <div class='ocr_carea' id='block_1_116' title="bbox 1866 5673 2574 5750">
    <p class='ocr_par' dir='ltr' id='par_1_116' title="bbox 1866 5673 2574 5737">
     <span class='ocr_line' id='line_1_116' title="bbox 1866 5673 2574 5737; baseline -0.013 0"><span class='ocrx_word' id='word_1_931' title='bbox 1866 5693 1925 5737; x_wconf 85' lang='lat' dir='ltr'><strong>ns</strong></span> <span class='ocrx_word' id='word_1_932' title='bbox 1979 5685 2036 5735; x_wconf 88' lang='lat' dir='ltr'><strong>et</strong></span> <span class='ocrx_word' id='word_1_933' title='bbox 2063 5673 2256 5732; x_wconf 88' lang='lat' dir='ltr'><strong>Daniel</strong></span> <span class='ocrx_word' id='word_1_934' title='bbox 2280 5673 2574 5732; x_wconf 87' lang='lat' dir='ltr'><strong>Barbarus.</strong></span> 
     </span>
    </p>
   </div>
  </div>
