4046 6152
639 190 789 250 H23

2024 190 2116 244 ex
2154 190 2493 269 ontceue

3760 205 3888 260 1121

640 307 824 363 racula
870 305 1061 370 edunt,
1112 304 1402 361 manifeste
1436 303 1615 376 gloria
1669 314 1755 361 est
1802 305 1983 369 Deus,
2032 308 2196 360 etiam

2300 305 2395 359 τοῦ
2433 308 2614 374 ὑετοῦ,
2658 311 2751 366 καὶ
2806 313 2924 384 ἅμα
2972 313 3049 385 τῷ
3086 316 3259 368 αἰτεῖν
3302 315 3569 387 τυχόντος
3598 314 3883 383 ἀξιώσεως.

639 399 809 470 gloria
838 414 1024 454 eorum
1051 398 1277 468 intelligi
1300 406 1478 468 potest
1499 399 1592 467 qui
1612 399 1813 453 virtute
1835 399 2202 464 illustrantur,

637 506 799 560 quam
832 505 936 545 non
972 489 1114 546 alius
1135 505 1298 558 quam
1331 490 1494 544 Pater
1542 489 1648 544 illis
1692 490 1908 555 inserit,
1953 488 2045 560 qui
2085 501 2207 544 sese

638 583 706 636 ad
740 582 912 651 ipsum
944 580 1142 635 animis
1175 581 1584 650 suscipiendum
1620 581 1984 636 tradiderunt.

2322 400 2601 472 Ἀληθεύει
2632 402 2726 459 οὖν
2753 408 2782 459 6
2811 409 3035 478 φάσκων
3062 408 3211 474 Θεός·
3259 429 3279 460 ι
3310 412 3453 474 Τοὺς
3481 410 3811 478 δοξάζοντάς
3833 431 3886 481 με

2309 486 2537 552 δοξάσω.
2586 512 2607 544 ι
2639 494 2753 547 Οὐκ
2798 495 3018 549 ἔλαττον
3045 497 3103 549 δὲ
3144 497 3240 552 τοῦ
3273 497 3432 565 δόξαν
3465 494 3606 552 εἶναι
3640 500 3887 568 ἐμφανῶς

2312 577 2402 633 τὸν
2426 580 2558 641 Θεὸν
2585 584 2693 639 τῶν
2730 586 2831 651 τὰς
2854 590 3170 660 τεραστίους
3200 590 3463 661 δυνάμεις
3484 591 3883 657 διακονούντων,

605 735 608 738 ,
634 674 750 729 εστι
783 674 970 744 νοῆσαι
999 676 1094 729 καὶ
1125 676 1217 729 ἐπὶ
1246 674 1355 728 τῶν
1385 675 1451 729 δι’
1486 675 1685 747 ἀρετὴν
1710 674 2080 746 δοξαζομένων
2099 690 2114 704 ο
2143 671 2211 743 ἢν
2232 670 2333 726 οὐκ
2358 674 2515 743 ἄλλος
2538 680 2570 751 ἢ
2600 681 2629 733 6
2651 681 2840 754 Πατὴρ
2869 686 2925 737 ἐν
2955 687 3074 748 ταῖς
3109 685 3305 756 ψυχαῖς
3335 686 3444 740 τῶν
3470 688 3887 759 παρεστηκότων

632 770 831 834 αὐτοὺς
857 773 921 842 τῇ
953 771 1186 843 ὑποδοχῇ
1219 770 1383 824 αὐτοῦ
1408 771 1756 842 γεγέννηκεν.

709 861 876 917 Vens.
916 862 972 917 5.
1033 861 1171 917 Voce
1218 879 1336 917 mea
1382 863 1452 916 ad
1504 861 1788 916 Dominum
1844 860 2106 924 clamavi,
2157 868 2206 912 et

635 955 906 1009 exaudivit
940 971 1022 1011 me
1050 956 1115 1010 de
1141 966 1316 1009 monte
1346 964 1531 1009 sancto
1563 955 1702 1026 ejus,
1734 964 1848 1010 etc.
1871 952 2062 1025 Operae
2083 968 2208 1023 pre-

635 1045 768 1099 tium
817 1055 903 1101 est
943 1060 1209 1116 quaerere,
1241 1061 1342 1102 cur
1365 1055 1521 1100 antea
1564 1045 1726 1100 dictis
1768 1061 1876 1102 non
1927 1043 2203 1115 praepositi

634 1138 746 1192 sint
774 1137 830 1191 bi
861 1140 966 1193 duo
993 1138 1405 1194 sentiversiculi.
1442 1136 1615 1195 Valde
1667 1138 1815 1193 enim
1861 1151 2202 1206 consequens

634 1236 754 1283 erat
825 1240 884 1284 ut
940 1238 1070 1285 ante
1114 1231 1410 1300 gratiarum
1471 1245 1571 1300 pro
1630 1230 1874 1299 acceptis
1922 1229 2202 1285 beneﬁciis

642 1318 939 1387 actionem,
967 1319 1145 1375 oratio
1175 1328 1491 1390 poneretur.
1526 1320 1617 1376 Sic
1656 1330 1840 1375 autem
1876 1318 2078 1375 solutio
2107 1319 2205 1374 ad-

637 1410 868 1466 hibenda
894 1420 978 1465 est
1007 1432 1019 1467 :
1054 1412 1170 1465 Non
1198 1411 1373 1466 oratio
1404 1419 1487 1467 est
1517 1412 1660 1482 quod
1694 1411 1783 1466 hic
1830 1411 2050 1477 dicitur,
2097 1409 2194 1465 sed

634 1502 945 1558 declaratur
972 1502 1278 1558 orationem
1306 1502 1510 1558 factam
1557 1517 1704 1557 esse.
1739 1501 2010 1570 Quoniam
2054 1501 2202 1558 enim

631 1591 810 1646 oratio
835 1600 1046 1649 secreto
1069 1591 1216 1648 facta
1239 1601 1382 1660 erat,
1433 1602 1490 1650 et
1533 1595 1695 1649 simul
1721 1603 1887 1664 atque
1925 1594 2071 1650 facta
2093 1602 2200 1662 est,

630 1683 890 1739 exaudita
929 1692 1033 1747 est,
1084 1685 1197 1739 voti
1250 1700 1471 1757 compos
1510 1683 1688 1741 factus
1721 1688 1815 1757 qui
1856 1701 2047 1756 preces
2091 1687 2203 1741 Deo
2234 1721 2277 1777 Β

635 1775 868 1842 fuderat,
895 1776 1139 1846 apprime
1174 1779 1286 1833 Deo
1309 1794 1409 1849 pro
1429 1779 1670 1851 acceptis
1692 1780 1974 1836 beneficiis
1997 1780 2201 1850 gratias

631 1866 863 1934 primum
935 1867 1085 1938 agit,
1157 1877 1270 1923 tum
1334 1871 1531 1927 deinde
1595 1871 1907 1928 hominibus
1961 1872 2205 1929 declarat

632 1972 880 2025 quaenam
929 1959 1186 2014 oraverit.
1236 1960 1440 2027 Quodsi
1487 1961 1606 2018 vice
1653 1976 1811 2019 versa
1862 1962 2098 2034 egisset,
2148 1971 2204 2016 et

629 2048 788 2103 simul
838 2058 1003 2119 atque
1041 2052 1276 2107 obtinuit
1305 2052 1450 2122 quod
1483 2053 1731 2123 petierat,
1772 2053 2107 2109 declarasset
2141 2068 2202 2109 se

630 2150 909 2210 precatum
955 2157 1098 2211 esse,
1145 2158 1210 2199 ac
1240 2143 1458 2214 cdeinde
1503 2144 1708 2215 gratias
1763 2145 1999 2216 egisset,
2048 2159 2200 2201 certe

630 2233 930 2303 gratiarum
959 2234 1194 2289 actionis
1225 2248 1347 2304 qua:
1374 2234 1488 2288 cito
1519 2235 1635 2290 fieri
1662 2234 1916 2298 debebat,
1944 2236 2200 2291 meritum

633 2325 987 2389 intimasset,
1022 2339 1090 2382 eo
1128 2326 1276 2397 quod
1318 2325 1471 2395 prius
1499 2327 1883 2383 anttuntiasset
1922 2329 2079 2383 nobis
2122 2328 2201 2383 le-

640 2415 897 2486 gentibus
922 2430 982 2471 se
1004 2431 1212 2472 orasse.
1239 2415 1429 2472 Melius
1451 2431 1584 2472 vero
1614 2416 1669 2471 id
1701 2417 1769 2473 de
1787 2432 1895 2488 quo
1914 2418 2197 2488 quaeritur,

630 2509 712 2564 sic
742 2509 1031 2564 solvetur:
1072 2508 1273 2563 Psalmi
1330 2508 1654 2580 principium
1709 2509 1957 2565 continet
2011 2525 2202 2579 preca-

629 2601 851 2656 tionem.
920 2601 1126 2656 Dcinde
1180 2609 1304 2671 post
1352 2602 1723 2671 precationem
1771 2617 1802 2656 a
1842 2603 2200 2673 diapsalmate

625 2700 713 2746 est
751 2690 1050 2762 gratiarum
1090 2692 1233 2746 actio
1275 2691 1418 2760 quod
1446 2691 1746 2746 obtinuerit
1791 2707 1913 2762 quae
1943 2692 2196 2762 petierat.

629 2783 873 2840 Tandem
914 2783 1160 2838 absoluta
1191 2784 1488 2855 gratiarum
1518 2786 1756 2853 actione,
1780 2783 1976 2841 faciem
2003 2786 2070 2840 ad
2098 2801 2197 2841 nos

631 2875 905 2931 convertit
931 2874 1225 2945 Propheta,
1263 2885 1317 2930 et
1343 2876 1795 2944 quemadmodum
1825 2893 1988 2933 orans
2018 2888 2199 2948 postu-

630 2970 739 3025 lata
764 2969 1082 3032 obtinuerit,
1107 2978 1316 3023 narrat.
1337 2966 1755 3026 Cousideremus
1783 2985 1915 3025 vero
1933 2981 2195 3041 quantum

2384 858 2557 929 Φωνῇ
2573 878 2692 930 μου
2707 860 2858 930 πρὸς
2881 862 3099 932 Κύριον
3113 863 3424 933 ἐκέκραξα*
3453 864 3552 919 καὶ
3583 866 3887 933 ἐπήκουσέ

2305 967 2425 1019 μου
2456 951 2526 1015 ἐξ
2571 952 2747 1020 ὄρους
2776 953 2948 1024 ἁγίου
3000 955 3209 1019 αὑτοῦ,
3249 973 3303 1010 κ.
3336 975 3386 1008 τ.
3427 957 3478 1010 έ.
3510 955 3702 1023 ⁸Ἀιξιον
3737 957 3884 1029 ζητῆ-

2312 1059 2402 1097 σαι
2431 1042 2544 1115 (85)
2576 1045 2628 1097 τί
2659 1045 2858 1117 δήποτε
2893 1046 2966 1118 μὴ
2986 1048 3349 1119 προτέτακται
3380 1050 3449 1102 τὰ
3480 1048 3576 1103 δύο
3606 1051 3883 1121 ήμιστίχια

2308 1136 2415 1193 τῶν
2447 1139 2877 1211 προειρημένων·
2909 1140 3112 1211 σφόδρα
3132 1140 3240 1213 γὰρ
3259 1143 3553 1197 ἀκόλουθον
3585 1144 3648 1198 τὸ
3679 1144 3782 1215 τὴν
3803 1146 3882 1198 εὐ-

2305 1227 2406 1299 χὴν
2457 1228 2820 1301 προτετάχθαι
2854 1231 2956 1302 τῆς
2991 1233 3086 1286 ἐπὶ
3123 1234 3244 1296 ταῖς
3284 1233 3628 1306 εὐεργεσίαις
3671 1234 3883 1306 εὐχαρι-

2308 1319 2480 1384 στίας.
2513 1320 2715 1375 Λυτέον
2743 1322 2803 1376 δὲ
2832 1322 3008 1387 οὕτως
3044 1323 3386 1396 ἀπορρηθὲν
3427 1325 3565 1396 Οὐχὶ
3597 1326 3736 1395 εὐχή
3778 1327 3883 1378 ἐστι

2304 1414 2367 1466 τὸ
2398 1413 2686 1486 λεγόμενον
2724 1415 2934 1480 ἐνθάδε,
2981 1416 3095 1470 ἀλλ’
3137 1417 3446 1486 ἀπαγγελία
3486 1419 3618 1489 περὶ
3661 1418 3763 1472 τοῦ
3795 1418 3882 1490 τὴν

2308 1505 2471 1578 εὐχὴν
2499 1505 2800 1575 γεγονέναι.
2843 1507 2993 1560 Ἐπεὶ
3019 1506 3126 1578 γὰρ
3163 1507 3295 1579 εὐχὴ
3325 1507 3467 1562 κατὰ
3501 1509 3564 1561 τὸ
3597 1507 3884 1579 σιωπώμε-

2307 1611 2398 1650 νον
2428 1595 2639 1665 γέγονε,
2685 1598 2778 1650 καὶ
2806 1597 2923 1668 ἅμα
2949 1596 3026 1668 τῷ
3066 1596 3322 1662 εὐξασθαι
3353 1599 3606 1670 ἐπέτυχε,
3635 1599 3822 1654 λαϐὼν
3857 1599 3885 1654 ὃ

2307 1685 2554 1741 ἐϐούλετο
2580 1689 2609 1741 6
2639 1687 2736 1760 τὴν
2767 1687 3002 1754 ἔντευξιν
3031 1688 3110 1760 τῷ
3139 1687 3257 1758 Θεῷ
3291 1690 3678 1759 προσαγαγὼν,
3708 1691 3885 1753 καλῶς

2309 1778 2601 1850 προτάσσει
2633 1777 2905 1848 ἐπιτυχὼν
2945 1777 3042 1849 τὴν
3076 1777 3211 1847 πρὸς
3244 1777 3376 1832 Θεὸν
3410 1779 3768 1850 εὐχαριστίαν
3793 1781 3883 1850 τῆς

2310 1870 2446 1941 πρὸς
2477 1869 2798 1942 ἀνθρώπους
2820 1870 3123 1941 διηγήσεως
3148 1889 3215 1924 πε
3225 1871 3277 1943 pl.
3303 1869 3395 1924 τοῦ
3420 1871 3541 1924 τίνα
3565 1869 3802 1941 ηὔξατο.
3828 1874 3882 1927 Ei

2304 1961 2360 2015 δὲ
2388 1962 2652 2017 ἀνάπαλιν
2683 1962 2943 2032 ἐγεγόνει,
2987 1963 3081 2017 καὶ
3114 1963 3231 2034 ἅμα
3266 1962 3344 2033 τῷ
3371 1965 3553 2034 τυχεῖν
3576 1956 3654 2018 ὧν
3689 1964 3884 2035 ᾔτησε,

2304 2051 2703 2125 διηγησάμενος
2749 2049 2818 2125 ἦν
2848 2054 2925 2117 ὼς
2954 2052 3177 2124 ηὔξατο,
3211 2049 3329 2108 εἶτα
3372 2054 3511 2125 μετὰ
3538 2054 3697 2109 τοῦτο
3725 2058 3886 2126 εὐχα-

2309 2143 2583 2214 ριστήσας,
2626 2139 2915 2207 ὐπεξέλυεν
2946 2143 3010 2196 ἂν
3038 2142 3136 2214 τὴν
3169 2142 3519 2215 ὀφειλομένην
3550 2144 3608 2196 ὲν
3639 2146 3706 2215 τῇ
3727 2145 3884 2215 εὐχα-

2307 2233 2488 2304 ριστίᾳ
2523 2233 2664 2304 μετὰ
2681 2232 2878 2304 τάχους
2906 2233 3144 2301 ἔντευξιν
3167 2233 3255 2287 διὰ
3279 2232 3374 2286 τοῦ
3412 2234 3676 2306 πρότερον
3697 2235 3881 2307 ἀπηγ-

2302 2324 2555 2393 γελκέναι
2587 2327 2698 2388 τοῖς
2729 2324 3131 2396 ἐντευξομένοις
3155 2326 3289 2396 ἡμῖν
3313 2324 3389 2389 ὡς
3411 2323 3631 2396 ηὐξατο.
3666 2326 3882 2381 Βέλτιον

2302 2417 2359 2471 δὲ
2387 2415 2530 2470 οὕτω
2556 2416 2717 2472 λῦσαι
2757 2416 2819 2470 τὸ
2867 2416 3231 2489 ἠπορημένον
3277 2416 3340 2469 Ἠ
3370 2416 3512 2488 ἀρχὴ
3537 2416 3633 2471 τοῦ
3665 2418 3880 2488 ψαλμοῦ

2303 2507 2549 2580 περιέχει
2573 2508 2758 2580 εὐχήν.
2783 2502 2919 2561 Εἶτα
2944 2507 3084 2579 μετὰ
3109 2506 3209 2579 τὴν
3238 2507 3403 2578 εὐχὴν
3424 2507 3534 2563 ἀπὸ
3556 2507 3651 2561 τοῦ
3668 2508 3879 2578 διαψάλρ

2306 2600 2474 2671 ματός
2504 2601 2650 2654 ἐστιν
2669 2599 3007 2670 εὐχαριστία,
3041 2599 3136 2652 ἐπὶ
3158 2599 3237 2671 τῷ
3261 2597 3573 2669 τετευχέναι
3592 2591 3669 2651 ὧν
3691 2598 3875 2670 ᾔτησε.

2303 2692 2660 2761 Τελεσθείσης
2689 2692 2746 2745 δὲ
2773 2691 2872 2762 τῆς
2905 2692 3254 2769 εὐχαριστίας
3283 2692 3419 2762 πρὸς
3451 2694 3601 2763 ἡμᾶς
3622 2691 3881 2763 ἀποστρέομ

2303 2803 2393 2856 φει
2432 2785 2493 2840 τὸ
2535 2784 2825 2857 πρόσωπον
2865 2785 2895 2837 6
2954 2784 3270 2855 Προφήτης,
3306 2783 3401 2837 καὶ
3443 2782 3713 2853 διηγεῖται
3758 2784 3873 2835 τίνα

2300 2879 2498 2949 τρόπον
2560 2877 2854 2948 εὐξάμενος
2913 2875 3252 2948 ὲπηκούσθη.
3317 2876 3758 2947 Κατανοήσωμεν
3819 2873 3873 2929 ἃ

2302 2969 2441 3042 πρὸς
2472 2967 2615 3032 λέξιν
2640 2966 2723 3031 τὸ,
2768 2984 2785 3018 ι
2812 2967 2968 3037 Φωνῇ
3000 2982 3101 3037 μου
3134 2965 3272 3036 πρὸς
3300 2964 3504 3035 Κύριον
3529 2963 3821 3035 ἐκέκραξα.
3846 2982 3865 3014 ι

625 3062 694 3116 ad
740 3060 977 3116 litteram
1005 3063 1219 3126 attinet,
1245 3060 1375 3115 illud
1402 3078 1416 3115 :
1447 3078 1467 3113 ι
1501 3061 1646 3117 Voce
1673 3077 1796 3116 mea
1817 3062 1885 3117 ad
1913 3062 2195 3116 Dominum

2300 3062 2396 3116 καὶ
2425 3048 2487 3113 τὸ
2520 3058 2648 3128 ὲξῆς
2674 3056 2814 3111 κατὰ
2838 3056 2937 3129 τὴν
2970 3056 3257 3128 συνήθειαν
3286 3058 3385 3128 τῇς
3407 3055 3655 3127 Γραφῆς,
3698 3054 3790 3107 καὶ
3820 3055 3869 3106 τί

624 3155 883 3222 clamavi,
907 3173 928 3206 ι
965 3164 1022 3209 et
1064 3155 1207 3224 quod
1248 3154 1502 3225 sequitur
1524 3170 1591 3208 ex
1614 3156 2010 3211 consuetudine
2038 3155 2193 3210 Scri-

626 3255 800 3316 ptura:
854 3246 1088 3317 positum
1117 3285 1134 3311 ,
1191 3255 1248 3300 et
1293 3259 1392 3299 cur
1437 3246 1540 3300 viri
1598 3247 1776 3302 sancti
1825 3261 2196 3317 saepenumero

624 3343 898 3410 precando
937 3339 1005 3393 ad
1055 3339 1219 3393 Deum
1260 3337 1638 3394 clamaverint.
1671 3339 1999 3393 Atlendatur
2030 3339 2193 3394 etiam

622 3434 691 3488 ad
719 3432 850 3488 illud
891 3431 1036 3502 quod
1085 3431 1346 3500 scriptum
1375 3440 1461 3485 est
1490 3440 1720 3486 stantem
1764 3430 1949 3486 Jesum
1992 3431 2197 3487 clama-

624 3523 770 3577 visse
801 3530 857 3576 et
894 3522 1097 3577 dixisse
1123 3521 1167 3554 ⁷⁸
1198 3538 1212 3576 :
1251 3539 1270 3573 ι
1307 3522 1365 3575 Si
1416 3523 1540 3591 quis
1571 3520 1727 3592 551
1752 3521 1889 3589 sitit,
1913 3524 2098 3577 veniat
2126 3524 2192 3577 ad

623 3627 710 3670 me
726 3623 779 3668 et
795 3614 966 3669 bibat.
990 3631 1009 3665 ι
1032 3612 1199 3668 Nobis
1216 3615 1433 3683 quidem
1456 3613 1750 3682 Apostolus
1775 3628 1898 3667 ctnn
1923 3613 2000 3667 ait
2032 3612 2196 3682 spiri-

626 3719 739 3761 tum
772 3705 1155 3760 universaliter
1198 3706 1251 3759 itt
1280 3704 1541 3760 cordibus
1582 3712 1894 3759 sanctorum
1929 3704 2187 3768 clamare,

634 3819 656 3852 ι
691 3798 840 3855 Abba
877 3798 1038 3854 Pater
1067 3800 1135 3863 τ’,
1168 3816 1187 3850 ι
1222 3797 1559 3869 intelligendi
1608 3797 1949 3851 occasionem
1991 3797 2194 3865 praebet

622 3891 923 3961 spiritalem
964 3904 1085 3946 esse
1133 3891 1426 3945 clamorem
1470 3889 1562 3959 qui
1610 3888 1930 3954 intenditur,
1983 3889 2185 3958 quique

621 3995 707 4039 est
746 3983 941 4037 anima‘.
987 3997 1113 4048 vox,
1161 3996 1265 4051 qua
1319 3982 1489 4034 utitur
1547 3977 1792 4047 deposito
1842 3991 2048 4047 organo
2095 3993 2193 4047 per

621 4073 765 4144 quod
799 4073 926 4126 talia
957 4071 1251 4141 eloquitur.
1300 4070 1366 4125 Et
1411 4079 1667 4140 putamus
1716 4068 2033 4123 rationalem
2081 4068 2193 4125 dis-

620 4177 840 4219 cursum
893 4162 985 4230 qui
1034 4163 1089 4216 in
1142 4162 1423 4216 intellectu
1481 4162 1779 4229 peragitur,
1834 4160 2030 4214 anima:
2069 4173 2190 4214 esse

621 4270 833 4320 vocent,
861 4267 1005 4323 quae,
1038 4254 1083 4309 si
1118 4252 1283 4307 fuerit
1306 4250 1560 4305 solertior
1579 4261 1635 4305 et
1657 4251 1724 4305 de
1742 4251 1904 4305 rebus
1928 4260 2191 4320 praestan-

621 4348 882 4410 tioribus,
921 4359 1191 4415 nonjero
1219 4342 1447 4411 abiectis
1487 4355 1547 4396 et
1593 4331 1891 4397 humilibus
1933 4342 2186 4405 disserat,

2298 3152 2358 3205 τὸ
2406 3149 2664 3214 πολλάκις
2716 3147 2998 3218 γεγονέναι
3045 3149 3161 3210 τοῖς
3213 3146 3387 3215 ἁγίοις
3430 3146 3570 3218 πρὸς
3619 3144 3712 3197 τὸν
3742 3143 3867 3196 Θεὸν

2296 3240 2461 3313 εὐχὴν
2527 3239 2665 3311 μετὰ
2724 3238 2991 3310 κραυγῆς.
3061 3237 3440 3308 Ἐπιστησάτω
3499 3235 3555 3289 δέ
3613 3252 3701 3298 τις
3749 3236 3864 3288 κατ’

2296 3331 2427 3387 αὐτὸ
2457 3332 2554 3385 καὶ
2608 3329 2737 3402 περὶ
2763 3328 2857 3383 τοῦ
2891 3328 3100 3383 ἑστῶτα
3136 3327 3467 3400 κεκραγέναι
3510 3328 3604 3384 τὸν
3644 3325 3860 3399 Ἰησοῦν,

2294 3425 2388 3480 καὶ
2435 3422 2632 3491 λέγειν’
2696 3439 2716 3472 ι
2785 3420 2910 3475 Ἐάν
2970 3436 3052 3484 τις
3104 3419 3253 3490 διψᾷ,
3311 3419 3554 3491 ἐρχέσθω
3604 3419 3738 3489 πρὸς
3795 3418 3864 3490 μὲ

2294 3515 2390 3571 καὶ
2440 3513 2659 3568 πινέτω.
2711 3531 2730 3565 ι
2787 3512 2981 3567 Δίδωσι
3037 3512 3216 3566 τοίνυν
3277 3513 3406 3583 ἡμῖν
3463 3513 3493 3564 6
3553 3510 3859 3572 Ἀπόστολος

2294 3609 2570 3681 ἀφορμὰς,
2602 3606 2772 3662 εἰπὼν
2816 3607 2876 3660 τὸ
2909 3604 3128 3677 πνεῦμα
3157 3604 3457 3668 καθολικῶς
3493 3606 3553 3658 ὲν
3590 3607 3705 3668 ταῖς
3731 3621 3857 3676 καρ-

2291 3706 2433 3769 δίαις
2457 3703 2565 3757 τῶν
2591 3702 2762 3770 ἁγίων
2786 3698 3033 3770 κράζειν,
3066 3718 3083 3750 ι
3110 3697 3278 3751 Ἀὅὸἄ
3300 3699 3329 3750 6
3352 3694 3562 3767 Πατὴρ,
3602 3715 3622 3748 ι
3657 3695 3727 3759 ὡς
3751 3694 3856 3748 ἐστι

2291 3797 2457 3869 νοητὴ
2475 3792 2690 3867 κραυγὴ
2712 3790 3098 3862 ὲπιτεταμένη,
3120 3789 3243 3858 ἥτις
3270 3786 3333 3857 δή
3353 3789 3470 3840 ἐστι
3493 3785 3647 3858 φωνὴ
3666 3783 3849 3855 ψυχῆς,

2291 3885 2326 3965 ᾖ
2357 3889 2495 3960 τάχα
2527 3888 2724 3959 χρῆται
2772 3881 3084 3952 ἀποθεμένη
3112 3881 3174 3933 τὸ
3204 3880 3431 3952 ὄργανον
3463 3878 3530 3931 δι’
3558 3874 3619 3933 οὐ
3646 3876 3857 3937 τοιαῦτα,

2293 3984 2476 4050 φωνεῖ.
2511 3979 2624 4032 Καὶ
2657 3973 2880 4048 οἰόμεθά
2909 3990 2973 4042 γε
3008 3971 3106 4043 τὴν
3149 3968 3369 4041 λογικὴν
3400 3966 3632 4033 διέξοδον
3665 3967 3754 4038 τὴν
3790 3967 3847 4018 ἐν

2289 4069 2368 4141 τῷ
2409 4065 2719 4141 ⁴ἡγεμονικῷ
2760 4064 2879 4119 κατ’
2916 4061 3046 4116 αὐτὸ
3091 4058 3381 4131 γινομένην
3411 4058 3508 4129 τὴν
3559 4057 3658 4127 τῆς
3686 4053 3843 4125 ψυχῆς

2289 4152 2428 4211 εἶναι
2452 4155 2663 4226 φωνήν·
2695 4153 2730 4224 ἢ
2763 4152 2857 4206 ἐὰν
2885 4149 2942 4204 δὲ
3044 4146 3567 4221 πραγματικωτέρα,
3601 4145 3690 4199 καὶ
3727 4141 3837 4213 περὶ

2294 4243 2552 4316 μειζόνων
2583 4241 2745 4297 τινῶν
2768 4241 2862 4294 καὶ
2893 4240 2969 4311 μὴ
2999 4240 3149 4293 κάτω
3175 4235 3444 4306 κειμένων
3475 4235 3569 4288 καὶ
3597 4230 3834 4288 ταπεινῶν

2289 4334 2680 4404 διεξοδεύουσα,
2728 4334 2762 4403 ἡ
2796 4330 2958 4403 νοητὴ
2993 4329 3059 4383 ἂν
3109 4327 3193 4399 εἴη
3228 4328 3467 4402 κραυγή.
3510 4325 3713 4394 Ταύτην
3752 4317 3833 4375 οὖν

618 4439 881 4511 Spirilalis
907 4438 1015 4494 erit
1045 4436 1270 4491 clamor.
1305 4434 1459 4491 Hunc
1493 4434 1585 4503 qui
1616 4434 1686 4488 ad
1718 4434 1888 4489 Deunt
1918 4434 2186 4488 emittunt

2299 4432 2387 4502 τὴν
2417 4427 2664 4500 κραυγὴν
2703 4427 2753 4478 οἱ
2779 4422 3113 4494 κεκραγότες
3146 4419 3284 4491 πρὸς
3312 4418 3445 4472 Θεὸν
3478 4416 3831 4511 ἐπακούοντα.

619 4534 941 4595 clamorem,
964 4528 1300 4589 exaudiuntu
1314 4543 1360 4593 r,
1391 4527 1497 4585 nisi
1528 4526 1670 4581 forte
1698 4537 1755 4580 ttt
1776 4526 2186 4596 praestantiores

618 4640 850 4682 coronas
923 4624 977 4678 in
1044 4621 1344 4691 majoribus
1422 4620 1813 4677 certaminibus
1875 4619 2190 4689 accipiant,

616 4717 799 4772 divina
846 4714 1248 4786 dispensatione
1290 4713 1768 4783 derelinquantur,
1820 4712 2180 4782 quemadmo-

615 4808 745 4863 dtttn
774 4808 826 4861 in
860 4806 1112 4863 Habacuc
1142 4807 1406 4876 scriptum
1438 4814 1525 4861 est
1557 4806 1603 4838 ⁷³
1630 4819 1645 4858 :
1690 4822 1708 4855 ι
1743 4803 2058 4874 Usquequo,
2085 4803 2184 4858 Do-

617 4899 785 4963 mine,
834 4898 1097 4963 clamabo,
1141 4907 1198 4954 et
1236 4912 1344 4952 non
1376 4896 1678 4952 exaudies?
1710 4895 2069 4950 Vociferabor
2111 4896 2179 4950 ad

617 5001 671 5044 te
696 4990 803 5043 vim
840 4990 1072 5058 patiens,
1121 4998 1178 5045 et
1227 5002 1334 5042 non
1388 4987 1629 5042 salvabis
1669 4987 1793 5041 tne?
1834 4986 1943 5041 Cur
1988 4994 2180 5042 osten-

614 5084 745 5139 disti
792 5083 928 5139 mihi
974 5081 1253 5137 molestias
1298 5090 1354 5137 et
1403 5079 1643 5147 labores,
1686 5086 1746 5133 ut
1798 5078 2080 5134 miseriam
2126 5088 2182 5133 et

614 5176 945 5247 impietatem
986 5176 1291 5245 aspicerem
1318 5174 1342 5228 ι
1369 5192 1388 5227 ι
1430 5171 1588 5230 Hunc
1626 5170 1923 5226 clamorem
1962 5173 2016 5225 in
2055 5186 2178 5226 ma-

611 5270 733 5342 gnis
756 5269 987 5325 decretis
1014 5282 1230 5339 semper
1254 5266 1417 5323 etiam
1450 5263 1654 5319 emittit
1687 5262 1957 5318 Salvator.
1992 5263 2082 5319 Sic
2123 5275 2195 5323 et‘

2291 4522 2429 4593 πλὴν
2462 4521 2510 4574 εί
2550 4518 2626 4591 μὴ
2660 4517 2778 4573 κατ’
2810 4513 3123 4586 οἰκονομίαν
3153 4510 3564 4566 καταλείποιντο
3602 4508 3727 4579 ὑπὲρ
3751 4502 3833 4558 τοῦ

2294 4614 2543 4687 μείζονας
2580 4608 2876 4679 στεφάνους
2922 4608 2980 4659 ὲν
3018 4602 3258 4676 μείζοσιν
3305 4600 3511 4672 ἀγῶσιν
3554 4597 3831 4665 ἀπενέγκα-

2292 4708 2439 4771 σθαι,
2467 4704 2657 4775 ὥσπερ
2684 4704 2744 4757 ὲν
2766 4700 2844 4773 τῷ
2871 4698 3194 4770 Ἀμὸακοὺμ
3224 4694 3459 4767 εἴρηται⁵
3484 4712 3503 4745 ι
3531 4693 3668 4755 Ἕως
3689 4690 3830 4752 τίνος,

2287 4800 2481 4872 Κύριε,
2514 4795 2874 4869 κεκράξομαι,
2909 4792 3003 4846 καὶ
3031 4791 3093 4844 οὐ
3130 4788 3205 4861 μὴ
3233 4786 3559 4858 εὶσακούσῃ;
3588 4786 3831 4872 Βοήσομαι

2287 4868 2423 4963 πρὸς
2452 4889 2512 4943 σὲ
2555 4868 2927 4957 ἀδικούμενος,
2964 4884 3061 4937 καὶ
3095 4881 3156 4934 οὐ
3194 4878 3388 4942 σώσεις
3420 4893 3520 4949 με;
3564 4878 3677 4929 Ἵνα
3702 4872 3748 4926 τί
3781 4868 3832 4924 δέ

2290 5003 2379 5059 μοι
2412 4983 2618 5048 ἔδειξας
2648 4983 2850 5045 κόπους
2887 4978 2982 5035 καὶ
3022 4977 3236 5040 πόνους,
3272 4973 3584 5028 ἐπιϐλέπειν
3628 4971 3712 5023 ἐπὶ
3744 4983 3828 5020 τα-

2284 5075 2585 5149 λαιπωρίαν
2617 5076 2710 5130 καὶ
2733 5071 3015 5136 tio-66st”;
3065 5087 3087 5122 ι
3126 5067 3342 5137 Ταύτην
3372 5066 3431 5120 δὲ
3463 5066 3561 5137 τὴν
3607 5059 3828 5134 κραυγὴν

2286 5173 2345 5226 ὲν
2378 5170 2631 5240 μεγάλοις
2671 5166 2937 5236 δόγμασιν
2981 5161 3070 5215 ἀεὶ
3097 5156 3385 5223 διεξοδεύει
3430 5160 3524 5211 καὶ
3564 5157 3593 5209 6
3624 5152 3822 5240 Σωτήρ⁶

2285 5238 2430 5331 οὕτω
2452 5263 2510 5318 δὲ
2535 5262 2763 5332 ἕστηκεν
2793 5257 2823 5310 6
2851 5254 3022 5326 Λόγος
3049 5251 3142 5307 τοῦ
3170 5248 3306 5306 Θεοῦ
3328 5250 3417 5304 ἀεὶ
3447 5244 3740 5320 κεκραγὼς,
3759 5238 3826 5303 ὥς

679 5433 724 5467 τ’
752 5428 915 5488 Joan.
944 5444 1045 5495 vn,
1069 5428 1161 5484 57.
1234 5427 1281 5460 ⁷⁸
1311 5426 1472 5484 Rom.
1505 5441 1626 5494 νιιι,
1657 5423 1748 5482 15.
1822 5423 1868 5456 ⁷³
1890 5424 2096 5481 ﬂabac.
2125 5430 2196 5496 1,1

2299 5439 2326 5485 ει
2352 5444 2508 5499 seqq.

613 5653 673 5692 I'll
686 5654 760 5696 ιιι.

682 5566 795 5641 (85)
827 5568 1024 5637 Ἄξιον
1065 5562 1334 5637 ζητῆσαι,
1394 5574 1501 5624 etc.
1551 5558 1731 5620 Codex
1784 5558 2167 5630 Baroccianus,

2299 5563 2530 5634 rtimqne
2578 5555 2895 5617 Corderius.
2949 5551 3142 5610 Latine
3190 5553 3413 5607 exstant
3467 5544 3606 5619 apud
3643 5535 3818 5600 Barin-
