4046 6152
204 239 352 296 “25

1201 238 1506 297 SELECTA
1545 239 1614 295 ΙΝ
1651 234 1988 300 PSALMOS.
2023 275 2091 285 —-
2122 243 2318 301 PSAL.
2355 245 2443 302 ΙΙΙ.

3307 252 3452 310 1126

196 363 298 416 καὶ
325 360 474 431 παρὰ
505 359 582 432 τῷ
607 359 911 430 Σολομῶντι
938 361 971 431 ὴ
1001 358 1180 429 σοφία,
1212 362 1334 432 ἥτις
1361 363 1393 432 ὴ
1431 361 1569 434 αὐτὴ
1605 362 1759 435 ὑπάρ·

1885 375 2038 420 stans
2072 366 2163 420 Dei
2215 366 2446 422 Verbum
2487 380 2701 437 semper
2729 366 2949 433 clamat,
2994 370 3444 438 quemadmodum

197 470 286 524 χει
312 453 391 523 τῷ
412 453 570 524 Λόγῳ
601 451 696 505 τοῦ
723 451 857 504 Θεοῦ
885 452 1026 505 κατὰ
1053 451 1152 522 τὴν
1183 453 1502 516 ὑπόστασιν,
1538 453 1778 507 καλοῦσα

198 546 346 615 μετὰ
389 543 594 614 ὑψηλοῦ
643 543 998 616 κηρύγματος
1043 545 1136 598 ἐπὶ
1182 546 1456 617 κρατῆρα,
1510 546 1739 615 λέγουσα
1760 564 1772 577 ο

1884 465 1940 511 et
1990 459 2129 527 apud
2175 457 2521 514 Salomonem
2561 460 2820 529 sapientia
2851 477 2974 532 quae
3015 462 3309 516 Secundum
3347 465 3446 534 by-

1882 546 2140 614 postasim
2168 549 2358 602 eadem
2393 556 2479 602 est
2521 563 2586 603 ac
2630 550 2865 606 Verbum
2899 552 3017 617 Dei,
3051 552 3291 607 invitans
3317 569 3442 608 cum

201 653 224 688 ι
273 636 373 699 ’ος
404 636 552 689 ἐστιν
586 634 741 704 ὑμῶν
785 634 995 706 ἄφρων,
1036 635 1336 690 ἐκκλινάτω
1378 635 1512 709 πρὸς
1559 637 1658 707 μέ·
1691 637 1759 691 ἐν·

1884 650 2081 704 magno
2111 635 2350 692 clamore
2376 639 2445 692 ad
2477 638 2748 707 poculum,
2787 640 2918 695 dicit
2938 641 2986 672 ⁷³
3014 660 3026 695 :
3069 663 3088 693 ι
3123 642 3182 696 Si
3218 645 3342 711 quis
3364 654 3446 700 est

193 724 350 778 δεέσι
381 724 440 778 δὲ
491 723 702 796 φρενῶν
749 725 1188 796 παρακελεύομαι
1224 725 1491 794 λέγουσα·
1532 726 1772 792 Ἐλθετε,

194 817 404 886 φάγετε
430 815 537 869 τῶν
564 815 710 887 ὲμῶν
736 817 935 888 ἄρτων,
957 818 1050 870 καὶ
1081 818 1230 870 πίετε
1253 815 1392 871 οἶνον
1414 819 1472 872 ὃν
1497 821 1773 891 κεκέρακα

191 909 352 978 ὑμῖν.
393 926 412 960 ι
459 907 524 960 Ἠ
553 906 704 978 φωνὴ
729 907 1014 979 τοιγαροῦν
1043 907 1136 962 τοῦ
1168 909 1309 962 κατὰ
1338 909 1428 963 τὸν
1454 908 1666 980 ψαλμὸν
1685 910 1774 964 λέ-

191 1015 388 1066 γοντος
409 997 772 1068 ὲπιτεταμένη
793 998 926 1068 πρὸς
953 997 1156 1070 Κύριον
1187 1000 1536 1064 ἐπακούεται,
1558 1001 1657 1054 ούκ
1682 1001 1774 1055 ἄλ-

191 1091 353 1145 λοθέν
390 1092 552 1146 ποθεν
585 1091 618 1162 ἢ
652 1093 717 1144 ἐκ
749 1091 845 1144 τοῦ
873 1091 1033 1161 ὅρους
1062 1093 1155 1146 τοῦ
1198 1094 1374 1161 ἁγίου,
1405 1095 1680 1148 τουτέστιν
1713 1092 1772 1158 ἐξ

189 1185 451 1258 οὐρανοῦ,
482 1185 603 1239 ἐπεὶ
633 1185 726 1238 καὶ
760 1185 818 1238 ὲν
847 1185 1026 1249 ἄλλοις
1058 1185 1294 1254 λέγεται·
1324 1207 1342 1238 ι
1380 1188 1772 1242 Ἐπακούσεται

191 1279 364 1333 αὐτοῦ
387 1277 446 1342 ἐξ
473 1277 701 1348 ούρανοῦ
727 1278 880 1348 ἁγίου
901 1277 1084 1332 αὑτοῦ.
1119 1297 1137 1329 ι
1161 1280 1272 1332 Καὶ
1291 1279 1349 1345 ἐξ
1373 1278 1538 1348 ὕψους
1559 1279 1768 1345 ἀκούει,

191 1370 323 1422 ἐπεὶ
352 1369 682 1440 γέγραπταιο
725 1386 745 1420 ι
797 1367 1184 1422 Ἐπακούσεται
1213 1369 1374 1423 αὑτοῦ
1400 1369 1459 1434 ἐξ
1485 1370 1650 1441 ὕψους
1677 1372 1770 1426 καὶ

189 1461 261 1514 ἐκ
291 1460 420 1514 ναοῦ
447 1460 602 1528 ἁγίου
635 1459 820 1514 αὑτοῦ.
863 1479 884 1512 ι

276 1551 427 1622 Ἐγὼ
463 1551 806 1620 ἐκοιμήθην,
839 1550 940 1606 καὶ
975 1551 1228 1607 ὕπνωσα
1249 1570 1262 1583 ·
1300 1553 1647 1624 ἐξηγέρθην,
1679 1554 1768 1610 ὅτι

1883 724 2163 794 insipiens,
2215 727 2456 782 declinet
2489 730 2556 782 ad
2593 743 2700 794 me,
2747 739 2804 784 et
2849 731 3030 785 stultis
3063 733 3318 802 praacipio
3357 735 3442 788 di-

1878 831 2062 872 cens:
2110 818 2330 885 Venite,
2387 821 2657 876 comedite
2714 837 2882 891 panes
2933 838 3104 889 meos,
3159 834 3212 877 et
3271 826 3448 880 bibite

1878 910 2061 963 vinmn
2097 911 2240 978 quod
2275 911 2463 965 miscui
2497 912 2672 969 vobis.
2715 932 2732 965 ι
2777 913 2962 983 Itaque
2997 915 3087 984 qui
3137 916 3189 968 in
3234 916 3445 982 pSalmo

1878 1001 1946 1055 ad
1999 1003 2166 1056 Deum
2222 1016 2410 1056 vocem
2463 1001 2717 1071 intendit,
2769 1020 2874 1058 non
2919 1005 3138 1060 aliunde
3195 1021 3357 1074 quam
3408 1022 3440 1061 a

1878 1108 2061 1152 monte
2096 1105 2311 1162 sancto,
2343 1098 2447 1153 b'oc
2479 1107 2562 1152 est
2591 1113 2622 1152 e
2651 1099 2804 1162 curio,
2839 1100 3154 1164 exauditur,
3191 1102 3444 1170 quando-

1876 1189 2092 1258 quidem
2122 1189 2250 1244 alibi
2287 1206 2504 1260 quoque
2543 1190 2743 1245 dicitur
2787 1193 2833 1224 "
2877 1211 2890 1248 :
2930 1211 2950 1246 ι
2983 1194 3244 1248 Exaudiet
3282 1193 3440 1248 illum

1875 1281 1940 1336 de
1967 1281 2105 1336 caelo
2133 1290 2322 1338 sancto
2349 1297 2465 1338 suo.
2501 1303 2520 1336 ι
2557 1285 2634 1338 Ex
2659 1285 2875 1339 sublimi
2911 1301 3130 1357 quoque
3169 1286 3393 1341 exaudit
3419 1303 3436 1340 :

1875 1388 1998 1426 nam
2034 1373 2298 1442 scriptum
2338 1384 2461 1431 est:
2497 1395 2516 1428 ι
2555 1377 2817 1432 Exaudiet
2861 1377 3032 1448 ipsum
3069 1377 3138 1432 ab
3170 1377 3281 1432 alto
3319 1387 3374 1433 et
3405 1392 3440 1433 a

1877 1465 2080 1532 templo
2109 1475 2303 1520 sancto
2335 1481 2454 1521 suo.
2494 1484 2513 1519 ›

1943 1555 2105 1610 Vsus.
2137 1555 2190 1611 6.
2218 1556 2332 1626 Ego
2359 1558 2583 1612 dormivi
2603 1567 2652 1612 et
2674 1569 2952 1627 soporatur
2970 1577 3108 1626 sum,
3133 1563 3437 1630 exsurrexi,

189 1646 410 1712 Κύριος
432 1643 825 1713 ἀντιλήψεται
847 1662 986 1713 μου,
1011 1662 1063 1698 κ.
1093 1663 1143 1701 τ.
1177 1647 1224 1700 ὲ.
1262 1647 1450 1717 Ἡμεῖς
1477 1648 1575 1718 μὲν
1603 1648 1759 1720 ἡγού-

1871 1649 1996 1718 quia
2028 1647 2285 1702 Dominus
2317 1650 2566 1718 suscipiet
2603 1666 2707 1717 me,
2741 1660 2848 1706 etc.
2895 1650 3004 1706 Nos
3031 1654 3245 1722 quidem
3291 1655 3437 1708 arbi-

195 1735 339 1807 μεθα
369 1735 477 1807 (86)
513 1736 675 1806 μηδὲν
707 1737 1044 1809 ἀνθρώπινον
1078 1738 1218 1809 ἔχειν
1248 1737 1314 1791 τὰ
1345 1738 1613 1808 λεγόμενα
1641 1741 1759 1795 ἀκό-

1873 1749 2080 1793 tramur
2109 1737 2247 1792 nihi-l
2283 1737 2400 1794 haec
2429 1738 2631 1793 habere
2669 1739 2966 1794 humanum
2993 1744 3134 1809 quod
3167 1751 3436 1810 congruat

190 1829 383 1883 λουθον
414 1833 480 1901 τῇ
511 1829 640 1901 περὶ
669 1829 759 1882 τὸν
789 1829 969 1894 Δαυῒδ,
999 1831 1087 1884 ὅτε
1115 1831 1311 1900 ἔφυγεν
1335 1831 1445 1884 ἀπὸ
1478 1832 1759 1903 προσώπου

1870 1845 1990 1886 cum
2041 1830 2260 1884 Davidis
2318 1830 2547 1885 historia
2597 1831 2853 1900 fugientis
2889 1847 2920 1886 a
2967 1832 3106 1888 facie
3153 1833 3433 1898 Absalom,

202 1922 578 1994 Ἀϐεσσαλὼμ,
630 1923 856 1995 ἱστορίᾳ,
908 1924 957 1976 εί
1000 1921 1247 1994 θέλοιμεν
1292 1924 1525 1995 τηρῆσαι
1573 1923 1660 1978 διὰ
1706 1925 1767 1979 τὸ

192 2015 357 2087 ῥητὸν
389 2015 449 2069 τὸ
475 2016 570 2070 τοῦ
610 2018 772 2071 Δαυῖδ
796 2017 1104 2089 πρόσωπον,
1129 2017 1224 2070 καὶ
1252 2017 1339 2070 διὰ
1363 2017 1522 2070 τοῦτό
1549 2035 1614 2087 γε
1642 2018 1773 2071 δυσ-ε

189 2109 518 2179 ωπήσαιμεν
551 2107 617 2162 ἂν
649 2109 745 2162 καὶ
774 2111 900 2173 τοὺς
938 2109 1012 2181 μὴ
1049 2107 1401 2179 βουλομένους
1434 2111 1768 2179 ἀναγκάζον-

188 2215 284 2263 τες
311 2200 530 2269 ἀνάγειν
563 2202 662 2273 τὴν
696 2202 934 2273 ἱστορίαν
973 2203 1066 2255 καὶ
1097 2201 1416 2274 προσίεσθαι
1452 2203 1668 2267 πάντως
1700 2205 1765 2258 ὲκ

189 2290 484 2363 προσώπου
500 2291 736 2364 Χριστοῦ
753 2289 890 2346 εἶναι
908 2291 977 2345 τὰ
997 2291 1456 2362 ἐπαγγελλόμενα.
1478 2293 1591 2346 Ἵνα
1605 2293 1660 2346 δὲ
1689 2293 1762 2365 μὴ

187 2380 435 2451 δοκῶμεν
467 2382 771 2454 προδιδόναι
796 2381 886 2435 τὸν
917 2382 1072 2452 λόγον
1099 2381 1190 2436 τὴν
1218 2382 1358 2436 κατὰ
1385 2383 1445 2435 τὸ
1477 2383 1636 2454 ῥητὸν
1670 2382 1764 2434 δυ·-

187 2473 422 2544 νάμενον
454 2471 742 2539 σώζεσθαι,
775 2475 867 2528 καὶ
894 2473 1067 2528 ταῦτα
1097 2475 1312 2528 λεκτέον
1331 2493 1344 2505 ·
1372 2474 1555 2545 Φαμὲν
1585 2475 1768 2528 τοίνυν

186 2567 357 2620 αὑτοῦ
398 2567 802 2639 κατηγοροῦντα
845 2568 935 2621 τὸν
972 2567 1133 2622 Δαυῒδ
1171 2568 1346 2622 ταῦτα
1390 2567 1618 2638 φάσκειν
1669 2565 1762 2620 ἐπὶ

184 2658 267 2730 τῷ
297 2659 370 2731 μὴ
395 2660 750 2731 ἐγρηγορέναι
794 2659 954 2712 αὑτὸν
993 2660 1125 2733 περὶ
1163 2660 1263 2730 τῆς
1294 2659 1587 2730 βασιλείας,
1628 2659 1762 2732 μηδὲ

186 2753 462 2826 προσοχὴν
492 2754 590 2824 τὴν
627 2752 850 2806 δέουσαν
877 2752 1208 2821 εἰσαγαγεῖν,
1236 2752 1374 2806 ὥστε
1402 2752 1588 2824 καιρὸν
1618 2751 1763 2823 ἔχειν

187 2845 474 2899 ἐπιθέσθαι
518 2846 638 2916 μὲν,
665 2845 792 2900 τάδε
831 2846 1156 2899 πεπονθέναι
1185 2845 1347 2898 αὑτὸν
1391 2844 1479 2898 διὰ
1504 2844 1605 2915 τῆς
1638 2847 1766 2898 ἐπι-

191 2935 396 3001 θέσεως
449 2936 542 2990 τοῦ
604 2935 974 3008 Ἀσεσσαλώμ.
1033 2935 1197 3008 Ἑμοῦ
1240 2937 1350 3007 γὰρ
1392 2935 1756 3008 κοιμωμένου,

185 3028 344 3097 φησὶ,
374 3027 468 3080 καὶ
493 3025 782 3090 ὑπνοῦντος
804 3026 930 3080 τάδε
951 3025 1070 3080 τινὰ
1105 3025 1415 3097 συμϐέϐηκέ
1447 3041 1554 3095 μοι.
1599 3022 1757 3076 Ἀλλὰ
1782 3066 1828 3130 c

182 3118 488 3189 διανέστην,
524 3119 644 3170 ἐπεὶ
673 3116 876 3190 Κύριος
905 3117 1250 3190 ἀντιλήψεταί
1292 3134 1412 3188 μου,
1456 3116 1546 3171 καὶ
1576 3115 1758 3170 διανα-

184 3210 319 3273 στὰς
345 3210 617 3284 μυριάδων
643 3209 772 3262 λαοῦ
798 3209 1132 3281 ἐπιθεμένων
1160 3227 1248 3280 μοι
1267 3210 1326 3262 οὐ
1356 3207 1752 3280 φοϐηθήσομαι.

184 3305 295 3357 Καὶ
339 3302 612 3365 ἁϐιὰστως
653 3300 720 3353 τὰ
767 3301 895 3372 ἑξῆς
939 3302 1079 3368 δόξει
1113 3300 1412 3366 σώζεσθαι·
1455 3302 1548 3355 καὶ
1583 3303 1756 3356 ταῦτα

185 3397 285 3468 μὲν
333 3394 614 3467 ἡγούμεθα
669 3393 745 3457 ὡς
795 3393 929 3465 πρὸς
981 3393 1080 3465 τὴν
1126 3391 1274 3457 λέξιν
1336 3393 1751 3465 ἑρμηνεύεσθαι,

183 3486 320 3557 πρὸς
341 3485 400 3538 δὲ
425 3483 734 3553 ἀναγωγὴν,
761 3482 837 3544 ὼς
868 3483 1295 3553 προειρήκαμεν,
1325 3482 1432 3535 ἀπὸ
1463 3481 1754 3554 προσώπου

181 3579 387 3650 Κυρίου
417 3577 588 3631 ταῦτα
613 3575 1046 3646 ἀπαγγέλλεσθαι
1075 3575 1171 3646 τὴν
1211 3575 1344 3628 ἰδίαν
1370 3575 1621 3646 κοίμησιν
1658 3575 1754 3630 νῦν

177 3669 557 3742 διηγουμένου,
587 3670 680 3722 καὶ
704 3667 868 3720 ὕπνον
889 3667 981 3720 τὸν
1005 3666 1147 3720 κατὰ
1173 3667 1234 3719 τὸ
1261 3665 1451 3730 πάθος.
1503 3667 1755 3721 Ἐπισκε-

177 3761 412 3832 ψώμεθα
439 3759 504 3832 δὴ
536 3760 800 3831 πρότερον
833 3757 1097 3829 διαφορὰν
1130 3758 1436 3828 κοιμήσεως
1459 3756 1553 3811 καὶ
1583 3758 1752 3812 ὕπνου

179 3851 535 3923 νομιζομένου
566 3853 641 3916 ὡς
669 3851 806 3923 πρὸς
835 3851 931 3922 τὴν
961 3850 1134 3914 λέξιψ
1176 3851 1431 3922 κοίμησιν
1479 3851 1577 3921 μὲν
1609 3846 1751 3904 εἶναι

177 3943 253 4008 ὡς
279 3944 415 4015 πρὸς
441 3944 541 4015 τὴν
568 3942 820 4015 ἡσυχίαν,
869 3943 996 4013 περὶ
1032 3935 1100 4013 ἧς
1133 3943 1226 3996 καὶ¹
1268 3944 1296 3994 ό
1337 3940 1548 4004 Παῦλός
1581 3958 1746 4011 φησι’

181 4054 202 4089 ι
254 4037 466 4100 Πάντες
514 4033 981 4106 κοιμηθησόμεθα,
1024 4035 1084 4086 οὐ
1126 4033 1324 4096 πάντες
1357 4033 1413 4086 δὲ
1445 4033 1750 4104 ἀλλαγησό-

181 4129 350 4202 μεθα·
393 4148 410 4181 ι
447 4127 613 4182 ὕπνον
646 4128 702 4180 δὲ
731 4128 915 4182 ἄνεσιν
945 4127 1046 4197 τῆς
1078 4126 1255 4196 ψυχῆς
1282 4127 1600 4198 χαλωμένης
1641 4127 1750 4180 ἀπὸ

175 4221 269 4274 τοῦ
303 4218 556 4290 σώματος
584 4219 676 4271 καὶ
702 4217 800 4288 τὴν
828 4218 983 4271 τάσιν
1013 4217 1406 4287 ὑπεκλυούσης,
1433 4216 1512 4286 τῷ
1547 4215 1622 4287 μὴ
1654 4217 1750 4285 φέ-

180 4329 292 4383 ρειν
324 4310 667 4364 ἀδιάλειπτον
694 4309 786 4361 τὸν
810 4307 980 4362 τόνον.
1035 4307 1123 4360 Ἐν
1151 4307 1208 4360 δὲ
1238 4306 1314 4378 τῷ
1357 4305 1475 4360 Ἰὼϐ
1515 4307 1748 4377 μάλιστα

175 4405 271 4476 τὴν
305 4403 564 4474 διαφορὰν
609 4401 973 4473 παρίστασθαι
1011 4399 1460 4470 ὑπολαμϐάνομεν
1501 4398 1589 4452 διὰ
1625 4397 1746 4450 τού-

176 4507 316 4544 των’
358 4510 376 4542 ι
415 4489 528 4544 Νῦν
569 4491 634 4544 ἂν
673 4489 954 4560 κοιμηθεὶς
987 4488 1264 4560 ἡσύχασασ
1302 4486 1555 4550 ὑπνώσας
1581 4487 1639 4541 δὲ
1677 4486 1743 4542 ἂν

177 4583 502 4651 ἐπαυσάμην
544 4579 678 4651 μετὰ
705 4577 986 4648 βασιλέων,
1018 4577 1316 4648 βουλευτῶν
1339 4577 1461 4648 γῆς.
1498 4594 1517 4628 ›
1563 4575 1747 4646 Ἐδεή-

1869 1923 1914 1978 si
1967 1922 2306 1978 voluerimus
2359 1933 2586 1993 propter
2638 1923 2875 1976 litteram
2941 1937 3166 1978 scrvare
3215 1923 3434 1980 Davidis

1867 2028 2154 2082 personam
2180 2053 2196 2078 ,
2248 2022 2305 2068 et
2345 2027 2632 2085 propterea
2685 2015 2874 2083 pudori
2927 2015 3082 2070 nobis
3125 2017 3200 2070 sit
3237 2031 3440 2088 cogere

1868 2106 2068 2162 invitos
2111 2107 2255 2162 hanc
2291 2107 2574 2162 historiam
2608 2107 2674 2161 ad
2696 2107 2995 2175 spiritalem
3025 2123 3245 2164 sensum
3271 2124 3433 2166 revo-

1865 2211 2023 2262 care,
2080 2205 2136 2252 et
2188 2197 2412 2252 omnino
2471 2199 2626 2253 fateri
2676 2200 2790 2254 hinc
2833 2215 2901 2254 ex
2951 2215 3181 2269 persona
3226 2200 3430 2256 Christi

1865 2287 2006 2343 dicta
2041 2301 2180 2343 esse.
2214 2288 2292 2344 Ne
2337 2298 2515 2344 tamen
2564 2291 2849 2345 videamur
2901 2305 3208 2345 sermonem
3264 2293 3433 2346 dere-

1862 2377 2110 2448 linquere
2136 2379 2229 2449 qui
2259 2383 2561 2436 secundum
2588 2380 2825 2436 litteram
2855 2384 3061 2436 servari
3087 2391 3286 2452 potest,
3315 2383 3430 2436 hac

1861 2489 2080 2544 quoque
2121 2473 2344 2529 dicenda
2378 2483 2506 2528 sunt
2531 2493 2545 2528 :
2579 2473 2783 2542 Nempe
2813 2475 3160 2542 semetipsum
3190 2474 3275 2528 his
3303 2487 3430 2527 ver-

1862 2565 1946 2620 bis
1975 2580 2236 2622 accusare
2263 2566 2543 2630 Davidem,
2590 2578 2655 2620 eo
2705 2567 2850 2635 quod
2895 2566 3048 2634 regni
3089 2580 3274 2620 curam
3317 2579 3426 2618 non

1862 2655 2144 2720 habuerit,
2187 2665 2241 2710 et
2275 2654 2345 2709 ita
2387 2653 2550 2708 oliicii
2590 2653 2865 2724 negligens
2915 2655 3100 2722 fuerit,
3148 2665 3208 2708 ut
3251 2652 3428 2710 rebelo

1861 2744 2008 2799 landi
2050 2745 2387 2801 occasionem
2433 2751 2624 2798 nactus
2661 2744 2734 2797 sit
2775 2744 3052 2809 Absalom,
3089 2755 3143 2800 et
3172 2745 3296 2800 inde
3324 2745 3426 2801 has

1860 2835 1911 2891 ei
1970 2835 2245 2890 molestias
2295 2834 2566 2904 pariendi.
2614 2833 2746 2889 Mihi
2802 2837 2970 2900 enim,
3035 2837 3232 2906 inquit,
3297 2838 3427 2894 dor-

1860 2927 2052 2981 mienti
2099 2935 2157 2982 et
2201 2937 2456 2995 soporato
2497 2926 2613 2980 haec
2653 2926 3024 2996 contigerunt.
3062 2927 3167 2982 Sed
3205 2939 3425 2984 erectus

1861 3031 2005 3076 sum.
2029 3017 2155 3086 quia
2189 3016 2447 3071 Dominus
2489 3015 2752 3084 suscipiet
2800 3031 2905 3080 me,
2957 3026 3012 3071 et
3052 3026 3269 3073 erectus
3312 3035 3424 3074 non

1859 3107 2021 3179 552
2059 3108 2284 3172 timebo,
2319 3106 2532 3162 etiamsi
2565 3106 2755 3160 decem
2802 3106 2974 3160 millia.
3015 3109 3196 3177 populi
3244 3111 3424 3165 insur-

1859 3209 1984 3269 gunt
2021 3199 2308 3254 adversum
2344 3213 2449 3252 me.
2486 3198 2579 3252 Sic
2606 3199 2725 3252 sine
2755 3196 2860 3250 ulla
2901 3200 2978 3263 vi,
3026 3214 3148 3268 qum
3185 3215 3425 3272 sequun-

1862 3300 1954 3346 tur
1981 3290 2314 3346 videbuntur
2338 3290 2545 3345 servari
2573 3304 2590 3354 ;
2639 3297 2695 3342 et
2729 3288 2844 3342 haec
2891 3290 3132 3358 quidem,
3160 3302 3421 3360 quantum

1857 3386 1923 3440 ad
1958 3386 2190 3440 litteram
2230 3385 2446 3450 attinet,
2495 3383 2826 3436 arbitramur
2869 3385 3150 3452 explicari,
3194 3386 3287 3440 sed
3333 3400 3427 3439 se-

1857 3476 2093 3531 cundum
2145 3475 2446 3546 spiritalem
2497 3491 2714 3532 sensum
2773 3491 2836 3531 ex
2901 3492 3134 3547 persmta
3202 3475 3420 3530 Domini

1855 3567 1986 3633 dici,
2019 3569 2112 3639 qui
2145 3568 2422 3638 propriam
2467 3583 2618 3622 suam
2673 3569 3060 3624 dormitionem
3112 3576 3320 3631 narrat,
3366 3575 3438 3622 et.

1853 3676 2104 3716 somnum
2136 3675 2296 3730 quem
2349 3667 2594 3727 tempore
2629 3659 2900 3724 passionis
2949 3658 3160 3712 habuit.
3199 3658 3440 3727 Expen-~

1853 3753 2047 3807 damus
2065 3760 2249 3806 autem
2282 3751 2430 3820 prius
2467 3751 2814 3805 dormitionis
2839 3750 3132 3804 discrimen
3159 3759 3215 3803 et
3239 3750 3418 3804 somni

1851 3845 2148 3901 secundum
2184 3842 2418 3897 litteram
2444 3843 2674 3910 accepti.
2721 3841 2984 3896 Dormitio
3013 3850 3096 3895 est
3121 3855 3220 3895 ceu
3248 3840 3419 3896 silen-

1854 3939 1986 3991 tium
2042 3937 2108 3991 de
2145 3922 2259 4004 'quo
2285 3934 2501 3998 iPaulus
2539 3934 2614 3987 ait
2642 3934 2724 3986 7‘:
2765 3951 2784 3982 ι
2820 3932 3020 3986 Omnes
3059 3931 3426 3996 dormiemus,

1851 4030 1944 4086 sed
1973 4043 2077 4083 non
2098 4042 2288 4084 omnes
2308 4026 2750 4089 immutahimur;
2791 4045 2810 4078 ι
2845 4040 3068 4080 somnus
3104 4035 3188 4079 est
3217 4025 3418 4079 anima:

1857 4119 2106 4174 remissio
2137 4133 2165 4171 a
2197 4131 2429 4186 corpore
2455 4115 2728 4179 relaxatae,
2768 4124 2822 4170 et
2853 4116 3213 4171 intensionem
3237 4115 3418 4170 seclu-

1851 4209 2052 4275 dentis,
2093 4209 2236 4278 quod
2269 4206 2662 4264 iudesinentem
2696 4217 2942 4262 tenorem
2978 4223 3084 4261 non
3114 4207 3276 4262 ferat.
3299 4206 3417 4262 Hoc

1850 4299 2139 4354 discrimen
2192 4299 2244 4352 in
2291 4297 2393 4354 Job
2447 4307 2700 4367 putamus
2749 4299 2890 4353 tradi
2942 4298 3024 4352 bis
3073 4298 3255 4353 verbis
3305 4298 3348 4328 ⁷⁷
3392 4311 3410 4352 :

1857 4407 1878 4441 ι
1907 4389 2059 4445 Nunc
2099 4390 2284 4456 utique
2319 4390 2591 4445 dormiens
2637 4389 2999 4459 quiescerem,
3053 4397 3108 4443 et
3158 4402 3408 4442 somnum

1849 4482 2072 4551 capiens
2125 4481 2534 4552 requiescerent
2583 4496 2705 4536 eum
2772 4483 3027 4548 regibus,
3085 4479 3413 4536 consiliariis

1847 4583 2028 4630 terrae.
2058 4593 2078 4629 ι
2127 4571 2273 4644 Opus
2330 4585 2510 4628 autem
2561 4574 2718 4629 nobis
2767 4572 2870 4627 fuit
2899 4572 3215 4628 discrimine
3258 4572 3404 4640 quod

176 4673 350 4744 θημεν
376 4673 432 4727 δὲ
465 4675 564 4744 τῆς
593 4673 853 4744 διαφορᾶς
882 4669 977 4724 τοῦ
1009 4669 1334 4741 κοιμηθῆναι
1370 4670 1464 4724 καὶ
1503 4668 1748 4722 ύπνῶσαι

1860 4673 1928 4718 :st
1961 4665 2124 4730 inter,
2171 4683 2189 4716 ι
2223 4665 2482 4727 dormire,
2519 4683 2537 4715 ι
2565 4672 2639 4731 et,
2670 4682 2689 4715 ι
2726 4678 2975 4717 somnum
3027 4677 3252 4731 capere,
3286 4679 3308 4714 ι
3348 4673 3411 4716 ιιι

175 4769 313 4836 ὑπὲρ
351 4763 444 4818 τοῦ
481 4765 715 4817 συνιέναι
744 4762 860 4826 πῶς
889 4763 953 4816 ἂν
979 4763 1070 4817 ἐπὶ
1096 4761 1187 4816 τοῦ
1219 4761 1470 4832 Σωτῆρος
1496 4759 1634 4830 αὕτη
1656 4759 1749 4831 δη-

174 4861 335 4913 λοῖτο.
364 4855 601 4927 Σύνηθες
631 4854 729 4925 μὲν
754 4853 863 4925 γὰρ
885 4853 984 4922 τὴν
1017 4853 1124 4905 ἀπὸ
1147 4850 1240 4904 τοῦ
1273 4851 1387 4919 βίου
1413 4848 1602 4902 τούτου
1631 4848 1748 4916 ἔξο-

171 4948 258 5002 δον
293 4947 552 5018 κοίμησιν
578 4943 850 5012 λέγεσθαι,
886 4942 995 4996 ἔσθ’
1023 4943 1111 4996 ὅτε
1136 4941 1193 4995 δὲ
1215 4943 1309 4994 καὶ
1341 4940 1506 4994 ὕπνον
1534 4941 1744 5012 μεμνή-

176 5039 314 5112 μεθα
343 5037 717 5109 ὀνομάζεσθαι.
760 5055 778 5086 ι
815 5034 1108 5106 Ἐκοιμήθη
1156 5054 1174 5087 ι
1208 5034 1338 5106 γὰρ,
1366 5034 1517 5105 φησι,
1551 5052 1570 5084 ι
1610 5032 1747 5103 μετὰ

171 5132 281 5187 τῶν
313 5131 567 5205 πατέρων
592 5130 786 5184 αύτοῦο
827 5147 846 5179 ι
881 5129 995 5192 καὶ,
1027 5147 1044 5179 ι
1074 5127 1249 5181 Πολλὰ
1278 5129 1506 5198 σώματα
1527 5125 1634 5178 τῶν
1658 5141 1750 5178 κε-

174 5223 524 5296 κοιμημένων
555 5222 724 5293 ἁγίων
750 5222 1060 5295 ἠγέρθησαν
1111 5223 1190 5286 εἰς
1231 5221 1329 5292 τὴν
1356 5219 1518 5286 ἁγίαν
1558 5217 1735 5282 πόλιν,

173 5317 266 5371 καὶ
298 5314 729 5385 ἐνεφανίσθησαν
774 5314 1023 5378 πολλοῖς·
1068 5333 1086 5366 ι
1129 5313 1244 5376 καὶ,
1284 5331 1302 5364 ι
1355 5311 1491 5363 Νυνὶ
1520 5309 1577 5362 δὲ
1608 5309 1744 5380 ἐγή-

174 5424 366 5479 γερται
398 5406 632 5478 Χριστὸς
668 5409 734 5460 ὲκ
755 5406 984 5478 νεκρῶν,
1023 5407 1243 5480 ἀπαρχὴ
1267 5404 1372 5458 τῶν
1406 5402 1742 5475 κεκοιμημέ-

1847 4755 2212 4827 intelligamus
2270 4756 2544 4826 quomodo
2599 4755 2651 4809 id
2712 4756 2764 4809 in
2836 4753 3120 4809 Salvatore
3191 4755 3408 4809 ostendi

1846 4851 2029 4912 queat.
2081 4843 2229 4897 Solet
2279 4845 2424 4898 enim
2491 4842 2562 4898 ab
2615 4844 2720 4898 hac
2767 4843 2878 4898 vita
2929 4844 3110 4898 exitus
3158 4842 3413 4898 dormitio

1845 4938 1972 5002 dici,
2009 4936 2302 5005 aliquando
2333 4935 2496 4990 etiam
2548 4950 2802 4990 somnum
2851 4934 3113 5004 appellari
3161 4933 3413 4988 memini-

1847 5045 1988 5085 mus.
2021 5047 2039 5080 ι
2075 5027 2342 5083 Dormivit
2370 5046 2390 5080 ι
2419 5027 2588 5091 enim,
2639 5026 2812 5096 inquit
2840 5025 2909 5089 ⁷⁸,
2947 5044 2966 5074 ι
2990 5040 3112 5080 cum
3165 5023 3414 5094 patribus

1848 5121 1996 5187 suis;
2035 5139 2054 5171 ι
2088 5130 2145 5175 et
2175 5121 2219 5152 ⁷³
2250 5136 2267 5175 ε
2306 5138 2324 5171 ι
2359 5119 2526 5174 Multa
2562 5133 2790 5188 corpora
2818 5125 3130 5172 sanctorum
3158 5115 3250 5184 qui
3283 5115 3410 5169 dor-

1844 5214 2095 5280 mierant,
2146 5221 2560 5269 resurrexerunt
2611 5212 2669 5264 in
2708 5219 2952 5265 sanetam
3006 5209 3302 5272 civitatem,
3353 5215 3408 5260 et

1845 5319 2212 5376 apparuerunt
2249 5307 2455 5364 multis.
2493 5325 2511 5359 ι
2549 5306 2656 5360 Et:
2701 5323 2720 5357 ι
2751 5302 3070 5358 Resurrexit
3098 5299 3344 5352 Christus
3375 5312 3406 5349 a

1845 5397 2096 5462 mortuis,
2138 5397 2388 5466 primitiaz
2419 5396 2847 5458 dormientium;
2890 5410 2911 5444 ι
2957 5398 3014 5445 et
3061 5388 3176 5446 “:t
3199 5387 3402 5442 Omnes

239 5525 288 5557 ⁷⁸
310 5523 555 5590 Provnx,
577 5523 632 5577 4.
705 5523 753 5557 ⁷⁸
779 5521 923 5579 Psal.
955 5538 1070 5588 xu,
1093 5523 1148 5578 7.
1217 5523 1262 5554 ⁷⁸
1281 5521 1302 5576 l
1322 5521 1448 5576 Cor.
1473 5535 1564 5588 xv,
1588 5518 1680 5586 20,
1711 5516 1759 5572 51

1877 5516 1922 5550 ⁷⁷
1946 5514 2065 5572 Job.
2091 5531 2172 5571 tu.
2249 5516 2296 5550 "
2321 5515 2458 5573 Gen.
2489 5527 2657 5580 xnvu,
2682 5509 2773 5566 30.
2832 5505 2879 5539 "’
2895 5501 3084 5560 Matth.
3108 5513 3282 5567 xxv",
3307 5499 3404 5560 52.

174 5594 219 5628 ⁸³
248 5597 269 5648 Ι
292 5595 419 5650 Cor.
456 5609 545 5659 xv,
567 5593 660 5650 20.

243 5705 353 5780 (86)
388 5703 580 5777 Ἡμεῖς
606 5702 724 5776 μὲν
749 5702 1072 5776 ἡγούμεθα,
1103 5709 1210 5761 etc.
1241 5699 1502 5760 Indidem.
