4046 6152
659 190 803 245 1127

614 371 621 378 υ
659 305 1010 361 dormiemus.
1052 322 1070 355 ι
1121 300 1359 357 Somnus
1402 300 1567 355 etiam
1603 299 1940 370 appellatur,
1976 295 2222 367 quando-
2249 297 2296 353 Α

613 383 872 466 ἠιιὶιιειη
930 395 1067 448 idem
1129 401 1213 447 est
1271 391 1536 457 dormire,
1589 404 1654 444 ac
1705 403 1956 444 somnum
2003 400 2222 456 capere.

660 508 681 539 ι
714 486 870 541 Multi
911 486 978 539 de
1008 484 1092 537 his
1131 483 1223 552 qui
1268 498 1520 538 somnum
1553 482 1777 550 capiunt
1817 481 1873 535 in
1919 488 2077 534 terra:
2105 478 2228 548 pul-

655 590 804 640 vere,
838 573 1271 644 evigilabunt“.
1312 590 1330 625 ι
1380 571 1481 638 Qui
1530 572 1684 626 locus
1734 567 2096 625 conlerendus
2143 576 2228 624 est

655 687 779 725 cum
827 670 897 724 iis
945 684 1068 738 quae
1117 667 1260 721 dicta
1291 674 1418 721 sunt
1462 666 1528 719 de
1562 663 1771 720 sanctis
1807 663 2224 719 dormientibus.

654 762 858 816 Praeter
884 761 1087 815 exitum
1123 772 1190 812 ex
1222 760 1327 814 hac
1350 758 1483 820 vita,
1513 757 1780 827 signiﬁcat
1803 754 1965 811 etiam
2005 769 2230 810 somnus

661 865 934 922 torporem
973 852 1186 917 animat,
1224 864 1346 905 cum
1392 848 1625 902 attentio
1672 847 1950 918 vigilantia
1993 848 2224 902 dicatur.

663 941 864 998 Voleus
919 943 1062 995 enim
1107 955 1205 995 nos
1251 940 1468 994 divinus
1489 951 1668 993 sermo
1708 952 1738 990 a
1766 948 1982 1006 torpore
2016 951 2228 1004 arcere,

662 1037 737 1091 ait
763 1036 809 1069 δ’
841 1052 855 1089 :
908 1053 927 1086 ι
963 1033 1042 1090 Nc
1069 1034 1166 1088 des
1193 1030 1370 1086 oculis
1412 1030 1521 1085 tuis
1569 1043 1843 1093 somnum,
1874 1036 1929 1082 et
1958 1027 2229 1098 palpebris

660 1128 772 1182 tuis
794 1123 1256 1187 dormitationem,
1287 1129 1347 1176 ut
1386 1129 1642 1189 tanquam
1679 1117 1900 1173 damula
1931 1120 2168 1174 serveris
2196 1134 2226 1172 a

657 1219 891 1287 laqueis,
942 1227 997 1270 et
1044 1225 1302 1283 tanquam
1349 1211 1466 1264 avis
1497 1225 1527 1263 a
1561 1219 1696 1264 rete.
1740 1227 1760 1262 ι
1816 1209 1887 1263 Et
1940 1210 2229 1264 ostendere

655 1313 849 1368 volens
878 1310 1150 1378 Propheta
1185 1315 1457 1377 torporem
1482 1313 1534 1358 et
1562 1303 1848 1371 segnitiem
1881 1312 2226 1373 peccatorum

655 1405 732 1458 ait
758 1402 804 1434 ⁸³
841 1419 854 1455 :
911 1418 930 1452 ι
979 1399 1331 1454 Dormierunt
1365 1411 1618 1452 somnum
1652 1410 1833 1458 suum,
1885 1401 1942 1447 et
1985 1393 2117 1446 nihil
2150 1392 2226 1444 in-

653 1500 941 1555 venerunt.
992 1509 1011 1542 ›
1063 1489 1132 1543 Ει
1178 1488 1309 1544 illud
1347 1489 1416 1554 ⁸⁵,
1465 1508 1485 1541 ι
1543 1488 1718 1558 Surge
1760 1485 1854 1555 qui
1905 1484 2132 1547 dormis,
2176 1492 2230 1537 et

651 1599 882 1652 exsurge
933 1597 961 1636 a
1010 1581 1262 1648 mortuis,
1306 1589 1360 1636 et
1414 1581 1693 1636 illucescet
1733 1579 1829 1632 tibi
1882 1575 2150 1631 Christus.
2203 1594 2222 1625 ι

653 1673 790 1728 lluie
834 1688 1024 1728 somno
1055 1673 1146 1741 qui
1184 1671 1317 1726 nihil
1347 1672 1494 1726 aliud
1536 1681 1619 1726 est
1660 1686 1822 1740 quam
1855 1679 2060 1738 torpor,
2097 1682 2228 1721 ana-

652 1766 791 1834 logia
837 1765 1069 1834 quadam
1116 1764 1404 1834 resp-undet
1451 1761 1763 1818 dormitatio
1823 1761 2020 1814 anima:
2067 1773 2228 1828 quam

653 1856 901 1929 prohibet
957 1855 1263 1922 Salomon,
1317 1855 1518 1910 docens
1561 1870 1669 1909 non
1734 1869 1986 1908 somnum
2053 1850 2227 1906 solum

654 1948 948 2003 arcendum
972 1961 1094 2003 esse
1117 1947 1185 2001 ab
1211 1947 1410 2012 oculis,
1437 1946 1530 2001 sed
1564 1946 1729 2000 etiam
1770 1945 2228 1999 dormitationem.

653 2040 793 2107 Quin
824 2050 880 2094 et
900 2037 1185 2094 Psalmista
1239 2039 1292 2093 in
1339 2037 1669 2104 vituperium
1715 2037 1995 2104 accipiens
2029 2037 2232 2091 dormi-

653 2132 875 2186 talionis
923 2146 1140 2194 nomen,
1194 2131 1272 2184 ait
1307 2131 1353 2162 '“
1395 2146 1409 2184 :
1463 2148 1482 2181 ι
1529 2129 1982 2184 Dormitaverunt
2035 2145 2228 2184 omnes

647 2225 745 2293 qui
772 2223 1142 2277 ascenderunt
1172 2236 1363 2292 equos.
1393 2241 1413 2275 ›
1455 2221 1696 2275 Dicimus
1727 2234 1856 2292 ergo
1884 2220 2223 2277 Snlvatorem

649 2324 893 2372 nostrum
923 2313 1106 2369 Jesnm
1133 2313 1428 2377 Christum,
1457 2311 1675 2382 quando
1707 2326 2052 2366 communem
2082 2327 2229 2365 mor-

650 2420 760 2462 tem
787 2421 889 2477 pro
923 2406 1080 2461 nobis
1106 2405 1386 2471 sustinuit,
1407 2415 1534 2460 tunc
1564 2405 1874 2467 dormiisse,
1907 2413 2218 2473 soporatum

649 2513 780 2554 vero
809 2497 996 2559 fuisse,
1025 2511 1148 2550 cum
1173 2497 1352 2550 anima
1389 2495 1509 2565 ejus
1537 2511 1565 2548 a
1591 2509 1822 2565 corpore
1847 2504 2094 2562 separata
2122 2503 2225 2548 est.

645 2590 1114 2658 Quemadmodum
1166 2589 1312 2644 enim
1337 2588 1430 2659 qui
1459 2602 1708 2642 somnqu
1738 2586 1982 2655 capiunt,
2011 2585 2230 2654 jacente

650 2697 884 2754 corpore
917 2691 1210 2751 operantur
1248 2680 1547 2736 secundum
1593 2686 1850 2745 mentem,
1885 2677 2230 2748 imaginatio-

653 2775 815 2830 nibus
853 2775 1176 2845 quibusdam
1219 2774 1636 2829 occursantibus
1667 2772 1941 2837 obsecuti,
1974 2781 2030 2826 et
2063 2779 2232 2838 agunt

651 2867 853 2939 aliquid
889 2867 1092 2934 absque
1118 2866 1229 2920 ullo
1250 2865 1497 2934 corporis
1522 2865 1845 2930 ministerio,
1868 2880 1976 2934 quo
2009 2879 2113 2918 non
2143 2865 2227 2917 in-

653 2963 869 3032 digent;
900 2958 1058 3029 553
1092 2959 1188 3023 sic,
1232 2958 1356 3014 licet
1405 2959 1457 3012 in
1488 2957 1742 3014 omnibus
1773 2973 1880 3011 non
1931 2958 2127 3012 similis
2151 2958 2224 3012 sit
2250 2974 2296 3036 ο

655 3052 833 3118 imago
864 3050 910 3102 ei
941 3047 1096 3114 cujus
1118 3057 1202 3102 est
1232 3047 1430 3116 imago,
1464 3055 1837 3101 verumtamen
1869 3053 1926 3099 ιιι
1959 3048 2076 3100 sine
2101 3060 2223 3099 eor-

652 3155 784 3211 pore
813 3138 992 3192 anima
1027 3153 1144 3206 quae
1181 3139 1249 3191 ab
1287 3138 1404 3206 ipso
1449 3147 1703 3206 separata
1732 3146 1838 3202 est,
1874 3145 1930 3190 et
1983 3150 2227 3190 somnum

656 3233 819 3301 capit,
861 3231 1182 3285 ostendatur
1226 3230 1464 3296 operari,
1504 3239 1788 3298 postquam
1840 3228 2048 3283 dictum
2095 3239 2176 3282 est
2210 3245 2224 3280 :

657 3342 678 3376 ι
727 3323 840 3392 Ego
875 3320 1129 3382 dormivi,
1167 3338 1186 3372 ι
1211 3321 1447 3384 additur,
1480 3337 1499 3372 ι
1535 3329 1589 3372 et
1618 3329 1904 3388 soporatus
1936 3335 2074 3373 sum.
2106 3337 2125 3371 ι
2167 3319 2230 3374 Et

654 3414 781 3483 quid
817 3411 1015 3466 mirum
1065 3411 1112 3464 si
1140 3409 1402 3478 ejusmodi
1447 3424 1668 3464 somnus
1710 3412 1764 3463 in
1800 3408 2081 3465 Salvatore
2122 3426 2225 3463 non

657 3503 880 3559 omnino
912 3501 1108 3556 animm
1138 3502 1308 3556 otium
1343 3502 1467 3566 fuit,
1505 3501 1599 3556 sed
1625 3503 1857 3557 cessatio
1882 3503 2125 3570 quaedam
2161 3503 2228 3558 ab

652 3612 752 3650 usu
797 3594 1045 3664 corporei
1087 3593 1611 3662 instrumenti‘llpsa
1656 3593 1855 3647 etenim
1895 3608 1990 3659 per
2028 3608 2088 3647 se
2131 3607 2226 3646 sua

653 3703 878 3742 munera
929 3687 1066 3751 obit,
1120 3685 1554 3756 quandoquidem
1613 3685 1810 3740 idema
1857 3681 1992 3739 Jobo
2022 3684 2224 3738 dictum

651 3781 976 3835 ostenditur.
1001 3797 1020 3831 ί
1042 3777 1220 3846 Quare
1241 3795 1260 3829 ι
1279 3777 1446 3844 enim,
1468 3776 1722 3845 inquit“,
1747 3793 1764 3825 ι
1785 3790 1889 3828 non
1908 3791 1974 3830 ex
1992 3783 2146 3829 utero
2172 3774 2224 3828 in

653 3882 1062 3928 monumentum
1097 3872 1204 3926 abii
1230 3870 1423 3926 ?Nuuc
1451 3871 1639 3938 utique
1662 3871 1938 3924 dormiens
1973 3868 2226 3936 quiesce-

655 3978 789 4028 rem,
824 3977 1073 4017 somnum
1099 3971 1278 4016 autem
1314 3961 1536 4029 capiens
1567 3960 1964 4029 requiescerent
1992 3973 2114 4010 cum
2142 3969 2228 4009 re-

653 4056 844 4126 gibus,
879 4054 1212 4111 consiliariis
1246 4066 1437 4122 terrae,
1475 4055 1566 4124 qui
1611 4053 1986 4122 gloriabantur
2015 4051 2067 4102 in
2103 4049 2224 4119 gla~

654 4147 780 4210 diis,
809 4155 903 4200 aut
944 4162 1064 4202 cum
1110 4146 1445 4217 principibus
1473 4146 1673 4216 quibus
1717 4145 1940 4198 multum
1981 4141 2082 4196 fuit
2127 4157 2226 4194 au-

655 4255 797 4294 rum.
836 4257 855 4291 ›
885 4237 999 4294 Nisi
1044 4240 1190 4294 enim
1225 4239 1462 4308 aliquam
1497 4239 1694 4292 animae
1742 4235 2110 4305 operationem
2144 4235 2227 4287 iu-

655 4329 923 4400 telligeret
963 4329 1016 4382 in
1063 4344 1170 4399 qua
1217 4329 1485 4384 bonorum
1544 4327 1902 4397 quorumdam
1953 4324 2223 4392 particeps
2256 4321 2302 4377 D

655 4421 850 4477 elfecta
881 4463 897 4488 ,
931 4436 1056 4476 eum
1094 4422 1242 4476 hisce
1286 4421 1675 4490 requiesceret,
1715 4433 1822 4474 non
1853 4418 2040 4486 utique
2077 4417 2223 4472 dice-

658 4526 740 4572 ret
770 4532 784 4568 :
809 4532 828 4566 t
874 4515 1135 4570 Somnum
1162 4514 1380 4584 capiens
1406 4515 1800 4581 requiescerent
1831 4525 1954 4565 cum
1985 4508 2222 4580 regibus.

658 4607 986 4663 consiliariis
1017 4617 1196 4671 terra,
1233 4606 1324 4676 qui
1371 4605 1740 4676 gloriabantur
1771 4603 1822 4656 in
1857 4602 2069 4674 gladiis.
2106 4620 2126 4653 ι
2159 4600 2222 4656 Hi

659 4708 842 4754 autem
871 4700 1042 4754 sancti
1067 4697 1270 4752 fuerint
1298 4697 1514 4766 pietatis
1541 4695 1739 4750 milites
1767 4694 1860 4764 qui
1891 4694 2056 4748 verbo
2078 4693 2225 4748 onmi

659 4795 841 4862 gladio
879 4793 1098 4864 ancipiti
1125 4793 1371 4848 acutiore
1418 4800 1642 4844 utuntur
1675 4798 1864 4845 contra
1894 4802 2111 4844 omnem
2141 4802 2228 4841 ve-

661 4886 839 4942 ritatis
879 4886 1274 4942 adversarium.
1315 4883 1598 4952 Principes
1643 4884 1837 4952 quibus
1885 4883 2114 4938 multum
2143 4893 2227 4938 est

659 4994 870 5044 aurum,
906 4979 942 5033 ii
965 4989 1128 5034 erunt
1149 4979 1241 5050 qui
1270 4978 1455 5033 multis
1479 4977 1814 5045 pracellunt,
1842 4984 1900 5032 et
1935 4975 2052 5030 ideo
2080 4976 2228 5046 prin-

660 5071 808 5140 cipes
844 5074 1043 5138 vocati,
1085 5071 1136 5124 in
1177 5069 1730 5138 eontemplationibus
1768 5075 1821 5120 et
1857 5065 2228 5133 speculationi-

662 5163 761 5216 bus
793 5161 1046 5217 veritatis
1074 5162 1272 5217 divites
1304 5170 1456 5217 sunt.
1491 5157 1639 5214 Nihil
1665 5172 1794 5228 ergo
1823 5158 2017 5212 mirum
2045 5157 2230 5213 Salva-

661 5261 830 5304 torem
855 5251 1035 5306 dicere
1065 5269 1079 5307 :
1118 5269 1138 5303 ι
1170 5251 1402 5306 Dormivi
1426 5259 1480 5304 et
1510 5255 1792 5318 soporatus
1823 5261 1960 5312 sum,
1991 5265 2010 5299 ›
2031 5247 2230 5317 quippe

664 5344 756 5411 qui
789 5343 854 5396 ad
905 5343 1208 5397 animarum
1245 5341 1471 5397 salutem
1505 5340 1658 5412 plura
1690 5337 1859 5408 egerit
1892 5351 1956 5393 eo
1988 5345 2230 5407 tempore

660 5450 767 5504 quo
793 5449 822 5488 a
862 5449 1088 5504 corpore
1133 5442 1412 5506 separatus
1439 5443 1542 5501 est,
1571 5430 2023 5503 quemadmodum
2057 5431 2111 5486 in
2146 5447 2230 5486 ca-

733 5554 776 5585 "
808 5553 941 5607 han.
975 5571 1077 5622 xu,
1107 5555 1160 5610 2.
1250 5556 1295 5590 ⁸⁸
1321 5553 1480 5612 Prov.
1511 5569 1586 5622 vi,
1620 5552 1672 5608 4.
1773 5551 1822 5584 ⁸⁸
1849 5550 1994 5608 Psal.
2026 5566 2188 5620 μιν,
2219 5551 2271 5607 6.

1250 5556 1295 5590 ⁸⁸
1321 5553 1480 5612 Prov.
1511 5569 1586 5622 vt,
1620 5552 1672 5608 4.

667 5623 750 5690 15,
807 5625 886 5691 ιιι,
920 5626 999 5682 15.

2027 178 2116 232 EX
2155 174 2455 231 OREGENE

3756 185 3858 240 HN

2322 313 2460 350 νων·
2501 316 2519 350 ι
2561 300 2672 362 καὶ,
2719 319 2737 352 ι
2777 297 2981 364 Πάντες
3021 298 3508 372 κοιμηθησόμεθα·
3571 318 3590 351 ι
3628 298 3776 356 ὕπνον
3801 304 3859 369 Ei,

2326 389 2512 460 ἐπειδὴ
2545 391 2738 444 ταυτόν
2771 395 2887 446 ἐστι
2919 394 2981 446 τὸ
3016 393 3293 446 καθεύδειν
3328 391 3414 462 τῷ
3451 391 3666 444 ὑπνοῦν·
3708 411 3725 443 t
3759 396 3858 449 llat-

2325 480 2406 533 λοὶ
2431 481 2540 534 τῶν
2566 483 2934 538 καθευδόντων
2966 487 3025 538 ἐν
3052 483 3156 554 γῆς
3185 485 3407 555 χώματι
3437 484 3818 555 ἀναστήσονται.
3842 509 3856 538 ι

2327 573 2651 644 Συγκριτέον
2677 574 2732 628 δὲ
2763 579 2876 640 τοῖς
2907 577 3217 647 λεγομένοις
3258 577 3682 646 κεκοιμημένων
3710 579 3859 645 ἁγίων.

2327 664 2590 735 Σημαίνει
2627 665 2877 737 μέντοιγε
2913 669 3006 722 καὶ
3040 671 3069 721 ὁ
3097 668 3260 732 ὕπνος
3292 668 3476 740 χωρὶς
3513 668 3612 738 τῆς
3649 669 3770 723 κατά

2326 757 2502 821 ἔξοδον
2526 756 2621 810 τοῦ
2647 756 2764 828 βίου
2787 758 2884 830 τὴν
2906 759 3235 827 ἀπροσεξίαν
3262 758 3367 829 τῆς
3386 758 3570 828 ψυχῆς
3585 774 3599 787 ο
3626 759 3714 827 τῆς
3735 776 3862 828 προσ-

2326 849 2458 920 οχῆς
2508 851 2928 922 ἐγρηγορήσεως
2979 852 3339 922 καλουμένης.
3392 849 3746 904 Φυλάττεσθαι
3783 851 3862 922 γὰρ

2326 942 2474 1012 ἡμᾶς
2504 941 2602 1010 τὴν
2631 941 2958 1012 ἀπροσεξίαν
2989 941 3308 1012 βουλόμενος
3337 943 3368 993 ὁ
3399 941 3546 1004 θεῖος
3575 939 3718 1008 λόγος
3744 943 3860 1010 φησί’

2335 1011 2357 1084 ι
2397 1035 2488 1105 Μὴ
2517 1034 2622 1105 δῷς
2655 1011 2825 1088 ὕπνόῖ
2859 1037 2970 1098 σοῖς
2992 1011 3229 1106 νὸμμασι,
3269 1034 3413 1105 μηδὲ
3453 1033 3747 1102 νυσταγμὺν
3780 1037 3864 1095 σοῖς

2331 1125 2636 1196 βλεφάροις,
2665 1127 2751 1180 ἵνα
2801 1125 2948 1200 σώζῃ
2979 1126 3167 1198 ὥσπερ
3195 1127 3400 1197 δορκάς
3445 1127 3514 1178 ἐκ
3554 1125 3769 1196 βρόχων,
3793 1124 3864 1176 καὶ

2329 1217 2517 1291 ὥσπερ
2545 1219 2734 1289 ὄρνεον·
2760 1221 2824 1272 ἐκ
2867 1219 3112 1286 παγίδος.
3163 1238 3182 1271 ι
3219 1221 3332 1273 Καὶ
3374 1217 3694 1288 βουλόμενος
3723 1233 3860 1287 παρα-

2331 1312 2526 1381 στῆσαι
2570 1311 2630 1364 τὸ
2669 1310 2867 1381 χαῦνον
2916 1313 3011 1364 καὶ
3044 1310 3327 1381 ἀνειμένον
3376 1309 3494 1362 τῶν
3525 1307 3863 1378 ἁμαρτωλῶνὸ

2332 1404 2622 1474 Προφήτης
2655 1401 2839 1473 φησίν·
2871 1419 2889 1451 ι
2923 1401 3216 1453 Ὕπνωσαν
3251 1399 3425 1452 ὕπνον
3450 1397 3652 1460 αὐτῶν,
3683 1397 3762 1449 καὶ
3791 1396 3863 1466 οὐχ

2330 1488 2484 1565 εὗρον
2528 1494 2678 1547 οὐδέν
2702 1511 2715 1524 ⁸
2768 1514 2787 1547 ι
2828 1494 2920 1548 καὶ
2963 1493 3043 1558 τὸ,
3099 1512 3117 1544 ι
3165 1494 3394 1562 Ἔγειρε
3428 1494 3458 1545 ὁ
3488 1490 3769 1551 καθεύδων,
3793 1488 3863 1540 καί

2331 1587 2536 1640 ἀνάστα
2577 1588 2641 1639 ἐκ
2683 1585 2791 1640 τῶν
2841 1586 3071 1657 νεκρῶν,
3119 1587 3213 1638 καὶ
3255 1582 3561 1652 ἐπιφαύσει
3596 1599 3671 1634 σοι
3710 1581 3864 1649 6sz-

2333 1678 2473 1740 στός.
2526 1697 2546 1730 ι
2602 1677 2884 1744 Ἀνάλογον
2923 1678 2980 1730 δὲ
3006 1675 3084 1746 τῷ
3115 1675 3268 1746 ὕπνῳ
3295 1673 3380 1745 τῷ
3411 1672 3559 1727 κατὰ
3589 1672 3682 1741 τὴν
3711 1671 3862 1739 dape:-

2329 1768 2474 1832 εξίαν
2524 1769 2640 1822 ἐστὶ
2668 1768 2975 1840 νυσταγμὸς
3012 1767 3189 1837 ψυχῆς
3225 1766 3283 1819 ὃν
3325 1764 3663 1836 ἀπαγορεύει
3691 1763 3716 1814 ὁ
3742 1761 3861 1813 Σολο-

2332 1863 2470 1932 μὼν,
2499 1861 2560 1914 οὐ
2594 1861 2752 1932 μόνον
2785 1861 2952 1915 ὕπνον
2980 1860 3246 1914 διδάσκων
3277 1859 3434 1928 ἡμᾶς
3471 1857 3548 1927 μὴ
3574 1855 3754 1907 διδόναι
3781 1854 3860 1913 τοῖς

2328 1951 2590 2022 δμμασιν,
2618 1950 2753 2004 ἀλλά
2790 1951 2886 2005 καὶ
2911 1951 3239 2020 νυσταγμόν.
3270 1948 3385 2000 Καὶ
3412 1945 3681 2008 αὑτδςδὲὁ
3705 1949 3864 2012 Ὕμνῳ-

2329 2041 2436 2105 δὸς,
2455 2043 2546 2095 ἐπὶ
2567 2041 2734 2112 ψόγου
2753 2042 2966 2094 τάσσων
2979 2042 3039 2094 τὸ
3063 2040 3153 2094 τοῦ
3174 2037 3493 2110 νυσταγμοῦ
3510 2037 3693 2106 ὀνομα,
3717 2033 3856 2102 φησίν·

2335 2153 2354 2186 ι
2407 2132 2731 2201 Ἐνύσταξαν
2764 2134 2964 2197 πάντες
2987 2137 3035 2186 οἱ
3063 2130 3460 2202 ἐπιϐεϐηκότες
3488 2129 3613 2190 τοὺς
3636 2127 3818 2186 ἵππους.
3842 2141 3857 2172 ι

2327 2227 2506 2298 Φαμὲν
2538 2228 2716 2280 τοίνυν
2743 2227 2835 2280 τὸν
2885 2227 3062 2279 κοινὸν
3097 2225 3325 2279 θάνατον
3359 2223 3423 2276 ὃν
3472 2221 3726 2274 ἀπέθανεν
3753 2217 3860 2284 ὑπὲρ

2328 2319 2482 2390 ἡμῶν
2516 2319 2842 2389 κοιμηθῆναι
2864 2317 2953 2371 τὸν
2981 2317 3208 2388 Σωτῆρα
3231 2316 3391 2388 ἡμῶν
3429 2314 3631 2385 Ἰησοῦν
3661 2311 3739 2363 τὸν
3760 2310 3860 2378 Χρι-

2330 2411 2475 2476 στὸν,
2518 2409 2763 2464 ὕπνῶσαι
2795 2410 2872 2475 δὲ,
2909 2409 3271 2480 χωρισθείσης
3299 2409 3405 2478 τῆς
3446 2405 3621 2476 ψυχῆς
3665 2402 3756 2455 ἀπὸ
3786 2399 3856 2451 τοῦ

2329 2496 2599 2567 σώματος.
2636 2496 2902 2568 Καθάπερ
2940 2496 3049 2567 γὰρ
3085 2499 3133 2548 οἱ
3177 2495 3479 2559 ὑπνοῦντες
3518 2492 3750 2564 κειμένου
3786 2487 3856 2540 τοῦ

2331 2588 2579 2660 σώματος
2594 2590 2875 2663 ἐνεργοῦσι
2897 2589 3038 2643 κατά
3053 2588 3250 2660 ψυχὴν,
3276 2588 3601 2656 φαντασίαις
3618 2586 3716 2638 τισὶ
3729 2599 3854 2653 προσ-

2327 2683 2655 2747 πιπτούσαις
2695 2683 2980 2754 ἑπόμενοι,
3026 2683 3122 2736 καὶ
3169 2681 3475 2754 πράττουσί
3512 2696 3563 2732 τι
3606 2676 3712 2730 κατ’
3741 2673 3854 2727 οὐδὲν

2325 2779 2418 2832 τοῦ
2466 2778 2717 2850 σώματος
2769 2778 3040 2849 δεόμενοι·
3091 2776 3181 2830 τὸν
3227 2775 3394 2828 αὑτὸν
3441 2773 3631 2846 τρόπον
3673 2770 3758 2822 οὐκ
3793 2768 3850 2828 εἰς

2328 2872 2504 2926 πάντα
2530 2871 2628 2940 τῆς
2663 2870 2867 2932 εἰκόνος
2899 2867 3323 2939 ἐξομοιουμένης
3356 2865 3533 2936 τούτῳ
3565 2857 3621 2916 οὕ
3647 2863 3772 2913 ἐστιν
3797 2859 3852 2908 εἰ·

2327 2963 2458 3026 κὼν,
2493 2961 2605 3016 ἀλλ’
2640 2961 2726 3013 ἵνα
2756 2959 2969 3032 δηλωθῇ
3015 2962 3048 3032 ἡ
3087 2959 3336 3030 ἐνέργεια
3370 2959 3406 3028 ἡ
3438 2956 3600 3027 χωρὶς
3628 2951 3846 3021 σώματος,

2329 3056 2426 3127 τῆς
2470 3054 2648 3125 ψυχῆς
2697 3054 2796 3124 τῆς
2855 3051 3267 3124 κεχωρισμένης
3330 3049 3518 3114 αὐτοῦ,
3580 3045 3666 3100 καὶ
3714 3039 3849 3106 τούτῳ

2331 3147 2664 3209 ὑπνωκυίας,
2729 3144 2944 3212 λέγεται
3002 3143 3142 3214 μετά
3185 3143 3265 3207 τό,
3316 3161 3335 3194 ι
3373 3139 3677 3212 ἐκοιμήθην,
3722 3151 3738 3184 ι
3778 3130 3840 3189 τὸ.

2336 3258 2354 3290 r
2399 3238 2644 3291 ὕπνωσα.
2685 3255 2703 3287 ι
2731 3235 2841 3288 Καὶ
2861 3235 2915 3287 τί
2935 3233 3246 3305 θαυμαστὸν
3273 3235 3324 3286 εί
3354 3233 3450 3285 ἐπὶ
3475 3231 3564 3284 τοῦ
3597 3221 3847 3294 ᾓοτῆροςΰ

2326 3331 2566 3392 τοιοῦτος
2589 3328 2754 3392 ὕπνος
2776 3327 2835 3381 οὕ
2864 3327 3040 3396 πάντη
3066 3324 3215 3379 ἐστὶν
3240 3324 3412 3396 ἀργία
3435 3325 3532 3394 τῆς
3556 3318 3731 3390 ψυχῆς,
3757 3313 3841 3366 ἀλλ’

2327 3424 2494 3495 ἀργία
2523 3422 2598 3485 ὡς
2629 3421 2766 3493 πρὸς
2795 3421 2855 3474 τὸ
2881 3420 3096 3492 ὀργάνῳ
3120 3417 3198 3489 τῷ
3228 3417 3443 3488 σώματι
3476 3413 3718 3488 χρῆσθαι;
3749 3405 3843 3495 ’ἰδία

2331 3513 2576 3585 μέντοιγε
2615 3514 2709 3566 καὶ
2737 3511 2856 3566 καθ’
2889 3511 3087 3582 ἐαυτὴν
3113 3513 3346 3582 ἐνεργεῖ,
3377 3512 3511 3564 ὅπου
3551 3508 3634 3559 καὶ
3661 3499 3749 3554 ὑπὸ
3770 3493 3840 3549 τθῦ

2339 3606 2458 3660 Ἰὼϐ
2484 3607 2544 3661 τὸ
2568 3604 2699 3659 αὐτὸ
2722 3605 3010 3675 λεγόμενον
3031 3602 3304 3675 δηλοῦται.
3337 3623 3356 3656 r
3391 3602 3490 3657 Διά
3512 3600 3558 3653 τί
3590 3619 3606 3650 ι
3630 3595 3740 3665 γὰρ,
3760 3607 3840 3659 φη-

2329 3699 2434 3764 σὶν,
2481 3717 2499 3750 ι
2547 3700 2610 3751 ἐκ
2641 3697 2876 3768 γαστρὸς
2913 3697 2992 3759 είς
3023 3697 3214 3767 μνῆμα
3254 3696 3356 3748 οὐκ
3389 3693 3713 3766 ἀπηλλάγηνς
3752 3680 3838 3735 Νῦν

2326 3791 2391 3844 ἂν
2438 3788 2722 3860 κοιμηθεὶς
2775 3787 3048 3858 ἡσύχασα,
3103 3786 3356 3851 ὑπνώσας
3403 3787 3462 3840 δὲ
3508 3776 3839 3844 ἀνεπαυσάμην

2331 3882 2466 3953 μετά
2513 3880 2774 3952 βασιλέων
2825 3878 3124 3949 βουλευτῶν
3166 3879 3292 3949 γῆς,
3338 3880 3388 3932 οἳ
3437 3871 3735 3946 ἐγαυριῶντο
3767 3860 3836 3915 ἐπὶ

2329 3952 2524 4040 ξίφεσι,
2551 3969 2645 4022 καὶ
2687 3967 2823 4039 μετά
2846 3968 3120 4039 ἀρχόντων
3149 3960 3223 4021 ὧν
3257 3967 3424 4032 πολὺς
3453 3969 3480 4020 ὁ
3519 3960 3712 4034 χρυσός.
3747 3973 3762 4005 ι
3787 3952 3834 4004 Ei

2326 4063 2436 4134 γάρ
2465 4063 2540 4135 μὴ
2568 4063 2706 4116 ἐνόει
2739 4061 3018 4133 ἐνέργειάν
3048 4079 3168 4114 τινα
3197 4056 3335 4114 εἶναι
3365 4061 3491 4132 περὶ
3516 4058 3602 4128 τὴν
3627 4050 3770 4122 ψυχὴν
3788 4047 3829 4097 ἐν

2327 4150 2360 4229 ᾖ
2391 4155 2666 4208 ἐπαύσατο
2688 4152 3029 4223 τυγχάνουσα
3057 4151 3274 4220 ἀγαθῶν
3302 4169 3465 4205 τινων
3495 4145 3620 4220 μετά
3642 4135 3829 4195 τοιῶνδε.

2326 4223 2425 4298 οὐκ
2458 4245 2524 4300 ἃν
2562 4244 2777 4312 ἔλεγεψ
2815 4260 2838 4295 ι
2894 4239 3178 4304 ’Υπνώσας
3214 4238 3597 4306 ἀνεπαυσάμην
3624 4226 3738 4302 μετά
3760 4223 3830 4294 β²’

2329 4335 2518 4388 σιλέων
2559 4330 2855 4404 βουλευτῶν
2885 4331 3010 4399 γῆς,
3035 4329 3084 4383 οἳ
3116 4327 3448 4400 ἐγαυριῶντο
3479 4326 3566 4379 ἐπὶ
3592 4321 3778 4388 ξίφεσιν.
3812 4325 3825 4358 ι

2329 4425 2450 4484 Εἶεν
2489 4429 2532 4481 δ’
2565 4426 2630 4480 ἂν
2675 4421 2819 4480 οὗτοι
2865 4425 3004 4494 ἀγιοι
3048 4422 3372 4495 στρατιῶται
3413 4417 3689 4476 θεοσεϐείας
3721 4407 3828 4474 λόγῳ

2329 4520 2408 4592 τῷ
2437 4517 2730 4591 τομωτέριρ
2758 4517 2938 4585 πάσης
2969 4515 3070 4584 τῆς
3101 4514 3372 4586 μαχαίρας
3395 4511 3631 4581 διστόμου
3657 4498 3827 4592 χρῴμε-

2330 4590 2410 4667 νοι
2440 4590 2580 4666 κατὰ
2624 4607 2823 4670 παντὸς
2857 4605 2952 4658 τοῦ
2997 4605 3239 4658 ἐναντίου
3278 4604 3379 4675 τῆς
3421 4599 3653 4670 ἀληθείας
3687 4590 3823 4654 λόγου·

2334 4701 2627 4776 Ἀρχοντές
2662 4716 2723 4753 τε
2763 4691 2838 4751 ὧν
2883 4697 3048 4760 πολὺς
3075 4697 3105 4748 ό
3148 4695 3370 4767 χρυσὸς,
3409 4688 3746 4767 ἐρμηνεύοιντο
3778 4675 3828 4728 ἂν

2331 4797 2378 4849 οἱ
2399 4795 2506 4848 τῶν
2534 4789 2738 4845 πολλῶν
2763 4788 3131 4858 διαφέροντες,
3156 4786 3408 4841 καὶκατὰ
3435 4783 3580 4838 τοῦτο
3600 4779 3824 4858 ἄρχοντες,

2332 4881 2781 4956 χρηματίζοντες,
2818 4878 3174 4941 πλουτοῦντες
3197 4879 3255 4930 ἐν
3287 4877 3592 4946 διανοήμασι
3632 4862 3708 4919 καὶ
3741 4857 3826 4958 τοῖξ

2488 4972 2741 5043 ἀληθείας
2770 4970 3106 5040 θεωρήμασι.
3144 4969 3308 5021 Οὐδὲν
3336 4963 3427 5020 οὖν
3464 4953 3730 5031 θαυμαστὸν
3753 4953 3824 4997 καὶ

2331 5067 2421 5120 τὸν
2466 5065 2696 5134 Σωτῆρα
2729 5061 2938 5130 λέγειν·
2981 5079 3000 5112 ‹
3057 5059 3408 5130 Ἐκοιμήθην,
3451 5057 3538 5111 καὶ
3567 5050 3768 5138 ὕπνιοσαν

2332 5155 2514 5228 πολλῷ
2542 5154 2705 5208 πλέον
2731 5155 3098 5226 ἐνεργήσαντα
3133 5151 3259 5224 περὶ
3293 5150 3551 5222 σωτηρίας
3573 5136 3727 5228 ψυχῷν
3750 5136 3820 5179 καί

2336 5226 2494 5322 παράγ
2511 5247 2599 5301 τὸν
2622 5245 2809 5317 καιρὸν
2840 5243 2933 5297 τοῦ
2956 5242 3232 5315 χωρισμοῦ
3265 5243 3358 5296 τοῦ
3390 5234 3596 5296 ἀπὸτοῦ
3625 5226 3820 5322 σώματοξ

2335 5310 2476 5395 κατὰ
2504 5339 2572 5393 τά
2592 5310 2856 5408 λεγόμενα
2880 5336 2938 5388 ἐν
2956 5310 3321 5406 ⁷’τῇ-Καθολικῇ
3351 5327 3607 5394 Ἐπιστολῇ
3628 5310 3748 5386 παρά
3760 5310 3817 5372 τῷ

2337 5435 2527 5505 Πέτρῳ
2545 5449 2558 5463 °
2597 5451 2616 5485 ‹
2661 5432 2748 5484 Ἐν
2770 5423 2814 5498 ᾧ
2839 5428 2933 5482 καὶ
2958 5431 3067 5492 τοῖς
3094 5430 3151 5482 ἐν
3176 5427 3388 5500 φυλακῇ
3417 5421 3654 5491 πνεύμασι
3673 5413 3819 5472 ﬁo?”

2347 5550 2392 5584 ⁸⁸
2420 5548 2613 5619 Ephes.
2639 5561 2692 5614 ν,
2718 5543 2804 5600 ii.
2881 5545 2926 5577 ⁸⁸
2947 5540 3089 5598 Psal.
3131 5557 3256 5610 Lvn,
3290 5540 3342 5596 5.
3445 5539 3489 5571 ⁸⁸
3516 5528 3616 5588 Job.
3653 5505 3810 5581 1",“,

3982 2919 3986 3065 l
