4046 6152
408 248 543 303 “29

1397 244 1705 301 SELECTA
1749 243 1813 297 IN
1847 241 2187 298 PSALMOS.
2226 275 2295 285 --
2329 242 2523 299 PSAL.
2570 243 2657 300 Ill.

3508 252 3639 306 H30

402 364 517 426 θεὶς
538 361 802 433 ἐκήρυξεν
828 343 1157 432 ἀπέιθήσασί
1185 377 1335 423 ποτε,
1358 362 1446 414 ὅτε
1469 359 1861 430 ἀπεξεδέχετοή
1878 358 1970 411 τοῦ

2077 358 2276 412 tholica
2316 372 2411 412 sua
2460 359 2693 428 Epistola
2728 359 2923 415 Petrus
2950 360 3028 415 ait
3058 362 3143 415 ³τι
3184 380 3202 412 t
3241 369 3301 418 ιιι
3330 377 3439 433 quo
3469 378 3526 419 et
3556 369 3640 421 his

402 452 539 505 Θεοῦ
570 452 920 523 μακροθυμία
946 454 1006 503 ἐν
1027 452 1259 523 ἡμέραις
1280 452 1399 504 Νῶε
1427 451 1976 521 κατασκευαζομένης

406 544 659 607 κιϐωτοῦ,
690 546 769 607 είς
797 544 865 614 ἢν
895 544 1085 613 ὀλίγοι,
1109 546 1382 598 τουτέστιν
1412 544 1557 597 ὀκτὼ
1581 543 1768 614 ψυχαὶ,
1792 541 1977 596 διεσώ-

402 634 574 705 θησαν
604 633 672 685 δι’
700 633 910 696 ὓδατος.
943 653 962 684 ι
993 633 1146 687 Μετὰ
1165 633 1367 704 ταύτην
1399 634 1497 704 τὴν
1531 634 1787 704 κοίμησιν
1811 634 1839 684 6
1866 632 1976 685 Πα-

401 726 505 796 τὴρ
529 724 1060 795 ἀντιλαμϐανόμενος
1089 725 1369 797 ἐξήγειρεν
1404 725 1585 778 αὐτόν.

477 999 559 1051 οὐ
591 995 1008 1065 φοϐηθήσομαι
1035 996 1154 1051 ἀπὸ
1178 995 1481 1065 μυριάδων
1512 998 1665 1051 λαοῦ
1711 996 1828 1050 τῶν
1874 998 1976 1050 κύ-

403 1090 532 1150 κλῳ
557 1087 1100 1156 συνεπιτιθεμένων
1132 1105 1255 1155 μοι,
1283 1106 1335 1141 κ.
1368 1105 1419 1141 τ.
1448 1089 1496 1140 ἐ.
1523 1087 1814 1160 Πρέπουσα
1836 1088 1975 1158 ἁγίῳ

404 1182 555 1254 φωνὴ
585 1182 693 1252 (87)
723 1180 1109 1252 κατωρθωκότι
1154 1182 1418 1252 μεγίστην
1450 1182 1670 1254 ἀρετὴν,
1705 1182 1806 1252 τὴν
1839 1182 1975 1251 ἀφο-

403 1275 544 1337 ϐίαν,
602 1273 690 1327 διὰ
744 1273 842 1346 τὴν
897 1274 1033 1346 πρὸς
1082 1272 1216 1326 Θεὸν
1272 1272 1629 1343 πεποίθησιν·
1778 1272 1969 1342 ὁμοία·

406 1383 428 1417 ί
481 1367 608 1420 Ἐὰν
646 1367 1023 1438 παρατάξηται
1062 1366 1149 1419 ἐπ’
1186 1366 1286 1436 ἐμὲ
1323 1366 1663 1438 παρεμϐολὴ,
1712 1369 1773 1420 οὐ
1809 1367 1976 1438 φοϐη-

401 1459 624 1530 θήσεται
660 1463 693 1531 ἡ
726 1461 925 1531 καρδία
960 1478 1080 1531 μου.
1109 1478 1127 1511 s
1167 1461 1277 1514 Kal.
1319 1463 1348 1513 6
1378 1462 1569 1532 Σωτὴρ
1618 1463 1675 1513 ἐν
1705 1462 1975 1533 πνεύματι

399 1552 686 1621 γινώσκων
713 1553 811 1617 τὰς
836 1554 1158 1623 αὶτουμένας
1184 1553 1344 1605 αὐτὸν
1374 1554 1753 1625 σταυρωθῆναι
1781 1554 1977 1624 μυριά-

398 1642 495 1706 δας
523 1643 650 1696 λαοῦ
682 1644 783 1714 τῆς
809 1644 1143 1715 κατατομῆς,
1177 1645 1271 1697 καὶ
1307 1644 1448 1715 ὁρῶν
1484 1644 1543 1697 τὸ
1578 1645 1847 1716 ἀτάραχον
1880 1646 1976 1698 αύ-

399 1734 493 1788 τοῦ
533 1735 693 1805 (κατὰ
742 1736 920 1807 σάρκα
957 1736 1015 1789 δὲ
1056 1735 1229 1788 ταῦτὰ
1271 1738 1468 1806 φημι),
1504 1735 1652 1804 λέγοι
1683 1735 1748 1789 ἂν
1780 1736 1969 1790 ταῦτα.

411 1827 538 1881 Ἐὰν
561 1828 617 1881 δέ
639 1846 720 1892 τις
740 1830 1047 1903 κατανοήσῃ
1065 1830 1125 1882 τὸ
1149 1827 1348 1899 πλῆθος
1371 1827 1477 1880 τῶν
1502 1829 1607 1881 ὑπὸ
1627 1829 1735 1883 τῶν
1762 1830 1972 1900 ἐχθρῶν

400 1920 762 1992 βαλλομένων,
799 1921 1188 1992 ἐπιτιθεμένων
1212 1922 1277 1990 τῇ
1302 1919 1444 1993 ψυχῇ
1472 1922 1566 1975 καὶ
1592 1923 1973 1994 ταρασσόντων

399 2014 493 2068 καὶ
519 2016 892 2085 κυμαινόντων
918 2015 1105 2087 αὐτὴν,
1137 2017 1194 2068 ἐν
1222 2015 1396 2087 καιρῷ
1424 2015 1491 2069 ἂν
1531 2015 1837 2085 φθέγγοιτο,
1881 2017 1972 2068 ἐπὶ

395 2106 487 2158 τὸν
516 2106 649 2158 Θεὸν
691 2105 1072 2175 καταφεύγων,
1117 2106 1198 2171 τὸ,
1252 2125 1270 2157 t
1327 2108 1402 2160 Οὐ
1445 2107 1822 2179 φοϐηθήσομαι
1867 2108 1973 2161 ἀπὸ

400 2197 677 2267 μυριάδων
719 2196 870 2259 λαοῦ,
904 2197 1011 2250 τῶν
1051 2197 1237 2269 κύκλῳ
1271 2197 1761 2269 συνεπιτιθεμένων
1802 2215 1909 2269 μοι.
1946 2218 1965 2249 s

481 2288 749 2353 Ἀνάστα,
782 2290 977 2357 Κύριε,
1013 2290 1221 2345 σῶσόν
1239 2307 1335 2361 με,
1363 2294 1396 2345 ό
1419 2292 1563 2357 Θεός
1586 2308 1725 2360 μου,
1765 2290 1853 2343 ὅτι
1890 2290 1972 2343 σὺ

396 2380 701 2447 ἐπάτϊιξας
719 2380 948 2447 πάντας
970 2382 1113 2448 τοὺς
1128 2381 1557 2452 ὲχθραίνοντάς
1570 2400 1670 2451 μοι
1687 2382 1970 2450 ματαίως,

399 2473 648 2539 ὀδόντας
704 2471 1062 2543 ἁμαρτωλῶν
1117 2474 1510 2541 συνέτριψας,
1568 2489 1621 2525 κ.
1670 2489 1719 2524 τ.
1776 2473 1824 2525 ἐ.
1883 2470 1973 2542 Τῷ

410 2564 679 2637 Ἐϐραῖκῷ
712 2567 1023 2636 ἐντυχόντες
1056 2564 1263 2636 (88),τὺ
1301 2584 1319 2617 t
1360 2565 1602 2636 ματαίως
1671 2585 1689 2617 ι
1722 2563 1974 2635 οὐδαμῶς

398 2656 627 2729 εὕρομεν
656 2659 949 2729 δυνάμενον
982 2657 1292 2728 δηλοῦσθαι.
1329 2658 1393 2709 Τί
1422 2657 1530 2728 γὰρ
1562 2657 1738 2711 κοινὸν
1760 2657 1859 2727 τῆς
1890 2657 1975 2710 λέ-

399 2750 533 2815 ξεως
557 2750 655 2821 τῆς
692 2769 707 2800 ι
745 2750 985 2822 ματαίως
1015 2768 1033 2800 ›
1062 2749 1199 2820 πρὸς
1232 2750 1329 2818 τὴν
1365 2749 1621 2816 σιαγόνας
1649 2748 1758 2800 Καὶ
1781 2750 1830 2801 οἱ
1860 2748 1969 2800 λοι-

397 2844 490 2895 mi
508 2842 564 2895 δὲ
594 2842 670 2905 ὡς
694 2842 755 2894 τὸ
790 2840 1422 2913 Ἐὄραῖκδντεθείκασιν.
1450 2840 1609 2903 Εἰκὸς
1636 2836 1749 2906 οὖν,
1782 2838 1858 2902 ὥς
1887 2854 1973 2893 τι-

396 2953 485 2999 νες
532 2935 796 3009 Ἑϐραίων
828 2936 1066 3004 λέγουσι,
1100 2934 1169 2988 τὰ
1203 2936 1405 3005 ἀρχαῖα
1437 2932 1740 3007 ἀντίγραφα
1771 2933 1974 3003 ἑτέρως

2077 451 2168 519 qui
2195 451 2248 503 in
2280 464 2498 505 carcere
2531 462 2709 515 erant.
2750 453 3032 521 spiritibus
3060 454 3355 511 adveniens
3378 458 3641 524 praedica-

2075 541 2176 602 vit,
2205 542 2296 608 qui
2331 541 2596 595 increduli
2632 542 2849 597 fuerant
2879 544 3189 613 aliquando,
3218 550 3435 617 quando
3456 565 3642 619 exspe-

2074 631 2260 686 ctabat
2301 632 2393 685 Dei
2419 633 2679 698 patientia
2706 636 2762 689 in
2800 635 2989 691 diebus
3024 636 3157 704 Noe,
3186 653 3308 692 cum
3338 639 3640 695 fabricare-

2075 731 2163 775 tur
2195 738 2343 788 arca,
2364 725 2417 776 in
2445 740 2549 793 qua
2578 728 2753 795 pauci,
2790 727 2841 781 id
2871 738 2958 783 est
2979 738 3104 783 octo
3136 731 3331 784 animae
3364 731 3526 785 salva:
3553 730 3639 784 fa-

2073 822 2176 866 ctae
2199 822 2323 866 sunt
2354 829 2448 883 per
2481 829 2700 885 aquam.
2723 835 2741 868 ι
2766 816 2890 871 Post
2910 817 3050 874 hanc
3071 820 3446 875 dormitionem
3478 820 3640 874 Pater

2074 906 2249 975 ipsum
2274 908 2573 977 suscipiens
2605 910 2882 964 excitavit.

2144 1018 2308 1073 Vens.
2359 1021 2410 1072 7.
2454 1020 2576 1075 Non
2622 1023 2809 1076 timebo
2851 1024 3021 1077 millia
3047 1024 3224 1092 populi
3263 1026 3640 1080 circumdantis

2074 1126 2175 1176 me,
2207 1123 2313 1165 etc.
2342 1110 2455 1165 Vox
2495 1112 2654 1181 plane
2684 1123 2930 1167 sanctum
2980 1115 3199 1180 decens,
3230 1115 3321 1183 qui
3357 1117 3422 1168 ad
3465 1121 3641 1172 matti-

2077 1219 2220 1255 mam
2251 1204 2526 1269 virtutem,
2572 1206 2823 1259 nimirum
2863 1207 3252 1270 securitatem,
3299 1209 3640 1275 pervenitob

2076 1294 2324 1349 fiduciam
2366 1296 2418 1351 in
2471 1296 2658 1351 Deum.
2709 1297 2842 1352 Huic
2892 1298 3082 1352 similis
3125 1306 3209 1352 est
3260 1298 3359 1352 ista
3390 1298 3436 1330 ⁸⁸
3473 1320 3488 1354 :
3522 1319 3541 1351 ι
3579 1303 3636 1357 Si

2077 1385 2377 1439 consistant
2424 1387 2710 1439 adversum
2746 1401 2830 1441 me
2884 1396 3060 1442 castra
3088 1427 3104 1448 ,
3142 1401 3247 1441 non
3293 1388 3503 1443 timebit
3543 1405 3640 1445 cor

2079 1489 2277 1530 meum.
2316 1491 2338 1526 ι
2385 1474 2452 1528 Et
2486 1473 2738 1530 Salvator
2769 1476 2822 1530 in
2869 1476 3062 1545 Spiritu
3110 1491 3441 1545 cognoscens
3474 1479 3639 1533 millia

2077 1563 2254 1632 populi
2281 1563 2730 1629 circumcisiouis,
2757 1578 2874 1635 quae
2904 1565 3237 1634 postulatur:
3264 1577 3419 1620 erant
3442 1578 3501 1621 ut
3521 1582 3642 1622 cru-

2077 1655 2418 1725 ciﬁgeretur,
2450 1666 2503 1710 et
2535 1670 2766 1711 cernens
2813 1658 3049 1711 animum
3101 1673 3257 1713 suum
3313 1660 3639 1730 intrepidum

2079 1746 2396 1815 (secundum
2436 1761 2654 1800 carnem
2711 1757 2889 1801 autem
2946 1748 3060 1802 haec
3111 1746 3231 1819 aio)
3262 1747 3444 1804 dicere
3477 1751 3639 1806 etiam

2077 1838 2177 1891 ista
2207 1836 2395 1906 possit.
2418 1836 2479 1891 Si
2507 1838 2632 1907 quis
2670 1848 2847 1893 autem
2885 1840 3215 1908 perspexerit
3246 1840 3639 1898 multitudinem

2074 1940 2263 1981 eorum
2302 1926 2393 1994 qui
2425 1926 2495 1981 ab
2541 1926 2783 1981 hostibus
2815 1936 3251 1994 prosternuntur,
3280 1930 3513 1984 animam
3544 1933 3643 1986 ob-

2075 2017 2396 2083 sidentibus,
2424 2018 2864 2087 perturbautibus
2888 2029 3052 2088 atque
3079 2019 3494 2090 exagitautibus,
3512 2031 3644 2077 tem-

2074 2109 2280 2179 pestive
2301 2111 2366 2163 ad
2397 2113 2561 2166 Deum
2616 2110 2930 2181 confugiens
2976 2115 3173 2169 merito
3193 2112 3389 2170 dixerit
3415 2131 3431 2168 :
3467 2133 3488 2168 ι
3520 2114 3638 2171 Non

2078 2202 2274 2255 timebo
2315 2200 2476 2256 millia
2511 2201 2687 2272 populi
2720 2204 3109 2260 circumdantis
3142 2220 3241 2261 me.
3280 2226 3298 2260 ι

2151 2290 2315 2346 Vens.
2355 2292 2410 2347 8.
2453 2292 2712 2362 Exsurge,
2745 2292 2984 2359 Domine,
3011 2296 3211 2349 salvum
3244 2312 3326 2349 me
3365 2294 3472 2367 for,
3504 2295 3640 2350 Deus

2075 2383 2237 2456 554
2261 2400 2425 2450 meus,
2448 2385 2694 2455 quoniam
2723 2394 2778 2439 tu
2808 2388 3110 2455 percussisti
3147 2388 3477 2442 adversantes
3512 2389 3641 2441 milii

2073 2478 2186 2530 sine
2212 2491 2372 2529 causa
2397 2491 2416 2528 :
2449 2477 2626 2529 dentes
2674 2486 3010 2545 peccatorum
3053 2479 3365 2539 contrivisti,
3400 2488 3506 2534 etc.
3536 2479 3643 2533 He—

2075 2568 2318 2621 braicum
2353 2568 2630 2637 exemplar
2657 2568 3026 2633 consulentes,
3049 2567 3197 2632 illud,
3225 2587 3245 2620 ¢
3273 2569 3391 2623 sine
3414 2584 3635 2634 causa”

2075 2675 2413 2727 nequaquam
2468 2659 2677 2714 ostendi
2727 2674 2884 2728 posse
2932 2661 3251 2728 reperimus.
3304 2659 3443 2727 Quid
3494 2660 3638 2715 enim

2073 2766 2359 2806 commune
2384 2752 2548 2806 habet
2577 2769 2596 2803 ι
2634 2751 2751 2805 sine
2794 2764 2977 2817 causa,
3010 2769 3029 2802 s
3057 2767 3176 2806 cum
3206 2752 3423 2806 maxilla
3450 2751 3473 2806 l
3498 2752 3639 2821 Quin

2075 2843 2236 2899 etiam
2275 2842 2467 2914 reliqui
2500 2853 2795 2913 posuerunt
2826 2844 2966 2898 sicut
3007 2852 3190 2898 textus
3214 2843 3490 2899 Hebraius.
3534 2844 3637 2900 Ve-

2075 2936 2315 2991 rosimile
2354 2938 2520 3007 igitur
2567 2944 2672 3002 est,
2723 2937 2866 3005 quod
2901 2936 3110 2991 Hebraei
3166 2938 3408 2993 nonnulli
3450 2940 3639 3002 aiunt.

397 3029 707 3100 ἐσχηκέναι,
737 3028 770 3100 η
804 3028 866 3081 τὸ
891 3029 1106 3093 εὐτελὲς
1143 3027 1594 3099 περιϊσταμένους
1619 3027 1746 3090 τοὺς
1796 3025 1971 3079 Ἑϐδο-

2079 3029 2294 3099 antiqua
2328 3029 2657 3097 exemplaria
2689 3030 2847 3085 aliter
2872 3029 3144 3095 habuisse,
3177 3030 3260 3083 vel
3289 3029 3639 3101 Septuaginta

401 3123 643 3193 μήκοντα
677 3118 776 3192 τῆς
805 3120 1021 3187 λέξεως,
1058 3122 1449 3192 τετολμηκέναι
1487 3121 1607 3174 ἀντὶ
1639 3120 1733 3173 τοῦ
1778 3139 1797 3171 ι
1854 3137 1970 3172 σια-

400 3213 553 3281 γόνα,
589 3233 608 3265 ι
646 3213 865 3282 ποιῆσαι
912 3232 931 3263 ι
987 3213 1247 3283 ματαίως.
1300 3231 1319 3262 ι
1367 3211 1668 3281 Νοήσωμεν
1706 3210 1884 3263 τοίνυν
1909 3209 1970 3262 τὸ

401 3303 559 3375 ῥητὸν
604 3302 747 3357 κατά
792 3304 917 3367 τοὺς
971 3302 1399 3375 Ἐϐδομήκονταο
1452 3301 1808 3372 διεξέλθωμεν
1855 3300 1972 3361 πῶς

397 3396 476 3449 δεῖ
506 3395 801 3467 λαμϐάνειν
823 3395 890 3449 τὰ
911 3395 1397 3467 ἀνθρωπικώτερον
1447 3393 1709 3466 εἰρημένα
1744 3392 1848 3446 ὑπὸ
1875 3391 1969 3445 τοῦ

397 3487 554 3550 Θεοῦ,
604 3487 663 3555 ἐξ
715 3482 789 3540 ὧν
853 3487 1077 3559 εὐχερές
1145 3488 1293 3541 ἐστιν
1360 3486 1485 3540 ἰδεῖν
1541 3485 1657 3548 πῶς
1716 3484 1966 3553 λέγεται·

406 3598 427 3631 σ
475 3581 724 3642 Ἀνάστα,
760 3579 951 3652 Κύριε,
985 3579 1158 3633 σῶσόν
1190 3596 1279 3651 με,
1314 3581 1343 3632 ό
1379 3579 1511 3641 Θεός
1560 3596 1681 3649 μου.
1736 3596 1755 3629 ι
1795 3572 1969 3628 Οἰονεὶ

397 3672 505 3743 γὰρ
546 3670 883 3742 κοιμώμενον
922 3675 1075 3742 ἡμῖν,
1119 3674 1207 3724 ὅτε
1256 3672 1404 3742 ἡμᾶς
1448 3670 1729 3741 παρέδωκε
1775 3668 1970 3739 πείρας

399 3764 582 3816 ἕνεκεν
634 3765 753 3826 ταῖς
803 3764 1206 3834 ἀντικειμέναις
1254 3764 1581 3835 ἐνεργείαις,
1638 3761 1971 3830 διανίστησιν

398 3856 576 3911 αὐτόν.
608 3856 759 3925 Τάχα
782 3856 839 3909 δέ
870 3856 963 3909 καὶ
987 3857 1078 3909 ὅτε
1101 3857 1191 3909 τὸν
1214 3856 1442 3925 Σωτῆρα
1476 3855 1615 3925 ὑπὲρ
1644 3851 1801 3923 ἡμῶν
1833 3851 1970 3903 πάν-

396 3965 506 4002 των
534 3948 868 4019 παρέδωκεν,
901 3948 1161 4017 ἐκοιμᾶτο
1190 3947 1338 4017 αύτῷ
1374 3950 1402 3999 ό
1432 3946 1622 4015 Πατήρ
1640 3964 1651 3974 ·
1690 3944 1971 3995 ἀνίσταται

397 4042 455 4095 δὲ
491 4040 676 4105 σώζων
715 4040 877 4094 αὐτὸν
911 4041 1006 4092 καὶ
1036 4041 1328 4092 πατάσσων
1362 4039 1490 4100 τοὺς
1528 4036 1753 4107 ἐχθροὺς
1783 4032 1969 4095 αὑτοῦ,

399 4132 508 4185 εἴτε
528 4134 651 4196 τοὺς
675 4136 736 4186 ἐκ
762 4132 1080 4204 περιτομῆς,
1100 4132 1206 4184 εἴτε
1227 4130 1325 4192 τὰς
1345 4128 1607 4199 ἁορὰτους
1629 4126 1851 4197 ἐχθροὺς
1872 4123 1969 4193 τῆς

397 4223 649 4295 ἀληθείας
687 4223 963 4293 δυνάμεις.
1028 4221 1250 4293 Ἐχθροῦ
1296 4221 1353 4273 δὲ
1387 4217 1504 4271 κατ’
1544 4217 1696 4270 οὐδέν
1742 4219 1855 4269 ἐστι
1888 4214 1974 4267 λό-

398 4332 518 4384 γος·
560 4316 694 4386 μετά
725 4314 833 4383 γὰρ
871 4315 980 4367 τῶν
1015 4314 1314 4385 μισούντων
1362 4312 1458 4381 τὴν
1497 4310 1717 4380 εἰρήνην
1744 4310 1772 4361 6
1817 4306 1970 4374 ἆγιός

2077 3120 2333 3175 dictionis
2361 3122 2517 3176 istius
2539 3123 2804 3177 vilitatem
2834 3123 3154 3184 devitantes,
3183 3134 3278 3189 pro
3306 3140 3324 3172 ι
3356 3123 3591 3187 maxilla,
3615 3142 3634 3176 ι

2073 3229 2231 3269 ausos
2268 3215 2433 3268 fuisse
2461 3228 2661 3283 ponere
2685 3233 2704 3265 ι
2736 3214 2855 3267 sine
2884 3227 3068 3266 causa.
3109 3231 3127 3263 ι
3163 3212 3539 3281 Expendeutes
3554 3230 3643 3268 er-

2074 3321 2141 3374 go
2166 3305 2308 3358 hunc
2337 3319 2554 3358 versum
2582 3306 2875 3359 secundum
2902 3303 3273 3372 Septuaginta,
3310 3302 3641 3359 disseramus

2074 3396 2343 3465 quomodo
2366 3395 2681 3457 accipienda
2703 3395 2811 3449 sint
2830 3408 2947 3463 quae
2965 3395 3198 3450 humano
3223 3407 3370 3447 more
3387 3409 3416 3447 a
3439 3392 3545 3449 Deo
3560 3394 3643 3448 di-

2073 3497 2155 3541 cta
2177 3496 2319 3549 sunt,
2335 3502 2401 3539 ex
2418 3485 2614 3553 quibus
2632 3483 2787 3539 facile
2800 3494 2879 3538 est
2902 3484 3082 3539 videre
3099 3498 3205 3552 quo
3222 3495 3380 3553 pacto
3396 3486 3637 3541 dicatur:

2079 3597 2096 3628 ι
2131 3577 2407 3646 Exsurge,
2450 3576 2695 3641 Domine,
2730 3575 2934 3629 salvum
2966 3589 3052 3629 me
3085 3574 3191 3642 fac,
3226 3574 3369 3629 Deus
3407 3588 3579 3629 meus.
3613 3593 3634 3626 s

2073 3665 2241 3721 Nobis
2287 3667 2432 3720 enim
2483 3682 2582 3720 ceu
2636 3663 3019 3726 dormientem,
3058 3666 3274 3733 quando
3327 3663 3639 3719 tentationis

2076 3772 2236 3811 causa
2274 3770 2372 3810 nos
2417 3755 2639 3810 tradidit
2667 3754 2996 3808 adversariis
3026 3755 3405 3823 potestatibus,
3434 3755 3637 3809 excitat

2076 3850 2244 3902 illum.
2273 3847 2433 3900 Forte
2484 3847 2648 3901 etiam
2679 3861 2801 3901 cum
2850 3844 3181 3900 Salvatorem
3211 3861 3308 3914 pro
3336 3847 3491 3901 nobis
3519 3861 3637 3901 om-

2075 3941 2232 3994 nibus
2281 3939 2522 4002 tradidit,
2555 3937 2855 3991 dormiebat
2879 3937 2927 3991 ei
2961 3935 3138 3992 Pater.
3172 3935 3632 4008 Exsurgitautem

2075 4048 2194 4084 cum
2232 4031 2437 4085 salvum
2467 4031 2641 4098 ipsum
2670 4026 2822 4093 facit,
2856 4039 2909 4083 cl
2946 4028 3181 4097 percutit
3214 4029 3463 4084 inimicos
3497 4029 3634 4099 ejus,

2073 4124 2155 4175 vel
2179 4138 2270 4177 eos
2296 4124 2387 4191 qui
2421 4138 2486 4177 ex
2526 4120 2937 4174 circumcisione
2956 4127 3100 4183 sunt,
3122 4117 3205 4173 vel
3231 4118 3445 4173 veritati
3478 4134 3638 4188 repu-

2074 4225 2301 4285 gnantes
2344 4222 2640 4283 potestates
2677 4210 2999 4267 invisibiles.
3034 4210 3203 4270 Porro
3244 4211 3387 4270 nulla
3432 4211 3637 4271 inimici

2077 4307 2216 4361 ratio
2256 4307 2501 4370 habetur,
2526 4320 2648 4357 cum
2681 4305 2763 4357 vir
2783 4312 3005 4361 sanctus
3038 4323 3158 4361 cum
3193 4307 3260 4361 iis
3281 4308 3372 4376 qui
3402 4308 3639 4361 oderunt

398 4411 541 4462 ἐστιν
572 4410 863 4480 εἰρηνικὸς,
907 4406 1133 4476 ἀγαπῶν
1172 4407 1297 4468 τοὺς
1334 4403 1581 4475 ἐχθρούς.
1624 4401 1780 4465 Δόξαι
1825 4398 1868 4451 δ’
1902 4398 1968 4452 ἄν

2074 4412 2281 4467 pacem,
2307 4397 2378 4451 sit
2406 4396 2683 4465 pacificus,
2718 4404 2773 4450 et
2800 4395 3049 4453 inimicos
3084 4399 3295 4469 diligat.
3322 4399 3505 4455 Videri
3538 4415 3638 4454 au-

395 4516 538 4563 τινος
563 4500 860 4571 ἐχθραίνειν
891 4518 971 4563 τις
1007 4500 1069 4552 οὐ
1110 4517 1128 4548 ι
1163 4497 1426 4568 ματαίως,
1477 4515 1494 4544 ι
1539 4495 1658 4564 ἦτοι
1697 4492 1972 4563 ἀνθρωπι-

396 4591 632 4660 κώτερον
661 4592 751 4642 τὸν
781 4590 968 4661 ἐχθρὸν
999 4590 1155 4661 ἡμῶν
1182 4587 1540 4654 ἐξεταζόντων
1576 4586 1608 4658 ἢ
1637 4586 1730 4640 καὶ
1753 4583 1972 4637 εὐσεϐέ-

2075 4499 2180 4544 letn
2205 4488 2372 4555 possit
2400 4487 2671 4557 quispiam
2711 4502 2814 4543 non
2854 4507 2873 4540 ι
2904 4490 3021 4545 sine
3062 4505 3222 4546 cauSa
3263 4511 3282 4545 ι
3313 4506 3433 4546 cum
3459 4491 3638 4561 aliquo

2070 4579 2412 4634 inimicitiam
2442 4580 2739 4650 suscipere,
2779 4581 2824 4636 si
2862 4582 2945 4636 vel
2989 4583 3277 4638 hutnauius
3304 4584 3389 4638 vel
3422 4583 3639 4654 religio-

400 4698 616 4752 στερον·
649 4681 1130 4752 ἀνθρωπικώτερον
1177 4682 1295 4752 μὲν,
1332 4679 1499 4744 ἐπὰν,
1529 4679 1620 4733 τὸν
1661 4692 1970 4749 προκαταρ-

2074 4669 2183 4725 sius
2232 4669 2484 4725 inimicus
2530 4681 2826 4738 spectetur.
2870 4674 3171 4728 Humanius
3201 4675 3419 4744 quidem
3448 4714 3463 4738 ,
3512 4691 3634 4730 cum

399 4774 626 4845 ξάμενόν
653 4793 704 4827 τι
738 4778 1047 4828 κακοποιεῖν
1075 4775 1469 4846 ἀποστραφεὶς,
1507 4770 1809 4844 ἀμύνεσθαι
1846 4770 1970 4841 βού-

397 4867 586 4936 ληται·
627 4864 797 4928 οὕτως
828 4866 933 4938 γὰρ
977 4865 1042 4919 ἂν
1090 4866 1421 4937 ὑποληφθείη
1477 4866 1549 4938 μὴ
1588 4885 1605 4915 t
1651 4864 1892 4935 ματαίως
1944 4882 1961 4913 ι

399 4955 700 5026 ἐχθραίνειν
721 4955 796 5026 τῷ
835 4956 1239 5027 προηδικηκότι·
1281 4957 1662 5028 εὐσεϐέστερον
1695 4955 1770 5018 δὲ,
1802 4951 1856 5004 εἴ
1884 4969 1966 5014 τις

398 5045 588 5118 ἐχθρὸς
607 5048 815 5116 γένοιτο
839 5047 926 5101 διὰ
951 5049 1009 5101 τὺ
1036 5049 1249 5120 ἀληθὲς,
1274 5048 1349 5112 ὡς
1375 5050 1403 5101 6
1439 5045 1755 5108 Ἀπόστολός
1779 5058 1962 5113 φησιν·

403 5156 421 5187 ι
472 5139 693 5210 Ἐχθρὸς
731 5140 857 5210 ὑμῖν
906 5139 1103 5209 γέγονα
1151 5139 1428 5209 ἀληθεύων
1467 5139 1624 5209 ὑμῖν·
1684 5156 1703 5187 ι
1751 5135 1845 5188 καὶ
1884 5131 1962 5185 τό·

404 5249 423 5281 ι
463 5232 593 5301 Οὐχὶ
636 5233 761 5298 τοὺς
796 5231 1085 5301 μισοῦντας
1124 5247 1205 5295 σε,
1242 5229 1435 5303 Κύριε,
1467 5229 1739 5300 ἐμίσησας
1785 5243 1803 5276 ι
1853 5221 1963 5276 Καὶ

471 5413 514 5444 ⁸⁷
549 5412 566 5466 l
595 5414 739 5470 l‘etr.
778 5430 862 5481 ut,
886 5414 972 5469 i9.
1048 5413 1095 5445 ⁸⁸
1118 5412 1265 5470 Psal.
1291 5428 1447 5478 xxv't,
1479 5412 1534 5467 5.
1609 5409 1794 5465 "Gal.
1826 5425 1898 5474 tv,
1928 5407 2016 5464 16.

469 5592 580 5662 (87)
612 5593 932 5662 Πρέπουσα
953 5593 1100 5662 ἁγίῳ
1125 5590 1314 5661 φωνή,
1338 5599 1442 5662 etc.
1461 5588 1772 5655 Corderius,
1795 5588 1965 5644 codex

408 5660 789 5721 Da'rocriauus,
820 5660 1032 5716 schedia:
1056 5660 1394 5724 Co’mbeli‘sii,
1426 5660 1719 5714 Barbarus.

471 5730 582 5802 (88)
619 5731 707 5797 Τῷ
751 5731 1034 5797 Ἐϐραῖκῷ
1078 5732 1454 5800 ἐντυχόντες,
1482 5741 1585 5786 etc.
1645 5731 1826 5789 Codex
1856 5729 1960 5786 Ba-

715 5823 981 5882 Ρηιιοι..
1016 5823 1132 5886 Gn.
1176 5824 1321 5884 Xll.

2067 4761 2262 4815 lzetlere
2296 4761 2638 4829 incipientem
2677 4775 2956 4819 aversatus
2999 4765 3180 4819 ulcisci
3221 4766 3451 4819 voluerit
3491 4782 3507 4819 :
3555 4768 3637 4820 sic

2074 4852 2216 4907 enim
2250 4869 2354 4907 non
2385 4871 2403 4903 ι
2435 4855 2548 4908 sine
2578 4869 2739 4909 causa
2776 4874 2795 4907 ι
2823 4871 2944 4911 eum
2978 4858 3070 4927 qui
3098 4858 3247 4925 prior
3278 4858 3638 4924 laesit,odisse

2074 4943 2242 4997 videri
2276 4955 2469 5012 queat;
2513 4945 2816 5016 religiosius
2853 4964 3004 5014 vero,
3023 4950 3067 5003 si
3102 4950 3223 5018 quis
3260 4951 3513 5006 inimicus
3545 4950 3638 5005 fiat

2073 5034 2142 5088 ob
2167 5034 2471 5099 veritatem,
2489 5037 2940 5105 quemadmodum
2973 5041 3266 5107 Apostolus
3298 5043 3455 5094 ait”:
3482 5059 3501 5091 ι
3527 5041 3632 5095 lni-

2074 5126 2248 5181 micus
2276 5124 2448 5182 factus
2474 5144 2592 5183 sum
2623 5130 2777 5185 vobis
2807 5144 2993 5185 verum
3021 5134 3226 5188 dicens.
3262 5152 3279 5184 ι
3314 5133 3380 5187 Ει
3400 5133 3531 5188 illud
3562 5133 3631 5184 "z

2077 5235 2097 5267 ι
2137 5213 2321 5270 Nonne
2378 5219 2471 5288 qui
2519 5220 2751 5274 oderunt
2795 5230 2865 5289 te,
2915 5222 3163 5288 Domine,
3195 5223 3475 5278 oderam?
3511 5240 3530 5274 ι
3570 5222 3637 5276 Et

2091 5404 2136 5436 θ’
2166 5402 2308 5458 Psal.
2353 5419 2616 5470 cxxxvm,
2655 5406 2745 5461 21.

2072 5597 2188 5638 roc.
2222 5577 2515 5655 Barbarus,
2556 5584 2859 5655 partimque
2891 5585 3113 5644 Corder.
3163 5588 3399 5648 Plurima
3449 5601 3631 5648 autem

2072 5655 2264 5709 iisdem
2306 5652 2421 5709 fere
2454 5652 2630 5711 verbis
2663 5652 2881 5712 exstant
2904 5663 3042 5729 apud
3080 5660 3279 5718 Euseb.

3281 5833 3359 5896 36
