4046 6152
406 5514 425 5561 3

476 213 608 269 “3!

1878 208 1972 265 EX
2002 207 2301 265 ORIGENE

3586 228 3708 284 “32

484 330 832 401 quaerendum
866 337 950 382 est
1000 341 1067 380 an
1110 326 1219 380 sint
1262 325 1431 395 aliqui
1465 328 1557 397 qui
1599 325 1814 380 oderint
1862 326 2040 380 Deum.

2157 327 2415 397 ςητητέον
2438 328 2492 380 εἴ
2507 329 2613 382 εἰσί
2636 347 2778 394 τινες
2803 330 3084 401 μισοῦντες
3110 310 3368 390 τὸνοθεόν
3388 353 3401 369 °
3429 338 3595 406 οὐδεὶς
3613 345 3706 418 γὰρ

474 422 668 476 Nullus
695 420 837 475 enim
870 417 955 471 vel
1003 431 1189 470 eorum
1219 417 1311 485 qui
1358 419 1588 471 omnino
1619 416 1805 486 iniusti
1840 425 1965 471 sunt
1996 425 2051 470 et

476 514 640 577 athei,
674 511 814 566 istud
846 508 1118 563 fatebitur.
1140 507 1370 574 Quinam
1395 522 1523 577 ergo
1545 517 1669 563 sunt
1698 509 1787 576 qui
1817 509 2050 562 oderunt

474 605 689 661 Deum?
735 602 1008 669 Quosnam
1050 600 1104 653 in
1149 598 1398 655 confesso
1439 610 1525 655 est
1571 601 1754 655 odisse
1784 598 1968 654 Jesum
1995 607 2048 653 et

473 696 937 752 analhematizare
973 691 1158 758 ?Quae
1196 702 1387 746 contra
1436 692 1585 747 illum
1640 691 1797 757 fiunt,
1826 691 2047 747 omnino

474 788 536 841 ad
580 787 794 840 Patrem
854 782 1189 837 referuntur.
1227 782 1292 836 Et
1325 783 1507 838 omnis
1553 785 1642 853 qui
1687 792 1897 852 peccat,
1935 783 2049 837 odit

474 880 658 940 Deum,
695 875 782 929 vel
832 875 1156 945 sapientiam
1195 884 1568 941 contemnens,
1605 876 1708 931 hoc
1745 884 1847 940 est,
1885 875 2045 930 Cirri-

471 978 638 1033 stum,
665 966 1037 1034 veliustitiam
1085 966 1210 1020 odio
1246 966 1457 1023 habens
1493 979 1547 1023 et
1584 983 1818 1038 operans
1849 967 2047 1036 iniqui-

476 1071 661 1116 talem.
689 1061 755 1115 Et
796 1060 1049 1129 quoniam
1093 1057 1305 1128 iustitia
1338 1068 1421 1114 est
1469 1062 1743 1123 Christus,
1797 1059 1889 1129 qui
1932 1062 2048 1114 odit

469 1153 747 1209 Christum
775 1150 1064 1218 justitiam,
1111 1148 1228 1202 odit
1269 1158 1323 1203 et
1372 1150 1560 1204 Deum.
1593 1148 1727 1204 Cum
1760 1159 1937 1204 autem
1985 1148 2048 1202 li-

469 1252 633 1315 queat
661 1244 785 1313 quis
813 1242 988 1296 oderit
1013 1243 1202 1306 Deum,
1236 1241 1339 1296 nisi
1370 1240 1654 1310 diligenter
1676 1239 2047 1311 expendamus

469 1338 599 1407 quid
640 1338 714 1389 sit
747 1334 921 1389 illud:
965 1352 983 1384 ‹
1023 1332 1214 1388 Nonne
1257 1336 1347 1403 qui
1399 1334 1633 1388 oderunt
1679 1341 1764 1398 te,
1798 1316 2042 1397 Domine,

469 1430 727 1486 oderam?
748 1449 765 1482 ι
789 1442 978 1483 omnes
1001 1426 1271 1492 homines,
1291 1427 1477 1496 paucis
1505 1425 1770 1493 exceptis,
1796 1426 1920 1479 odio
1950 1427 2046 1479 ha-

470 1524 880 1585 bebimus,cum
907 1520 1063 1574 valde
1090 1521 1247 1589 pauci
1271 1521 1382 1573 sint
1413 1519 1502 1587 qui
1535 1518 1787 1587 operibus
1817 1519 2048 1588 probent

467 1630 527 1671 se
580 1627 766 1668 amare
803 1610 994 1668 Deum.
1045 1612 1186 1678 Quid
1238 1627 1370 1667 vero
1418 1610 1708 1665 absurdius
1765 1612 1837 1666 sit
1884 1626 2042 1679 quam

2155 419 2221 471 ἂν
2262 418 2418 473 τοῦτο
2453 421 2837 493 ὁμολογήσειεν
2880 424 3000 477 οὐδὲ
3031 425 3138 480 τῶν
3175 427 3378 492 τελέως
3417 431 3606 486 ἀδίκων
3629 438 3707 490 καὶ

2155 512 2352 567 ἀθέων.
2386 514 2543 577 Τίνες
2573 510 2665 569 οὖν
2693 519 2829 569 εἰσιν
2856 519 2906 570 οἱ
2941 518 3226 589 μισοῦντες
3248 520 3343 574 τὸν
3375 522 3572 594 Κύριον
3593 544 3606 591 ;
3630 529 3706 582 Τί-

2155 620 2245 666 νες
2271 602 2713 676 ὁμολογουμένως
2744 607 2958 677 μισοῦσι
2984 609 3074 661 τὸν
3114 609 3345 681 Ἰησοῦν,
3380 630 3473 666 και
3502 632 3707 671 κατανα-

2155 694 2536 767 θεματίξουσιν
2575 697 2769 764 αὐτόν;
2805 699 2886 751 Τὰ
2914 699 2969 751 δὲ
2999 701 3255 772 γινόμενα
3287 704 3370 767 εἰς
3407 705 3565 760 αὐτὸν
3593 710 3709 763 πάν-

2152 803 2261 850 τως
2290 789 2368 850 εἰς
2399 774 2491 840 τὸν
2525 788 2744 858 Πατέρα
2787 789 3136 862 ἀναφέρεται.
3168 793 3282 845 Καὶ
3328 796 3439 858 πᾶς
3481 796 3535 849 δὲ
3561 798 3711 870 ἀμαρ-

2152 877 2327 931 τάνων
2374 880 2522 948 μισεῖ
2562 878 2652 932 τὸν
2697 878 2849 943 Θεὸν,
2893 880 2926 951 ἢ
2969 881 3068 953 τὴν
3116 883 3314 952 σοφίαν
3366 884 3707 953 ἐξευτελξζων,

2153 968 2401 1021 τουτέστι
2437 968 2527 1021 τὸν
2566 969 2822 1040 Χριστὸν,
2855 969 2886 1042 ἢ
2918 970 3017 1041 τὴν
3056 971 3404 1043 δικαιοσύνην
3440 977 3603 1045 μισῶν
3631 982 3712 1034 καὶ
3773 1008 3781 1013 ο

2153 1058 2518 1130 ἐργαζόμενος
2547 1057 2643 1130 τὴν
2668 1058 2917 1130 ἀνομίαν.
2950 1061 3060 1114 Καὶ
3094 1063 3216 1116 ἐπεὶ
3243 1063 3556 1138 δικαιοσύνη
3582 1069 3710 1123 ἐστὶν

2152 1152 2181 1203 6
2205 1150 2458 1223 Χριστὸς,
2485 1152 2515 1203 6
2544 1150 2717 1222 μισῶν
2737 1152 2828 1205 τὸν
2863 1153 3097 1224 Χριστὸν
3125 1154 3225 1226 τὴν
3253 1154 3612 1228 δικαιοσύνην,
3635 1178 3708 1229 μι-

2154 1247 2237 1297 σεῖ
2266 1245 2355 1297 τὸν
2389 1243 2542 1298 Θεόν.
2573 1245 2814 1317 Φανεροῦ
2847 1245 2902 1298 δὲ
2935 1246 3226 1316 γενομένου
3258 1250 3348 1313 τίς
3378 1250 3408 1302 6
3445 1250 3607 1321 μισῶν
3633 1252 3712 1306 τὸν

2152 1333 2303 1398 Θεὸν,
2323 1335 2416 1387 ἐὰν
2442 1334 2516 1405 μὴ
2544 1334 2939 1406 ἀκριϐώσωμεν
2962 1335 3014 1387 τί
3039 1336 3154 1389 ἐστι
3169 1337 3262 1403 τὸ,
3287 1356 3306 1390 ι
3333 1340 3468 1410 οὐχὶ
3499 1340 3616 1403 τοὺς
3639 1358 3711 1411 μι-

2155 1425 2380 1488 σοῦντάς
2404 1443 2482 1489 σε,
2509 1426 2701 1497 Κύριε,
2730 1427 3003 1499 ὲμίσησα;
3029 1446 3049 1480 ι
3075 1428 3286 1494 πάντας
3312 1430 3623 1502 ἀνθρώπους
3642 1450 3710 1503 μι-

2154 1517 2218 1587 σή
2227 1534 2389 1586 σομεν
2409 1517 2581 1589 παρὲξ
2600 1517 2814 1585 ὀλίγων·
2842 1518 3045 1590 σφόδρα
3066 1519 3314 1573 σπανίων
3335 1521 3505 1574 ὄντων
3523 1522 3622 1574 τῶν
3635 1522 3709 1574 διὰ

2151 1606 2258 1659 τῶν
2283 1607 2458 1680 ἔργων
2479 1608 3038 1680 χαρακτηριζομένων
3063 1610 3287 1681 ἀγαπᾷν
3313 1611 3406 1665 τὸν
3427 1611 3575 1665 Θεόν.
3601 1611 3710 1665 Τού-

468 1706 707 1761 avcrsari
727 1713 971 1767 cunctos,
991 1704 1124 1768 imo,
1138 1712 1194 1758 et
1216 1704 1258 1757 si
1282 1703 1468 1757 dicere
1492 1718 1625 1772 opus
1645 1711 1748 1769 est,
1768 1703 2040 1773 seipsum?

2143 1717 2235 1752 του
2258 1700 2315 1753 δὲ
2333 1700 2384 1753 τί
2400 1699 2528 1753 ἀλλο
2545 1701 2629 1772 εἴη
2647 1700 2989 1772 ἀτοπώτερον
3004 1702 3094 1755 τοῦ
3115 1702 3492 1774 ἀπεστρέφθαι
3506 1705 3705 1767 πάντας,

470 1797 525 1852 Si
550 1798 672 1867 quis
705 1796 848 1850 enim
888 1793 970 1849 sui
1004 1794 1172 1863 ipsius
1203 1796 1454 1848 sincerus
1494 1802 1549 1848 et
1592 1793 1852 1850 candidus
1890 1794 2038 1849 3351i—

466 1900 646 1945 mator
670 1888 853 1953 fuerit,
885 1886 993 1942 sibi
1021 1887 1145 1941 odio
1168 1900 1290 1942 esse
1325 1887 1492 1941 Deum
1518 1885 1907 1955 deprehendet.
1944 1887 2042 1942 Ne-

467 1996 737 2053 quaquam
765 1979 931 2046 igitur
963 1977 1044 2032 sic
1062 1976 1367 2045 putandum
1386 1984 1469 2030 est
1493 1990 1613 2045 qua:
1635 1976 1865 2029 oderunt
1880 1974 2039 2046 555

468 2074 657 2137 Deum,
691 2072 783 2127 sed
833 2085 954 2141 qua:
1006 2068 1219 2123 ratione
1273 2068 1517 2138 prmditis
1565 2067 1820 2122 accidunt
1876 2068 2038 2121 mala.

465 2165 629 2221 Verbi
656 2164 827 2235 gratia
874 2161 1135 2229 iniustitia
1171 2161 1287 2214 odit
1318 2159 1509 2224 Deum,
1533 2168 1591 2213 et
1636 2158 1872 2229 iniustus
1903 2174 2040 2228 qua-

468 2268 626 2314 tenus
656 2257 890 2326 injustus
912 2262 1019 2319 est,
1046 2252 1159 2305 odit
1183 2251 1373 2317 Deum,
1408 2249 1671 2320 iniustitia
1702 2264 1821 2318 qua-
1848 2251 1903 2304 in
1927 2251 2042 2319 ipso

466 2362 551 2407 est
589 2352 690 2403 hoc
718 2346 973 2401 faciente.
1017 2342 1243 2412 Oportet
1284 2342 1452 2411 igitur
1486 2354 1585 2395 nos
1610 2339 1917 2409 huiusmodi
1946 2355 2040 2395 ac-

466 2441 699 2497 cidentia
735 2439 894 2505 mala,
928 2444 981 2492 et
1008 2450 1126 2505 quae
1152 2434 1306 2489 nobis
1341 2433 1610 2503 imprimis
1640 2432 1861 2487 inimica
1894 2441 2040 2498 sunt,

465 2535 710 2607 perfecto
742 2531 890 2596 odio,
933 2532 1036 2585 hoc
1064 2536 1170 2592 est,
1210 2524 1353 2596 quod
1389 2540 1419 2578 a
1458 2525 1798 2596 perfectione
1827 2523 2044 2594 profici-

467 2627 662 2692 scitur,
713 2626 917 2681 odisse.
950 2623 1086 2678 Nam
1124 2620 1579 2691 quemadmodum
1628 2632 1659 2672 ιι
1709 2617 2043 2688 perfectione

461 2719 674 2788 iustitia
711 2727 875 2788 atque
902 2717 1189 2786 prudentia
1235 2720 1477 2775 manant,
1522 2712 1602 2767 sic
1630 2721 1685 2766 et
1728 2709 2040 2780 huiusmodi

464 2815 669 2869 odium.
696 2810 819 2867 [iam
842 2821 1022 2867 autem
1059 2827 1087 2866 a
1135 2809 1290 2864 nobis
1328 2808 1469 2861 dicta
1504 2814 1653 2871 sunt,
1688 2805 2042 2875 expendenti-

463 2910 566 2967 bus
607 2908 739 2962 illud
774 2922 790 2960 :
852 2925 870 2958 ι
910 2902 1236 2959 Percussisti
1277 2914 1466 2956 omnes
1510 2903 1859 2953 adversantes
1910 2896 2040 2950 mihi

466 3004 583 3058 sine
640 3015 822 3065 causa,
860 3018 879 3051 ι
931 3014 1051 3053 cum
1090 3010 1281 3052 omnes
1319 2993 1410 3060 qui
1457 2992 1619 3047 alicui
1656 2992 2036 3052 adversantur,

2147 1792 2260 1855 καὶ,
2280 1792 2327 1844 εἰ
2344 1791 2424 1843 δεῖ
2445 1790 2617 1855 οὕτως
2639 1793 2834 1858 εἰπεῖν,
2856 1793 2950 1845 καὶ
2973 1793 3163 1847 ἑαυτόν
3182 1810 3198 1859 ;
3225 1794 3597 1865 Εὐγνωμόνως
3617 1794 3708 1864 γὰρ

2148 1882 2351 1947 ἐτάζων
2370 1882 2437 1934 τὰ
2462 1901 2527 1935 πε
2535 1883 2589 1954 pl.
2610 1882 2774 1936 αὑτοῦ
2795 1883 3045 1948 ἕκαστος,
3069 1885 3428 1957 εὑρεθήσεται
3452 1885 3614 1955 μισῶν
3631 1886 3710 1938 τὸν

2146 1971 2297 2025 Θεόν.
2316 1973 2544 2042 Μήποτε
2559 1969 2651 2027 οὖν
2669 1972 2809 2026 οὓτω
2822 1974 3101 2044 νομιστέον
3122 1971 3264 2029 εἶναι
3282 1974 3351 2027 τὲ.
3370 1973 3619 2045 μισοῦντα
3631 1973 3707 2028 τὸν

2146 2066 2296 2131 Θεὸν,
2328 2066 2461 2119 ἀλλὰ
2494 2067 2562 2120 τά
2589 2068 2701 2130 τοῖς
2735 2066 2972 2134 λογικοῖς
3010 2068 3156 2122 κακὰ
3187 2067 3588 2139 συμϐεϐηκότω
3611 2064 3708 2121 οἷον

2147 2160 2330 2213 ἀδικία
2389 2162 2535 2230 μισεῖ
2586 2159 2676 2212 τὸν
2734 2158 2906 2223 Θεὸν,
2971 2160 3063 2212 καὶ
3113 2162 3142 2212 6
3197 2160 3388 2224 ἄδικος
3450 2163 3589 2231 μισεῖ
3628 2160 3705 2213 τὸν

2146 2252 2300 2316 Θεὸν,
2331 2251 2465 2305 καθὸ
2506 2252 2688 2315 ἄδικός
2727 2254 2864 2315 ἐστι,
2904 2252 3006 2321 τῆς
3043 2253 3101 2307 ἐν
3149 2252 3303 2324 αὐτῷ
3341 2253 3545 2317 ἀδικίας
3569 2253 3705 2305 τοῦτο

2147 2344 2380 2418 δρώσης.
2416 2347 2535 2418 Χρὴ
2567 2342 2658 2399 οὖν
2699 2347 2848 2417 ἡμᾶς
2879 2346 3107 2433 μισῆσαι
3147 2346 3216 2400 τὰ
3248 2347 3427 2401 τοιάδε
3460 2347 3703 2419 συμϐεϐη-

2149 2436 2281 2489 κότα
2331 2436 2423 2489 καὶ
2468 2434 2700 2510 πρώτως
2751 2435 2922 2507 ὲχθρά
2951 2436 3106 2507 ἡμῶν
3141 2439 3498 2511 τυγχάνοντα,
3540 2437 3702 2507 τελείῳ

2153 2532 2317 2603 μίσει,
2348 2531 2647 2593 τουτέστιν,
2684 2529 2792 2583 ἀπὸ
2818 2529 3152 2596 τελειότητος
3186 2530 3488 2601 ἐρχομένῳ.
3517 2530 3700 2601 "nemp

2147 2623 2254 2695 γὰρ
2277 2622 2385 2675 ἀπὸ
2402 2622 2734 2694 τελειότητος
2773 2621 2990 2692 ἔρχεται
3040 2621 3356 2692 δικαιοσύνη
3390 2624 3481 2675 καὶ
3511 2637 3700 2691 σωφρο-

2151 2716 2305 2786 σύνη,
2330 2715 2500 2778 οὕτως
2520 2715 2614 2767 καὶ¹
2636 2715 2696 2767 τὸ
2716 2713 2915 2767 τοιόνδε
2947 2717 3120 2783 μῖσος.
3142 2713 3334 2768 Ταῦτα
3350 2715 3406 2768 δὲ
3430 2717 3553 2785 ἡμῖν
3576 2714 3699 2785 εἴρη-

2148 2825 2235 2861 ται
2257 2806 2565 2872 ἐξετάζουσι
2587 2808 2673 2869 τὸ,
2698 2825 2716 2857 ι
2742 2805 3046 2871 Ἐπάταξας
3072 2808 3195 2870 τοὺς
3223 2807 3594 2879 ὲχθραίνοντάς
3621 2822 3698 2876 μοι

2151 2900 2422 2971 ματαίως·
2469 2917 2487 2949 ι
2523 2897 2741 2951 πάντων
2763 2897 2870 2952 τῶν
2909 2898 3303 2969 ὲχθραινόντων
3336 2898 3461 2965 τινὶ,
3483 2897 3698 2968 ματαίως

2148 2991 2557 3061 ὲχθραινόντων.
2589 2990 2839 3044 Τοιοῦτον
2870 2992 2952 3057 τὸ,
2974 3010 2992 3042 ι
3027 2990 3330 3062 Ἐμίσησάν
3366 3009 3431 3063 με
3460 2989 3690 3061 δωρεάν.»

464 3094 582 3149 sine
598 3107 759 3147 causa
786 3092 1159 3146 adversentur.
1186 3087 1461 3157 Ejusmodi
1482 3092 1565 3139 est
1586 3083 1718 3137 illud
1741 3083 1819 3135 "z
1852 3101 1871 3134 ι
1899 3082 2038 3137 Odio

2154 3058 2354 3137 ’ὁποῖοι
2376 3084 2433 3137 δὲ
2465 3085 2515 3137 οἰ
2542 3083 2946 3155 συντριϐόμενω
2973 3058 3184 3146 ὀδόντες
3210 3058 3333 3136 ’τῶν
3364 3058 3689 3154 ἀμαρτωλῶν,

464 3187 774 3241 habuerunt
809 3199 894 3238 me
932 3187 1122 3254 gratis.
1168 3200 1187 3233 ι
1231 3180 1430 3246 Quales
1468 3186 1648 3231 autem
1683 3184 1811 3229 sunt
1847 3189 2040 3244 pecca—

465 3289 646 3333 torum
673 3276 863 3331 dentes
902 3276 992 3345 qni
1027 3281 1408 3336 conteruntur,
1439 3269 1572 3323 tales
1606 3276 1660 3323 et
1684 3268 1718 3321 ii
1746 3267 1813 3321 de
1843 3267 2040 3336 quibus

465 3371 668 3424 dictum
705 3376 789 3422 est
812 3369 894 3418 9’z
925 3384 943 3417 ‹
982 3365 1057 3419 lbi
1095 3363 1202 3418 erit
1227 3361 1384 3416 ﬂetus
1420 3369 1476 3416 et
1500 3359 1707 3415 stridor
1736 3358 2034 3413 dentium.-

463 3460 818 3515 Peccatorum
850 3455 1038 3510 dentes
1069 3462 1196 3508 sunt
1222 3468 1250 3506 a
1288 3451 1510 3515 ratione,
1528 3448 1719 3504 alienae
1749 3448 2039 3520 c0gitatio-

464 3567 560 3605 nes
595 3549 750 3603 nobis
779 3556 979 3617 praeter
1014 3557 1261 3601 naturam
1305 3542 1680 3605 advenientes,
1709 3540 1904 3610 quibus
1945 3540 2040 3595 ho-

462 3652 573 3698 stes
605 3640 778 3695 nostri
820 3648 1074 3709 tanquam
1115 3638 1368 3693 dentibus
1398 3648 1770 3706 sacpenumero
1801 3641 2034 3698 utentes,

463 3734 727 3789 accedunt
770 3733 837 3786 ad
881 3729 1247 3786 devorandum
1296 3744 1493 3784 carnes
1524 3735 1764 3793 nostras,
1795 3724 1899 3779 hoc
1927 3733 2037 3788 est,

463 3840 524 3878 ea
554 3841 672 3893 quae
697 3839 757 3877 ex
787 3839 954 3877 carne
985 3823 1248 3892 pullulant
1281 3840 1292 3874 :
1327 3841 1347 3873 ‹
1385 3821 1667 3875 Manifesta
1701 3827 1881 3874 autem
1914 3827 2040 3873 sunt

464 3932 629 3987 opera
652 3917 852 3983 carnis,
890 3935 908 3967 ι
942 3927 998 3970 ιιι
1036 3917 1111 3970 ait
1154 3916 1310 3970 divus
1343 3913 1634 3985 Apostolus
1663 3911 1730 3967 ”.

539 4009 699 4063 Vens.
731 4008 782 4063 9.
825 4007 1036 4061 Domini
1060 4018 1135 4062 est
1160 4009 1325 4076 salus,
1349 4018 1396 4061 et
1436 4023 1592 4077 super
1618 4004 1869 4074 populum
1892 4013 2038 4056 tuum

468 4102 760 4155 benedictio
802 4109 915 4164 tua,
953 4118 971 4151 ι
1000 4109 1107 4155 etc.
1139 4099 1243 4165 Qui
1287 4099 1458 4153 credit
1500 4096 1712 4151 Domini
1743 4109 1864 4149 esse
1893 4093 2040 4147 salu-

465 4204 594 4253 tem,
619 4199 672 4245 et
688 4190 854 4243 Deum
882 4200 1126 4244 nostrum
1151 4203 1272 4244 esse
1301 4190 1472 4243 Deum
1506 4188 1687 4243 salvos
1722 4184 2035 4251 faciendi”,

463 4283 672 4336 Domini
698 4281 842 4335 enim
869 4289 995 4335 sunt
1024 4281 1201 4333 exitus
1233 4278 1444 4342 mortis,
1472 4278 1516 4332 is
1545 4276 1695 4331 novit
1719 4276 1887 4330 etiam
1913 4275 2038 4343 quid

2139 3174 2367 3227 τοιοῦτοι
2407 3174 2500 3228 καί⁸
2540 3175 2668 3245 περὶ
2702 3169 2776 3228 ὧν
2796 3176 3007 3245 εἴρηται
3028 3192 3040 3203 ·
3082 3194 3101 3226 ι
3157 3175 3307 3228 Ἑκεῖ
3328 3175 3474 3229 ἔσται
3497 3176 3522 3227 ὀ
3550 3173 3693 3226 κλαυ-

2141 3264 2276 3334 θμὸς
2299 3267 2392 3319 καὶ
2424 3267 2453 3318 6
2476 3263 2721 3338 βρυγμὸς
2752 3264 2859 3317 τῶν
2890 3265 3137 3319 ὀδόντων.
3187 3285 3205 3318 ι
3255 3267 3492 3330 Ὀδόντες
3535 3266 3693 3335 ἀμαρ-

2139 3355 2325 3409 τωλῶν
2357 3358 2461 3409 εἰσι
2494 3356 2745 3426 λογισμοὶ
2792 3355 2998 3425 ἄλογοι,
3035 3354 3186 3426 παρά
3215 3355 3379 3425 φύσιν
3425 3358 3547 3426 ἡμῖν
3587 3356 3691 3405 ἑπι-

2143 3447 2550 3518 συμόαένοντες,
2584 3442 2665 3511 οἷς
2691 3446 2866 3501 ὀδοῦσι
2896 3447 3166 3520 χρώμενοι
3208 3448 3468 3510 πολλάκις
3489 3448 3535 3499 οἱ
3565 3446 3683 3498 ἀντι-

2142 3541 2382 3612 κείμενοι
2415 3539 2866 3610 προσεγγίζουσιν
2892 3541 3022 3609 ἡμῖν
3037 3538 3130 3591 τοῦ
3164 3542 3363 3607 φαγεῖν
3386 3538 3479 3600 τὰς
3508 3536 3688 3606 σάρκας

2141 3626 2317 3697 ἡμῶν,
2349 3627 2591 3680 τουτέστι
2642 3626 2712 3679 τὰ
2748 3630 2811 3680 ἐκ
2849 3628 2947 3696 τῆς
2976 3628 3175 3696 σαρκὸς
3210 3629 3457 3698 φυόμενα
3479 3642 3491 3655 ’
3526 3644 3543 3675 ι
3592 3625 3686 3674 Φα-

2141 3717 2273 3789 νερά
2298 3718 2354 3770 δέ
2388 3721 2505 3771 ἐστι
2538 3718 2605 3772 τὰ
2648 3718 2787 3788 ἔργα
2835 3718 2936 3788 τῆς
2984 3718 3204 3790 σαρκὸς,
3243 3738 3262 3770 ι
3302 3718 3460 3789 φησιν
3496 3719 3521 3771 6
3565 3715 3687 3774 θεῖος

2155 3810 2492 3874 Ἀπόστολος.

2217 3995 2326 4048 Τοῦ
2366 3995 2585 4062 Κυρίου
2628 3995 2668 4063 ἡ
2706 3995 2989 4062 σωτηρία,
3018 3993 3117 4046 καὶ
3148 3993 3247 4046 ἐπὶ
3284 3993 3397 4046 τόν
3418 3991 3560 4045 λαόν
3582 4002 3683 4040 σου

2142 4086 2180 4153 ἡ
2212 4086 2458 4154 εὐλογία
2507 4098 2643 4148 σου,
2692 4101 2746 4137 κ.
2788 4101 2838 4138 τ.
2892 4085 2938 4137 ἑ.
2996 4085 3054 4135 'U
3090 4082 3407 4152 πειθόμενος
3444 4076 3563 4149 (89),
3610 4076 3680 4127 ὅτι

2139 4176 2232 4227 τοῦ
2257 4174 2461 4245 Κυρίου
2513 4175 2659 4227 ἐστὶν
2691 4175 2722 4245 ἡ
2766 4173 3030 4245 σωτηρία,
3070 4172 3149 4226 διὸ
3195 4174 3287 4226 καὶ
3329 4175 3356 4226 6
3389 4170 3512 4232 Θεὸς
3544 4163 3680 4237 ἡμῶν

2140 4268 2272 4330 Θεός
2324 4270 2439 4320 ἐστι
2485 4265 2579 4319 τοῦ
2632 4265 2823 4330 σώζειν
2843 4282 2858 4298 ο
2893 4265 2987 4319 τοῦ
3021 4265 3130 4336 γάρ
3160 4264 3368 4338 Κυρίου
3397 4264 3449 4317 αἱ
3482 4256 3677 4323 διέξοδοι

462 4373 531 4427 sit
554 4371 825 4426 conlidere
848 4371 899 4423 in
934 4369 1058 4424 ﬁliis
1081 4370 1385 4432 hominum,
1416 4369 1468 4422 in
1496 4369 1689 4438 quibus
1715 4381 1817 4420 non
1842 4375 1924 4419 est
1945 4379 2035 4418 sa-

2141 4359 2233 4415 τοῦ
2264 4360 2490 4413 θανάτου
2513 4377 2525 4388 ·
2577 4353 2684 4412 οἶδε
2718 4358 2812 4410 καὶ
2865 4357 2919 4409 τί
2955 4357 3016 4410 τὸ
3057 4356 3374 4410 πεποιθέναι
3421 4353 3508 4407 ἐπὶ
3551 4347 3680 4406 υἱοὺς

2154 4454 2166 4459 -
2216 4452 2234 4459 -
2299 4451 2309 4459 .
2523 4447 2548 4459 an
2646 4453 2657 4459 -
2742 4450 2763 4459 ,ι
3071 4448 3081 4459 ι
3178 4450 3242 4459 ...-
3379 4447 3418 4459 με
3534 4444 3545 4459 1
3601 4437 3671 4459 τρὶ

462 4466 547 4520 lus
566 4463 632 4520 ”.
652 4464 791 4530 Quin
820 4471 904 4518 est
933 4477 1095 4532 super
1123 4461 1383 4532 populum
1410 4460 1526 4531 eius
1559 4458 1864 4514 benedictio
1895 4455 2033 4523 eius,

462 4572 582 4628 quae
611 4554 871 4628 spiritalis
890 4566 974 4610 est
996 4553 1049 4607 in
1084 4550 1395 4609 coelestibus
1426 4551 1478 4605 in
1510 4550 1749 4605 Christo.

1029 4846 1346 4903 PSALMUS
1376 4844 1468 4899 IV.

534 4951 697 5005 Vsus.
732 4949 785 5003 l.
824 4946 891 5000 In
914 4945 1071 5014 ﬁnem
1092 4944 1147 4997 in
1172 4941 1389 5011 psalmis
1417 4947 1676 4993 canticum
1710 4937 1903 5002 David,
1924 4944 2029 4991 etc.

463 5043 597 5097 Cum
661 5039 815 5094 multi
852 5036 1040 5107 psalmi
1091 5033 1389 5089 secundum
1441 5031 1795 5099 Septuaginta
1835 5029 2030 5082 inscri-

464 5134 659 5188 bantur
692 5132 795 5185 rin
830 5130 1014 5194 finem,
1045 5146 1065 5180 ι
1097 5127 1395 5182 secundum
1429 5122 1564 5177 alios
1593 5131 1773 5175 autem
1818 5121 2028 5175 titulum

464 5225 699 5278 habeant
742 5222 867 5276 huic
904 5240 922 5270 ι
960 5218 1014 5273 in
1070 5216 1234 5271 ﬁnem
1275 5234 1293 5267 ι
1343 5211 1685 5281 inscriptioui
1741 5218 2028 5263 consenta-

465 5330 644 5380 neum,
674 5327 851 5383 operte
893 5309 1122 5381 pretium
1170 5316 1253 5363 est
1308 5321 1406 5376 pro
1443 5305 1654 5358 viribus
1701 5299 2030 5370 investigare

533 5505 577 5536 ἰ
601 5503 756 5558 Joan.
784 5518 873 5567 xv,
915 5500 970 5553 2.
1045 5500 1090 5531 θ’
1114 5497 1246 5551 Luc.
1294 5509 1417 5560 xm,
1447 5493 1536 5547 28.

536 5598 647 5673 (89)
695 5602 746 5652 Ὁ
771 5599 1278 5673 πειθόμενοςηειο.
1313 5589 1947 5673 Corderius,nBarba_rus.

538 5659 649 5743 ἐξ)υῇ
686 5659 1371 5743 Πολλῷιςῖψαλρῶιβοιο.
1395 5660 1795 5743 ροιιειηιιρολ
1824 5659 2021 5743 Βριορέ

462 5730 670 5805 cianus.
704 5730 1105 5803 Coisliniannsf
1141 5736 1353 5793 scheda:
1390 5733 1721 5799 Cmnhefisii,
1758 5730 2025 5784 Barbarus

2143 4451 2465 4524 ἀνθρώπων,
2493 4447 2575 4516 οἷς
2608 4453 2707 4505 οὐκ
2740 4450 2855 4504 ἔστι
2879 4448 3140 4521 σωτηρία.
3178 4450 3335 4502 Ἔστι
3375 4447 3430 4501 δὲ
3469 4444 3556 4498 καὶ
3598 4437 3676 4492 ἐπὶ

2141 4544 2232 4597 τὸν
2261 4542 2385 4596 λαὸν
2431 4543 2596 4597 αὐτοῦ
2639 4547 2672 4615 ἡ
2718 4542 2938 4610 εὐλογία
2979 4538 3145 4595 αὐτοῦ
3182 4536 3317 4593 οὖσα
3367 4527 3674 4605 πνευματικὴ

2135 4638 2194 4687 ὲν
2219 4638 2332 4698 τοῖς
2369 4637 2714 4707 ἐπουρανίοις
2741 4637 2798 4688 ἐν
2822 4631 3059 4705 Χριστῷ.

2735 4832 3028 4887 ΨΑΛΜΟΣ
3054 4834 3126 4884 Δ’.

2210 4935 2313 4997 Εἰς
2340 4930 2405 4984 τὸ
2440 4929 2614 4995 τέλος
2642 4930 2710 4980 ἐν
2728 4924 2989 4995 ψαλμοῖς
3012 4923 3135 4992 ᾠδὴ
3159 4922 3239 4988 τῷ
3269 4918 3461 4981 Δαυῒδ,
3492 4933 3540 4969 κ.
3561 4929 3605 4964 τ.
3628 4909 3667 4960 ἐ.

2140 5023 2356 5077 Πολλῶν
2404 5021 2633 5093 ψαλμῶν
2680 5019 2789 5091 (90)
2829 5016 2969 5072 κατὰ
3006 5016 3104 5086 μὲν
3142 5016 3270 5077 τοὺς
3306 5008 3668 5093 Ἐὅδομήκοντα

2136 5117 2371 5188 ἐχόντων
2404 5092 2715 5184 ἐπιγραφὴν
2752 5129 2769 5159 ι
2804 5111 2881 5172 εἰς
2930 5107 2992 5160 τὸ
3032 5106 3206 5169 τέλος,
3244 5124 3262 5157 ι
3312 5100 3448 5158 κατά
3470 5098 3522 5150 δὲ

2137 5179 2357 5269 λοιποὺς
2403 5205 2469 5257 τὰ
2511 5179 2840 5272 ⁷κατάλληλα
2888 5197 2967 5268 τῷ
3005 5217 3022 5247 ι
3056 5198 3135 5259 εἰς
3164 5195 3227 5248 τὸ
3274 5194 3419 5255 τέλος
3448 5208 3466 5242 ι
3499 5179 3659 5272 ἐνθάδε

2135 5296 2512 5367 ἀποδιδόμενα,
2547 5293 2716 5360 ἄξιον,
2740 5271 2837 5361 ὅση
2877 5289 3123 5357 δύναμις,
3159 5284 3459 5357 ἐξιχνεῦσαι
3478 5276 3560 5332 τὸν
3586 5271 3664 5341 δη-

1644 5491 1690 5522 ⁹³
1716 5489 1837 5546 Gal.
1862 5504 1913 5555 v,
1960 5487 2040 5544 l9.
2116 5485 2160 5517 ’⁸
2191 5481 2332 5538 Psal.
2364 5492 2529 5541 van,
2562 5475 2650 5529 21.
2725 5474 2770 5505 ⁸⁸
2806 5470 2943 5525 Psal.
2985 5484 3140 5535 cnv,
3171 5468 3225 5522 5.

2132 5592 2186 5639 et
2216 5579 2503 5635 Corderius
2536 5572 2752 5643 Origeni
2797 5568 3076 5643 tribuunt,
3145 5543 3656 5643 quanquamfiliiﬁlii?l

2133 5614 2882 5720 ain”
2920 5614 3135 5694 sensum
3150 5614 3485 5702 reperiuntur
3535 5614 3658 5686 apud

2140 5720 2456 5778 Eusebium.
