4046 6152
482 235 621 290 1155

1450 235 1760 294 SELECTA
1794 235 1861 292 IN
1899 235 2236 293 PSALMOS.
2281 266 2347 276 —
2382 234 2583 291 PSAL.
2620 232 2711 289 Ν.

3590 236 3729 294 “56

481 343 741 416 λούμενον
802 344 908 398 ὑπὸ
974 344 1071 417 τῆς
1130 344 1330 411 λέξεως
1383 345 1527 400 νοῦν.
1590 348 1786 402 Ἰστέον
1828 348 1906 414 δὲ,
1955 348 2035 400 ὅτι

2168 347 2324 415 hujus
2368 346 2618 402 dictionis
2648 358 2892 399 sensum.
2921 342 3218 399 Sciendum
3250 352 3360 411 est,
3386 356 3444 402 ut
3472 349 3608 401 artis
3638 362 3730 401 cu-

479 438 669 507 ὥσπερ
700 437 882 509 πάσης
908 436 1120 508 τέχνης·
1146 438 1239 491 καὶ
1270 438 1581 511 ἐπιστήμης
1614 440 1734 493 ἐστὶ
1778 441 1840 493 16
1885 440 2055 505 τέλος,

479 529 565 597 ἐφ’
596 528 625 580 ὃ
661 527 883 581 σπεύδει
913 529 941 580 6
966 528 1204 598 γνησίως
1252 528 1350 598 τὴν
1392 529 1589 601 τέχνην
1631 530 1662 601 ἢ
1694 530 1793 602 τὴν
1835 531 2061 602 ἐπιστή-

482 638 590 691 μην
613 618 833 691 μετιὼν,
863 619 1006 673 οὓτω
1040 620 1135 673 καὶ
1166 620 1267 690 τῆς
1298 620 1523 692 λογικῆς
1556 621 1770 691 φύσεως
1798 623 1880 676 δεῖ
1910 622 2059 686 τέλος

478 710 770 781 τυγχάνειν
793 727 806 740 ·
839 711 997 764 τοῦτο
1038 711 1095 764 δέ
1129 714 1243 764 ἐστι
1281 711 1342 765 τὸ
1370 714 1427 765 ἐν
1460 713 1682 784 Χριστῷ
1720 713 2059 785 ζωοποιηθῆ-

478 819 566 856 ναι
586 802 726 856 κατὰ
752 802 843 855 τὸν
880 802 1220 856 Ἀπόστολον.
1247 803 1556 873 Νομίζομεν
1575 804 1753 859 τοίνυν
1776 805 1903 868 τοὺς
1933 825 1949 855 ι
1979 808 2059 869 είς

477 896 538 949 τὸ
580 895 735 958 τέλος
778 914 795 945 ι
847 895 1363 966 ἐπιγεγραμμένους
1411 895 1661 966 ψαλμοὺς
1714 894 1809 949 τοῦ
1871 896 2056 960 τέλους

477 987 599 1042 τινὰ
624 987 946 1057 ἐπιγράφειν
973 986 1116 1053 νοῦν,
1160 989 1253 1041 καὶ
1296 987 1381 1040 ἐπ’
1415 991 1589 1042 ἐκεῖνο
1620 988 1745 1050 τοὺς
1780 987 2055 1052 συνιέντας

477 1078 547 1131 τά
567 1078 831 1148 λεγόμενα
866 1077 1217 1149 παρακαλεῖν.
1248 1078 1418 1133 Παντλ¹
1442 1078 1499 1131 δὲ
1544 1077 1933 1149 ἀγωνιζομένῳ
1965 1079 2055 1131 τέ-

478 1168 567 1233 λος
601 1171 633 1239 ή
663 1169 784 1239 νίκη
814 1168 1091 1238 τυγχάνει.
1130 1170 1281 1222 Ἐπεὶ
1314 1166 1428 1235 οὖν,
1458 1169 1533 1234 ὡς
1564 1169 2052 1241 προαπεδείξαμεν,

479 1260 640 1314 Δαυῒδ
667 1263 695 1313 6
737 1260 972 1331 Χριστὸς
1024 1260 1261 1328 λέγεται,
1298 1262 1346 1312 οἱ
1401 1262 1868 1333 ἐπιγεγραμμένοι
1918 1279 1937 1313 ι
1977 1264 2055 1325 εἰς

478 1354 539 1406 16
571 1353 719 1417 τέλος
760 1373 779 1405 ο
830 1351 906 1423 τῷ
937 1351 1097 1406 Δαυῒδ
1128 1352 1188 1405 16
1225 1353 1378 1417 τέλος
1413 1353 1505 1407 καὶ
1538 1353 1635 1424 τὴν
1669 1354 1826 1424 νίκην
1866 1356 2051 1423 ἀπαγ-

478 1445 728 1513 γέλλουσι
766 1444 859 1498 τοῦ
909 1444 1171 1517 Χριστοῦ,
1227 1445 1499 1498 νικοποιοῦ
1542 1444 1941 1516 λεχθησομένου
1987 1447 2054 1500 ἂν

479 1538 618 1592 κατὰ
650 1539 741 1591 τὸν
775 1538 1024 1602 Ἀκύλαν,
1061 1520 1221 1591 παντὶ
1263 1537 1597 1607 νενικημένῳ
1632 1537 1788 1608 νίκην
1830 1555 2055 1610 περιπε-

2155 437 2377 507 juslibet
2424 445 2588 505 atque
2636 433 2877 488 scientia:
2912 434 3131 503 quidam
3168 433 3290 489 ﬁnis
3318 446 3425 502 est,
3455 453 3615 508 quem
3647 440 3730 492 iu-

2161 528 2333 583 tendit
2382 528 2429 582 is
2459 528 2547 596 qui
2579 533 2751 580 artem
2787 526 2867 578 vel
2896 526 3177 580 scientiam
3213 529 3355 583 serio
3391 538 3634 593 exercet,
3654 532 3733 588 sic

2160 621 2321 676 etiam
2374 630 2584 673 naturae
2624 617 2902 671 rationalis
2946 620 3107 671 ﬁnem
3148 620 3386 689 aliquem
3421 636 3541 676 esse
3571 636 3730 692 op0r-

2161 723 2293 768 tere.
2341 711 2440 766 llic
2493 720 2671 765 autem
2730 718 2815 763 est
2862 707 3216 766 viviﬁcari’in
3261 713 3482 768 Christo
3532 729 3729 770 secun-

2160 804 2285 858 dum
2333 803 2669 872 Apostolum.
2718 801 3106 858 Existimatnus
3140 805 3321 875 itaque
3367 806 3603 877 psalmos
3632 809 3725 877 qui

2165 914 2183 947 ι
2220 898 2270 950 in
2306 895 2467 949 ﬁnem
2505 915 2523 946 ο
2569 896 2968 957 inscribuntur,
3010 912 3228 951 sensum
3280 899 3565 967 quemdam
3606 900 3729 955 linis

2158 1005 2273 1059 prae
2300 1004 2357 1043 se
2389 988 2556 1055 ferre,
2585 1000 2641 1043 et
2670 991 2735 1043 ad
2765 989 2911 1043 illum
2950 990 3112 1044 ﬁnem
3147 1005 3240 1045 eos
3262 992 3351 1061 qui
3386 1007 3506 1063 qua:
3535 994 3729 1049 dicun-

2161 1090 2277 1146 tur,
2321 1080 2658 1151 intelliguut,
2698 1078 2997 1133 cohortari.
3041 1078 3202 1134 Omni
3256 1090 3434 1137 autem
3495 1083 3727 1139 certanti

2161 1171 2283 1227 ﬁnis
2302 1181 2389 1227 est
2418 1171 2670 1226 victoria.
2702 1175 2908 1239 Quare,
2941 1188 3084 1238 cum,
3116 1183 3174 1225 ut
3208 1182 3333 1228 ante
3360 1175 3724 1241 ostendimus,

2160 1261 2327 1315 David
2380 1262 2591 1316 dicatur
2623 1262 2895 1330 Christus,
2944 1265 3132 1334 psalmi
3193 1265 3285 1336 qui
3339 1283 3359 1317 ι
3404 1267 3456 1321 in
3502 1266 3662 1322 ﬁnem
3703 1289 3723 1323 ι

2165 1352 2331 1407 David
2362 1353 2605 1420 inscripti
2633 1363 2777 1418 sunt,
2811 1353 2973 1410 ﬁnem
3017 1366 3069 1412 et
3099 1359 3377 1413 victoriam
3406 1361 3730 1418 annuntiaut

2155 1443 2382 1511 Christi,
2407 1445 2735 1514 quetnjuxta
2768 1448 3013 1516 Aquilam
3044 1450 3224 1505 dicere
3250 1451 3414 1506 liceat
3440 1453 3722 1513 victorem.

2154 1535 2309 1591 Omni
2356 1535 2520 1607 556
2557 1538 2703 1591 enim
2754 1541 2894 1596 victo
2926 1543 3207 1597 victoriam
3239 1544 3456 1611 tribuit,
3480 1547 3728 1615 quando~

480 1631 783 1699 ποιηκότος,
813 1631 935 1682 ἐπεὶ
965 1632 994 1683 6
1026 1630 1129 1683 ὑπὸ
1168 1628 1403 1700 Χριστοῦ
1439 1627 1738 1699 νικώμενος
1775 1628 1872 1700 τὴν
1913 1646 2043 1700 συμ-

2155 1630 2370 1699 quidem
2405 1630 2652 1698 quisquis
2682 1647 2709 1683 a
2734 1631 2955 1688 Christo
2985 1635 3596 1701 vincitur,accidentem
3622 1637 3725 1694 sibi

478 1721 771 1791 ϐεϐηκυῖαν
822 1720 971 1791 αὐτῷ
1021 1721 1218 1775 κακίαν
1268 1721 1539 1791 νενίκηκε,
1586 1721 1681 1773 καὶ⁵
1733 1719 2043 1789 ἐξαφανίζει

2153 1697 2614 1777 ιιιθιὶιίιιιιιίνὶηοίι
2642 1731 2698 1776 et
2734 1725 2801 1778 de
2836 1726 3012 1779 medio
3049 1697 3237 1790 tollit,
3271 1735 3459 1795 utpote
3507 1726 3727 1783 Christo

476 1813 665 1884 αὐτὴν,
698 1813 918 1884 Χριστῷ
953 1812 1411 1883 ὑποτεταγμένος.
1464 1811 1667 1867 Οὐδένα
1701 1812 1807 1885 γὰρ
1848 1813 2047 1868 ἄκοντα

476 1906 600 1975 νικᾷ
638 1905 669 1956 6
697 1904 949 1974 Χριστὸς,
984 1902 1122 1957 ἀλλὰ
1148 1901 1467 1971 πείθων,τῷ
1496 1902 1667 1970 Λόγος
1699 1897 1836 1956 εἶναι
1889 1904 2043 1959 Θεοῦ.

475 1997 569 2061 Εἰς
594 1996 750 2049 τοῦτο
776 1996 841 2068 δὴ
867 1996 929 2049 16
950 1999 1101 2059 νῖκος
1132 1994 1533 2066 ἐπιγράφεσθαί
1573 2012 1705 2066 φησι
1755 1995 2047 2050 Θεοδοτίων

475 2086 678 2159 ὕμνους
737 2089 770 2158 ἢ
829 2086 1078 2157 ψαλμοὺς
1124 2087 1250 2148 τοὺς
1301 2084 1452 2156 παρὰ
1496 2087 1609 2148 τοῖς
1650 2085 2046 2158 Ἐϐδομήκοντα

480 2200 500 2232 ι
536 2183 616 2244 εἰς
638 2181 702 2233 τὸ
725 2179 877 2244 τέλος
910 2198 928 2232 ι
982 2178 1494 2251 ἐπιγεγραμμένους
1517 2195 1530 2207 ’
1577 2180 1605 2231 6
1645 2178 1701 2231 δὲ
1753 2178 2046 2250 Σύμμαχος

479 2291 500 2325 ι
530 2272 826 2337 ἐπινικίους
861 2292 878 2324 ι
911 2272 1004 2327 τοῦ
1054 2270 1289 2344 Χριστοῦ
1329 2270 1476 2339 λέγοι
1524 2270 1590 2324 ἂν
1637 2266 1776 2323 εἷναι
1819 2272 2044 2336 τούτους

474 2366 597 2429 τοὺς
628 2365 876 2436 ψαλμοὺς
913 2365 945 2437 ἢ
978 2364 1141 2435 ᾠδάς.
1184 2364 1309 2417 Ἐὰν
1358 2363 1415 2416 δὲ
1454 2361 1528 2433 μὴ
1580 2362 1740 2433 μόνον
1775 2362 1853 2434 τῷ
1883 2364 2046 2419 Δαυῒδ

473 2457 569 2510 καὶ
600 2476 618 2508 ι
664 2460 743 2521 εἰς
797 2457 948 2521 τέλος
984 2476 1004 2509 ι
1038 2456 1323 2525 λέγωνται,
1385 2453 1521 2508 ἀλλὰ
1570 2454 1666 2507 καὶ
1721 2454 1798 2525 τῷ
1849 2456 2041 2526 Ἀσάφ,

473 2549 592 2619 ἦτοι
614 2551 725 2613 τοῖς
752 2551 886 2612 υἱοῖς
930 2548 1096 2620 Κορὲ,
1130 2549 1230 2601 οὐκ
1281 2547 1481 2601 ἄτοπον
1522 2545 1605 2608 τὸ,
1660 2548 1869 2611 πάντας
1919 2550 2043 2613 τοὺς

473 2642 659 2709 ἁγίους
700 2642 798 2712 τὴν
826 2642 920 2695 τοῦ
972 2640 1209 2712 Χριστοῦ
1252 2640 1436 2694 εἰκόνα
1485 2639 1939 2711 ἀναδεδεγμένους
1982 2645 2044 2697 16

471 2736 656 2789 ἐνθάδε
686 2737 972 2808 εἰρημένον
1006 2737 1099 2791 καὶ
1140 2738 1225 2789 ἐπ’
1259 2738 1481 2791 ἐκείνων
1510 2741 1647 2792 νοεῖν
1682 2741 1849 2810 ἡμᾶς.
1880 2739 1954 2790 Τὸ
1982 2737 2041 2791 δὲ

478 2848 496 2880 ι
530 2831 587 2883 ἐν
609 2829 841 2900 ψαλμοῖς
886 2848 904 2880 ι
941 2829 1094 2901 παρὰ
1126 2834 1237 2895 τοῖς
1276 2831 1676 2903 Ἐϐδομήκοντα
1709 2833 1802 2884 καὶ
1842 2830 2042 2900 Ἀκύλᾳ

470 2922 760 2993 εἰρημένον
781 2918 934 2992 οἶμαι
961 2922 1294 2994 σαφέστερον
1329 2924 1767 2993 ἀπαγγέλλεσθαι
1815 2923 1905 2978 διὰ
1947 2923 2040 2977 τοῦ

2150 1812 2445 1881 subjectus.
2490 1812 2770 1866 Neminem
2801 1815 2947 1868 enim
2992 1815 3221 1870 invitum
3259 1816 3721 1884 viueitChristus,

2150 1907 2242 1959 sed
2269 1905 2539 1968 suasione,
2574 1918 2697 1959 cum
2726 1905 2797 1960 sit
2826 1907 3060 1962 Verbum
3092 1908 3279 1962 Dei.ln
3316 1909 3453 1964 hanc
3481 1924 3613 1981 ergo
3644 1913 3725 1965 νίς

2150 2000 2376 2052 ctoriam
2426 1998 2654 2068 hymnos
2694 2014 2786 2053 seu
2839 2000 3075 2068 psalmos
3118 2000 3367 2066 inscribi,
3396 2002 3592 2072 quibus
3623 2000 3723 2058 Se-r

2149 2091 2430 2160 ptuaginta
2461 2110 2479 2142 ι
2517 2091 2569 2145 in
2625 2095 2784 2148 tinem
2820 2111 2837 2142 ι
2872 2092 3084 2146 titulum
3128 2091 3394 2158 fecerunt,
3427 2093 3725 2150 Theodotin

2148 2191 2337 2235 auctor
2359 2192 2471 2235 est:
2494 2192 2549 2237 at
2565 2182 2926 2254 Symmachus
2947 2202 2966 2234 ι
2994 2184 3349 2255 triumphales
3373 2203 3391 2236 ι
3413 2185 3615 2242 Christi
3642 2188 3692 2242 di
3710 2217 3725 2233 ο

2148 2271 2288 2324 xerit
2334 2270 2594 2338 ejusmodi
2642 2273 2880 2341 psalmos
2914 2287 3008 2326 seu
3054 2274 3285 2327 cantica.
3333 2273 3721 2328 Verumtamen

2147 2378 2269 2417 cum
2302 2378 2407 2417 non
2455 2373 2663 2418 tantum
2712 2365 2814 2433 ipsi
2848 2364 3040 2432 David,
3064 2366 3157 2419 sed
3189 2366 3368 2434 Asaph
3411 2381 3627 2439 quoque
3669 2379 3722 2426 et

2146 2454 2272 2510 ﬁliis
2298 2453 2436 2510 Core
2468 2473 2489 2506 ι
2522 2456 2573 2509 in
2601 2457 2761 2511 ﬁnem
2796 2476 2815 2507 ι
2849 2457 3121 2522 dicantur,
3148 2472 3254 2510 non
3282 2459 3577 2514 absurdum
3606 2460 3722 2514 lue.

2148 2548 2219 2601 rit
2256 2562 2353 2602 nos
2399 2549 2469 2602 de
2514 2548 2770 2603 omnibus
2818 2549 3025 2603 sanctis
3065 2548 3159 2617 qui
3187 2548 3387 2604 Christi
3426 2551 3717 2625 imaginem

2146 2654 2451 2708 suscepere,
2490 2642 2634 2708 quod
2684 2628 2783 2694 hic
2832 2641 3035 2694 dictum
3078 2649 3162 2693 est
3211 2640 3529 2710 intelligere.
3563 2641 3716 2707 Quod

2146 2752 2273 2790 vero
2311 2739 2451 2805 apud
2479 2734 2831 2804 Septuaginta
2864 2744 2919 2788 et
2947 2734 3192 2802 Aquilam
3246 2735 3451 2789 dictum
3490 2744 3571 2789 est
3607 2753 3627 2786 ι
3661 2735 3714 2793 itt

2143 2829 2383 2894 psalmis,
2428 2848 2446 2880 ι
2494 2829 2544 2881 id
2587 2829 2829 2898 apertius
2869 2838 2998 2895 puto
3034 2827 3265 2881 edidisse
3299 2826 3713 2899 Symmachum,

2147 2942 2167 2974 ι
2202 2926 2253 2977 in
2285 2923 2573 2993 psalleriis,
2617 2942 2635 2973 ι
2664 2936 2784 2976 cutn
2838 2930 2950 2975 tres
2998 2935 3092 2973 nos
3140 2921 3368 2973 doceant
3400 2921 3451 2973 in
3491 2922 3714 2990 organis

469 3014 765 3084 Συμμάχου
796 3031 814 3062 ι
840 3012 929 3066 διὰ
947 3013 1281 3085 ψαλτηρίων,
1310 3036 1327 3066 ι
1361 3015 1717 3070 διδασκόντων
1747 3018 1895 3086 ἡμᾶς
1929 3016 2039 3070 τῶν

2146 3030 2263 3085 quae
2308 3014 2559 3082 psalteria
2614 3013 2888 3077 dicuntur,
2941 3011 3248 3081 hujusmodi
3292 3012 3565 3067 canticum
3615 3028 3712 3068 seu

467 3104 633 3169 τριῶν
659 3106 795 3177 πρὸς
825 3106 893 3159 τὰ
924 3105 1131 3176 ὄργανα
1164 3106 1471 3178 καλούμενα
1493 3107 1767 3179 ψαλτήρια
1789 3107 2038 3178 εἰρῆσθαι

2146 3103 2564 3157 modulationem
2598 3156 2603 3159 _
2639 3100 2807 3157 fuisse
2862 3100 3218 3171 persolutum.
3278 3101 3412 3156 Nam
3474 3102 3710 3173 plurima

467 3196 563 3267 τὴν
592 3196 732 3267 ᾠδὴν
755 3197 959 3268 ταύτην
992 3198 1024 3269 ἢ
1056 3198 1117 3251 τὸ
1156 3198 1466 3269 μελῴδημα.
1494 3198 1721 3253 Πλείονα
1744 3199 1852 3269 γὰρ
1877 3199 2041 3271 ὄργα-

468 3306 534 3340 να
567 3288 827 3359 ζητητέον
857 3289 924 3342 δι’
955 3283 1028 3342 ὧν
1052 3289 1236 3360 ᾄδεται
1270 3290 1331 3343 16
1358 3310 1375 3341 ι
1412 3293 1490 3355 εἰς
1525 3291 1586 3344 τὸ
1618 3291 1791 3354 τέλος,
1832 3311 1851 3343 ι
1886 3289 1920 3361 ἢ
1954 3310 1972 3342 ι
2012 3292 2040 3343 ὁ

467 3381 750 3446 ἐπινίκιος,
790 3407 807 3439 ι
828 3380 862 3451 ἦ
887 3398 905 3431 ι
942 3381 1018 3453 τῷ
1043 3383 1319 3453 νικοποιῷ.
1354 3401 1372 3435 ι
1400 3384 1630 3437 Δύναται
1650 3384 1707 3437 δέ
1738 3382 1912 3437 καὶτὸ
1936 3383 2038 3435 ὑπὸ

470 3473 820 3536 Θεοδοτίωνος
862 3475 1149 3545 εἰρημένον
1173 3478 1253 3539 εἰς
1278 3476 1340 3529 16
1372 3479 1520 3539 νῖκος
1547 3478 1605 3529 ἐν
1658 3476 1848 3547 ὕμνοις
1881 3474 2040 3528 τοῦτο

466 3565 679 3637 δηλοῦν.
723 3564 870 3638 Αὕτη
901 3567 1077 3621 τοίνυν
1106 3568 1138 3637 ή
1171 3567 1350 3640 ᾡδὴ,ἢ
1379 3569 1440 3622 τὸ
1463 3567 1823 3640 μελῴδημα,ἢ
1853 3568 2037 3638 ἁψαλ-

468 3659 589 3729 ιιὺς,
640 3659 739 3730 τὴν
770 3659 1066 3731 εἰρημένην
1100 3660 1353 3714 ὑπόθεσιν
1410 3660 1569 3731 ἔχων,
1626 3661 1694 3714 τὰ
1742 3661 2037 3733 προδιηγη-

466 3750 628 3803 θέντα
654 3752 786 3820 ἡμῖν
836 3751 1250 3820 ἐπαγγέλλεται,
1292 3753 1598 3823 κοινότερον
1645 3754 1745 3824 μὲν
1790 3753 1869 3825 τῷ
1902 3771 2037 3825 προ-

467 3844 611 3915 φήτῃ
639 3843 818 3907 Δαυῒδ,
858 3844 1258 3916 μυστικιῦτερον
1289 3844 1345 3896 δὲ
1389 3843 1468 3915 τῷ
1501 3845 1723 3916 Χριστῷ
1754 3847 1815 3900 τὸ
1859 3846 2034 3917 πρόσ-

469 3952 616 3988 ωπον
662 3936 769 3988 τῶν
805 3936 973 4005 ἁγίων
1022 3936 1471 4007 ἀναλαμϐάνοντι,
1532 3938 1624 3991 καὶ
1670 3939 1757 3991 ὁτὲ
1809 3939 1906 4009 μὲν
1937 3939 2035 4003 τὰς

467 4024 674 4094 θλίψεις
696 4025 875 4079 αὐτῶν
903 4027 982 4090 ὡς
1017 4026 1152 4089 ἰδίας
1183 4026 1490 4097 ἡγουμένῳ,
1530 4027 1623 4080 καὶ
1659 4028 1784 4091 τοὺς
1814 4030 1872 4080 ἐν
1912 4028 2036 4080 ταύ-

466 4134 583 4179 ταις
616 4117 794 4170 αὐτῶν
834 4117 1366 4188 πλατυσμοὺς,(ἐπεὶ
1398 4118 1568 4187 ἁγίων
1600 4120 1715 4172 ἐστὶ
1757 4120 1908 4191 φωνὴ
1953 4120 2032 4183 τό,

471 4227 489 4257 ι
533 4210 619 4261 Ἐν
645 4210 808 4263 παντὶ
842 4209 1166 4280 θλιϐόμενοι,
1199 4208 1313 4261 ἀλλ’
1345 4210 1406 4261 οὺ
1448 4210 1973 4281 στενοχωρούμενοι,
2010 4236 2029 4268 ι

466 4301 553 4353 ότέ
582 4301 638 4353 δὲ
667 4302 1042 4373 ἐπιστρέφοντι
1091 4300 1217 4362 τοὺς
1251 4299 1644 4372 βαρυκαρδίους
1686 4302 1779 4354 καὶ
1812 4303 1936 4364 τοὺς
1966 4303 2034 4356 τά

2141 3196 2424 3264 (ιυαξι-εηάε
2461 3204 2587 3249 sunt
2634 3209 2859 3263 organa,
2910 3193 3105 3263 quibus
3156 3194 3285 3250 illud
3325 3214 3344 3246 ι
3388 3197 3440 3249 in
3485 3193 3647 3253 ﬁnem
3687 3216 3707 3251 ι

2141 3289 2377 3353 canitur,
2408 3289 2489 3342 vel
2513 3308 2531 3340 ι
2558 3304 2653 3359 pro
2680 3299 2830 3358 parta
2864 3288 3115 3351 victoria,
3138 3307 3155 3339 ι
3185 3287 3267 3342 vel
3297 3307 3316 3339 ι
3341 3289 3588 3343 victori.)
3611 3288 3715 3349 Po.

2142 3389 2246 3435 test
2274 3391 2453 3434 autem
2477 3381 2695 3450 etquod
2724 3380 3025 3435 Theodotio
3063 3381 3257 3444 edidit,
3283 3399 3303 3432 ι
3343 3382 3394 3434 in
3428 3380 3710 3441 victoriam

2141 3473 2192 3527 in
2214 3472 2484 3545 hymnis,»
2521 3474 2623 3526 hoe
2646 3476 2818 3541 ipsum
2844 3473 3172 3544 signiﬁcare.
3198 3472 3311 3529 Hoc
3346 3474 3508 3544 igitur
3532 3476 3709 3535 canti-

2137 3578 2282 3629 cum,
2311 3562 2395 3618 vel
2420 3561 2666 3625 ntelodia,
2696 3563 2813 3616 sive
2844 3563 3083 3631 psalmus
3114 3575 3472 3618 memoratum
3502 3564 3711 3624 habens

2138 3662 2535 3724 argumentum,
2588 3669 2707 3721 qua:
2756 3665 2915 3708 antea
2966 3671 2996 3709 a
3045 3656 3204 3709 nobis
3254 3655 3521 3726 explicata
3559 3668 3706 3723 sunt,

2136 3748 2438 3817 pollicetur,
2468 3764 2534 3803 ex
2561 3749 2868 3819 vulgariore
2894 3749 3162 3803 sententia
3192 3749 3468 3819 prophetae
3496 3748 3709 3815 Davidi,

2136 3835 2434 3890 secundum
2496 3853 2751 3893 arcanam
2808 3852 2936 3892 vero
2993 3836 3446 3906 signiﬁcationem
3491 3839 3710 3897 Christo

2137 3938 2446 3984 sanctorum
2475 3945 2760 3997 personam
2783 3931 3103 3995 assumenti,
3141 3932 3485 4001 ipsorumque
3510 3947 3711 3988 mrum-

2138 4036 2236 4075 nas
2261 4021 2415 4089 quasi
2450 4021 2720 4089 proprias,
2756 4030 2812 4075 et
2839 4020 3181 4076 dilatationes
3206 4022 3364 4077 modo
3391 4024 3496 4079 sibi
3537 4024 3711 4080 ascrio

2134 4113 2281 4168 benti
2310 4114 2642 4182 (sanctorum
2668 4115 2810 4166 enim
2845 4113 2934 4167 illa
2964 4128 3066 4167 vox
3089 4123 3173 4168 est
3200 4114 3245 4144 °°
3269 4128 3279 4162 :
3316 4133 3335 4167 ι
3370 4113 3426 4168 In
3455 4115 3709 4170 omnibus

2138 4204 2535 4259 tribulationem
2560 4205 2849 4274 patientes,
2872 4204 2963 4259 sed
2991 4221 3095 4258 non
3123 4206 3414 4273 augustiati
3439 4206 3484 4276 ι)
3506 4249 3519 4272 ,
3547 4208 3707 4261 modo

2136 4303 2314 4348 autem
2340 4308 2433 4349 eos
2462 4298 2799 4350 couverteuti
2827 4297 2915 4364 qui
2942 4297 3091 4366 gravi
3117 4299 3278 4351 corde
3308 4312 3455 4362 sunt,
3481 4299 3706 4352 etvaui-

471 4393 671 4462 μάταια
711 4394 1052 4461 ἀγαπῶντας.
1098 4393 1173 4445 Οὐ
1204 4394 1344 4445 πάνυ
1390 4391 1446 4443 δὲ
1481 4392 1758 4463 ζητήσεως
1787 4391 1967 4463 ἔχεται
1999 4396 2031 4464 ἠ

2146 4394 2306 4440 tatem
2326 4387 2571 4456 diligunt.
2592 4388 2856 4441 Caeterum
2881 4403 2987 4443 non
3013 4388 3170 4457 longa
3196 4391 3545 4460 inquisitione
3566 4391 3707 4445 indi-

464 4484 696 4555 διαφορὰ
730 4484 836 4537 τῶν
858 4483 1055 4547 λέξεων
1075 4483 1217 4555 ᾠδῆς
1240 4485 1335 4536 καὶ
1374 4483 1579 4553 μελῳδή
1589 4500 1774 4552 ματος.
1804 4485 1900 4537 Διά
1937 4486 2035 4556 μὲν

464 4577 572 4648 γὰρ
606 4578 706 4648 τῆς
736 4576 879 4647 ᾠδῆς
904 4576 1143 4639 ἔκκλισις
1174 4576 1273 4645 τῆς
1311 4575 1495 4644 φωνῆς
1523 4574 1776 4646 δηλοῦται
1828 4577 1919 4630 τοῦ
1952 4577 2040 4629 λέ-

462 4687 672 4739 γοντος,
690 4670 779 4722 διὰ
799 4670 855 4721 δὲ
884 4669 975 4723 τοῦ
1009 4668 1214 4739 μελῳδή
1223 4686 1390 4739 ματος
1418 4669 1559 4738 τάχα
1586 4669 1679 4722 καί
1706 4669 1768 4721 16
1793 4670 2038 4739 τεχνικὸν

460 4763 555 4815 τοῦ
584 4761 847 4833 μυστικοῦ
882 4762 1077 4831 μέλους
1110 4760 1375 4831 ᾀδομένου
1418 4762 1474 4813 ἐν
1525 4760 1735 4831 ῥυθμῷ.
1784 4760 1941 4813 Κατὰ
1979 4761 2037 4813 δὲ

460 4854 588 4917 τοὺς
614 4853 712 4922 τῆς
735 4853 1026 4921 ἀναγωγῆς
1050 4851 1248 4921 νόμους
1277 4853 1310 4922 ἡ
1344 4849 1617 4923 εὔρυθμος
1650 4850 1741 4904 καὶ
1772 4849 1911 4903 κατὰ
1949 4849 2037 4904 λό-

462 4960 558 5011 γον
606 4940 925 5012 ὲξεταστικὴ
975 4938 1217 4994 πολιτεία
1269 4942 1350 5004 εἰς
1407 4939 1564 5005 δόξαν
1602 4939 1736 4994 Θεοῦ
1771 4940 2030 5010 γινομένη

464 5034 602 5106 μετὰ
642 5033 930 5104 δογμάτων
966 5031 1133 5101 ὑγιῶν
1172 5032 1267 5086 καὶ
1317 5031 1487 5100 λόγων
1521 5032 1614 5086 καὶ
1642 5031 1846 5103 ἑτέροις
1892 5029 2036 5099 ὠφεφ

459 5128 634 5198 λίμων
670 5128 755 5197 εῐη
788 5127 855 5180 ἂν
887 5126 948 5179 τὸ
989 5124 1302 5197 μελῴδημα.

544 5223 639 5274 Ἐν
667 5220 746 5286 τῷ
776 5220 1193 5276 ἐπικαλεῖσθαι
1213 5236 1310 5289 με,
1332 5215 1655 5285 εἰσήκουσέ
1677 5234 1794 5287 μου
1819 5218 1852 5269 ὁ
1887 5213 2030 5279 Θεὸς

461 5312 570 5379 τῆς
605 5312 999 5380 δικαιοσύνης
1026 5328 1164 5381 μου.
1194 5327 1247 5363 κ.
1278 5329 1328 5364 τ.
1367 5313 1413 5365 ἐ.
1445 5309 1518 5362 T6
1540 5309 1697 5377 λέγον
1737 5306 2025 5378 πρόσωπον

462 5405 572 5476 (91)
611 5405 730 5477 ἦτοι
761 5407 790 5457 ό
820 5405 1109 5477 Προφήτης
1152 5403 1322 5470 ἐστὶν,
1352 5402 1385 5473 ἢ
1414 5399 1705 5472 ὁ⁹Χριστὸς
1750 5397 1891 5451 κατὰ
1927 5396 2023 5468 τὴν

528 5502 573 5538 ³⁸
609 5500 654 5555 ιι
706 5501 831 5555 Cor.
874 5515 950 5564 tv,
990 5498 1045 5553 8.

2138 4486 2228 4547 get
2257 4478 2550 4533 discrimen
2579 4493 2766 4531 meum
2795 4483 2993 4534 cantici
3018 4490 3073 4536 et
3103 4483 3363 4539 meludiar.
3396 4481 3498 4538 Per
3530 4486 3707 4538 canti-

2138 4583 2260 4621 cum
2285 4585 2386 4623 vox
2415 4569 2644 4624 dicentis
2674 4570 2958 4640 inclinata,
2978 4588 3074 4641 per
3106 4575 3388 4629 tnelodiam
3412 4576 3702 4633 artiﬁcium

2139 4662 2394 4716 carminis
2421 4663 2729 4732 rhythtniee
2772 4666 2974 4719 eantati
3015 4666 3348 4736 designatur.
3393 4667 3703 4726 Secundum

2138 4764 2316 4809 autem
2353 4769 2546 4809 sensus
2587 4757 2864 4826 auagogici
2898 4758 3061 4828 leges,
3092 4758 3232 4812 bene
3269 4763 3630 4829 compositum
3652 4771 3709 4819 et

2137 4848 2203 4901 ad
2234 4848 2482 4915 rationis
2532 4864 2776 4903 normam
2833 4859 3082 4905 exactum
3132 4850 3255 4904 vitae
3299 4850 3607 4906 institutum
3635 4855 3703 4906 ad

2139 4939 2229 4992 Dei
2263 4940 2516 5009 gloriam,
2542 4956 2666 4997 cum
2696 4943 2943 4999 doctrina
2978 4958 3109 4997 sana
3154 4944 3443 5014 verbisque
3470 4946 3537 5001 ad
3563 4945 3701 5003 alio~

2136 5045 2254 5085 rum
2282 5029 2564 5088 utilitatem
2598 5034 2954 5099 concinnatis,
2984 5035 3095 5089 erit
3120 5035 3367 5093 tnelodia.

2206 5214 2367 5269 Vens.
2396 5215 2453 5270 2.
2491 5214 2623 5270 Cum
2646 5217 2967 5283 invocarem,
3000 5214 3266 5271 exaudiuit
3302 5235 3382 5273 me
3421 5217 3566 5273 Deus
3601 5220 3701 5289 ju~

2131 5308 2288 5363 stitia:
2314 5325 2460 5369 mem.
2497 5320 2602 5365 etc.
2632 5309 2761 5376 Quae
2785 5310 2873 5365 hic
2902 5310 3140 5378 loquitur
3166 5325 3421 5378 persona,
3449 5309 3534 5365 vel
3561 5309 3700 5366 Pro~

2132 5395 2315 5465 pheta,
2347 5399 2430 5454 vel
2459 5399 2709 5455 Christus
2736 5410 2819 5455 est
2868 5402 3163 5454 secundum
3210 5401 3499 5456 humanam
3533 5411 3701 5461 natuv

529 5623 637 5693 (91)
669 5624 734 5681 Τὸ
766 5622 948 5694 λέγον
981 5622 1325 5690 πρόσωπον,
1359 5625 1464 5674 etc.
1522 5614 1702 5671 Codex
1756 5610 2043 5670 Baroccian

2146 5652 2153 5679 ,
2207 5608 2498 5667 Barbarus.
2560 5605 2750 5664 Exstat
2804 5604 3056 5662 etiamin
3111 5605 3298 5662 codice
3344 5605 3456 5665 Roe
3494 5606 3549 5676 4,
3601 5606 3697 5669 scd

459 5708 705 5752 mancum
745 5705 799 5751 et
829 5694 1099 5750 mutilum.
