4046 6152
442 190 575 246 1155

1818 186 1910 240 EX
1946 183 2251 241 ORIGENE

3550 194 3675 251 1156

437 323 549 360 ram
570 321 731 375 quam
749 305 918 363 nostri
936 318 1096 359 causa
1114 305 1372 374 suscepit.
1390 304 1681 359 Declarant
1698 312 1879 357 autem
1901 303 2006 358 haec

2119 302 2430 375 οἰκονομίαν
2472 305 2538 375 ἣν
2580 304 2722 375 ὑπὲρ
2765 304 2924 375 ἡμῶν
2977 303 3282 370 ἀνεδέξατο.
3325 308 3484 378 Δηλοί
3525 308 3579 363 δὲ
3619 310 3681 365 τὰ

436 399 602 453 verba
635 399 809 468 ipsum
840 397 1108 460 exaudiri,
1132 412 1240 451 non
1282 406 1574 466 postquam
1604 396 1895 462 invocavit,
1921 393 2013 449 sed

438 505 560 543 cum
592 491 893 544 invocaret.
924 486 1143 542 Sanctis
1163 487 1308 542 enim
1335 496 1390 541 et
1421 487 1643 541 omnino
1666 486 2016 541 audientibus

438 587 702 647 praecepta
746 577 952 639 divina,
986 577 1100 630 haec
1128 577 1267 641 apud
1300 575 1498 631 Isaiam
1529 576 1849 647 prophetam
1885 590 2015 646 pro-

340 666 345 673 ’
441 671 625 726 missio
663 669 1014 723 annuuliatur
1040 668 1084 700 ⁸⁷
1112 686 1127 725 :
1161 686 1180 720 ι
1221 669 1412 724 Adhuc
1438 679 1489 725 te
1518 668 1775 739 loquente
1798 669 2011 724 dicam:

440 764 577 819 Ecce
629 764 837 817 adsum.
887 782 907 815 ι
939 762 1129 831 Operae
1173 772 1349 817 autem
1380 763 1615 832 pretium
1648 771 1732 818 est
1765 762 2014 817 conside-

442 873 566 911 rare
614 855 743 923 quid
795 855 867 909 sit
921 856 1197 922 invocare,
1254 871 1377 911 cum
1432 857 1468 910 ii
1526 855 1616 925 qui
1670 854 2012 922 Scripturam

440 966 547 1005 non
614 949 841 1004 scrutati
910 958 1039 1004 sunt
1080 990 1095 1013 ,
1160 949 1496 1007 arbitrentur
1559 946 1849 1017 cujuslibet
1920 946 2011 1014 qui

441 1043 508 1097 ad
544 1042 807 1097 orandum
860 1042 1248 1113 propenderit,
1294 1042 1395 1098 hoc
1451 1056 1573 1097 esse
1625 1056 1802 1108 opus,
1850 1037 2011 1109 557

439 1135 711 1205 Pr0pheta
779 1151 911 1192 vero
1002 1135 1342 1206 apertissime
1413 1135 1649 1190 declaret
1728 1135 1794 1187 ad
1888 1148 2014 1186 san-

443 1237 562 1281 ctos
593 1235 648 1280 et
685 1239 778 1281 eos
808 1228 897 1294 qui
940 1226 1183 1282 salvandi
1209 1233 1358 1292 sunt,
1387 1229 1663 1294 pertinere
1710 1222 2011 1276 invocatio.

441 1318 525 1369 uis
552 1333 749 1373 munus
778 1335 793 1371 :
818 1316 978 1383 Nam,
1020 1318 1193 1387 inquit
1228 1318 1296 1382 ³⁸,
1334 1334 1355 1367 ι
1393 1317 1571 1370 omnis
1603 1316 1693 1385 qui
1727 1316 2013 1368 invocave-

444 1407 512 1461 rit
544 1423 739 1462 nomen
769 1407 981 1462 Domini
1008 1409 1191 1463 salvus
1220 1408 1378 1462 erit.)
1404 1407 1459 1462 Si
1489 1406 1632 1461 enim
1676 1423 1694 1457 |
1724 1404 1901 1460 omnis
1921 1401 2009 1472 qui

440 1499 771 1554 iuvocavcrit
787 1514 981 1556 nomen
1001 1500 1212 1555 Domini
1230 1500 1411 1555 salvus
1425 1500 1548 1562 erit,
1563 1517 1579 1548 ι
1601 1497 1692 1567 qui
1715 1511 1820 1551 non
1837 1494 2012 1549 salva-

444 1601 547 1654 tur,
575 1591 619 1646 is
641 1607 746 1644 non
776 1592 1047 1646 invocavit
1072 1607 1266 1646 nomen
1294 1591 1525 1656 Domini,
1563 1590 1686 1643 licet
1711 1588 1813 1642 hoc
1836 1587 2009 1657 ipsum

2122 394 2259 467 ρητά
2291 394 2353 448 τὸ
2391 397 2771 451 είσακούεσθαι
2816 398 2938 467 οὐχὶ
2988 397 3124 468 μετά
3165 399 3228 452 τὸ
3279 399 3677 470 ἐπικεκλῆσθαι,

2116 487 2233 542 ἀλλ’
2260 491 2319 543 ἐν
2344 488 2422 560 τῷ
2452 489 2851 545 ἐπικαλεῖσθαι.
2885 492 3010 556 Τοῖς
3028 492 3138 563 γὰρ
3162 493 3343 562 ἁγίοις
3383 494 3478 546 καὶ
3511 493 3678 567 πάντη

2116 579 2375 634 ἀκούουσι
2406 579 2515 635 τῶν
2541 580 2701 636 θείων
2729 584 3168 657 προσταγμάτων
3198 584 3505 653 ἐπαγγελία
3532 585 3681 654 κεκή-

2122 689 2315 743 ρυκται
2351 671 2495 726 κατὰ
2532 672 2625 725 τὸν
2668 674 2953 745 προφήτην
2987 673 3214 728 Ἠσαῖαν
3241 675 3340 728 τό·
3375 693 3395 726 ι
3436 677 3552 729 ’Ἔτι
3597 677 3682 731 λα-

2120 764 2338 831 λοῦντός
2388 784 2505 830 σου,
2545 766 2691 838 ἐρῶ·
2738 767 3147 839 Ἰδοὺ.πάρειμι.
3184 787 3202 819 ι
3248 768 3438 834 Ἀξιον
3478 770 3532 823 δέ
3570 772 3683 826 ἰδεῖν

2119 860 2215 913 καὶ
2247 860 2299 913 τί
2348 860 2409 912 τὸ
2458 858 3026 924 ἐπικαλεῖσθαι,·τῶν
3076 860 3149 932 μὴ
3208 859 3555 931 ἐξητακότων
3597 863 3683 935 τὴν

2122 949 2345 1022 Γραφὴν
2376 950 2639 1021 οἰομένων
2690 950 2891 1013 παντὸς
2935 949 3247 1004 οὑτινοσοῦν
3296 952 3554 1022 ῥέποντος
3598 955 3679 1008 ἐπὶ
3752 1005 3757 1009 ,

2116 1041 2177 1095 τὸ
2203 1039 2460 1106 εύξασθαι
2489 1035 2629 1094 εἶναι
2657 1039 2816 1111 ἔργον
2833 1057 2848 1070 ·
2874 1038 2966 1093 τοῦ
2995 1040 3052 1093 δὲ
3074 1041 3364 1112 Προφήτου
3389 1044 3679 1111 σαφέστατα

2119 1132 2494 1204 περιστάντος,
2527 1133 2610 1185 ὅτι
2641 1132 2811 1200 ἁγίων
2839 1133 2957 1186 ἐστὶ
2994 1133 3090 1186 καὶ
3136 1134 3537 1205 σωθησομένων
3557 1139 3680 1192 πάνυ

2119 1242 2227 1287 τως
2258 1225 2320 1277 τὸ
2372 1224 2749 1278 ἐπικαλεῖσθαι
2773 1242 2787 1255 ο
2829 1243 2848 1275 ι
2886 1226 3001 1289 Πᾶς
3040 1244 3058 1276 ι
3088 1225 3219 1296 γὰρ,
3260 1229 3458 1298 φησιν,
3503 1229 3597 1294 «ὃς
3628 1229 3684 1284 ἂν

2118 1313 2511 1385 ἐπικαλέσηται
2542 1314 2601 1366 τὸ
2619 1313 2788 1384 ὄνομα
2815 1314 3042 1385 Κυρίου,
3075 1315 3386 1386 σωθήσεται
3412 1355 3427 1370 .
3457 1336 3475 1367 ι
3504 1320 3563 1370 Εἰ
3589 1319 3685 1389 γὰρ

2124 1425 2142 1457 ι
2187 1408 2296 1469 πᾶς
2323 1406 2381 1470 ὃς
2421 1405 2486 1460 ἂν
2520 1406 2914 1478 ἐπικαλέσηται
2956 1407 3020 1459 τὸ
3056 1407 3226 1478 ὄνομα
3264 1408 3498 1481 Κυρίου,
3530 1408 3685 1482 σώθη-

2120 1515 2290 1565 σεται,
2328 1516 2347 1549 ι
2377 1500 2406 1552 ὁ
2435 1498 2513 1570 μὴ
2555 1497 2860 1569 σωζόμενος
2903 1498 3003 1552 οὐκ
3040 1498 3418 1553 ἐπεκαλέσατο
3447 1501 3508 1553 τὸ
3531 1502 3685 1573 ὄνομα

2120 1589 2361 1662 Κυρίου,
2408 1592 2555 1643 είκαὶ
2602 1589 2861 1654 πολλάκις
2901 1589 3046 1655 ἔδοξε
3090 1591 3250 1644 τοῦτο
3320 1594 3681 1663 πεποιηκέναι.

442 1685 638 1753 smpius
692 1684 887 1740 fecisse
949 1687 1098 1740 visus
1165 1686 1358 1740 fuerit.
1419 1684 1698 1754 Siquidem
1747 1681 2006 1737 invocatio

2119 1682 2194 1734 Οὐ
2220 1682 2329 1753 γάρ
2358 1683 2415 1735 ἐν
2443 1685 2595 1753 φωνῇ
2635 1684 2880 1754 κρίνεται
2934 1683 2993 1736 τὸ
3031 1683 3415 1738 ἐπικαλεῖσθαι
3444 1685 3504 1739 τὸ
3532 1685 3684 1755 ὄνομα

442 1793 547 1832 non
585 1777 638 1831 in
667 1792 820 1843 voce,
847 1780 938 1833 sed
973 1780 1024 1833 in
1060 1788 1209 1833 recto
1236 1778 1505 1848 loquentis
1553 1776 1774 1841 all‘ectu,
1798 1784 1855 1830 et
1887 1775 2009 1830 ﬁdei

440 1867 696 1923 ﬁrmitate
735 1869 915 1938 posita
964 1878 1068 1924 est.
1122 1869 1199 1924 lta
1225 1869 1361 1924 etin
1394 1867 1607 1937 psalmo
1658 1866 2011 1937 nonagesimo

444 1970 636 2016 octavo
666 1977 770 2017 non
808 1963 1036 2017 cuilibet
1066 1963 1354 2018 Dominum
1391 1964 1591 2033 passim
1633 1962 1892 2017 invocare
1922 1961 2014 2015 tri-

438 2054 627 2107 butum
664 2062 765 2119 est,
810 2054 906 2108 sed
951 2052 1214 2117 Samueli,
1253 2054 1344 2123 qui
1377 2054 1513 2109 tanti
1561 2069 1591 2108 a
1632 2052 1748 2109 Deo
1789 2052 2011 2109 habitus

441 2157 547 2213 est,
574 2155 633 2200 ut
654 2161 775 2201 cum
806 2145 990 2216 Moyse
1020 2146 1220 2201 dilecto
1246 2156 1722 2213 annumeraretur,
1749 2148 2011 2217 quemad-

439 2239 655 2291 modum
686 2235 949 2293 Jeremias
982 2238 1058 2292 ait
1080 2239 1125 2271 ⁸⁸
1150 2256 1165 2293 :
1190 2256 1209 2289 ι
1234 2238 1420 2309 Neque
1449 2239 1494 2294 si
1525 2240 1777 2294 steterint
1800 2238 2011 2310 Moyses

438 2342 493 2384 et
523 2331 738 2386 Samuel
786 2347 969 2386 coram
1017 2345 1121 2397 me,
1160 2342 1215 2386 ct
1239 2332 1518 2386 oraverint
1552 2345 1650 2400 pro
1679 2331 1761 2385 bis
1790 2330 2012 2400 quibus-

441 2422 561 2475 dam
613 2421 812 2491 impiis,
846 2421 1130 2478 exaudiam
1162 2438 1281 2489 eos,
1328 2423 1458 2478 dicit
1488 2423 1766 2478 Dominus.
1793 2442 1812 2475 ι
1855 2421 2007 2476 Scri-

438 2528 588 2586 ptum
619 2527 702 2571 est
735 2516 902 2586 igitur
933 2517 1000 2573 de
1038 2518 1137 2571 eo‘
1168 2534 1182 2572 :
1224 2534 1243 2567 ι
1268 2516 1480 2588 Moyses
1530 2525 1585 2571 et
1618 2516 1798 2570 Aaron
1832 2515 1883 2569 in
1920 2530 2000 2570 sa-

438 2607 751 2661 cerdotibus
784 2606 922 2676 ejus,
961 2618 1017 2662 et
1050 2609 1273 2664 Samuel
1306 2610 1450 2664 inter
1499 2622 1594 2663 eos
1626 2609 1719 2677 qui
1755 2609 2011 2662 invocant

438 2715 633 2756 nomen
662 2701 798 2771 ejus.
830 2700 1159 2756 luvocabant
1193 2701 1499 2764 Dominum,
1529 2711 1584 2755 et
1610 2700 1724 2769 ipse
1754 2699 2009 2754 exaudieo

435 2793 530 2847 bat
563 2809 680 2862 eos,
721 2795 776 2848 in
809 2796 1060 2849 columna
1100 2796 1259 2848 nubis
1294 2793 1618 2862 loquebatur
1650 2794 1715 2846 ad
1759 2807 1871 2847 eos.
1896 2792 2007 2846 Cu-

434 2888 745 2941 stodiebant
778 2887 1084 2942 testimonia
1120 2886 1236 2955 ejus
1279 2894 1335 2939 et
1373 2894 1640 2953 praecepta
1697 2899 1816 2952 qua:
1862 2884 2008 2938 dedit

2114 1776 2345 1847 Κυρίου,
2371 1775 2485 1828 ἀλλ’
2519 1777 2578 1829 ἐν
2611 1775 2852 1829 διαθέσει
2879 1775 2972 1829 τού
2998 1774 3252 1845 λέγοντος
3280 1776 3378 1830 καὶ
3416 1776 3592 1829 πίστει
3614 1776 3686 1847 βε-

2114 1867 2262 1939 ϐαίᾳ.
2295 1866 2450 1920 Οὕτω
2477 1866 2608 1936 γοῦν
2651 1868 2709 1922 ἐν
2742 1867 2821 1939 τῷ
2861 1871 2946 1938 ιιη’
2992 1866 3190 1939 ψαλμῷ
3237 1868 3303 1921 οὐ
3349 1871 3461 1933 τοῖς
3505 1867 3682 1937 τυχοῦ-

2115 1976 2198 2013 σιν
2248 1959 2566 2013 ἀποδέδοται
2611 1959 2671 2012 τὸ
2719 1960 3094 2014 ἐπικαλεῖσθαι
3152 1959 3393 2031 Κύριον,
3440 1959 3572 2013 ἀλλὰ
3615 1958 3683 2030 τῷ

2112 2051 2392 2123 Σαμουὴλ,
2448 2052 2508 2115 ὃς
2550 2051 2803 2106 τοσοῦτον
2848 2053 3000 2124 παρά
3049 2051 3169 2123 Θεῷ
3216 2053 3503 2126 τετίμητο,
3553 2052 3681 2106 ὥστε

2111 2144 2334 2197 Μωύσεῖ
2357 2142 2521 2196 αὐτὸν
2542 2142 2991 2216 συναριθμεῖσθαι
3015 2142 3094 2214 τῷ
3119 2143 3283 2215 φίλῳ,
3316 2145 3394 2208 ὼς
3434 2144 3678 2215 Ἱερεμίας

2112 2236 2277 2306 φησίν
2293 2253 2306 2267 ·
2329 2254 2349 2288 ι
2369 2236 2492 2290 Οὐδ’
2523 2236 2590 2290 ἂν
2614 2239 2712 2309 στῇ
2745 2238 2881 2291 Μωῦ
2891 2238 2989 2309 σῆς
3012 2237 3109 2290 καὶ
3130 2237 3390 2309 Σαμουὴλ
3404 2239 3508 2311 πρὸ
3528 2256 3680 2310 προσ-

2110 2323 2259 2379 ώπου
2291 2344 2419 2398 μου,
2448 2328 2578 2399 περὶ
2612 2325 2782 2382 τῶνδέ
2825 2344 2985 2380 τινων
3006 2326 3115 2380 τῶν
3142 2329 3362 2382 ἀσεϐῶν
3391 2330 3677 2401 εὐχόμενοι,

2116 2418 2235 2471 οὐδὲ
2256 2419 2461 2473 τούτων
2484 2419 2892 2491 είσακούσομαι,
2916 2421 3062 2490 λέγει
3082 2421 3306 2494 Κύριος.
3341 2442 3361 2475 ι
3385 2424 3677 2493 Γέγραπται

2112 2512 2292 2567 τοίνυν
2330 2513 2459 2583 περὶ
2521 2512 2715 2566 αὐτοῦ·
2753 2532 2771 2563 ι
2816 2515 3056 2587 Μωῡσῆς
3110 2518 3204 2569 καὶ
3254 2515 3466 2589 Ἀαρὼν
3498 2520 3552 2571 ἐν
3577 2520 3677 2582 τοῖς

2113 2602 2346 2676 ἱερεῦσιν
2378 2604 2565 2668 αὐτοῦ,
2602 2605 2695 2657 καὶ
2720 2604 2971 2678 Σαμουὴλ
3008 2609 3066 2661 ὲν
3094 2611 3206 2671 τοῖς
3240 2610 3675 2681 ἐπικαλουμένοις

2110 2696 2171 2749 τὸ
2192 2695 2363 2766 ὄνομα
2387 2694 2576 2750 αὐτοῦ.
2607 2697 3000 2752 Ἐπεκαλούντο
3027 2699 3118 2753 τὸν
3156 2699 3387 2773 Κύριον,
3409 2703 3501 2755 καὶ
3529 2702 3675 2765 αὐτὸς

2110 2789 2427 2858 είσήκουσεν
2461 2787 2673 2842 αὐτῶν·
2717 2791 2775 2843 ἐν
2822 2790 2999 2861 στύλῳ
3036 2790 3270 2863 νεφέλης
3319 2792 3497 2847 ἐλάλει
3549 2793 3673 2864 πρὸς

2109 2881 2321 2946 αὐτούς.
2360 2881 2691 2950 Ἐφύλασσον
2715 2883 2784 2938 τὰ
2812 2883 3083 2956 μαρτύρια
3108 2885 3275 2938 αὐτοῦ
3308 2887 3403 2940 καὶ
3429 2884 3495 2939 τά
3522 2900 3672 2957 προσ-

436 2979 566 3034 illis.
624 2979 848 3033 Domine
907 2981 1046 3033 Deus
1112 2988 1320 3042 noster,
1382 2988 1434 3032 tu
1482 2976 1816 3032 exaudiebas
1869 2991 2004 3031 eos:

2111 2976 2373 3047 τάγματα
2418 2975 2454 3029 ἃ
2492 2976 2690 3029 ἔδωκεν
2737 2978 2935 3041 αὐτοῖς.
2979 2976 3151 3051 Κύριε
3179 2980 3208 3031 6
3234 2979 3373 3042 Θεὸς
3404 2979 3571 3051 ήμῶν,
3612 2979 3668 3031 σύ

435 3069 598 3135 Deus,
649 3070 917 3140 propitius
960 3070 1111 3124 fuisti
1162 3072 1263 3124 eis.
1297 3088 1316 3120 ι
1358 3068 1493 3134 Quia
1535 3068 1681 3123 enim
1728 3068 2004 3123 custodie-

434 3164 568 3218 bant
617 3162 933 3216 testimonia
982 3162 1098 3229 ejus
1140 3169 1195 3216 et
1248 3171 1517 3230 praecepta
1564 3176 1685 3229 qua:
1731 3160 2005 3225 dcditcis,

433 3255 651 3324 quando
679 3255 933 3316 orabant,
964 3254 1108 3307 inter
1152 3253 1467 3306 invocantes
1495 3255 1910 3320 reputabautur.
1940 3253 2007 3306 Et

434 3348 489 3402 ia
524 3347 824 3402 centesimo
876 3346 1292 3414 quadragesimo
1323 3355 1518 3411 quarto
1544 3345 1751 3415 psalmo
1780 3359 2004 3398 accura-

438 3443 543 3496 tius
573 3440 869 3495 ediscimus
900 3439 1024 3507 quis
1052 3438 1120 3493 sit
1154 3438 1241 3492 ille
1272 3440 1363 3509 qui
1390 3438 1642 3493 invocat:
1671 3457 1690 3490 ι
1722 3437 1896 3508 Prope
1923 3446 2006 3492 est

435 3534 695 3588 Dominus
717 3532 975 3587 omnibus
1010 3531 1392 3587 invocantibus
1414 3545 1536 3585 eum
1563 3532 1619 3585 in
1657 3532 1950 3597 veritate’,
1979 3550 1999 3583 ι

433 3624 574 3694 quod
604 3637 800 3692 nempe
836 3623 945 3677 sint
976 3621 1199 3691 quidam
1230 3623 1318 3691 qui
1355 3638 1464 3677 non
1495 3621 1750 3685 invocant
1781 3623 1833 3676 in
1864 3619 2003 3675 veri-

434 3722 581 3768 tate:
610 3730 629 3762 ι
661 3710 777 3766 Νοιι
812 3713 954 3766 enim
986 3712 1076 3781 qui
1113 3710 1246 3765 dicit
1283 3711 1439 3777 mihi,
1472 3711 1719 3775 Domine,
1754 3710 1999 3777 Domine,

433 3806 661 3861 intrabit
706 3805 759 3858 in
817 3821 1044 3875 regnum
1076 3804 1364 3870 caelorum,
1396 3806 1491 3859 sed
1526 3804 1615 3872 qui
1644 3802 1773 3859 facit
1816 3804 2002 3857 volun-

435 3905 598 3949 tatem
637 3893 816 3948 Patris
852 3896 955 3949 mei
990 3897 1083 3965 qui
1110 3897 1163 3948 in
1196 3894 1350 3949 caelis
1372 3902 1455 3947 est
1480 3894 1519 3946 ³.
1552 3913 1570 3945 ι
1599 3893 1734 3947 Nam
1764 3893 2004 3965 perfecte

437 3987 622 4041 dicere
657 3995 741 4041 est
790 4004 809 4037 ι
845 3987 1091 4051 Domine,
1113 4005 1131 4037 ι
1167 3986 1388 4055 quando
1420 4000 1586 4053 opera
1617 3986 1729 4054 ipsa
1767 3987 2002 4041 clamant

433 4089 488 4131 et
516 4077 723 4141 dicunt,
772 4093 791 4126 ι
819 4075 1068 4139 Domine,
1115 4073 1359 4128 Domine.
1393 4093 1412 4124 ι
1469 4072 1607 4126 Hinc
1661 4087 1790 4141 ergo
1834 4072 2003 4141 liquet

433 4179 555 4217 cum
585 4163 676 4232 qui
708 4163 923 4216 invocat
970 4161 1569 4228 Dominum,justitiam
1610 4162 1810 4216 habere
1843 4161 2000 4231 etju-

432 4255 639 4308 stitiam
667 4269 873 4309 veram.
905 4252 1037 4307 Cum
1069 4261 1247 4307 autem
1275 4252 1529 4307 Christus
1560 4252 1631 4307 sit
1656 4252 1883 4318 justitiu,
1914 4256 2002 4322 ju-

2111 3068 2376 3139 ἐπήκουες
2413 3068 2591 3121 αὐτῶν
2616 3085 2629 3098 ⁸
2672 3069 2700 3119 6
2745 3068 3149 3133 Θεὸς,εὐῖλατος
3183 3069 3377 3138 ἐγένου
3422 3071 3615 3133 αὐτοῖς.
3647 3089 3664 3120 ι

2122 3160 2274 3212 Ἐπεὶ
2298 3160 2406 3231 γὰρ
2428 3159 2728 3229 ἐφύλασσον
2743 3158 2810 3213 τὰ
2833 3160 3109 3233 μαρτύρια
3131 3161 3301 3215 αὐτοῦ
3323 3164 3418 3217 καὶ
3441 3161 3507 3215 τὰ
3525 3177 3671 3233 προσ·

2106 3251 2360 3321 τάγματα
2393 3251 2429 3306 ἃ.
2459 3250 2657 3306 ἔδωκεν
2689 3253 2893 3317 αὐτοῖς,
2929 3253 3019 3307 ὅτε
3072 3252 3331 3324 ηύχοντο,
3379 3256 3459 3317 είς
3491 3256 3668 3306 ἐπικα-

2108 3341 2197 3395 λου
2207 3343 2395 3413 μένους
2416 3344 2739 3412 ἐλογίζοντο.
2771 3346 2879 3397 Καὶ
2902 3346 2959 3396 ἐν
2981 3344 3058 3415 τῷ
3080 3346 3395 3417 έκαστοστῷ
3429 3363 3669 3418 τεσσαρα-

2109 3432 2286 3503 κοστῷ
2311 3434 2555 3505 τετάρτῳ
2582 3434 2779 3506 ψαλμῷ
2809 3435 3192 3507 ἀκριϐέστερον
3219 3436 3578 3510 διδασκόμεθα
3594 3437 3668 3501 τίς

2107 3524 2135 3575 6
2165 3523 2589 3595 ἐπικαλούμενος
2622 3521 2775 3589 οὗτος
2794 3543 2807 3556 ·
2849 3545 2867 3578 ι
2901 3528 3097 3596 Ἐγγὺς
3126 3528 3333 3600 Κύριος
3361 3534 3471 3593 τοῖς
3492 3532 3666 3583 ἐπικα-

2106 3614 2385 3686 λουμένοις
2419 3617 2579 3671 αὐτὸν
2604 3619 2661 3669 ἐν
2703 3617 2951 3690 ἀληθεία,
2997 3638 3015 3670 ι
3052 3619 3127 3684 ὥς
3162 3639 3326 3678 τινων
3359 3624 3457 3677 οὐκ
3492 3625 3666 3676 ἐπικα-

2105 3706 2378 3778 λουμένων
2408 3708 2569 3761 αὐτὸν
2600 3712 2657 3762 ἐν
2687 3708 2946 3781 ἀληθεία·
2994 3727 3012 3761 ι
3050 3713 3124 3765 Οὐ
3154 3712 3267 3780 γὰρ
3308 3717 3337 3769 6
3365 3713 3529 3783 λέγων
3561 3731 3658 3783 μοι,

2105 3797 2297 3871 Κύριε,
2347 3798 2542 3871 Κύριε,
2574 3800 2940 3855 εἰσελεύσεται
2974 3802 3055 3865 εἰς
3102 3804 3201 3875 τὴν
3245 3803 3520 3873 βασιλείαν
3563 3802 3661 3855 τῶν

2103 3890 2379 3963 οὐρανῶν·
2412 3891 2526 3944 ἀλλ’
2554 3894 2583 3944 6
2628 3894 2795 3945 ποιῶν
2830 3895 2890 3947 τὸ
2929 3894 3139 3965 θέλημα
3173 3896 3265 3948 τοῦ
3315 3897 3522 3968 Πατρός
3568 3912 3658 3967 μου

2104 3983 2196 4037 τού
2220 3986 2277 4039 ἐν
2307 3985 2573 4055 οὐρανοῖς.
2606 4004 2624 4035 ι
2652 3986 2883 4050 Τελείως
2915 3988 3024 4058 γάρ
3048 3991 3163 4041 ἐστι
3195 3987 3376 4057 λέγειν
3394 4009 3411 4040 ι
3431 3987 3610 4058 Κύριε,
3638 4003 3654 4036 ι

2107 4076 2194 4128 ὅτε
2246 4077 2340 4129 καὶ
2382 4076 2450 4129 τὰ
2495 4075 2629 4147 ἔργα
2667 4077 2961 4147 φθέγγεται
3009 4079 3102 4132 καὶ
3153 4080 3391 4148 λέγεται,
3426 4099 3444 4131 ι
3482 4077 3655 4148 Κύριε,

2103 4167 2295 4240 Κύριε.
2335 4188 2352 4220 ι
2384 4169 2559 4236 Σαφές
2604 4169 2732 4237 γοῦν
2782 4170 3036 4236 ἐνταῦθα,
3070 4172 3150 4225 ὅτι
3189 4173 3218 4224 ὁ
3253 4171 3657 4241 ἐπικαλούμενος

2103 4256 2303 4327 Κύριον
2332 4256 2678 4329 δικαιοσύνην
2717 4258 2851 4329 ἔχει,
2878 4261 2971 4312 καὶ
3007 4260 3351 4333 δικαιοσύνην
3380 4259 3566 4331 ἀληθῆ.
3596 4257 3653 4312 El

434 4357 553 4400 stus
586 4348 857 4415 particeps
883 4354 966 4399 est
1001 4346 1251 4414 justitiae,
1292 4346 1340 4399 id
1371 4355 1474 4411 est,
1507 4345 1731 4400 Christi.
1758 4344 1837 4401 Ne
1868 4363 1997 4401 vero

2111 4348 2161 4401 δὲ
2192 4348 2425 4420 Χριστὸς
2464 4349 2800 4421 δικαιοσύνη,
2831 4354 2859 4405 ὁ
2903 4351 3107 4416 δίκαιος
3137 4353 3478 4424 δικαιοσύνης
3510 4349 3651 4422 μετέ-

434 4438 611 4493 illud:
653 4440 835 4493 «Deus
883 4437 1104 4507 justitia:
1162 4454 1334 4502 mete,
1363 4457 1382 4490 ι
1439 4438 1745 4507 superbiam
1797 4441 1996 4507 pariat,

431 4544 724 4599 possumus
755 4531 857 4584 hoc
890 4531 1108 4598 insuper
1141 4530 1290 4582 uti‘:
1322 4550 1339 4581 ι
1361 4530 1460 4595 Qui
1487 4528 1666 4585 factus
1712 4539 1795 4585 est
1842 4530 1997 4585 nobis

432 4633 461 4670 a
500 4620 610 4673 Deo
639 4621 901 4689 sapientia
937 4629 989 4673 et
1015 4619 1246 4686 juStitia,
1283 4630 1337 4674 et
1378 4621 1694 4687 redemptio,
1723 4641 1741 4673 ι
1780 4629 1833 4677 et
1875 4636 1995 4689 pcr-

431 4712 557 4766 iude
580 4712 683 4765 erit
711 4726 772 4767 ac
799 4715 841 4769 si
866 4713 1111 4768 diceres:
1138 4714 1278 4767 Deus
1306 4712 1520 4768 Domini
1551 4714 1677 4769 mei.

500 4893 667 4950 Vens.
695 4893 749 4947 Ξ.
784 4895 852 4948 1η
900 4895 1234 4949 tribulatione
1278 4896 1522 4951 dilatasli
1563 4900 1713 4962 mihi,
1748 4901 1995 4953 miserere

429 4989 552 5052 mei,
584 4996 631 5040 el
662 4986 853 5040 exaudi
884 4990 1173 5042 orationem
1202 5006 1391 5053 meam,
1418 5000 1520 5044 etc.
1555 4990 1779 5045 Videtur
1813 4994 1992 5047 divina

431 5076 734 5145 Scriptura,
761 5075 904 5128 nulla
950 5077 1130 5130 habita
1179 5077 1435 5146 propositi
1487 5077 1710 5131 humani
1760 5079 1992 5146 ratione,

427 5166 706 5236 speciatim
733 5166 1133 5222 tribulationem
1166 5183 1365 5222 vocare
1396 5170 1446 5221 id
1477 5169 1619 5237 quod
1653 5179 1846 5223 sancto
1871 5169 1993 5224 viro

428 5259 713 5309 adversum
736 5257 933 5321 evenit,
969 5257 1098 5311 licet
1120 5259 1184 5312 ad
1209 5257 1325 5325 ejus
1356 5259 1676 5313 exercitium
1707 5258 1992 5318 inferatur.

428 5351 579 5417 Quod
628 5355 770 5409 enim
821 5352 1086 5422 ejusmodi
1138 5352 1407 5419 peccatori
1451 5350 1671 5416 accidit,
1722 5351 1995 5421 ﬂagellum

500 5469 541 5499 ’⁷
575 5468 670 5523 lsai
694 5485 846 5529 Lvm.
874 5469 927 5525 9.
1037 5468 1082 5501 ⁸⁸
1103 5466 1239 5522 Joel.
1269 5484 1324 5534 ιι,
1350 5469 1439 5523 59..
1548 5470 1593 5501 ⁸³
1626 5468 1829 5524 Jcrem.
1855 5485 1944 5536 xv,
1969 5470 2021 5523 l.

428 5540 625 5597 m.2|.
702 5539 757 5591 ἰι
778 5542 900 5594 Cor.
927 5557 963 5605 ι,
987 5543 1075 5594 50.

2105 4457 2208 4509 χει,
2240 4441 2483 4493 τουτέστι
2508 4441 2765 4513 Χριστοῦ.
2803 4444 2919 4498 Ἵνα
2945 4444 3002 4498 δὲ
3033 4445 3106 4516 μὴ
3137 4441 3287 4519 ᾕέπὶ
3325 4446 3651 4516 καυχήματος

2101 4533 2187 4595 τὸ,
2213 4550 2230 4582 ι
2268 4532 2324 4584 '0
2350 4532 2480 4595 Θεὸς
2504 4534 2603 4605 τῆς
2633 4535 2977 4607 δικαιοσύνης
3012 4554 3134 4607 μου,
3169 4557 3188 4589 ›
3217 4536 3485 4609 δυνάμεθα
3509 4548 3653 4605 προσ·

2104 4623 2412 4694 Χρήσασθαι
2444 4624 2553 4696 τῷ⁶
2593 4645 2613 4677 ί
2664 4629 2761 4691 Ὃς
2788 4629 3016 4700 ἐγενήθη
3061 4630 3170 4683 ἀπὸ
3195 4630 3329 4683 Θεοῦ
3362 4629 3515 4700 σοφία
3532 4628 3647 4698 ἡμῖν

2103 4716 2196 4768 καὶ
2234 4716 2543 4791 δικαιοσύνη
2564 4759 2578 4782 ,
2634 4720 2726 4773 καὶ
2773 4720 3168 4793 ἀπολύτρωσις,
3201 4742 3220 4775 ›
3256 4723 3348 4775 καὶ
3383 4722 3488 4775 ἴσον
3512 4719 3644 4772 ἔσται

2100 4807 2197 4877 τῷ,
2232 4810 2260 4861 6
2291 4809 2421 4871 Θεὸς
2449 4810 2542 4862 τοῦ
2575 4812 2778 4882 Κυρίου
2814 4831 2933 4881 μου.

2185 4898 2281 4951 Ἐν
2342 4900 2543 4968 θλίψει
2586 4902 2933 4969 ἑπλάτυνάς
2975 4921 3105 4973 μοι’
3147 4905 3515 4975 οὶκτείρησόν
3556 4916 3641 4971 με,

2102 4989 2203 5042 καὶ
2247 4990 2612 5046 εἰσάκουσον
2665 4993 2777 5062 τῆς
2823 4995 3172 5066 προσευχῆς
3207 5016 3346 5067 μου,
3399 5013 3451 5049 κ.
3503 5012 3550 5046 τ.
3597 4991 3639 5044 ὲ.

2104 5081 2318 5135 Ἔοικεν
2353 5084 2385 5153 ἡ
2420 5081 2538 5136 θεία
2581 5084 2769 5155 Γραφὴ
2940 5087 3103 5152 ίδίως,
3133 5090 3232 5159 τὴν
3261 5088 3559 5160 προαίρεσιν
3587 5081 3640 5134 οὐ

2104 5172 2573 5246 περιεργαζομένη
2605 5175 2911 5248 ἀνθρώπου,
2958 5178 3135 5249 θλίψιν
3161 5179 3439 5252 ὀνομάζειν
3468 5178 3523 5231 τὸ
3551 5191 3639 5228 πε-

2106 5264 2432 5331 ριστατικὸν,
2454 5267 2547 5319 καὶ
2573 5267 2873 5337 γυμνασίου
2895 5268 3078 5323 ἕνεκεν
3095 5271 3381 5342 συμϐαῖνον
3400 5269 3471 5340 τῷ
3495 5265 3636 5334 ἁγίῳο

2106 5352 2169 5406 τὸ
2196 5354 2305 5428 γὰρ
2318 5356 2395 5427 τῷ
2417 5358 2724 5430 ἁμαρτωλῷ
2756 5361 3036 5431 γινόμενον
3060 5362 3298 5433 μάστιγα
3315 5362 3505 5418 καλεί.ι
3527 5356 3639 5410 Πολ·

2135 5474 2151 5503 ¹
2174 5471 2316 5529 Psal.
2339 5491 2524 5543 xcvm,
2545 5476 2595 5543 6,
2621 5477 2673 5543 7,
2697 5478 2752 5534 8.
2852 5480 2873 5509 ¹
2890 5478 3033 5534 Psal.
3056 5496 3233 5548 cxuv,
3253 5483 3336 5538 18.
3433 5473 3635 5532 δΜιιιιΙι.

497 5637 608 5707 (9)2)
642 5639 879 5691 Ἔοικεν
916 5639 953 5707 ὴ
996 5638 1122 5691 θεΙα
1154 5637 1384 5708 nae-:2,
1432 5651 1535 5696 ctc.
1587 5639 1812 5697 Schedze
1840 5641 2167 5710 Combelisii,
2198 5643 2370 5723 codcx_
2396 5643 2508 5698 Roe
2537 5643 2593 5712 4,
2621 5644 2802 5698 Daniel
2838 5643 3131 5700 Barbarus.
