4046 6152
514 354 650 414 113⁸1

1498 355 1805 415 SELECTA
1843 359 1914 415 ΙΝ
1950 355 2288 414 PSALMOS.
2327 385 2397 396 —
2428 352 2626 409 PSAL.
2664 351 2754 408 IV.

3639 343 3774 398 {I38

512 474 601 526 λαί
628 493 646 525 ι
669 472 799 544 γὰρ,
820 474 1003 545 φησὶν,
1032 492 1052 526 ι
1077 474 1131 529 αί
1151 474 1357 546 θλίψεις
1373 474 1481 529 τῶν
1494 474 1737 528 δικαίωψ
1766 471 1941 539 mai.“
1958 470 2065 524 Πολ

2198 482 2376 526 vocnt.
2427 469 2561 525 Nam
2605 488 2624 521 ‹
2652 467 2854 533 multae,
2891 465 3133 537 inquit',
3180 464 3561 520 tribulationes
3595 461 3774 532 justu-

512 567 602 621 λαὶ
618 567 675 620 αί
707 567 971 639 μάστιγες
1000 567 1095 622 τοῦ
1124 567 1503 641 ἁμαρτωλοὶ»
1527 570 1637 622 Καὶ
1651 567 2089 639 παραδείγματος

512 660 699 713 ἕνεκεν
728 658 983 731 ἐροῦμεν,
1017 660 1053 714 ὃ.
1088 661 1185 732 μὲν
1227 660 1491 714 πέπονθεν
1526 659 1664 723 Ἰὼϐ,
1695 658 1900 728 θλίψεις
1924 653 2087 720 εἶναι.

513 755 605 807 καὶ
639 753 675 808 ἃ
716 752 917 823 Ἰωσὴφ
942 753 1001 805 ἐν
1019 753 1281 824 Αἰγύπτῳ
1304 770 1317 782 ·
1362 752 1397 806 δι
1436 752 1492 805 δὲ
1525 750 1686 804 Δαυῖδ
1736 751 1825 805 διὰ
1864 749 1963 822 τὴν
1994 748 2087 802 τοῦ

512 845 708 916 Οὐρίου
734 845 829 898 καὶ
858 844 944 898 διὰ
982 844 1043 898 τὸ
1076 845 1443 919 ὴριθμηκέναι
1477 847 1569 900 τὸν
1608 845 1752 911 λαὸν,
1787 844 2084 915 μάστιγας.

512 936 936 1009 Παρατηρητέον
972 937 1241 1009 μέντοιγε,
1293 941 1444 1011 μήτι
1488 938 1723 1012 λανθάνῃ
1745 940 1894 1010 ἡμᾶς
1933 937 1991 990 ἐν
2019 939 2085 1008 τῇ

511 1027 723 1098 Γραφῇ,
756 1027 837 1080 ὅτι
860 1026 1037 1096 θλίψις
1069 1029 1216 1081 ἐστὶν
1246 1028 1339 1081 ἐπὶ
1381 1028 1719 1100 ἁμαρτωλῶν
1756 1025 2083 1097 τεταγμένη,

511 1119 606 1172 καὶ
642 1117 839 1190 μάστιξ
881 1121 973 1173 ἐπὶ
1011 1120 1116 1175 τῶν
1145 1121 1249 1193 1ήδη
1282 1121 1528 1175 δικαίων.
1557 1121 1679 1173 Ὅτι
1736 1119 1793 1173 δὲ
1837 1118 2018 1188 θλίψις
2058 1119 2086 1171 6

508 1214 620 1273 τοῖς
652 1211 828 1281 ἁγίοις
862 1211 1136 1283 διδόμενος
1177 1213 1481 1286 πειρασμὸς
1520 1211 1768 1266 ἀθλοῦσιν
1816 1210 2081 1273 καλεῖται,

509 1303 618 1357 ἀπὸ
648 1303 856 1357 πολλῶν
903 1305 1080 1376 ῥητῶν
1126 1305 1427 1375 κινούμεθα
1471 1306 1564 1358 καὶ
1603 1304 1804 1376 ἐτέρων
1826 1303 1977 1375 παρὰ
2013 1304 2083 1357 τά

508 1395 899 1468 προειρημένα.
937 1398 1011 1450 Ού
1053 1397 1360 1468 θαυμαστὸν
1390 1397 1499 1468 γὰρ
1542 1399 1589 1450 εί
1628 1395 1823 1465 μάστιξ
1854 1395 2081 1451 ἅπτεται

505 1484 1078 1560 υἱῶν-ἡμαρτηκότων,
1108 1486 1184 1551 ὤς
1222 1505 1384 1559 φησιν
1406 1489 1435 1541 6
1458 1486 1727 1558 Σολομὼψ
1754 1506 1771 1537 ι
1813 1488 2083 1556 Μαστιγοί

504 1576 561 1630 δὲ
597 1577 774 1632 πάντα
809 1577 944 1641 υἱὸν,
979 1579 1037 1632 ὃν
1071 1579 1457 1651 παραδέχεται.
1484 1599 1500 1630 ι
1521 1580 1632 1633 Καὶ
1658 1579 1818 1633 πάλιν
1852 1580 2078 1632 ἐπιστα-

503 1672 617 1723 τεῖν
652 1672 757 1742 χρὴ
793 1671 1062 1743 μάστιγας
1092 1671 1277 1726 καλεῖν
1295 1672 1363 1726 τὰ
1392 1675 1504 1737 τοῖς
1532 1672 1848 1741 Αἰγυπτίοις
1876 1670 1964 1725 διὰ
1988 1672 2078 1724 τὸν

517 1762 732 1834 Ἰσραὴλ
759 1764 1142 1836 συμϐεϐηκότα
1160 1782 1172 1795 ·
1218 1764 1340 1818 ἐπεὶ
1364 1764 1495 1818 υἱῶν
1522 1767 1671 1819 ἐστιν
1703 1763 1763 1817 τὸ
1787 1762 2076 1835 μαστιγοῦ-

504 1854 646 1908 σθαι.
678 1854 788 1909 Καὶ
820 1856 928 1930 γὰρ
948 1858 1005 1910 ἐν
1028 1856 1105 1926 τῷ
1132 1854 1473 1928 ὀγδοηκοστῷ
1497 1854 1668 1928 ὀγδόῳ
1695 1854 1894 1925 ψαλμῷ
1923 1854 2075 1927 εἴρη-

499 1963 617 2001 ταιο
651 1965 669 1997 ι
720 1946 844 2002 Ἐὰν
875 1948 1273 2003 καταλείπωσιν
1300 1948 1406 2001 υἱοὶ
1450 1948 1612 2002 αὑτοῦ
1638 1947 1729 2001 τὸν
1756 1948 1919 2018 νόμον
1950 1963 2072 2018 μου,

501 2038 596 2091 καὶ
628 2039 686 2093 ἐν
727 2042 837 2104 τοῖς
868 2041 1097 2113 κρίμασί
1126 2058 1227 2113 μου
1272 2040 1345 2112 μὴ
1375 2040 1730 2112 πορευθῶσιν,
1765 2038 1859 2093 ἐὰν
1890 2037 1960 2092 τὰ
1997 2038 2074 2093 δι-

499 2130 790 2203 καιώματά
830 2151 929 2205 μου
962 2133 1365 2206 βεϐηλὼσωσιν,
1416 2134 1510 2189 καὶ
1558 2133 1655 2198 τὰς
1703 2134 1920 2197 ἐντολάς
1971 2150 2071 2205 μου

502 2225 575 2298 μὴ
616 2225 942 2296 φυλάξωσιν,
981 2227 1347 2298 ἐπισκέψομαι
1393 2228 1451 2279 ἐν
1482 2225 1661 2296 ῥάϐδῳ
1703 2225 1803 2289 τὰς
1841 2225 2072 2296 ἀνομίας

498 2318 700 2373 αὐτῶν.
744 2338 763 2371 ι
801 2318 1016 2372 Τούτων
1073 2319 1129 2372 δὲ
1177 2317 1504 2390 εἰρημένων,
1541 2318 1602 2371 τὸ
1653 2318 1750 2389 μὲν
1796 2317 2071 2371 θλίϐεσθαι

496 2405 597 2459 οὐκ
630 2406 695 2460 ἂν
724 2406 810 2478 είη
861 2407 967 2461 τῶν
1009 2408 1094 2478 ἐφ’
1126 2409 1290 2480 ἡμῖν’
1318 2408 1380 2461 τὸ
1426 2407 1482 2461 δέ
1505 2407 1954 2481 δυσαρεστεῖσθαι
1979 2410 2072 2463 καὶ

495 2498 755 2554 ἐνδιδόναι
805 2498 914 2554 τῶν
949 2502 1035 2570 ἐφ’
1078 2503 1209 2572 ἡμῖν
1247 2501 1497 2573 ψεκτῶνο
1542 2504 1678 2576 ὅπερ
1723 2505 2071 2575 στενοχωρεῖ-

495 2588 620 2644 σθαι
638 2591 992 2663 ὀνομάζουσιν
1016 2595 1071 2647 αί
1103 2594 1338 2665 Γραφαί.
1365 2594 1437 2649 Τδ
1461 2593 1519 2649 δὲ
1549 2595 1686 2668 πρὸς
1717 2594 1795 2667 τῷ
1825 2594 1898 2666 μὴ
1933 2594 2069 2648 ἐνδι-

492 2681 638 2737 δόναι
664 2686 759 2738 καὶ
793 2686 1184 2757 εὐφραίνεσθαι
1225 2688 1282 2740 ἐν
1316 2689 1530 2752 αὐταῖς,
1574 2686 1650 2752 ὡς
1704 2685 1892 2752 οὔσαις
1936 2704 2069 2758 προ-

494 2777 688 2846 φάσεσι
723 2776 984 2848 μειζόνων
1013 2777 1190 2832 ἄθλων
1214 2779 1309 2831 καὶ
1333 2778 1736 2849 ἐπαγγελλιῶν,
1773 2781 1947 2850 ἁγίων
1976 2780 2068 2851 ἔρ-

491 2882 607 2935 γον,
640 2867 784 2921 καθά
812 2885 975 2941 φησιν
1003 2870 1031 2923 6
1075 2868 1423 2935 Ἀπόστολος·
1448 2889 1466 2923 ι
1513 2872 1600 2925 Ἐν
1632 2872 1796 2927 παντὶ
1818 2872 2069 2943 θλιϐόμε-

491 2974 593 3021 νοι,
612 2957 725 3012 ἀλλ’
749 2960 812 3013 ού
840 2959 1345 3033 στενοχωρούμενοι.
1360 2981 1377 3015 ι
1396 2962 1506 3016 Καὶ
1525 2962 1846 3035 αἰτιώμενος
1870 2966 2067 3037 Κοριν-

491 3048 640 3115 θίους
674 3051 837 3123 φησὶν
871 3052 1056 3116 αὐτοῖς
1079 3053 1360 3125 προσιέναι
1389 3055 1770 3127 στενοχωρίαν,
1800 3054 1942 3110 οὕτω
1981 3056 2066 3110 λέ-

2194 579 2346 628 rum;
2381 582 2399 615 ι
2440 561 2531 617 ει⁶
2563 581 2578 616 ;
2608 580 2628 612 ι
2653 559 2817 616 Multa
2843 558 3056 630 ﬂagella
3108 556 3428 628 peccatoris.
3455 575 3475 609 ι
3515 555 3769 625 Exempli

2191 627 2384 719 causa,
2417 669 2537 723 quae
2567 653 2792 724 pertulit
2819 627 2947 717 Job,
2982 662 3038 708 et
3066 627 3187 721 quae
3223 665 3419 720 passus
3446 660 3531 704 est
3560 627 3795 717 Joseph’

2191 744 2244 799 in
2277 742 2535 814 Egypto,
2564 742 2949 797 tribulationes
2972 740 3253 805 dicemus;
3284 753 3406 809 quae
3433 745 3613 792 autem
3643 752 3768 804 prn-

2192 845 2308 904 pter
2342 849 2567 889 uxorem
2602 833 2746 889 Uria:
2791 842 2846 888 et
2888 833 3072 903 populi
3103 846 3328 888 censum
3361 845 3653 901 perpessus
3685 838 3769 881 est

2190 927 2385 993 David,
2435 924 2647 997 ﬂagella
2704 924 3116 996 appellabimus.
3171 921 3336 993 558
3380 922 3645 978 Ctelerum
3699 935 3767 973 ne

2189 1020 2316 1089 quid
2344 1019 2397 1074 in
2430 1018 2730 1088 Scripturis
2772 1031 2871 1071 nos
2900 1016 3087 1080 lateat,
3118 1015 3515 1071 observandum
3548 1024 3630 1072 est
3659 1015 3759 1069 tri-l

2189 1113 2521 1169 bulationem
2553 1112 2717 1166 etiam
2750 1109 3153 1179 peccatoribus,
3183 1117 3235 1163 et
3280 1107 3548 1177 ﬂagellum
3584 1110 3759 1163 homi-

2188 1206 2345 1262 nibus
2390 1205 2502 1276 jam
2550 1203 2715 1275 justis
2753 1202 2938 1257 tribui.
2972 1200 3127 1268 Quod
3174 1214 3307 1255 vero
3351 1202 3598 1265 tentatio,
3635 1216 3757 1270 qua:

2185 1297 2393 1353 sanctis
2446 1297 2581 1352 viris
2627 1295 2967 1351 certantibus
3019 1293 3352 1356 immittitur,
3391 1292 3756 1347 tribulationis

2184 1388 2404 1443 nomine
2430 1401 2679 1453 vocetur,
2716 1402 2781 1441 ex
2813 1384 2997 1440 multis
3023 1391 3226 1454 praeter
3257 1396 3320 1437 ea
3349 1396 3467 1451 qua:
3496 1382 3753 1449 diximus,

2182 1478 2380 1547 verbis,
2410 1486 2469 1532 ut
2505 1476 2795 1532 credamus
2840 1476 3181 1532 adducimur.
3217 1472 3335 1528 Non
3382 1474 3526 1529 enim
3558 1474 3753 1528 mirum

2182 1579 2286 1636 est,
2318 1570 2362 1627 si
2404 1569 2680 1641 ﬂagellum
2726 1569 3104 1638 delinquentes
3136 1569 3275 1625 ﬁlios
3304 1566 3548 1635 corripit,
3578 1575 3639 1620 ut
3679 1568 3756 1620 ait

2182 1662 2441 1718 Salomon
2463 1662 2524 1717 τι
2556 1679 2575 1712 ι
2605 1660 2866 1731 Flagellat
2904 1668 3086 1714 autem
3121 1675 3339 1714 omnem
3381 1659 3552 1712 lilium
3591 1671 3751 1727 quem

2182 1753 2392 1824 recipit.
2423 1772 2442 1806 ι
2474 1753 2543 1809 Ει
2590 1767 2780 1808 rursus
2827 1752 3372 1807 animadvertendum
3413 1760 3499 1807 est
3543 1749 3752 1820 ﬂagella

2177 1848 2281 1904 dici
2309 1862 2431 1918 quae
2457 1845 2731 1918 Egyptiis
2761 1844 3165 1918 prepterlsrael
3188 1847 3556 1917 contigerunt.
3587 1844 3753 1899 Filio-

2179 1956 2296 1994 rum
2329 1940 2472 1994 euim
2499 1938 2780 2009 proprium
2808 1949 2891 1994 est
2924 1937 3137 2006 ﬂagello
3169 1937 3446 2006 vapulare.
3479 1936 3660 2003 Quare
3692 1937 3748 1990 in

2176 2034 2384 2101 psalmo
2412 2031 2745 2102 octogesimo
2769 2040 2964 2086 octavo
2994 2032 3195 2086 dicitur
3216 2031 3276 2083 ἰ
3310 2048 3328 2081 ι
3356 2029 3411 2083 Si
3439 2030 3749 2099 derelique-

2176 2127 2285 2180 rint
2322 2125 2415 2179 lilii
2454 2125 2574 2195 ejus
2604 2125 2779 2194 legem
2820 2139 3020 2192 meam,
3056 2135 3114 2180 et
3149 2126 3201 2179 in
3227 2123 3450 2196 judiciis
3477 2123 3616 2178 meis
3639 2139 3745 2178 non

2175 2215 2607 2283 ambulaverint,
2648 2216 2692 2270 si
2733 2214 2971 2286 justitias
3018 2230 3165 2271 meas
3209 2215 3646 2285 profanaverint,
3695 2224 3750 2269 et

2176 2307 2426 2362 mandata
2470 2321 2588 2361 mea
2622 2320 2731 2361 non
2772 2306 3153 2371 custodierint,
3196 2307 3431 2361 visitabo
3476 2307 3531 2359 in
3593 2305 3746 2375 virga

2173 2401 2487 2470 iniquitates
2523 2413 2733 2455 eorum.
2758 2416 2780 2451 ι
2816 2397 2940 2453 lltec
2978 2413 3100 2453 cum
3147 2398 3288 2452 dicta
3336 2397 3465 2463 sint,
3501 2397 3747 2453 tribulari

2173 2506 2278 2546 non
2313 2499 2396 2546 est
2443 2491 2496 2544 in
2544 2491 2735 2557 nobis;
2776 2492 3010 2545 moleste
3064 2500 3249 2544 autem
3282 2489 3428 2544 ferre
3467 2498 3521 2544 et
3550 2492 3745 2544 cedere

2172 2585 2327 2639 nobis
2352 2595 2434 2640 est
2461 2584 2688 2638 liberum
2722 2583 2993 2653 simulque
3012 2581 3400 2652 vituperabile;
3423 2582 3565 2653 quod
3592 2581 3742 2637 Scri-

2171 2687 2345 2748 pturae
2395 2688 2593 2733 vocant
2637 2678 2963 2748 angustiari.
3006 2675 3122 2732 Non
3177 2676 3350 2731 solum
3405 2685 3583 2731 autem
3635 2690 3741 2730 non

2169 2774 2385 2834 cedere,
2417 2774 2509 2827 sed
2541 2772 2592 2826 in
2626 2772 2759 2841 ipsis
2791 2771 2989 2841 laetari,
3014 2753 3202 2841 utpote
3224 2784 3344 2838 qua:
3371 2768 3579 2839 majora
3604 2785 3744 2839 pra:—

2171 2866 2276 2918 mia
2309 2865 2674 2935 consequendi
2700 2865 3048 2920 occasionem
3092 2861 3394 2934 praebeant,
3430 2870 3737 2917 sanctorum

2169 2959 2410 3012 virorum
2451 2972 2587 3027 Opus
2634 2966 2738 3023 est,
2768 2956 3226 3026 quemadmodum
3259 2955 3335 3008 ait
3362 2949 3736 3025 Apostolus”:

2172 3068 2191 3101 ι
2217 3049 2271 3103 ln
2299 3050 2555 3105 omnibus
2594 3049 3004 3104 tribulationem
3051 3047 3342 3117 patientes,
3375 3047 3470 3101 sed
3499 3061 3608 3101 non
3638 3061 3739 3099 an-

488 3162 634 3214 γωνο
675 3164 693 3196 ι
732 3146 807 3199 Οὐ
844 3145 1263 3217 στενοχωρεῖσθε
1292 3148 1349 3201 ἐν
1372 3149 1524 3219 ἡμῖν,
1558 3148 1977 3221 στενοχωρεῖσθε
2005 3148 2063 3203 δὲ

2170 3139 2410 3209 gustiati.
2440 3157 2460 3191 ι
2499 3138 2566 3194 Ει
2585 3152 2815 3209 carpens
2836 3138 3150 3194 Corinthios
3191 3139 3267 3192 ait
3297 3139 3579 3209 angustias
3609 3139 3741 3209 ipsis

489 3239 548 3291 ἐν
589 3240 701 3303 τοῖς
730 3238 1059 3310 σπλάγχνοις
1090 3239 1263 3310 ὑμῶν.
1290 3258 1309 3291 ι
1344 3236 1474 3293 Εἶτα
1502 3239 1834 3312 παρακαλῶν
1867 3243 2061 3306 αὐτοὺς

2170 3232 2374 3296 inesse,
2411 3231 2598 3287 dicens
2621 3230 2664 3263 ¹⁶
2692 3247 2707 3282 :
2742 3249 2762 3282 ε
2788 3229 2906 3286 Non
2939 3229 3326 3299 angustiamini
3350 3230 3403 3283 in
3439 3228 3617 3295 nobis,
3640 3245 3739 3284 an-

486 3328 576 3383 διὰ
602 3330 702 3402 τὴν
733 3329 827 3384 τοῦ
859 3330 1013 3398 ἁγίου
1046 3328 1399 3394 κατάστασιν,
1423 3331 1586 3403 φησίν
1610 3347 1623 3360 ο
1660 3348 1678 3382 ι
1715 3330 2060 3404 Πλατύνθητε

488 3421 583 3477 καὶ
633 3424 809 3493 ὑμεῖς.
850 3442 870 3476 ι
907 3424 1018 3476 Καὶ
1050 3414 1151 3477 ὧδε
1195 3421 1373 3477 τοίνυν
1419 3423 1734 3496 εὐχαριστεῖ
1768 3423 1845 3496 τῷ
1883 3424 2001 3496 Θεῷ
2031 3425 2060 3478 6

486 3512 780 3584 Προφήτης
804 3513 1128 3586 βοηθήσαντι
1154 3515 1300 3587 αὐτῷ
1334 3516 1429 3569 καὶ
1462 3516 1796 3589 εὐρυχωρίαν
1820 3517 2062 3590 δωρησα-

489 3606 635 3677 μένῳ
661 3609 726 3679 τῇ
755 3608 1072 3680 προαιρέσει
1099 3606 1259 3663 αὐτοῦ
1286 3609 1343 3661 ἐν
1372 3608 1549 3681 καιρῷ
1576 3608 1823 3680 θλίψεως.
1852 3610 2060 3665 Πλατύ-

485 3714 565 3752 νει
594 3698 703 3768 γὰρ
740 3701 769 3753 6
819 3699 953 3765 Θεὸς
983 3701 1044 3754 ού
1076 3701 1265 3758 παύων
1295 3700 1421 3766 τοὺς
1455 3703 1675 3766 κακοὺς,
1725 3702 1860 3756 ἀλλὰ
1892 3719 2059 3775 μεγα-

484 3789 742 3862 λοψυχίαν
765 3790 960 3855 διδούς.

561 3973 679 4030 Υἱοὶ
713 3975 1058 4047 ἀνθρώπων,
1095 3976 1207 4044 ἕως
1235 3977 1379 4032 πότε
1401 3977 1828 4047 βαρυκάρδιοι;
1856 3980 1977 4035 ἰνα
2000 3983 2058 4035 τι

484 4064 749 4136 ἀγαπᾶτε
768 4070 1150 4138 ματαιότητα,
1195 4069 1296 4124 καὶ
1316 4068 1534 4140 ζητεῖτε
1556 4070 1802 4140 ψεῦδος,
1835 4090 1889 4128 κ.
1924 4090 1974 4128 τ.
2005 4076 2051 4127 ἐ.

482 4157 578 4224 Τό,
602 4157 768 4213 «Υἱοὶ
793 4159 1094 4233 ἀνθρώπων
1122 4160 1286 4233 (93),›
1323 4163 1352 4215 6
1381 4163 1482 4233 μέν
1514 4180 1596 4227 τις
1622 4166 1866 4236 οἰήσεται
1893 4183 2052 4237 περι-

483 4249 795 4321 φραστικῶς
842 4252 1113 4326 εἰρῆσθαι,
1173 4253 1248 4317 ὡς
1302 4255 1397 4308 καὶ
1429 4253 1685 4327 Ἕλλησιν
1720 4254 1872 4319 ἔθος·
1925 4251 2052 4322 Υῗες

493 4341 754 4412 Ἀχαιῶν·
785 4343 962 4416 ἕτεροι
991 4344 1048 4398 δὲ
1074 4344 1182 4399 ἀπὸ
1212 4344 1306 4398 τοῦ
1329 4347 1580 4419 Σωτῆρος
1606 4345 1901 4418 ἀρξάμενοι
1933 4347 2055 4402 πολ-

479 4433 642 4505 λαχοῦ
697 4436 1128 4509 χρηματίζοντος
1175 4436 1306 4491 Υἱοῦ
1363 4438 1673 4511 ἀνθρώπου,
1731 4439 1828 4512 τὴν
1874 4441 2051 4500 αἰτίαν

2167 3323 2490 3394 gustiamini
2532 3334 2718 3379 autem
2752 3324 2806 3377 in
2854 3321 3152 3378 visceribus
3190 3322 3407 3377 vestris.
3432 3341 3452 3374 ι
3492 3319 3614 3375 Mox
3646 3336 3740 3376 eos

2165 3431 2263 3484 per
2286 3415 2594 3471 sanctitatis
2638 3424 2836 3470 statum
2861 3416 3182 3479 exhortans,
3214 3415 3346 3469 dicit
3370 3413 3412 3445 “
3442 3432 3456 3469 :
3482 3432 3501 3465 ι
3530 3412 3736 3467 Dilata-

2166 3509 2297 3564 mini
2327 3518 2381 3563 et
2412 3524 2529 3564 vos.
2556 3527 2575 3560 ι
2614 3508 2704 3563 Sic
2737 3509 2900 3580 igitur
2924 3507 3194 3577 Propheta
3241 3507 3448 3578 gratias
3472 3507 3584 3577 agit
3619 3505 3733 3562 [leo

2165 3602 2255 3671 qui
2293 3603 2551 3657 auxilium
2585 3603 2634 3658 ei
2667 3602 2853 3657 attulit
2886 3609 2941 3655 et
2967 3601 3340 3655 dilatationem
3361 3600 3509 3657 dedit
3546 3599 3740 3655 volun-

2168 3694 2264 3749 tati
2319 3693 2435 3764 ejus
2484 3695 2537 3749 in
2596 3704 2837 3764 tempore
2898 3693 3283 3748 tribulationis.
3329 3691 3529 3746 Dilatat
3589 3691 3734 3747 enim

2164 3784 2328 3852 Dens,
2360 3802 2466 3841 non
2503 3786 2673 3841 malos
2702 3785 3027 3851 cohibendo,
3054 3786 3152 3840 sed
3199 3784 3363 3839 animi
3407 3784 3735 3855 magnitudi—

2164 3892 2286 3932 nem
2310 3878 2686 3948 impertiendo.

2231 3966 2395 4024 Vens.
2426 3968 2478 4023 ὅ.
2514 3967 2647 4023 Filii
2674 3968 2963 4033 hominum,
2994 3983 3259 4038 usquequo
3278 3970 3423 4038 gravi
3451 3970 3643 4024 corde?
3665 3967 3733 4024 Ut

2161 4064 2285 4136 quid
2317 4064 2535 4135 diligitis
2565 4063 2853 4118 vanitatem
2882 4072 2929 4116 et
2958 4062 3196 4133 quwritis
3219 4064 3591 4118 mendacium!
3618 4073 3729 4119 etc.

2161 4156 2330 4222 Istud,
2364 4176 2383 4208 ι
2410 4156 2506 4210 ﬁlii
2536 4154 2837 4222 hominum,
2865 4174 2885 4208 ι
2917 4154 3163 4209 nonnulli
3188 4154 3601 4209 arbitrabuntur
3631 4170 3732 4225 per

2160 4248 2701 4305 circumlocutionem
2723 4248 2924 4303 dictum
2942 4261 3084 4310 esse,
3109 4249 3567 4317 quemadmodum
3589 4248 3731 4316 apud

2159 4343 2401 4409 Graecos,
2432 4342 2532 4397 lilii
2569 4341 2928 4398 Achivorum.
2973 4339 3078 4395 Alii
3107 4355 3240 4397 vero
3267 4356 3297 4395 a
3335 4339 3620 4396 Salvatore
3655 4340 3736 4394 in-

2160 4434 2441 4503 cipientes,
2477 4434 2568 4503 qui
2600 4434 2919 4503 plerumque
2950 4430 3121 4486 Filius
3150 4433 3385 4488 hominis
3406 4432 3728 4502 appellatur,

479 4524 852 4597 βουλεύσονται
876 4527 1181 4598 ἐξιχνεῦσαι
1204 4528 1298 4583 καὶ
1328 4531 1455 4601 περὶ
1479 4529 1587 4586 τῶν
1618 4529 1922 4601 ἀνθρώπων
1952 4533 2052 4605 οὐχ

2170 4542 2378 4580 :ausam
2403 4540 2646 4595 quaerere
2668 4526 2971 4580 volentcur
3005 4524 3231 4594 quidam
3268 4539 3372 4579 non
3409 4524 3730 4593 simpliciter

479 4620 665 4684 ἁπλῶς
694 4620 1022 4690 λεγομένων,
1065 4621 1325 4686 πολλάκις
1353 4622 1482 4677 υἱῶν
1508 4622 1812 4696 ἀνθρώπων
1833 4643 2050 4697 χρημα-

474 4710 749 4776 τιζόντων.
779 4711 1018 4765 Οὑδέπου
1042 4712 1150 4784 γὰρ
1184 4714 1279 4767 καὶ
1317 4716 1444 4787 περὶ
1494 4715 1586 4769 τοῦ
1622 4717 1875 4789 Σωτῆρος
1899 4718 2052 4792 περί-

476 4819 678 4873 φρασις
702 4800 768 4856 ἂν
802 4802 889 4874 εἴη
908 4801 970 4857 τὸ
997 4804 1126 4857 Υἱὸν
1156 4805 1443 4877 ἀνθρώπου
1475 4808 1636 4861 αὐτὸν
1665 4810 2046 4880 ὀνομάζεσθαι,

471 4894 596 4947 ἐπεὶ
617 4892 866 4963 λέγεται*
897 4914 915 4947 ι
948 4895 1225 4962 Ἐξουσίαν
1238 4897 1436 4951 ἔδωκεν
1462 4898 1609 4970 αὐτῷ
1642 4900 1823 4972 κρίσιν
1853 4906 2046 4965 ποιεῖν,

470 4985 553 5041 ὅτι
582 4986 710 5049 Υίὸς
739 4985 1027 5058 ἀνθρώπου
1052 4988 1221 5041 ἐστί.»
1253 4990 1372 5061 Χρὴ
1399 4992 1577 5046 τοίνυν
1622 4991 1849 5045 καθόλου
1884 4994 2042 5048 τοῦτο

471 5078 780 5147 γινώσκειν,
807 5078 943 5150 ὃτιὴ
982 5079 1268 5152 ἄνθρωπος
1302 5084 1661 5155 προσηγορία,
1701 5085 1789 5137 ὅτε
1822 5087 1871 5138 oi.
1896 5085 2043 5154 ἆγιοι

471 5171 583 5225 θεοὶ
616 5173 1132 5245 προσαγορεύονται,
1169 5175 1260 5228 ἐπί
1281 5174 1447 5245 ψόγου
1474 5177 1841 5248 λαμϐάνεται·
1873 5180 1958 5232 ὅτε
1987 5178 2043 5231 δὲ

471 5264 640 5335 κτήνη
681 5264 775 5319 καὶ
812 5265 974 5337 θηρία
1032 5269 1081 5320 oi
1124 5268 1458 5341 ἁμαρτωλοὶ,
1484 5271 1578 5324 ἐπὶ
1618 5272 1840 5326 ἐπαίνου
1876 5270 2040 5326 καλοῦ

346 5402 361 5415 χ
470 5356 748 5412 τάσσεται.
779 5361 890 5414 Καὶ
922 5361 1016 5414 τοῦ
1048 5362 1147 5426 μὲν
1174 5362 1439 5435 προτέρου
1471 5364 1837 5435 παράδειγμα·
1859 5382 1877 5415 ι
1903 5364 2042 5432 Ἐγὼ

472 5442 786 5505 εἴπαονΘεοί
836 5454 981 5519 ἐστε,
1015 5455 1110 5508 καὶ
1153 5455 1259 5507 υἱοὶ
1295 5455 1549 5526 Ὑψίστου
1599 5457 1830 5521 πάντεςο
1887 5458 2042 5528 ὑμεῖς
2083 5495 2087 5499 ι

472 5538 527 5590 δὲ
585 5541 660 5606 ὡς
714 5542 990 5614 ἄνθρωποι
1046 5546 1447 5619 ἁποθνήσκετε,
1517 5550 1611 5602 καὶ
1675 5549 1751 5613 ὡς
1806 5542 1887 5613 εἷς
1933 5549 2042 5603 τῶν

476 5699 516 5729 Μ
542 5632 728 5729 ςΙιξξδι.
760 5653 952 5729 χχχιιι).
989 5639 1083 5729 211ἒ
1117 5642 1363 5729 ..θηῐέοι
1398 5659 1549 5729 xin,
1581 5642 1666 5697 10.

540 5701 579 5756 ll
607 5707 731 5760 (lor.
764 5723 841 5772 vt,
879 5710 964 5764 12.

1780 5644 1800 5674 τ’
1829 5644 1986 5699 Prov.
2027 5660 2148 5704 xm,
2181 5644 2234 5697 2.

1045 5713 1086 5742 ¹¹
1116 5713 1155 5767 11
1185 5713 1310 5767 Cor.
1344 5728 1413 5778 ιι,
1449 5714 1529 5768 15.
1614 5716 1654 5745 ¹²
1685 5714 1843 5770 Joan.
1874 5731 1924 5770 v.
1956 5714 2044 5769 27.
2122 5714 2166 5746 ¹³
2200 5714 2345 5769 Psal.
2374 5729 2560 5776 um,
2599 5715 2653 5778 6,
2682 5715 2733 5767 7.

2158 4620 2429 4687 homines,
2481 4621 2675 4689 saepius
2709 4618 2801 4671 lilii
2835 4618 3114 4674 hominum
3167 4616 3533 4686 appellentur.
3571 4616 3729 4682 Quod

2155 4715 2300 4768 enim
2354 4712 2609 4768 Salvator
2649 4722 2879 4768 vocetur
2921 4708 3095 4767 Filius
3127 4712 3385 4776 hominis,
3413 4712 3726 4780 neutiquam

2155 4804 2495 4874 periphrasis
2541 4819 2662 4862 esse
2706 4805 2898 4875 possit,
2953 4804 3221 4874 siquidem
3252 4804 3450 4859 dicitur
3471 4805 3553 4856 "z
3590 4820 3608 4853 ‹
3634 4803 3730 4856 De-

2152 4896 2234 4950 dit
2253 4896 2300 4950 ei
2325 4905 2653 4964 potestatem
2678 4896 2944 4965 judicium
2971 4898 3177 4962 facere,
3204 4898 3327 4968 quia
3353 4896 3526 4952 Filius
3555 4896 3729 4950 homi-

2151 4987 2236 5041 nis
2268 4995 2368 5042 est.
2400 5007 2419 5039 ι
2452 4987 2564 5044 Hoc
2587 4990 2751 5060 igitur
2779 4992 3077 5061 generatim
3104 4991 3385 5047 sciendum
3435 4999 3520 5047 est
3558 4988 3730 5044 homi-

2153 5077 2237 5133 nis
2295 5080 2714 5150 appellationem
2748 5085 3021 5151 additam,
3055 5101 3177 5139 cum
3219 5086 3322 5140 viri
3353 5087 3523 5141 sancti
3557 5084 3731 5140 nomi-

2155 5179 2360 5224 nantur
2387 5171 2485 5237 dii,
2536 5172 2590 5226 in
2633 5174 2961 5246 vituperium
2997 5176 3139 5231 sumi
3168 5193 3183 5229 :
3210 5194 3336 5233 cum
3374 5194 3504 5234 vero
3541 5192 3728 5247 pecca-

2154 5275 2298 5320 tores
2324 5263 2456 5321 ferae
2480 5274 2534 5319 et
2564 5282 2762 5336 pecora
2797 5271 3076 5339 dicuntur,
3106 5273 3160 5327 in
3201 5272 3415 5327 laudem
3447 5270 3720 5335 deputari.

2150 5360 2357 5417 Prioris
2398 5362 2772 5433 intelligentia:
2812 5365 3128 5434 exemplum
3175 5364 3316 5419 est”
3341 5381 3354 5419 :
3384 5363 3533 5431 «Ego
3583 5363 3720 5427 diXi.

2152 5455 2231 5508 Dii
2284 5456 2444 5521 estis,
2484 5465 2539 5509 et
2570 5452 2660 5511 lilii
2698 5457 2909 5513 Exeelsi
2963 5473 3179 5523 omnes,
3211 5472 3310 5512 vos
3359 5464 3539 5510 autem
3577 5455 3722 5507 sicut

2151 5549 2404 5603 homines
2444 5549 2749 5603 moriemini
2801 5560 2857 5603 et
2915 5551 3059 5603 sicut
3109 5564 3250 5605 unus
3278 5551 3346 5604 de
3380 5545 3717 5617 principibus

2331 5644 2352 5675 ⁸
2378 5642 2521 5696 Psal.
2556 5657 2819 5707 uvxvut,
2849 5644 2940 5709 51,
2968 5644 3057 5709 52,
3081 5644 3170 5698 55.
3279 5646 3298 5677 ³
3330 5644 3368 5699 ll
3392 5645 3518 5700 Cor.
3548 5654 3625 5703 ιγ,
3660 5638 3713 5691 8-

554 5819 666 5888 (95)
701 5821 793 5884 Τὸ,
824 5821 941 5876 Υἱοὶ
976 5822 1319 5891 ἀνθρώπων,
1367 5834 1470 5882 etc.
1520 5826 1651 5883 Cod.
1685 5828 1822 5886 Roe.
1863 5830 2066 5889 Barocc

2170 5845 2249 5897 us,
2275 5828 2491 5886 schcda:
2517 5825 2855 5893 Combelisii,
2883 5827 3176 5885 Barbarus.
