4046 6152
467 308 604 370 H33

1838 312 1931 367 EX
1972 308 2276 367 ORIGENE

3588 298 3713 354 1140

464 429 692 484 cadetis.
719 446 739 480 ι
770 428 834 482 Ει
884 426 1071 482 illud“
1098 445 1112 483 :
1147 444 1167 478 ι
1193 426 1325 482 Cum
1356 428 1502 484 enim
1531 429 1601 484 sit
1632 428 1772 484 inter
1804 444 1900 484 vos
1944 443 2029 482 ze-

2132 425 2408 498 άρχόντων
2435 424 2663 478 πίπτετε
2684 438 2698 453 ·
2732 442 2751 475 ι
2794 421 2912 485 καί,
2934 437 2951 467 ί
2981 420 3152 472 Ὅπου
3178 417 3295 488 γὰρ
3329 416 3389 467 ὲν
3420 415 3549 484 ὑμῖν
3571 413 3713 485 ζῆλος

468 516 576 586 lus,
608 531 661 575 et
698 519 997 585 contentio,
1041 534 1221 572 nonne
1266 521 1517 575 carnales
1569 522 1723 587 estis,
1752 528 1806 574 et
1838 534 2033 575 secun-

463 608 592 667 dum
622 613 898 667 hominem
929 611 1251 666 ambulatis?
1276 632 1294 663 ι
1326 612 1649 667 Posterioris
1680 628 1840 667 vero:
1871 611 2035 683 559

469 721 487 751 ι
517 702 775 757 Homines
802 713 852 756 et
884 717 1073 771 pecora
1098 702 1352 762 salvabis,
1379 704 1607 759 Domine
1634 704 1693 756 ¹⁸.
1712 723 1728 756 ι
1760 705 2028 760 Cancrum

463 791 628 845 ﬁlium
681 791 938 856 hominis,
987 792 1267 847 deﬁnitam
1328 795 1378 848 in
1436 796 1713 864 Scriptura
1746 812 2031 865 personam

464 899 584 951 qtue
604 896 827 937 vocatur
862 883 1005 938 Deus
1036 882 1325 955 (quatenus
1351 888 1509 942 modo
1536 889 1799 943 memoria
1828 889 2027 960 teneo),

465 968 741 1028 Danielem
771 975 1003 1043 primum
1027 984 1080 1028 et
1110 984 1295 1043 postea
1322 975 1661 1032 Ezechielem
1688 979 2028 1048 prophetam,

463 1081 585 1119 cum
634 1078 819 1121 essent
854 1067 908 1120 in
951 1069 1292 1137 captivitate.
1324 1081 1664 1139 nuncupatos
1696 1072 2025 1138 invenimus,

460 1158 730 1212 neminem
767 1175 894 1212 vero
936 1169 1061 1213 ante
1090 1160 1458 1227 captivitatem
1498 1161 1787 1231 (quatenus
1819 1180 2028 1219 memo-

460 1248 557 1302 ria
592 1248 948 1317 prodiderunt
976 1249 1095 1304 libri
1130 1250 1221 1317 qui
1245 1250 1364 1304 sine
1395 1254 1772 1305 controversia
1800 1264 1858 1306 ut
1889 1254 2029 1308 divi-

460 1342 609 1393 nitus
662 1340 910 1408 inspirati
975 1340 1453 1412 circumferuntur)
1532 1345 1633 1398 hac
1674 1345 2032 1413 appellatione

461 1439 852 1497 nuncupatum.
893 1430 956 1483 Et
989 1430 1114 1497 quid
1140 1445 1273 1498 opus
1300 1439 1382 1483 est
1413 1432 1597 1487 dicere
1626 1434 1692 1488 de
1718 1435 2028 1501 Salvatore,

460 1536 583 1576 cum
615 1522 902 1592 Evangelia
944 1521 1207 1590 ejusmodi
1233 1538 1368 1580 voce
1400 1523 1559 1594 plena
1586 1525 1733 1581 sint?
1759 1526 2028 1593 Quoniam

459 1614 549 1679 qui
591 1616 749 1667 erant
782 1614 833 1666 in
877 1615 1211 1685 captivitate,
1252 1627 1567 1686 peccatores
1613 1627 1788 1686 erant,
1838 1618 2029 1675 existi-

462 1718 672 1759 mamus
707 1699 983 1760 Danieiem
1010 1709 1207 1775 solum,
1237 1709 1381 1778 quod
1426 1719 1669 1765 servaret
1707 1709 2026 1778 dignitatem

460 1789 695 1850 hominis
713 1796 801 1865 qui
829 1798 896 1851 ad
931 1798 1217 1867 imaginem
1252 1809 1305 1854 et
1336 1800 1744 1856 similitudinem
1777 1803 1867 1859 Dei
1902 1820 2029 1859 con-
2061 1773 2104 1828 Β

460 1890 606 1943 ditus
660 1898 777 1955 est,
833 1888 900 1942 ad
954 1905 1144 1944 eorum
1214 1894 1562 1961 opprobrium
1615 1896 1801 1949 audire
1847 1898 2026 1951 istud:

465 1996 484 2029 ι
508 1978 608 2033 Fili
637 1979 893 2035 hominis.
923 1999 941 2031 ι
977 1979 1094 2035 Hoc
1125 1982 1297 2049 ipsum
1329 1983 1394 2036 de
1429 1982 1710 2039 Ezechiele
1743 1986 2028 2040 dicendum

459 2081 562 2125 est.
597 2069 768 2126 Homo
799 2072 940 2126 enim
966 2072 1059 2142 qui
1094 2074 1160 2127 ad
1210 2072 1501 2143 imaginem
1529 2087 1583 2131 et
1623 2077 2030 2133 similitudinem

460 2156 554 2217 Dei
585 2162 761 2218 factus
795 2173 898 2226 est,
938 2168 1143 2235 primus
1197 2165 1298 2220 hac
1332 2167 1698 2235 appellatione
1725 2172 2030 2228 nominatus

461 2259 567 2313 cst,
597 2258 653 2304 et
675 2249 765 2304 hic
800 2254 1015 2320 proprie
1058 2253 1221 2307 homo
1255 2268 1377 2310 esse
1402 2257 1620 2324 pulerit.
1656 2256 1714 2312 In
1753 2258 2033 2318 Salvatore

458 2353 678 2409 quoque
743 2338 1193 2397 considerandum
1244 2353 1359 2409 est,
1415 2360 1484 2399 an
1552 2347 1862 2405 humanitas
1917 2352 2032 2421 ejus

460 2428 633 2489 Filius
660 2432 897 2489 hominis
922 2436 1153 2501 dicatur,
1189 2447 1239 2490 et
1271 2447 1478 2505 patrem
1512 2437 1782 2495 hominem
1837 2443 2033 2499 habeat

461 2522 1053 2598 humanitasimaginis
1085 2530 1177 2583 Dei
1206 2527 1515 2586 invisibilis.
1547 2528 1700 2599 Quod
1730 2546 1907 2590 autem
1950 2538 2033 2591 di-

459 2630 605 2672 ctum
636 2629 723 2674 est
746 2619 790 2651 ¹⁶
821 2634 835 2672 :
874 2639 892 2669 ι
919 2619 1128 2690 Quique
1158 2622 1442 2691 terrigenas
1470 2634 1521 2679 et
1552 2625 1646 2680 ﬁlii
1682 2625 1987 2693 hominum,
2009 2648 2027 2681 ι

459 2707 840 2764 excellentiam
869 2712 1110 2766 ostendit
1156 2712 1388 2767 ﬁliorum
1422 2715 1699 2771 hominum
1733 2733 1844 2787 pra:
1876 2722 2035 2773 terri-

458 2801 632 2870 genis.
659 2800 764 2856 Sed
788 2803 929 2872 quod
953 2802 1018 2856 ad
1054 2803 1291 2859 litteram
1318 2806 1536 2869 attinet,
1568 2808 1827 2876 quoniam
1859 2810 2033 2864 corri-

458 2893 683 2963 piuntur
716 2894 802 2949 hic
843 2893 919 2947 illi
966 2894 1164 2963 quibus
1215 2896 1417 2950 dicitur
1444 2914 1454 2948 :
1485 2916 1504 2948 ι
1538 2898 1831 2968 Usquequo
1883 2904 2030 2972 gravi

458 2985 647 3052 corde,
677 3004 695 3034 ι
731 2994 862 3051 etc.,
896 3000 1003 3040 non
1040 2987 1176 3041 bene
1218 2987 1542 3043 videbuntur
1581 2988 1699 3045 haec.
1744 3007 1865 3061 quae
1894 2992 2034 3047 invi-

2135 520 2231 574 καί
2272 519 2408 592 ἔρις,
2450 517 2571 588 οὐχὶ
2618 511 2871 586 σαρκικοί
2918 513 3060 575 ἐστε,
3104 509 3205 563 καὶ
3243 507 3395 561 κατὰ
3448 505 3715 578 ἄνθρωπον

2134 612 2523 684 περιπατεῖτε;
2565 628 2582 660 ι
2617 606 2711 659 τοῦ
2762 604 2820 658 δὲ
2863 602 3147 672 δευτέρου’
3196 618 3217 650 ‹
3244 596 3598 669 Ἀνθρὼπους
3626 598 3713 652 καὶ

2134 706 2302 775 κτήνη
2346 700 2561 764 σώσεις.
2607 698 2801 769 Κύριε.
2856 715 2874 746 ι
2918 692 3136 765 Πρῶτον
3185 691 3306 761 γὰρ
3349 690 3468 741 υἱὸν
3517 688 3713 759 ἀνθρὼ-

2133 807 2266 861 που,
2321 792 2608 865 πρόσωπον
2655 787 2958 858 ὡρισμένον
3027 787 3084 837 ὲν
3140 784 3347 854 Γραφῇ
3398 781 3715 851 ὀνομαζόμε-

2134 905 2220 943 νον
2264 883 2416 950 Θεὸν,
2463 886 2554 938 ἐπὶ
2592 886 2658 953 τῇ
2713 883 2961 953 παρούσῃ
3004 880 3193 951 μνήμῃ
3239 877 3340 930 τὸν
3391 874 3587 946 Δανιὴλ
3638 875 3717 928 εὐ-

2136 982 2395 1052 ρίσκομεν
2432 977 2527 1032 καὶ
2567 976 2702 1048 μετὰ
2743 973 2933 1028 τοῦτον
2974 970 3067 1025 τὸν
3130 969 3407 1040 Ἰεζεκιὴλ
3448 969 3715 1039 προφήτας
3754 1021 3761 1025 ,

2134 1076 2193 1127 ὲν
2239 1076 2305 1144 τῇ
2354 1068 2700 1143 αἰχμαλωσίᾳ
2741 1063 3105 1139 γενομένους·
3149 1062 3357 1116 οὐδένα
3398 1060 3459 1114 δὲ
3500 1060 3602 1132 πρὸ
3628 1060 3714 1130 τῆς

2133 1162 2529 1236 αἰχμαλωσίας,
2564 1162 2687 1215 ὅσον
2707 1160 2791 1229 ἐφ’
2816 1154 2898 1223 οἷς
2925 1152 3253 1228 ἱστοροῦμεν
3288 1152 3437 1207 κατὰ
3474 1151 3543 1204 τὰ
3567 1152 3713 1204 ἀναν-

2130 1259 2365 1329 τίρῤητα
2414 1255 2521 1308 τῶν
2572 1252 2992 1324 ἀναφερομένων
3053 1247 3281 1319 βιϐλίων
3329 1243 3711 1307 θεοπνεύστων,

2132 1348 2301 1419 ταύτῃ
2342 1350 2408 1419 τῇ
2454 1345 2794 1418 προσηγορίᾳ
2833 1340 3185 1412 καλούμενον.
3238 1339 3308 1390 Τί
3339 1338 3400 1390 δὲ
3441 1338 3523 1389 δεῖ
3551 1335 3712 1403 λέγειν

2133 1441 2261 1511 περὶ
2300 1439 2391 1493 τοῦ
2428 1437 2698 1511 Σωτῆρος,
2746 1435 2852 1489 τῶν
2881 1433 3237 1505 Εὐαγγελίων
3271 1430 3712 1504 πεπληρωμένων

2132 1534 2334 1604 ταύτης
2358 1533 2456 1603 τῆς
2492 1530 2675 1600 φωνῆς
2698 1547 2712 1595 ;
2739 1528 2849 1584 Καὶ
2880 1526 3124 1600 οἰόμεθα,
3158 1528 3249 1581 διὰ
3277 1527 3343 1579 τὸ
3368 1523 3711 1596 ἁμαρτωλοὺς

2131 1625 2412 1694 γεγονέναι
2460 1623 2585 1686 τοῦς
2629 1620 2685 1674 ὲν
2730 1623 2794 1693 τῇ
2854 1620 3224 1691 αἰχμαλωσίᾳ,
3281 1620 3367 1681 εἰς
3421 1613 3711 1685 ὀνειδισμὸν

2132 1719 2353 1772 ἐκείνων
2384 1717 2475 1769 τὸν
2518 1714 2713 1786 Δανιὴλ
2762 1714 2922 1783 μόνον
2971 1711 3224 1765 σώσαντα
3271 1711 3339 1764 τὸ
3376 1709 3595 1779 ἀξίωμα
3622 1707 3709 1776 τῆς

2131 1810 2223 1863 τοῦ
2258 1806 2547 1880 ἀνθρώπου
2579 1805 2675 1859 καὶ
2714 1805 2835 1859 κατ’
2865 1804 3050 1858 εἰκόνα
3078 1803 3172 1856 καὶ
3200 1803 3477 1874 ὁμοίωσιν
3500 1798 3709 1869 γενομέ-

2130 1919 2226 1972 νης
2268 1900 2502 1970 φύσεως,
2537 1898 2754 1953 ἀκούειν
2791 1900 2876 1958 τὸ,
2924 1915 2942 1947 ι
2994 1896 3089 1949 Υἱὲ
3128 1895 3452 1965 ἀνθρώπου.
3496 1912 3515 1943 ι
3572 1891 3641 1942 T6
3667 1889 3706 1943 δ’

2131 1990 2261 2047 αὐτὸ
2282 1991 2499 2046 λεκτέον
2536 1990 2779 2063 καὶπερὶ
2809 1987 2903 2041 τοῦ
2940 1987 3219 2059 Ἰεζεκιήλ.
3259 1984 3584 2055 Ἀνθρωπος
3611 1981 3707 2053 γὰρ

2134 2086 2347 2157 πρῶτος
2385 2083 2673 2154 ὠνομάσθη
2716 2085 2744 2135 6
2789 2083 2907 2135 κατ’
2943 2079 3126 2134 εἰκόνα
3176 2080 3277 2133 καὶ
3320 2076 3579 2147 ὁμοίωσιν
3617 2091 3703 2126 πε-

2132 2176 2423 2248 ποιημένος
2462 2175 2568 2231 ὑπὸ
2607 2174 2700 2227 τοῦ
2745 2173 2900 2239 Θεοῦ,
2943 2173 3035 2225 καὶ
3074 2170 3252 2234 οὕτως
3293 2169 3363 2223 ἂν
3395 2166 3481 2239 εἴη
3518 2165 3704 2236 κυρίως

2133 2265 2439 2339 ἄνθρωπος.
2485 2262 2874 2318 Ἐπισκεπτέον
2899 2262 2955 2316 δὲ
2988 2262 3082 2314 καὶ
3115 2261 3207 2314 ἐπὶ
3231 2259 3338 2313 τοῦ
3366 2257 3628 2327 Σωτῆρος,
3660 2256 3702 2307 εἰ

2131 2356 2192 2413 τὸ
2221 2356 2560 2431 ἀνθρώπινον
2592 2355 2757 2410 αὐτοῦ
2788 2355 2916 2418 Υἱὸς
2942 2351 3251 2425 ἀνθρώπου,
3289 2350 3578 2423 ἀνθρώπου
3609 2365 3701 2402 πα-

2132 2448 2259 2522 τρὸς
2286 2450 2438 2513 ὄντος
2462 2449 2540 2519 τῷ
2571 2447 2894 2520 ἀνθρωπίνῳ
2927 2447 3026 2517 τῆς
3059 2445 3272 2509 εἰκόνος
3318 2443 3414 2497 τοῦ
3448 2439 3577 2495 Θεοῦ
3611 2436 3696 2493 τοῦ

2134 2540 2395 2613 ἀοράτου.⁵
2416 2540 2524 2595 Καὶ
2556 2541 2617 2594 τὸ
2652 2540 2937 2611 εἰρημένον
2968 2538 3049 2605 δὲ,
3097 2556 3117 2589 ‹
3148 2538 3216 2591 Οἵ
3244 2554 3314 2591 τε
3346 2535 3593 2606 γηγενεῖς
3616 2531 3696 2585 καὶ

2135 2630 2241 2686 υἰοὶ
2272 2631 2379 2686 τῶν
2399 2631 2720 2700 ἀνθρώπων,
2760 2652 2777 2683 ›
2799 2630 3070 2702 ὑπεροχὴν
3108 2629 3259 2699 δηλοῖ
3298 2628 3410 2680 τῶν
3438 2625 3562 2678 υἱῶν
3593 2621 3687 2675 τῶν

2133 2724 2433 2798 ἀνθρώπων
2454 2725 2604 2795 παρὰ
2622 2725 2751 2790 τοὺς
2775 2726 3043 2794 γηγενεῖς.
3084 2721 3240 2775 Ἀλλὰ
3263 2721 3411 2792 πρὸς
3432 2718 3527 2789 τὴν
3548 2715 3694 2779 λέξιν,

2140 2818 2264 2871 ἐπεὶ
2311 2817 2732 2888 ὲπιπλήττονται
2784 2813 2968 2868 ἐνθάδε
3016 2812 3316 2876 ἀκούοντες
3363 2812 3446 2875 τὸ,
3494 2828 3512 2859 ι
3565 2807 3693 2866 Ἕως

2135 2909 2266 2962 πότε
2301 2908 2673 2980 βαρυκάρδιοι,
2708 2926 2726 2958 ι
2762 2907 2856 2960 καὶ
2882 2906 2955 2960 τὰ
2975 2902 3123 2975 ἑξῆς,
3159 2904 3219 2956 οὐ
3257 2900 3445 2963 καλῶς
3477 2896 3694 2960 δόξουσιν

2133 3000 2481 3071 ἀντιρρήσεις
2519 2999 2648 3070 περὶ
2678 2997 2808 3051 υἱῶν
2838 2994 3139 3067 ἀνθρώπων
3179 2987 3620 3064 παρατεθεῖσθαι,
3648 2985 3689 3036 εἰ

457 3088 579 3132 eem
629 3075 731 3131 sibi
783 3089 1152 3145 opponuntur,
1204 3081 1268 3135 de
1314 3080 1437 3134 ﬁliis
1486 3082 1766 3137 hominum
1827 3082 2027 3153 afferri,

2137 3093 2212 3165 μὴ
2256 3093 2363 3165 ἄρα
2407 3091 2581 3145 διττὸν
2623 3090 2713 3143 τὸν
2758 3089 3040 3160 ἄνθρωπον
3088 3086 3168 3139 δεῖ
3202 3084 3525 3155 λαμϐάνειν,
3566 3074 3689 3130 καθὰ

462 3168 567 3222 nisi
603 3166 745 3222 forte
771 3169 969 3238 duplex
1024 3172 1184 3226 homo
1212 3172 1285 3226 sit
1330 3173 1733 3243 intelligendus,
1765 3177 2026 3244 quemad-

460 3259 681 3313 modum
717 3260 928 3329 accepit
972 3261 1267 3331 Apostolus
1311 3263 1497 3318 dicens
1520 3265 1561 3295 ¹⁷
1594 3285 1606 3321 :
1643 3285 1662 3317 ι
1694 3266 1904 3321 Primus
1933 3269 2030 3322 ho-

458 3360 550 3405 mo
577 3351 642 3405 de
678 3360 821 3407 terra
856 3363 1123 3421 terrenus,
1151 3358 1422 3412 secundus
1462 3359 1644 3423 homo,
1678 3360 1938 3417 Dominus
1964 3363 2030 3417 de

459 3436 617 3491 coelo.
651 3437 839 3505 Qualis
894 3449 1161 3505 terrenus,
1209 3443 1342 3499 tales
1394 3455 1449 3500 et
1494 3451 1717 3513 terreni,
1765 3458 1820 3503 et
1859 3453 2032 3520 qualis

462 3526 727 3592 caelestis,
773 3530 907 3585 tales
947 3541 1003 3586 et
1044 3532 1314 3589 cmlestes.
1347 3556 1365 3587 ι
1410 3536 1648 3592 Rursum
1695 3554 1826 3595 vero
1859 3552 1913 3596 et
1953 3545 2031 3599 sic

457 3621 715 3686 quoniam
769 3620 893 3676 ﬁliis
942 3623 1219 3678 hominum
1254 3628 1565 3696 praecipitur
1604 3639 1659 3682 ut
1698 3645 2029 3699 cognoscant

464 3726 483 3758 ι
510 3711 637 3777 quia
675 3711 981 3768 miriﬁcavit
1003 3714 1258 3772 Dominus
1280 3728 1529 3774 sanctum
1563 3736 1717 3775 suum
1739 3720 1835 3788 ‘9,»
1879 3742 2026 3794 qutu-

462 3810 616 3855 retur
641 3807 910 3872 quomodo
931 3808 1023 3877 qui
1052 3810 1354 3864 secundum
1392 3812 1714 3868 deteriorem
1757 3819 2031 3887 acceptio-

459 3908 585 3949 ucm
635 3905 760 3951 sunt
791 3897 884 3952 ﬁlii
921 3898 1219 3967 hominum,
1244 3902 1541 3973 jubeantur
1566 3919 1700 3974 opus
1748 3910 2029 3964 sanctissi-

460 4002 673 4043 morum
730 3991 969 4046 virorum
1017 4008 1295 4064 peragere.
1339 3996 1677 4066 Cognoscere
1725 4002 1867 4057 enim
1903 4006 2028 4073 quia

458 4077 770 4133 miriﬁcavit
811 4080 1073 4139 Dominus
1116 4096 1364 4140 sanctum
1410 4105 1603 4153 suum,
1656 4094 2029 4150 sanetissimo-

460 4183 578 4222 rum
613 4171 849 4226 virorum
889 4189 1023 4242 opus
1065 4187 1168 4230 est.
1205 4177 1276 4231 At
1320 4179 1422 4235 hoc
1467 4183 1680 4237 solvere
1725 4184 1882 4240 facile
1922 4198 2027 4241 e5t.

461 4258 595 4313 Nam
626 4264 719 4332 qui
777 4264 830 4318 in
873 4265 1239 4322 deterioribus
1275 4279 1380 4335 est,
1434 4272 1576 4328 ﬁlius
1622 4275 1859 4332 hominis
1910 4291 2030 4333 esse

460 4361 644 4419 potest
702 4356 996 4407 secundum
1058 4366 1331 4412 terrenum
1391 4360 1704 4430 hominem;
1738 4368 1785 4421 si
1847 4377 2025 4425 autem

2135 3184 2400 3238 ὑπέλαϐεν
2461 3186 2489 3237 ὁ
2554 3182 2872 3244 Ἀπόστολος
2929 3179 3133 3248 λέγων·
3196 3196 3214 3229 ι
3258 3178 3319 3231 ὐ
3366 3173 3575 3247 πρῶτος
3610 3169 3688 3222 ἄν·

2134 3276 2350 3348 θρωπος
2412 3280 2477 3329 ὲκ
2535 3275 2638 3346 γῆς
2693 3272 2916 3345 χοϊκόςο
2969 3274 2998 3326 6
3043 3270 3295 3343 δεύτερος
3350 3266 3623 3337 ἄνθρωπος
3665 3260 3689 3311 ὁ

2131 3369 2336 3440 Κύριος
2386 3368 2443 3436 ἐξ
2496 3367 2746 3438 οὐρανοῦ.
2815 3360 2938 3430 Οἷος
2988 3368 3017 3419 6
3071 3363 3275 3435 χοῖκδς,
3338 3359 3561 3415 τοιοῦτοι
3609 3352 3689 3406 καί.

2132 3463 2181 3515 οἰ
2221 3461 2427 3533 χοϊκοίο
2475 3460 2569 3515 καὶ
2621 3454 2731 3523 οἷος
2776 3462 2804 3512 6
2854 3458 3194 3530 ἐπουράνιος,
3238 3454 3471 3509 τοιοῦτοι
3517 3448 3602 3503 καί
3646 3445 3686 3496 οἰ

2131 3552 2463 3623 ἐπουράνιοι.
2514 3571 2533 3604 ›
2568 3551 2737 3605 Πάλιν
2768 3549 2825 3604 δὲ
2860 3549 2956 3605 καὶ
2981 3545 3174 3611 οὕτως,
3208 3546 3301 3600 διὰ
3329 3544 3392 3599 τὸ
3434 3537 3684 3611 προστάσ-

2134 3643 2322 3697 σεσθαι
2350 3642 2574 3712 γνῶναι,
2605 3644 2685 3695 ὅτι
2708 3641 2911 3713 Κύριος
2934 3661 2951 3692 ι
2981 3638 3379 3709 ὲθαυμάστωσε
3440 3633 3528 3686 τὸν
3558 3630 3684 3682 ὅσιον

2132 3737 2322 3803 αὑτοῦ,
2387 3756 2406 3788 ι
2450 3738 2575 3799 τοὺς
2620 3735 2771 3798 υἱοὺς
2817 3733 2926 3787 τῶν
2972 3732 3296 3804 ἀνθρώπων,
3348 3724 3681 3798 ζητηθήσεται

2131 3829 2247 3894 πῶς
2289 3830 2338 3881 οἰ
2367 3827 2509 3882 κατὰ
2534 3827 2593 3881 τὸ
2619 3831 2797 3898 χεῖρον
2824 3826 2930 3879 υἱοί
2958 3824 3065 3877 τῶν
3104 3823 3200 3877 ἀνθ
3211 3822 3410 3895 ρώπων
3434 3811 3681 3889 προστάτ-

2129 3937 2307 3974 τονται
2339 3919 2496 3991 ἔργον
2523 3918 2631 3971 τῶν
2657 3916 2974 3987 ἁγιωτάτων
3000 3917 3237 3987 ποιῆσαι.
3264 3914 3339 3967 Τὸ
3366 3911 3473 3982 γάρ
3500 3904 3679 3976 γνῶναι

2128 4011 2209 4065 ὃτι
2240 4011 2662 4080 ὲθαυμάστωσεν
2689 4013 2717 4064 6
2755 4008 2958 4082 Κύριος
2995 4007 3087 4062 τὸν
3127 4008 3271 4060 ὅσιον
3316 4002 3501 4066 αὑτοῦ,
3533 4000 3679 4066 ἁγιω-

2129 4106 2304 4159 τάτων
2351 4103 2469 4157 ἐστὶ
2521 4102 2873 4173 κατόρθωμα.
2927 4100 3165 4171 Εὐχερὲς
3214 4098 3271 4152 δὲ
3317 4098 3473 4151 λῦσαι
3518 4087 3675 4147 τοῦτον

2129 4195 2253 4249 ἐπεὶ
2290 4196 2513 4250 δύναται
2545 4197 2573 4248 6
2602 4194 2766 4257 αὐτὸς
2813 4193 2909 4264 μὲν
2945 4194 3003 4245 ὲν
3048 4193 3286 4263 χείροσιν
3329 4190 3404 4244 ὣν
3445 4183 3564 4245 Υἱὸς
3600 4180 3677 4231 ἀν’

2130 4286 2347 4361 θρώπου
2384 4282 2522 4341 εἶναι
2552 4286 2691 4340 κατὰ
2729 4285 2820 4340 τὸν
2858 4283 3144 4354 ἄνθρωπον
3171 4283 3262 4335 τὸν
3304 4280 3500 4353 χοῖκόν³
3536 4285 3675 4361 μεθ’

2132 4360 2309 4434 ϐαλὼν
2346 4379 2427 4445 δὲ,
2469 4379 2605 4449 ὅπερ
2648 4378 2750 4431 οὐκ
2791 4376 2936 4430 ἔστιν
2975 4376 3257 4439 ἀδύνατον,
3289 4370 3535 4442 γενέσθαι
3567 4360 3675 4421 Υἱὸς

458 4460 755 4503 conversus
778 4448 964 4514 fuerit,
989 4450 1128 4518 quod
1150 4467 1255 4506 non
1283 4463 1364 4509 est
1396 4455 1747 4527 impossibile,
1783 4462 1897 4517 ﬁeri
1929 4480 2024 4534 po-

2131 4468 2415 4543 άνθρώπου
2447 4470 2588 4525 κατὰ
2617 4469 2709 4524 τὸν
2739 4470 3021 4540 ἄνθρωπον
3051 4467 3141 4523 τὸν
3169 4467 3505 4537 ἐπούρανιον.
3538 4449 3672 4511 Οὗτοι

458 4546 566 4595 test
610 4542 750 4597 ﬁlius
803 4543 1040 4599 hominis
1074 4547 1368 4602 secundum
1402 4549 1673 4606 hominem
1725 4555 2024 4614 caelestem.

457 4630 778 4702 llujusmodi
810 4634 902 4688 ﬁlii
932 4635 1211 4690 hominum
1232 4641 1529 4708 posteriore
1559 4647 1879 4713 acceptione
1901 4666 2022 4705 cum

460 4725 557 4778 lilii
587 4725 697 4780 sint
722 4724 839 4794 ejus
864 4729 955 4796 qui
984 4731 1049 4783 de
1076 4738 1219 4784 terra
1258 4740 1509 4787 terrenus
1545 4746 1648 4802 est,
1684 4740 1847 4793 etiam
1873 4744 2024 4812 gravi

459 4819 625 4872 eorde
673 4834 795 4873 esse
838 4820 940 4875 dici
981 4832 1229 4890 possunt,
1276 4823 1602 4894 diligereqne
1638 4832 1929 4887 vanitatem
1963 4851 2027 4892 ac

456 4924 703 4978 quaerere
732 4912 1090 4967 mendacium.
1138 4913 1447 4970 Intellectus
1476 4919 1621 4973 enim
1652 4923 1834 4977 carnis
1862 4924 1912 4978 in
1949 4926 2024 4996 ip-

459 5005 537 5058 sis
559 5013 666 5066 εει,
702 5012 758 5057 et
779 5019 1073 5072 corporeus
1104 5021 1275 5070 amor,
1306 5016 1361 5061 et
1385 5011 1672 5075 mendacii,
1704 5015 1848 5081 quod
1881 5016 2027 5070 veri-

459 5097 557 5151 tati
602 5098 1078 5165 contrarium‘est,
1100 5100 1404 5167 inquisitio.
1437 5102 1601 5157 Gravi
1634 5104 1833 5174 quippe
1863 5109 2028 5164 corde

451 5197 578 5242 Sunt
628 5188 719 5256 qui
768 5190 1045 5243 sedentem
1077 5192 1127 5244 in
1162 5192 1414 5260 plumbeo
1454 5193 1656 5247 talento
1686 5195 2023 5264 iniquitatem

451 5281 505 5334 in
561 5282 725 5336 corde
778 5281 999 5347 habent,
1037 5297 1156 5350 quae
1208 5286 1273 5338 ad
1329 5285 1514 5338 inﬁma
1568 5301 1794 5355 quaeque
1845 5288 2022 5341 delata

450 5386 573 5427 cum
601 5373 872 5444 Egyptiis
921 5375 972 5428 in
1011 5377 1169 5446 aquis
1196 5378 1607 5456 vehementibus
1640 5378 1897 5432 ﬂuctuum
1928 5381 2025 5433 hu-

443 5462 532 5529 jus
566 5462 692 5518 vitae
724 5473 980 5532 tanquam
1011 5466 1285 5535 plumbum
1308 5467 1677 5538 demergetur.
1710 5470 1805 5525 llis
1841 5482 2021 5528 autem

447 5553 539 5620 qui
569 5554 725 5621 gravi
766 5558 929 5612 corde
967 5568 1114 5627 sunt,
1148 5561 1409 5614 contrarii
1447 5572 1570 5616 sunt
1622 5563 1659 5616 ii
1709 5564 1802 5633 qui
1852 5579 2020 5619 suave

525 5736 568 5772 “
599 5741 616 5793 l
648 5741 771 5798 Cor.
807 5759 889 5812 ut,
922 5742 974 5802 5.

1054 5746 1095 5778 ιδ
1126 5745 1267 5802 Psal.
1306 5762 1468 5816 xxxv,
1501 5747 1550 5803 7.
1628 5751 1672 5823 ξι
1706 5748 1848 5806 Psal.
1883 5764 2070 5821 xum,
2093 5753 2145 5810 2.

2127 4564 2184 4617 δὲ
2219 4566 2268 4616 οἰ
2300 4563 2408 4616 υἰοί
2447 4563 2552 4617 τῶν
2584 4561 2885 4634 ἀνθρώπων
2928 4562 2979 4615 οἱ
3018 4562 3161 4616 κατὰ
3193 4560 3254 4615 τὸ
3294 4560 3556 4629 δεύτερον,
3591 4548 3671 4602 ἇτε

2128 4655 2233 4708 υἱοὶ
2251 4656 2606 4725 τυχγάνοντες
2630 4656 2721 4708 τοῦ
2754 4657 2817 4708 ὲκ
2842 4654 2946 4725 γῆς
2975 4653 3182 4724 χοϊκοῦ,
3214 4653 3308 4706 καὶ
3351 4640 3667 4723 βαρυκάρδιοι

2128 4749 2362 4817 εὐλόγως
2420 4749 2679 4817 λέγοιντο,
2724 4749 2820 4801 κει)⁸
2861 4748 3077 4817 ἀγαπᾷν
3122 4746 3471 4816 ματαιότητα,
3514 4732 3666 4806 ζητεῖν

2125 4856 2184 4893 τε
2229 4839 2443 4910 ψεῦδος.
2490 4840 2633 4903 Νοῦς
2670 4840 2778 4910 γὰρ
2818 4839 3020 4910 σαρκὸς
3055 4838 3112 4889 ὲν
3155 4837 3336 4898 αὐτοῖς
3376 4836 3464 4888 καί¹
3503 4823 3664 4918 ἀγάτξη

2131 4927 2437 4999 σωματικὴ,
2485 4928 2579 4981 καὶ
2626 4928 2852 4999 ζήτησις
2891 4925 2984 4980 τοῦ
3029 4926 3128 4996 τῆς
3169 4924 3426 4996 ἀληθείας
3474 4915 3662 4989 ἐχθροῦ,

2126 5020 2369 5072 τουτέστι
2402 5019 2496 5072 τοῦ
2542 5018 2792 5089 ψεύδους.
2842 5016 3204 5090 Βαρυκάρδιοι
3235 5017 3343 5089 γάρ
3381 5019 3428 5070 οἰ
3463 5011 3551 5081 τὴν
3588 5014 3662 5055 κα-

2129 5109 2423 5181 θεζομένην
2475 5111 2567 5163 ἐπὶ
2610 5109 2868 5163 τάλαντον
2916 5108 3160 5179 μολίϐδου
3210 5107 3438 5178 ἀνομίαν
3481 5103 3661 5173 ἔχοντες

2128 5204 2186 5255 ἐν
2221 5207 2286 5275 τῇ
2332 5203 2550 5274 καρδίᾳν
2599 5204 2719 5273 ἥτις
2765 5203 2840 5266 ὼς
2878 5202 3199 5279 κατωφερὴς
3230 5202 3442 5253 δύσεται
3478 5194 3560 5247 σὺν
3584 5186 3660 5279 Δί’

2130 5298 2379 5364 γυπτίοις
2413 5297 2544 5349 ὡσεὶ
2578 5295 2824 5367 μόλιϐδος
2858 5296 2915 5348 ἐν
2949 5276 3098 5347 ῦδατι
3130 5293 3343 5365 σφοδρῷ
3381 5291 3483 5344 τῶν
3511 5276 3660 5367 κυμάξ

2128 5401 2235 5439 των
2276 5387 2366 5440 τοῦ
2400 5388 2536 5457 βίου.
2574 5365 2836 5440 Ἑναντίοι
2864 5386 2921 5439 δὲ
2949 5389 3062 5447 τοῖς
3102 5385 3476 5457 βαρυκαρδίοις
3504 5378 3546 5431 οἱ
3572 5365 3677 5441 ὖπδ,

2125 5476 2216 5529 τδν
2240 5476 2401 5547 ζυγὸν
2438 5479 2613 5552 Ἰησοῦ
2638 5479 2868 5550 ἐλαφρὸν
2894 5478 3272 5550 τυγχάνοντες.
3298 5478 3446 5547 Τάχα
3466 5471 3534 5533 δὲ,
3555 5458 3654 5518 ἐπεὶ

2128 5570 2221 5623 καὶ
2248 5573 2296 5625 οἰ
2332 5572 2804 5643 μεμαθητευμένοι
2836 5573 2939 5625 υἱοί
2975 5574 3080 5624 εἰσι
3104 5572 3197 5624 τοῦ
3233 5568 3652 5641 μαθητεύσαντοίι

2241 5751 2281 5784 ¹⁷
2307 5750 2328 5804 l
2356 5744 2478 5808 Cor.
2509 5768 2603 5817 xv,
2625 5748 2711 5806 47.
2794 5748 2836 5783 ’³
2866 5749 3011 5807 Psal.
3046 5767 3119 5819 ιν,
3148 5752 3201 5809 4.
