4046 6152
521 246 650 302 1141

1509 250 1814 309 SELECTA
1852 254 1921 311 IN
1957 251 2296 315 PSALMOS.
2332 288 2402 300 -—
2432 257 2626 317 PSAL.
2667 261 2737 316 IV

3613 263 3753 319 1142

518 367 572 422 οἰ
594 366 652 420 δὲ
676 366 1040 435 διδάσκοντες,
1056 352 1226 426 αὐτοὶ
1248 373 1368 425 κατ’
1394 373 1575 428 εἰκόνα
1596 376 1692 430 καὶ
1716 377 1967 449 ὁμοίωσιν
1994 381 2061 433 τοί

2195 379 2499 455 5601esu
2522 382 2720 439 Christi
2741 381 2931 454 jugum
2961 382 3194 438 subiere.
3224 379 3388 437 Forte
3417 381 3601 447 etiam,
3624 383 3746 451 quia

518 460 677 525 Θεοῦ,
712 462 760 514 οἰ
798 461 1229 533 μαθητευθέντες
1266 463 1385 534 μὲν,
1420 465 1519 519 οὐκ
1562 465 1700 531 ἄξιοι
1727 469 1783 522 δὲ
1807 470 1913 524 τῶν
1943 472 2090 526 διδα-

520 553 727 619 ξάντων
759 555 1137 625 γεγενημένοι,
1167 554 1506 619 ὀνειδίζοιντο
1532 557 1597 612 ἂν
1636 560 1711 623 ὡς
1756 564 1861 616 υἰοὶ
1889 563 2090 636 ἀνθρώ-

517 663 622 700 που
654 645 1026 718 βαρυκάρδιοι,
1051 650 1174 711 ταῖς
1201 647 1466 712 δοθείσαις
1496 651 1770 723 ἀφορμαῖς
1794 654 1874 718 εἰς
1904 654 1966 707 τὸ
1991 672 2083 708 και

517 738 689 811 θαράν
732 738 984 807 γενέσθαι
1024 740 1124 812 τὴν
1159 742 1383 813 καρδίαν
1427 744 1487 796 οὐ
1538 745 2082 816 κατηκολουθηκότες.

516 831 628 883 Καὶ
660 830 769 902 γὰρ
805 830 927 894 ἔθος
965 830 1092 896 τοὺς
1132 831 1570 905 διδασκομένους,
1605 836 1699 888 καὶ
1741 836 1813 908 μὴ
1850 855 2088 911 παρακο-

515 919 836 986 λουθοῦντας
860 924 972 986 τοῖς
996 922 1338 993 λεγομένοις,
1383 924 1775 998 βαρυκαρδίους
1809 927 2084 981 καλεῖσθαι

516 1012 624 1065 ὑπὸ
651 1013 759 1066 τῶν
788 1014 1143 1069 διδασκόντων
1185 1016 1271 1069 διὰ
1317 1016 1377 1070 τὸ
1404 1020 1548 1089 παχὺ
1580 1019 1679 1089 τῆς
1710 1020 1953 1091 καρδίας.
1987 1022 2085 1074 Διὰ

514 1104 673 1158 τοῦτο
699 1105 755 1158 δέ
802 1106 897 1160 καὶ
938 1105 1159 1178 ζητοῦσι
1192 1108 1253 1160 τὸ
1291 1108 1485 1178 ψεῦδος
1522 1111 1598 1174 ὼς
1640 1109 1712 1181 μὴ
1764 1111 1993 1181 ὁρῶντες
2025 1113 2084 1165 τὸ

515 1196 732 1269 ἀληθές.
754 1198 817 1251 Εἰ
843 1198 901 1252 δέ
926 1198 1243 1271 βαθύτερον,
1269 1201 1390 1253 ἐπεὶ
1411 1200 1637 1273 ἀλήθειὰ
1657 1203 1801 1254 ἐστιν
1822 1205 1849 1255 ὁ
1874 1202 2080 1274 Σωτὴρ,

513 1289 693 1359 δῆλον,
717 1290 798 1343 ὅτι
826 1290 1021 1361 ἐχθρὸς
1048 1291 1113 1345 ἂν
1142 1292 1228 1360 εἴη
1253 1291 1427 1363 τούτῳ
1451 1292 1606 1361 λόγος
1632 1292 1829 1364 ψευδὴς
1860 1294 1923 1346 τὸ
1955 1295 2084 1365 ἀλη-

515 1381 606 1445 θὲς
639 1382 1123 1454 ἐπαγγελλόμενος,
1155 1383 1216 1438 ὃν
1245 1385 1583 1456 ἀντίχριστον
1611 1386 1639 1437 ὀ
1676 1384 1922 1456 Ἰωάννης
1956 1386 2083 1439 πολ-

513 1473 667 1538 λάκις
697 1475 879 1545 φησίν.
937 1476 1062 1530 Ἐὰν
1087 1476 1144 1529 δὲ
1176 1475 1317 1530 κατὰ
1350 1477 1677 1547 περίφρασιν
1714 1476 1961 1551 λαμϐάνῃ
2000 1495 2082 1541 τις

510 1568 591 1630 το,
633 1586 651 1618 ι
676 1568 777 1620 υἰοὶ
803 1567 1121 1639 ἀνθρώπων,
1147 1587 1166 1620 ι
1207 1569 1326 1622 ἀντὶ
1347 1567 1463 1631 τοῦ,
1505 1587 1522 1618 ι
1549 1568 1842 1639 ἄνθρωποι,
1869 1589 1888 1621 ι
1917 1570 1977 1622 τὸ
2006 1571 2081 1634 ὡς

510 1657 603 1709 ἐπὶ
633 1658 693 1711 τὸ
731 1657 978 1711 πλεῖστον
1003 1660 1060 1712 ἐν
1091 1658 1395 1731 ἀνθρώποις
1421 1658 1480 1713 ὃν
1512 1659 1573 1711 τὸ
1601 1657 1958 1730 βαρυκάρδιον
1993 1661 2079 1715 αἰ-

2189 474 2438 543 discrpuli
2470 474 2562 529 lilii
2593 485 2719 531 sunt
2743 475 3114 545 praeceptoris,
3143 483 3197 530 et
3220 484 3576 544 przeceptores
3613 474 3751 528 ima-

2189 566 2370 637 ginem
2399 576 2454 621 et
2486 567 2899 622 similitudinem
2930 565 3024 621 Dei
3057 576 3269 635 gerunt,
3305 566 3506 620 idcirco
3535 564 3624 634 qui
3653 562 3751 623 do-

2188 660 2384 711 centur
2412 657 2651 725 quidem,
2693 657 2785 712 sed
2824 656 3254 725 przeceptoribus
3296 656 3440 725 digni
3468 669 3570 708 non
3598 644 3767 717 sunt,'

2189 747 2223 800 ii
2258 755 2512 816 tanquam
2552 749 2647 804 ﬁlii
2679 750 2956 805 hominum
2989 758 3043 803 et
3074 748 3222 819 gravi
3269 751 3433 803 corde
3467 744 3747 816 ohjurgarl

2186 841 2580 910 possunt,quod
2613 841 2825 896 oblatas
2856 840 2957 894 sibi
2988 839 3055 893 ad
3087 854 3181 893 cor
3216 838 3615 894 emundandum
3657 853 3749 892 oc—

2187 932 2435 986 casiones
2467 931 2686 986 minime
2729 932 2896 987 secuti
2931 932 3058 985 sint.
3090 930 3201 986 Mos
3227 932 3371 986 enim
3405 930 3646 994 inolevit,
3686 939 3747 982 ut

2184 1023 2275 1092 qui
2312 1022 2670 1077 instituuntur
2719 1032 2774 1076 et
2817 1031 3085 1092 praecepta
3138 1023 3238 1076 sibi
3273 1024 3465 1077 tradita
3515 1039 3622 1076 non
3655 1035 3744 1075 se—

2185 1119 2441 1180 quuntur,
2468 1112 2540 1168 ob
2570 1112 2752 1168 cordis
2779 1112 3081 1167 crassitiem
3119 1128 3148 1165 a
3182 1114 3603 1183 praeceptoribus
3624 1126 3746 1181 gra-

2185 1204 2236 1256 vi
2290 1204 2453 1258 corde
2501 1204 2748 1272 discipuli
2805 1214 3204 1269 nuncupentur.
3247 1205 3450 1258 Idcirco
3498 1208 3745 1269 quaerunt

2184 1297 2346 1350 etiam
2389 1297 2752 1359 mendacium,
2785 1300 2980 1369 quippe
3019 1299 3109 1367 qui
3157 1312 3260 1350 non
3300 1296 3516 1349 videant
3545 1295 3744 1347 verita-

2186 1397 2313 1442 tem.
2352 1386 2507 1454 Quod
2556 1389 2601 1442 si
2651 1390 2981 1444 reconditiur
3024 1404 3215 1458 sensus
3261 1386 3613 1442 adducendus
3639 1394 3742 1450 est,

2182 1480 2436 1549 quoniam
2471 1482 2674 1536 veritas
2712 1493 2795 1538 est
2839 1483 3113 1548 Salvator,
3157 1482 3326 1550 liquet
3368 1480 3414 1534 ei
3458 1477 3738 1532 inimicum

2181 1585 2302 1639 esse
2323 1585 2628 1626 sermonem
2658 1568 2970 1629 mendacem
2998 1575 3084 1643 qui
3113 1572 3397 1627 veritatem
3423 1567 3737 1637 pollicetur.

2183 1679 2340 1733 quem
2384 1679 2525 1733 smpe
2584 1664 2820 1720 Joannes
2866 1667 3108 1720 nominat
3157 1662 3534 1718 antichristum
3581 1660 3645 1713 ‘9.
3682 1656 3741 1711 Si

508 1755 716 1824 τιᾶται,
741 1754 827 1807 ἵνα
853 1755 912 1808 τὸ
938 1754 1109 1818 οὕτως
1143 1755 1279 1808 εἴπω
1324 1753 1629 1826 βαρυήκοον
1666 1754 1829 1809 αὐτοῦ
1863 1755 2061 1810 ἀποϐα-

2178 1769 2306 1808 vero
2345 1757 2466 1824 quis
2513 1771 2578 1810 ex
2629 1758 2929 1826 periphrasi
2969 1757 3170 1811 dictum
3209 1769 3329 1809 esse
3373 1752 3528 1816 velit,
3569 1768 3587 1800 ι
3642 1748 3741 1802 lilii

508 1842 690 1907 λόντες
727 1845 1208 1898 κατασκευάσωσιν
1253 1843 1550 1915 ἀγχίνοιαν,
1583 1845 1676 1896 καὶ
1704 1842 2061 1916 ἴνατὴν...τοῐ

2180 1837 2478 1914 hominum,
2502 1867 2519 1899 ι
2560 1864 2658 1918 pro
2693 1869 2711 1902 ι
2740 1850 3009 1913 homines,
3038 1867 3055 1899 ο
3091 1848 3144 1902 id
3176 1847 3317 1917 quod
3350 1846 3666 1916 plerumque
3686 1843 3738 1895 in

506 1934 691 2005 ζητεῖν
718 1934 816 2006 τὴν
852 1936 1078 2006 δύναμιν
1112 1938 1169 1988 ἐν
1193 1938 1258 2006 τῇ
1287 1935 1432 2006 ψυχῇ
1469 1936 1870 2006 ἀποστήσαντες
1909 1926 1983 1987 ὧν
2011 1935 2061 1987 οὗ

2176 1939 2489 1996 hominibus
2519 1949 2600 1996 est
2629 1956 2727 1995 cor
2751 1955 2915 2011 grave
2946 1939 3388 2010 reprehenditur,
3416 1947 3476 1992 ut
3506 1936 3736 2005 abjecta.

506 2030 632 2100 χρὴ,
654 2028 812 2082 ἅτινα
839 2029 1004 2100 ψευδῆ
1040 2030 1216 2083 πάντα
1243 2030 1418 2093 ἐστὶν,
1445 2030 1529 2099 ἐφ’
1561 2029 1598 2083 ἀ
1639 2029 1719 2082 δεῖ
1750 2028 2061 2102 μεταγάγω-

2177 2030 2257 2084 sic
2281 2030 2481 2097 dicam,
2518 2032 2630 2099 ejus
2672 2033 2936 2088 surditate
2971 2031 3390 2102 intelligentiam
3443 2042 3735 2096 assequan-

505 2142 557 2179 οι
581 2164 596 2189 ,
638 2123 732 2175 καὶ
763 2121 1035 2193 ζητήσωσι
1060 2122 1157 2192 τὴν
1190 2122 1463 2193 ἀλήθειαν.

2180 2133 2292 2189 tur,
2320 2133 2373 2179 et
2427 2140 2578 2180 suam
2625 2126 2902 2182 solertiam
2939 2140 3035 2181 seu
3067 2123 3342 2194 quazrendi
3375 2123 3482 2177 vim
3515 2137 3546 2175 a
3576 2121 3741 2174 rebus

503 2213 729 2268 minime
776 2216 1101 2270 necessariis
1140 2228 1368 2284 quaeque
1416 2229 1604 2270 omnes
1657 2212 1879 2270 fallaces
1911 2222 2061 2278 sunt,
2100 2223 2426 2284 avertentes,
2478 2217 2544 2272 ad
2578 2232 2643 2274 ea
2677 2232 2796 2288 qua:
2830 2218 3140 2273 necessaria
3181 2226 3308 2272 sunt
3359 2213 3652 2270 adhibeant
3684 2222 3740 2270 et

499 2307 785 2361 veritatem
826 2308 1118 2376 inquirant.
3636 2364 3639 2369 ,

568 2400 784 2469 Κύριος
807 2402 1229 2455 εὶσακούσεταί
1262 2419 1380 2471 μου
1410 2401 1480 2456 ἐν
1506 2400 1593 2467 τῷ
1622 2403 1971 2473 κεκραγέναι
1988 2420 2061 2474 με

2247 2396 2412 2451 Vens.
2444 2395 2496 2449 4.
2533 2395 2787 2450 Dominus
2823 2394 3067 2448 exaudiet
3099 2411 3180 2448 me
3209 2411 3324 2448 cum
3350 2395 3639 2447 clamavero
3667 2392 3734 2445 ad

501 2490 650 2559 πρὸς
678 2490 882 2556 αὐτὸν,
912 2509 965 2545 κ.
995 2509 1046 2544 τ.
1082 2493 1128 2547 ἐ.
1158 2493 1382 2563 Μεγάλη
1413 2492 1562 2562 φωνὴ
1587 2493 1694 2565 (94)
1724 2497 1756 2564 ἡ
1790 2492 2061 2561 φθάνουσα

2170 2507 2310 2554 eum,
2335 2498 2441 2545 etc.
2480 2488 2670 2557 Magna
2702 2502 2803 2541 vox
2832 2502 2952 2556 quae
2999 2489 3248 2558 pervenit
3296 2486 3363 2541 ad
3395 2486 3596 2549 Deum;
3625 2498 3731 2536 non

498 2581 635 2651 πρὸς
660 2582 813 2646 Θεὸν,
838 2583 936 2653 οὐχ
959 2582 994 2653 ἢ
1021 2583 1168 2653 παρά
1193 2586 1303 2647 τοῖς
1327 2582 1634 2655 ἀνθρώποις
1660 2583 1777 2636 ἐστὶ
1798 2586 2061 2652 γεγωνυῖα

2169 2597 2253 2641 est
2284 2586 2372 2638 illa
2412 2599 2529 2654 quae
2563 2583 2703 2636 inter
2740 2583 2992 2637 homines
3017 2581 3262 2649 .multum
3299 2588 3478 2646 sonat,
3517 2587 3573 2633 et
3616 2593 3732 2631 ma-

498 2674 592 2727 καὶ
649 2674 1015 2746 ἐπιτεταμένη
1073 2677 1215 2730 κατά
1263 2674 1360 2745 τὴν
1431 2674 1652 2744 μείζονα
1710 2674 1921 2746 πληγὴν
1970 2673 2061 2728 τοῦ

2167 2678 2266 2746 jori
2312 2676 2451 2730 aeris
2493 2675 2646 2743 pulsu
2695 2673 3020 2738 intenditur,
3049 2673 3146 2728 sed
3177 2682 3259 2727 est
3301 2686 3465 2740 purus
3489 2679 3543 2725 et
3573 2686 3729 2725 mun-

497 2765 678 2835 ἀέρος,
723 2765 836 2818 ἀλλ’
873 2766 1020 2838 ἡτοῦ
1054 2764 1379 2837 ἡγεμονικοῦ
1413 2765 1628 2836 καθαρά
1663 2767 1759 2819 καὶ
1801 2765 2061 2830 ἀθόλωτος

2168 2769 2268 2822 dus
2297 2771 2630 2822 internorunt
2664 2766 2862 2821 mentis
2889 2767 3178 2820 verborum
3211 2778 3498 2827 excursus,
3520 2776 3638 2831 quae
3662 2761 3731 2814 ad

495 2854 724 2921 διέξοδος
744 2856 851 2910 τῶν
870 2858 1007 2928 πρὸς
1031 2858 1161 2910 Θεὸν
1179 2857 1647 2927 ἀναπεμπομένων
1661 2856 1853 2925 λόγων.
1873 2858 2061 2912 Ἰστέον

2171 2863 2334 2915 Deum
2388 2875 2556 2929 usque
2595 2860 2927 2929 pertingunt.
2974 2856 3265 2911 Sciendum
3312 2856 3452 2910 enim
3498 2862 3581 2909 est
3609 2867 3730 2906 esse

496 2946 628 3016 γὰρ,
667 2947 749 3001 ὅτι
791 2947 906 3002 ἔστι
937 2966 1021 3014 τις
1051 2950 1143 3005 καὶ
1171 2949 1264 3003 τοῦ
1302 2947 1544 3020 κρυπτοῦ
1575 2948 1670 3019 τῆς
1711 2948 1937 3019 καρδίας
1969 2950 2061 3002 ἀν-

2167 2951 2449 3020 quamdam
2478 2952 2532 3005 in
2557 2949 2760 3005 intimis
2783 2948 3096 3018 praecordiis
3115 2946 3347 3000 hominis
3375 2959 3581 3010 vocem,
3610 2957 3730 3012 qum

492 3038 717 3109 θρώπου
760 3040 911 3113 φωνὴ
957 3041 1033 3113 μὴ
1076 3041 1435 3113 συγχρωμένη
1468 3040 1545 3111 τῷ
1575 3039 1807 3112 σώματι,
1841 3041 1907 3112 ἢν
1949 3039 2059 3094 ἐσθ’

494 3131 584 3183 ὅτε
611 3134 689 3196 εἰς
712 3132 872 3185 αὑτὸν
895 3132 1195 3203 συναχθεὶς,
1221 3134 1314 3187 καὶ
1347 3132 1598 3186 εἰσελθὼν
1624 3135 1703 3197 εἰς
1725 3133 1787 3197 τὸ
1816 3132 2061 3203 ταμιεῖόν

498 3238 612 3286 σου,
661 3223 754 3275 καὶ
795 3224 895 3294 τὴν
935 3224 1104 3296 θύραν
1146 3225 1253 3278 τῶν
1297 3225 1663 3297 αἰσθητηρίων
1708 3214 2056 3288 ἀποκλείσας,

495 3315 586 3367 καὶ
614 3316 720 3379 πᾶς
752 3316 1037 3388 γενόμενος
1068 3319 1171 3384 ἔξω
1201 3319 1449 3390 σώματος
1479 3318 1790 3390 ἀναπέμπει
1811 3318 1945 3390 πρὸς
1969 3316 2058 3370 τὸν

495 3406 655 3476 μόνον
687 3408 948 3463 ἀκούοντα
995 3412 1250 3483 τοιαύτης
1283 3413 1484 3483 φωνῆς.
1518 3411 1618 3465 Διά
1650 3410 1807 3464 τοῦτό
1845 3428 1927 3464 τοι
1956 3426 2059 3481 μη-

490 3495 682 3568 δεμιᾶς
725 3500 987 3573 αἰσθητῆς
1029 3503 1213 3573 φωνῆς
1259 3504 1364 3556 ὑπὸ
1410 3502 1502 3555 τοῦ
1549 3501 1828 3566 Μωῦσέως
1862 3501 2057 3568 ἀναγε-

487 3590 811 3663 γραμμένης
848 3594 1128 3661 γεγονέναι
1166 3595 1299 3665 φησί
1333 3594 1467 3668 πρὸς
1509 3594 1692 3659 αὐτὸν,
1720 3594 1795 3656 ὡς
1818 3592 1925 3645 ἀπὸ
1958 3592 2056 3663 τῆς

498 3678 740 3743 Ἐξόδου
774 3682 1201 3756 μεμαθήκαμενζ·
1232 3704 1250 3738 ι
1282 3687 1347 3739 Τί
1388 3686 1516 3758 βοᾷς
1557 3686 1693 3758 πρός
1726 3702 1829 3756 με;
1868 3702 1885 3735 ι
1915 3685 2055 3755 Βρα-

495 3776 617 3843 χεῖα
643 3774 875 3830 δὲ’πᾶσα
899 3778 1047 3850 φωνὴ
1072 3781 1104 3850 ή
1132 3779 1388 3850 περὶτῶν
1410 3779 1667 3847 ἐπιγείων
1693 3778 1786 3831 καὶ
1819 3775 2050 3847 μικρῶν,

487 3866 580 3918 καὶ
617 3867 885 3921 ταπεινῶν
932 3868 1179 3937 διέξοδος,
1231 3871 1325 3924 καὶ
1370 3869 1585 3942 αἴτησις
1630 3869 1738 3923 ἀπὸ
1777 3866 1941 3921 Θεοῦ·
1982 3869 2052 3938 ἢν

486 3955 842 4028 ἀπαγορεύων
874 3961 902 4012 ὀ
940 3960 1128 4033 Σωτὴρ
1159 3961 1488 4034 προσφέρειν
1532 3959 1610 4031 τῷ
1647 3960 1820 4031 Πατρί
1865 3975 2047 4030 φησιν·

491 4065 512 4098 ι
551 4048 759 4102 Αἰτεῖτε
787 4048 855 4103 τὰ
889 4052 1115 4121 μεγάλα,
1156 4055 1248 4107 καὶ
1277 4053 1344 4106 τά
1381 4052 1553 4124 μικρὰ
1586 4053 1712 4122 ὑμῖν
1750 4050 2051 4123 προστεθή-

488 4153 665 4192 σεταιο
689 4142 890 4194 αἰτεῖτε
913 4142 981 4195 τὰ
1014 4144 1331 4214 ἐπουράνια,
1362 4144 1458 4199 καὶ
1487 4143 1559 4197 τά
1585 4142 1801 4212 ἐπίγεια
1822 4158 2051 4212 προστελ-

484 4230 705 4302 θήσεται
730 4233 878 4303 ὑμῖν.
923 4252 943 4285 ι

2168 3041 2414 3109 corporis
2449 3035 2659 3111 organo
2690 3055 2795 3095 non
2842 3039 3135 3109 profertur,
3167 3037 3260 3093 sed
3292 3052 3451 3105 quam
3479 3036 3641 3089 homo
3670 3034 3724 3088 in

2170 3146 2229 3189 se
2253 3132 2511 3189 collectus
2537 3140 2591 3188 et
2623 3132 2674 3186 in
2704 3131 3013 3186 cubiculum
3063 3131 3363 3202 ingressus,
3391 3127 3724 3195 occlusaque

2166 3240 2419 3280 sensuum
2451 3235 2630 3294 porta,
2659 3233 2911 3292 totusque
2940 3235 3094 3279 extra
3118 3239 3317 3292 corpus
3343 3221 3549 3291 positus
3564 3218 3719 3273 emit-

2167 3320 2232 3373 tit
2264 3319 2331 3373 ad
2355 3332 2476 3373 eum
2508 3317 2598 3386 qui
2630 3316 2775 3371 solus
2799 3314 3058 3384 ejusmodi
3089 3331 3274 3370 vocem
3304 3313 3491 3367 audire
3525 3318 3723 3380 potest.

2164 3410 2527 3477 Quamobrem
2580 3408 2681 3464 etsi
2724 3425 2831 3464 non
2864 3408 3105 3477 legamus
3137 3405 3300 3461 ullam
3334 3404 3557 3475 Moysen
3602 3416 3725 3456 sen-

2163 3505 2316 3558 silem
2367 3517 2550 3556 vocem
2597 3503 2864 3567 emisisse,
2895 3502 2943 3554 ei
2990 3510 3163 3553 tamen
3217 3497 3415 3552 dicitur
3444 3510 3471 3548 a
3517 3495 3626 3547 Deo
3667 3492 3723 3545 in

2163 3595 2419 3649 Exodo“
2446 3613 2458 3648 :
2481 3613 2499 3645 ‹
2525 3594 2663 3660 Quid
2696 3593 2897 3648 clamas
2924 3592 2991 3645 ad
3026 3590 3146 3644 me?
3169 3609 3187 3642 ι
3223 3587 3398 3643 Exilis
3420 3586 3594 3641 omnis
3616 3599 3722 3639 vox

2161 3698 2245 3742 est
2289 3702 2409 3756 quae
2453 3686 2519 3740 de
2560 3683 2791 3740 terrenis
2836 3693 2893 3739 et
2942 3681 3102 3736 ﬂuxis
3126 3681 3290 3736 rebus
3320 3677 3630 3733 obtinendis
3655 3674 3721 3729 ad

2161 3776 2328 3829 Deum
2364 3775 2650 3831 emittitur.
2686 3775 2836 3828 Hanc
2876 3773 3122 3826 Salvator
3167 3773 3233 3826 ad
3288 3771 3500 3825 Patrem
3537 3767 3718 3838 prole-

2161 3867 2380 3922 remlam
2413 3874 2596 3936 negat,
2626 3881 2746 3920 cum
2771 3866 2848 3919 ait
2879 3863 3012 3937 (94‘)
3039 3879 3054 3918 :
3092 3880 3109 3913 ι
3138 3863 3375 3930 Qumrite
3407 3875 3623 3929 magna,
3661 3868 3717 3912 et

2156 3972 2322 4027 parva
2354 3956 2507 4010 vobis
2542 3954 2863 4025 adjicientur
2891 3956 3157 4025 :quaerite
3210 3953 3469 4016 cteleslia,
3508 3961 3561 4006 et
3602 3961 3717 4004 ter~

2159 4064 2286 4104 rena
2321 4048 2642 4115 adjicleutur
2674 4047 2843 4103 vobis.
2892 4065 2911 4097 ι

568 4311 912 4389 ’θρτίζῖεσθᾲ
938 4325 1034 4378 καὶ
1051 4324 1137 4394 μὴ
1160 4324 1544 4395 ἁμαρτάνετε,
1572 4343 1626 4379 κ.
1654 4343 1704 4380 τ.
1734 4327 1779 4377 ὲ.
1815 4323 1930 4391 Ἦ,‹
1959 4324 2051 4395 ὀρ-

2226 4341 2390 4395 \'Ens.
2407 4339 2800 4403 5.11'ascimini,
2827 4352 2871 4395 ct
2896 4341 3056 4396 nolite
3070 4359 3304 4406 peccare,
3323 4341 3551 4396 elc.Vox
3572 4341 3708 4409 haec,

483 4410 717 4479 Υίξεσθε,
757 4433 777 4465 ι
809 4416 959 4487 φωνὴ
994 4415 1106 4488 (95)
1138 4418 1390 4488 σημαίνει
1432 4418 1493 4470 τὸ
1522 4416 1912 4489 προστακτικὸν
1946 4432 2046 4468 κα-

477 4507 768 4579 τηγόρημα
788 4525 800 4537 ο
853 4510 1104 4579 σημαίνει
1130 4508 1185 4563 δὲ
1214 4510 1309 4563 καὶ
1335 4510 1394 4564 τὸ
1430 4509 1704 4581 ὀριστικὸν
1738 4509 1842 4561 ὑπό
1886 4524 2046 4561 τινων

479 4598 812 4670 καλούμενον
842 4600 1305 4667 διαϐεϐαιωτικὸν,
1346 4596 1485 4655 οἷον·
1513 4599 1862 4673 ὀργιζόμεθα,
1890 4598 2044 4674 ὀργί-

478 4691 660 4756 ζεσθε,
696 4692 1022 4764 ὀργίζονται.
1062 4695 1228 4750 Πάλιν
1260 4694 1399 4749 κατά
1429 4694 1585 4748 ἄλλον
1616 4694 1813 4765 τρόπον
1838 4696 1871 4763 ἠ
1906 4693 2042 4763 ὀργὴ

476 4784 835 4855 προσηγορία,
875 4785 966 4854 ἀφ’
999 4781 1066 4859 ἧς
1092 4788 1487 4859 ἐσχημάτισται
1512 4789 1592 4851 τὸ,
1629 4805 1647 4838 ι
1681 4784 1983 4859 ὀργίζεσθε,
2015 4803 2034 4836 ι

478 4874 733 4945 σημαίνει
768 4892 819 4928 τι
853 4879 1252 4948 προαιρετικὸν,
1296 4877 1362 4949 ἣν
1388 4876 1654 4948 ὡρίσαντό
1692 4893 1835 4938 τινες
1866 4874 2040 4947 ὄρεξιν

472 4965 1009 5037 ἀντιτιμωρήσασθαι
1054 4968 1180 5030 τοὺς
1202 4966 1516 5038 ἠδικηκέναι
1546 4967 1852 5030 δοκοῦντας.
1884 4966 2044 5038 Δηλοῐ

474 5053 531 5108 δὲ
564 5056 654 5108 καὶ
695 5056 1070 5128 ἀπροαίρετον,
1105 5058 1133 5111 δ
1162 5058 1383 5112 καλοῦσί
1417 5075 1559 5121 τινες
1586 5058 1924 5130 προπάθειαν
1954 5075 2040 5125 γι-

479 5147 722 5219 νομένην,
780 5148 871 5201 ἐπί
917 5167 1025 5204 τισι
1074 5150 1129 5203 δὲ
1178 5150 1483 5222 ἐρεθισμοῖς
1533 5150 1791 5206 ἕλκουσαν
1845 5154 1927 5220 ἐφ’
1974 5154 2039 5222 ἢν

472 5239 895 5320 προωρισάμεθα
924 5241 1112 5313 ὀργήν.
1144 5242 1216 5294 Τὸ
1246 5242 1432 5314 ἕτερον
1473 5242 1650 5294 τοίνυν
1692 5246 1780 5305 τὸ,
1826 5261 1845 5293 ι
1891 5243 2040 5312 ὀργί-

473 5322 651 5390 ζεσθε,
686 5346 704 5379 ι
736 5328 830 5381 ἐάν
850 5328 1231 5401 λαμϐάνωμεν,
1264 5330 1408 5399 λέγω
1430 5330 1487 5384 δὲ
1513 5331 1575 5382 τὸ
1599 5330 1956 5402 ἀπροαίρετον
1978 5333 2037 5386 τὸ

542 5436 584 5468 ¹⁹
619 5437 636 5491 l
668 5438 821 5497 Joan.
848 5456 909 5496 tt.
982 5443 1026 5474 '°
1049 5443 1218 5500 Exod.
1242 5462 1353 5510 xw,
1390 5446 1477 5501 15.

541 5532 652 5605 (94)
686 5536 925 5605 Μεγάλη

539 5604 843 5680 lide
872 5604 1030 5680 Millii
1055 5604 1186 5664 Nov.
1225 5611 1464 5668 Testam.
1502 5615 1691 5669 Matth.
1730 5632 1803 5680 vi,
1835 5618 1925 5673 25.

2155 4434 2533 4496 «irascimini,»
2555 4435 2797 4503 designat
2813 4435 3189 4505 imperativum
3210 4435 3449 4497 modum,
3469 4433 3713 4502 designat

2149 4527 2310 4580 etiam
2336 4524 2699 4590 definitivum,
2727 4528 2815 4595 qui
2846 4541 2872 4577 a
2899 4526 3217 4595 quibusdam
3245 4538 3456 4593 quoque
3489 4533 3712 4578 vocatur

2149 4612 2517 4674 aﬂirmativus.
2548 4622 2608 4668 ut
2644 4628 2767 4669 cum
2800 4614 3028 4669 dicimus
3055 4634 3069 4666 :
3103 4615 3410 4679 irascimur,
3440 4614 3709 4668 irascimi-

2147 4705 2225 4767 ni,
2251 4705 2576 4759 irascuntur.
2599 4704 2807 4760 Rursus
2824 4705 2932 4758 alio
2951 4708 3109 4760 modo
3131 4706 3225 4761 irae
3248 4706 3537 4775 appellatio
3554 4721 3583 4758 a
3604 4721 3708 4775 qua

2146 4796 2434 4851 deductum
2469 4806 2555 4852 est
2598 4798 2747 4865 illud,
2781 4798 3132 4862 «irascimini,
3164 4818 3182 4852 ι
3215 4799 3489 4868 signiﬁcat
3518 4800 3710 4854 volun-

2147 4887 2340 4940 tarium
2365 4887 2663 4958 quidpiam,
2686 4890 2829 4957 quod
2855 4889 3097 4944 nonnulli
3126 4890 3585 4957 deﬁnierunt,eos
3613 4891 3705 4959 qui

2147 4977 2300 5049 561
2341 4978 2541 5033 laesisse
2571 4980 2842 5045 videntur,
2872 4980 3161 5036 ulciscendi
3194 4982 3579 5052 appetentiam.
3616 4980 3695 5036 Si-

2146 5066 2366 5137 gniﬁcat
2391 5069 2555 5123 etiam
2584 5069 3031 5137 involuntarium,
3065 5073 3207 5141 quod
3236 5088 3266 5126 a
3296 5072 3569 5127 nonnullis
3600 5088 3699 5126 vo-

2146 5167 2300 5212 catur
2323 5160 2493 5230 prima
2523 5164 2812 5217 commotio
2833 5203 2847 5225 ,
2881 5179 2999 5232 qua:
3026 5164 3193 5219 certis
3222 5164 3541 5234 quibusdam
3573 5164 3699 5218 irri-

2148 5249 2439 5305 tationibus
2473 5251 2641 5305 trahit
2690 5252 2757 5306 ad
2803 5266 2920 5306 eam
2956 5268 3117 5321 quam
3164 5254 3315 5324 prius
3361 5252 3699 5307 deliniv'unus

2142 5336 2300 5392 iram.
2334 5338 2484 5406 Quod
2515 5343 2561 5395 si
2592 5341 2645 5396 in
2674 5342 2821 5397 hunc
2853 5344 3209 5414 posteriorem
3240 5359 3459 5401 sensum
3489 5343 3696 5412 accipi-

958 5539 1156 5619 μεθεκτή,
1191 5551 1294 5619 etc.
1336 5543 1563 5619 Schedaa
1606 5543 1914 5619 Combeﬁsii
1937 5587 1952 5611 ,
1987 5557 2039 5603 et
2076 5548 2287 5619 Grabii,
2322 5547 2491 5605 codex
2519 5545 2907 5612 Coislinianus,
2940 5546 3131 5601 Daniel
3158 5550 3453 5604 Barbarus.

541 5672 659 5747 (95)
700 5675 776 5742 Ἠ,
816 5695 833 5727 ι
881 5677 1197 5751 ὀργίζεσθε,
1242 5701 1260 5733 ι
1293 5682 1485 5753 φωνή,
1529 5695 1634 5742 etc.
1680 5672 1852 5744 Codd.
1876 5672 2061 5745 Barca

2167 5695 2282 5761 loc,
2316 5691 2530 5749 εοΙιοιιω
2556 5685 2892 5752 Combelisii,
2920 5694 2973 5740 ct
2998 5684 3189 5743 Daniel
3216 5688 3505 5745 Barbarus.
