4046 6152
428 200 567 255 1143

1798 197 1892 253 EX
1925 193 2223 251 ORIGENE

3584 201 3720 256 ΠΗ

427 335 549 372 tuus
580 316 711 372 illud
748 315 1107 381 «irascimini,
1139 334 1159 367 ι
1195 331 1301 371 non
1330 327 1417 372 est
1447 325 1728 388 peccatum
1765 334 1926 388 posse
1959 336 1988 373 a

2095 316 2235 370 κατὰ
2261 316 2356 388 τὴν
2381 317 2716 391 προπὰθειαν
2739 318 3035 390 γινόμενον,
3065 317 3187 373 οὐκ
3209 315 3378 370 ἔστιν
3409 316 3719 389 ἁμάρτημα

428 412 632 465 virtute
661 409 932 473 decidere,
961 424 1025 463 ac
1050 408 1203 478 juxta
1238 409 1383 463 hunc
1416 424 1635 464 sensum
1669 412 1719 464 in
1755 412 1989 480 impera-

436 504 549 555 tivo
588 502 748 555 modo
800 515 905 554 non
952 501 1060 556 erit
1108 501 1515 572 intelligendum
1562 502 1689 556 illud
1743 520 1762 554 ι
1797 503 1985 558 irasci-

424 590 584 653 mini,
615 606 636 641 ›
667 592 795 657 (quu
820 597 976 657 pacto
1005 591 1148 644 enim
1188 591 1441 659 imperari
1469 601 1647 659 potest
1692 594 1834 662 quod
1864 608 1984 647 non

420 691 507 735 est
545 681 837 749 liberum?)
883 681 976 735 sed
1028 683 1081 735 in
1122 683 1417 739 indicativo
1450 685 1611 738 modo
1635 722 1652 748 ,
1702 698 1758 738 ut
1795 700 1988 741 sensus

422 773 528 826 sit:
559 772 692 826 Cum
741 771 1042 827 irascimini
1086 782 1141 827 et
1170 774 1222 827 id
1253 774 1403 830 vobis
1443 774 1864 844 incogitantibus
1897 792 1989 832 ac-

421 862 572 924 cidit,
604 861 740 916 nihil
767 878 799 916 a
834 864 988 921 vobis
1033 864 1245 919 addatis
1269 906 1285 934 ,
1333 865 1573 936 nihilque
1613 867 1879 936 vituperio
1909 867 1989 922 di-

422 969 587 1019 guunt
617 965 879 1023 sequatur
910 956 965 1011 id
1007 956 1149 1025 quod
1189 956 1459 1027 vituperio
1490 957 1709 1026 dignum
1735 973 1841 1012 nou
1880 966 1982 1013 est.

422 1043 573 1109 Quod
602 1043 779 1097 innuit
810 1044 894 1099 his
924 1045 1143 1100 verbis:
1172 1044 1274 1099 «Et
1300 1046 1465 1100 nolite
1494 1060 1741 1114 peccare.
1769 1066 1788 1099 ι
1823 1046 1985 1104 Docet

424 1133 589 1201 igitur
610 1134 712 1189 hoc
739 1134 853 1189 loco
877 1132 1154 1205 Scriptura
1180 1150 1301 1190 esse
1324 1136 1459 1189 iram
1485 1136 1717 1205 aliquam
1740 1151 1857 1206 qua:
1879 1152 1984 1190 non

423 1224 494 1277 sit
536 1235 818 1293 peccatum
849 1266 864 1292 ,
898 1241 1126 1296 qumque
1169 1226 1407 1282 nondum
1443 1243 1472 1280 a
1509 1226 1680 1282 libera
1710 1228 1987 1283 voluntate

422 1327 541 1370 orta
576 1331 677 1371 nos
718 1326 924 1387 urgeat,
955 1326 1008 1373 et
1048 1318 1171 1372 aliis
1204 1330 1415 1374 noceat.
1451 1319 1587 1375 lluic
1619 1320 1985 1389 explanationi

422 1408 570 1462 vocis
596 1424 615 1457 ι
641 1408 961 1473 irascimini,
987 1428 1006 1460 ι
1034 1408 1363 1480 suffragatur
1390 1410 1607 1480 Aquila,
1635 1413 1722 1482 qui
1757 1411 1985 1466 Hebrai-

423 1514 548 1552 cum
606 1500 826 1570 praprie
884 1500 1231 1570 interpretari
1304 1502 1495 1557 voluit.
1560 1502 1985 1559 luvoluntarium

422 1592 567 1645 enim
601 1595 743 1661 quod
791 1601 953 1648 antea
995 1594 1232 1650 diximus
1262 1609 1292 1648 a
1340 1594 1616 1651 nonnullis
1649 1596 1830 1652 vocari
1874 1596 1987 1666 pri-

2094 408 2471 463 ἀποπτωτικὸν
2502 407 2640 467 εἶναι
2674 411 2765 464 τοῦ
2800 410 2986 463 καλοῖ)⁹
3024 411 3131 464 καὶ
3168 408 3333 462 κατὰ
3364 408 3535 461 τοῦτό
3568 426 3633 477 γε
3658 411 3717 464 οὐ

2093 499 2154 552 τὸ
2177 501 2568 572 προστακτικὸν
2596 504 2874 572 νοήσωμεν
2899 502 3165 573 εἰρῆσθαι
3183 501 3256 553 τὸ
3296 520 3317 551 ι
3341 500 3667 571 ὀργίζεσθε,
3694 524 3710 554 ι

2095 588 2114 660 (
2131 589 2242 653 πῶς
2266 589 2371 663 γὰρ
2403 591 2467 644 ἃν
2494 591 2791 662 δυναίμεθα
2816 590 3277 662 προστάττεσθαι
3309 590 3379 644 τὸ
3417 591 3718 661 ἀπροαίρε-

2093 681 2258 748 τον;)
2299 680 2437 735 ἁλλὰ
2475 682 2534 735 τὸ
2566 682 2861 752 ὁριστικὸν,
2906 682 2972 734 ἶν’
3102 682 3245 735 ὅλον
3297 681 3367 733 τὸ
3419 681 3715 751 λεγόμενον

2092 769 2354 824 τοιοῦτοψ
2392 772 2550 825 Ὅσον
2582 769 2860 843 ὀργίζεσθε
2892 774 2986 826 καὶ
3028 773 3356 843 συμϐαίνει
3390 770 3559 825 τοῦτο
3592 774 3715 843 ὑμῖν

2093 861 2192 915 οὐκ
2225 861 2407 932 ἔχουσι
2434 862 2571 933 πρὸς
2597 863 2754 916 τοῦτο
2781 863 3094 934 λογισμοὺς,
3135 862 3298 915 ἀλλὰ
3337 862 3406 914 τὸ
3442 863 3582 933 παρ’
3615 865 3682 915 αὖ

2092 953 2199 1006 τῶν
2235 955 2309 1024 μὴ
2346 954 2648 1026 προσθῆτε·
2694 954 2828 1007 ἀλλὰ
2859 955 2935 1025 τῷ
2984 955 3380 1026 συμϐαίνοντι
3423 955 3489 1007 οὐ
3534 951 3747 1027 spent?

2091 1043 2288 1118 ψελιτόν
2334 1063 2386 1098 τι
2444 1045 2517 1117 μὴ
2560 1045 3004 1117 ἀκολουθησὰτωο
3057 1048 3215 1118 ὅπερ
3275 1046 3445 1117 δηλοῖ
3495 1049 3556 1098 ἐν
3601 1049 3705 1117 τῷ·

2099 1102 2117 1186 ί
2144 1102 2252 1189 Καὶ
2283 1135 2355 1206 μὴ
2386 1102 2743 1208 ἁμαρτάνετε.
2779 1102 2974 1192 »ιυῖδεν
3000 1133 3094 1192 οὖν
3123 1102 3235 1191 καὶ
3265 1102 3473 1191 ἐνθάδε
3497 1142 3527 1192 ὁ
3561 1102 3710 1207 λόγος

2093 1225 2213 1279 τινὰ
2254 1227 2421 1297 ὀργὴν
2462 1228 2561 1280 οὐκ
2606 1224 2769 1282 οὖσαν
2806 1229 3101 1300 ἁμαρτίαν,
3152 1230 3263 1283 καὶ
3313 1230 3559 1284 οὐδέπου
3607 1234 3708 1285 ἀπὸ

2093 1317 2184 1369 τοῦ
2233 1319 2317 1387 ἐφ’
2353 1320 2481 1389 ἡμῖν
2509 1319 2809 1391 ἐρχομένην
2850 1321 3167 1393 παθητικὴν
3201 1322 3309 1374 καί
3340 1338 3706 1392 κακοποιητι-

2093 1408 2213 1477 κήν.
2248 1409 2531 1479 Μαρτυρεῖ
2569 1408 2627 1461 δὲ
2663 1411 2727 1479 τῇ
2759 1408 2951 1481 ὲκδοχῇ
2983 1410 3048 1480 τῇ
3082 1408 3383 1482 εἰρημένῃ
3422 1409 3557 1480 περὶ
3593 1409 3703 1471 τοῦ,

2098 1516 2117 1549 ι
2155 1498 2458 1570 ὀργίζεσθε,
2492 1518 2510 1549 ι
2556 1501 2586 1552 ό
2624 1500 2850 1563 Ἀκύλας
2870 1500 2932 1553 τὸ
2952 1500 3143 1572 κύριον
3184 1500 3557 1572 ἑρμηνεῦσαι
3588 1500 3705 1570 βου-

2092 1590 2273 1662 ληθεὶς
2304 1590 2397 1643 τοῦ
2441 1589 2747 1661 Ἐϐραῖκοῦ’
2784 1590 2844 1644 τὸ
2878 1592 2989 1662 γάρ
3018 1592 3436 1664 ἀπροαίρετον,
3469 1592 3499 1645 ὃ
3527 1610 3705 1663 προει-

425 1697 565 1736 mam
600 1684 1040 1747 commotionem,
1068 1685 1431 1741 turbationem
1471 1697 1526 1741 et
1569 1686 1986 1742 commotionem

2095 1684 2337 1754 ρήκαμεν
2377 1682 2733 1753 ὀνομάζεσθαι
2778 1683 3119 1757 προπάθειαν
3164 1685 3339 1757 παρά
3382 1702 3557 1748 τισιν,
3591 1684 3704 1736 κλό-

426 1773 595 1828 animi
636 1787 763 1830 esse
794 1774 1121 1839 arbitratus,
1170 1777 1282 1831 ait:
1339 1795 1357 1827 ι
1388 1777 1705 1833 Turbatnini
1737 1788 1793 1833 et
1824 1778 1991 1833 nolite

426 1879 677 1932 peccare.
713 1884 734 1918 ι
772 1863 1167 1937 Quodquidetn,
1215 1887 1235 1920 ‹
1267 1869 1585 1934 turbamini,
1616 1890 1636 1923 ι
1673 1886 1779 1924 non
1814 1878 1896 1924 est
1938 1872 1989 1924 in

425 1956 746 2026 imperativo
790 1961 950 2015 modo
999 1958 1321 2031 (absurdum
1361 1965 1507 2018 enim
1550 1974 1635 2018 est
1670 1963 1989 2033 prophetam

423 2051 719 2120 praecipere
754 2050 1156 2125 turbationem),
1186 2057 1279 2111 sed
1309 2057 1363 2111 in
1408 2057 1695 2112 indicativo
1733 2058 1913 2122 modo,
1935 2069 1993 2112 ut

424 2142 662 2199 diximus
679 2143 744 2198 de
760 2159 893 2199 voce
920 2164 938 2197 ι
971 2146 1301 2213 irascimini;
1322 2168 1337 2199 ι
1364 2148 1587 2217 perinde
1604 2165 1667 2203 ac
1694 2150 1986 2204 sidiceret:

426 2237 483 2290 Si
529 2237 681 2292 vobis
732 2238 1013 2309 contingat
1069 2249 1130 2292 ut
1178 2240 1491 2306 turbemiui,
1542 2242 1707 2296 nolite
1746 2257 1989 2311 peccare.

496 2326 629 2393 Qua:
654 2329 830 2384 dicitis
856 2328 911 2383 in
938 2330 1182 2384 cordibus
1211 2333 1414 2396 vestris,
1438 2333 1496 2386 iu
1526 2332 1779 2387 cubilibus
1810 2334 1991 2388 vestris

424 2421 876 2490 compungimini,
910 2430 1017 2476 etc.
1070 2421 1163 2477 llis
1193 2412 1411 2479 videtur
1456 2424 1654 2480 docere
1697 2426 1995 2495 quemlibet

426 2510 667 2567 cubitum
697 2521 916 2568 euntem
934 2511 1145 2592 debere
1175 2528 1206 2568 a
1238 2516 1419 2584 seipse
1461 2529 1648 2571 eorum
1676 2531 1796 2586 quae
1821 2518 1992 2572 inter-

424 2602 517 2656 diu
550 2602 744 2672 egerit,
776 2604 1042 2660 rationem
1079 2614 1353 2674 repetere,
1367 2616 1422 2660 et
1451 2608 1522 2662 ob
1549 2623 1611 2662 ea
1649 2624 1771 2678 quae
1801 2619 1992 2664 contra

430 2705 634 2751 rectam
677 2696 941 2752 rationem
989 2696 1179 2752 fecerit
1204 2736 1221 2763 ,
1252 2698 1491 2767 seipsum
1528 2700 1854 2769 improbare,
1899 2716 1991 2755 ar-

426 2802 594 2856 guere
626 2795 681 2843 et
705 2787 888 2843 verbis
917 2803 1305 2860 compungere.
1341 2788 1474 2844 Nam
1512 2792 1555 2845 si
1585 2794 1688 2847 hoc
1737 2803 1993 2848 accurate

425 2894 491 2932 ac
515 2877 700 2934 sedulo
733 2877 826 2932 ﬁat
845 2918 861 2944 ,
893 2878 961 2933 ab
989 2863 1236 2935 honestis
1266 2896 1365 2936 nec
1392 2882 1742 2946 abducemur,
1769 2864 1870 2940 nec
1898 2885 1992 2940 de-

428 2970 692 3023 labemttr.
738 2967 864 3036 Quae
894 2969 1101 3037 dicitis,
1133 2970 1340 3040 inquit,
1374 2987 1438 3031 ea
1480 2988 1578 3028 vos
1607 2984 1989 3045 compungam,

427 3075 537 3129 quo
588 3070 831 3130 tempore
883 3062 950 3115 ad
1009 3061 1387 3119 dormiendum
1442 3064 1783 3122 decumbitis.
1831 3067 1991 3124 Parte

428 3154 602 3208 utitur
639 3162 698 3207 ut
725 3153 905 3207 omnia
946 3162 1167 3221 peccata
1203 3154 1428 3211 indicet.
1460 3155 1595 3211 Pars
1622 3167 1988 3228 peccatorum,

427 3262 491 3300 ea
512 3255 639 3302 sunt
661 3260 784 3315 qua:
809 3246 989 3300 verbis
1020 3236 1453 3303 committuntur.
1485 3249 1562 3303 Ea
1588 3249 1727 3305 forte
1748 3252 1848 3307 hoc
1875 3251 1992 3307 loco

426 3338 824 3401 praemittuntur
875 3335 996 3391 aliis
1043 3338 1285 3405 peccatis
1335 3352 1455 3407 quae
1514 3343 1789 3409 operando
1832 3340 1989 3398 ﬁunt.

425 3429 691 3484 Caeterum
725 3428 828 3483 hoc
858 3426 1120 3483 verbum:
1151 3428 1515 3503 κατανύγητε,
1550 3450 1568 3482 ι
1592 3434 1990 3504 compungimi-

428 3521 524 3586 ui,
562 3540 583 3573 ι
637 3520 779 3589 quod
825 3518 970 3575 forte
1009 3535 1185 3590 neque
1231 3521 1370 3591 apud
1407 3523 1647 3579 eruditos
1699 3526 1994 3595 scriptores

426 3610 645 3667 Graecos
693 3611 965 3668 invenitur
991 3653 1013 3681 ,
1042 3626 1216 3682 neque
1265 3612 1317 3666 in
1353 3628 1453 3669 usu
1491 3623 1576 3668 est
1606 3616 1745 3686 apud
1775 3632 1870 3673 eos
1900 3621 1990 3688 qui

427 3704 617 3759 Graeca
646 3702 823 3775 lingua
856 3713 1103 3770 utuntur,
1123 3704 1321 3775 sacpius
1356 3713 1534 3760 tamen
1564 3708 1784 3777 proprie
1814 3710 1881 3763 ab
1914 3712 1991 3765 in-

430 3792 753 3863 terpretibus
800 3801 1129 3863 usurpatur,
1179 3808 1300 3849 cunt
1353 3809 1537 3849 sermo
1566 3804 1651 3850 est
1690 3795 1758 3849 de
1804 3797 1869 3849 iis
1900 3800 1990 3867 qui

428 3885 747 3941 delictorum
777 3886 858 3942 vel
888 3886 965 3941 rei
996 3885 1279 3955 cujuslibet
1310 3885 1532 3940 alterius
1560 3902 1723 3942 causa
1749 3890 1995 3944 morden-

431 3980 536 4024 tur.
573 3968 666 4023 Sic
691 3970 743 4023 in
777 3973 936 4026 tertio
978 3971 1115 4025 libro
1157 3969 1356 4042 Regum
1390 3987 1621 4026 narrans
1667 3973 1946 4041 Scriptura
1975 4017 1990 4041 ,

427 4061 697 4130 quomodo
741 4062 929 4115 Achab
963 4078 1056 4116 rex
1088 4062 1271 4128 Israel,
1298 4062 1368 4116 ob
1410 4062 1750 4132 concupitum
1781 4063 1990 4120 Naboth

426 4152 767 4209 Jezrahelita:
787 4168 973 4221 agrum
1001 4154 1377 4223 reprehensus,
1398 4157 1768 4224 paenitentiam
1796 4160 1990 4227 egerit,

431 4248 507 4300 ait
530 4245 611 4300 “:
651 4265 669 4296 ι
698 4243 1083 4300 Verumtamen
1113 4244 1313 4299 frustra
1345 4246 1557 4310 Achab,
1587 4249 1675 4317 qui
1710 4253 1995 4306 venumda-

430 4348 515 4393 tus
546 4346 629 4394 est
671 4337 851 4392 facere
899 4336 1096 4389 malum
1129 4336 1180 4389 in
1214 4341 1503 4406 conspectu
1555 4340 1802 4396 Domini:
1855 4344 1995 4398 sicut

428 4432 625 4486 evertit
653 4446 776 4486 eum
805 4428 1025 4484 Jezabel
1056 4444 1195 4483 uxor
1227 4429 1387 4501 562
1420 4431 1552 4502 ejus.
1600 4433 1667 4487 Et
1695 4435 1871 4490 factus
1910 4449 1996 4492 εει

430 4523 811 4578 abominabilis
853 4521 1031 4585 valde,
1066 4522 1243 4575 eundo
1272 4532 1394 4590 post
1431 4524 1863 4583 abominationes
1908 4545 1996 4584 se-

431 4616 667 4671 cundum
693 4616 872 4669 omnia
907 4630 1026 4683 qua:
1056 4612 1257 4687 fecerat
1287 4613 1637 4671 Amorrhzrus
1658 4658 1673 4681 ,
1707 4633 1863 4688 quem
1898 4637 1996 4674 ex-

434 4707 747 4763 terminavit
784 4706 1044 4761 Dominus
1072 4720 1102 4759 a
1133 4704 1273 4761 facie
1304 4705 1535 4762 filiorum
1582 4707 1770 4764 Israel.
1805 4711 1868 4763 Et
1898 4728 1993 4781 pro

432 4799 624 4866 verbo,
650 4798 1305 4868 quomodo’compunctus
1328 4806 1410 4851 est
1444 4797 1630 4854 Achab
1663 4819 1691 4855 a
1720 4802 1860 4857 facie
1892 4806 1993 4858 Do-

432 4891 558 4946 mini
580 4931 594 4953 ,
644 4900 699 4945 et
730 4890 840 4943 ibat.
886 4888 1126 4961 plorans,
1159 4898 1214 4944 et
1246 4890 1514 4945 conscidit
1546 4894 1781 4947 tunicam
1813 4911 1990 4962 suam,

429 4993 481 5037 et
507 4981 745 5036 accinxit
771 4996 989 5036 saccum
1013 4996 1174 5050 super
1196 4996 1394 5050 corpus
1425 4996 1600 5045 suum,
1630 4993 1686 5036 et
1704 4985 1993 5054 jejuuavit,

428 5085 485 5130 et
522 5075 742 5129 indutus
772 5082 857 5129 est
886 5088 1103 5128 saccum
1135 5073 1187 5127 in
1221 5073 1305 5126 die
1330 5113 1343 5137 ,
1377 5089 1480 5142 qua
1514 5077 1786 5144 percussit
1815 5076 1994 5131 Nabu-

432 5169 542 5224 thai
572 5167 939 5229 Jezraelitem,
968 5178 1022 5221 et
1048 5166 1163 5221 ivit.
1194 5166 1258 5220 Et
1286 5166 1487 5220 factum
1518 5174 1602 5221 est
1631 5168 1853 5222 verbum
1884 5170 1990 5225 Do-

432 5259 561 5313 utiui
589 5258 642 5313 in
672 5275 832 5312 manu
863 5257 1001 5311 servi
1034 5257 1115 5311 sui
1144 5256 1259 5310 Eliu
1289 5256 1354 5311 de
1377 5257 1564 5313 Achab
1589 5276 1602 5311 :
1640 5268 1694 5315 et
1721 5260 1857 5314 dixit
1886 5261 1992 5318 Do-

433 5352 647 5406 minus:
701 5349 939 5417 Vidisti,
1001 5350 1454 5419 quemadmodum
1505 5362 1861 5423 compunctus
1908 5365 1993 5410 est

502 5497 543 5528 ἰ
568 5495 631 5551 ill
656 5498 787 5567 Reg.
827 5516 935 5565 am,
962 5498 1031 5553 25
1057 5509 1111 5553 et
1131 5512 1285 5566 seqq.

2091 1789 2178 1825 vov
2230 1773 2325 1826 καὶ
2381 1774 2604 1845 σεισμὸν
2658 1774 2759 1844 τῆς
2805 1775 2982 1845 ψυχῆς
3036 1776 3284 1847 νομίσας
3329 1771 3483 1830 εἷναί
3538 1790 3698 1845 φησιο

2097 1882 2115 1914 t
2140 1862 2427 1917 Κλονεῖσθε
2449 1865 2543 1918 καὶ
2575 1865 2648 1936 μὴ
2678 1864 3037 1936 ἁμαρτάνετε·
3081 1886 3100 1917 ›
3131 1868 3286 1938 ὅπερ
3327 1885 3347 1915 ι
3375 1864 3655 1918 κλονεῖσθε
3676 1882 3694 1914 ι

2090 1955 2189 2008 οὐκ
2231 1954 2344 2008 ἐστι
2382 1958 2799 2027 προστακτικὸν,
2825 1958 3069 2032 (ἄτοπον
3108 1959 3231 2029 γὰρ
3268 1959 3368 2012 τὸν
3415 1959 3695 2029 προφήτην

2092 2047 2453 2118 προστάσσειν
2494 2049 2847 2121 κλονεῖσθαι·)
2881 2050 2995 2102 ἀλλ’
3026 2050 3102 2114 ὡς
3134 2052 3239 2103 ἐπὶ
3274 2050 3378 2103 τοῦ
3433 2070 3451 2101 ι
3483 2048 3693 2118 ὀργίζε-

2094 2140 2186 2194 σθε
2226 2160 2245 2192 ι
2277 2143 2601 2214 εἰρήκαμεν,
2646 2142 2938 2214 ὁριστικὸν,
2965 2138 3096 2196 οἷονο
3135 2143 3204 2195 Εἰ
3237 2141 3540 2214 συμϐαίνει
3567 2141 3689 2211 ὑμῖν

2092 2231 2414 2297 κλονεῖσθαι,
2447 2234 2520 2305 μὴ
2548 2234 2913 2306 ἁμαρτάνετε.

2170 2324 2237 2376 Ἃ
2269 2321 2475 2391 λέγετε
2501 2323 2572 2375 ἐν
2599 2322 2728 2388 ταῖς
2759 2321 3031 2390 καρδίαις
3051 2321 3249 2391 ὑμῶν,
3286 2323 3392 2375 ἐπὶ
3424 2319 3554 2385 ταῖς
3573 2317 3685 2371 κοί-

2091 2428 2221 2479 ταις
2265 2412 2431 2482 oper
2458 2415 2857 2483 κατανύγητε,
2889 2430 2943 2466 κ.
2974 2430 3024 2466 τ.
3076 2415 3125 2467 ὲ.
3157 2413 3266 2467 Διὰ
3304 2412 3517 2466 τούτων
3548 2411 3684 2464 ἔοικε

2091 2503 2360 2557 διδάσκειν
2388 2504 2496 2575 (96)
2522 2504 2630 2558 δεῖν
2651 2506 2879 2558 ἕκαστον
2903 2506 2995 2557 ἐπὶ
3018 2504 3115 2576 τὴν
3137 2506 3343 2576 κοίτην
3372 2504 3519 2557 ἰόντα
3551 2504 3676 2554 ἀπο-

2091 2595 2346 2666 λογισμὸν
2387 2597 2575 2650 ἑαυτὸν
2618 2598 2866 2650 ἀπαιτεῖν
2897 2596 3004 2649 τῶν
3058 2597 3179 2668 μεθ’
3215 2598 3445 2669 ἡμέραν
3480 2610 3680 2664 πεπρα-

2092 2689 2330 2759 γμένων,
2351 2691 2442 2743 καὶ
2467 2689 2558 2742 ἐπὶ
2586 2692 2697 2752 τοῖς
2717 2689 2867 2760 παρὰ
2888 2689 2979 2742 τὸν
3002 2689 3161 2761 ὀρθὸν
3189 2690 3359 2758 λόγον
3390 2684 3673 2756 γεγενημέ-

2094 2802 2203 2848 νοις
2234 2784 2394 2838 αὑτὸν
2427 2783 2673 2848 κακίζειν
2711 2784 3059 2855 μεμφόμενον
3102 2785 3199 2837 καὶ
3249 2782 3335 2853 τῷ
3377 2782 3521 2850 λόγῳ
3563 2795 3673 2831 κεν-

2090 2876 2304 2930 τοῦντα.
2333 2875 2502 2929 Τοῦτο
2527 2877 2635 2948 γὰρ
2666 2875 3046 2947 συνεχέστερον
3089 2874 3517 2946 ὲπιτελούμενον
3546 2872 3666 2923 ἀπο-

2095 2969 2280 3038 στήσει
2303 2969 2448 3038 ήμᾶς
2471 2967 2564 3021 τοῦ
2590 2968 2916 3021 ἀποπίπτειν
2939 2965 3047 3019 τῶν
3066 2965 3329 3019 δεόντων.
3381 2964 3449 3016 ’Δ
3474 2962 3665 3029 λέγετε,

2098 3060 2280 3129 φησὶν,
2324 3057 2495 3111 ταῦτα
2541 3059 2684 3128 ὑμᾶς
2723 3055 3077 3123 κατανυξὰτω
3122 3058 3180 3108 ὲν
3228 3054 3311 3126 τῷ
3357 3051 3532 3123 καιρῷ
3578 3047 3662 3101 τοῦ

2097 3154 2217 3215 ταῖς
2248 3151 2451 3215 κοίταις
2487 3151 2682 3215 αὐτοὺς
2718 3150 3031 3203 ἐπιδιδόναι.
3085 3148 3220 3200 ’Δπὸ
3250 3147 3456 3219 μέρους
3484 3144 3539 3197 δὲ
3566 3140 3661 3192 τῶν

2097 3245 2557 3315 ἁμαρτανομένων
2620 3244 2797 3297 πάντα
2861 3243 2929 3297 τὰ
2990 3241 3453 3313 ἁμαρτανόμενα·
3513 3235 3661 3307 μέρος

2097 3337 2559 3408 ἁμαρτανομένων
2591 3337 2652 3389 τὸ
2676 3337 2764 3390 διὰ
2784 3336 2974 3405 λόγων
3011 3335 3104 3388 καὶ
3139 3334 3284 3405 τάχα
3315 3333 3411 3385 καὶ
3446 3329 3541 3400 τῆς
3569 3325 3651 3379 ἀλ-

2097 3428 2194 3499 λης
2222 3428 2531 3500 πρακτικῆς
2571 3429 2841 3501 ἁμαρτίας
2874 3428 3103 3500 προάγει
3140 3425 3323 3494 λόγος.
3360 3422 3450 3492 Τῷ
3491 3420 3653 3487 μέντοι

2103 3540 2123 3573 ι
2172 3524 2514 3592 κατανύγητε
2567 3540 2584 3572 ι
2640 3521 2783 3584 ἰδίως
2837 3520 3094 3584 πολλάκις
3149 3521 3483 3590 ἐχρήσαντο·
3525 3510 3648 3578 τάχα

2097 3615 2220 3670 οὔτε
2249 3614 2398 3686 παρὰ
2442 3617 2555 3677 τοῖς
2595 3612 2901 3683 φιλοκάλοις
2937 3612 3043 3665 τῶν
3093 3611 3366 3682 Ἐλλήνων
3410 3603 3643 3675 κειμένῳ,

2099 3706 2221 3762 οὔτε
2247 3708 2304 3761 ὲν
2328 3710 2393 3777 τῇ
2424 3705 2679 3778 συνηθείᾳ
2703 3705 2811 3758 τῶν
2833 3708 2899 3776 τῇ
2938 3704 3145 3758 Ἑλλάδι
3171 3705 3326 3774 φωνῇ
3350 3695 3644 3771 χρωμένων

2099 3800 2193 3856 καὶ
2222 3796 2594 3870 ἁναγράφουσί
2618 3815 2681 3866 γε
2699 3798 2797 3868 τὴν
2822 3797 2966 3863 λέξιν
2988 3797 3191 3867 ταύτην
3219 3797 3316 3848 ἐπὶ
3341 3792 3446 3846 τῶν
3474 3790 3644 3843 δακνο-

2103 3891 2277 3961 μένων
2307 3889 2413 3942 τῶν
2450 3888 2855 3960 ἡμαρτημένων
2899 3888 3105 3951 ἕνεκεν,
3139 3886 3171 3938 ἦ
3205 3881 3282 3939 ὧν
3325 3884 3512 3974 δήποτε
3542 3874 3645 3974 ἑτέῖ

2103 4000 2227 4056 ρων·
2278 3983 2354 4047 ὼς
2413 3983 2471 4035 ὲν
2519 3984 2584 4053 τῇ
2633 3981 2790 4053 τρίτῃ
2845 3979 2952 4033 τῶν
3004 3975 3338 4031 Βασιλειῶν
3402 3971 3521 4042 περὶ
3562 3971 3642 4018 τοῦ

2112 4074 2312 4145 Ἀχαὰὃ
2353 4072 2614 4144 βασιλέως
2648 4070 2860 4143 Ἰσραὴλ
2882 4069 3210 4141 διηγουμένη
3243 4070 3275 4138 ἡ
3310 4066 3348 4119 Γ
3352 4062 3511 4137 ραφὴ,
3539 4060 3643 4111 τίνα

2098 4169 2296 4239 τρόπον
2330 4166 2603 4237 ἐλεγχθεὶς
2635 4165 2739 4218 ὑπὸ
2770 4162 2863 4217 τοῦ
2898 4164 3174 4235 προφήτου
3229 4160 3414 4214 Ἠλίου
3454 4155 3537 4209 ἐπὶ
3574 4148 3638 4220 τῷ

2099 4260 2557 4332 ὲπιτεθυμηκέναι
2591 4257 2684 4311 τοῦ
2725 4256 2895 4328 ἀγροῦ
2930 4256 3205 4310 Ναϐουθαὶ
3236 4254 3332 4309 τοῦ
3377 4243 3638 4332 Ἰεζραηλίέ

2098 4368 2191 4405 του
2227 4331 2489 4422 μετανοεῖ,
2527 4349 2659 4420 φησὶ
2693 4347 2897 4415 ταῦτας
2937 4365 2956 4397 ι
2992 4346 3137 4418 Πλὴν
3181 4345 3421 4416 ματαίως
3459 4331 3636 4407 ’Δχαάδ

2099 4443 2158 4507 ὃς
2188 4442 2399 4514 ἐπράθη
2434 4444 2656 4514 ποιήσαι
2683 4441 2745 4495 τὸ
2784 4439 3025 4511 πονηρὸν
3065 4437 3291 4491 ἐνώπιον
3331 4432 3539 4507 Κυρίου,
3570 4425 3631 4485 ὡς

2103 4533 2398 4605 μετέθηκεν
2428 4534 2587 4587 αὑτὸν
2632 4534 2866 4599 Ἰεζάϐελ
2912 4536 2945 4604 ὴ
2992 4531 3130 4601 γυνὴ
3158 4530 3341 4584 αὑτοῦ.
3377 4524 3478 4579 Καὶ
3507 4516 3630 4571 €665-

2100 4626 2268 4697 λύχθη
2311 4625 2512 4695 σφόδρα
2545 4625 2869 4694 πορεύεσθαι
2907 4625 3081 4678 ὀπίσω
3127 4620 3235 4677 τῶν
3286 4610 3627 4693 βδελυγμάτων

2100 4718 2242 4772 κατὰ
2270 4717 2444 4771 πάντα
2471 4716 2505 4769 ἆ
2529 4716 2822 4788 ἐποίησενό
2855 4718 3199 4790 Ἀμορραῖος,
3225 4716 3282 4769 ὃν
3306 4706 3622 4780 ὲξωλόίῖρενσε

2093 4809 2296 4880 Κύριος
2328 4809 2435 4863 ἀπὸ
2468 4808 2756 4880 προσώπου
2799 4809 2906 4863 τῶν
2935 4809 3063 4862 υἱῶν
3112 4809 3347 4881 Ἰσραήλ.
3382 4805 3479 4859 Καὶ
3508 4797 3622 4864 ὑπὲρ

2092 4901 2186 4954 τοῦ
2216 4901 2373 4969 λόγου
2415 4900 2489 4965 ὡς
2531 4901 2798 4973 κατενύγη
2838 4900 3041 4972 Ἀχαὰὸ
3086 4902 3193 4955 ὰπὸ
3236 4899 3506 4973 προσώπου
3543 4883 3620 4940 τοῦ

2094 4993 2321 5063 Κυρίου,
2354 4993 2447 5047 καὶ
2474 4994 2764 5063 ἐπορεύετο
2794 4993 3017 5059 κλαίων,
3060 4994 3154 5046 καὶ
3180 4990 3422 5064 διέρρηξε
3447 4986 3526 5037 τὸν
3552 4996 3618 5048 χι-

2094 5085 2239 5139 τῶνα
2266 5086 2451 5152 αὺτοῦ,
2475 5087 2569 5139 καὶ
2598 5085 2839 5150 ἐζώσατο
2867 5086 3065 5141 σάκκον
3091 5086 3183 5142 ἐπὶ
3204 5085 3265 5137 τὸ
3292 5085 3439 5152 σῶμα
3463 5076 3612 5130 αὐτου.

2097 5179 2191 5232 καὶ
2218 5180 2527 5249 ὲνήστευσε,
2563 5181 2657 5233 καὶ
2688 5180 3039 5250 περιεϐάλετο
3069 5180 3270 5233 σάκκον
3302 5180 3358 5249 ξεν
3382 5177 3439 5244 τῇ
3465 5164 3614 5239 ἡμέρὲ

2097 5264 2131 5342 ᾖ
2159 5270 2393 5339 ἐπάταξε
2416 5271 2691 5325 Ναϐουθαὶ
2718 5273 2809 5325 τὸν
2847 5273 3233 5345 Ἰεζραηλίτην,
3259 5273 3348 5325 καὶ
3367 5256 3606 5353 sampsa?

2098 5360 2206 5412 Καὶ
2255 5362 2470 5431 ἐγένετο
2520 5364 2667 5434 ῥῆμα
2713 5364 2918 5434 Κυρίου
2965 5364 3023 5416 ὲν
3073 5363 3215 5434 χειρί⁸
3259 5361 3431 5415 δούλου
3477 5350 3610 5406 αὐτοῦ

506 5636 615 5707 (96)
638 5638 738 5692 Διὰ
762 5640 985 5692 τούτων
1011 5641 1166 5694 ἔοικε
1198 5638 1524 5707 διδάσκειν,
1545 5640 1833 5698 etc.Codd.
1852 5641 1988 5708 lloe,

2095 5653 2261 5704 metu,
2281 5637 2493 5700 scbeda:
2511 5636 2851 5704 Combeiisii,
2869 5645 2921 5693 et
2942 5635 3243 5693 Barbarus.
