4046 6152
337 279 478 334 1185

1358 274 1667 332 SELECTA
1706 275 1772 330 lN
1804 274 2143 332 PSALMOS.
2177 307 2247 317 —
2289 274 2484 332 PSAL.
2525 272 2612 328 IV.

3455 276 3594 332 “Mi

349 392 532 445 Ἡλίου
558 391 682 463 περὶ
721 391 942 462 Ἀχαάϐ·
984 392 1078 446 καὶ
1104 388 1224 445 εἷπε
1261 391 1485 464 Κύριοςο
1534 389 1813 463 Ἑώρακας
1837 391 1912 454 ώς

2021 393 2203 446 Achab
2236 408 2262 445 a
2296 391 2435 445 facie
2463 389 2622 443 mea?
2644 385 2755 441 Non
2783 387 3039 443 inducam
3087 387 3288 442 malum
3325 388 3377 442 in
3406 388 3597 445 diebus

337 482 612 555 κατενύγη
660 483 862 553 Ἀχαὰϐ
902 483 1010 536 ἀπὸ
1052 482 1344 553 προσώπου
1391 499 1526 553 μου;
1564 483 1677 535 Οὐκ
1728 482 1916 547 ἐπάξω

335 581 435 646 τὴν
469 576 668 631 κακίαν
719 577 776 628 ἐν
822 578 941 639 ταῖς
981 577 1218 647 ἡμέραις
1267 574 1454 628 αὑτοῦ.
1509 595 1526 626 ι
1589 576 1698 628 Καὶ
1741 577 1798 629 ὲν
1840 572 1917 645 τῷ

336 672 394 724 δὲ
420 668 771 741 πεντηκοστῷ
794 670 998 739 ὲννάτῳ
1021 668 1239 739 ψαλμῷ·
1272 688 1289 719 ι
1321 668 1667 733 Συνέσεισας,
1706 687 1724 718 ι
1761 668 1914 737 φησὶ,

343 785 361 815 ι
404 765 502 835 τὴν
524 763 652 832 γῆν,
697 763 793 815 καὶ
828 762 1198 833 συνετάραξας
1232 762 1421 832 αὑτήν.
1473 763 1654 814 Ἴασαι
1682 761 1751 814 τὰ
1793 778 1919 813 συν-

336 856 623 927 τρίμματα
670 854 872 924 αὐτῆς,
920 854 1001 906 ὅτι
1062 852 1347 924 ἐσαλεύθη.
1393 849 1641 916 Ἐδειξας
1682 851 1762 921 τῷ
1803 850 1918 921 λαῷ

338 962 433 998 σου
507 944 742 1015 σκληράο
798 944 1056 1008 ὲπότισας
1137 945 1282 1014 ἡμᾶς
1351 938 1492 996 οῐνον
1547 940 1913 1006 κατανύξεως.

343 1037 592 1100 Ἐδωκας
617 1039 730 1100 τοῖς
775 1036 1128 1106 φοϐουμένοις
1168 1052 1227 1088 σε
1254 1034 1553 1106 σημείωσιν
1594 1032 1687 1087 τοῦ
1726 1035 1916 1102 φυγεῖν

341 1128 450 1181 ἀπὸ
483 1126 780 1199 προσώπου
809 1127 986 1193 τόξου.
1024 1147 1042 1177 ι
1078 1126 1407 1179 Πεποτίσθαι
1429 1125 1538 1196 γὰρ
1563 1124 1813 1195 ὁμολογεῖ
1842 1121 1917 1194 τῷ

339 1219 470 1289 οἴνῳ
503 1220 602 1289 τῆς
634 1217 979 1284 κατανύξεως
1017 1219 1045 1269 ὁ
1074 1216 1384 1287 Προφήτης.
1420 1216 1530 1269 Καὶ
1563 1217 1707 1276 ἐπεὶ,
1733 1215 1800 1267 ἵν’
1824 1215 1916 1269 οὓ-

340 1329 450 1374 τως
476 1311 633 1372 εἴπω,
666 1309 833 1379 ἐπεψε
876 1310 1000 1372 τοὺς
1031 1307 1222 1376 λόγους
1252 1309 1379 1371 τοὺς
1416 1307 1787 1376 ὲλεγκτικοὺς,
1823 1307 1918 1361 καὶ

342 1400 607 1453 πέπονθεν
635 1399 729 1453 ἀπ’
758 1398 937 1454 αὐτῶν
971 1397 1063 1452 τὸν
1097 1397 1465 1468 κατανυγμὸν,
1506 1398 1596 1452 διὰ
1644 1398 1803 1451 τοῦτο
1837 1399 1916 1451 εί-

340 1492 572 1562 ληφέναι
620 1491 873 1563 ὁμολογεῖ
918 1492 1056 1562 μετὰ
1093 1491 1205 1545 τῶν
1254 1490 1605 1561 φοϐουμένων
1650 1491 1711 1543 τὸ
1764 1491 1918 1546 Θεῖον

344 1581 643 1653 σημείωσιν
677 1583 757 1644 εἰς
788 1580 849 1633 τὸ
895 1584 1084 1650 φυγεῖν
1122 1581 1191 1635 τὰ
1221 1580 1348 1651 βέλη
1387 1579 1455 1634 τά
1485 1580 1594 1633 ἀπὸ
1634 1581 1729 1633 τοῦ
1760 1580 1916 1647 τόξου

340 1672 669 1744 πεμπόμενα
698 1671 793 1725 τοῦ
823 1672 957 1725 Θεοῦ
991 1673 1084 1726 ἐπὶ
1107 1673 1234 1734 τοὺς
1256 1670 1471 1734 ἀσεϐεῖς
1504 1672 1598 1724 καὶ
1634 1671 1913 1742 παραμεί-

2019 484 2158 553 ejus.
2191 502 2211 535 ι
2245 483 2313 537 Ει
2340 483 2392 535 in
2429 482 2880 551 quinquagesimo
2921 496 3068 535 nono
3096 480 3343 551 psalmo:
3380 500 3399 533 ι
3428 482 3595 535 Com-

2023 575 2264 639 movisti,
2293 573 2465 643 inquit
2489 576 2559 638 ²²,
2591 584 2815 636 terram,
2835 584 2891 627 et
2917 573 3255 627 conturbasti
3282 589 3425 626 eam.
3454 572 3594 625 Sana

2020 667 2382 721 contritiones
2407 668 2545 735 ejus,
2580 667 2710 735 quia
2739 675 3010 720 commota
3038 672 3139 719 εει.
3165 664 3464 719 Ostendisti
3498 680 3594 734 po-

2019 755 2146 826 pulo
2175 765 2267 809 tuo
2293 758 2453 819 dura,
2498 756 2693 824 potasti
2730 770 2827 809 nos
2856 757 2981 808 vino
3010 754 3465 823 compunctionis.
3497 755 3592 807 De-

2017 852 2143 904 disti
2179 849 2499 903 timentibus
2534 859 2583 902 te
2612 848 3086 917 significationem,
3121 855 3177 898 ut
3212 847 3421 917 fugiant
3449 861 3478 898 a
3510 846 3594 899 fa-

2018 944 2104 998 cie
2134 956 2314 996 arcus.
2345 960 2364 991 ι
2398 940 2623 994 Fatetur
2646 941 2788 993 enim
2822 938 3089 1007 PrOpheta
3119 948 3357 1008 potatum
3386 955 3445 992 se
3472 938 3597 991 vino

2018 1033 2478 1103 compunctionis.
2510 1032 2577 1086 Et
2609 1032 2867 1101 quoniam
2894 1032 3059 1085 verba
3090 1032 3285 1102 quibus
3308 1033 3598 1099 reprehen-

2020 1140 2115 1181 sus
2153 1124 2379 1190 fuerat,
2415 1134 2474 1178 ut
2520 1125 2594 1178 ita
2627 1124 2830 1191 dicam,
2879 1133 3211 1179 concoxerat
3236 1164 3251 1187 ,
3282 1135 3337 1178 et
3375 1125 3443 1177 ab
3492 1124 3597 1179 illis

2021 1233 2212 1287 passus
2243 1226 2367 1271 erat
2395 1218 2904 1285 compunctionem,
2938 1216 3142 1271 idcirco
3170 1214 3373 1270 fatetur
3403 1230 3462 1270 se
3491 1231 3595 1269 una

2019 1324 2143 1363 cum
2197 1307 2566 1362 metuentibus
2617 1308 2782 1361 Deum
2822 1307 3102 1374 accepisse
3144 1305 3594 1374 significationem

2020 1409 2080 1454 ut
2108 1399 2319 1468 fugeret
2346 1398 2593 1469 sagittas,
2622 1414 2742 1468 quae
2768 1400 2839 1454 ab
2869 1412 2998 1452 arcu
3030 1397 3122 1451 Dei
3155 1406 3343 1451 contra
3380 1396 3595 1465 impios,

2018 1500 2073 1545 et
2097 1491 2457 1561 persistentes
2485 1491 2535 1544 in
2581 1491 2854 1560 peccatis,
2890 1504 2991 1544 nec
3022 1489 3398 1560 paenitentiam
3430 1503 3596 1557 agen-

2022 1594 2099 1639 tes
2122 1585 2505 1639 immittuntur.
2535 1583 2599 1636 Et
2636 1583 2688 1635 in
2716 1580 2901 1635 Genesi
2934 1583 3195 1650 scriptum
3226 1590 3310 1635 est
3334 1582 3417 1635 ’δε
3450 1599 3468 1632 ι
3501 1579 3594 1635 υἰέ

2018 1678 2099 1729 xit
2140 1688 2317 1731 autem
2358 1676 2497 1730 Esau
2535 1675 2600 1729 ad
2633 1685 2840 1743 patrem
2894 1690 3092 1729 suum:
3130 1672 3379 1742 Nunquid
3428 1672 3595 1726 henc-

340 1783 541 1829 ναντας
571 1764 663 1818 ἐπὶ
684 1767 797 1827 τοῖς
827 1764 1207 1845 ἁμαρτήμασι,
1235 1763 1326 1817 καὶ
1351 1762 1427 1835 μὴ
1456 1765 1914 1835 μετανοήσαντας.

2021 1767 2186 1822 dictio
2208 1784 2311 1821 una
2337 1767 2430 1821 tibi
2460 1775 2566 1832 est,
2597 1766 2791 1835 pater?
2822 1764 3158 1835 Compuncto
3190 1775 3372 1819 autem
3408 1763 3559 1819 Isaac
3579 1805 3596 1829 ,

343 1857 453 1909 Καὶ
479 1858 537 1910 ὲν
569 1857 633 1927 τῇ
664 1853 929 1910 Γενέσειο
976 1875 994 1907 ‹
1026 1851 1162 1909 Εῖπε
1191 1855 1248 1909 δὲ
1290 1854 1459 1909 Ἠσαῦ
1504 1854 1641 1925 πρὸς
1679 1854 1770 1907 τὸν
1815 1870 1920 1907 πα-

335 1948 475 2024 τέρα
540 1947 727 2002 αὐτοῦ·
781 1951 871 2020 Μὴ
913 1948 1130 2018 εὐλογία
1181 1948 1280 2019 μία
1350 1948 1431 2001 σοί
1490 1949 1640 2011 ἐστι,
1704 1946 1913 2017 πάτερ;

339 2037 786 2112 Κατανυχθέντος
808 2038 867 2090 δὲ
898 2038 1102 2104 Ἰσαάκ,
1130 2038 1392 2108 ἀνεϐόησε
1415 2040 1564 2108 φωνῇ
1602 2035 1793 2099 Ἠσαῦ,
1821 2037 1915 2088 καὶ

338 2133 621 2189 ἔκλαυσεν.
660 2152 679 2185 ι
724 2131 869 2186 Ἀντὶ
895 2130 1075 2201 μέντοι
1102 2129 1218 2196 τοῦ,
1254 2130 1618 2200 κατανύγητε,
1652 2148 1670 2180 ι
1715 2130 1916 2199 σιωπή-

339 2244 472 2279 σατε
511 2244 531 2278 ι
583 2225 814 2289 Ἀκύλας
843 2225 938 2279 καὶ
965 2222 1258 2277 Θεοδοτίων
1286 2220 1647 2275 ὲκδεδώκασιν
1666 2239 1678 2251 ·
1710 2222 1849 2292 ὅπερ
1887 2222 1916 2273 ό

338 2317 635 2390 Σύμμαχος
677 2336 696 2369 ‹
727 2317 1037 2387 ήσυχάσατε
1073 2334 1092 2367 ι
1128 2316 1433 2386 ὲρμήνευσε
1464 2314 1793 2384 σαφέστερον
1825 2312 1917 2364 ὲκ-

337 2409 618 2480 τιθέμενος
682 2409 744 2463 τὸ
795 2410 904 2463 ἀπὸ
959 2407 1068 2461 τῶν
1123 2406 1304 2478 ῥητῶν
1355 2406 1716 2477 δηλούμενσν’
1778 2406 1916 2476 ὅπερ

336 2499 577 2552 τοιοῦτον
604 2499 716 2570 ἔχει
746 2498 868 2552 νοῦν
888 2515 902 2529 ο
950 2498 1072 2550 Ἐπὶ
1097 2497 1197 2568 τῆς
1222 2496 1408 2567 κοίτης
1437 2496 1592 2565 ὑμῶν
1621 2496 1679 2547 ἐν
1707 2496 1917 2558 ἑαυτοῖς

2023 1858 2354 1914 exclamavit
2404 1872 2535 1911 voce
2590 1856 2733 1910 Esau
2763 1895 2779 1920 ,
2821 1865 2876 1910 et
2922 1855 3089 1909 ﬂevit.
3128 1873 3147 1906 ι
3183 1856 3449 1911 Οςειετυηι
3501 1871 3598 1925 pro

2027 1968 2047 2000 ι
2070 1949 2515 2019 compungimini,
2540 1966 2559 1999 ι
2605 1947 2799 2016 Aquila
2831 1957 2886 2002 et
2926 1945 3259 2011 Theodotio,
3297 1966 3316 1997 ι
3348 1955 3542 2010 tacete,
3573 1967 3593 1998 ι

2020 2043 2389 2105 reddiderunt,
2422 2045 2569 2110 quod
2604 2040 2971 2111 Symmachus
3006 2040 3175 2109 magis
3206 2049 3447 2108 apertam
3477 2055 3598 2095 ver-

2019 2132 2211 2186 borum
2246 2132 2520 2185 notionem
2556 2130 2872 2200 proferens,
2913 2149 2932 2181 ι
2955 2131 3237 2200 quiescite,
3273 2151 3293 2184 ι
3329 2133 3597 2201 interpre-

2023 2234 2166 2277 tatus
2193 2232 2296 2277 est.
2340 2222 2549 2277 Sensus
2576 2232 2660 2277 est
2693 2241 2705 2276 :
2758 2222 2816 2276 lu
2852 2223 3123 2277 cubilibus
3152 2223 3352 2277 vestris
3383 2234 3595 2277 secreto

2020 2312 2165 2367 intra
2196 2328 2294 2369 vos
2322 2322 2608 2383 reputate,
2650 2312 2907 2367 nimirum
2940 2329 3058 2383 quae
3091 2330 3119 2365 a
3151 2313 3302 2368 vobis
3328 2328 3424 2381 per
3451 2314 3595 2367 diem

2021 2414 2170 2473 gesta
2204 2412 2369 2469 sunt,
2407 2414 2461 2457 et
2501 2419 2625 2458 cum
2674 2405 2819 2459 facta
2854 2414 3034 2458 vestra
3074 2404 3445 2475 expenderitis
3470 2443 3487 2469 ,
3518 2404 3597 2457 sic

2022 2496 2238 2549 demum
2271 2497 2556 2565 quicscite.

339 2596 481 2651 κατὰ
524 2596 584 2649 τὸ
625 2594 864 2667 κρυπτὸν
902 2592 1252 2664 διαλέχθητεο
1288 2590 1447 2662 δῆλον
1476 2590 1522 2643 δ’
1566 2591 1647 2643 ὅτι
1688 2589 1757 2642 τὰ
1805 2588 1922 2660 μεθ’
1956 2588 2168 2661 ἡμέραν
2206 2590 2570 2662 πεπραγμένα
2620 2606 2715 2643 και
2769 2588 2838 2644 τὰ
2877 2604 3005 2660 περι
3061 2588 3259 2652 αὐτοὺς
3302 2590 3599 2661 ἐπισκεψά-

343 2707 491 2761 μενοι
518 2689 692 2753 οῦτως
720 2690 1045 2760 ἡσυχάσατε.

412 2786 645 2839 Θύσατε
676 2784 897 2837 θυσίαν
926 2781 1337 2849 δικαιοσύνης,
1369 2778 1467 2832 καὶ
1499 2778 1790 2831 ἐλπίσατε
1818 2775 1917 2829 ἐπὶ

2093 2775 2260 2829 Vens.
2294 2773 2346 2827 6.
2392 2772 2709 2842 Sacriﬁcate
2752 2771 3077 2839 sacriﬁcium
3111 2771 3362 2837 justitiw,
3391 2780 3440 2825 et
3475 2790 3596 2842 spe-

340 2881 577 2947 Κύριον,
618 2894 673 2930 κ.
716 2893 768 2928 τ.
816 2876 862 2927 ἑ.
903 2875 962 2927 '0
994 2874 1052 2941 ἐξ
1078 2873 1276 2927 ἀδίκων
1308 2872 1492 2943 πόρων
1529 2870 1639 2940 (97)
1685 2869 1917 2941 προσφέ-

2022 2879 2134 2921 rate
2167 2870 2221 2921 in
2252 2865 2506 2930 Domino,
2534 2875 2641 2921 etc.
2677 2864 2792 2918 Non
2822 2866 2915 2935 qui
2954 2880 3020 2918 ex
3056 2864 3271 2934 injustis
3302 2866 3469 2920 lucris
3502 2868 3597 2919 do-

343 2987 450 3041 ρων
478 2968 538 3021 οὺ
572 2965 915 3034 δικαιοσύνης
946 2963 1064 3017 θύει
1091 2963 1305 3025 θυσίαν,
1330 2963 1425 3014 καὶ
1445 2963 1473 3013 ό
1499 2960 1575 3031 μὴ
1602 2959 1722 3013 κατ’
1759 2958 1917 3022 ἀξίαν

2021 2971 2136 3026 nat,
2164 2974 2261 3013 nec
2290 2960 2380 3027 qui
2412 2973 2478 3011 ex
2507 2959 2678 3028 partis
2711 2957 2888 3022 bonis,
2917 2966 2977 3010 ut
3007 2972 3106 3025 par
3134 2965 3237 3021 cst,
3266 2958 3596 3026 pauperibus

339 3056 414 3115 ὢν
441 3060 704 3130 κέκτηται
737 3058 972 3129 μερίζων
1004 3058 1118 3119 τοῖς
1142 3054 1437 3125 δεομένοις,
1473 3052 1568 3106 καὶ
1596 3054 1624 3105 ό
1648 3054 1711 3105 ἐκ
1742 3050 1917 3122 λύπης

2023 3067 2132 3105 non
2167 3050 2449 3105 distribuit
2480 3091 2493 3113 ,
2541 3065 2639 3103 nec
2672 3049 2763 3118 qui
2799 3048 2988 3103 dolens
3017 3064 3082 3102 ac
3133 3058 3354 3102 coactus
3384 3049 3513 3114 dat,
3554 3049 3598 3103 is

342 3154 437 3209 καὶ
468 3153 528 3220 ἐξ
569 3153 814 3222 ἀνάγκης
858 3149 1051 3213 διδούς.
1087 3148 1407 3216 Σαφέστατα
1439 3146 1494 3199 δὲ
1527 3145 1790 3209 διδάσκει,
1831 3145 1916 3197 ὅτι

341 3245 403 3298 οὐ
429 3241 685 3315 περὶτῶν
715 3240 913 3295 θυσιῶν
942 3234 1017 3293 ὧν
1045 3238 1389 3309 ἐξειλήφασιν
1417 3239 1465 3290 οἱ
1496 3235 1916 3306 ἐντυγχάνοντες

341 3340 455 3400 τοῖς
490 3334 732 3405 βιϐλίοις,
762 3332 890 3405 περὶ
923 3331 1127 3386 τούτων
1156 3329 1458 3385 ἐνετείλατο
1485 3330 1514 3381 ό
1545 3328 1687 3391 θεῖος
1718 3326 1876 3396 λόγος
1901 3342 1913 3357 ·

346 3416 449 3488 ἔφη
469 3417 575 3491 γὰρ
597 3422 654 3473 ἐν
674 3422 1089 3491 τεσσαρακοστῷ
1110 3420 1308 3491 ψαλμῷ
1323 3438 1335 3451 ·
1362 3440 1380 3472 r
1403 3422 1459 3474 '0
1480 3422 1629 3487 Θεὸς,
1654 3422 1785 3486 Θεός
1813 3439 1907 3475 σου

346 3513 462 3583 είμί
488 3511 617 3581 ἐγώ.
642 3513 756 3565 Ούκ
782 3514 873 3565 ἐπὶ
900 3516 1018 3575 ταῖς
1043 3513 1251 3576 θυσίαις
1279 3531 1370 3567 σου
1405 3512 1604 3583 ἐλέγξω
1627 3531 1687 3567 σε
1707 3530 1720 3544 ·
1751 3515 1818 3567 τὰ
1849 3514 1908 3568 δὲ

346 3602 773 3673 όλοκαυτώματά
799 3619 891 3655 σου
928 3602 1151 3656 ἐνώπιόν
1188 3620 1290 3673 μου
1319 3604 1436 3656 ἐστὶ
1459 3603 1547 3656 διὰ
1581 3605 1797 3667 παντός.
1826 3606 1902 3658 Οὐ

346 3695 564 3766 δέξομαι
581 3699 644 3748 ὲκ
657 3695 750 3748 τοῦ
772 3694 921 3748 οἴκου
940 3713 1032 3748 σου
1057 3696 1307 3766 μόσχους,
1322 3696 1427 3748 οὐδ’
1442 3698 1506 3750 ὲκ
1524 3696 1631 3749 τῶν
1653 3699 1915 3767 ποιμνίων

353 3804 445 3839 σου
480 3787 841 3859 χειμάρρους·
886 3788 992 3857 ἐμὰ
1030 3788 1138 3859 γάρ
1166 3791 1281 3841 ἐστι
1320 3790 1493 3843 πάντα
1516 3789 1584 3842 τὰ
1624 3790 1787 3860 θηρία
1823 3789 1915 3843 τοῦ

354 3879 545 3949 ἀγροῦ,
571 3881 738 3951 κτήνη
768 3880 825 3933 ἐν
851 3883 962 3942 τοῖς
994 3879 1142 3951 ὄρεσι
1173 3880 1265 3932 καὶ
1295 3879 1432 3949 βόες.
1464 3880 1714 3947 Ἔγνωκα
1742 3881 1918 3933 πάντα

352 3970 421 4022 τά
464 3971 681 4022 πετεινὰ
720 3970 813 4022 τοῦ
855 3969 1113 4040 οὐρανοῦ,
1153 3972 1248 4023 καὶ
1288 3969 1558 4041 ὼραιότης
1592 3969 1763 4040 ἀγροῦ
1802 3969 1917 4039 μετ’

354 4059 488 4130 ἐμοῦ
514 4061 678 4112 ἐστιν.
703 4060 827 4114 Ἐὰν
855 4061 1114 4121 πεινάσω,
1137 4061 1209 4130 μή
1238 4077 1317 4113 σοι
1338 4062 1493 4113 είπιιν
1520 4058 1627 4129 ἐμὴ
1649 4061 1755 4129 γάρ
1777 4061 1919 4111 ἐστιν

353 4154 386 4220 ἡ
418 4151 705 4222 οἰκουμένη
745 4151 837 4205 καὶ
882 4153 942 4204 τὸ
985 4152 1257 4222 πλήρωμα
1296 4151 1483 4221 αὐτῆς.
1538 4151 1631 4222 Μὴ
1675 4152 1918 4220 φάγομαι

356 4243 492 4312 κρέα
516 4242 747 4315 ταύρων,
774 4244 806 4314 ἢ
836 4240 975 4313 αἷμα
1006 4244 1222 4313 τράγων
1248 4242 1470 4312 πίομαι;
1495 4242 1667 4295 Θῦσον
1700 4244 1778 4314 τῷ
1803 4245 1922 4312 Θεῴ

357 4333 545 4388 θυσίαν
588 4336 872 4398 αἰνέσεως,
907 4337 999 4389 καὶ
1026 4335 1220 4399 ἀπόδος
1247 4333 1325 4404 τῷ
1366 4334 1604 4406 ’Υψίστῳ
1637 4336 1736 4400 τὰς
1763 4341 1924 4403 εὐγά-

351 4444 464 4481 σου.
508 4429 617 4483 Καὶ
657 4428 974 4482 ἐπικάλεσαί
1008 4445 1075 4499 με
1104 4431 1162 4482 ὲν
1185 4429 1370 4499 ἡμέρᾳ
1400 4428 1651 4498 θλίψεως,
1689 4429 1783 4482 καὶ
1831 4428 1917 4493 ὲξ-
1952 4460 1994 4515 D

347 4519 571 4590 ελοῦμαί
591 4538 671 4584 σε,
692 4522 786 4574 καὶ
805 4521 1045 4585 δοξάσεις
1072 4538 1157 4591 με.
1184 4541 1201 4571 ι
1229 4522 1340 4574 Καὶ
1367 4521 1518 4592 ἐντῷ
1544 4522 1912 4593 πεντηκοστῷ·

352 4614 523 4671 «Ὅτι,
548 4616 596 4667 εἰ
635 4613 905 4683 ἠθέλησας
935 4612 1141 4678 θυσίαν,
1175 4613 1349 4667 ἔδωκα
1385 4614 1471 4679 ἂν,
1496 4614 1917 4686 ὁλοκαυτώματα

345 4704 444 4755 οὐκ
488 4705 821 4774 εὐδοκήσεις.
864 4704 1034 4756 Θυσία
1066 4705 1142 4776 τῷ
1181 4704 1297 4775 Θεῷ
1332 4705 1546 4777 πνεῦμα
1594 4724 1914 4779 συντετριμ-

347 4793 505 4862 μένον
534 4835 546 4849 .
575 4796 817 4866 Καρδίαν
844 4797 1307 4869 συντετριμμένην
1333 4802 1426 4853 καὶ
1450 4801 1922 4873 τεταπεινωμένην

343 4887 372 4937 ό
400 4885 533 4949 θεὸς
573 4887 673 4939 ούκ
702 4885 1061 4949 ὲξουδενώσει.
1094 4908 1113 4941 ›
1159 4891 1268 4943 Καὶ
1296 4893 1354 4944 ὲν
1378 4893 1557 4957 ἄλλοις
1581 4910 1594 4923 ·
1634 4912 1652 4944 ι
1682 4895 1764 4948 Τά
1804 4894 1924 4947 όλο-

343 4977 681 5049 καυτώματα
699 4980 728 5031 ὑ
737 4979 853 5049 μῶν
877 4980 969 5033 καὶ
988 4982 1044 5035 αἱ
1063 4982 1241 5036 θυσίαι
1264 4984 1361 5055 οὐχ
1385 4986 1584 5056 ἧδυνάν
1616 5004 1727 5057 μοι.
1750 5008 1767 5039 ι
1802 4989 1923 5041 Ἔτι

342 5071 399 5124 δὲ
430 5072 524 5126 καὶ
550 5075 608 5126 ὲν
630 5073 708 5145 τῷ
747 5074 985 5147 Ἱερεμίᾳ
1004 5093 1016 5105 ·
1073 5095 1092 5129 ι
1119 5079 1192 5130 Οὐ
1219 5077 1413 5143 ταῦτα,
1439 5081 1621 5150 φησιν,
1654 5082 1922 5136 ἐνετειλά-

349 5183 452 5235 μην
474 5167 586 5230 τοῖς
611 5170 881 5239 πατράσιν
919 5168 1096 5240 ὑμῶν,
1199 5172 1380 5243 ἡμέρᾳ
1414 5172 1686 5242 ἀνήγαγον
1722 5174 1917 5237 αὐτοὺς

345 5258 408 5309 ὲκ
438 5260 541 5329 γῆς
569 5258 868 5329 Δίγύπτου,
903 5262 1032 5333 περὶ
1062 5261 1526 5334 ὁλοκαυτωμάτων
1571 5264 1663 5316 καὶ
1690 5263 1880 5326 θυσίας
1900 5282 1913 5294 ·

346 5349 458 5402 ἀλλ’
498 5352 530 5422 ἢ
587 5352 649 5405 τὸ
698 5353 849 5424 ῥῆμα
894 5353 1051 5408 τοῦτο
1095 5355 1445 5426 ἐνετειλάμην
1490 5355 1671 5418 αὐτοῖς
1707 5355 1877 5424 λέγων
1900 5375 1912 5387 ·

414 5512 456 5585 ’_‘
493 5510 632 5566 Psal.
663 5528 773 5575 1.1x,
815 5512 869 5572 4,
898 5514 951 5570 5.
989 5512 1041 5567 6.
1118 5513 1161 5544 ”
1191 5514 1386 5569 Cenes.
1426 5529 1593 5578 xxvu,
1629 5514 1718 5569 38.
1794 5515 1839 5547 ²⁹⁶
1872 5514 1917 5569 Ρ;

2047 5531 2195 5582 xux,
2228 5514 2258 5567 7
2285 5526 2337 5571 ct
2366 5531 2518 5585 seqq.

346 5581 385 5608 ³⁷
420 5580 591 5634 .Iercm
654 5600 745 5647 vn,
780 5586 851 5637 22
881 5594 935 5639 ct
957 5600 1106 5654 seqq.

2021 3144 2295 3199 sacrificat
2327 3142 2653 3199 sacrificium
2680 3141 2927 3211 iustitiae.
2953 3141 3376 3196 Evidentissime
3413 3154 3592 3197 autem

2019 3238 2178 3291 docet
2208 3252 2312 3290 non
2356 3235 2425 3289 de
2456 3234 2785 3298 sacrificiis,
2837 3249 2956 3301 quae
3001 3249 3278 3289 sacrorum
3329 3233 3596 3287 librorum

2018 3326 2249 3382 lectores
2299 3336 2703 3395 exposuerunt,
2757 3325 3085 3395 przecepisse
3120 3326 3311 3379 Deum.
3355 3323 3489 3378 Nam
3541 3324 3596 3378 in

2019 3421 2437 3488 quadragesimo
2467 3418 2674 3488 psalmo
2702 3418 2778 3470 ait
2803 3419 2886 3472 ’δε
2929 3436 2949 3470 ι
2979 3418 3142 3481 Deus,
3176 3417 3317 3472 Deus
3348 3428 3472 3471 tuus
3496 3432 3605 3488 ego.

2018 3527 2159 3566 sum.
2196 3508 2312 3565 Non
2347 3510 2398 3564 in
2440 3509 2728 3566 sacrificiis
2758 3510 2864 3565 tuis
2896 3526 3121 3581 arguam
3159 3520 3244 3566 te:
3279 3510 3595 3565 holocausta

2019 3613 2197 3657 autem
2232 3613 2320 3657 tua
2352 3604 2405 3655 in
2440 3614 2732 3671 conspectu
2773 3617 2892 3656 meo
2926 3614 3053 3656 sunt
3084 3616 3318 3670 semper.
3357 3592 3470 3655 Non
3503 3616 3596 3655 ac-

2019 3694 2216 3762 cipiam
2281 3694 2346 3748 de
2386 3695 2544 3748 domo
2581 3702 2667 3747 tua
2720 3693 2917 3747 vitulos
2943 3730 2960 3757 ,
3008 3707 3180 3761 neque
3218 3694 3286 3746 de
3336 3693 3595 3763 gregibus

2023 3787 2128 3842 tuis
2161 3786 2377 3841 hircos:
2411 3800 2543 3840 meae
2578 3785 2721 3841 enim
2753 3796 2881 3840 sunt
2909 3800 3099 3840 omnes
3150 3784 3279 3839 ferae
3315 3787 3428 3853 agri
3455 3825 3470 3848 ,
3501 3785 3593 3851 ju-

2021 3886 2200 3931 menta
2240 3877 2293 3930 in
2324 3877 2598 3931 montibus
2634 3886 2690 3932 et
2725 3877 2912 3931 boves.
2945 3875 3184 3947 Cognovi
3226 3878 3409 3930 omnia
3448 3877 3596 3931 vola-

2022 3966 2133 4020 tilia
2160 3966 2281 4020 caali
2307 4007 2323 4031 ,
2356 3978 2409 4021 et
2448 3966 2793 4034 pulchritudo
2825 3968 2940 4036 agri
2991 3982 3201 4021 mecum
3230 3977 3333 4021 est.
3384 3967 3441 4022 Si
3473 3984 3598 4022 esu-

2022 4061 2186 4125 ricro,
2219 4074 2323 4112 non
2372 4060 2547 4113 dicam
2594 4059 2730 4113 tibi:
2780 4075 2933 4114 meus
2959 4068 3043 4115 εει
3071 4061 3216 4113 enim
3263 4061 3410 4115 orbis
3439 4071 3596 4115 terra:

2020 4149 2179 4221 563
2204 4158 2259 4204 et
2284 4149 2559 4219 plenitudo
2586 4148 2721 4217 ejus.
2752 4148 3004 4220 Nunquid
3032 4153 3370 4205 manducabo
3401 4168 3596 4207 carnes

2022 4254 2319 4307 taurorum,
2346 4255 2439 4296 aut
2460 4244 2776 4314 sanguinem
2802 4245 3081 4298 hircorum
3110 4245 3347 4313 potabo?
3373 4246 3594 4301 lmmola

2023 4338 2133 4392 Deo
2162 4337 2495 4391 sacrificium
2527 4336 2721 4401 laudis,
2751 4344 2807 4390 et
2831 4337 2998 4390 redde
3021 4337 3303 4391 Altissimo
3331 4348 3454 4391 vota
3479 4347 3591 4392 tua.

2023 4430 2089 4484 Et
2121 4430 2310 4484 invoca
2353 4445 2441 4483 me
2483 4430 2538 4483 in
2587 4430 2672 4483 die
2702 4427 3068 4483 tribulationis
3088 4470 3101 4493 ,
3135 4440 3188 4484 et
3216 4445 3406 4484 eruam
3436 4440 3511 4494 te,
3541 4441 3600 4486 et

2024 4523 2412 4577 bonorificabis
2446 4539 2551 4576 me.
2589 4541 2607 4573 ›
2639 4522 2704 4577 Ει
2731 4522 2783 4575 in
2809 4521 3262 4591 quinquagesimo
3287 4523 3333 4554 ”
3359 4540 3372 4575 :
3396 4542 3416 4575 ι
3452 4524 3600 4589 Quo-

2022 4617 2167 4670 niam
2195 4617 2239 4668 si
2278 4616 2537 4671 voluisses
2570 4615 2919 4681 sacrificium,
2951 4615 3222 4671 dedissem
3260 4617 3462 4683 utique,
3493 4617 3595 4671 ho-

2023 4707 2280 4761 locattstis
2309 4723 2413 4760 non
2446 4708 2823 4762 delectaberis.
2859 4708 3200 4762 Sacrilicium
3235 4709 3342 4762 Deo
3369 4709 3601 4777 spiritus

2025 4798 2437 4853 contribulatus.
2491 4800 2598 4853 Cor
2634 4801 2929 4854 contritum
2964 4811 3019 4854 et
3069 4800 3404 4852 humiliatqu
3458 4802 3603 4855 Deus

2023 4909 2128 4946 non
2176 4894 2457 4963 despiciet.
2493 4914 2512 4946 ι
2550 4894 2613 4949 Ει
2646 4894 2773 4948 alibi
2795 4895 2877 4948 πε
2915 4912 2934 4945 ι
2966 4893 3293 4949 llolocausta
3330 4904 3506 4949 vestra
3542 4903 3601 4948 et

2024 4986 2293 5040 sacrificia
2325 5003 2428 5039 non
2465 4987 2877 5042 lactificaverunt
2907 5003 3011 5041 me.
3049 5004 3068 5037 ι
3105 4985 3160 5040 In
3189 4984 3425 5040 Jeremia
3461 5002 3601 5056 quo-

2022 5092 2154 5147 que:
2186 5097 2205 5129 ι
2228 5076 2343 5133 Non
2368 5079 2502 5146 haec,
2533 5081 2709 5150 inquit
2729 5082 2799 5145 ’⁷,
2831 5080 3078 5133 mandavi
3109 5079 3352 5148 patribus
3376 5082 3595 5144 vestris,

2022 5185 2129 5236 qua
2165 5170 2250 5225 die
2278 5173 2437 5225 eduxi
2469 5188 2562 5227 eos
2596 5174 2663 5227 de
2697 5183 2841 5227 terra
2874 5170 3090 5242 IEgypti
3112 5210 3127 5233 ,
3157 5172 3222 5225 de
3261 5172 3601 5227 holocaustis

2023 5271 2079 5314 et
2110 5262 2402 5320 sacrificio.
2452 5266 2645 5320 Annon
2691 5264 2792 5319 hoc
2831 5264 2937 5318 illis
2975 5264 3155 5333 potius
3209 5264 3469 5331 imperavi
3510 5265 3592 5319 di-

2025 5368 2190 5410 cens:
2227 5355 2609 5427 Unusquisque
2654 5356 2916 5411 adversus
2944 5356 3247 5426 proximum
3280 5371 3436 5411 suum
3475 5373 3593 5412 ma-

2597 5515 2641 5546 "
2673 5514 2816 5569 Psal.
2847 5532 2900 5583 ι,
2932 5514 3020 5571 l8.
3095 5513 3140 5545 '°
3162 5512 3363 5570 Jarem.
3395 5530 3475 5583 vt,
3501 5514 3593 5571 20.

417 5712 529 5781 (97)
576 5712 636 5766 Ὀ
660 5713 727 5780 ἐξ
760 5715 984 5771 ἀδίκων
1014 5718 1233 5784 πόλων,
1268 5732 1374 5773 etc.
1413 5718 1745 5784 (ἶυτιιρνῑυε,
1793 5718 1917 5775 Barl

2021 5738 2089 5787 is,
2116 5721 2296 5776 Codex
2323 5718 2690 5773 Baroccianus
2710 5727 2764 5772 ct
2785 5716 2899 5772 [ioc
2925 5715 2978 5769 4.
