  <div class='ocr_page' id='page_1' title='image "/cluster/home/n/w/nwhite01/storage/ocr_20150623/12/mdp.39015028786690/583.png"; bbox 0 0 4046 6152; ppageno 0'>
   <div class='ocr_carea' id='block_1_1' title="bbox 591 256 733 313">
    <p class='ocr_par' dir='ltr' id='par_1_1' title="bbox 591 256 733 313">
     <span class='ocr_line' id='line_1_1' title="bbox 591 256 733 313; baseline 0 -1"><span class='ocrx_word' id='word_1_1' title='bbox 591 256 733 313; x_wconf 72' lang='grc'><strong>1147</strong></span> 
     </span>
    </p>
   </div>
   <div class='ocr_carea' id='block_1_2' title="bbox 1986 246 2418 309">
    <p class='ocr_par' dir='ltr' id='par_1_2' title="bbox 1986 246 2418 309">
     <span class='ocr_line' id='line_1_2' title="bbox 1986 246 2418 309; baseline -0.007 0"><span class='ocrx_word' id='word_1_2' title='bbox 1986 250 2078 309; x_wconf 79' lang='lat' dir='ltr'><strong>EX</strong></span> <span class='ocrx_word' id='word_1_3' title='bbox 2116 246 2418 307; x_wconf 80' lang='lat' dir='ltr'><strong>ORIGENE</strong></span> 
     </span>
    </p>
   </div>
   <div class='ocr_carea' id='block_1_3' title="bbox 3732 256 3842 316">
    <p class='ocr_par' dir='ltr' id='par_1_3' title="bbox 3732 256 3842 316">
     <span class='ocr_line' id='line_1_3' title="bbox 3732 256 3842 316; baseline 0.045 -5"><span class='ocrx_word' id='word_1_4' title='bbox 3732 256 3842 316; x_wconf 80' lang='lat' dir='ltr'><strong>“l8</strong></span> 
     </span>
    </p>
   </div>
   <div class='ocr_carea' id='block_1_4' title="bbox 591 374 2147 449">
    <p class='ocr_par' dir='ltr' id='par_1_4' title="bbox 591 377 2147 449">
     <span class='ocr_line' id='line_1_4' title="bbox 591 377 2147 449; baseline -0.001 -17"><span class='ocrx_word' id='word_1_5' title='bbox 591 379 763 433; x_wconf 89' lang='lat' dir='ltr'><strong>litiam</strong></span> <span class='ocrx_word' id='word_1_6' title='bbox 818 378 1092 434; x_wconf 78' lang='lat' dir='ltr'><strong>rescindat</strong></span> <span class='ocrx_word' id='word_1_7' title='bbox 1142 377 1209 432; x_wconf 86' lang='lat' dir='ltr'><strong>de</strong></span> <span class='ocrx_word' id='word_1_8' title='bbox 1259 377 1424 433; x_wconf 87' lang='lat' dir='ltr'><strong>corde</strong></span> <span class='ocrx_word' id='word_1_9' title='bbox 1470 392 1611 433; x_wconf 91' lang='lat' dir='ltr'><strong>suo:</strong></span> <span class='ocrx_word' id='word_1_10' title='bbox 1650 391 1749 433; x_wconf 88' lang='lat' dir='ltr'><strong>nec</strong></span> <span class='ocrx_word' id='word_1_11' title='bbox 1790 377 2147 449; x_wconf 74' lang='lat' dir='ltr'><strong>jusjurandum</strong></span> 
     </span>
    </p>
   </div>
   <div class='ocr_carea' id='block_1_5' title="bbox 2254 374 3841 449">
    <p class='ocr_par' dir='ltr' id='par_1_5' title="bbox 2272 374 3841 449">
     <span class='ocr_line' id='line_1_5' title="bbox 2272 374 3841 449; baseline 0.001 -22"><span class='ocrx_word' id='word_1_12' title='bbox 2272 375 2542 440; x_wconf 82' lang='grc' dir='ltr'>Ἕκαστος</span> <span class='ocrx_word' id='word_1_13' title='bbox 2580 374 2723 430; x_wconf 89' lang='grc' dir='ltr'><strong>κατά</strong></span> <span class='ocrx_word' id='word_1_14' title='bbox 2757 376 2849 430; x_wconf 80' lang='grc' dir='ltr'>τοῦ</span> <span class='ocrx_word' id='word_1_15' title='bbox 2878 375 3107 447; x_wconf 78' lang='grc' dir='ltr'><strong>πλησίον</strong></span> <span class='ocrx_word' id='word_1_16' title='bbox 3144 378 3209 429; x_wconf 89' lang='grc' dir='ltr'><strong>ἐν</strong></span> <span class='ocrx_word' id='word_1_17' title='bbox 3238 376 3310 447; x_wconf 81' lang='grc' dir='ltr'>τῇ</span> <span class='ocrx_word' id='word_1_18' title='bbox 3348 376 3555 447; x_wconf 72' lang='grc' dir='ltr'>καρδίᾳ</span> <span class='ocrx_word' id='word_1_19' title='bbox 3579 376 3762 430; x_wconf 83' lang='grc' dir='ltr'>κακίαν</span> <span class='ocrx_word' id='word_1_20' title='bbox 3786 380 3841 449; x_wconf 69' lang='grc' dir='ltr'><strong>μὴ</strong></span> 
     </span>
    </p>
   </div>
   <div class='ocr_carea' id='block_1_6' title="bbox 590 469 2162 541">
    <p class='ocr_par' dir='ltr' id='par_1_6' title="bbox 590 469 2162 541">
     <span class='ocr_line' id='line_1_6' title="bbox 590 469 2162 541; baseline -0.001 -14"><span class='ocrx_word' id='word_1_21' title='bbox 590 473 787 527; x_wconf 73' lang='lat' dir='ltr'><strong>falsum</strong></span> <span class='ocrx_word' id='word_1_22' title='bbox 815 471 1086 541; x_wconf 77' lang='lat' dir='ltr'><strong>diligatis:</strong></span> <span class='ocrx_word' id='word_1_23' title='bbox 1120 469 1255 524; x_wconf 88' lang='lat' dir='ltr'><strong>Nam</strong></span> <span class='ocrx_word' id='word_1_24' title='bbox 1291 471 1407 526; x_wconf 70' lang='lat' dir='ltr'><strong>haec</strong></span> <span class='ocrx_word' id='word_1_25' title='bbox 1444 472 1626 525; x_wconf 80' lang='lat' dir='ltr'><strong>omnia</strong></span> <span class='ocrx_word' id='word_1_26' title='bbox 1657 473 1767 536; x_wconf 89' lang='lat' dir='ltr'><strong>odi,</strong></span> <span class='ocrx_word' id='word_1_27' title='bbox 1797 471 1874 525; x_wconf 90' lang='lat' dir='ltr'><strong>ait</strong></span> <span class='ocrx_word' id='word_1_28' title='bbox 1904 472 2162 525; x_wconf 85' lang='lat' dir='ltr'><strong>Dominus</strong></span> 
     </span>
    </p>
   </div>
   <div class='ocr_carea' id='block_1_7' title="bbox 590 562 2166 633">
    <p class='ocr_par' dir='ltr' id='par_1_7' title="bbox 590 562 2166 633">
     <span class='ocr_line' id='line_1_7' title="bbox 590 562 2166 633; baseline -0.001 -14"><span class='ocrx_word' id='word_1_29' title='bbox 590 565 955 631; x_wconf 87' lang='lat' dir='ltr'><strong>omnipotens.</strong></span> <span class='ocrx_word' id='word_1_30' title='bbox 989 582 1008 615; x_wconf 81' lang='grc' dir='ltr'><strong>ι</strong></span> <span class='ocrx_word' id='word_1_31' title='bbox 1070 562 1356 618; x_wconf 80' lang='lat' dir='ltr'><strong>Manifeste</strong></span> <span class='ocrx_word' id='word_1_32' title='bbox 1399 564 1565 633; x_wconf 84' lang='lat' dir='ltr'><strong>igitur</strong></span> <span class='ocrx_word' id='word_1_33' title='bbox 1595 565 1680 619; x_wconf 87' lang='lat' dir='ltr'><strong>his</strong></span> <span class='ocrx_word' id='word_1_34' title='bbox 1720 565 1974 619; x_wconf 90' lang='lat' dir='ltr'><strong>omnibus</strong></span> <span class='ocrx_word' id='word_1_35' title='bbox 2009 566 2166 618; x_wconf 84' lang='lat' dir='ltr'><strong>docet</strong></span> 
     </span>
    </p>
   </div>
   <div class='ocr_carea' id='block_1_8' title="bbox 592 652 2164 724">
    <p class='ocr_par' dir='ltr' id='par_1_8' title="bbox 592 652 2164 724">
     <span class='ocr_line' id='line_1_8' title="bbox 592 652 2164 724; baseline 0 -16"><span class='ocrx_word' id='word_1_36' title='bbox 592 654 870 723; x_wconf 86' lang='lat' dir='ltr'><strong>inquirere</strong></span> <span class='ocrx_word' id='word_1_37' title='bbox 899 669 1142 721; x_wconf 64' lang='lat' dir='ltr'><strong>quaenam</strong></span> <span class='ocrx_word' id='word_1_38' title='bbox 1193 652 1265 707; x_wconf 83' lang='lat' dir='ltr'><strong>sit</strong></span> <span class='ocrx_word' id='word_1_39' title='bbox 1312 655 1709 709; x_wconf 92' lang='lat' dir='ltr'><strong>sacriﬁciorum</strong></span> <span class='ocrx_word' id='word_1_40' title='bbox 1757 656 1930 715; x_wconf 88' lang='lat' dir='ltr'><strong>ratio,</strong></span> <span class='ocrx_word' id='word_1_41' title='bbox 1967 655 2164 724; x_wconf 81' lang='lat' dir='ltr'><strong>quibus</strong></span> 
     </span>
    </p>
   </div>
   <div class='ocr_carea' id='block_1_9' title="bbox 590 746 2161 817">
    <p class='ocr_par' dir='ltr' id='par_1_9' title="bbox 590 746 2161 817">
     <span class='ocr_line' id='line_1_9' title="bbox 590 746 2161 817; baseline 0.003 -18"><span class='ocrx_word' id='word_1_42' title='bbox 590 746 956 813; x_wconf 84' lang='lat' dir='ltr'><strong>iutelligeudis</strong></span> <span class='ocrx_word' id='word_1_43' title='bbox 985 746 1295 799; x_wconf 89' lang='lat' dir='ltr'><strong>conducunt</strong></span> <span class='ocrx_word' id='word_1_44' title='bbox 1347 747 1564 800; x_wconf 88' lang='lat' dir='ltr'><strong>oracula</strong></span> <span class='ocrx_word' id='word_1_45' title='bbox 1598 748 1775 801; x_wconf 87' lang='lat' dir='ltr'><strong>divina</strong></span> <span class='ocrx_word' id='word_1_46' title='bbox 1808 763 1928 817; x_wconf 62' lang='lat' dir='ltr'><strong>quae</strong></span> <span class='ocrx_word' id='word_1_47' title='bbox 1951 748 2161 803; x_wconf 89' lang='lat' dir='ltr'><strong>dicunt:</strong></span> 
     </span>
    </p>
   </div>
   <div class='ocr_carea' id='block_1_10' title="bbox 594 835 2166 908">
    <p class='ocr_par' dir='ltr' id='par_1_10' title="bbox 594 835 2166 908">
     <span class='ocr_line' id='line_1_10' title="bbox 594 835 2166 908; baseline 0.004 -22"><span class='ocrx_word' id='word_1_48' title='bbox 594 857 612 886; x_wconf 75' lang='grc' dir='ltr'><strong>ι</strong></span> <span class='ocrx_word' id='word_1_49' title='bbox 644 835 986 891; x_wconf 89' lang='lat' dir='ltr'><strong>Sacriﬁcium</strong></span> <span class='ocrx_word' id='word_1_50' title='bbox 1028 837 1134 891; x_wconf 88' lang='lat' dir='ltr'><strong>Deo</strong></span> <span class='ocrx_word' id='word_1_51' title='bbox 1164 838 1388 906; x_wconf 89' lang='lat' dir='ltr'><strong>spiritus</strong></span> <span class='ocrx_word' id='word_1_52' title='bbox 1423 840 1842 906; x_wconf 87' lang='lat' dir='ltr'><strong>contribulatus,</strong></span> <span class='ocrx_word' id='word_1_53' title='bbox 1869 860 1886 892; x_wconf 78' lang='grc' dir='ltr'><strong>ι</strong></span> <span class='ocrx_word' id='word_1_54' title='bbox 1909 842 2166 908; x_wconf 87' lang='lat' dir='ltr'><strong>quemad-</strong></span> 
     </span>
    </p>
   </div>
   <div class='ocr_carea' id='block_1_11' title="bbox 585 928 2165 1002">
    <p class='ocr_par' dir='ltr' id='par_1_11' title="bbox 585 928 2165 1002">
     <span class='ocr_line' id='line_1_11' title="bbox 585 928 2165 1002; baseline 0.003 -20"><span class='ocrx_word' id='word_1_55' title='bbox 585 929 805 982; x_wconf 82' lang='lat' dir='ltr'><strong>modum</strong></span> <span class='ocrx_word' id='word_1_56' title='bbox 846 940 901 982; x_wconf 90' lang='lat' dir='ltr'><strong>et</strong></span> <span class='ocrx_word' id='word_1_57' title='bbox 936 929 1024 982; x_wconf 91' lang='lat' dir='ltr'><strong>hic</strong></span> <span class='ocrx_word' id='word_1_58' title='bbox 1061 947 1076 983; x_wconf 90' lang='lat'><strong>:</strong></span> <span class='ocrx_word' id='word_1_59' title='bbox 1116 928 1468 984; x_wconf 68' lang='lat' dir='ltr'><strong>«Sacriﬁcate</strong></span> <span class='ocrx_word' id='word_1_60' title='bbox 1501 931 1830 985; x_wconf 87' lang='lat' dir='ltr'><strong>sacriﬁcium</strong></span> <span class='ocrx_word' id='word_1_61' title='bbox 1862 931 2165 1002; x_wconf 84' lang='lat' dir='ltr'><strong>justitiae,et</strong></span> 
     </span>
    </p>
   </div>
   <div class='ocr_carea' id='block_1_12' title="bbox 586 1021 2166 1091">
    <p class='ocr_par' dir='ltr' id='par_1_12' title="bbox 586 1021 2166 1091">
     <span class='ocr_line' id='line_1_12' title="bbox 586 1021 2166 1091; baseline 0.004 -17"><span class='ocrx_word' id='word_1_62' title='bbox 586 1031 805 1088; x_wconf 84' lang='lat' dir='ltr'><strong>sperate</strong></span> <span class='ocrx_word' id='word_1_63' title='bbox 854 1021 906 1074; x_wconf 90' lang='lat' dir='ltr'><strong>in</strong></span> <span class='ocrx_word' id='word_1_64' title='bbox 942 1021 1187 1075; x_wconf 90' lang='lat' dir='ltr'><strong>Domino.</strong></span> <span class='ocrx_word' id='word_1_65' title='bbox 1220 1041 1239 1075; x_wconf 78' lang='grc' dir='ltr'><strong>ι</strong></span> <span class='ocrx_word' id='word_1_66' title='bbox 1281 1023 1397 1091; x_wconf 92' lang='lat' dir='ltr'><strong>lpse</strong></span> <span class='ocrx_word' id='word_1_67' title='bbox 1435 1036 1648 1091; x_wconf 87' lang='lat' dir='ltr'><strong>quoque</strong></span> <span class='ocrx_word' id='word_1_68' title='bbox 1693 1025 1942 1079; x_wconf 81' lang='lat' dir='ltr'><strong>Salvator</strong></span> <span class='ocrx_word' id='word_1_69' title='bbox 1969 1035 2023 1080; x_wconf 92' lang='lat' dir='ltr'><strong>et</strong></span> <span class='ocrx_word' id='word_1_70' title='bbox 2062 1027 2166 1081; x_wconf 88' lang='lat' dir='ltr'><strong>Do-</strong></span> 
     </span>
    </p>
   </div>
   <div class='ocr_carea' id='block_1_13' title="bbox 586 1112 2162 1190">
    <p class='ocr_par' dir='ltr' id='par_1_13' title="bbox 586 1112 2162 1190">
     <span class='ocr_line' id='line_1_13' title="bbox 586 1112 2162 1190; baseline 0.004 -23"><span class='ocrx_word' id='word_1_71' title='bbox 586 1112 769 1168; x_wconf 88' lang='lat' dir='ltr'><strong>minus</strong></span> <span class='ocrx_word' id='word_1_72' title='bbox 802 1124 1010 1179; x_wconf 81' lang='lat' dir='ltr'><strong>noster,</strong></span> <span class='ocrx_word' id='word_1_73' title='bbox 1041 1130 1134 1168; x_wconf 89' lang='lat' dir='ltr'><strong>eos</strong></span> <span class='ocrx_word' id='word_1_74' title='bbox 1160 1115 1254 1184; x_wconf 90' lang='lat' dir='ltr'><strong>qui</strong></span> <span class='ocrx_word' id='word_1_75' title='bbox 1294 1115 1609 1186; x_wconf 80' lang='lat' dir='ltr'><strong>prophetias</strong></span> <span class='ocrx_word' id='word_1_76' title='bbox 1638 1133 1741 1170; x_wconf 91' lang='lat' dir='ltr'><strong>non</strong></span> <span class='ocrx_word' id='word_1_77' title='bbox 1770 1117 2162 1190; x_wconf 86' lang='lat' dir='ltr'><strong>intelligebant,</strong></span> 
     </span>
    </p>
   </div>
   <div class='ocr_carea' id='block_1_14' title="bbox 588 1208 2159 1279">
    <p class='ocr_par' dir='ltr' id='par_1_14' title="bbox 588 1208 2159 1279">
     <span class='ocr_line' id='line_1_14' title="bbox 588 1208 2159 1279; baseline 0.003 -18"><span class='ocrx_word' id='word_1_78' title='bbox 588 1216 645 1261; x_wconf 82' lang='lat' dir='ltr'><strong>et</strong></span> <span class='ocrx_word' id='word_1_79' title='bbox 693 1216 978 1279; x_wconf 86' lang='lat' dir='ltr'><strong>propterea</strong></span> <span class='ocrx_word' id='word_1_80' title='bbox 1017 1221 1407 1276; x_wconf 88' lang='lat' dir='ltr'><strong>corporeorum</strong></span> <span class='ocrx_word' id='word_1_81' title='bbox 1442 1208 1833 1267; x_wconf 84' lang='lat' dir='ltr'><strong>sacriﬁciorum</strong></span> <span class='ocrx_word' id='word_1_82' title='bbox 1881 1210 2159 1279; x_wconf 85' lang='lat' dir='ltr'><strong>impotenti</strong></span> 
     </span>
    </p>
   </div>
   <div class='ocr_carea' id='block_1_15' title="bbox 587 1301 2158 1370">
    <p class='ocr_par' dir='ltr' id='par_1_15' title="bbox 587 1301 2158 1370">
     <span class='ocr_line' id='line_1_15' title="bbox 587 1301 2158 1370; baseline 0.002 -18"><span class='ocrx_word' id='word_1_83' title='bbox 587 1315 775 1355; x_wconf 90' lang='lat' dir='ltr'><strong>amore</strong></span> <span class='ocrx_word' id='word_1_84' title='bbox 798 1302 884 1367; x_wconf 28' lang='lat' dir='ltr'><strong>{ad</strong></span> <span class='ocrx_word' id='word_1_85' title='bbox 918 1311 1192 1370; x_wconf 87' lang='lat' dir='ltr'><strong>stuporem</strong></span> <span class='ocrx_word' id='word_1_86' title='bbox 1229 1316 1396 1370; x_wconf 89' lang='lat' dir='ltr'><strong>usque</strong></span> <span class='ocrx_word' id='word_1_87' title='bbox 1429 1301 1754 1367; x_wconf 77' lang='lat' dir='ltr'><strong>ﬂagrabant,</strong></span> <span class='ocrx_word' id='word_1_88' title='bbox 1785 1302 1848 1353; x_wconf 92' lang='lat' dir='ltr'><strong>ad</strong></span> <span class='ocrx_word' id='word_1_89' title='bbox 1886 1302 2158 1356; x_wconf 87' lang='lat' dir='ltr'><strong>saniorem</strong></span> 
     </span>
    </p>
   </div>
   <div class='ocr_carea' id='block_1_16' title="bbox 586 1392 2157 1464">
    <p class='ocr_par' dir='ltr' id='par_1_16' title="bbox 586 1392 2157 1464">
     <span class='ocr_line' id='line_1_16' title="bbox 586 1392 2157 1464; baseline 0.002 -18"><span class='ocrx_word' id='word_1_90' title='bbox 586 1404 820 1447; x_wconf 86' lang='lat' dir='ltr'><strong>mentem</strong></span> <span class='ocrx_word' id='word_1_91' title='bbox 852 1393 1269 1449; x_wconf 91' lang='lat' dir='ltr'><strong>reducitdicens</strong></span> <span class='ocrx_word' id='word_1_92' title='bbox 1289 1394 1373 1447; x_wconf 77' lang='lat' dir='ltr'><strong>“z</strong></span> <span class='ocrx_word' id='word_1_93' title='bbox 1411 1414 1429 1444; x_wconf 80' lang='grc' dir='ltr'><strong>ι</strong></span> <span class='ocrx_word' id='word_1_94' title='bbox 1461 1392 1519 1447; x_wconf 87' lang='lat' dir='ltr'><strong>Si</strong></span> <span class='ocrx_word' id='word_1_95' title='bbox 1553 1402 1733 1447; x_wconf 90' lang='lat' dir='ltr'><strong>autem</strong></span> <span class='ocrx_word' id='word_1_96' title='bbox 1762 1394 1998 1457; x_wconf 87' lang='lat' dir='ltr'><strong>sciretis,</strong></span> <span class='ocrx_word' id='word_1_97' title='bbox 2028 1396 2157 1464; x_wconf 91' lang='lat' dir='ltr'><strong>quid</strong></span> 
     </span>
    </p>
   </div>
   <div class='ocr_carea' id='block_1_17' title="bbox 584 1484 2158 1553">
    <p class='ocr_par' dir='ltr' id='par_1_17' title="bbox 584 1484 2158 1553">
     <span class='ocr_line' id='line_1_17' title="bbox 584 1484 2158 1553; baseline 0.001 -15"><span class='ocrx_word' id='word_1_98' title='bbox 584 1494 702 1540; x_wconf 83' lang='lat' dir='ltr'><strong>est:</strong></span> <span class='ocrx_word' id='word_1_99' title='bbox 741 1484 1166 1540; x_wconf 88' lang='lat' dir='ltr'><strong>Misericordiam</strong></span> <span class='ocrx_word' id='word_1_100' title='bbox 1214 1486 1359 1551; x_wconf 87' lang='lat' dir='ltr'><strong>volo,</strong></span> <span class='ocrx_word' id='word_1_101' title='bbox 1387 1495 1440 1540; x_wconf 90' lang='lat' dir='ltr'><strong>et</strong></span> <span class='ocrx_word' id='word_1_102' title='bbox 1472 1501 1577 1539; x_wconf 93' lang='lat' dir='ltr'><strong>nou</strong></span> <span class='ocrx_word' id='word_1_103' title='bbox 1615 1485 1942 1539; x_wconf 86' lang='lat' dir='ltr'><strong>sacriﬁcium</strong></span> <span class='ocrx_word' id='word_1_104' title='bbox 1971 1528 1986 1553; x_wconf 92' lang='lat'><strong>,</strong></span> <span class='ocrx_word' id='word_1_105' title='bbox 2019 1502 2158 1540; x_wconf 85' lang='lat' dir='ltr'><strong>nun-</strong></span> 
     </span>
    </p>
   </div>
   <div class='ocr_carea' id='block_1_18' title="bbox 582 1577 2156 1643">
    <p class='ocr_par' dir='ltr' id='par_1_18' title="bbox 582 1577 2156 1643">
     <span class='ocr_line' id='line_1_18' title="bbox 582 1577 2156 1643; baseline 0.005 -17"><span class='ocrx_word' id='word_1_106' title='bbox 582 1590 745 1643; x_wconf 89' lang='lat' dir='ltr'><strong>quam</strong></span> <span class='ocrx_word' id='word_1_107' title='bbox 806 1577 1269 1632; x_wconf 89' lang='lat' dir='ltr'><strong>condemnassetis</strong></span> <span class='ocrx_word' id='word_1_108' title='bbox 1316 1578 1656 1634; x_wconf 89' lang='lat' dir='ltr'><strong>innocentes.</strong></span> <span class='ocrx_word' id='word_1_109' title='bbox 1704 1597 1723 1630; x_wconf 78' lang='grc' dir='ltr'><strong>ι</strong></span> <span class='ocrx_word' id='word_1_110' title='bbox 1786 1578 1955 1634; x_wconf 87' lang='lat' dir='ltr'><strong>Porro</strong></span> <span class='ocrx_word' id='word_1_111' title='bbox 2005 1579 2156 1635; x_wconf 89' lang='lat' dir='ltr'><strong>locus</strong></span> 
     </span>
    </p>
   </div>
   <div class='ocr_carea' id='block_1_19' title="bbox 582 1669 2151 1739">
    <p class='ocr_par' dir='ltr' id='par_1_19' title="bbox 582 1669 2151 1739">
     <span class='ocr_line' id='line_1_19' title="bbox 582 1669 2151 1739; baseline 0.006 -20"><span class='ocrx_word' id='word_1_112' title='bbox 582 1669 724 1735; x_wconf 89' lang='lat' dir='ltr'><strong>apud</strong></span> <span class='ocrx_word' id='word_1_113' title='bbox 751 1684 916 1723; x_wconf 91' lang='lat' dir='ltr'><strong>unum</strong></span> <span class='ocrx_word' id='word_1_114' title='bbox 946 1670 1011 1724; x_wconf 93' lang='lat' dir='ltr'><strong>de</strong></span> <span class='ocrx_word' id='word_1_115' title='bbox 1033 1670 1318 1724; x_wconf 88' lang='lat' dir='ltr'><strong>duodecim</strong></span> <span class='ocrx_word' id='word_1_116' title='bbox 1354 1672 1650 1739; x_wconf 86' lang='lat' dir='ltr'><strong>prophetis,</strong></span> <span class='ocrx_word' id='word_1_117' title='bbox 1678 1672 1732 1726; x_wconf 93' lang='lat' dir='ltr'><strong>in</strong></span> <span class='ocrx_word' id='word_1_118' title='bbox 1768 1672 1912 1728; x_wconf 91' lang='lat' dir='ltr'><strong>hunc</strong></span> <span class='ocrx_word' id='word_1_119' title='bbox 1935 1675 2151 1729; x_wconf 89' lang='lat' dir='ltr'><strong>modum</strong></span> 
     </span>
    </p>
   </div>
   <div class='ocr_carea' id='block_1_20' title="bbox 2270 468 3839 540">
    <p class='ocr_par' dir='ltr' id='par_1_20' title="bbox 2270 468 3839 540">
     <span class='ocr_line' id='line_1_20' title="bbox 2270 468 3839 540; baseline 0.002 -18"><span class='ocrx_word' id='word_1_120' title='bbox 2270 469 2696 538; x_wconf 84' lang='grc' dir='ltr'>μνησικακείτω,</span> <span class='ocrx_word' id='word_1_121' title='bbox 2752 472 2845 522; x_wconf 76' lang='grc' dir='ltr'><strong>καὶ</strong></span> <span class='ocrx_word' id='word_1_122' title='bbox 2884 470 3041 540; x_wconf 76' lang='grc' dir='ltr'>ὅρκον</span> <span class='ocrx_word' id='word_1_123' title='bbox 3088 468 3277 539; x_wconf 76' lang='grc' dir='ltr'>ψευδῆ</span> <span class='ocrx_word' id='word_1_124' title='bbox 3309 468 3389 539; x_wconf 82' lang='grc' dir='ltr'>μὴ</span> <span class='ocrx_word' id='word_1_125' title='bbox 3434 469 3697 538; x_wconf 79' lang='grc' dir='ltr'>ἀγαπᾶτε·</span> <span class='ocrx_word' id='word_1_126' title='bbox 3728 473 3839 525; x_wconf 56' lang='lat' dir='ltr'><strong>Atria</strong></span> 
     </span>
    </p>
   </div>
   <div class='ocr_carea' id='block_1_21' title="bbox 2265 557 3834 632">
    <p class='ocr_par' dir='ltr' id='par_1_21' title="bbox 2265 557 3834 632">
     <span class='ocr_line' id='line_1_21' title="bbox 2265 557 3834 632; baseline 0.002 -21"><span class='ocrx_word' id='word_1_127' title='bbox 2265 557 2437 612; x_wconf 78' lang='grc' dir='ltr'>ταῦτα</span> <span class='ocrx_word' id='word_1_128' title='bbox 2478 559 2653 613; x_wconf 81' lang='grc' dir='ltr'>πάντα</span> <span class='ocrx_word' id='word_1_129' title='bbox 2681 558 2939 630; x_wconf 87' lang='grc' dir='ltr'>ἐμίσησα,</span> <span class='ocrx_word' id='word_1_130' title='bbox 2970 559 3119 627; x_wconf 84' lang='grc' dir='ltr'>λέγει</span> <span class='ocrx_word' id='word_1_131' title='bbox 3154 558 3382 630; x_wconf 85' lang='grc' dir='ltr'>Κύριος</span> <span class='ocrx_word' id='word_1_132' title='bbox 3410 560 3834 632; x_wconf 73' lang='grc' dir='ltr'><strong>παντοκράτωρ.»</strong></span> 
     </span>
    </p>
   </div>
   <div class='ocr_carea' id='block_1_22' title="bbox 2266 650 3838 720">
    <p class='ocr_par' dir='ltr' id='par_1_22' title="bbox 2266 650 3838 720">
     <span class='ocr_line' id='line_1_22' title="bbox 2266 650 3838 720; baseline 0.003 -17"><span class='ocrx_word' id='word_1_133' title='bbox 2266 651 2461 720; x_wconf 81' lang='grc' dir='ltr'>Σαφῶς</span> <span class='ocrx_word' id='word_1_134' title='bbox 2506 650 2635 719; x_wconf 75' lang='grc' dir='ltr'>γοῦν</span> <span class='ocrx_word' id='word_1_135' title='bbox 2686 651 2775 704; x_wconf 81' lang='grc' dir='ltr'>διὰ</span> <span class='ocrx_word' id='word_1_136' title='bbox 2803 651 3005 704; x_wconf 90' lang='grc' dir='ltr'>τούτων</span> <span class='ocrx_word' id='word_1_137' title='bbox 3050 652 3289 706; x_wconf 82' lang='grc' dir='ltr'>πάντων</span> <span class='ocrx_word' id='word_1_138' title='bbox 3322 650 3573 704; x_wconf 78' lang='grc' dir='ltr'><strong>διδάσκει</strong></span> <span class='ocrx_word' id='word_1_139' title='bbox 3609 652 3838 719; x_wconf 71' lang='grc' dir='ltr'><strong>ἐξετάζειν</strong></span> 
     </span>
    </p>
   </div>
   <div class='ocr_carea' id='block_1_23' title="bbox 2264 743 3839 818">
    <p class='ocr_par' dir='ltr' id='par_1_23' title="bbox 2264 743 3839 818">
     <span class='ocr_line' id='line_1_23' title="bbox 2264 743 3839 818; baseline 0.003 -23"><span class='ocrx_word' id='word_1_140' title='bbox 2264 743 2348 807; x_wconf 88' lang='grc' dir='ltr'><strong>τίς</strong></span> <span class='ocrx_word' id='word_1_141' title='bbox 2369 745 2397 796; x_wconf 88' lang='grc' dir='ltr'>ὁ</span> <span class='ocrx_word' id='word_1_142' title='bbox 2427 746 2553 816; x_wconf 83' lang='grc' dir='ltr'>περὶ</span> <span class='ocrx_word' id='word_1_143' title='bbox 2578 744 2685 797; x_wconf 86' lang='grc' dir='ltr'><strong>τῶν</strong></span> <span class='ocrx_word' id='word_1_144' title='bbox 2711 744 2910 797; x_wconf 89' lang='grc' dir='ltr'>θυσιῶν</span> <span class='ocrx_word' id='word_1_145' title='bbox 2928 745 3091 810; x_wconf 83' lang='grc' dir='ltr'>τόπος</span> <span class='ocrx_word' id='word_1_146' title='bbox 3110 763 3125 775; x_wconf 87' lang='grc'><strong>·</strong></span> <span class='ocrx_word' id='word_1_147' title='bbox 3166 746 3269 799; x_wconf 74' lang='grc' dir='ltr'><strong>καὶ</strong></span> <span class='ocrx_word' id='word_1_148' title='bbox 3295 744 3601 798; x_wconf 77' lang='grc' dir='ltr'>ὑποϐάλλει</span> <span class='ocrx_word' id='word_1_149' title='bbox 3628 763 3685 814; x_wconf 88' lang='grc' dir='ltr'><strong>γε</strong></span> <span class='ocrx_word' id='word_1_150' title='bbox 3704 747 3839 818; x_wconf 68' lang='grc' dir='ltr'>ἀφορ-</span> 
     </span>
    </p>
   </div>
   <div class='ocr_carea' id='block_1_24' title="bbox 2269 835 3835 908">
    <p class='ocr_par' dir='ltr' id='par_1_24' title="bbox 2269 835 3835 908">
     <span class='ocr_line' id='line_1_24' title="bbox 2269 835 3835 908; baseline 0.002 -19"><span class='ocrx_word' id='word_1_151' title='bbox 2269 835 2375 906; x_wconf 83' lang='grc' dir='ltr'>μὰς</span> <span class='ocrx_word' id='word_1_152' title='bbox 2400 835 2467 889; x_wconf 87' lang='grc' dir='ltr'><strong>τὰ</strong></span> <span class='ocrx_word' id='word_1_153' title='bbox 2493 835 2647 905; x_wconf 85' lang='grc' dir='ltr'>λόγια</span> <span class='ocrx_word' id='word_1_154' title='bbox 2674 836 2898 905; x_wconf 75' lang='grc' dir='ltr'>λέγοντα</span> <span class='ocrx_word' id='word_1_155' title='bbox 2924 854 2937 867; x_wconf 92' lang='grc'><strong>·</strong></span> <span class='ocrx_word' id='word_1_156' title='bbox 2979 857 2997 889; x_wconf 77' lang='grc' dir='ltr'><strong>ι</strong></span> <span class='ocrx_word' id='word_1_157' title='bbox 3021 837 3113 908; x_wconf 84' lang='grc' dir='ltr'>Τῷ</span> <span class='ocrx_word' id='word_1_158' title='bbox 3141 836 3275 906; x_wconf 82' lang='grc' dir='ltr'>Θεῷ</span> <span class='ocrx_word' id='word_1_159' title='bbox 3300 836 3471 889; x_wconf 85' lang='grc' dir='ltr'>θυσία</span> <span class='ocrx_word' id='word_1_160' title='bbox 3506 836 3710 907; x_wconf 79' lang='grc' dir='ltr'>πνεῦμα</span> <span class='ocrx_word' id='word_1_161' title='bbox 3738 856 3835 892; x_wconf 76' lang='grc' dir='ltr'>συνο</span> 
     </span>
    </p>
   </div>
   <div class='ocr_carea' id='block_1_25' title="bbox 2263 927 3835 1000">
    <p class='ocr_par' dir='ltr' id='par_1_25' title="bbox 2263 927 3835 1000">
     <span class='ocr_line' id='line_1_25' title="bbox 2263 927 3835 1000; baseline 0.002 -22"><span class='ocrx_word' id='word_1_162' title='bbox 2263 927 2624 997; x_wconf 84' lang='grc' dir='ltr'><strong>τετριμμένον</strong></span> <span class='ocrx_word' id='word_1_163' title='bbox 2645 944 2657 956; x_wconf 93' lang='grc'><strong>·</strong></span> <span class='ocrx_word' id='word_1_164' title='bbox 2685 947 2704 979; x_wconf 73' lang='grc' dir='ltr'><strong>ι</strong></span> <span class='ocrx_word' id='word_1_165' title='bbox 2755 927 2944 1000; x_wconf 86' lang='grc' dir='ltr'>ὥσπερ</span> <span class='ocrx_word' id='word_1_166' title='bbox 2976 928 3068 981; x_wconf 79' lang='grc' dir='ltr'><strong>καὶ</strong></span> <span class='ocrx_word' id='word_1_167' title='bbox 3090 927 3298 981; x_wconf 87' lang='grc' dir='ltr'>ἐνθάδε</span> <span class='ocrx_word' id='word_1_168' title='bbox 3324 945 3338 956; x_wconf 89' lang='grc'><strong>·</strong></span> <span class='ocrx_word' id='word_1_169' title='bbox 3399 947 3418 978; x_wconf 85' lang='grc'><strong><em>‹</em></strong></span> <span class='ocrx_word' id='word_1_170' title='bbox 3442 927 3651 979; x_wconf 85' lang='grc' dir='ltr'>Θύσατε</span> <span class='ocrx_word' id='word_1_171' title='bbox 3682 927 3835 993; x_wconf 63' lang='grc' dir='ltr'>θυσίαν</span> 
     </span>
    </p>
   </div>
   <div class='ocr_carea' id='block_1_26' title="bbox 2265 1016 3834 1090">
    <p class='ocr_par' dir='ltr' id='par_1_26' title="bbox 2265 1016 3834 1090">
     <span class='ocr_line' id='line_1_26' title="bbox 2265 1016 3834 1090; baseline 0.002 -21"><span class='ocrx_word' id='word_1_172' title='bbox 2265 1016 2635 1089; x_wconf 80' lang='grc' dir='ltr'>δικαιοσύνης,</span> <span class='ocrx_word' id='word_1_173' title='bbox 2683 1020 2774 1071; x_wconf 81' lang='grc' dir='ltr'><strong>καὶ</strong></span> <span class='ocrx_word' id='word_1_174' title='bbox 2822 1018 3079 1072; x_wconf 81' lang='grc' dir='ltr'>ἐλπίσατε</span> <span class='ocrx_word' id='word_1_175' title='bbox 3126 1020 3233 1071; x_wconf 74' lang='grc' dir='ltr'><strong>ἐπὶ</strong></span> <span class='ocrx_word' id='word_1_176' title='bbox 3265 1017 3505 1090; x_wconf 86' lang='grc' dir='ltr'>Κύριον,</span> <span class='ocrx_word' id='word_1_177' title='bbox 3534 1036 3552 1068; x_wconf 76' lang='grc' dir='ltr'><strong>ι</strong></span> <span class='ocrx_word' id='word_1_178' title='bbox 3586 1018 3687 1072; x_wconf 74' lang='grc' dir='ltr'>Καὶ</span> <span class='ocrx_word' id='word_1_179' title='bbox 3706 1020 3834 1084; x_wconf 61' lang='grc' dir='ltr'>αὐτὸς</span> 
     </span>
    </p>
   </div>
   <div class='ocr_carea' id='block_1_27' title="bbox 2263 1107 3833 1182">
    <p class='ocr_par' dir='ltr' id='par_1_27' title="bbox 2263 1107 3833 1182">
     <span class='ocr_line' id='line_1_27' title="bbox 2263 1107 3833 1182; baseline 0.003 -22"><span class='ocrx_word' id='word_1_180' title='bbox 2263 1107 2319 1161; x_wconf 89' lang='grc' dir='ltr'><strong>δέ</strong></span> <span class='ocrx_word' id='word_1_181' title='bbox 2346 1111 2374 1162; x_wconf 85' lang='grc' dir='ltr'>ὁ</span> <span class='ocrx_word' id='word_1_182' title='bbox 2406 1109 2596 1181; x_wconf 80' lang='grc' dir='ltr'>Σωτὴρ</span> <span class='ocrx_word' id='word_1_183' title='bbox 2624 1109 2718 1163; x_wconf 73' lang='grc' dir='ltr'><strong>καὶ</strong></span> <span class='ocrx_word' id='word_1_184' title='bbox 2750 1109 2952 1181; x_wconf 85' lang='grc' dir='ltr'>Κύριος</span> <span class='ocrx_word' id='word_1_185' title='bbox 2979 1111 3140 1180; x_wconf 85' lang='grc' dir='ltr'>ήμῶν</span> <span class='ocrx_word' id='word_1_186' title='bbox 3174 1110 3519 1180; x_wconf 74' lang='grc' dir='ltr'>ἐπιστρέφει</span> <span class='ocrx_word' id='word_1_187' title='bbox 3541 1111 3660 1173; x_wconf 76' lang='grc' dir='ltr'>τοὺς</span> <span class='ocrx_word' id='word_1_188' title='bbox 3692 1110 3833 1182; x_wconf 84' lang='grc' dir='ltr'>μὴνο-</span> 
     </span>
    </p>
   </div>
   <div class='ocr_carea' id='block_1_28' title="bbox 2263 1199 3829 1273">
    <p class='ocr_par' dir='ltr' id='par_1_28' title="bbox 2263 1199 3829 1273">
     <span class='ocr_line' id='line_1_28' title="bbox 2263 1199 3829 1273; baseline 0.002 -21"><span class='ocrx_word' id='word_1_189' title='bbox 2263 1199 2455 1264; x_wconf 81' lang='grc' dir='ltr'>οὖντας</span> <span class='ocrx_word' id='word_1_190' title='bbox 2479 1202 2547 1255; x_wconf 90' lang='grc' dir='ltr'><strong>τά</strong></span> <span class='ocrx_word' id='word_1_191' title='bbox 2574 1202 2907 1273; x_wconf 84' lang='grc' dir='ltr'>προφητικὰ,</span> <span class='ocrx_word' id='word_1_192' title='bbox 2939 1203 3030 1255; x_wconf 74' lang='grc' dir='ltr'><strong>καὶ</strong></span> <span class='ocrx_word' id='word_1_193' title='bbox 3053 1202 3147 1256; x_wconf 87' lang='grc' dir='ltr'><strong>διὰ</strong></span> <span class='ocrx_word' id='word_1_194' title='bbox 3185 1200 3359 1255; x_wconf 81' lang='grc' dir='ltr'>τοῦτο</span> <span class='ocrx_word' id='word_1_195' title='bbox 3402 1202 3535 1273; x_wconf 71' lang='grc' dir='ltr'>περὶ</span> <span class='ocrx_word' id='word_1_196' title='bbox 3562 1201 3655 1265; x_wconf 72' lang='grc' dir='ltr'><strong>τὰς</strong></span> <span class='ocrx_word' id='word_1_197' title='bbox 3678 1218 3829 1273; x_wconf 75' lang='grc' dir='ltr'>σωμαο</span> 
     </span>
    </p>
   </div>
   <div class='ocr_carea' id='block_1_29' title="bbox 2261 1291 3825 1364">
    <p class='ocr_par' dir='ltr' id='par_1_29' title="bbox 2261 1291 3825 1364">
     <span class='ocr_line' id='line_1_29' title="bbox 2261 1291 3825 1364; baseline 0.003 -21"><span class='ocrx_word' id='word_1_198' title='bbox 2261 1291 2418 1355; x_wconf 86' lang='grc' dir='ltr'>τικὰς</span> <span class='ocrx_word' id='word_1_199' title='bbox 2446 1292 2633 1355; x_wconf 82' lang='grc' dir='ltr'>θυσίας</span> <span class='ocrx_word' id='word_1_200' title='bbox 2665 1293 3052 1364; x_wconf 84' lang='grc' dir='ltr'>ἐπτοημένους,</span> <span class='ocrx_word' id='word_1_201' title='bbox 3084 1294 3294 1363; x_wconf 81' lang='grc' dir='ltr'>λέγων’</span> <span class='ocrx_word' id='word_1_202' title='bbox 3349 1313 3368 1344; x_wconf 77' lang='grc' dir='ltr'><strong>ι</strong></span> <span class='ocrx_word' id='word_1_203' title='bbox 3393 1294 3460 1346; x_wconf 72' lang='lat' dir='ltr'><strong>Ei</strong></span> <span class='ocrx_word' id='word_1_204' title='bbox 3488 1293 3545 1347; x_wconf 85' lang='grc' dir='ltr'>δὲ</span> <span class='ocrx_word' id='word_1_205' title='bbox 3582 1294 3825 1363; x_wconf 80' lang='grc' dir='ltr'>ἐγνώκειτε</span> 
     </span>
    </p>
   </div>
   <div class='ocr_carea' id='block_1_30' title="bbox 2259 1384 3826 1450">
    <p class='ocr_par' dir='ltr' id='par_1_30' title="bbox 2259 1384 3826 1450">
     <span class='ocr_line' id='line_1_30' title="bbox 2259 1384 3826 1450; baseline 0.001 -12"><span class='ocrx_word' id='word_1_206' title='bbox 2259 1387 2311 1439; x_wconf 88' lang='grc' dir='ltr'><strong>τί</strong></span> <span class='ocrx_word' id='word_1_207' title='bbox 2343 1388 2517 1440; x_wconf 86' lang='grc' dir='ltr'>ἐστιν·</span> <span class='ocrx_word' id='word_1_208' title='bbox 2554 1384 2739 1450; x_wconf 84' lang='grc' dir='ltr'>Ἔλεος</span> <span class='ocrx_word' id='word_1_209' title='bbox 2770 1386 2908 1440; x_wconf 83' lang='grc' dir='ltr'><strong>θέλω</strong></span> <span class='ocrx_word' id='word_1_210' title='bbox 2948 1389 3041 1441; x_wconf 76' lang='grc' dir='ltr'><strong>καὶ</strong></span> <span class='ocrx_word' id='word_1_211' title='bbox 3073 1390 3136 1441; x_wconf 83' lang='grc' dir='ltr'><strong>οὐ</strong></span> <span class='ocrx_word' id='word_1_212' title='bbox 3176 1387 3407 1450; x_wconf 88' lang='grc' dir='ltr'>θυσίαν,</span> <span class='ocrx_word' id='word_1_213' title='bbox 3438 1387 3540 1439; x_wconf 81' lang='grc' dir='ltr'><strong>οὐκ</strong></span> <span class='ocrx_word' id='word_1_214' title='bbox 3565 1385 3629 1439; x_wconf 84' lang='grc' dir='ltr'><strong>ἂν</strong></span> <span class='ocrx_word' id='word_1_215' title='bbox 3654 1389 3826 1441; x_wconf 83' lang='grc' dir='ltr'>κατεδι-</span> 
     </span>
    </p>
   </div>
   <div class='ocr_carea' id='block_1_31' title="bbox 2260 1477 3824 1548">
    <p class='ocr_par' dir='ltr' id='par_1_31' title="bbox 2260 1477 3824 1548">
     <span class='ocr_line' id='line_1_31' title="bbox 2260 1477 3824 1548; baseline 0.001 -19"><span class='ocrx_word' id='word_1_216' title='bbox 2260 1477 2461 1530; x_wconf 85' lang='grc' dir='ltr'>κάσατε</span> <span class='ocrx_word' id='word_1_217' title='bbox 2506 1480 2632 1541; x_wconf 82' lang='grc' dir='ltr'>τοὺς</span> <span class='ocrx_word' id='word_1_218' title='bbox 2671 1479 2962 1541; x_wconf 83' lang='grc' dir='ltr'>ἀναιτίους.</span> <span class='ocrx_word' id='word_1_219' title='bbox 2992 1498 3010 1530; x_wconf 80' lang='grc' dir='ltr'><strong>ι</strong></span> <span class='ocrx_word' id='word_1_220' title='bbox 3060 1481 3269 1532; x_wconf 83' lang='grc' dir='ltr'>Κεῖται</span> <span class='ocrx_word' id='word_1_221' title='bbox 3322 1478 3383 1531; x_wconf 83' lang='grc' dir='ltr'>δὲ</span> <span class='ocrx_word' id='word_1_222' title='bbox 3436 1480 3470 1548; x_wconf 87' lang='grc' dir='ltr'><strong>ἡ</strong></span> <span class='ocrx_word' id='word_1_223' title='bbox 3506 1478 3646 1545; x_wconf 82' lang='grc' dir='ltr'>λέξις</span> <span class='ocrx_word' id='word_1_224' title='bbox 3685 1481 3735 1530; x_wconf 88' lang='grc' dir='ltr'><strong>ἐν</strong></span> <span class='ocrx_word' id='word_1_225' title='bbox 3764 1482 3824 1531; x_wconf 78' lang='grc' dir='ltr'><strong>ἐνὶ</strong></span> 
     </span>
    </p>
   </div>
   <div class='ocr_carea' id='block_1_32' title="bbox 2258 1570 3823 1641">
    <p class='ocr_par' dir='ltr' id='par_1_32' title="bbox 2258 1570 3823 1641">
     <span class='ocr_line' id='line_1_32' title="bbox 2258 1570 3823 1641; baseline -0.001 -17"><span class='ocrx_word' id='word_1_226' title='bbox 2258 1571 2365 1624; x_wconf 80' lang='grc' dir='ltr'><strong>τῶν</strong></span> <span class='ocrx_word' id='word_1_227' title='bbox 2396 1570 2601 1623; x_wconf 83' lang='grc' dir='ltr'>δώδεκα</span> <span class='ocrx_word' id='word_1_228' title='bbox 2646 1570 2818 1635; x_wconf 74' lang='grc' dir='ltr'>οὕτως</span> <span class='ocrx_word' id='word_1_229' title='bbox 2863 1570 3097 1641; x_wconf 74' lang='grc' dir='ltr'>ἐχουσα’</span> <span class='ocrx_word' id='word_1_230' title='bbox 3153 1589 3175 1622; x_wconf 74' lang='grc' dir='ltr'><strong>ι</strong></span> <span class='ocrx_word' id='word_1_231' title='bbox 3223 1571 3379 1624; x_wconf 76' lang='grc' dir='ltr'>Διότι</span> <span class='ocrx_word' id='word_1_232' title='bbox 3422 1571 3573 1635; x_wconf 77' lang='grc' dir='ltr'>ἕλεος</span> <span class='ocrx_word' id='word_1_233' title='bbox 3605 1571 3726 1623; x_wconf 85' lang='grc' dir='ltr'>θέλω</span> <span class='ocrx_word' id='word_1_234' title='bbox 3751 1573 3823 1625; x_wconf 71' lang='grc' dir='ltr'><strong>καὶ</strong></span> 
     </span>
    </p>
   </div>
   <div class='ocr_carea' id='block_1_33' title="bbox 2259 1660 3819 1732">
    <p class='ocr_par' dir='ltr' id='par_1_33' title="bbox 2259 1660 3819 1732">
     <span class='ocr_line' id='line_1_33' title="bbox 2259 1660 3819 1732; baseline -0.001 -18"><span class='ocrx_word' id='word_1_235' title='bbox 2259 1662 2319 1714; x_wconf 84' lang='grc' dir='ltr'>οὺ</span> <span class='ocrx_word' id='word_1_236' title='bbox 2353 1661 2564 1725; x_wconf 83' lang='grc' dir='ltr'>θυσίαν,</span> <span class='ocrx_word' id='word_1_237' title='bbox 2594 1661 2889 1730; x_wconf 78' lang='grc' dir='ltr'>ἐπίγνωσιν</span> <span class='ocrx_word' id='word_1_238' title='bbox 2924 1660 3058 1713; x_wconf 77' lang='grc' dir='ltr'>Θεοῦ</span> <span class='ocrx_word' id='word_1_239' title='bbox 3092 1662 3125 1732; x_wconf 79' lang='grc' dir='ltr'><strong>ἢ</strong></span> <span class='ocrx_word' id='word_1_240' title='bbox 3171 1661 3639 1731; x_wconf 83' lang='grc' dir='ltr'>ὁλοκαυτώματα.</span> <span class='ocrx_word' id='word_1_241' title='bbox 3688 1663 3819 1713; x_wconf 80' lang='grc' dir='ltr'>ι’θτι</span> 
     </span>
    </p>
   </div>
   <div class='ocr_carea' id='block_1_34' title="bbox 580 1724 2147 1831">
    <p class='ocr_par' dir='ltr' id='par_1_34' title="bbox 580 1760 2147 1831">
     <span class='ocr_line' id='line_1_34' title="bbox 580 1760 2147 1831; baseline 0.006 -17"><span class='ocrx_word' id='word_1_242' title='bbox 580 1762 788 1829; x_wconf 88' lang='lat' dir='ltr'><strong>positus</strong></span> <span class='ocrx_word' id='word_1_243' title='bbox 818 1770 901 1815; x_wconf 89' lang='lat' dir='ltr'><strong>est</strong></span> <span class='ocrx_word' id='word_1_244' title='bbox 938 1763 1018 1815; x_wconf 73' lang='grc' dir='ltr'><strong>ὀε</strong></span> <span class='ocrx_word' id='word_1_245' title='bbox 1077 1780 1093 1811; x_wconf 78' lang='grc' dir='ltr'><strong>ι</strong></span> <span class='ocrx_word' id='word_1_246' title='bbox 1126 1760 1259 1827; x_wconf 86' lang='lat' dir='ltr'><strong>Quia</strong></span> <span class='ocrx_word' id='word_1_247' title='bbox 1289 1762 1719 1818; x_wconf 86' lang='lat' dir='ltr'><strong>misericordiam</strong></span> <span class='ocrx_word' id='word_1_248' title='bbox 1758 1764 1878 1818; x_wconf 84' lang='lat' dir='ltr'><strong>volo</strong></span> <span class='ocrx_word' id='word_1_249' title='bbox 1901 1806 1915 1831; x_wconf 93' lang='lat'><strong>,</strong></span> <span class='ocrx_word' id='word_1_250' title='bbox 1956 1774 2012 1820; x_wconf 90' lang='lat' dir='ltr'><strong>et</strong></span> <span class='ocrx_word' id='word_1_251' title='bbox 2046 1783 2147 1823; x_wconf 93' lang='lat' dir='ltr'><strong>non</strong></span> 
     </span>
    </p>
   </div>
   <div class='ocr_carea' id='block_1_35' title="bbox 2254 1724 3820 1831">
    <p class='ocr_par' dir='ltr' id='par_1_35' title="bbox 2258 1724 3820 1826">
     <span class='ocr_line' id='line_1_35' title="bbox 2258 1724 3820 1826; baseline -0.003 -18"><span class='ocrx_word' id='word_1_252' title='bbox 2258 1755 2315 1808; x_wconf 83' lang='grc' dir='ltr'>δὲ</span> <span class='ocrx_word' id='word_1_253' title='bbox 2342 1755 2513 1807; x_wconf 77' lang='grc' dir='ltr'>ταῦτα</span> <span class='ocrx_word' id='word_1_254' title='bbox 2536 1724 2824 1825; x_wconf 76' lang='grc' dir='ltr'>νομοθεσία</span> <span class='ocrx_word' id='word_1_255' title='bbox 2849 1755 2963 1807; x_wconf 77' lang='grc' dir='ltr'>ἐστὶ</span> <span class='ocrx_word' id='word_1_256' title='bbox 2992 1724 3125 1826; x_wconf 56' lang='grc' dir='ltr'>περί</span> <span class='ocrx_word' id='word_1_257' title='bbox 3137 1754 3381 1819; x_wconf 82' lang='grc' dir='ltr'>θυσιῶν,</span> <span class='ocrx_word' id='word_1_258' title='bbox 3412 1724 3689 1817; x_wconf 83' lang='grc' dir='ltr'>ἐδίδαξενὸ</span> <span class='ocrx_word' id='word_1_259' title='bbox 3708 1752 3820 1807; x_wconf 77' lang='grc' dir='ltr'><strong>Παῦ-</strong></span> 
     </span>
    </p>
   </div>
   <div class='ocr_carea' id='block_1_36' title="bbox 581 1853 2148 1926">
    <p class='ocr_par' dir='ltr' id='par_1_36' title="bbox 581 1853 2148 1926">
     <span class='ocr_line' id='line_1_36' title="bbox 581 1853 2148 1926; baseline 0.003 -17"><span class='ocrx_word' id='word_1_260' title='bbox 581 1853 910 1909; x_wconf 86' lang='lat' dir='ltr'><strong>sacriﬁcium</strong></span> <span class='ocrx_word' id='word_1_261' title='bbox 939 1875 950 1909; x_wconf 91' lang='lat'><strong>:</strong></span> <span class='ocrx_word' id='word_1_262' title='bbox 990 1854 1274 1909; x_wconf 86' lang='lat' dir='ltr'><strong>scientiam</strong></span> <span class='ocrx_word' id='word_1_263' title='bbox 1309 1856 1397 1909; x_wconf 88' lang='lat' dir='ltr'><strong>Dei</strong></span> <span class='ocrx_word' id='word_1_264' title='bbox 1441 1856 1723 1926; x_wconf 89' lang='lat' dir='ltr'><strong>plusquam</strong></span> <span class='ocrx_word' id='word_1_265' title='bbox 1759 1858 2096 1913; x_wconf 82' lang='lat' dir='ltr'><strong>holocausta.</strong></span> <span class='ocrx_word' id='word_1_266' title='bbox 2129 1879 2148 1913; x_wconf 78' lang='grc' dir='ltr'><strong>ι</strong></span> 
     </span>
    </p>
   </div>
   <div class='ocr_carea' id='block_1_37' title="bbox 580 1944 2154 2015">
    <p class='ocr_par' dir='ltr' id='par_1_37' title="bbox 580 1944 2154 2015">
     <span class='ocr_line' id='line_1_37' title="bbox 580 1944 2154 2015; baseline 0.004 -16"><span class='ocrx_word' id='word_1_267' title='bbox 580 1944 707 2000; x_wconf 67' lang='lat' dir='ltr'><strong>&quot;me</strong></span> <span class='ocrx_word' id='word_1_268' title='bbox 742 1953 922 1998; x_wconf 90' lang='lat' dir='ltr'><strong>autem</strong></span> <span class='ocrx_word' id='word_1_269' title='bbox 966 1945 1033 1998; x_wconf 91' lang='lat' dir='ltr'><strong>de</strong></span> <span class='ocrx_word' id='word_1_270' title='bbox 1078 1945 1361 1999; x_wconf 83' lang='lat' dir='ltr'><strong>sacriﬁciis</strong></span> <span class='ocrx_word' id='word_1_271' title='bbox 1407 1946 1581 2015; x_wconf 85' lang='lat' dir='ltr'><strong>legem</strong></span> <span class='ocrx_word' id='word_1_272' title='bbox 1613 1963 1733 2002; x_wconf 84' lang='lat' dir='ltr'><strong>esse</strong></span> <span class='ocrx_word' id='word_1_273' title='bbox 1772 1949 1926 2004; x_wconf 90' lang='lat' dir='ltr'><strong>docet</strong></span> <span class='ocrx_word' id='word_1_274' title='bbox 1956 1950 2154 2007; x_wconf 84' lang='lat' dir='ltr'><strong>Paulus</strong></span> 
     </span>
    </p>
   </div>
   <div class='ocr_carea' id='block_1_38' title="bbox 578 2034 2153 2105">
    <p class='ocr_par' dir='ltr' id='par_1_38' title="bbox 578 2034 2153 2105">
     <span class='ocr_line' id='line_1_38' title="bbox 578 2034 2153 2105; baseline 0.004 -15"><span class='ocrx_word' id='word_1_275' title='bbox 578 2037 765 2090; x_wconf 90' lang='lat' dir='ltr'><strong>dicens</strong></span> <span class='ocrx_word' id='word_1_276' title='bbox 795 2036 887 2088; x_wconf 70' lang='grc' dir='ltr'><strong>³ος</strong></span> <span class='ocrx_word' id='word_1_277' title='bbox 937 2054 956 2087; x_wconf 78' lang='grc' dir='ltr'><strong>ι</strong></span> <span class='ocrx_word' id='word_1_278' title='bbox 989 2034 1088 2101; x_wconf 85' lang='lat' dir='ltr'><strong>Qui</strong></span> <span class='ocrx_word' id='word_1_279' title='bbox 1138 2035 1432 2105; x_wconf 85' lang='lat' dir='ltr'><strong>exemplari</strong></span> <span class='ocrx_word' id='word_1_280' title='bbox 1488 2046 1542 2091; x_wconf 92' lang='lat' dir='ltr'><strong>et</strong></span> <span class='ocrx_word' id='word_1_281' title='bbox 1592 2041 1796 2094; x_wconf 68' lang='lat' dir='ltr'><strong>umbrae</strong></span> <span class='ocrx_word' id='word_1_282' title='bbox 1843 2041 2153 2097; x_wconf 82' lang='lat' dir='ltr'><strong>deserviunt</strong></span> 
     </span>
    </p>
   </div>
   <div class='ocr_carea' id='block_1_39' title="bbox 579 2127 2149 2209">
    <p class='ocr_par' dir='ltr' id='par_1_39' title="bbox 579 2127 2149 2209">
     <span class='ocr_line' id='line_1_39' title="bbox 579 2127 2149 2209; baseline 0.006 -27"><span class='ocrx_word' id='word_1_283' title='bbox 579 2127 904 2183; x_wconf 73' lang='lat' dir='ltr'><strong>cmlestium.</strong></span> <span class='ocrx_word' id='word_1_284' title='bbox 934 2147 954 2181; x_wconf 73' lang='grc' dir='ltr'><strong>ι</strong></span> <span class='ocrx_word' id='word_1_285' title='bbox 1008 2128 1067 2182; x_wconf 82' lang='lat' dir='ltr'><strong>Ei</strong></span> <span class='ocrx_word' id='word_1_286' title='bbox 1099 2144 1233 2196; x_wconf 89' lang='lat' dir='ltr'><strong>ergo</strong></span> <span class='ocrx_word' id='word_1_287' title='bbox 1261 2130 1352 2197; x_wconf 91' lang='lat' dir='ltr'><strong>qui</strong></span> <span class='ocrx_word' id='word_1_288' title='bbox 1396 2128 1540 2200; x_wconf 82' lang='lat' dir='ltr'><strong>leges</strong></span> <span class='ocrx_word' id='word_1_289' title='bbox 1570 2133 1640 2187; x_wconf 88' lang='lat' dir='ltr'><strong>de</strong></span> <span class='ocrx_word' id='word_1_290' title='bbox 1680 2135 1968 2191; x_wconf 88' lang='lat' dir='ltr'><strong>sacriﬁciis</strong></span> <span class='ocrx_word' id='word_1_291' title='bbox 2001 2137 2149 2209; x_wconf 82' lang='lat' dir='ltr'><strong>legit,</strong></span> 
     </span>
    </p>
   </div>
   <div class='ocr_carea' id='block_1_40' title="bbox 577 2219 2150 2299">
    <p class='ocr_par' dir='ltr' id='par_1_40' title="bbox 577 2219 2150 2299">
     <span class='ocr_line' id='line_1_40' title="bbox 577 2219 2150 2299; baseline 0.008 -26"><span class='ocrx_word' id='word_1_292' title='bbox 577 2220 739 2274; x_wconf 89' lang='lat' dir='ltr'><strong>enixe</strong></span> <span class='ocrx_word' id='word_1_293' title='bbox 767 2219 1122 2275; x_wconf 89' lang='lat' dir='ltr'><strong>laborandum</strong></span> <span class='ocrx_word' id='word_1_294' title='bbox 1146 2230 1230 2274; x_wconf 90' lang='lat' dir='ltr'><strong>est</strong></span> <span class='ocrx_word' id='word_1_295' title='bbox 1256 2230 1313 2274; x_wconf 92' lang='lat' dir='ltr'><strong>ut</strong></span> <span class='ocrx_word' id='word_1_296' title='bbox 1333 2234 1427 2276; x_wconf 86' lang='lat' dir='ltr'><strong>eas</strong></span> <span class='ocrx_word' id='word_1_297' title='bbox 1456 2232 1684 2294; x_wconf 88' lang='lat' dir='ltr'><strong>utroque</strong></span> <span class='ocrx_word' id='word_1_298' title='bbox 1708 2227 1868 2281; x_wconf 90' lang='lat' dir='ltr'><strong>modo</strong></span> <span class='ocrx_word' id='word_1_299' title='bbox 1891 2230 2150 2299; x_wconf 80' lang='lat' dir='ltr'><strong>explicet,</strong></span> 
     </span>
    </p>
   </div>
   <div class='ocr_carea' id='block_1_41' title="bbox 578 2311 2149 2386">
    <p class='ocr_par' dir='ltr' id='par_1_41' title="bbox 578 2311 2149 2386">
     <span class='ocr_line' id='line_1_41' title="bbox 578 2311 2149 2386; baseline 0.008 -23"><span class='ocrx_word' id='word_1_300' title='bbox 578 2323 633 2365; x_wconf 83' lang='lat' dir='ltr'><strong>et</strong></span> <span class='ocrx_word' id='word_1_301' title='bbox 657 2326 750 2366; x_wconf 85' lang='lat' dir='ltr'><strong>eas</strong></span> <span class='ocrx_word' id='word_1_302' title='bbox 774 2320 885 2366; x_wconf 90' lang='lat' dir='ltr'><strong>tum</strong></span> <span class='ocrx_word' id='word_1_303' title='bbox 911 2312 1064 2381; x_wconf 84' lang='lat' dir='ltr'><strong>juxta</strong></span> <span class='ocrx_word' id='word_1_304' title='bbox 1094 2311 1396 2381; x_wconf 88' lang='lat' dir='ltr'><strong>ﬁguralem,</strong></span> <span class='ocrx_word' id='word_1_305' title='bbox 1424 2322 1533 2368; x_wconf 90' lang='lat' dir='ltr'><strong>tum</strong></span> <span class='ocrx_word' id='word_1_306' title='bbox 1553 2316 1709 2386; x_wconf 82' lang='lat' dir='ltr'><strong>juxta</strong></span> <span class='ocrx_word' id='word_1_307' title='bbox 1733 2320 2149 2376; x_wconf 87' lang='lat' dir='ltr'><strong>reconditiorem</strong></span> 
     </span>
    </p>
   </div>
   <div class='ocr_carea' id='block_1_42' title="bbox 576 2405 2149 2482">
    <p class='ocr_par' dir='ltr' id='par_1_42' title="bbox 576 2405 2149 2482">
     <span class='ocr_line' id='line_1_42' title="bbox 576 2405 2149 2482; baseline 0.006 -24"><span class='ocrx_word' id='word_1_308' title='bbox 576 2413 633 2458; x_wconf 93' lang='lat' dir='ltr'><strong>et</strong></span> <span class='ocrx_word' id='word_1_309' title='bbox 663 2405 951 2475; x_wconf 87' lang='lat' dir='ltr'><strong>mysticum</strong></span> <span class='ocrx_word' id='word_1_310' title='bbox 997 2420 1214 2461; x_wconf 88' lang='lat' dir='ltr'><strong>sensum</strong></span> <span class='ocrx_word' id='word_1_311' title='bbox 1266 2407 1557 2478; x_wconf 81' lang='lat' dir='ltr'><strong>expendat.</strong></span> <span class='ocrx_word' id='word_1_312' title='bbox 1607 2407 1732 2465; x_wconf 65' lang='lat' dir='ltr'><strong>Haec</strong></span> <span class='ocrx_word' id='word_1_313' title='bbox 1765 2414 2091 2482; x_wconf 85' lang='lat' dir='ltr'><strong>compendio</strong></span> <span class='ocrx_word' id='word_1_314' title='bbox 2120 2430 2149 2468; x_wconf 89' lang='lat' dir='ltr'><strong>a</strong></span> 
     </span>
    </p>
   </div>
   <div class='ocr_carea' id='block_1_43' title="bbox 577 2495 2152 2571">
    <p class='ocr_par' dir='ltr' id='par_1_43' title="bbox 577 2495 2152 2571">
     <span class='ocr_line' id='line_1_43' title="bbox 577 2495 2152 2571; baseline 0.009 -23"><span class='ocrx_word' id='word_1_315' title='bbox 577 2495 737 2550; x_wconf 84' lang='lat' dir='ltr'><strong>nobis</strong></span> <span class='ocrx_word' id='word_1_316' title='bbox 767 2498 1054 2552; x_wconf 87' lang='lat' dir='ltr'><strong>observata</strong></span> <span class='ocrx_word' id='word_1_317' title='bbox 1092 2509 1217 2555; x_wconf 91' lang='lat' dir='ltr'><strong>sunt</strong></span> <span class='ocrx_word' id='word_1_318' title='bbox 1246 2541 1262 2566; x_wconf 93' lang='lat'><strong>,</strong></span> <span class='ocrx_word' id='word_1_319' title='bbox 1314 2502 1732 2571; x_wconf 84' lang='lat' dir='ltr'><strong>explanantibus</strong></span> <span class='ocrx_word' id='word_1_320' title='bbox 1773 2504 1938 2559; x_wconf 90' lang='lat' dir='ltr'><strong>illud:</strong></span> <span class='ocrx_word' id='word_1_321' title='bbox 1999 2524 2017 2558; x_wconf 85' lang='grc' dir='ltr'><strong>ι</strong></span> <span class='ocrx_word' id='word_1_322' title='bbox 2050 2509 2152 2562; x_wconf 84' lang='lat' dir='ltr'><strong>Sa-</strong></span> 
     </span>
    </p>
   </div>
   <div class='ocr_carea' id='block_1_44' title="bbox 574 2587 2150 2669">
    <p class='ocr_par' dir='ltr' id='par_1_44' title="bbox 574 2587 2150 2669">
     <span class='ocr_line' id='line_1_44' title="bbox 574 2587 2150 2669; baseline 0.008 -29"><span class='ocrx_word' id='word_1_323' title='bbox 574 2587 818 2644; x_wconf 85' lang='lat' dir='ltr'><strong>criﬁcate</strong></span> <span class='ocrx_word' id='word_1_324' title='bbox 866 2591 1193 2646; x_wconf 86' lang='lat' dir='ltr'><strong>sacriﬁcium</strong></span> <span class='ocrx_word' id='word_1_325' title='bbox 1247 2593 1515 2661; x_wconf 58' lang='lat' dir='ltr'><strong>iustitia),</strong></span> <span class='ocrx_word' id='word_1_326' title='bbox 1566 2613 1587 2646; x_wconf 76' lang='grc' dir='ltr'><strong>ι</strong></span> <span class='ocrx_word' id='word_1_327' title='bbox 1644 2604 1699 2649; x_wconf 88' lang='lat' dir='ltr'><strong>et</strong></span> <span class='ocrx_word' id='word_1_328' title='bbox 1751 2608 2150 2669; x_wconf 87' lang='lat' dir='ltr'><strong>consequenter</strong></span> 
     </span>
    </p>
   </div>
   <div class='ocr_carea' id='block_1_45' title="bbox 574 2678 2150 2757">
    <p class='ocr_par' dir='ltr' id='par_1_45' title="bbox 574 2678 2150 2757">
     <span class='ocr_line' id='line_1_45' title="bbox 574 2678 2150 2757; baseline 0.008 -25"><span class='ocrx_word' id='word_1_329' title='bbox 574 2678 748 2734; x_wconf 88' lang='lat' dir='ltr'><strong>istud:</strong></span> <span class='ocrx_word' id='word_1_330' title='bbox 786 2698 806 2732; x_wconf 73' lang='grc' dir='ltr'><strong>ι</strong></span> <span class='ocrx_word' id='word_1_331' title='bbox 838 2680 1065 2750; x_wconf 86' lang='lat' dir='ltr'><strong>Sperate</strong></span> <span class='ocrx_word' id='word_1_332' title='bbox 1108 2684 1160 2738; x_wconf 93' lang='lat' dir='ltr'><strong>in</strong></span> <span class='ocrx_word' id='word_1_333' title='bbox 1196 2684 1441 2740; x_wconf 86' lang='lat' dir='ltr'><strong>Domino.</strong></span> <span class='ocrx_word' id='word_1_334' title='bbox 1468 2704 1489 2738; x_wconf 80' lang='grc' dir='ltr'><strong>ι</strong></span> <span class='ocrx_word' id='word_1_335' title='bbox 1532 2683 1717 2757; x_wconf 79' lang='lat' dir='ltr'><strong>Neque</strong></span> <span class='ocrx_word' id='word_1_336' title='bbox 1744 2688 1888 2743; x_wconf 91' lang='lat' dir='ltr'><strong>enim</strong></span> <span class='ocrx_word' id='word_1_337' title='bbox 1922 2705 2150 2745; x_wconf 90' lang='lat' dir='ltr'><strong>consen-</strong></span> 
     </span>
    </p>
   </div>
   <div class='ocr_carea' id='block_1_46' title="bbox 575 2775 2142 2851">
    <p class='ocr_par' dir='ltr' id='par_1_46' title="bbox 575 2775 2142 2851">
     <span class='ocr_line' id='line_1_46' title="bbox 575 2775 2142 2851; baseline 0.008 -28"><span class='ocrx_word' id='word_1_338' title='bbox 575 2780 793 2825; x_wconf 84' lang='lat' dir='ltr'><strong>taneum</strong></span> <span class='ocrx_word' id='word_1_339' title='bbox 827 2782 910 2827; x_wconf 90' lang='lat' dir='ltr'><strong>est</strong></span> <span class='ocrx_word' id='word_1_340' title='bbox 943 2784 999 2828; x_wconf 92' lang='lat' dir='ltr'><strong>ut</strong></span> <span class='ocrx_word' id='word_1_341' title='bbox 1034 2775 1158 2843; x_wconf 91' lang='lat' dir='ltr'><strong>quis</strong></span> <span class='ocrx_word' id='word_1_342' title='bbox 1206 2787 1389 2843; x_wconf 87' lang='lat' dir='ltr'><strong>speret</strong></span> <span class='ocrx_word' id='word_1_343' title='bbox 1416 2819 1432 2843; x_wconf 96' lang='lat'><strong>,</strong></span> <span class='ocrx_word' id='word_1_344' title='bbox 1483 2790 1772 2849; x_wconf 90' lang='lat' dir='ltr'><strong>antequam</strong></span> <span class='ocrx_word' id='word_1_345' title='bbox 1801 2782 1945 2850; x_wconf 90' lang='lat' dir='ltr'><strong>juste</strong></span> <span class='ocrx_word' id='word_1_346' title='bbox 1980 2795 2142 2851; x_wconf 83' lang='lat' dir='ltr'><strong>agat:</strong></span> 
     </span>
    </p>
   </div>
   <div class='ocr_carea' id='block_1_47' title="bbox 571 2864 2145 2943">
    <p class='ocr_par' dir='ltr' id='par_1_47' title="bbox 571 2864 2145 2943">
     <span class='ocr_line' id='line_1_47' title="bbox 571 2864 2145 2943; baseline 0.009 -27"><span class='ocrx_word' id='word_1_347' title='bbox 571 2864 622 2917; x_wconf 87' lang='lat' dir='ltr'><strong>ei</strong></span> <span class='ocrx_word' id='word_1_348' title='bbox 659 2874 838 2918; x_wconf 89' lang='lat' dir='ltr'><strong>autem</strong></span> <span class='ocrx_word' id='word_1_349' title='bbox 869 2866 958 2933; x_wconf 92' lang='lat' dir='ltr'><strong>qui</strong></span> <span class='ocrx_word' id='word_1_350' title='bbox 989 2865 1135 2935; x_wconf 85' lang='lat' dir='ltr'><strong>juste</strong></span> <span class='ocrx_word' id='word_1_351' title='bbox 1163 2868 1311 2938; x_wconf 83' lang='lat' dir='ltr'><strong>agit,</strong></span> <span class='ocrx_word' id='word_1_352' title='bbox 1345 2869 1472 2925; x_wconf 90' lang='lat' dir='ltr'><strong>licet</strong></span> <span class='ocrx_word' id='word_1_353' title='bbox 1504 2871 1849 2928; x_wconf 85' lang='lat' dir='ltr'><strong>conﬁdenter</strong></span> <span class='ocrx_word' id='word_1_354' title='bbox 1879 2888 2101 2943; x_wconf 88' lang='lat' dir='ltr'><strong>sperare</strong></span> <span class='ocrx_word' id='word_1_355' title='bbox 2129 2914 2145 2940; x_wconf 95' lang='lat'><strong>,</strong></span> 
     </span>
    </p>
   </div>
   <div class='ocr_carea' id='block_1_48' title="bbox 572 2952 2143 3027">
    <p class='ocr_par' dir='ltr' id='par_1_48' title="bbox 572 2952 2143 3027">
     <span class='ocr_line' id='line_1_48' title="bbox 572 2952 2143 3027; baseline 0.005 -21"><span class='ocrx_word' id='word_1_356' title='bbox 572 2963 628 3007; x_wconf 89' lang='lat' dir='ltr'><strong>et</strong></span> <span class='ocrx_word' id='word_1_357' title='bbox 659 2952 869 3007; x_wconf 79' lang='lat' dir='ltr'><strong>Domini</strong></span> <span class='ocrx_word' id='word_1_358' title='bbox 898 2954 1043 3009; x_wconf 82' lang='lat' dir='ltr'><strong>bona</strong></span> <span class='ocrx_word' id='word_1_359' title='bbox 1070 2967 1411 3025; x_wconf 84' lang='lat' dir='ltr'><strong>exspectare.</strong></span> <span class='ocrx_word' id='word_1_360' title='bbox 1436 2957 1569 3027; x_wconf 90' lang='lat' dir='ltr'><strong>Spes</strong></span> <span class='ocrx_word' id='word_1_361' title='bbox 1592 2959 1736 3012; x_wconf 91' lang='lat' dir='ltr'><strong>enim</strong></span> <span class='ocrx_word' id='word_1_362' title='bbox 1767 2968 1847 3013; x_wconf 90' lang='lat' dir='ltr'><strong>est</strong></span> <span class='ocrx_word' id='word_1_363' title='bbox 1877 2961 2143 3014; x_wconf 86' lang='lat' dir='ltr'><strong>bonorum</strong></span> 
     </span>
    </p>
   </div>
   <div class='ocr_carea' id='block_1_49' title="bbox 573 3045 2215 3131">
    <p class='ocr_par' dir='ltr' id='par_1_49' title="bbox 573 3045 2215 3131">
     <span class='ocr_line' id='line_1_49' title="bbox 573 3045 2215 3131; baseline 0.004 -32"><span class='ocrx_word' id='word_1_364' title='bbox 573 3046 933 3114; x_wconf 77' lang='lat' dir='ltr'><strong>exspectatio.</strong></span> <span class='ocrx_word' id='word_1_365' title='bbox 970 3045 1236 3112; x_wconf 84' lang='lat' dir='ltr'><strong>Quoniam</strong></span> <span class='ocrx_word' id='word_1_366' title='bbox 1292 3063 1422 3103; x_wconf 81' lang='lat' dir='ltr'><strong>vero</strong></span> <span class='ocrx_word' id='word_1_367' title='bbox 1451 3064 1482 3103; x_wconf 86' lang='lat' dir='ltr'><strong>a</strong></span> <span class='ocrx_word' id='word_1_368' title='bbox 1518 3050 1702 3105; x_wconf 90' lang='lat' dir='ltr'><strong>multis</strong></span> <span class='ocrx_word' id='word_1_369' title='bbox 1749 3052 1914 3119; x_wconf 66' lang='lat' dir='ltr'><strong>qureri</strong></span> <span class='ocrx_word' id='word_1_370' title='bbox 1965 3052 2140 3118; x_wconf 83' lang='lat' dir='ltr'><strong>solet,</strong></span> <span class='ocrx_word' id='word_1_371' title='bbox 2170 3073 2215 3131; x_wconf 67' lang='grc' dir='ltr'><strong>ρ</strong></span> 
     </span>
    </p>
   </div>
   <div class='ocr_carea' id='block_1_50' title="bbox 570 3136 2142 3211">
    <p class='ocr_par' dir='ltr' id='par_1_50' title="bbox 570 3136 2142 3211">
     <span class='ocr_line' id='line_1_50' title="bbox 570 3136 2142 3211; baseline 0.006 -22"><span class='ocrx_word' id='word_1_372' title='bbox 570 3151 700 3189; x_wconf 83' lang='grc' dir='ltr'>ιιιιιιι</span> <span class='ocrx_word' id='word_1_373' title='bbox 728 3136 811 3189; x_wconf 73' lang='lat' dir='ltr'><strong>vir</strong></span> <span class='ocrx_word' id='word_1_374' title='bbox 838 3138 1041 3207; x_wconf 86' lang='lat' dir='ltr'><strong>probus</strong></span> <span class='ocrx_word' id='word_1_375' title='bbox 1078 3138 1279 3208; x_wconf 87' lang='lat' dir='ltr'><strong>aliquid</strong></span> <span class='ocrx_word' id='word_1_376' title='bbox 1310 3148 1533 3208; x_wconf 90' lang='lat' dir='ltr'><strong>speret,</strong></span> <span class='ocrx_word' id='word_1_377' title='bbox 1585 3156 1706 3195; x_wconf 80' lang='lat' dir='ltr'><strong>cum</strong></span> <span class='ocrx_word' id='word_1_378' title='bbox 1754 3141 1836 3194; x_wconf 79' lang='lat' dir='ltr'><strong>vir</strong></span> <span class='ocrx_word' id='word_1_379' title='bbox 1870 3144 2142 3211; x_wconf 79' lang='lat' dir='ltr'><strong>perfectus</strong></span> 
     </span>
    </p>
   </div>
   <div class='ocr_carea' id='block_1_51' title="bbox 571 3229 2140 3305">
    <p class='ocr_par' dir='ltr' id='par_1_51' title="bbox 571 3229 2140 3305">
     <span class='ocr_line' id='line_1_51' title="bbox 571 3229 2140 3305; baseline 0.007 -26"><span class='ocrx_word' id='word_1_380' title='bbox 571 3229 790 3282; x_wconf 84' lang='lat' dir='ltr'><strong>virtutis</strong></span> <span class='ocrx_word' id='word_1_381' title='bbox 815 3230 1033 3299; x_wconf 75' lang='lat' dir='ltr'><strong>praemia</strong></span> <span class='ocrx_word' id='word_1_382' title='bbox 1058 3229 1169 3297; x_wconf 90' lang='lat' dir='ltr'><strong>jam</strong></span> <span class='ocrx_word' id='word_1_383' title='bbox 1199 3232 1486 3301; x_wconf 87' lang='lat' dir='ltr'><strong>receperit,</strong></span> <span class='ocrx_word' id='word_1_384' title='bbox 1518 3246 1619 3288; x_wconf 86' lang='lat' dir='ltr'><strong>nec</strong></span> <span class='ocrx_word' id='word_1_385' title='bbox 1648 3232 1756 3288; x_wconf 90' lang='lat' dir='ltr'><strong>ulla</strong></span> <span class='ocrx_word' id='word_1_386' title='bbox 1788 3249 1847 3288; x_wconf 92' lang='lat' dir='ltr'><strong>re</strong></span> <span class='ocrx_word' id='word_1_387' title='bbox 1878 3235 2140 3305; x_wconf 84' lang='lat' dir='ltr'><strong>indigeat,</strong></span> 
     </span>
    </p>
   </div>
   <div class='ocr_carea' id='block_1_52' title="bbox 570 3321 2142 3396">
    <p class='ocr_par' dir='ltr' id='par_1_52' title="bbox 570 3321 2142 3396">
     <span class='ocr_line' id='line_1_52' title="bbox 570 3321 2142 3396; baseline 0.004 -21"><span class='ocrx_word' id='word_1_388' title='bbox 570 3335 637 3375; x_wconf 87' lang='lat' dir='ltr'><strong>ac</strong></span> <span class='ocrx_word' id='word_1_389' title='bbox 662 3330 944 3390; x_wconf 86' lang='lat' dir='ltr'><strong>propterea</strong></span> <span class='ocrx_word' id='word_1_390' title='bbox 977 3321 1108 3376; x_wconf 83' lang='lat' dir='ltr'><strong>nihil</strong></span> <span class='ocrx_word' id='word_1_391' title='bbox 1140 3333 1345 3390; x_wconf 86' lang='lat' dir='ltr'><strong>speret,</strong></span> <span class='ocrx_word' id='word_1_392' title='bbox 1374 3338 1559 3378; x_wconf 89' lang='lat' dir='ltr'><strong>eorum</strong></span> <span class='ocrx_word' id='word_1_393' title='bbox 1592 3325 1734 3379; x_wconf 88' lang='lat' dir='ltr'><strong>enim</strong></span> <span class='ocrx_word' id='word_1_394' title='bbox 1768 3341 1890 3396; x_wconf 69' lang='lat' dir='ltr'><strong>qua:</strong></span> <span class='ocrx_word' id='word_1_395' title='bbox 1925 3330 2142 3394; x_wconf 86' lang='lat' dir='ltr'><strong>desunt,</strong></span> 
     </span>
    </p>
   </div>
   <div class='ocr_carea' id='block_1_53' title="bbox 566 3414 2140 3486">
    <p class='ocr_par' dir='ltr' id='par_1_53' title="bbox 566 3414 2140 3486">
     <span class='ocr_line' id='line_1_53' title="bbox 566 3414 2140 3486; baseline 0.004 -19"><span class='ocrx_word' id='word_1_396' title='bbox 566 3423 655 3468; x_wconf 73' lang='lat' dir='ltr'><strong>est</strong></span> <span class='ocrx_word' id='word_1_397' title='bbox 682 3427 807 3482; x_wconf 87' lang='lat' dir='ltr'><strong>spes</strong></span> <span class='ocrx_word' id='word_1_398' title='bbox 830 3454 844 3480; x_wconf 94' lang='lat'><strong>,</strong></span> <span class='ocrx_word' id='word_1_399' title='bbox 893 3426 1125 3483; x_wconf 89' lang='lat' dir='ltr'><strong>cumque</strong></span> <span class='ocrx_word' id='word_1_400' title='bbox 1157 3414 1382 3469; x_wconf 90' lang='lat' dir='ltr'><strong>alterius</strong></span> <span class='ocrx_word' id='word_1_401' title='bbox 1430 3417 1502 3469; x_wconf 90' lang='lat' dir='ltr'><strong>sit</strong></span> <span class='ocrx_word' id='word_1_402' title='bbox 1545 3416 1680 3470; x_wconf 91' lang='lat' dir='ltr'><strong>bene</strong></span> <span class='ocrx_word' id='word_1_403' title='bbox 1728 3431 1987 3486; x_wconf 87' lang='lat' dir='ltr'><strong>sperare,</strong></span> <span class='ocrx_word' id='word_1_404' title='bbox 2017 3436 2140 3474; x_wconf 86' lang='lat' dir='ltr'><strong>nam</strong></span> 
     </span>
    </p>
   </div>
   <div class='ocr_carea' id='block_1_54' title="bbox 568 3504 2144 3575">
    <p class='ocr_par' dir='ltr' id='par_1_54' title="bbox 568 3504 2144 3575">
     <span class='ocr_line' id='line_1_54' title="bbox 568 3504 2144 3575; baseline 0.006 -18"><span class='ocrx_word' id='word_1_405' title='bbox 568 3504 755 3573; x_wconf 83' lang='lat' dir='ltr'><strong>probis</strong></span> <span class='ocrx_word' id='word_1_406' title='bbox 805 3519 1022 3575; x_wconf 88' lang='lat' dir='ltr'><strong>semper</strong></span> <span class='ocrx_word' id='word_1_407' title='bbox 1071 3507 1210 3560; x_wconf 91' lang='lat' dir='ltr'><strong>bona</strong></span> <span class='ocrx_word' id='word_1_408' title='bbox 1256 3505 1362 3560; x_wconf 87' lang='lat' dir='ltr'><strong>alia</strong></span> <span class='ocrx_word' id='word_1_409' title='bbox 1412 3522 1479 3562; x_wconf 88' lang='lat' dir='ltr'><strong>ex</strong></span> <span class='ocrx_word' id='word_1_410' title='bbox 1539 3506 1661 3563; x_wconf 77' lang='lat' dir='ltr'><strong>aliis</strong></span> <span class='ocrx_word' id='word_1_411' title='bbox 1700 3510 1955 3566; x_wconf 87' lang='lat' dir='ltr'><strong>continua</strong></span> <span class='ocrx_word' id='word_1_412' title='bbox 2002 3511 2144 3567; x_wconf 88' lang='lat' dir='ltr'><strong>serie</strong></span> 
     </span>
    </p>
   </div>
   <div class='ocr_carea' id='block_1_55' title="bbox 568 3596 2146 3669">
    <p class='ocr_par' dir='ltr' id='par_1_55' title="bbox 568 3596 2146 3669">
     <span class='ocr_line' id='line_1_55' title="bbox 568 3596 2146 3669; baseline 0.004 -18"><span class='ocrx_word' id='word_1_413' title='bbox 568 3597 1017 3669; x_wconf 82' lang='lat' dir='ltr'><strong>succedunt:age</strong></span> <span class='ocrx_word' id='word_1_414' title='bbox 1045 3612 1142 3652; x_wconf 90' lang='lat' dir='ltr'><strong>nos</strong></span> <span class='ocrx_word' id='word_1_415' title='bbox 1166 3612 1383 3668; x_wconf 88' lang='lat' dir='ltr'><strong>quoque</strong></span> <span class='ocrx_word' id='word_1_416' title='bbox 1403 3596 1559 3667; x_wconf 81' lang='lat' dir='ltr'><strong>juxta</strong></span> <span class='ocrx_word' id='word_1_417' title='bbox 1590 3600 1996 3669; x_wconf 87' lang='lat' dir='ltr'><strong>Scripturarum</strong></span> <span class='ocrx_word' id='word_1_418' title='bbox 2026 3619 2146 3658; x_wconf 90' lang='lat' dir='ltr'><strong>sen-</strong></span> 
     </span>
    </p>
   </div>
   <div class='ocr_carea' id='block_1_56' title="bbox 571 3689 2140 3764">
    <p class='ocr_par' dir='ltr' id='par_1_56' title="bbox 571 3689 2140 3764">
     <span class='ocr_line' id='line_1_56' title="bbox 571 3689 2140 3764; baseline 0.006 -22"><span class='ocrx_word' id='word_1_419' title='bbox 571 3690 794 3743; x_wconf 87' lang='lat' dir='ltr'><strong>tentiam</strong></span> <span class='ocrx_word' id='word_1_420' title='bbox 820 3730 836 3757; x_wconf 92' lang='lat'><strong>,</strong></span> <span class='ocrx_word' id='word_1_421' title='bbox 879 3691 945 3743; x_wconf 91' lang='lat' dir='ltr'><strong>de</strong></span> <span class='ocrx_word' id='word_1_422' title='bbox 990 3689 1094 3745; x_wconf 86' lang='lat' dir='ltr'><strong>hac</strong></span> <span class='ocrx_word' id='word_1_423' title='bbox 1123 3692 1426 3759; x_wconf 64' lang='lat' dir='ltr'><strong>quaastione</strong></span> <span class='ocrx_word' id='word_1_424' title='bbox 1474 3707 1647 3759; x_wconf 89' lang='lat' dir='ltr'><strong>pauca</strong></span> <span class='ocrx_word' id='word_1_425' title='bbox 1693 3695 2140 3764; x_wconf 87' lang='lat' dir='ltr'><strong>perstringamus.</strong></span> 
     </span>
    </p>
   </div>
   <div class='ocr_carea' id='block_1_57' title="bbox 569 3778 2141 3852">
    <p class='ocr_par' dir='ltr' id='par_1_57' title="bbox 569 3778 2141 3852">
     <span class='ocr_line' id='line_1_57' title="bbox 569 3778 2141 3852; baseline 0.007 -20"><span class='ocrx_word' id='word_1_426' title='bbox 569 3778 885 3835; x_wconf 86' lang='lat' dir='ltr'><strong>Clarissime</strong></span> <span class='ocrx_word' id='word_1_427' title='bbox 938 3796 1067 3836; x_wconf 88' lang='lat' dir='ltr'><strong>sane</strong></span> <span class='ocrx_word' id='word_1_428' title='bbox 1096 3823 1111 3848; x_wconf 95' lang='lat'><strong>,</strong></span> <span class='ocrx_word' id='word_1_429' title='bbox 1169 3790 1226 3835; x_wconf 90' lang='lat' dir='ltr'><strong>ut</strong></span> <span class='ocrx_word' id='word_1_430' title='bbox 1259 3796 1538 3851; x_wconf 84' lang='lat' dir='ltr'><strong>speremus</strong></span> <span class='ocrx_word' id='word_1_431' title='bbox 1572 3785 1624 3838; x_wconf 91' lang='lat' dir='ltr'><strong>in</strong></span> <span class='ocrx_word' id='word_1_432' title='bbox 1674 3787 1904 3841; x_wconf 90' lang='lat' dir='ltr'><strong>Domino</strong></span> <span class='ocrx_word' id='word_1_433' title='bbox 1929 3826 1944 3852; x_wconf 94' lang='lat'><strong>,</strong></span> <span class='ocrx_word' id='word_1_434' title='bbox 1986 3804 2141 3843; x_wconf 87' lang='lat' dir='ltr'><strong>sacra</strong></span> 
     </span>
    </p>
   </div>
   <div class='ocr_carea' id='block_1_58' title="bbox 568 3872 2140 3949">
    <p class='ocr_par' dir='ltr' id='par_1_58' title="bbox 568 3872 2140 3949">
     <span class='ocr_line' id='line_1_58' title="bbox 568 3872 2140 3949; baseline 0.006 -24"><span class='ocrx_word' id='word_1_435' title='bbox 568 3886 670 3927; x_wconf 86' lang='lat' dir='ltr'><strong>nos</strong></span> <span class='ocrx_word' id='word_1_436' title='bbox 683 3872 893 3942; x_wconf 90' lang='lat' dir='ltr'><strong>eloquia</strong></span> <span class='ocrx_word' id='word_1_437' title='bbox 915 3874 1293 3929; x_wconf 89' lang='lat' dir='ltr'><strong>adhortantur.</strong></span> <span class='ocrx_word' id='word_1_438' title='bbox 1321 3893 1340 3925; x_wconf 76' lang='grc' dir='ltr'><strong>ι</strong></span> <span class='ocrx_word' id='word_1_439' title='bbox 1364 3873 1559 3945; x_wconf 87' lang='lat' dir='ltr'><strong>Speret</strong></span> <span class='ocrx_word' id='word_1_440' title='bbox 1579 3897 1597 3928; x_wconf 78' lang='grc' dir='ltr'><strong>ι</strong></span> <span class='ocrx_word' id='word_1_441' title='bbox 1621 3878 1789 3943; x_wconf 90' lang='lat' dir='ltr'><strong>enim,</strong></span> <span class='ocrx_word' id='word_1_442' title='bbox 1809 3878 2059 3948; x_wconf 89' lang='lat' dir='ltr'><strong>inquiunt</strong></span> <span class='ocrx_word' id='word_1_443' title='bbox 2075 3882 2140 3949; x_wconf 85' lang='grc'>³¹,</span> 
     </span>
    </p>
   </div>
   <div class='ocr_carea' id='block_1_59' title="bbox 573 3960 2141 4042">
    <p class='ocr_par' dir='ltr' id='par_1_59' title="bbox 573 3960 2141 4042">
     <span class='ocr_line' id='line_1_59' title="bbox 573 3960 2141 4042; baseline 0.006 -25"><span class='ocrx_word' id='word_1_444' title='bbox 573 3982 596 4017; x_wconf 78' lang='grc' dir='ltr'><strong>ι</strong></span> <span class='ocrx_word' id='word_1_445' title='bbox 626 3960 790 4018; x_wconf 82' lang='lat' dir='ltr'><strong>Israel</strong></span> <span class='ocrx_word' id='word_1_446' title='bbox 820 3966 872 4018; x_wconf 91' lang='lat' dir='ltr'><strong>in</strong></span> <span class='ocrx_word' id='word_1_447' title='bbox 904 3964 1161 4031; x_wconf 88' lang='lat' dir='ltr'><strong>Domino;</strong></span> <span class='ocrx_word' id='word_1_448' title='bbox 1190 3986 1209 4017; x_wconf 75' lang='grc' dir='ltr'><strong>ι</strong></span> <span class='ocrx_word' id='word_1_449' title='bbox 1248 3977 1302 4021; x_wconf 91' lang='lat' dir='ltr'><strong>et</strong></span> <span class='ocrx_word' id='word_1_450' title='bbox 1333 3967 1376 3999; x_wconf 77' lang='grc'><em>³³</em></span> <span class='ocrx_word' id='word_1_451' title='bbox 1397 4007 1413 4033; x_wconf 92' lang='grc'><strong>,</strong></span> <span class='ocrx_word' id='word_1_452' title='bbox 1463 3987 1482 4020; x_wconf 89' lang='grc'><strong>‹</strong></span> <span class='ocrx_word' id='word_1_453' title='bbox 1518 3969 1716 4023; x_wconf 89' lang='lat' dir='ltr'><strong>Domus</strong></span> <span class='ocrx_word' id='word_1_454' title='bbox 1754 3971 1915 4025; x_wconf 85' lang='lat' dir='ltr'><strong>Israel</strong></span> <span class='ocrx_word' id='word_1_455' title='bbox 1950 3986 2141 4042; x_wconf 88' lang='lat' dir='ltr'><strong>spera-</strong></span> 
     </span>
    </p>
   </div>
   <div class='ocr_carea' id='block_1_60' title="bbox 567 4055 2141 4132">
    <p class='ocr_par' dir='ltr' id='par_1_60' title="bbox 567 4055 2141 4132">
     <span class='ocr_line' id='line_1_60' title="bbox 567 4055 2141 4132; baseline 0.007 -24"><span class='ocrx_word' id='word_1_456' title='bbox 567 4057 648 4110; x_wconf 79' lang='lat' dir='ltr'><strong>vit</strong></span> <span class='ocrx_word' id='word_1_457' title='bbox 694 4057 748 4110; x_wconf 92' lang='lat' dir='ltr'><strong>in</strong></span> <span class='ocrx_word' id='word_1_458' title='bbox 801 4055 1029 4111; x_wconf 89' lang='lat' dir='ltr'><strong>Domino</strong></span> <span class='ocrx_word' id='word_1_459' title='bbox 1055 4096 1070 4122; x_wconf 92' lang='lat'><strong>,</strong></span> <span class='ocrx_word' id='word_1_460' title='bbox 1104 4058 1319 4128; x_wconf 89' lang='lat' dir='ltr'><strong>adjutor</strong></span> <span class='ocrx_word' id='word_1_461' title='bbox 1347 4073 1533 4113; x_wconf 92' lang='lat' dir='ltr'><strong>eorum</strong></span> <span class='ocrx_word' id='word_1_462' title='bbox 1580 4059 1743 4132; x_wconf 69' lang='grc'><strong>564</strong></span> <span class='ocrx_word' id='word_1_463' title='bbox 1775 4071 1829 4115; x_wconf 87' lang='lat' dir='ltr'><strong>et</strong></span> <span class='ocrx_word' id='word_1_464' title='bbox 1863 4073 2141 4132; x_wconf 87' lang='lat' dir='ltr'><strong>protector</strong></span> 
     </span>
    </p>
   </div>
   <div class='ocr_carea' id='block_1_61' title="bbox 569 4150 2139 4221">
    <p class='ocr_par' dir='ltr' id='par_1_61' title="bbox 569 4150 2139 4221">
     <span class='ocr_line' id='line_1_61' title="bbox 569 4150 2139 4221; baseline 0.005 -18"><span class='ocrx_word' id='word_1_465' title='bbox 569 4165 757 4203; x_wconf 88' lang='lat' dir='ltr'><strong>eorum</strong></span> <span class='ocrx_word' id='word_1_466' title='bbox 788 4158 888 4203; x_wconf 90' lang='lat' dir='ltr'><strong>est.</strong></span> <span class='ocrx_word' id='word_1_467' title='bbox 915 4168 934 4201; x_wconf 76' lang='grc' dir='ltr'><strong>ι</strong></span> <span class='ocrx_word' id='word_1_468' title='bbox 960 4150 1013 4203; x_wconf 89' lang='lat' dir='ltr'><strong>In</strong></span> <span class='ocrx_word' id='word_1_469' title='bbox 1045 4153 1395 4220; x_wconf 84' lang='lat' dir='ltr'><strong>nonagesimo</strong></span> <span class='ocrx_word' id='word_1_470' title='bbox 1422 4162 1599 4207; x_wconf 89' lang='lat' dir='ltr'><strong>autem</strong></span> <span class='ocrx_word' id='word_1_471' title='bbox 1629 4155 1855 4221; x_wconf 86' lang='lat' dir='ltr'><strong>psalmo,</strong></span> <span class='ocrx_word' id='word_1_472' title='bbox 1883 4172 1985 4210; x_wconf 91' lang='lat' dir='ltr'><strong>una</strong></span> <span class='ocrx_word' id='word_1_473' title='bbox 2018 4173 2139 4212; x_wconf 92' lang='lat' dir='ltr'><strong>cum</strong></span> 
     </span>
    </p>
   </div>
   <div class='ocr_carea' id='block_1_62' title="bbox 568 4243 2138 4314">
    <p class='ocr_par' dir='ltr' id='par_1_62' title="bbox 568 4243 2138 4314">
     <span class='ocr_line' id='line_1_62' title="bbox 568 4243 2138 4314; baseline 0.005 -17"><span class='ocrx_word' id='word_1_474' title='bbox 568 4243 692 4298; x_wconf 78' lang='lat' dir='ltr'><strong>aliis</strong></span> <span class='ocrx_word' id='word_1_475' title='bbox 737 4243 1190 4314; x_wconf 85' lang='lat' dir='ltr'><strong>promissiouibus</strong></span> <span class='ocrx_word' id='word_1_476' title='bbox 1230 4246 1469 4313; x_wconf 80' lang='lat' dir='ltr'><strong>perfecto</strong></span> <span class='ocrx_word' id='word_1_477' title='bbox 1506 4246 1620 4299; x_wconf 84' lang='lat' dir='ltr'><strong>viro</strong></span> <span class='ocrx_word' id='word_1_478' title='bbox 1657 4248 1854 4301; x_wconf 87' lang='lat' dir='ltr'><strong>dicitur</strong></span> <span class='ocrx_word' id='word_1_479' title='bbox 1893 4250 2021 4303; x_wconf 89' lang='lat' dir='ltr'><strong>illud</strong></span> <span class='ocrx_word' id='word_1_480' title='bbox 2051 4252 2096 4281; x_wconf 85' lang='grc'><strong>³³</strong></span> <span class='ocrx_word' id='word_1_481' title='bbox 2126 4272 2138 4305; x_wconf 90' lang='lat'><strong>:</strong></span> 
     </span>
    </p>
   </div>
   <div class='ocr_carea' id='block_1_63' title="bbox 573 4335 2140 4410">
    <p class='ocr_par' dir='ltr' id='par_1_63' title="bbox 573 4335 2140 4410">
     <span class='ocr_line' id='line_1_63' title="bbox 573 4335 2140 4410; baseline 0.005 -19"><span class='ocrx_word' id='word_1_482' title='bbox 573 4357 594 4391; x_wconf 79' lang='grc' dir='ltr'><strong>ι</strong></span> <span class='ocrx_word' id='word_1_483' title='bbox 622 4335 871 4405; x_wconf 85' lang='lat' dir='ltr'><strong>Scapulis</strong></span> <span class='ocrx_word' id='word_1_484' title='bbox 901 4338 1012 4390; x_wconf 81' lang='lat' dir='ltr'><strong>suis</strong></span> <span class='ocrx_word' id='word_1_485' title='bbox 1038 4340 1382 4395; x_wconf 86' lang='lat' dir='ltr'><strong>obumbrabit</strong></span> <span class='ocrx_word' id='word_1_486' title='bbox 1416 4342 1534 4405; x_wconf 88' lang='lat' dir='ltr'><strong>tibi,</strong></span> <span class='ocrx_word' id='word_1_487' title='bbox 1567 4350 1620 4394; x_wconf 89' lang='lat' dir='ltr'><strong>et</strong></span> <span class='ocrx_word' id='word_1_488' title='bbox 1654 4343 1753 4397; x_wconf 90' lang='lat' dir='ltr'><strong>sub</strong></span> <span class='ocrx_word' id='word_1_489' title='bbox 1800 4344 1992 4410; x_wconf 89' lang='lat' dir='ltr'><strong>pennis</strong></span> <span class='ocrx_word' id='word_1_490' title='bbox 2022 4342 2140 4410; x_wconf 83' lang='lat' dir='ltr'><strong>ejus</strong></span> 
     </span>
    </p>
   </div>
   <div class='ocr_carea' id='block_1_64' title="bbox 2257 1842 3817 1915">
    <p class='ocr_par' dir='ltr' id='par_1_64' title="bbox 2257 1842 3817 1915">
     <span class='ocr_line' id='line_1_64' title="bbox 2257 1842 3817 1915; baseline -0.003 -16"><span class='ocrx_word' id='word_1_491' title='bbox 2257 1847 2346 1909; x_wconf 84' lang='grc' dir='ltr'><strong>λος</strong></span> <span class='ocrx_word' id='word_1_492' title='bbox 2374 1845 2541 1900; x_wconf 84' lang='grc' dir='ltr'>εἰπὼν</span> <span class='ocrx_word' id='word_1_493' title='bbox 2594 1847 2675 1899; x_wconf 80' lang='grc' dir='ltr'><strong>τό·</strong></span> <span class='ocrx_word' id='word_1_494' title='bbox 2713 1864 2731 1897; x_wconf 77' lang='grc' dir='ltr'><strong>ι</strong></span> <span class='ocrx_word' id='word_1_495' title='bbox 2761 1846 2970 1909; x_wconf 81' lang='grc' dir='ltr'>Οἵτινες</span> <span class='ocrx_word' id='word_1_496' title='bbox 3012 1844 3395 1915; x_wconf 83' lang='grc' dir='ltr'>ὑποδείγματι</span> <span class='ocrx_word' id='word_1_497' title='bbox 3443 1843 3538 1897; x_wconf 60' lang='grc' dir='ltr'><strong>καί¹</strong></span> <span class='ocrx_word' id='word_1_498' title='bbox 3588 1843 3707 1912; x_wconf 79' lang='grc' dir='ltr'>σκιᾷ</span> <span class='ocrx_word' id='word_1_499' title='bbox 3742 1842 3817 1894; x_wconf 81' lang='grc' dir='ltr'>λα-</span> 
     </span>
    </p>
   </div>
   <div class='ocr_carea' id='block_1_65' title="bbox 2254 1918 3817 2011">
    <p class='ocr_par' dir='ltr' id='par_1_65' title="bbox 2254 1934 3817 2011">
     <span class='ocr_line' id='line_1_65' title="bbox 2254 1934 3817 2011; baseline -0.006 -17"><span class='ocrx_word' id='word_1_500' title='bbox 2254 1940 2505 2011; x_wconf 86' lang='grc' dir='ltr'>τρεύουσι</span> <span class='ocrx_word' id='word_1_501' title='bbox 2536 1941 2643 1994; x_wconf 86' lang='grc' dir='ltr'><strong>τῶν</strong></span> <span class='ocrx_word' id='word_1_502' title='bbox 2676 1940 3030 2011; x_wconf 88' lang='grc' dir='ltr'>ἐπουρανίων.</span> <span class='ocrx_word' id='word_1_503' title='bbox 3056 1958 3075 1990; x_wconf 79' lang='grc' dir='ltr'><strong>ι</strong></span> <span class='ocrx_word' id='word_1_504' title='bbox 3132 1938 3511 2007; x_wconf 86' lang='grc' dir='ltr'>Ἀγωνιστέον</span> <span class='ocrx_word' id='word_1_505' title='bbox 3559 1935 3722 1989; x_wconf 83' lang='grc' dir='ltr'>τοίνυν</span> <span class='ocrx_word' id='word_1_506' title='bbox 3759 1934 3817 2004; x_wconf 81' lang='grc' dir='ltr'>τῷ</span> 
     </span>
    </p>
   </div>
   <div class='ocr_carea' id='block_1_66' title="bbox 2254 2027 3817 2104">
    <p class='ocr_par' dir='ltr' id='par_1_66' title="bbox 2254 2027 3817 2104">
     <span class='ocr_line' id='line_1_66' title="bbox 2254 2027 3817 2104; baseline -0.004 -18"><span class='ocrx_word' id='word_1_507' title='bbox 2254 2032 2630 2102; x_wconf 85' lang='grc' dir='ltr'>ἐντυγχάνοντι</span> <span class='ocrx_word' id='word_1_508' title='bbox 2665 2034 2777 2097; x_wconf 80' lang='grc' dir='ltr'>τοῖς</span> <span class='ocrx_word' id='word_1_509' title='bbox 2808 2034 2937 2104; x_wconf 79' lang='grc' dir='ltr'>περὶ</span> <span class='ocrx_word' id='word_1_510' title='bbox 2981 2031 3185 2085; x_wconf 84' lang='grc' dir='ltr'>θυσιῶν</span> <span class='ocrx_word' id='word_1_511' title='bbox 3218 2032 3416 2102; x_wconf 83' lang='grc' dir='ltr'>νόμοις</span> <span class='ocrx_word' id='word_1_512' title='bbox 3456 2029 3718 2101; x_wconf 80' lang='grc' dir='ltr'>ἑκατέρως</span> <span class='ocrx_word' id='word_1_513' title='bbox 3742 2027 3817 2080; x_wconf 74' lang='grc' dir='ltr'><strong>αὖ·</strong></span> 
     </span>
    </p>
   </div>
   <div class='ocr_carea' id='block_1_67' title="bbox 2251 2119 3810 2195">
    <p class='ocr_par' dir='ltr' id='par_1_67' title="bbox 2251 2119 3810 2195">
     <span class='ocr_line' id='line_1_67' title="bbox 2251 2119 3810 2195; baseline -0.004 -19"><span class='ocrx_word' id='word_1_514' title='bbox 2251 2126 2379 2187; x_wconf 82' lang='grc' dir='ltr'>τοὺς</span> <span class='ocrx_word' id='word_1_515' title='bbox 2421 2123 2800 2195; x_wconf 82' lang='grc' dir='ltr'>διηγήσασθαι,</span> <span class='ocrx_word' id='word_1_516' title='bbox 2835 2125 2975 2177; x_wconf 88' lang='grc' dir='ltr'>κατά</span> <span class='ocrx_word' id='word_1_517' title='bbox 3020 2142 3077 2177; x_wconf 89' lang='grc' dir='ltr'><strong>τε</strong></span> <span class='ocrx_word' id='word_1_518' title='bbox 3103 2123 3165 2177; x_wconf 84' lang='grc' dir='ltr'><strong>τὸ</strong></span> <span class='ocrx_word' id='word_1_519' title='bbox 3198 2122 3541 2193; x_wconf 73' lang='grc' dir='ltr'>συμϐολικὸν</span> <span class='ocrx_word' id='word_1_520' title='bbox 3572 2122 3659 2173; x_wconf 87' lang='grc' dir='ltr'><strong>καὶ</strong></span> <span class='ocrx_word' id='word_1_521' title='bbox 3703 2119 3810 2172; x_wconf 66' lang='grc' dir='ltr'>κατὰ</span> 
     </span>
    </p>
   </div>
   <div class='ocr_carea' id='block_1_68' title="bbox 2251 2212 3810 2289">
    <p class='ocr_par' dir='ltr' id='par_1_68' title="bbox 2251 2212 3810 2289">
     <span class='ocr_line' id='line_1_68' title="bbox 2251 2212 3810 2289; baseline -0.005 -19"><span class='ocrx_word' id='word_1_522' title='bbox 2251 2216 2311 2270; x_wconf 82' lang='grc' dir='ltr'>τὸ</span> <span class='ocrx_word' id='word_1_523' title='bbox 2343 2215 2777 2289; x_wconf 81' lang='grc' dir='ltr'>ἀπορρητότερον</span> <span class='ocrx_word' id='word_1_524' title='bbox 2822 2216 2917 2269; x_wconf 73' lang='grc' dir='ltr'><strong>καὶ</strong></span> <span class='ocrx_word' id='word_1_525' title='bbox 2965 2216 3232 2286; x_wconf 83' lang='grc' dir='ltr'>μυστικὸν</span> <span class='ocrx_word' id='word_1_526' title='bbox 3291 2212 3618 2279; x_wconf 79' lang='grc' dir='ltr'>ἐξετάζοντι.</span> <span class='ocrx_word' id='word_1_527' title='bbox 3659 2212 3810 2263; x_wconf 73' lang='grc' dir='ltr'>Ταῦτα</span> 
     </span>
    </p>
   </div>
   <div class='ocr_carea' id='block_1_69' title="bbox 2253 2305 3808 2382">
    <p class='ocr_par' dir='ltr' id='par_1_69' title="bbox 2253 2305 3808 2382">
     <span class='ocr_line' id='line_1_69' title="bbox 2253 2305 3808 2382; baseline -0.005 -21"><span class='ocrx_word' id='word_1_528' title='bbox 2253 2311 2309 2362; x_wconf 91' lang='grc' dir='ltr'><strong>ἐν</strong></span> <span class='ocrx_word' id='word_1_529' title='bbox 2338 2311 2570 2382; x_wconf 77' lang='grc' dir='ltr'>ἐπιτομῇ</span> <span class='ocrx_word' id='word_1_530' title='bbox 2598 2312 2731 2380; x_wconf 80' lang='grc' dir='ltr'>ἡμῖν</span> <span class='ocrx_word' id='word_1_531' title='bbox 2778 2309 3151 2379; x_wconf 88' lang='grc' dir='ltr'>σεσημείωστο</span> <span class='ocrx_word' id='word_1_532' title='bbox 3180 2307 3542 2379; x_wconf 84' lang='grc' dir='ltr'>βουλομένοις</span> <span class='ocrx_word' id='word_1_533' title='bbox 3587 2305 3808 2375; x_wconf 73' lang='grc' dir='ltr'>διηγήσα-</span> 
     </span>
    </p>
   </div>
   <div class='ocr_carea' id='block_1_70' title="bbox 2254 2395 3807 2471">
    <p class='ocr_par' dir='ltr' id='par_1_70' title="bbox 2254 2395 3807 2471">
     <span class='ocr_line' id='line_1_70' title="bbox 2254 2395 3807 2471; baseline -0.006 -15"><span class='ocrx_word' id='word_1_534' title='bbox 2254 2404 2375 2457; x_wconf 88' lang='grc' dir='ltr'>σθαι</span> <span class='ocrx_word' id='word_1_535' title='bbox 2404 2403 2489 2466; x_wconf 85' lang='grc' dir='ltr'><strong>τὸ,</strong></span> <span class='ocrx_word' id='word_1_536' title='bbox 2520 2422 2538 2455; x_wconf 77' lang='grc' dir='ltr'><strong>ι</strong></span> <span class='ocrx_word' id='word_1_537' title='bbox 2563 2403 2771 2457; x_wconf 83' lang='grc' dir='ltr'>Θύσατε</span> <span class='ocrx_word' id='word_1_538' title='bbox 2805 2402 2995 2457; x_wconf 87' lang='grc' dir='ltr'>θυσίαν</span> <span class='ocrx_word' id='word_1_539' title='bbox 3030 2401 3398 2471; x_wconf 79' lang='grc' dir='ltr'>δικαιοσύνης</span> <span class='ocrx_word' id='word_1_540' title='bbox 3418 2418 3430 2430; x_wconf 95' lang='grc'><strong>·</strong></span> <span class='ocrx_word' id='word_1_541' title='bbox 3463 2420 3482 2448; x_wconf 79' lang='grc' dir='ltr'><strong>ι</strong></span> <span class='ocrx_word' id='word_1_542' title='bbox 3517 2400 3605 2452; x_wconf 76' lang='grc' dir='ltr'><strong>καὶ</strong></span> <span class='ocrx_word' id='word_1_543' title='bbox 3626 2395 3807 2450; x_wconf 84' lang='grc' dir='ltr'>ἀκολού-</span> 
     </span>
    </p>
   </div>
   <div class='ocr_carea' id='block_1_71' title="bbox 2251 2487 3802 2563">
    <p class='ocr_par' dir='ltr' id='par_1_71' title="bbox 2251 2487 3802 2563">
     <span class='ocr_line' id='line_1_71' title="bbox 2251 2487 3802 2563; baseline -0.006 -16"><span class='ocrx_word' id='word_1_544' title='bbox 2251 2493 2360 2557; x_wconf 89' lang='grc' dir='ltr'><strong>θως</strong></span> <span class='ocrx_word' id='word_1_545' title='bbox 2387 2492 2472 2557; x_wconf 82' lang='grc' dir='ltr'><strong>τὸ,</strong></span> <span class='ocrx_word' id='word_1_546' title='bbox 2510 2512 2527 2544; x_wconf 77' lang='grc' dir='ltr'><strong>ι</strong></span> <span class='ocrx_word' id='word_1_547' title='bbox 2568 2494 2853 2547; x_wconf 90' lang='grc' dir='ltr'>Ἐλπίσατε</span> <span class='ocrx_word' id='word_1_548' title='bbox 2886 2495 2977 2547; x_wconf 75' lang='grc' dir='ltr'><strong>ἐπὶ</strong></span> <span class='ocrx_word' id='word_1_549' title='bbox 3000 2492 3227 2563; x_wconf 81' lang='grc' dir='ltr'>Κύριον.</span> <span class='ocrx_word' id='word_1_550' title='bbox 3257 2510 3278 2544; x_wconf 74' lang='grc' dir='ltr'><strong>ι</strong></span> <span class='ocrx_word' id='word_1_551' title='bbox 3326 2492 3403 2544; x_wconf 76' lang='grc' dir='ltr'><strong>Οὐ</strong></span> <span class='ocrx_word' id='word_1_552' title='bbox 3437 2489 3544 2562; x_wconf 78' lang='grc' dir='ltr'>γὰρ</span> <span class='ocrx_word' id='word_1_553' title='bbox 3576 2490 3705 2541; x_wconf 83' lang='grc' dir='ltr'>ἐστιν</span> <span class='ocrx_word' id='word_1_554' title='bbox 3731 2487 3802 2539; x_wconf 82' lang='grc' dir='ltr'><strong>εὐ-</strong></span> 
     </span>
    </p>
   </div>
   <div class='ocr_carea' id='block_1_72' title="bbox 2249 2583 3803 2659">
    <p class='ocr_par' dir='ltr' id='par_1_72' title="bbox 2249 2583 3803 2659">
     <span class='ocr_line' id='line_1_72' title="bbox 2249 2583 3803 2659; baseline -0.013 -8"><span class='ocrx_word' id='word_1_555' title='bbox 2249 2585 2424 2654; x_wconf 83' lang='grc' dir='ltr'>λόγως</span> <span class='ocrx_word' id='word_1_556' title='bbox 2455 2585 2672 2640; x_wconf 77' lang='grc' dir='ltr'>ἐλπίσαι</span> <span class='ocrx_word' id='word_1_557' title='bbox 2728 2588 2859 2659; x_wconf 72' lang='grc' dir='ltr'>πρὶν</span> <span class='ocrx_word' id='word_1_558' title='bbox 2898 2585 3317 2656; x_wconf 80' lang='grc' dir='ltr'>δικαιοποιῆσαι</span> <span class='ocrx_word' id='word_1_559' title='bbox 3345 2601 3357 2614; x_wconf 74' lang='grc' dir='ltr'><strong>ο</strong></span> <span class='ocrx_word' id='word_1_560' title='bbox 3397 2583 3477 2654; x_wconf 80' lang='grc' dir='ltr'>τῷ</span> <span class='ocrx_word' id='word_1_561' title='bbox 3523 2583 3803 2649; x_wconf 80' lang='grc' dir='ltr'>δικαιοπρα-</span> 
     </span>
    </p>
   </div>
   <div class='ocr_carea' id='block_1_73' title="bbox 2248 2670 3797 2744">
    <p class='ocr_par' dir='ltr' id='par_1_73' title="bbox 2248 2670 3797 2744">
     <span class='ocr_line' id='line_1_73' title="bbox 2248 2670 3797 2744; baseline -0.005 -15"><span class='ocrx_word' id='word_1_562' title='bbox 2248 2675 2433 2744; x_wconf 82' lang='grc' dir='ltr'>γοῦντι</span> <span class='ocrx_word' id='word_1_563' title='bbox 2461 2676 2517 2729; x_wconf 86' lang='grc' dir='ltr'><strong>δέ</strong></span> <span class='ocrx_word' id='word_1_564' title='bbox 2548 2677 2883 2740; x_wconf 87' lang='grc' dir='ltr'>πεποιθότως</span> <span class='ocrx_word' id='word_1_565' title='bbox 2920 2674 3064 2729; x_wconf 81' lang='grc' dir='ltr'>ἔστιν</span> <span class='ocrx_word' id='word_1_566' title='bbox 3092 2676 3340 2739; x_wconf 83' lang='grc' dir='ltr'>ἐλπίσαι,</span> <span class='ocrx_word' id='word_1_567' title='bbox 3374 2676 3471 2730; x_wconf 77' lang='grc' dir='ltr'><strong>καὶ</strong></span> <span class='ocrx_word' id='word_1_568' title='bbox 3510 2673 3577 2727; x_wconf 81' lang='grc' dir='ltr'>τὰ</span> <span class='ocrx_word' id='word_1_569' title='bbox 3602 2670 3797 2725; x_wconf 76' lang='grc' dir='ltr'><strong>τοῦΚυο</strong></span> 
     </span>
    </p>
   </div>
   <div class='ocr_carea' id='block_1_74' title="bbox 2253 2762 3795 2840">
    <p class='ocr_par' dir='ltr' id='par_1_74' title="bbox 2253 2762 3795 2840">
     <span class='ocr_line' id='line_1_74' title="bbox 2253 2762 3795 2840; baseline -0.005 -19"><span class='ocrx_word' id='word_1_570' title='bbox 2253 2768 2366 2837; x_wconf 86' lang='grc' dir='ltr'>ρίου</span> <span class='ocrx_word' id='word_1_571' title='bbox 2400 2766 2580 2836; x_wconf 86' lang='grc' dir='ltr'>ἀγαθά</span> <span class='ocrx_word' id='word_1_572' title='bbox 2622 2768 3022 2840; x_wconf 83' lang='grc' dir='ltr'>προσδοκῆσαι·</span> <span class='ocrx_word' id='word_1_573' title='bbox 3058 2769 3219 2832; x_wconf 77' lang='grc' dir='ltr'>ἐλπὶς</span> <span class='ocrx_word' id='word_1_574' title='bbox 3249 2769 3364 2840; x_wconf 87' lang='grc' dir='ltr'><strong>γάρ</strong></span> <span class='ocrx_word' id='word_1_575' title='bbox 3398 2772 3511 2822; x_wconf 87' lang='grc' dir='ltr'>ἐστι</span> <span class='ocrx_word' id='word_1_576' title='bbox 3544 2762 3795 2836; x_wconf 81' lang='grc' dir='ltr'>προσδοκία</span> 
     </span>
    </p>
   </div>
   <div class='ocr_carea' id='block_1_75' title="bbox 2248 2854 3794 2934">
    <p class='ocr_par' dir='ltr' id='par_1_75' title="bbox 2248 2854 3794 2934">
     <span class='ocr_line' id='line_1_75' title="bbox 2248 2854 3794 2934; baseline -0.005 -22"><span class='ocrx_word' id='word_1_577' title='bbox 2248 2858 2488 2929; x_wconf 79' lang='grc' dir='ltr'>ἀγαθῶν.</span> <span class='ocrx_word' id='word_1_578' title='bbox 2530 2860 2683 2912; x_wconf 75' lang='grc' dir='ltr'>Ἐπεὶ</span> <span class='ocrx_word' id='word_1_579' title='bbox 2711 2861 2756 2914; x_wconf 79' lang='grc' dir='ltr'>δ’</span> <span class='ocrx_word' id='word_1_580' title='bbox 2782 2858 3040 2932; x_wconf 81' lang='grc' dir='ltr'>ἐζήτηται</span> <span class='ocrx_word' id='word_1_581' title='bbox 3070 2861 3226 2934; x_wconf 82' lang='grc' dir='ltr'>παρὰ</span> <span class='ocrx_word' id='word_1_582' title='bbox 3258 2861 3496 2925; x_wconf 82' lang='grc' dir='ltr'>πολλοῖς,</span> <span class='ocrx_word' id='word_1_583' title='bbox 3544 2861 3590 2911; x_wconf 82' lang='grc' dir='ltr'>εἰ</span> <span class='ocrx_word' id='word_1_584' title='bbox 3617 2859 3642 2909; x_wconf 87' lang='grc' dir='ltr'>ὁ</span> <span class='ocrx_word' id='word_1_585' title='bbox 3665 2854 3794 2916; x_wconf 56' lang='lat' dir='ltr'><strong>xxii;</strong></span> 
     </span>
    </p>
   </div>
   <div class='ocr_carea' id='block_1_76' title="bbox 2246 2939 3791 3017">
    <p class='ocr_par' dir='ltr' id='par_1_76' title="bbox 2246 2939 3791 3017">
     <span class='ocr_line' id='line_1_76' title="bbox 2246 2939 3791 3017; baseline -0.007 -14"><span class='ocrx_word' id='word_1_586' title='bbox 2246 2949 2343 3003; x_wconf 77' lang='grc' dir='ltr'><strong>καὶ</strong></span> <span class='ocrx_word' id='word_1_587' title='bbox 2368 2947 2570 3017; x_wconf 84' lang='grc' dir='ltr'>ἀγαθὸς</span> <span class='ocrx_word' id='word_1_588' title='bbox 2609 2947 2817 3002; x_wconf 86' lang='grc' dir='ltr'>ἐλπίσει</span> <span class='ocrx_word' id='word_1_589' title='bbox 2849 2966 2922 3014; x_wconf 89' lang='grc' dir='ltr'><strong>τι,</strong></span> <span class='ocrx_word' id='word_1_590' title='bbox 2959 2951 3034 3013; x_wconf 84' lang='grc' dir='ltr'>ὡς</span> <span class='ocrx_word' id='word_1_591' title='bbox 3064 2949 3157 3002; x_wconf 79' lang='grc' dir='ltr'>τοῦ</span> <span class='ocrx_word' id='word_1_592' title='bbox 3190 2950 3406 3003; x_wconf 85' lang='grc' dir='ltr'>τελείου</span> <span class='ocrx_word' id='word_1_593' title='bbox 3451 2945 3714 3016; x_wconf 84' lang='grc' dir='ltr'>ἀπέχοντος</span> <span class='ocrx_word' id='word_1_594' title='bbox 3737 2939 3791 2993; x_wconf 68' lang='grc' dir='ltr'>τὰ</span> 
     </span>
    </p>
   </div>
   <div class='ocr_carea' id='block_1_77' title="bbox 2248 3034 3787 3109">
    <p class='ocr_par' dir='ltr' id='par_1_77' title="bbox 2248 3034 3787 3109">
     <span class='ocr_line' id='line_1_77' title="bbox 2248 3034 3787 3109; baseline -0.006 -15"><span class='ocrx_word' id='word_1_595' title='bbox 2248 3040 2449 3109; x_wconf 79' lang='grc' dir='ltr'>ἀγαθὰ,</span> <span class='ocrx_word' id='word_1_596' title='bbox 2486 3044 2581 3096; x_wconf 77' lang='grc' dir='ltr'><strong>καὶ</strong></span> <span class='ocrx_word' id='word_1_597' title='bbox 2612 3043 2669 3095; x_wconf 90' lang='grc' dir='ltr'><strong>ἐν</strong></span> <span class='ocrx_word' id='word_1_598' title='bbox 2709 3043 2884 3096; x_wconf 72' lang='grc' dir='ltr'>οὐδενὶ</span> <span class='ocrx_word' id='word_1_599' title='bbox 2922 3043 3285 3107; x_wconf 74' lang='grc' dir='ltr'>ἐλλείποντος,</span> <span class='ocrx_word' id='word_1_600' title='bbox 3321 3043 3419 3096; x_wconf 71' lang='grc' dir='ltr'><strong>καὶ</strong></span> <span class='ocrx_word' id='word_1_601' title='bbox 3441 3039 3528 3095; x_wconf 77' lang='grc' dir='ltr'><strong>διὰ</strong></span> <span class='ocrx_word' id='word_1_602' title='bbox 3559 3037 3695 3090; x_wconf 75' lang='grc' dir='ltr'>τοῦτο</span> <span class='ocrx_word' id='word_1_603' title='bbox 3720 3034 3787 3086; x_wconf 78' lang='grc' dir='ltr'><strong>οὖ-</strong></span> 
     </span>
    </p>
   </div>
   <div class='ocr_carea' id='block_1_78' title="bbox 2249 3124 3785 3204">
    <p class='ocr_par' dir='ltr' id='par_1_78' title="bbox 2249 3124 3785 3204">
     <span class='ocr_line' id='line_1_78' title="bbox 2249 3124 3785 3204; baseline -0.005 -20"><span class='ocrx_word' id='word_1_604' title='bbox 2249 3129 2338 3184; x_wconf 82' lang='grc' dir='ltr'><strong>δὲν</strong></span> <span class='ocrx_word' id='word_1_605' title='bbox 2370 3128 2695 3196; x_wconf 74' lang='grc' dir='ltr'>ἐλπίζοντος,</span> <span class='ocrx_word' id='word_1_606' title='bbox 2729 3131 2975 3187; x_wconf 87' lang='grc' dir='ltr'>ἀπόντων</span> <span class='ocrx_word' id='word_1_607' title='bbox 3018 3133 3126 3204; x_wconf 88' lang='grc' dir='ltr'><strong>γάρ</strong></span> <span class='ocrx_word' id='word_1_608' title='bbox 3174 3133 3329 3184; x_wconf 86' lang='grc' dir='ltr'>ἐστιν</span> <span class='ocrx_word' id='word_1_609' title='bbox 3357 3133 3391 3202; x_wconf 90' lang='grc' dir='ltr'>ή</span> <span class='ocrx_word' id='word_1_610' title='bbox 3431 3129 3595 3193; x_wconf 79' lang='grc' dir='ltr'>ἐλπὶς,</span> <span class='ocrx_word' id='word_1_611' title='bbox 3636 3124 3785 3193; x_wconf 80' lang='grc' dir='ltr'>ἐτέρου</span> 
     </span>
    </p>
   </div>
   <div class='ocr_carea' id='block_1_79' title="bbox 2247 3214 3785 3295">
    <p class='ocr_par' dir='ltr' id='par_1_79' title="bbox 2247 3214 3785 3295">
     <span class='ocr_line' id='line_1_79' title="bbox 2247 3214 3785 3295; baseline -0.007 -20"><span class='ocrx_word' id='word_1_612' title='bbox 2247 3221 2303 3275; x_wconf 84' lang='grc' dir='ltr'>δὲ</span> <span class='ocrx_word' id='word_1_613' title='bbox 2344 3221 2438 3274; x_wconf 84' lang='grc' dir='ltr'>τοῦ</span> <span class='ocrx_word' id='word_1_614' title='bbox 2473 3220 2610 3277; x_wconf 82' lang='grc' dir='ltr'>εἶναι</span> <span class='ocrx_word' id='word_1_615' title='bbox 2642 3224 2885 3295; x_wconf 80' lang='grc' dir='ltr'>χρηστὰς</span> <span class='ocrx_word' id='word_1_616' title='bbox 2933 3224 3176 3289; x_wconf 86' lang='grc' dir='ltr'>ἐλπίδας,</span> <span class='ocrx_word' id='word_1_617' title='bbox 3235 3226 3327 3278; x_wconf 77' lang='grc' dir='ltr'><strong>ἀεὶ</strong></span> <span class='ocrx_word' id='word_1_618' title='bbox 3377 3226 3489 3286; x_wconf 81' lang='grc' dir='ltr'>τοῖς</span> <span class='ocrx_word' id='word_1_619' title='bbox 3526 3218 3687 3280; x_wconf 79' lang='grc' dir='ltr'>καλοῖς</span> <span class='ocrx_word' id='word_1_620' title='bbox 3714 3214 3785 3266; x_wconf 80' lang='grc' dir='ltr'><strong>καὶ</strong></span> 
     </span>
    </p>
   </div>
   <div class='ocr_carea' id='block_1_80' title="bbox 2247 3309 3783 3388">
    <p class='ocr_par' dir='ltr' id='par_1_80' title="bbox 2247 3309 3783 3388">
     <span class='ocr_line' id='line_1_80' title="bbox 2247 3309 3783 3388; baseline -0.008 -17"><span class='ocrx_word' id='word_1_621' title='bbox 2247 3317 2471 3385; x_wconf 85' lang='grc' dir='ltr'>ἀγαθοῖς</span> <span class='ocrx_word' id='word_1_622' title='bbox 2495 3317 2711 3387; x_wconf 85' lang='grc' dir='ltr'>ἀγαθῶν</span> <span class='ocrx_word' id='word_1_623' title='bbox 2740 3318 2807 3371; x_wconf 80' lang='grc' dir='ltr'>τὰ</span> <span class='ocrx_word' id='word_1_624' title='bbox 2844 3318 3023 3387; x_wconf 84' lang='grc' dir='ltr'>ἀγαθά</span> <span class='ocrx_word' id='word_1_625' title='bbox 3053 3318 3232 3373; x_wconf 76' lang='grc' dir='ltr'>αὐτῶν</span> <span class='ocrx_word' id='word_1_626' title='bbox 3268 3318 3617 3388; x_wconf 85' lang='grc' dir='ltr'>συνεχέστατα</span> <span class='ocrx_word' id='word_1_627' title='bbox 3646 3309 3783 3363; x_wconf 74' lang='grc' dir='ltr'>διαδε-</span> 
     </span>
    </p>
   </div>
   <div class='ocr_carea' id='block_1_81' title="bbox 2247 3397 3781 3481">
    <p class='ocr_par' dir='ltr' id='par_1_81' title="bbox 2247 3397 3781 3481">
     <span class='ocr_line' id='line_1_81' title="bbox 2247 3397 3781 3481; baseline -0.01 -17"><span class='ocrx_word' id='word_1_628' title='bbox 2247 3409 2490 3480; x_wconf 79' lang='grc' dir='ltr'>χομένων</span> <span class='ocrx_word' id='word_1_629' title='bbox 2511 3427 2521 3438; x_wconf 92' lang='grc'><strong>·</strong></span> <span class='ocrx_word' id='word_1_630' title='bbox 2553 3410 2686 3480; x_wconf 84' lang='grc' dir='ltr'>φέρε</span> <span class='ocrx_word' id='word_1_631' title='bbox 2708 3409 2802 3463; x_wconf 74' lang='grc' dir='ltr'><strong>καὶ</strong></span> <span class='ocrx_word' id='word_1_632' title='bbox 2824 3412 2984 3481; x_wconf 82' lang='grc' dir='ltr'>ἡμεῖς</span> <span class='ocrx_word' id='word_1_633' title='bbox 3014 3410 3167 3480; x_wconf 84' lang='grc' dir='ltr'>ὀλίγα</span> <span class='ocrx_word' id='word_1_634' title='bbox 3197 3410 3347 3464; x_wconf 86' lang='grc' dir='ltr'><strong>κατά</strong></span> <span class='ocrx_word' id='word_1_635' title='bbox 3366 3409 3427 3462; x_wconf 82' lang='grc' dir='ltr'><strong>τὸ</strong></span> <span class='ocrx_word' id='word_1_636' title='bbox 3455 3405 3677 3478; x_wconf 79' lang='grc' dir='ltr'>βούλημα</span> <span class='ocrx_word' id='word_1_637' title='bbox 3697 3397 3781 3451; x_wconf 85' lang='grc' dir='ltr'><strong>τῶν</strong></span> 
     </span>
    </p>
   </div>
   <div class='ocr_carea' id='block_1_82' title="bbox 2245 3491 3777 3572">
    <p class='ocr_par' dir='ltr' id='par_1_82' title="bbox 2245 3491 3777 3572">
     <span class='ocr_line' id='line_1_82' title="bbox 2245 3491 3777 3572; baseline -0.024 2"><span class='ocrx_word' id='word_1_638' title='bbox 2245 3499 2479 3572; x_wconf 71' lang='grc' dir='ltr'>Γραφῶν</span> <span class='ocrx_word' id='word_1_639' title='bbox 2498 3501 2627 3571; x_wconf 70' lang='grc' dir='ltr'>περὶ</span> <span class='ocrx_word' id='word_1_640' title='bbox 2649 3499 2741 3552; x_wconf 71' lang='grc' dir='ltr'><strong>τοῦ</strong></span> <span class='ocrx_word' id='word_1_641' title='bbox 2764 3501 3145 3572; x_wconf 78' lang='grc' dir='ltr'>προϐλήματος</span> <span class='ocrx_word' id='word_1_642' title='bbox 3163 3500 3523 3569; x_wconf 75' lang='grc' dir='ltr'>διαλάϐωμεν.</span> <span class='ocrx_word' id='word_1_643' title='bbox 3550 3491 3777 3561; x_wconf 66' lang='grc' dir='ltr'>Σαφέστα-</span> 
     </span>
    </p>
   </div>
   <div class='ocr_carea' id='block_1_83' title="bbox 2243 3575 3777 3665">
    <p class='ocr_par' dir='ltr' id='par_1_83' title="bbox 2243 3575 3777 3665">
     <span class='ocr_line' id='line_1_83' title="bbox 2243 3575 3777 3665; baseline 0.001 -20"><span class='ocrx_word' id='word_1_644' title='bbox 2243 3609 2314 3646; x_wconf 92' lang='grc' dir='ltr'><strong>τα</strong></span> <span class='ocrx_word' id='word_1_645' title='bbox 2345 3593 2408 3665; x_wconf 84' lang='grc' dir='ltr'>δὴ</span> <span class='ocrx_word' id='word_1_646' title='bbox 2434 3593 2831 3665; x_wconf 85' lang='grc' dir='ltr'>προτρέπουσιν</span> <span class='ocrx_word' id='word_1_647' title='bbox 2855 3595 3001 3664; x_wconf 78' lang='grc' dir='ltr'>ἡμᾶς</span> <span class='ocrx_word' id='word_1_648' title='bbox 3020 3594 3261 3656; x_wconf 77' lang='grc' dir='ltr'>ἐλπίζειν</span> <span class='ocrx_word' id='word_1_649' title='bbox 3284 3594 3376 3647; x_wconf 69' lang='grc' dir='ltr'><strong>ἐπὶ</strong></span> <span class='ocrx_word' id='word_1_650' title='bbox 3396 3589 3588 3660; x_wconf 84' lang='grc' dir='ltr'>Κύριον</span> <span class='ocrx_word' id='word_1_651' title='bbox 3608 3582 3665 3634; x_wconf 85' lang='grc' dir='ltr'>τὰ</span> <span class='ocrx_word' id='word_1_652' title='bbox 3683 3575 3777 3647; x_wconf 55' lang='grc' dir='ltr'>ἱερά</span> 
     </span>
    </p>
   </div>
   <div class='ocr_carea' id='block_1_84' title="bbox 2246 3670 3771 3757">
    <p class='ocr_par' dir='ltr' id='par_1_84' title="bbox 2246 3670 3771 3757">
     <span class='ocr_line' id='line_1_84' title="bbox 2246 3670 3771 3757; baseline -0.012 -19"><span class='ocrx_word' id='word_1_653' title='bbox 2246 3684 2424 3753; x_wconf 80' lang='grc' dir='ltr'>λόγια.</span> <span class='ocrx_word' id='word_1_654' title='bbox 2471 3705 2488 3737; x_wconf 84' lang='grc' dir='ltr'><strong>ι</strong></span> <span class='ocrx_word' id='word_1_655' title='bbox 2515 3685 2818 3739; x_wconf 88' lang='grc' dir='ltr'>Ἐλπισάτω</span> <span class='ocrx_word' id='word_1_656' title='bbox 2855 3704 2873 3737; x_wconf 79' lang='grc' dir='ltr'><strong>ι</strong></span> <span class='ocrx_word' id='word_1_657' title='bbox 2922 3686 3052 3757; x_wconf 86' lang='grc' dir='ltr'>γὰρ,</span> <span class='ocrx_word' id='word_1_658' title='bbox 3084 3686 3271 3757; x_wconf 70' lang='grc' dir='ltr'>φησὶν,</span> <span class='ocrx_word' id='word_1_659' title='bbox 3301 3707 3318 3737; x_wconf 76' lang='grc' dir='ltr'><strong>ι</strong></span> <span class='ocrx_word' id='word_1_660' title='bbox 3369 3680 3571 3754; x_wconf 73' lang='grc' dir='ltr'>Ἰσραὴλ</span> <span class='ocrx_word' id='word_1_661' title='bbox 3599 3674 3676 3728; x_wconf 76' lang='grc' dir='ltr'><strong>ἐπὶ</strong></span> <span class='ocrx_word' id='word_1_662' title='bbox 3701 3670 3771 3722; x_wconf 73' lang='grc' dir='ltr'>τὸν</span> 
     </span>
    </p>
   </div>
   <div class='ocr_carea' id='block_1_85' title="bbox 2245 3767 3767 3849">
    <p class='ocr_par' dir='ltr' id='par_1_85' title="bbox 2245 3767 3767 3849">
     <span class='ocr_line' id='line_1_85' title="bbox 2245 3767 3767 3849; baseline -0.011 -20"><span class='ocrx_word' id='word_1_663' title='bbox 2245 3776 2468 3847; x_wconf 84' lang='grc' dir='ltr'>Κύριον·</span> <span class='ocrx_word' id='word_1_664' title='bbox 2485 3795 2502 3828; x_wconf 76' lang='grc' dir='ltr'><strong>ι</strong></span> <span class='ocrx_word' id='word_1_665' title='bbox 2528 3773 2649 3843; x_wconf 77' lang='grc' dir='ltr'>καὶ,</span> <span class='ocrx_word' id='word_1_666' title='bbox 2667 3794 2686 3827; x_wconf 78' lang='grc' dir='ltr'><strong>ι</strong></span> <span class='ocrx_word' id='word_1_667' title='bbox 2706 3771 2867 3839; x_wconf 79' lang='grc' dir='ltr'>Οἶκος</span> <span class='ocrx_word' id='word_1_668' title='bbox 2892 3777 3105 3848; x_wconf 79' lang='grc' dir='ltr'>Ἰσραὴλ</span> <span class='ocrx_word' id='word_1_669' title='bbox 3124 3776 3352 3849; x_wconf 71' lang='grc' dir='ltr'>ἤλπισεν</span> <span class='ocrx_word' id='word_1_670' title='bbox 3381 3774 3469 3828; x_wconf 75' lang='grc' dir='ltr'><strong>ἐπὶ</strong></span> <span class='ocrx_word' id='word_1_671' title='bbox 3484 3773 3566 3826; x_wconf 74' lang='grc' dir='ltr'>τὸν</span> <span class='ocrx_word' id='word_1_672' title='bbox 3580 3767 3767 3836; x_wconf 86' lang='grc' dir='ltr'>Κύριον·</span> 
     </span>
    </p>
   </div>
   <div class='ocr_carea' id='block_1_86' title="bbox 2246 3851 3764 3942">
    <p class='ocr_par' dir='ltr' id='par_1_86' title="bbox 2246 3851 3764 3942">
     <span class='ocr_line' id='line_1_86' title="bbox 2246 3851 3764 3942; baseline 0 -20"><span class='ocrx_word' id='word_1_673' title='bbox 2246 3866 2438 3939; x_wconf 81' lang='grc' dir='ltr'>βοηθὸς</span> <span class='ocrx_word' id='word_1_674' title='bbox 2484 3868 2663 3923; x_wconf 81' lang='grc' dir='ltr'>αὐτῶν</span> <span class='ocrx_word' id='word_1_675' title='bbox 2696 3868 2789 3921; x_wconf 73' lang='grc' dir='ltr'>καὶ</span> <span class='ocrx_word' id='word_1_676' title='bbox 2843 3869 3256 3942; x_wconf 79' lang='grc' dir='ltr'>ὑπερασπιστὴς</span> <span class='ocrx_word' id='word_1_677' title='bbox 3289 3868 3465 3923; x_wconf 79' lang='grc' dir='ltr'>αὐτῶν</span> <span class='ocrx_word' id='word_1_678' title='bbox 3496 3867 3655 3916; x_wconf 84' lang='grc' dir='ltr'>ἐστι.ι</span> <span class='ocrx_word' id='word_1_679' title='bbox 3697 3851 3764 3922; x_wconf 71' lang='grc' dir='ltr'><strong>Τῷ</strong></span> 
     </span>
    </p>
   </div>
   <div class='ocr_carea' id='block_1_87' title="bbox 2242 3947 3764 4032">
    <p class='ocr_par' dir='ltr' id='par_1_87' title="bbox 2242 3947 3764 4032">
     <span class='ocr_line' id='line_1_87' title="bbox 2242 3947 3764 4032; baseline -0.008 -18"><span class='ocrx_word' id='word_1_680' title='bbox 2242 3961 2298 4014; x_wconf 89' lang='grc' dir='ltr'><strong>δέ</strong></span> <span class='ocrx_word' id='word_1_681' title='bbox 2330 3961 2518 4032; x_wconf 86' lang='grc' dir='ltr'>τελείῳ</span> <span class='ocrx_word' id='word_1_682' title='bbox 2543 3962 2600 4013; x_wconf 86' lang='grc' dir='ltr'><strong>ἐν</strong></span> <span class='ocrx_word' id='word_1_683' title='bbox 2629 3959 2707 4032; x_wconf 85' lang='grc' dir='ltr'><strong>τῷ</strong></span> <span class='ocrx_word' id='word_1_684' title='bbox 2740 3961 3106 4032; x_wconf 81' lang='grc' dir='ltr'>ἐννενηκοστῴ</span> <span class='ocrx_word' id='word_1_685' title='bbox 3129 3960 3332 4032; x_wconf 78' lang='grc' dir='ltr'>ψαλμῷ</span> <span class='ocrx_word' id='word_1_686' title='bbox 3356 3958 3486 4031; x_wconf 86' lang='grc' dir='ltr'><strong>μετά</strong></span> <span class='ocrx_word' id='word_1_687' title='bbox 3509 3953 3604 4008; x_wconf 84' lang='grc' dir='ltr'><strong>τῶν</strong></span> <span class='ocrx_word' id='word_1_688' title='bbox 3629 3947 3764 4003; x_wconf 74' lang='grc' dir='ltr'>ἄλλων</span> 
     </span>
    </p>
   </div>
   <div class='ocr_carea' id='block_1_88' title="bbox 2245 4032 3758 4125">
    <p class='ocr_par' dir='ltr' id='par_1_88' title="bbox 2245 4032 3758 4125">
     <span class='ocr_line' id='line_1_88' title="bbox 2245 4032 3758 4125; baseline -0.011 -17"><span class='ocrx_word' id='word_1_689' title='bbox 2245 4053 2582 4123; x_wconf 86' lang='grc' dir='ltr'>ἐπαγγελιῶν</span> <span class='ocrx_word' id='word_1_690' title='bbox 2610 4052 2827 4122; x_wconf 86' lang='grc' dir='ltr'>λέγεται</span> <span class='ocrx_word' id='word_1_691' title='bbox 2857 4049 2949 4116; x_wconf 88' lang='grc' dir='ltr'><strong>τὸ,</strong></span> <span class='ocrx_word' id='word_1_692' title='bbox 2976 4071 2994 4103; x_wconf 81' lang='grc' dir='ltr'><strong>ι</strong></span> <span class='ocrx_word' id='word_1_693' title='bbox 3017 4053 3104 4106; x_wconf 87' lang='grc' dir='ltr'>Ἐν</span> <span class='ocrx_word' id='word_1_694' title='bbox 3139 4056 3244 4118; x_wconf 80' lang='grc' dir='ltr'>τοῖς</span> <span class='ocrx_word' id='word_1_695' title='bbox 3274 4049 3608 4125; x_wconf 83' lang='grc' dir='ltr'>μεταφρένοις</span> <span class='ocrx_word' id='word_1_696' title='bbox 3633 4032 3758 4094; x_wconf 73' lang='grc' dir='ltr'>αὑτοῦ</span> 
     </span>
    </p>
   </div>
   <div class='ocr_carea' id='block_1_89' title="bbox 2243 4130 3756 4216">
    <p class='ocr_par' dir='ltr' id='par_1_89' title="bbox 2243 4130 3756 4216">
     <span class='ocr_line' id='line_1_89' title="bbox 2243 4130 3756 4216; baseline -0.005 -20"><span class='ocrx_word' id='word_1_697' title='bbox 2243 4145 2549 4198; x_wconf 83' lang='grc' dir='ltr'>ἐπισκιάσει</span> <span class='ocrx_word' id='word_1_698' title='bbox 2575 4161 2678 4208; x_wconf 85' lang='grc' dir='ltr'>σοι,</span> <span class='ocrx_word' id='word_1_699' title='bbox 2712 4144 2804 4197; x_wconf 72' lang='grc' dir='ltr'><strong>καὶ</strong></span> <span class='ocrx_word' id='word_1_700' title='bbox 2834 4144 2937 4197; x_wconf 87' lang='grc' dir='ltr'><strong>ὑπὸ</strong></span> <span class='ocrx_word' id='word_1_701' title='bbox 2968 4143 3066 4207; x_wconf 83' lang='grc' dir='ltr'>τὰς</span> <span class='ocrx_word' id='word_1_702' title='bbox 3099 4144 3376 4216; x_wconf 85' lang='grc' dir='ltr'>πτέρυγας</span> <span class='ocrx_word' id='word_1_703' title='bbox 3404 4137 3555 4196; x_wconf 80' lang='grc' dir='ltr'>αὑτοῦ</span> <span class='ocrx_word' id='word_1_704' title='bbox 3580 4130 3756 4188; x_wconf 81' lang='grc' dir='ltr'>ἐλπιεῖς·</span> 
     </span>
    </p>
   </div>
   <div class='ocr_carea' id='block_1_90' title="bbox 2245 4217 3754 4306">
    <p class='ocr_par' dir='ltr' id='par_1_90' title="bbox 2245 4217 3754 4306">
     <span class='ocr_line' id='line_1_90' title="bbox 2245 4217 3754 4306; baseline -0.008 -17"><span class='ocrx_word' id='word_1_705' title='bbox 2245 4234 2431 4304; x_wconf 88' lang='grc' dir='ltr'>Ὅπλῳ</span> <span class='ocrx_word' id='word_1_706' title='bbox 2461 4232 2729 4288; x_wconf 82' lang='grc' dir='ltr'>κυκλώσει</span> <span class='ocrx_word' id='word_1_707' title='bbox 2758 4250 2816 4287; x_wconf 91' lang='grc' dir='ltr'><strong>σε</strong></span> <span class='ocrx_word' id='word_1_708' title='bbox 2850 4235 2881 4306; x_wconf 86' lang='grc' dir='ltr'>ή</span> <span class='ocrx_word' id='word_1_709' title='bbox 2915 4233 3137 4305; x_wconf 84' lang='grc' dir='ltr'>ἀλήθεια</span> <span class='ocrx_word' id='word_1_710' title='bbox 3164 4236 3347 4287; x_wconf 75' lang='grc' dir='ltr'>αὑτοῦ.</span> <span class='ocrx_word' id='word_1_711' title='bbox 3380 4252 3397 4284; x_wconf 77' lang='grc' dir='ltr'><strong>ι</strong></span> <span class='ocrx_word' id='word_1_712' title='bbox 3444 4232 3498 4282; x_wconf 84' lang='lat' dir='ltr'><strong>&#39;U</strong></span> <span class='ocrx_word' id='word_1_713' title='bbox 3524 4227 3573 4279; x_wconf 83' lang='grc' dir='ltr'><strong>δέ</strong></span> <span class='ocrx_word' id='word_1_714' title='bbox 3594 4217 3754 4277; x_wconf 56' lang='grc' dir='ltr'>Παῦλκ</span> 
     </span>
    </p>
   </div>
   <div class='ocr_carea' id='block_1_91' title="bbox 2243 4314 3754 4397">
    <p class='ocr_par' dir='ltr' id='par_1_91' title="bbox 2243 4314 3754 4397">
     <span class='ocr_line' id='line_1_91' title="bbox 2243 4314 3754 4397; baseline -0.01 -18"><span class='ocrx_word' id='word_1_715' title='bbox 2243 4328 2301 4382; x_wconf 91' lang='grc' dir='ltr'><strong>ἐν</strong></span> <span class='ocrx_word' id='word_1_716' title='bbox 2331 4320 2375 4395; x_wconf 78' lang='grc' dir='ltr'><strong>ᾧ</strong></span> <span class='ocrx_word' id='word_1_717' title='bbox 2400 4326 2671 4397; x_wconf 82' lang='grc' dir='ltr'>κρέμαται</span> <span class='ocrx_word' id='word_1_718' title='bbox 2709 4328 2737 4379; x_wconf 85' lang='grc' dir='ltr'>ὁ</span> <span class='ocrx_word' id='word_1_719' title='bbox 2782 4325 2946 4396; x_wconf 84' lang='grc' dir='ltr'>νόμος</span> <span class='ocrx_word' id='word_1_720' title='bbox 2971 4325 3065 4379; x_wconf 76' lang='grc' dir='ltr'>καὶ</span> <span class='ocrx_word' id='word_1_721' title='bbox 3092 4327 3139 4379; x_wconf 88' lang='grc' dir='ltr'><strong>οί</strong></span> <span class='ocrx_word' id='word_1_722' title='bbox 3174 4327 3462 4397; x_wconf 73' lang='grc' dir='ltr'>προφῆται,</span> <span class='ocrx_word' id='word_1_723' title='bbox 3496 4314 3754 4390; x_wconf 75' lang='grc' dir='ltr'>βουλόμενος</span> 
     </span>
    </p>
   </div>
   <div class='ocr_carea' id='block_1_92' title="bbox 566 4410 2147 4499">
    <p class='ocr_par' dir='ltr' id='par_1_92' title="bbox 566 4429 2139 4499">
     <span class='ocr_line' id='line_1_92' title="bbox 566 4429 2139 4499; baseline 0.002 -16"><span class='ocrx_word' id='word_1_724' title='bbox 566 4429 814 4498; x_wconf 82' lang='lat' dir='ltr'><strong>sperabis</strong></span> <span class='ocrx_word' id='word_1_725' title='bbox 842 4446 857 4496; x_wconf 90' lang='lat'><strong>;</strong></span> <span class='ocrx_word' id='word_1_726' title='bbox 900 4437 1058 4483; x_wconf 89' lang='lat' dir='ltr'><strong>scuto</strong></span> <span class='ocrx_word' id='word_1_727' title='bbox 1084 4430 1446 4484; x_wconf 79' lang='lat' dir='ltr'><strong>circumdabit</strong></span> <span class='ocrx_word' id='word_1_728' title='bbox 1470 4441 1524 4487; x_wconf 89' lang='lat' dir='ltr'><strong>te</strong></span> <span class='ocrx_word' id='word_1_729' title='bbox 1552 4432 1761 4486; x_wconf 86' lang='lat' dir='ltr'><strong>veritas</strong></span> <span class='ocrx_word' id='word_1_730' title='bbox 1783 4433 1920 4499; x_wconf 91' lang='lat' dir='ltr'><strong>ejus.</strong></span> <span class='ocrx_word' id='word_1_731' title='bbox 1952 4452 1970 4484; x_wconf 82' lang='grc' dir='ltr'><strong>ι</strong></span> <span class='ocrx_word' id='word_1_732' title='bbox 2007 4431 2139 4486; x_wconf 82' lang='lat' dir='ltr'><strong>Pau-</strong></span> 
     </span>
    </p>
   </div>
   <div class='ocr_carea' id='block_1_93' title="bbox 2254 4410 3748 4499">
    <p class='ocr_par' dir='ltr' id='par_1_93' title="bbox 2254 4410 3748 4499">
     <span class='ocr_line' id='line_1_93' title="bbox 2254 4410 3748 4499; baseline -0.003 -26"><span class='ocrx_word' id='word_1_733' title='bbox 2254 4419 2591 4489; x_wconf 76' lang='grc' dir='ltr'>παραστῆσαι</span> <span class='ocrx_word' id='word_1_734' title='bbox 2617 4417 2795 4481; x_wconf 82' lang='grc' dir='ltr'>ὁποῖός</span> <span class='ocrx_word' id='word_1_735' title='bbox 2822 4420 2958 4480; x_wconf 85' lang='grc' dir='ltr'>ἐστι,</span> <span class='ocrx_word' id='word_1_736' title='bbox 2987 4418 3150 4489; x_wconf 86' lang='grc' dir='ltr'>(λέγω</span> <span class='ocrx_word' id='word_1_737' title='bbox 3190 4419 3246 4472; x_wconf 86' lang='grc' dir='ltr'>δὲ</span> <span class='ocrx_word' id='word_1_738' title='bbox 3272 4421 3371 4491; x_wconf 85' lang='grc' dir='ltr'><strong>τὴν</strong></span> <span class='ocrx_word' id='word_1_739' title='bbox 3393 4415 3590 4483; x_wconf 82' lang='grc' dir='ltr'>ἀγάπην</span> <span class='ocrx_word' id='word_1_740' title='bbox 3611 4410 3642 4475; x_wconf 80' lang='grc'><strong>⁸)</strong></span> <span class='ocrx_word' id='word_1_741' title='bbox 3670 4416 3748 4499; x_wconf 60' lang='grc' dir='ltr'><strong>νη·</strong></span> 
     </span>
    </p>
   </div>
   <div class='ocr_carea' id='block_1_94' title="bbox 564 4520 2138 4594">
    <p class='ocr_par' dir='ltr' id='par_1_94' title="bbox 564 4520 2138 4594">
     <span class='ocr_line' id='line_1_94' title="bbox 564 4520 2138 4594; baseline 0.005 -21"><span class='ocrx_word' id='word_1_742' title='bbox 564 4521 650 4580; x_wconf 73' lang='lat' dir='ltr'><strong>ius</strong></span> <span class='ocrx_word' id='word_1_743' title='bbox 698 4530 877 4573; x_wconf 86' lang='lat' dir='ltr'><strong>autem</strong></span> <span class='ocrx_word' id='word_1_744' title='bbox 913 4520 966 4573; x_wconf 94' lang='lat' dir='ltr'><strong>in</strong></span> <span class='ocrx_word' id='word_1_745' title='bbox 1007 4534 1113 4589; x_wconf 92' lang='lat' dir='ltr'><strong>quo</strong></span> <span class='ocrx_word' id='word_1_746' title='bbox 1147 4521 1342 4590; x_wconf 92' lang='lat' dir='ltr'><strong>pendet</strong></span> <span class='ocrx_word' id='word_1_747' title='bbox 1375 4522 1460 4577; x_wconf 76' lang='lat' dir='ltr'><strong>lex</strong></span> <span class='ocrx_word' id='word_1_748' title='bbox 1496 4532 1550 4578; x_wconf 89' lang='lat' dir='ltr'><strong>et</strong></span> <span class='ocrx_word' id='word_1_749' title='bbox 1600 4525 1877 4594; x_wconf 68' lang='lat' dir='ltr'><strong>propheta:</strong></span> <span class='ocrx_word' id='word_1_750' title='bbox 1900 4564 1916 4589; x_wconf 92' lang='lat'><strong>,</strong></span> <span class='ocrx_word' id='word_1_751' title='bbox 1950 4525 2138 4581; x_wconf 88' lang='lat' dir='ltr'><strong>volens</strong></span> 
     </span>
    </p>
   </div>
   <div class='ocr_carea' id='block_1_95' title="bbox 563 4611 2135 4685">
    <p class='ocr_par' dir='ltr' id='par_1_95' title="bbox 563 4611 2135 4685">
     <span class='ocr_line' id='line_1_95' title="bbox 563 4611 2135 4685; baseline 0.003 -17"><span class='ocrx_word' id='word_1_752' title='bbox 563 4612 853 4668; x_wconf 85' lang='lat' dir='ltr'><strong>ostendere</strong></span> <span class='ocrx_word' id='word_1_753' title='bbox 883 4611 1059 4680; x_wconf 83' lang='lat' dir='ltr'><strong>qualis</strong></span> <span class='ocrx_word' id='word_1_754' title='bbox 1085 4612 1155 4665; x_wconf 93' lang='lat' dir='ltr'><strong>sit</strong></span> <span class='ocrx_word' id='word_1_755' title='bbox 1182 4612 1526 4683; x_wconf 81' lang='lat' dir='ltr'><strong>(cltaritatcm</strong></span> <span class='ocrx_word' id='word_1_756' title='bbox 1560 4614 1701 4685; x_wconf 89' lang='lat' dir='ltr'><strong>dico)</strong></span> <span class='ocrx_word' id='word_1_757' title='bbox 1729 4617 1806 4670; x_wconf 88' lang='lat' dir='ltr'><strong>ait</strong></span> <span class='ocrx_word' id='word_1_758' title='bbox 1829 4617 1908 4671; x_wconf 74' lang='lat'><strong>“:</strong></span> <span class='ocrx_word' id='word_1_759' title='bbox 1950 4637 1967 4668; x_wconf 77' lang='grc' dir='ltr'><strong>ι</strong></span> <span class='ocrx_word' id='word_1_760' title='bbox 1990 4617 2135 4671; x_wconf 81' lang='lat' dir='ltr'><strong>Cha-</strong></span> 
     </span>
    </p>
   </div>
   <div class='ocr_carea' id='block_1_96' title="bbox 566 4701 2133 4774">
    <p class='ocr_par' dir='ltr' id='par_1_96' title="bbox 566 4701 2133 4774">
     <span class='ocr_line' id='line_1_96' title="bbox 566 4701 2133 4774; baseline 0.004 -18"><span class='ocrx_word' id='word_1_761' title='bbox 566 4703 703 4756; x_wconf 81' lang='lat' dir='ltr'><strong>ritas</strong></span> <span class='ocrx_word' id='word_1_762' title='bbox 738 4701 918 4756; x_wconf 91' lang='lat' dir='ltr'><strong>omnia</strong></span> <span class='ocrx_word' id='word_1_763' title='bbox 956 4702 1163 4766; x_wconf 89' lang='lat' dir='ltr'><strong>credit,</strong></span> <span class='ocrx_word' id='word_1_764' title='bbox 1193 4703 1377 4757; x_wconf 88' lang='lat' dir='ltr'><strong>omnia</strong></span> <span class='ocrx_word' id='word_1_765' title='bbox 1417 4715 1598 4774; x_wconf 89' lang='lat' dir='ltr'><strong>sperat</strong></span> <span class='ocrx_word' id='word_1_766' title='bbox 1623 4745 1637 4768; x_wconf 88' lang='lat'><strong>.</strong></span> <span class='ocrx_word' id='word_1_767' title='bbox 1666 4708 1847 4761; x_wconf 90' lang='lat' dir='ltr'><strong>omnia</strong></span> <span class='ocrx_word' id='word_1_768' title='bbox 1883 4708 2133 4762; x_wconf 91' lang='lat' dir='ltr'><strong>sustinet.</strong></span> 
     </span>
    </p>
   </div>
   <div class='ocr_carea' id='block_1_97' title="bbox 563 4795 2137 4873">
    <p class='ocr_par' dir='ltr' id='par_1_97' title="bbox 563 4795 2137 4873">
     <span class='ocr_line' id='line_1_97' title="bbox 563 4795 2137 4873; baseline 0.001 -21"><span class='ocrx_word' id='word_1_769' title='bbox 563 4796 817 4852; x_wconf 89' lang='lat' dir='ltr'><strong>Charitas</strong></span> <span class='ocrx_word' id='word_1_770' title='bbox 846 4812 1118 4873; x_wconf 76' lang='lat' dir='ltr'><strong>nunquam</strong></span> <span class='ocrx_word' id='word_1_771' title='bbox 1154 4795 1371 4850; x_wconf 81' lang='lat' dir='ltr'><strong>excidit.</strong></span> <span class='ocrx_word' id='word_1_772' title='bbox 1406 4814 1424 4846; x_wconf 76' lang='grc'><strong>)</strong></span> <span class='ocrx_word' id='word_1_773' title='bbox 1463 4795 1614 4862; x_wconf 89' lang='lat' dir='ltr'><strong>Quod</strong></span> <span class='ocrx_word' id='word_1_774' title='bbox 1657 4799 1700 4852; x_wconf 92' lang='lat' dir='ltr'><strong>si</strong></span> <span class='ocrx_word' id='word_1_775' title='bbox 1733 4814 2004 4870; x_wconf 89' lang='lat' dir='ltr'><strong>nunquam</strong></span> <span class='ocrx_word' id='word_1_776' title='bbox 2042 4817 2137 4855; x_wconf 89' lang='lat' dir='ltr'><strong>ex-</strong></span> 
     </span>
    </p>
   </div>
   <div class='ocr_carea' id='block_1_98' title="bbox 563 4885 2133 4961">
    <p class='ocr_par' dir='ltr' id='par_1_98' title="bbox 563 4885 2133 4961">
     <span class='ocr_line' id='line_1_98' title="bbox 563 4885 2133 4961; baseline 0.003 -19"><span class='ocrx_word' id='word_1_777' title='bbox 563 4887 749 4942; x_wconf 79' lang='lat' dir='ltr'><strong>cidere</strong></span> <span class='ocrx_word' id='word_1_778' title='bbox 783 4887 1011 4958; x_wconf 79' lang='lat' dir='ltr'><strong>perfecti</strong></span> <span class='ocrx_word' id='word_1_779' title='bbox 1050 4885 1151 4941; x_wconf 79' lang='lat' dir='ltr'><strong>viri</strong></span> <span class='ocrx_word' id='word_1_780' title='bbox 1184 4895 1267 4941; x_wconf 89' lang='lat' dir='ltr'><strong>est</strong></span> <span class='ocrx_word' id='word_1_781' title='bbox 1298 4901 1432 4955; x_wconf 90' lang='lat' dir='ltr'><strong>opus</strong></span> <span class='ocrx_word' id='word_1_782' title='bbox 1467 4888 1607 4955; x_wconf 89' lang='lat' dir='ltr'><strong>quod</strong></span> <span class='ocrx_word' id='word_1_783' title='bbox 1642 4904 1672 4941; x_wconf 88' lang='lat' dir='ltr'><strong>a</strong></span> <span class='ocrx_word' id='word_1_784' title='bbox 1706 4890 1975 4946; x_wconf 88' lang='lat' dir='ltr'><strong>charitate</strong></span> <span class='ocrx_word' id='word_1_785' title='bbox 2007 4908 2133 4961; x_wconf 85' lang='lat' dir='ltr'><strong>pro—</strong></span> 
     </span>
    </p>
   </div>
   <div class='ocr_carea' id='block_1_99' title="bbox 566 4978 2134 5047">
    <p class='ocr_par' dir='ltr' id='par_1_99' title="bbox 566 4978 2134 5047">
     <span class='ocr_line' id='line_1_99' title="bbox 566 4978 2134 5047; baseline 0.003 -14"><span class='ocrx_word' id='word_1_786' title='bbox 566 4978 832 5033; x_wconf 82' lang='lat' dir='ltr'><strong>ﬁciscitur</strong></span> <span class='ocrx_word' id='word_1_787' title='bbox 854 5018 869 5044; x_wconf 94' lang='lat'><strong>,</strong></span> <span class='ocrx_word' id='word_1_788' title='bbox 901 4979 1045 5033; x_wconf 90' lang='lat' dir='ltr'><strong>illius</strong></span> <span class='ocrx_word' id='word_1_789' title='bbox 1074 4980 1236 5032; x_wconf 89' lang='lat' dir='ltr'><strong>etiam</strong></span> <span class='ocrx_word' id='word_1_790' title='bbox 1267 4979 1358 5047; x_wconf 86' lang='lat' dir='ltr'><strong>qui</strong></span> <span class='ocrx_word' id='word_1_791' title='bbox 1388 4994 1444 5033; x_wconf 92' lang='lat' dir='ltr'><strong>re</strong></span> <span class='ocrx_word' id='word_1_792' title='bbox 1468 4979 1710 5047; x_wconf 87' lang='lat' dir='ltr'><strong>qualibet</strong></span> <span class='ocrx_word' id='word_1_793' title='bbox 1749 4981 2013 5037; x_wconf 89' lang='lat' dir='ltr'><strong>laboriosa</strong></span> <span class='ocrx_word' id='word_1_794' title='bbox 2041 4998 2134 5037; x_wconf 85' lang='lat' dir='ltr'><strong>su—</strong></span> 
     </span>
    </p>
   </div>
   <div class='ocr_carea' id='block_1_100' title="bbox 564 5071 2131 5139">
    <p class='ocr_par' dir='ltr' id='par_1_100' title="bbox 564 5071 2131 5139">
     <span class='ocr_line' id='line_1_100' title="bbox 564 5071 2131 5139; baseline 0.003 -15"><span class='ocrx_word' id='word_1_795' title='bbox 564 5071 748 5139; x_wconf 90' lang='lat' dir='ltr'><strong>perior</strong></span> <span class='ocrx_word' id='word_1_796' title='bbox 765 5080 869 5138; x_wconf 89' lang='lat' dir='ltr'><strong>est,</strong></span> <span class='ocrx_word' id='word_1_797' title='bbox 898 5071 1006 5125; x_wconf 88' lang='lat' dir='ltr'><strong>erit</strong></span> <span class='ocrx_word' id='word_1_798' title='bbox 1027 5071 1208 5123; x_wconf 88' lang='lat' dir='ltr'><strong>omnia</strong></span> <span class='ocrx_word' id='word_1_799' title='bbox 1238 5078 1458 5138; x_wconf 90' lang='lat' dir='ltr'><strong>propter</strong></span> <span class='ocrx_word' id='word_1_800' title='bbox 1480 5071 1809 5125; x_wconf 85' lang='lat' dir='ltr'><strong>charitatem</strong></span> <span class='ocrx_word' id='word_1_801' title='bbox 1842 5075 2131 5138; x_wconf 89' lang='lat' dir='ltr'><strong>sustinere,</strong></span> 
     </span>
    </p>
   </div>
   <div class='ocr_carea' id='block_1_101' title="bbox 564 5162 2132 5232">
    <p class='ocr_par' dir='ltr' id='par_1_101' title="bbox 564 5162 2132 5232">
     <span class='ocr_line' id='line_1_101' title="bbox 564 5162 2132 5232; baseline 0.002 -15"><span class='ocrx_word' id='word_1_802' title='bbox 564 5173 619 5217; x_wconf 90' lang='lat' dir='ltr'><strong>et</strong></span> <span class='ocrx_word' id='word_1_803' title='bbox 645 5162 825 5218; x_wconf 90' lang='lat' dir='ltr'><strong>omnia</strong></span> <span class='ocrx_word' id='word_1_804' title='bbox 857 5163 1097 5224; x_wconf 83' lang='lat' dir='ltr'><strong>credere,</strong></span> <span class='ocrx_word' id='word_1_805' title='bbox 1130 5162 1386 5215; x_wconf 90' lang='lat' dir='ltr'><strong>nimirum</strong></span> <span class='ocrx_word' id='word_1_806' title='bbox 1419 5179 1537 5232; x_wconf 72' lang='lat' dir='ltr'><strong>qua:</strong></span> <span class='ocrx_word' id='word_1_807' title='bbox 1569 5172 1713 5228; x_wconf 89' lang='lat' dir='ltr'><strong>sunt,</strong></span> <span class='ocrx_word' id='word_1_808' title='bbox 1740 5172 1794 5218; x_wconf 85' lang='lat' dir='ltr'><strong>et</strong></span> <span class='ocrx_word' id='word_1_809' title='bbox 1828 5180 1953 5218; x_wconf 88' lang='lat' dir='ltr'><strong>vera</strong></span> <span class='ocrx_word' id='word_1_810' title='bbox 1986 5177 2132 5221; x_wconf 89' lang='lat' dir='ltr'><strong>sunt.</strong></span> 
     </span>
    </p>
   </div>
   <div class='ocr_carea' id='block_1_102' title="bbox 564 5254 2134 5326">
    <p class='ocr_par' dir='ltr' id='par_1_102' title="bbox 564 5254 2134 5326">
     <span class='ocr_line' id='line_1_102' title="bbox 564 5254 2134 5326; baseline 0.002 -17"><span class='ocrx_word' id='word_1_811' title='bbox 564 5254 748 5324; x_wconf 87' lang='lat' dir='ltr'><strong>Neque</strong></span> <span class='ocrx_word' id='word_1_812' title='bbox 774 5254 918 5309; x_wconf 90' lang='lat' dir='ltr'><strong>enim</strong></span> <span class='ocrx_word' id='word_1_813' title='bbox 944 5254 1086 5308; x_wconf 88' lang='lat' dir='ltr'><strong>inter</strong></span> <span class='ocrx_word' id='word_1_814' title='bbox 1113 5255 1293 5308; x_wconf 87' lang='lat' dir='ltr'><strong>omnia</strong></span> <span class='ocrx_word' id='word_1_815' title='bbox 1318 5254 1592 5310; x_wconf 90' lang='lat' dir='ltr'><strong>censenda</strong></span> <span class='ocrx_word' id='word_1_816' title='bbox 1622 5263 1749 5309; x_wconf 89' lang='lat' dir='ltr'><strong>sunt</strong></span> <span class='ocrx_word' id='word_1_817' title='bbox 1771 5254 1907 5309; x_wconf 78' lang='lat' dir='ltr'><strong>falsa</strong></span> <span class='ocrx_word' id='word_1_818' title='bbox 1938 5257 2134 5326; x_wconf 89' lang='lat' dir='ltr'><strong>quippe</strong></span> 
     </span>
    </p>
   </div>
   <div class='ocr_carea' id='block_1_103' title="bbox 563 5346 2137 5417">
    <p class='ocr_par' dir='ltr' id='par_1_103' title="bbox 563 5346 2137 5417">
     <span class='ocr_line' id='line_1_103' title="bbox 563 5346 2137 5417; baseline 0.001 -17"><span class='ocrx_word' id='word_1_819' title='bbox 563 5364 686 5417; x_wconf 68' lang='lat' dir='ltr'><strong>qua:</strong></span> <span class='ocrx_word' id='word_1_820' title='bbox 731 5364 798 5402; x_wconf 90' lang='lat' dir='ltr'><strong>ne</strong></span> <span class='ocrx_word' id='word_1_821' title='bbox 830 5348 1052 5402; x_wconf 91' lang='lat' dir='ltr'><strong>omnino</strong></span> <span class='ocrx_word' id='word_1_822' title='bbox 1091 5348 1308 5415; x_wconf 90' lang='lat' dir='ltr'><strong>quidem</strong></span> <span class='ocrx_word' id='word_1_823' title='bbox 1358 5357 1507 5401; x_wconf 91' lang='lat' dir='ltr'><strong>sunt.</strong></span> <span class='ocrx_word' id='word_1_824' title='bbox 1548 5346 1681 5401; x_wconf 83' lang='lat' dir='ltr'><strong>Nam</strong></span> <span class='ocrx_word' id='word_1_825' title='bbox 1733 5348 1822 5417; x_wconf 92' lang='lat' dir='ltr'><strong>qui</strong></span> <span class='ocrx_word' id='word_1_826' title='bbox 1870 5349 2137 5403; x_wconf 82' lang='lat' dir='ltr'><strong>eharitate</strong></span> 
     </span>
    </p>
   </div>
   <div class='ocr_carea' id='block_1_104' title="bbox 563 5437 2134 5510">
    <p class='ocr_par' dir='ltr' id='par_1_104' title="bbox 563 5437 2134 5510">
     <span class='ocr_line' id='line_1_104' title="bbox 563 5437 2134 5510; baseline 0.001 -18"><span class='ocrx_word' id='word_1_827' title='bbox 563 5438 820 5510; x_wconf 75' lang='lat' dir='ltr'><strong>praeditus</strong></span> <span class='ocrx_word' id='word_1_828' title='bbox 853 5448 939 5494; x_wconf 88' lang='lat' dir='ltr'><strong>est</strong></span> <span class='ocrx_word' id='word_1_829' title='bbox 965 5480 980 5503; x_wconf 91' lang='lat'><strong>,</strong></span> <span class='ocrx_word' id='word_1_830' title='bbox 1013 5437 1288 5509; x_wconf 90' lang='lat' dir='ltr'><strong>perlectus</strong></span> <span class='ocrx_word' id='word_1_831' title='bbox 1328 5447 1383 5494; x_wconf 93' lang='lat' dir='ltr'><strong>et</strong></span> <span class='ocrx_word' id='word_1_832' title='bbox 1430 5438 1648 5494; x_wconf 89' lang='lat' dir='ltr'><strong>stabilis</strong></span> <span class='ocrx_word' id='word_1_833' title='bbox 1696 5449 1778 5494; x_wconf 87' lang='lat' dir='ltr'><strong>est</strong></span> <span class='ocrx_word' id='word_1_834' title='bbox 1812 5439 1863 5493; x_wconf 93' lang='lat' dir='ltr'><strong>in</strong></span> <span class='ocrx_word' id='word_1_835' title='bbox 1911 5439 2134 5493; x_wconf 81' lang='lat' dir='ltr'><strong>salutari</strong></span> 
     </span>
    </p>
   </div>
   <div class='ocr_carea' id='block_1_105' title="bbox 564 5532 2133 5603">
    <p class='ocr_par' dir='ltr' id='par_1_105' title="bbox 564 5532 2133 5603">
     <span class='ocr_line' id='line_1_105' title="bbox 564 5532 2133 5603; baseline -0.002 -16"><span class='ocrx_word' id='word_1_836' title='bbox 564 5532 691 5595; x_wconf 78' lang='lat' dir='ltr'><strong>(ide,</strong></span> <span class='ocrx_word' id='word_1_837' title='bbox 708 5546 829 5603; x_wconf 77' lang='lat' dir='ltr'><strong>qua-</strong></span> <span class='ocrx_word' id='word_1_838' title='bbox 855 5542 942 5587; x_wconf 88' lang='lat' dir='ltr'><strong>est</strong></span> <span class='ocrx_word' id='word_1_839' title='bbox 966 5533 1035 5588; x_wconf 90' lang='lat' dir='ltr'><strong>de</strong></span> <span class='ocrx_word' id='word_1_840' title='bbox 1055 5546 1267 5602; x_wconf 89' lang='lat' dir='ltr'><strong>quaque</strong></span> <span class='ocrx_word' id='word_1_841' title='bbox 1287 5547 1346 5586; x_wconf 91' lang='lat' dir='ltr'><strong>re</strong></span> <span class='ocrx_word' id='word_1_842' title='bbox 1373 5532 1440 5587; x_wconf 91' lang='lat' dir='ltr'><strong>ad</strong></span> <span class='ocrx_word' id='word_1_843' title='bbox 1460 5533 1786 5588; x_wconf 78' lang='lat' dir='ltr'><strong>credendum</strong></span> <span class='ocrx_word' id='word_1_844' title='bbox 1806 5532 2133 5595; x_wconf 82' lang='lat' dir='ltr'><strong>necessaria,</strong></span> 
     </span>
    </p>
   </div>
   <div class='ocr_carea' id='block_1_106' title="bbox 666 5648 1685 5720">
    <p class='ocr_par' dir='ltr' id='par_1_106' title="bbox 666 5648 1685 5720">
     <span class='ocr_line' id='line_1_106' title="bbox 666 5648 1685 5720; baseline -0.001 -16"><span class='ocrx_word' id='word_1_845' title='bbox 666 5649 712 5720; x_wconf 50' lang='grc' dir='ltr'><strong>’ἕ</strong></span> <span class='ocrx_word' id='word_1_846' title='bbox 740 5649 930 5704; x_wconf 84' lang='lat' dir='ltr'><strong>Matth.</strong></span> <span class='ocrx_word' id='word_1_847' title='bbox 978 5665 1077 5714; x_wconf 85' lang='lat' dir='ltr'><strong>xu,</strong></span> <span class='ocrx_word' id='word_1_848' title='bbox 1109 5648 1162 5702; x_wconf 87' lang='lat'><strong>6.</strong></span> <span class='ocrx_word' id='word_1_849' title='bbox 1252 5650 1298 5682; x_wconf 79' lang='lat'>”</span> <span class='ocrx_word' id='word_1_850' title='bbox 1334 5648 1491 5709; x_wconf 85' lang='lat' dir='ltr'><strong>Osee.</strong></span> <span class='ocrx_word' id='word_1_851' title='bbox 1526 5667 1598 5720; x_wconf 57' lang='grc' dir='ltr'>γι,</span> <span class='ocrx_word' id='word_1_852' title='bbox 1633 5651 1685 5707; x_wconf 88' lang='lat'><strong>6.</strong></span> 
     </span>
    </p>
   </div>
   <div class='ocr_carea' id='block_1_107' title="bbox 562 5719 1298 5789">
    <p class='ocr_par' dir='ltr' id='par_1_107' title="bbox 562 5719 1298 5789">
     <span class='ocr_line' id='line_1_107' title="bbox 562 5719 1298 5789; baseline -0.001 -11"><span class='ocrx_word' id='word_1_853' title='bbox 562 5736 650 5787; x_wconf 82' lang='lat' dir='ltr'><strong>xc,</strong></span> <span class='ocrx_word' id='word_1_854' title='bbox 678 5719 732 5777; x_wconf 74' lang='grc'>4.</span> <span class='ocrx_word' id='word_1_855' title='bbox 809 5720 855 5752; x_wconf 76' lang='grc'><strong>³⁸</strong></span> <span class='ocrx_word' id='word_1_856' title='bbox 885 5720 905 5775; x_wconf 90' lang='lat' dir='ltr'><strong>l</strong></span> <span class='ocrx_word' id='word_1_857' title='bbox 935 5721 1058 5777; x_wconf 87' lang='lat' dir='ltr'><strong>Cor.</strong></span> <span class='ocrx_word' id='word_1_858' title='bbox 1093 5735 1212 5789; x_wconf 85' lang='lat' dir='ltr'><strong>xm,</strong></span> <span class='ocrx_word' id='word_1_859' title='bbox 1243 5721 1298 5777; x_wconf 81' lang='lat'><strong>5.</strong></span> 
     </span>
    </p>
   </div>
   <div class='ocr_carea' id='block_1_108' title="bbox 1784 5652 2271 5721">
    <p class='ocr_par' dir='ltr' id='par_1_108' title="bbox 1784 5652 2271 5721">
     <span class='ocr_line' id='line_1_108' title="bbox 1784 5652 2271 5721; baseline -0.002 -13"><span class='ocrx_word' id='word_1_860' title='bbox 1784 5653 1827 5685; x_wconf 78' lang='grc'><strong>³⁸</strong></span> <span class='ocrx_word' id='word_1_861' title='bbox 1853 5652 2018 5717; x_wconf 87' lang='lat' dir='ltr'><strong>llebr.</strong></span> <span class='ocrx_word' id='word_1_862' title='bbox 2046 5668 2186 5721; x_wconf 75' lang='lat' dir='ltr'><strong>Yllll,</strong></span> <span class='ocrx_word' id='word_1_863' title='bbox 2219 5652 2271 5709; x_wconf 74' lang='grc' dir='ltr'>ὅ.</span> 
     </span>
    </p>
   </div>
   <div class='ocr_carea' id='block_1_109' title="bbox 2244 4492 3751 4582">
    <p class='ocr_par' dir='ltr' id='par_1_109' title="bbox 2244 4492 3751 4582">
     <span class='ocr_line' id='line_1_109' title="bbox 2244 4492 3751 4582; baseline -0.016 -14"><span class='ocrx_word' id='word_1_864' title='bbox 2244 4514 2327 4568; x_wconf 87' lang='grc' dir='ltr'><strong>σίν</strong></span> <span class='ocrx_word' id='word_1_865' title='bbox 2349 4532 2360 4545; x_wconf 92' lang='grc'><strong>·</strong></span> <span class='ocrx_word' id='word_1_866' title='bbox 2398 4531 2417 4564; x_wconf 74' lang='grc' dir='ltr'><strong>ι</strong></span> <span class='ocrx_word' id='word_1_867' title='bbox 2437 4514 2500 4565; x_wconf 84' lang='grc' dir='ltr'><strong>Ἦ</strong></span> <span class='ocrx_word' id='word_1_868' title='bbox 2525 4511 2711 4582; x_wconf 85' lang='grc' dir='ltr'>ἀγάπη</span> <span class='ocrx_word' id='word_1_869' title='bbox 2739 4510 2914 4564; x_wconf 86' lang='grc' dir='ltr'>πάντα</span> <span class='ocrx_word' id='word_1_870' title='bbox 2942 4510 3204 4575; x_wconf 82' lang='grc' dir='ltr'>πιστεύει,</span> <span class='ocrx_word' id='word_1_871' title='bbox 3234 4511 3408 4565; x_wconf 85' lang='grc' dir='ltr'>πάντα</span> <span class='ocrx_word' id='word_1_872' title='bbox 3430 4500 3629 4564; x_wconf 78' lang='grc' dir='ltr'>ἐλπίζει,</span> <span class='ocrx_word' id='word_1_873' title='bbox 3653 4492 3751 4582; x_wconf 44' lang='lat' dir='ltr'><strong>trite</strong></span> 
     </span>
    </p>
   </div>
   <div class='ocr_carea' id='block_1_110' title="bbox 2240 4578 3745 4674">
    <p class='ocr_par' dir='ltr' id='par_1_110' title="bbox 2240 4578 3745 4674">
     <span class='ocr_line' id='line_1_110' title="bbox 2240 4578 3745 4674; baseline -0.019 -13"><span class='ocrx_word' id='word_1_874' title='bbox 2240 4622 2310 4660; x_wconf 79' lang='grc' dir='ltr'><strong>τα</strong></span> <span class='ocrx_word' id='word_1_875' title='bbox 2353 4578 2648 4674; x_wconf 75' lang='grc' dir='ltr'>ὑπομένειο</span> <span class='ocrx_word' id='word_1_876' title='bbox 2696 4578 2946 4674; x_wconf 68' lang='grc' dir='ltr'>ἦάγάπη</span> <span class='ocrx_word' id='word_1_877' title='bbox 2997 4602 3250 4655; x_wconf 81' lang='grc' dir='ltr'>οὐδέποτε</span> <span class='ocrx_word' id='word_1_878' title='bbox 3298 4600 3552 4655; x_wconf 84' lang='grc' dir='ltr'>ἐκπίπτει.</span> <span class='ocrx_word' id='word_1_879' title='bbox 3583 4610 3598 4641; x_wconf 82' lang='grc' dir='ltr'><strong>ι</strong></span> <span class='ocrx_word' id='word_1_880' title='bbox 3633 4578 3745 4637; x_wconf 68' lang='grc' dir='ltr'><strong>Είὸἔ</strong></span> 
     </span>
    </p>
   </div>
   <div class='ocr_carea' id='block_1_111' title="bbox 2241 4679 3747 4770">
    <p class='ocr_par' dir='ltr' id='par_1_111' title="bbox 2241 4679 3747 4770">
     <span class='ocr_line' id='line_1_111' title="bbox 2241 4679 3747 4770; baseline -0.009 -17"><span class='ocrx_word' id='word_1_881' title='bbox 2241 4700 2301 4753; x_wconf 85' lang='grc' dir='ltr'><strong>τὸ</strong></span> <span class='ocrx_word' id='word_1_882' title='bbox 2346 4699 2615 4770; x_wconf 85' lang='grc' dir='ltr'>μηδέποτε</span> <span class='ocrx_word' id='word_1_883' title='bbox 2659 4697 2945 4750; x_wconf 85' lang='grc' dir='ltr'>ἐκπίπτειν</span> <span class='ocrx_word' id='word_1_884' title='bbox 2969 4695 3175 4748; x_wconf 85' lang='grc' dir='ltr'>τελείου</span> <span class='ocrx_word' id='word_1_885' title='bbox 3203 4697 3348 4749; x_wconf 70' lang='grc' dir='ltr'>ἐστὶν</span> <span class='ocrx_word' id='word_1_886' title='bbox 3387 4694 3550 4764; x_wconf 81' lang='grc' dir='ltr'>ἔργον,</span> <span class='ocrx_word' id='word_1_887' title='bbox 3578 4679 3747 4748; x_wconf 60' lang='lat' dir='ltr'><strong>animi:</strong></span> 
     </span>
    </p>
   </div>
   <div class='ocr_carea' id='block_1_112' title="bbox 2241 4770 3742 4871">
    <p class='ocr_par' dir='ltr' id='par_1_112' title="bbox 2241 4770 3742 4871">
     <span class='ocr_line' id='line_1_112' title="bbox 2241 4770 3742 4871; baseline -0.005 -25"><span class='ocrx_word' id='word_1_888' title='bbox 2241 4792 2506 4865; x_wconf 84' lang='grc' dir='ltr'>ὑπάρχον,</span> <span class='ocrx_word' id='word_1_889' title='bbox 2555 4791 2648 4844; x_wconf 77' lang='grc' dir='ltr'><strong>καὶ</strong></span> <span class='ocrx_word' id='word_1_890' title='bbox 2695 4789 2755 4842; x_wconf 83' lang='grc' dir='ltr'>τὸ</span> <span class='ocrx_word' id='word_1_891' title='bbox 2785 4788 2962 4841; x_wconf 85' lang='grc' dir='ltr'>πάντα</span> <span class='ocrx_word' id='word_1_892' title='bbox 2994 4788 3283 4858; x_wconf 83' lang='grc' dir='ltr'>ὑπομένειν</span> <span class='ocrx_word' id='word_1_893' title='bbox 3325 4786 3407 4842; x_wconf 80' lang='grc' dir='ltr'><strong>διὰ</strong></span> <span class='ocrx_word' id='word_1_894' title='bbox 3448 4770 3742 4871; x_wconf 80' lang='grc' dir='ltr'><strong>τὴν</strong></span> 
     </span>
    </p>
   </div>
   <div class='ocr_carea' id='block_1_113' title="bbox 2243 4865 3743 4960">
    <p class='ocr_par' dir='ltr' id='par_1_113' title="bbox 2243 4865 3743 4960">
     <span class='ocr_line' id='line_1_113' title="bbox 2243 4865 3743 4960; baseline -0.019 -21"><span class='ocrx_word' id='word_1_895' title='bbox 2243 4882 2496 4953; x_wconf 86' lang='grc' dir='ltr'>ὑπεράνω</span> <span class='ocrx_word' id='word_1_896' title='bbox 2539 4878 2820 4950; x_wconf 88' lang='grc' dir='ltr'>γινομένου</span> <span class='ocrx_word' id='word_1_897' title='bbox 2852 4876 3049 4940; x_wconf 81' lang='grc' dir='ltr'>παντὸς</span> <span class='ocrx_word' id='word_1_898' title='bbox 3091 4877 3364 4941; x_wconf 84' lang='grc' dir='ltr'>ἐπιπόνου,</span> <span class='ocrx_word' id='word_1_899' title='bbox 3411 4872 3495 4926; x_wconf 74' lang='grc' dir='ltr'>καὶ</span> <span class='ocrx_word' id='word_1_900' title='bbox 3533 4865 3586 4919; x_wconf 81' lang='grc' dir='ltr'><strong>τὸ</strong></span> <span class='ocrx_word' id='word_1_901' title='bbox 3607 4865 3743 4960; x_wconf 56' lang='grc' dir='ltr'>πᾰνξα</span> 
     </span>
    </p>
   </div>
   <div class='ocr_carea' id='block_1_114' title="bbox 2244 4953 3737 5053">
    <p class='ocr_par' dir='ltr' id='par_1_114' title="bbox 2244 4953 3737 5053">
     <span class='ocr_line' id='line_1_114' title="bbox 2244 4953 3737 5053; baseline -0.013 -23"><span class='ocrx_word' id='word_1_902' title='bbox 2244 4975 2538 5039; x_wconf 87' lang='grc' dir='ltr'>πιστεύειν,</span> <span class='ocrx_word' id='word_1_903' title='bbox 2568 4973 2726 5043; x_wconf 81' lang='grc' dir='ltr'>δῆλον</span> <span class='ocrx_word' id='word_1_904' title='bbox 2754 4972 2800 5025; x_wconf 82' lang='grc' dir='ltr'>δ’</span> <span class='ocrx_word' id='word_1_905' title='bbox 2828 4972 2906 5025; x_wconf 82' lang='grc' dir='ltr'>ὅτι</span> <span class='ocrx_word' id='word_1_906' title='bbox 2930 4972 2998 5025; x_wconf 82' lang='grc' dir='ltr'><strong>τὰ</strong></span> <span class='ocrx_word' id='word_1_907' title='bbox 3022 4970 3150 5024; x_wconf 81' lang='grc' dir='ltr'>ὅντα</span> <span class='ocrx_word' id='word_1_908' title='bbox 3172 4970 3264 5023; x_wconf 73' lang='grc' dir='ltr'>καὶ</span> <span class='ocrx_word' id='word_1_909' title='bbox 3283 4969 3351 5022; x_wconf 81' lang='grc' dir='ltr'>τὰ</span> <span class='ocrx_word' id='word_1_910' title='bbox 3372 4960 3527 5034; x_wconf 82' lang='grc' dir='ltr'>ἀληθῆ</span> <span class='ocrx_word' id='word_1_911' title='bbox 3547 4973 3557 4985; x_wconf 87' lang='grc'><em>“</em></span> <span class='ocrx_word' id='word_1_912' title='bbox 3574 4953 3631 5053; x_wconf 31' lang='grc' dir='ltr'><strong>ὀὗ</strong></span> 
     </span>
    </p>
   </div>
   <div class='ocr_carea' id='block_1_115' title="bbox 2241 5036 3738 5135">
    <p class='ocr_par' dir='ltr' id='par_1_115' title="bbox 2241 5036 3738 5135">
     <span class='ocr_line' id='line_1_115' title="bbox 2241 5036 3738 5135; baseline -0.021 -12"><span class='ocrx_word' id='word_1_913' title='bbox 2241 5072 2299 5123; x_wconf 85' lang='grc' dir='ltr'><strong>ἐν</strong></span> <span class='ocrx_word' id='word_1_914' title='bbox 2342 5070 2455 5131; x_wconf 88' lang='grc' dir='ltr'>τοῖς</span> <span class='ocrx_word' id='word_1_915' title='bbox 2494 5036 2634 5119; x_wconf 42' lang='grc' dir='ltr'>πᾶσι·</span> <span class='ocrx_word' id='word_1_916' title='bbox 2665 5064 2735 5119; x_wconf 83' lang='grc' dir='ltr'>τὰ</span> <span class='ocrx_word' id='word_1_917' title='bbox 2768 5064 2937 5135; x_wconf 76' lang='grc' dir='ltr'>ψευδῆ</span> <span class='ocrx_word' id='word_1_918' title='bbox 2981 5063 3328 5134; x_wconf 67' lang='grc' dir='ltr'>ἀριθμητέον,</span> <span class='ocrx_word' id='word_1_919' title='bbox 3359 5060 3449 5129; x_wconf 72' lang='grc' dir='ltr'><strong>τὴν</strong></span> <span class='ocrx_word' id='word_1_920' title='bbox 3476 5047 3621 5123; x_wconf 74' lang='grc' dir='ltr'>ἀρχὴν</span> <span class='ocrx_word' id='word_1_921' title='bbox 3647 5036 3738 5135; x_wconf 53' lang='grc' dir='ltr'>οὑδξ</span> 
     </span>
    </p>
   </div>
   <div class='ocr_carea' id='block_1_116' title="bbox 2240 5123 3736 5229">
    <p class='ocr_par' dir='ltr' id='par_1_116' title="bbox 2240 5123 3736 5229">
     <span class='ocr_line' id='line_1_116' title="bbox 2240 5123 3736 5229; baseline 0.008 -26"><span class='ocrx_word' id='word_1_922' title='bbox 2240 5163 2386 5216; x_wconf 78' lang='grc' dir='ltr'>δντα,</span> <span class='ocrx_word' id='word_1_923' title='bbox 2435 5123 2498 5213; x_wconf 61' lang='grc' dir='ltr'><strong>ζΟ</strong></span> <span class='ocrx_word' id='word_1_924' title='bbox 2540 5158 2649 5229; x_wconf 83' lang='grc' dir='ltr'><strong>γὰρ</strong></span> <span class='ocrx_word' id='word_1_925' title='bbox 2691 5123 2793 5228; x_wconf 70' lang='grc' dir='ltr'>τὴν</span> <span class='ocrx_word' id='word_1_926' title='bbox 2834 5123 3052 5225; x_wconf 66' lang='grc' dir='ltr'>ἀγάπην</span> <span class='ocrx_word' id='word_1_927' title='bbox 3084 5123 3426 5225; x_wconf 45' lang='grc' dir='ltr'>κατορθῶσαί</span> <span class='ocrx_word' id='word_1_928' title='bbox 3466 5143 3632 5229; x_wconf 41' lang='lat' dir='ltr'><strong>iam?</strong></span> <span class='ocrx_word' id='word_1_929' title='bbox 3665 5123 3736 5180; x_wconf 47' lang='grc' dir='ltr'><strong>καὶ</strong></span> 
     </span>
    </p>
   </div>
   <div class='ocr_carea' id='block_1_117' title="bbox 2244 5225 3735 5326">
    <p class='ocr_par' dir='ltr' id='par_1_117' title="bbox 2244 5225 3735 5326">
     <span class='ocr_line' id='line_1_117' title="bbox 2244 5225 3735 5326; baseline -0.025 -18"><span class='ocrx_word' id='word_1_930' title='bbox 2244 5254 2456 5326; x_wconf 83' lang='grc' dir='ltr'>βέϐαιος</span> <span class='ocrx_word' id='word_1_931' title='bbox 2483 5225 2646 5322; x_wconf 30' lang='grc' dir='ltr'>ἐν-τῇ</span> <span class='ocrx_word' id='word_1_932' title='bbox 2690 5225 2946 5320; x_wconf 81' lang='grc' dir='ltr'>σωτηρίῳ</span> <span class='ocrx_word' id='word_1_933' title='bbox 2984 5247 3163 5300; x_wconf 87' lang='grc' dir='ltr'>πίστει</span> <span class='ocrx_word' id='word_1_934' title='bbox 3193 5249 3258 5317; x_wconf 82' lang='grc' dir='ltr'>τῇ</span> <span class='ocrx_word' id='word_1_935' title='bbox 3284 5244 3405 5316; x_wconf 78' lang='grc' dir='ltr'>περὶ</span> <span class='ocrx_word' id='word_1_936' title='bbox 3436 5237 3537 5297; x_wconf 77' lang='grc' dir='ltr'>ἑνὸς</span> <span class='ocrx_word' id='word_1_937' title='bbox 3557 5225 3735 5326; x_wconf 46' lang='lat' dir='ltr'><strong>tandem:</strong></span> 
     </span>
    </p>
   </div>
   <div class='ocr_carea' id='block_1_118' title="bbox 2241 5316 3731 5414">
    <p class='ocr_par' dir='ltr' id='par_1_118' title="bbox 2241 5316 3731 5414">
     <span class='ocr_line' id='line_1_118' title="bbox 2241 5316 3731 5414; baseline -0.016 -12"><span class='ocrx_word' id='word_1_938' title='bbox 2241 5347 2349 5402; x_wconf 89' lang='grc' dir='ltr'><strong>τῶν</strong></span> <span class='ocrx_word' id='word_1_939' title='bbox 2399 5344 2720 5399; x_wconf 78' lang='grc' dir='ltr'>πιστοῦσθαι</span> <span class='ocrx_word' id='word_1_940' title='bbox 2762 5341 3073 5409; x_wconf 88' lang='grc' dir='ltr'>ἀναγκαίων</span> <span class='ocrx_word' id='word_1_941' title='bbox 3108 5341 3222 5394; x_wconf 88' lang='grc' dir='ltr'>ἐστί</span> <span class='ocrx_word' id='word_1_942' title='bbox 3247 5355 3262 5370; x_wconf 88' lang='grc'><strong>·</strong></span> <span class='ocrx_word' id='word_1_943' title='bbox 3303 5338 3450 5407; x_wconf 78' lang='grc' dir='ltr'>δῆλον</span> <span class='ocrx_word' id='word_1_944' title='bbox 3473 5331 3543 5383; x_wconf 83' lang='grc' dir='ltr'>ὅτι</span> <span class='ocrx_word' id='word_1_945' title='bbox 3576 5316 3650 5372; x_wconf 72' lang='grc' dir='ltr'><strong>καὶ</strong></span> <span class='ocrx_word' id='word_1_946' title='bbox 3680 5323 3731 5414; x_wconf 46' lang='grc' dir='ltr'><strong>τςτ</strong></span> 
     </span>
    </p>
   </div>
   <div class='ocr_carea' id='block_1_119' title="bbox 2243 5417 3732 5505">
    <p class='ocr_par' dir='ltr' id='par_1_119' title="bbox 2243 5417 3732 5505">
     <span class='ocr_line' id='line_1_119' title="bbox 2243 5417 3732 5505; baseline -0.031 -9"><span class='ocrx_word' id='word_1_947' title='bbox 2243 5442 2420 5495; x_wconf 87' lang='grc' dir='ltr'>πάντα</span> <span class='ocrx_word' id='word_1_948' title='bbox 2452 5438 2713 5502; x_wconf 78' lang='grc' dir='ltr'>ἐλπίζειν,</span> <span class='ocrx_word' id='word_1_949' title='bbox 2754 5436 2848 5489; x_wconf 73' lang='grc' dir='ltr'><strong>καὶ</strong></span> <span class='ocrx_word' id='word_1_950' title='bbox 2899 5433 3062 5505; x_wconf 81' lang='grc' dir='ltr'>μηδὲν</span> <span class='ocrx_word' id='word_1_951' title='bbox 3089 5433 3393 5504; x_wconf 85' lang='grc' dir='ltr'>δυναμένων</span> <span class='ocrx_word' id='word_1_952' title='bbox 3427 5417 3732 5505; x_wconf 64' lang='grc' dir='ltr'>ἀγξφάποκει-</span> 
     </span>
    </p>
   </div>
   <div class='ocr_carea' id='block_1_120' title="bbox 2244 5492 3723 5600">
    <p class='ocr_par' dir='ltr' id='par_1_120' title="bbox 2244 5492 3723 5600">
     <span class='ocr_line' id='line_1_120' title="bbox 2244 5492 3723 5600; baseline -0.019 -11"><span class='ocrx_word' id='word_1_953' title='bbox 2244 5492 2375 5588; x_wconf 18' lang='grc' dir='ltr'>σθαι*</span> <span class='ocrx_word' id='word_1_954' title='bbox 2394 5492 2813 5600; x_wconf 53' lang='grc' dir='ltr'>ἀπογινωσκειν,</span> <span class='ocrx_word' id='word_1_955' title='bbox 2844 5492 3055 5590; x_wconf 43' lang='grc' dir='ltr'>ούδεινὸς</span> <span class='ocrx_word' id='word_1_956' title='bbox 3091 5492 3251 5580; x_wconf 70' lang='grc' dir='ltr'>ἄλλου</span> <span class='ocrx_word' id='word_1_957' title='bbox 3279 5525 3310 5596; x_wconf 76' lang='grc' dir='ltr'>ἢ</span> <span class='ocrx_word' id='word_1_958' title='bbox 3341 5518 3425 5576; x_wconf 68' lang='grc' dir='ltr'>τοῦ</span> <span class='ocrx_word' id='word_1_959' title='bbox 3450 5508 3598 5577; x_wconf 75' lang='grc' dir='ltr'>τελείᾳ</span> <span class='ocrx_word' id='word_1_960' title='bbox 3621 5492 3723 5563; x_wconf 80' lang='grc' dir='ltr'><strong>άΥά·</strong></span> 
     </span>
    </p>
   </div>
   <div class='ocr_carea' id='block_1_121' title="bbox 2406 5606 3725 5714">
    <p class='ocr_par' dir='ltr' id='par_1_121' title="bbox 2406 5606 3725 5714">
     <span class='ocr_line' id='line_1_121' title="bbox 2406 5606 3725 5714; baseline -0.025 -4"><span class='ocrx_word' id='word_1_961' title='bbox 2406 5652 2446 5683; x_wconf 76' lang='grc'><strong>³⁸</strong></span> <span class='ocrx_word' id='word_1_962' title='bbox 2482 5649 2628 5707; x_wconf 84' lang='lat' dir='ltr'><strong>Psal.</strong></span> <span class='ocrx_word' id='word_1_963' title='bbox 2652 5662 2817 5714; x_wconf 80' lang='lat' dir='ltr'><strong>cxxx,</strong></span> <span class='ocrx_word' id='word_1_964' title='bbox 2853 5647 2910 5713; x_wconf 81' lang='grc'><strong>’5,</strong></span> <span class='ocrx_word' id='word_1_965' title='bbox 3008 5645 3051 5677; x_wconf 80' lang='grc'><strong>³⁸</strong></span> <span class='ocrx_word' id='word_1_966' title='bbox 3087 5643 3228 5700; x_wconf 84' lang='lat' dir='ltr'><strong>Psal.</strong></span> <span class='ocrx_word' id='word_1_967' title='bbox 3258 5658 3402 5705; x_wconf 78' lang='lat' dir='ltr'><strong>cxtu,</strong></span> <span class='ocrx_word' id='word_1_968' title='bbox 3425 5636 3470 5692; x_wconf 87' lang='lat'><strong>9.</strong></span> <span class='ocrx_word' id='word_1_969' title='bbox 3560 5606 3725 5673; x_wconf 64' lang='grc' dir='ltr'><strong>⁸³Ρε³¹ο</strong></span> 
     </span>
    </p>
   </div>
  </div>
