4046 6152
342 321 481 377 1149

1339 311 1647 370 SELECTA
1680 311 1748 366 IN
1788 304 2123 365 PSALMOS.
2151 309 2223 348 --‘
2253 302 2448 360 PSAL.
2490 299 2578 355 IV.

3456 297 3598 351 “30

337 458 419 515 πῃ
461 439 872 513 κεκοσμημένου
908 440 1067 512 ἔργον
1112 438 1178 493 ἂν
1214 438 1382 507 ὑγιῶς
1426 437 1667 505 λέγοιτο·
1708 435 1803 497 ὡς,
1852 435 1908 486 εἰ,

2028 429 2369 483 mauitestum
2424 437 2545 491 est,
2580 423 2759 477 omnia
2815 433 3073 490 sperare,
3116 418 3356 488 nihilque
3407 433 3595 473 eorum

337 535 905 605 κατακερματίζοντες
924 536 985 587 τὸ
1009 533 1183 586 πάντα
1204 530 1461 595 ἐλπίζειν,
1491 526 1926 600 βουλόμεθαδιη-

336 626 636 695 γήσασθαι,
672 627 927 697 ἐροῦμεν,
967 627 1047 678 ὅτι
1077 623 1480 694 κληρονομῆσαι
1520 620 1795 691 βασιλείαν
1832 618 1923 669 οὐ·

341 718 519 788 ρανῶν
551 718 645 772 καὶ
693 717 1137 790 παρακληθῆναι,
1170 718 1265 771 καὶ
1314 715 1420 768 υἱοὶ
1449 713 1584 766 Θεοῦ
1636 710 1923 781 κληθῆναι,

336 812 433 864 καὶ
479 810 610 864 Θεὸν
643 810 890 880 ὄψεσθαι,
922 811 1016 864 καὶ
1045 807 1516 880 χορτασθήσεσθαι
1544 798 1610 875 ἧς
1646 803 1805 873 πεινᾷ
1833 801 1924 855 καὶ

337 902 470 973 διψᾷ
511 901 876 972 δικαιοσύνης,
919 900 1135 955 καὶτοῦ
1169 899 1376 953 τελείου
1422 896 1573 949 ἐλέου
1617 893 1923 966 μεταλήψε-

342 994 489 1056 σθαι.
521 996 615 1048 καὶ
643 994 977 1060 ἁπαξαπλῶς
1009 995 1066 1047 ἐν
1099 995 1262 1047 πᾶσιν
1291 990 1505 1045 ἔσεσθαι
1537 982 1619 1051 οἷς
1658 983 1918 1056 ἐπηγγεί-

333 1086 469 1140 λατο
492 1088 520 1140 6
550 1086 785 1157 ἀψευδὴς
810 1086 962 1151 Θεὸς,
998 1087 1091 1140 καὶ
1122 1085 1313 1155 Σωτὴρ
1339 1084 1366 1135 6
1396 1080 1597 1151 Κύριος
1623 1077 1776 1149 ήμῶν
1815 1077 1918 1145 ’1η-

336 1177 467 1242 σοῦς
490 1178 742 1249 Χριστός.
771 1198 788 1229 ι
839 1177 1143 1248 Ὀφθαλμὺς
1170 1177 1278 1247 γὰρ
1321 1174 1420 1227 οὐκ
1451 1167 1554 1224 εἶδε
1581 1171 1674 1223 καὶ
1700 1164 1791 1230 οὖς
1817 1166 1916 1219 οὐκ

302 1294 307 1297 -
334 1270 558 1339 ἤκουσε,
583 1271 675 1322 καὶ
708 1271 800 1323 ἐπὶ
828 1269 1051 1341 καρδίαν
1080 1266 1367 1338 ἀνθρώπου
1390 1266 1489 1318 οὐκ
1514 1261 1680 1330 ἀνέϐη
1702 1258 1738 1313 δι
1770 1255 1917 1329 ἡτοίο

339 1379 510 1431 μασεν
536 1364 564 1416 6
582 1362 713 1426 Θεὸς
739 1364 849 1425 τοῖς
869 1360 1157 1430 ἀγαπῶσιν
1183 1359 1367 1413 αὐτόν.
1394 1376 1412 1407 ι

2022 539 2143 592 qua:
2190 522 2398 575 sanctis
2428 516 2696 573 reservari
2734 520 2957 583 possunt
2984 554 2998 577 ,
3032 511 3325 578 desperare
3351 549 3367 575 ,
3401 510 3598 563 nullius

2021 614 2242 666 alterius
2263 627 2396 680 Opus
2423 624 2554 664 sane
2582 607 2684 661 dici
2712 620 2890 673 posse,
2915 619 3076 671 quam
3104 604 3220 671 ejus
3241 602 3329 668 qui
3358 600 3593 669 perfecta

2020 706 2284 759 charitate
2313 702 2574 770 praeditus
2600 707 2718 752 est:
2752 700 2824 749 ita
2858 707 2937 760 ut,
2961 695 3003 749 si
3028 694 3273 747 minutim
3306 693 3597 746 enucleare

2021 796 2269 850 volumus
2297 792 2423 862 quid
2452 793 2523 846 sit
2548 793 2732 845 omnia
2767 802 3005 855 sperare,
3033 786 3227 839 dicturi
3260 785 3431 838 simus
3462 781 3593 835 nihil

2020 887 2163 941 aliud
2188 902 2307 942 esse
2333 899 2494 954 quam
2519 883 2669 951 regni
2695 882 2953 936 cmlorum
2996 879 3364 932 baereditatem
3418 876 3589 938 adire,

2019 978 2445 1035 consolationem
2479 976 2726 1042 accipere
2748 1014 2763 1036 ,
2796 972 2896 1027 lilii
2929 970 3022 1024 Dei
3057 968 3269 1032 vocari,
3301 967 3468 1022 Deum
3507 967 3591 1019 vi-

2019 1071 2166 1135 dere,
2195 1068 2405 1140 justitia
2436 1082 2598 1137 quam
2628 1066 2796 1120 esurit
2818 1075 2872 1117 et
2893 1062 3026 1126 sitit,
3049 1060 3325 1123 exsatiari,
3352 1058 3589 1127 perlecta

2018 1162 2122 1217 frui
2177 1159 2586 1224 misericordia,
2642 1166 2734 1222 ct,
2792 1164 2849 1207 ut
2896 1151 3054 1208 simul
3107 1151 3292 1203 omnia
3355 1150 3591 1202 breviter

2017 1255 2292 1309 absolvam
2323 1295 2336 1317 ,
2392 1254 2444 1306 in
2480 1251 2737 1306 omnibus
2789 1262 2910 1303 esse
2944 1260 3064 1315 quae
3097 1258 3260 1298 verax
3313 1242 3487 1306 Deus,
3534 1251 3591 1294 et

2022 1346 2273 1400 Salvator
2326 1345 2589 1399 Dominus
2624 1351 2809 1397 noster
2835 1339 2992 1394 Jesus
3037 1337 3290 1393 Christus
3319 1334 3585 1404 promisit.

337 1429 587 1511 e0culus
624 1459 769 1510 enim
804 1429 1094 1518 nonvidit,
1127 1469 1229 1508 nec
1263 1453 1411 1508 auris
1428 1452 1654 1516 audivit,
1693 1461 1793 1502 nec
1824 1445 1877 1498 in
1906 1455 2000 1497 cor
2035 1441 2268 1497 hominis
2303 1440 2685 1504 ascenderunt,
2719 1453 2838 1507 qua:
2867 1433 3194 1505 praeparavit
3234 1433 3374 1485 Deus
3407 1431 3471 1485 iis
3495 1429 3586 1498 qui

333 1549 566 1617 diligunt
594 1549 744 1603 illum
777 1550 845 1603 ³⁸.
879 1569 898 1602 ι

408 1613 631 1695 ticam
674 1640 955 1711 λέγουσιο
1010 1642 1105 1707 Τίς
1146 1641 1328 1705 δείξει
1384 1639 1527 1709 ἡμῖν
1568 1637 1639 1691 τὰ
1683 1632 1908 1704 ἀγαθὼ

2087 1622 2249 1677 \‘an.
2279 1621 2332 1676 6.
2369 1621 2525 1675 Multi
2554 1620 2774 1672 dicunt:
2811 1616 2941 1682 Quis
2968 1614 3196 1670 ostendet
3232 1614 3378 1667 nobis
3413 1613 3589 1668 bona?

334 1749 392 1785 κ.
423 1749 472 1784 τ.
505 1732 551 1784 ἐ.
588 1732 648 1785 Οἱ
675 1732 774 1803 μὲν
820 1731 1174 1804 ἀπλούστεροι
1209 1731 1317 1804 (98)
1352 1730 1716 1801 ὑπολήψονται
1751 1726 1909 1793 λέγει

333 1819 459 1873 σθαι
490 1820 742 1885 ἐνταῦθα,
792 1821 895 1885 ὅτι,
934 1820 1042 1873 τῶν
1088 1820 1468 1890 ἀποκειμένων
1502 1821 1559 1872 ἐν
1609 1814 1911 1885 ἐπαγγελίᾳ

333 1911 783 1982 κηρυσσομένων,
817 1914 866 1965 oi
908 1911 1090 1965 πολλοὶ
1131 1911 1402 1980 λέγουσιν,
1455 1911 1559 1975 ὅτι,
1611 1908 1705 1971 Τίς
1736 1905 1911 1959 ταῦτα

329 2004 465 2075 ἡμῖν
508 2003 692 2070 δείξει,
725 2006 819 2059 καὶ
866 2007 924 2059 ἐν
964 2007 1149 2069 αὐτοῖς
1190 2004 1442 2074 γενέσθαι
1476 2003 1724 2073 ποιήσει;
1752 1999 1908 2069 δῆλον

330 2098 418 2150 ὅτι
442 2096 772 2168 πληχθέντες
813 2098 909 2168 μὲν
938 2098 1017 2160 ὡς
1050 2098 1178 2169 περὶ
1207 2096 1441 2167 ἀληθῶν,
1473 2096 1567 2149 καὶ
1593 2091 1908 2166 ὀρεχθέντες

327 2188 530 2253 αὐτῶν,
566 2187 657 2241 διὰ
691 2188 749 2241 δὲ
787 2188 885 2259 τὴν
916 2186 1200 2241 ἀσθένειαν
1246 2188 1346 2258 τὴν
1393 2185 1738 2257 ἀνθρωπίνην
1768 2180 1909 2236 κατὰ

331 2280 506 2335 πολλὰ
536 2281 644 2334 τῶν
675 2282 1136 2353 ἁμαρτανομένων
1177 2282 1236 2333 οὐ
1270 2282 1411 2335 πάνυ
1446 2298 1497 2334 τι
1536 2280 1718 2341 αὐτοῖς
1744 2275 1905 2329 δεδω-

328 2370 488 2435 κότες
516 2371 578 2426 τὸ
605 2372 828 2442 ὄψεσθαι
859 2372 996 2426 αὐτὰ
1029 2373 1122 2426 καὶ
1150 2374 1207 2424 ἐν
1232 2373 1414 2438 αὐτοῖς
1439 2371 1715 2443 ζήσεσθαι.
1755 2370 1908 2421 ’Ἑτε-

335 2480 418 2532 ροι
458 2462 515 2515 δὲ
565 2462 708 2518 οὕτω
746 2463 1097 2535 διηγήσονται
1143 2465 1205 2518 τὸ
1240 2464 1551 2535 λεγόμενον,
1603 2464 1685 2516 ὅτι
1731 2461 1799 2514 τὰ
1849 2462 1906 2515 ἐν

330 2556 634 2629 ἐπαγγελίᾳ
659 2559 1122 2630 ἀναγεγραμμένα
1145 2561 1255 2623 τοῖς
1288 2559 1561 2622 ἐκλεκτοῖς
1587 2555 1906 2628 δοθήσεσθαι

324 2649 391 2701 οὐ
416 2648 558 2703 πάνυ
593 2650 645 2702 τί
677 2652 793 2704 ἐστι
830 2650 1014 2719 σαφῶς
1041 2651 1135 2703 καλ⁴
1174 2650 1388 2720 τρανῶς
1417 2649 1653 2704 συνιέναι
1688 2647 1760 2719 μὴ
1787 2648 1907 2718 οὐχὶ

328 2741 528 2810 σοφοὺς
567 2757 765 2811 γεγενπ
778 2742 968 2805 μένους
986 2759 1001 2772 ο
1042 2736 1152 2795 οἷον
1178 2742 1262 2804 τίς
1292 2743 1324 2813 ή
1367 2740 1439 2810 γῆ
1468 2742 1533 2811 ἣν
1565 2739 1904 2812 κληρονομή-

331 2848 515 2889 σουσιν
546 2836 593 2888 οἱ
624 2836 820 2907 πραεῖς
840 2852 853 2864 ·
886 2836 978 2888 καὶ
1000 2835 1052 2887 τί
1077 2835 1138 2887 τὸ
1163 2835 1564 2906 κληρονομῆσαι
1591 2832 1759 2904 αὐτὴν
1791 2848 1906 2900 νοη-

325 2924 470 2989 τὲον,
510 2924 543 2996 ἦ
574 2924 627 2977 τί
666 2925 727 2978 τὸ
764 2924 853 2978 διὰ
882 2924 978 2997 τὴν
1010 2924 1354 2994 καθαρότητα
1387 2924 1484 2993 τῆς
1516 2921 1741 2993 καρδίας
1781 2920 1906 2989 ὅψε-

326 3018 452 3071 σθαι
478 3017 610 3071 Θεὸν
639 3018 869 3091 ἀόρατον
886 3019 1239 3089 τυγχάνοντα,
1265 3016 1322 3070 ὃν
1353 3016 1525 3079 οὐδεὶς
1550 3015 1760 3088 ἑώρακε
1787 3012 1900 3067 πώ-

325 3128 460 3163 ποτε
480 3126 498 3143 ο
532 3111 675 3174 τίνος
703 3111 759 3164 δὲ
784 3111 1066 3182 γινομένου
1090 3111 1182 3165 καὶ⁴
1213 3108 1471 3163 ποταπῶν
1501 3108 1903 3180 συμϐαινόντων

324 3202 378 3253 oi
429 3201 523 3253 ἐπὶ
572 3200 663 3255 τοῦ
703 3201 964 3274 παρόντος
1001 3198 1320 3264 πενθοῦντες
1369 3199 1592 3271 ὕστερον
1621 3196 1903 3271 παρακλη-

327 3291 618 3363 θήσονται·
670 3294 752 3357 τίς
785 3293 839 3346 δὲ
869 3293 963 3347 καὶ
994 3292 1211 3364 ποταπὴ
1260 3295 1293 3364 ή
1329 3291 1571 3362 βασιλεία
1603 3290 1711 3344 τῶν
1739 3290 1874 3362 οὐρα

324 3385 453 3439 νῶν.
501 3386 690 3441 Πολλοὶ⁵
720 3382 813 3441 οὖν
846 3386 1132 3450 ἀκούοντες
1180 3386 1247 3440 τὰ
1277 3385 1741 3456 ἀναγεγραμμένα
1765 3385 1902 3452 ἀγαι-

324 3475 395 3529 θέι
427 3475 735 3547 βυυλὸμενοι
766 3477 905 3531 αὐτὰ
928 3480 993 3549 τῇ
1028 3476 1233 3548 διανοίᾳ
1273 3476 1569 3529 θεάσασθαι
1597 3476 1689 3528 καὶ
1722 3474 1898 3528 συνιέ-

322 3584 433 3629 ναι,
462 3567 679 3636 λέγουσι
708 3569 790 3632 τὸ,
829 3588 847 3620 ι
884 3568 980 3633 Τίς
1009 3568 1160 3622 ἔσται
1193 3571 1221 3622 6
1255 3568 1443 3633 δείξων
1477 3570 1604 3638 ἡμῖν
1637 3566 1848 3637 ἀγαθᾴ;
1872 3585 1893 3619 ι

324 3660 569 3723 Σπάνιος
592 3660 701 3733 γὰρ
729 3660 943 3734 ἀληθῶς
969 3664 998 3715 6
1027 3661 1322 3731 δυνάμενος
1352 3659 1643 3723 δεικνύναι,
1683 3659 1758 3722 ὡς
1783 3658 1901 3728 διη-

325 3752 636 3824 γησάμεθα,
672 3754 739 3807 τὰ
764 3752 965 3822 ἀγαθὰ,
1000 3753 1182 3815 ὁποῖος
1211 3752 1240 3802 6
1274 3748 1480 3812 Παῦλος
1513 3744 1580 3817 ἦν
1608 3748 1899 3823 δυνάμενος

324 3844 466 3897 αὐτὰ
497 3845 639 3917 λόγῳ
672 3846 1040 3917 παραστῆσαι,
1074 3844 1148 3908 ῶς
1176 3842 1307 3913 φησι
1333 3859 1436 3894 που
1468 3840 1551 3894 τοο
1583 3859 1602 3891 ι
1624 3840 1814 3910 Ἡμεῖς
1843 3839 1900 3892 δὲ

323 3935 450 3988 νοῦν
498 3936 732 4008 Χριστοῦ
785 3936 1001 4009 ἔχομεν,
1046 3936 1131 3990 ἵνα
1163 3935 1358 4006 ἴδωμεν
1375 3934 1443 3987 τὰ
1478 3934 1587 3987 ἀπὸ
1627 3933 1719 3987 τοῦ
1763 3930 1898 3985 θεοῦ

323 4024 657 4098 χαρισθέντα
705 4028 856 4098 ἡμῖν,
900 4027 936 4082 ἃ
981 4027 1074 4082 καὶ
1099 4026 1361 4098 λαλοῦμεν
1408 4027 1509 4079 οὐκ
1546 4028 1604 4079 ἐν
1633 4025 1900 4088 διδακτοῖς

323 4117 668 4190 ἀνθρωπίνης
698 4119 889 4189 σοφίας
915 4120 1111 4189 λόγοις,
1140 4119 1252 4172 ἀλλ’
1278 4121 1335 4173 ἐν
1360 4118 1625 4180 διδακτοῖς
1657 4116 1900 4186 πνεύμα-

321 4224 433 4273 τος,
470 4209 811 4280 πνευματικὰ
840 4214 1228 4283 πνευματικοῖς
1260 4210 1688 4282 συγκρίνοντες.ι
1728 4209 1900 4279 Τετη-

325 4301 571 4373 ρήκαμεν
603 4302 861 4367 πολλάκις
901 4303 983 4368 τὸ,
1025 4322 1043 4354 ι
1065 4304 1169 4368 τίς,
1194 4323 1213 4356 ι
1256 4305 1314 4357 ἐν
1345 4305 1409 4375 τῇ
1450 4304 1638 4374 Γραφῇ
1672 4303 1765 4353 ἐπὶ
1802 4300 1895 4354 τοῦ
1931 4334 1975 4390 D

323 4393 549 4446 σπανίου
583 4395 933 4466 τεταγμένον,
967 4393 1153 4466 ὥσπερ
1183 4396 1239 4447 ἐν
1270 4394 1376 4465 τῷ·
1415 4414 1434 4446 ι
1456 4395 1551 4458 Τίς
1585 4395 1771 4459 πιστὸς
1805 4395 1899 4447 καὶ

324 4484 584 4556 φρόνιμος
615 4486 927 4557 οἰκονόμος;
955 4503 974 4536 ι
1020 4486 1135 4538 καί·
1177 4504 1197 4535 ι
1220 4485 1315 4550 Τίς
1348 4486 1508 4554 σοφὸς
1544 4486 1638 4539 καὶ
1681 4486 1900 4557 συνήσει

323 4576 527 4641 natura;
556 4595 574 4627 ι
626 4577 743 4630 καί·
790 4594 810 4628 ι
838 4576 1031 4647 Κύριε,
1081 4576 1164 4639 τίς
1216 4576 1628 4648 κατασκηνώσει
1681 4579 1739 4631 ἐν
1783 4577 1901 4648 ὄρει

321 4661 460 4732 ἁγίῳ
490 4679 615 4728 σου;
640 4682 658 4713 ι
695 4661 881 4725 Οὕτως
920 4666 1013 4716 καὶ⁹
1044 4664 1230 4718 ἐνθάδε
1259 4665 1477 4735 λέγεται
1505 4668 1590 4736 τὸ,
1629 4686 1648 4720 ι
1669 4667 1764 4733 Τίς
1793 4668 1901 4722 δεί-

321 4754 397 4819 ξει
426 4757 556 4826 ήμῖν
588 4755 656 4808 τὰ
690 4754 905 4823 ἀγαθάς
932 4774 950 4806 ι

332 4846 433 4899 Ἐκ
482 4846 590 4899 τοῦ
634 4847 816 4919 τόμοι)
863 4846 983 4900 τῶν
1012 4850 1099 4915 εὶς
1142 4850 1250 4902 τὸν
1292 4849 1340 4902 δ’
1383 4852 1627 4919 ψαλμὸν
1673 4853 1761 4916 εἰς
1806 4852 1896 4905 τό’
1934 4856 1942 4866 '

392 4934 412 4966 ι
447 4916 667 4970 Πολλοὶ
681 4918 927 4986 λέγουσι
951 4935 964 4946 ’
977 4920 1086 4984 ,Τίς
1105 4919 1285 4983 δείξει
1300 4916 1444 4988 ἡμῖν
1459 4916 1532 4974 τᾶ
1550 4920 1741 4990 ἀγαθά
1761 4937 1779 4986 ;
1802 4941 1821 4974 ι

390 5006 598 5078 Πολλῆς
630 5008 780 5079 παρὰ
807 5011 918 5072 τοῖς
948 5009 1253 5081 ἀνθρώποις
1296 5009 1571 5082 ζητήσεως
1604 5012 1897 5083 τυγχανού-

2010 1726 2118 1771 etc.
2168 1715 2538 1785 Simpliciores
2584 1710 2970 1767 existimabunt
3025 1708 3183 1778 hujus
3232 1707 3331 1761 loci
3366 1721 3585 1761 sensum

2009 1822 2130 1863 esse
2158 1847 2174 1873 ,
2218 1807 2416 1862 multos
2441 1849 2455 1874 ,
2492 1822 2616 1861 eum
2658 1804 2923 1873 promissa
2960 1802 3364 1855 annuneiantur
3399 1799 3538 1854 bona
3565 1840 3582 1864 ,

2010 1901 2211 1966 dicere,
2233 1898 2368 1966 Quis
2394 1899 2511 1952 haec
2540 1898 2696 1952 nobis
2726 1898 2993 1959 ostendet,
3023 1903 3078 1948 et
3109 1909 3208 1949 nos
3235 1894 3288 1946 in
3321 1893 3424 1947 illis
3455 1908 3587 1947 cono

2008 1993 2229 2048 stituet?
2261 2007 2449 2046 eorum
2484 1991 2736 2044 videlicet
2770 2001 3026 2058 tauquam
3056 2001 3308 2041 verorum
3347 1986 3585 2039 admira-

2011 2085 2155 2137 tione
2186 2081 2485 2151 perculsos,
2512 2091 2565 2132 et
2596 2067 2657 2132 ea
2685 2085 3058 2146 percptantes,
3094 2075 3189 2128 sed
3222 2082 3443 2143 pr0pter
3476 2074 3583 2125 hu-

2007 2190 2223 2230 manam
2252 2173 2697 2235 imbecillitatem,
2721 2186 2842 2237 qua:
2862 2184 2929 2224 ex
2958 2177 3305 2239 peccatorum
3338 2166 3583 2220 multitu-

2006 2272 2131 2324 dine
2159 2270 2355 2334 oritur,
2388 2266 2490 2321 sibi
2534 2280 2638 2320 non
2674 2261 3052 2327 ﬁdentes,l'ore
3096 2268 3155 2312 ut
3184 2274 3246 2314 ea
3270 2259 3492 2312 videant
3525 2266 3583 2311 et

2007 2361 2059 2414 in
2092 2360 2196 2413 illis
2224 2358 2427 2412 vivant.
2477 2355 2585 2409 Alii
2617 2368 2745 2407 vero
2777 2353 2919 2421 quod
2949 2350 3150 2405 dicitur
3175 2388 3190 2414 ,
3220 2349 3300 2404 sic
3338 2349 3583 2417 explica-

2000 2448 2159 2512 bunt,
2189 2464 2295 2503 non
2324 2446 2546 2500 omnino
2575 2440 2873 2512 posse,nisi
2905 2456 2933 2493 a
2967 2437 3325 2507 sapientibus,
3345 2436 3495 2490 clare
3526 2445 3580 2490 et
3612 2425 3616 2429 ’

2006 2547 2192 2607 aperte
2218 2536 2468 2607 ‘intelligi
2503 2535 2631 2603 quid
2665 2531 2776 2587 sint
2811 2529 2903 2583 illa
2930 2528 3073 2582 bona
3103 2542 3223 2595 qua:
3268 2540 3363 2593 per
3392 2540 3583 2594 repro-

2007 2631 2315 2683 missionem
2370 2632 2633 2696 scriptutn
2680 2634 2766 2679 est
2810 2622 3017 2677 electis
3044 2621 3227 2675 datum
3271 2619 3378 2674 iri:
3430 2618 3579 2673 verbi

2005 2725 2196 2793 gratia,
2229 2738 2475 2792 quaenam
2507 2720 2578 2774 sit
2606 2728 2748 2773 terra
2776 2731 2940 2786 quam
2965 2714 3367 2769 haereditabuut
3397 2711 3578 2775 mites,

2005 2816 2134 2883 quid
2167 2814 2503 2870 hazreditatis
2534 2811 2754 2865 nomine
2785 2806 3195 2877 intelligendum
3229 2804 3319 2867 sit,
3351 2803 3478 2871 quid
3500 2803 3581 2857 sit

2006 2917 2225 2977 prepter
2252 2907 2429 2961 cordis
2472 2903 2760 2972 puritatem
2803 2898 2989 2953 videre
3022 2897 3188 2951 Deum
3225 2894 3576 2959 iuvisibilem,

2006 3014 2163 3069 quem
2200 3014 2357 3054 nemo
2385 2997 2519 3050 vidit
2543 3008 2781 3062 unquam
2806 3010 2820 3046 :
2845 2992 3000 3060 cujus
3031 2989 3105 3044 rei
3135 3003 3318 3053 causa,
3353 2987 3578 3059 quibus-

2005 3109 2069 3148 ve
2103 3092 2261 3146 factis
2289 3131 2304 3158 ,
2358 3092 2451 3160 qui
2482 3102 2629 3142 nunc
2656 3087 2858 3156 lugent,
2893 3093 3080 3154 postea
3111 3082 3223 3136 sint
3248 3080 3581 3135 consolatio-

2004 3200 2126 3239 nem
2154 3184 2462 3250 accepturi:
2493 3183 2637 3250 quod
2664 3181 2814 3245 item,
2841 3187 2896 3230 et
2919 3175 3077 3246 quale
3106 3175 3179 3229 sit
3210 3188 3437 3241 regnum
3462 3185 3577 3226 eos-

2004 3275 2198 3330 lorum.
2237 3272 2385 3326 Multi
2409 3286 2539 3342 ergo
2574 3271 2856 3325 audientes
2886 3282 3006 3336 quae
3039 3266 3092 3319 in
3126 3263 3426 3334 Scripturis
3453 3277 3578 3332 pro-

2001 3366 2165 3429 missa
2206 3373 2331 3420 sunt
2380 3363 2561 3429 bona,
2606 3369 2662 3415 et
2713 3367 2965 3429 optantes
3017 3370 3079 3411 ea
3131 3356 3490 3424 intelligentia
3530 3365 3581 3409 ει

2001 3467 2184 3511 mente
2234 3453 2534 3524 percipere,
2587 3452 2773 3507 dicunt
2816 3468 2831 3504 :
2887 3469 2906 3502 ι
2955 3449 3084 3516 Quis
3121 3449 3372 3504 ostendet
3420 3447 3578 3501 nobis

2000 3543 2161 3618 565
2179 3543 2354 3599 bona?
2380 3563 2400 3596 ι
2428 3542 2592 3597 Pauci
2622 3543 2764 3596 enim
2790 3549 2916 3594 sunt
2943 3541 3055 3609 qui,
3080 3548 3140 3594 ut
3168 3540 3421 3601 diximus,
3453 3554 3581 3606 pos-

1999 3640 2108 3693 sint
2135 3633 2418 3692 ostendere
2448 3632 2607 3700 buna,
2638 3632 2703 3686 ad
2729 3632 2898 3685 instar
2914 3629 3086 3696 Pauli,
3106 3630 3195 3698 qui
3219 3645 3280 3683 ea
3306 3632 3469 3682 verbo
3497 3644 3581 3683 re-

1999 3739 2327 3798 praesentare
2357 3736 2592 3796 poterat,
2650 3733 2707 3778 ut
2750 3721 2947 3778 alicubi
2989 3721 3122 3777 dicit
3154 3720 3199 3755 ²⁶
3233 3735 3248 3775 :
3286 3739 3310 3775 ι
3344 3720 3452 3777 Nos
3476 3738 3575 3775 au-

2000 3830 2108 3874 tem
2139 3834 2356 3874 sensum
2381 3819 2581 3874 Christi
2610 3816 2900 3881 habemus,
2928 3825 2986 3868 ut
3010 3815 3251 3869 sciamus
3274 3829 3439 3883 qutea
3467 3815 3576 3869 Deo

1999 3911 2197 3963 donata
2243 3920 2370 3963 sunt
2400 3909 2579 3972 nobis,
2612 3922 2732 3976 quae
2769 3916 2825 3960 et
2859 3906 3134 3974 loquimur
3167 3920 3271 3959 non
3312 3906 3367 3958 in
3402 3906 3578 3961 doctis

1998 4000 2246 4054 humana:
2278 3999 2559 4069 sapientiae
2590 3997 2792 4061 verbis,
2821 3996 2916 4050 sed
2950 3997 3004 4050 in
3036 3995 3281 4051 doctrina
3314 3996 3572 4066 spiritus,

1999 4092 2369 4161 spiritualibus
2397 4090 2699 4155 spiritualia
2730 4099 3161 4157 comparantes.»
3198 4088 3353 4157 Saepe
3396 4099 3574 4142 autem

1997 4184 2404 4239 observavimus
2428 4182 2555 4238 illud
2575 4221 2591 4247 ,
2618 4203 2636 4232 ι
2666 4181 2812 4250 quis,
2838 4200 2857 4233 ι
2895 4182 2947 4234 in
2970 4195 3147 4235 rerum
3180 4180 3401 4234 raritate
3419 4195 3577 4234 usur-

2002 4274 2155 4342 pari,
2191 4283 2247 4328 ut
2281 4290 2403 4328 cum
2444 4273 2644 4327 dicitur
2677 4272 2721 4303 ³⁷
2757 4286 2774 4326 :
2813 4290 2831 4323 ι
2883 4270 3012 4337 Quis
3046 4271 3221 4326 ﬁdelis
3248 4282 3302 4325 et
3338 4271 3575 4338 prudens

2000 4366 2369 4434 dispensator?
2393 4382 2411 4415 ι
2433 4376 2489 4420 et
2513 4363 2580 4431 ³⁸,
2597 4378 2616 4411 ι
2638 4363 2770 4430 Quis
2799 4365 3012 4432 sapiens
3028 4371 3081 4416 et
3105 4363 3363 4432 intelliget
3381 4364 3491 4416 haec
3508 4362 3532 4415 ?
3547 4381 3569 4414 ο

1999 4470 2055 4513 et
2077 4457 2142 4524 ⁸³,
2166 4475 2185 4508 ι
2210 4457 2452 4519 Domine,
2470 4456 2592 4525 quis
2608 4455 2909 4524 requiescet
2930 4454 2982 4507 in
3004 4463 3186 4508 monte
3204 4466 3396 4507 sancto
3413 4453 3529 4507 tuo?
3548 4472 3566 4504 ι

2003 4550 2096 4605 Sic
2129 4559 2185 4605 et
2211 4550 2302 4605 hic
2330 4547 2527 4604 dicitur
2561 4563 2577 4602 :
2612 4565 2629 4599 ι
2655 4546 2784 4613 Quis
2801 4547 3048 4602 ostendet
3076 4545 3231 4601 nobis
3265 4543 3441 4599 bona?
3476 4563 3495 4597 ι

2005 4844 2243 4902 Extomo
2265 4846 2319 4900 in
2346 4856 2587 4918 quartum
2616 4846 2898 4917 psalmum,
2929 4847 2997 4900 ad
3030 4845 3124 4900 illa
3154 4845 3342 4900 verba:
3367 4864 3383 4897 ι
3412 4844 3571 4900 Multi

2262 4918 2466 4981 dicunt,
2501 4918 2632 4981 Quis
2656 4921 2885 4970 ostendet
2914 4918 3060 4970 nobis
3094 4918 3270 4970 bona?
3300 4935 3320 4969 ι

2072 5008 2208 5063 Cum
2245 5009 2297 5063 in
2328 5024 2522 5079 magna
2563 5009 2933 5063 controversia
2975 5018 3027 5063 et
3066 5010 3413 5064 contentione
3451 5024 3572 5064 ver-

320 5119 421 5171 οης
450 5102 578 5171 περὶ
609 5100 724 5164 τοῦ,
751 5101 871 5155 τίνα
894 5102 962 5155 τὰ
993 5102 1193 5171 ἀγαθὰ,
1235 5104 1329 5156 καὶ
1353 5102 1473 5157 τίνα
1503 5104 1572 5158 τὰ
1604 5104 1770 5168 κακὰ,
1801 5108 1895 5160 καὶ

2007 5114 2171 5168 setur,
2207 5120 2449 5174 quaenam
2487 5104 2625 5158 bona
2654 5114 2710 5159 et
2737 5119 2983 5172 quaenam
3015 5103 3151 5156 mala
3181 5105 3322 5170 sint;
3347 5114 3402 5157 ct
3429 5120 3568 5158 nou-

320 5191 479 5247 τινῶν
507 5193 608 5264 μὲν
637 5194 975 5266 ἀπροαίρετα
1006 5191 1143 5249 εἶναι
1174 5194 1439 5264 λεγόντων
1467 5195 1541 5248 τὰ
1566 5195 1765 5265 ἀγαθὰ,
1797 5199 1892 5250 καὶ

2007 5179 2134 5249 nulli
2162 5194 2447 5259 aﬂittment,
2481 5211 2581 5251 nec
2609 5197 2775 5260 bona,
2805 5212 2901 5251 nec
2939 5195 3075 5249 mala
3101 5196 3385 5249 arbitraria
3414 5209 3568 5259 esse;

320 5286 390 5338 τὶ
432 5286 578 5340 κακά
600 5303 614 5316 ⁸
660 5286 902 5356 ὡσπερεὶ
933 5286 1032 5358 τὴν
1059 5286 1257 5359 ἡδονὴν.
1285 5286 1486 5356 ἀγαθὸν
1532 5287 1898 5358 ἀποφαινομέ-

2007 5297 2186 5355 utpote
2223 5287 2313 5356 qui
2345 5288 2673 5357 voluptatem
2710 5289 2929 5352 bonum,
2966 5288 3164 5341 tnalum
3194 5302 3321 5341 vero
3347 5288 3396 5339 id
3426 5289 3570 5356 quod

319 5391 446 5442 νων,
480 5377 649 5431 κακὸν
677 5376 735 5431 δὲ
767 5378 826 5431 τὸ
858 5380 1092 5450 πονηρόν
1111 5397 1124 5410 ·
1155 5379 1355 5452 ἐτέρων
1383 5378 1439 5432 δὲ
1470 5381 1527 5431 ἐν
1553 5379 1734 5449 μόνοις
1765 5397 1896 5450 προ-

2007 5376 2282 5433 molestum
2331 5389 2450 5440 est,
2502 5380 2884 5446 pronuntient;
2925 5378 3016 5432 alii
3058 5393 3186 5433 vero
3230 5378 3283 5431 in
3325 5378 3391 5431 iis
3437 5378 3568 5432 solis

320 5473 611 5540 αιρετικοῖς
637 5471 1066 5526 κατακλειόντων
1096 5472 1166 5526 τὰ
1197 5471 1374 5541 ἀγαθὰ
1394 5470 1573 5525 καὶτὰ
1599 5471 1743 5525 κακά
1760 5489 1772 5501 ·
1804 5474 1895 5525 καὶ

2007 5486 2115 5540 qua:
2145 5470 2316 5524 libere
2350 5470 2726 5541 suscipiuntur
2758 5472 2895 5526 bona
2924 5480 2977 5525 et
3007 5471 3148 5524 mala
3174 5469 3476 5535 includunt;
3512 5481 3567 5526 et

320 5561 414 5623 τὶς
450 5560 547 5629 μὲν
575 5560 795 5633 ἀρετὰς,
827 5562 919 5614 καὶ
946 5562 1042 5625 τὰς
1085 5562 1205 5615 κατ’
1248 5560 1416 5625 αὐτὰς
1467 5560 1690 5625 πράξεις
1728 5561 1892 5632 μόνας

2007 5564 2232 5617 virtutes
2258 5562 2474 5630 quidem
2515 5578 2814 5631 earumque
2848 5564 3090 5617 actiones
3122 5562 3265 5617 solas
3290 5561 3427 5618 bona
3466 5577 3562 5617 vo-

392 5672 436 5703 ³⁸
467 5671 630 5728 lCor.
663 5688 724 5737 ιι,
757 5673 809 5728 9.
886 5675 932 5706 ³⁸
965 5674 985 5727 l
1019 5676 1143 5728 Cor.
1199 5691 1259 5741 ιι,
1316 5675 1383 5730 16
1425 5686 1479 5729 et
1529 5674 1617 5729 12.
1694 5675 1735 5706 ³⁷
1766 5674 1908 5727 Mattl

2007 5691 2148 5739 xxiv,
2180 5675 2270 5730 45.
2346 5675 2390 5706 ³⁸
2422 5674 2515 5730 Ps.
2542 5691 2650 5738 cvi,
2675 5678 2764 5731 45.
2839 5678 2882 5710 ’9
2910 5677 2995 5731 Ps.
3033 5692 3143 5741 xtv,
3172 5680 3222 5734 l.

398 5766 507 5839 (9S)
533 5770 596 5822 Οἱ
615 5766 733 5836 μὲν
758 5769 1178 5839 ἁπλούστεραί,
1211 5782 1315 5827 etc.
1345 5770 1518 5827 Codd.
1553 5769 1689 5839 Roe,
1714 5767 1908 5826 Baroec

2007 5770 2202 5827 scbedae
2230 5770 2565 5836 Combetisii,
2594 5772 2775 5827 Daniel
2802 5771 3095 5828 Barbarus.
