4046 6152
537 259 674 317 lilii

1925 253 2016 310 EX
2053 251 2353 308 ORIGENE

3740 251 3854 311 “3‘3

531 382 678 438 cent,
709 377 840 424 vntta
857 375 1036 422 autem
1072 375 1130 421 et
1162 364 1389 420 vitiosas
1411 366 1656 421 actiones
1686 366 1823 421 mala
1850 384 1865 422 :
1891 369 2110 422 tertium

2228 365 2394 434 ἱιγαθὰ
2415 365 2684 436 λεγόντων
2709 383 2723 398 ·
2760 367 2856 431 τὰς
2875 366 2932 420 δὲ
2958 369 3166 431 κακίας
3200 368 3318 421 καὶ
3343 365 3460 428 τὰς
3493 362 3644 418 κατὰ
3676 367 3855 419 κακίαν

531 472 711 516 autem
740 461 812 514 sit
839 473 1010 528 genus
1035 472 1223 512 eorum
1259 458 1350 526 qui
1383 457 1501 511 haec
1533 457 1906 524 permiscent,
1938 469 1994 512 et
2033 459 2110 512 si—

532 554 643 608 mul
686 553 832 606 inter
863 549 1154 604 arbitraria
1183 555 1240 602 et
1273 563 1378 604 non
1419 549 1702 602 arbitraria
1741 563 1860 605 esse
1889 549 2027 603 bona
2057 559 2116 603 et

530 643 672 698 mala
703 642 910 702 dicunt.
945 640 1333 710 probabilitate
1366 641 1573 695 inducti
1607 639 1850 710 plerique
1879 641 2111 696 fidelium

530 733 771 789 discendi
799 733 1001 801 cupidi,
1035 734 1101 788 ad
1135 734 1314 788 locum
1343 735 1411 788 de
1437 734 1592 788 bonis
1617 735 1812 788 merito
1835 734 2110 788 dixerint:

535 827 697 895 «Quis
708 828 958 882 ostendet
976 826 1132 881 nobis
1148 825 1322 880 bona?
1343 844 1363 878 ι
1395 823 1655 880 Naturam
1672 824 2112 895 igitnrbonorum

528 935 652 975 eam
677 935 822 984 esse,
853 928 912 972 ut
943 919 1113 972 libere
1143 915 1347 987 suscipi
1375 926 1470 970 aut
1497 916 1672 970 omitti
1703 915 1930 985 possint,
1955 931 2115 972 nemo

528 1013 623 1082 qui
674 1011 862 1080 judicii
915 1010 1182 1064 rationem
1243 1007 1518 1075 admittat,
1577 1009 1778 1062 audeat
1833 1007 2112 1073 dubitare;

530 1105 731 1160 bonum
787 1103 988 1172 quippe
1046 1102 1125 1155 ait
1167 1115 1324 1164 esse,
1376 1099 1466 1154 ubi
1527 1097 1723 1169 aliquis
1783 1099 1966 1154 audiet
2012 1098 2113 1155 λοι

538 1216 556 1248 ι
580 1195 746 1266 Euge,
763 1210 920 1250 serve
942 1195 1083 1250 bone
1103 1201 1156 1249 et
1170 1191 1362 1254 fidelis.
1379 1195 1724 1263 superjpauca
1749 1192 1898 1248 fuisti
1920 1193 2116 1260 fidelis,

532 1306 694 1360 super
725 1290 886 1342 multa
920 1297 974 1342 te
999 1287 1327 1342 constituam
1374 1301 1390 1338 :
1437 1285 1722 1354 ingredere
1761 1285 1814 1339 in
1859 1287 2116 1356 gaudium

531 1381 736 1434 domini
790 1381 886 1433 tui.
947 1399 966 1431 ι
1015 1379 1082 1433 Et
1123 1379 1320 1433 bonum
1344 1387 1446 1440 est,
1475 1378 1619 1448 quod
1647 1394 1676 1431 a
1709 1379 1824 1432 viro
1856 1379 2018 1443 bono,
2051 1395 2114 1434 ex

531 1474 718 1534 corde,
757 1481 816 1525 ut
847 1469 1108 1526 Servator
1127 1470 1226 1534 ait,
1255 1469 1530 1540 profertur
1561 1469 1605 1501 ἰι
1645 1488 1660 1524 ι
1700 1489 1720 1522 ι
1748 1468 1928 1526 Bonus
1956 1472 2120 1528 homo

531 1582 596 1620 cx
629 1565 772 1620 bono
803 1565 1059 1619 thesauro
1087 1563 1270 1618 cordis
1301 1564 1384 1617 sui
1421 1560 1634 1630 profert
1667 1562 1830 1618 bona.
1881 1583 1901 1616 ι
1941 1565 2120 1634 Atque

532 1669 596 1712 ut
640 1657 809 1713 semel
855 1657 1032 1710 dicam
1061 1696 1076 1720 ,
1125 1657 1308 1711 oninis
1342 1655 1552 1710 fructus
1583 1655 1796 1710 arboris
1825 1656 1999 1722 bonae,
2026 1658 2116 1728 qui

533 1750 706 1805 libere
730 1749 932 1818 suscipi
963 1757 1162 1816 potest,
1197 1749 1397 1802 bonum
1421 1755 1546 1814 est;
1579 1757 1636 1801 ut
1665 1749 1939 1814 Charitas,
1975 1763 2076 1818 pax
2103 1789 2118 1815 ,

533 1842 809 1912 gaudium,
859 1841 1144 1910 patientia,
1203 1839 1510 1910 benignitas
1557 1849 1614 1895 et
1658 1840 1897 1906 bonitas,
1945 1841 2117 1908 ﬁdes,

535 1935 910 2000 mansuetudo,
947 1933 1282 1987 continentia
1308 1949 1322 1996 ;
1353 1933 1436 1986 his
1465 1947 1594 1988 vero
1624 1935 1920 1996 contraria,
1953 1933 2115 1989 mala.

535 2030 618 2082 An
647 2043 776 2082 vero
814 2027 980 2081 etiam
1031 2041 1098 2080 ex
1144 2023 1344 2080 Christi
1392 2024 1640 2081 doctrina
1679 2027 1880 2096 aliquid
1919 2027 2120 2081 bonum

534 2122 648 2186 sit,
683 2130 738 2175 et
768 2120 970 2174 malum
995 2157 1011 2184 ,
1048 2119 1102 2172 in
1139 2119 1206 2172 iis
1249 2133 1369 2186 qua:
1414 2117 1578 2172 libera
1629 2133 1734 2171 non
1765 2129 1910 2184 sunt,
1947 2120 2118 2174 disce-

537 2212 795 2282 ptandum
821 2220 940 2275 est;
973 2220 1030 2265 et
1057 2227 1124 2264 an
1157 2215 1354 2264 bonum
1379 2208 1606 2278 aliquid,
1633 2210 1943 2263 antmalum
1973 2213 2046 2266 sit
2068 2213 2120 2265 in

538 2307 608 2360 iis
633 2320 754 2374 quae
782 2319 888 2358 non
917 2303 1086 2359 libera
1119 2312 1247 2358 sunt
1270 2342 1285 2368 ,
1315 2311 1374 2356 ut
1409 2312 1594 2369 postea
1621 2302 1876 2370 expensis
1904 2311 1960 2357 ct
1991 2317 2124 2358 esa-

539 2399 759 2453 minatis
787 2398 914 2462 illis,
940 2398 1312 2452 ostendemus.
1340 2395 1454 2451 Nec
1485 2411 1616 2452 vero
1648 2412 1768 2466 quae
1792 2398 1862 2453 ab
1890 2399 1956 2452 iis
1988 2396 2122 2455 alre-

541 2502 731 2546 runtur
756 2492 851 2561 qui
879 2491 1187 2546 arbitrariis
1220 2505 1326 2545 non
1352 2490 1648 2545 arbitraria
1677 2491 1944 2555 miscent,
1977 2491 2122 2547 bona

537 2593 593 2637 et
651 2581 792 2636 mala
842 2582 1044 2636 fuerint
1098 2598 1112 2634 :
1156 2581 1230 2635 illi
1275 2581 1420 2636 enim
1461 2582 1771 2637 existimant
1799 2580 1994 2654 566,
2028 2583 2124 2638 bo—

539 2697 734 2736 norum
766 2681 869 2736 alia
905 2683 957 2735 in
1001 2682 1205 2749 anima,
1245 2681 1349 2736 alia
1379 2682 1433 2735 in
1465 2697 1692 2751 corpore
1715 2723 1730 2748 ,
1763 2683 1866 2736 alia
1899 2693 2122 2738 externa

540 2788 664 2828 esse
685 2815 699 2834 .
731 2773 1184 2842 quemadmodum
1231 2783 1287 2826 et
1322 2771 1486 2828 mala.
1519 2770 1578 2825 ιιι
1618 2773 1824 2840 anima,
1859 2787 1980 2828 esse
2010 2772 2123 2826 vir-

540 2875 709 2920 tutem
747 2873 803 2919 et
837 2864 1078 2918 actiones
1109 2878 1138 2915 a
1172 2863 1373 2916 virtute
1399 2859 1702 2931 profectas,
1729 2862 1815 2916 vel
1849 2862 2042 2916 vitium
2069 2870 2126 2916 et

543 2959 785 3012 actiones
817 2956 1057 3008 vitiosas.
1086 2954 1140 3006 lu
1167 2967 1418 3023 corpore,
1448 2953 1762 3021 sanitatem,
1793 2955 1983 3021 robur,
2008 2953 2124 3024 pul-

541 3049 946 3114 chritudinem;
985 3047 1066 3102 vel
1091 3057 1302 3113 contra,
1343 3051 1612 3114 morbum,
1645 3047 1837 3103 malam
1883 3049 2126 3118 corporis
2150 3084 2198 3144 ο

544 3141 942 3206 habitudinem,
991 3147 1046 3192 et
1095 3137 1520 3196 deformitatem.
1567 3139 1805 3194 Externa
1855 3140 2124 3210 denique,

545 3231 782 3295 divitias,
823 3237 1232 3300 paupertatem;
1269 3230 1516 3300 gloriam,
1543 3231 1929 3300 ignominiam;
1975 3231 2131 3286 nobi-

547 3307 797 3384 litatem.
832 3323 1246 3394 ignobilitatem.
1277 3323 1408 3377 Tria
1446 3324 1578 3378 item
1612 3325 1876 3395 bonorum
1909 3342 2128 3395 genera,

549 3427 606 3470 et
647 3417 870 3472 totidem
909 3416 1172 3470 malorum
1205 3418 1259 3471 in
1299 3416 1600 3486 Scripturis
1640 3420 1865 3485 reperiri
1911 3419 2132 3486 quidam

550 3509 888 3567 existimant.
941 3507 1181 3564 Virtutes
1223 3509 1372 3564 enim
1405 3521 1460 3564 et
1493 3510 1624 3563 vitia
1655 3508 1888 3565 fatentes
1917 3510 2053 3566 bona
2080 3520 2136 3566 ct

550 3599 692 3651 mala
745 3613 906 3662 esse,
955 3609 1152 3667 praeter
1201 3614 1264 3654 ea
1309 3613 1428 3668 qute
1473 3601 1612 3669 apud
1663 3615 1761 3654 nos
1798 3601 1852 3654 in
1889 3599 2135 3656 confesso

550 3701 702 3757 sunt,
737 3691 791 3746 in
831 3692 1030 3746 virtute
1063 3708 1126 3746 ac
1149 3691 1282 3747 vitio
1307 3733 1322 3757 ,
1356 3701 1412 3748 et
1441 3693 1495 3746 in
1530 3691 1836 3748 actionibus
1861 3709 1980 3762 qua:
2010 3693 2135 3750 inde

550 3783 1010 3852 proficiscuntur,
1045 3782 1340 3854 Scriptum
1367 3785 1692 3840 testimoniis
1723 3795 1942 3840 utentur
1962 3826 1977 3852 ,
2017 3801 2137 3856 quae

551 3892 642 3932 res
689 3879 932 3945 corporis
999 3885 1055 3932 et
1106 3886 1366 3932 externas
1402 3878 1540 3932 bona
1582 3879 1666 3932 vel
1711 3877 1850 3932 mala
1883 3893 2004 3934 esse
2039 3879 2134 3933 de-

551 3969 767 4024 clarant
795 3987 810 4024 :
841 3978 896 4025 et
921 3970 988 4025 de
1013 3969 1306 4026 virtutibus
1330 3971 1546 4040 quidem
1578 3986 1641 4026 ac
1663 3971 1829 4035 vitiis,
1857 3971 1986 4040 quid
2015 3987 2136 4025 ver-

552 4064 638 4118 bis
695 4076 832 4132 opus
880 4071 996 4129 est,
1027 4077 1176 4130 .eum
1216 4061 1501 4131 disciplina
1543 4078 1752 4116 morum
1787 4063 1980 4118 doceat
2025 4078 2138 4117 am-

555 4153 893 4226 plectendam
927 4155 1084 4210 nobis
1109 4155 1398 4223 justitiam,
1427 4153 1794 4222 prudentiam,
1831 4165 2138 4225 temperan-

557 4247 724 4310 tiam,
775 4245 1181 4308 fortitudinem,
1220 4255 1276 4300 et
1312 4247 1378 4300 ad
1419 4261 1604 4301 earum
1640 4262 1884 4301 normam
1915 4256 2138 4302 exactas

556 4339 833 4404 rationes;
891 4338 1109 4390 vitanda
1165 4352 1287 4393 esse
1337 4338 1426 4394 his
1469 4339 1783 4395 contraria?
1821 4353 1992 4408 quare
2031 4354 2136 4391 non

2219 458 2500 532 ἐνεργείας
2549 459 2696 514 κακά
2717 476 2732 490 θ
2787 459 2984 532 τρίτων
3015 461 3070 514 δὲ
3123 461 3336 514 ὄντων
3381 457 3507 512 τῶν
3543 456 3850 530 μιγνύντων,

2219 550 2314 604 καί⁹
2345 551 2463 621 ἅμα
2492 552 2550 604 ὲν
2599 556 3000 624 προαιρετικοῖς
3030 555 3062 624 ἢ
3108 551 3569 622 ἀπροαιρέτως
3611 551 3854 620 λεγόντων

2217 637 2357 694 εἶναι
2382 642 2450 696 τὰ
2477 643 2658 712 ἀγαθὰ
2698 647 2792 700 καὶ
2823 646 2893 700 τὰ
2920 646 3064 700 κακά
3083 663 3096 676 ·
3129 643 3408 707 εἰκότως
3444 643 3599 716 ὑπὲρ
3630 643 3737 712 (99)
3763 644 3851 699 τῶν

2219 729 2594 804 πιθανοτήτων
2626 735 3038 807 περιελκόμενοι
3080 737 3132 789 οἱ
3182 734 3408 788 πολλοὶ
3436 732 3559 786 τῶν
3600 736 3852 786 πιστευόν-

2219 840 2326 878 των
2362 824 2786 895 φιλομαθοῦντες
2820 827 2918 898 (l),
2970 829 3051 890 είς
3089 827 3193 882 τὸν
3255 825 3410 898 περὶ
3449 823 3682 894 ἀγαθῶν
3711 827 3849 880 τόπον

2220 915 2426 986 λέγοιεν
2474 915 2539 970 ἂν
2566 919 2654 971 τό·
2711 919 2844 983 «Τίς
2874 918 3036 985 δείξει
3083 921 3239 991 ἡμῖν
3301 917 3388 971 τὰ
3426 917 3655 987 ἀγαθά;
3686 937 3704 968 ι
3747 920 3848 972 Ὅτι

2225 1010 2324 1080 μὲν
2352 1005 2446 1064 οῦν
2477 1012 2535 1064 ὲν
2566 1015 2964 1083 προαιρετικοῖς
2995 1013 3138 1067 ἐστιν
3178 1014 3218 1083 ἡ
3263 1011 3392 1065 τῶν
3424 1009 3663 1081 ἀγαθῶν
3686 1011 3842 1080 φύσις.

2223 1103 2330 1166 πᾶς
2357 1103 2624 1169 ὁστισοῦν,
2668 1105 3066 1178 ἀποδεχόμενος
3091 1106 3195 1159 τὸν
3251 1105 3406 1177 περὶ
3439 1105 3686 1176 κρίσεως
3712 1106 3843 1174 λόγον

2224 1195 2324 1265 (‘2),
2353 1194 2652 1260 ἀδιδάκτως
2684 1195 3015 1268 ὁμολογήσαι
3041 1196 3125 1250 ἀν’
3169 1194 3419 1264 ἀγαθὸν
3455 1195 3574 1266 γάρ
3608 1212 3759 1266 φησιν
3779 1193 3839 1250 εἷο

2223 1304 2332 1352 ναι,
2363 1289 2448 1358 ἐφ’
2479 1281 2524 1356 ᾧ
2556 1286 2849 1342 ἀκούσεταί
2887 1305 2970 1352 τις
3021 1287 3114 1342 τό·
3177 1309 3197 1339 ι
3223 1284 3420 1358 Εὖγε,
3491 1287 3670 1357 ἀγαθὲ
3711 1288 3839 1341 δοῦλε

2223 1378 2317 1432 καὶ
2352 1379 2531 1442 πιστὲ,
2567 1379 2660 1433 ἐπὶ
2683 1379 2840 1448 ὀλίγα
2865 1375 2934 1451 ἧς
2959 1379 3172 1444 πιστὸς,
3219 1381 3334 1434 ἐπὶ
3363 1378 3595 1432 πολλῶν
3613 1395 3670 1432 σε
3697 1396 3837 1434 κατα-

2225 1473 2406 1542 στήσω
2427 1485 2442 1501 '
2468 1471 2674 1525 εἴσελθε
2704 1475 2782 1537 είς
2807 1474 2904 1544 τὴν
2923 1473 3098 1546 χαρὰν
3127 1473 3238 1528 τοῦ
3264 1473 3486 1546 κυρίου
3515 1471 3632 1526 σοῦ.
3655 1491 3674 1524 ι
3709 1473 3834 1539 Ἄγα-

2225 1563 2315 1616 θὸν
2349 1562 2406 1617 δὲ
2437 1563 2498 1616 τὸ
2532 1563 2640 1618 ἀπὸ
2667 1563 2760 1618 τοῦ
2787 1563 2996 1634 ἀγαθοῦ
3028 1564 3348 1638 ἀνθρώπου
3385 1566 3460 1618 ὲκ
3494 1563 3602 1634 τῆς
3639 1564 3835 1636 καρδίας

2225 1655 2388 1712 αὑτοῦ
2433 1657 2862 1728 προφερόμενον,
2908 1658 2982 1724 ὡς
3009 1661 3038 1713 ὁ
3071 1659 3287 1730 Σωτήρ
3327 1674 3514 1728 φησιν
3539 1673 3555 1686 ·
3595 1675 3615 1706 ι
3636 1656 3692 1708 '0
3722 1657 3835 1724 ἁγα-

2227 1749 2316 1812 θδς
2343 1749 2627 1820 ἄνθρωπος
2675 1752 2740 1803 ὲκ
2769 1749 2862 1804 τοῦ
2895 1750 3102 1820 ἀγαθοῦ
3133 1749 3451 1822 θησαυροῦ
3500 1749 3606 1819 τῆς
3637 1748 3831 1820 καρδίας

2226 1839 2392 1895 αὑτοῦ
2445 1841 2710 1914 προφέρει
2761 1841 2830 1896 τὰ
2885 1843 3098 1912 ἀγαθά·
3127 1863 3146 1896 ι
3208 1843 3321 1896 καὶ
3353 1840 3706 1908 ἁπαξαπλῶς
3743 1841 3830 1902 πᾶς

2227 1933 2437 2004 καρπὸς
2461 1934 2680 2006 δένδρου
2710 1935 2937 2004 ἀγαθοῦ,
2967 1935 3383 2008 προαιρετικὸς
3412 1933 3517 1998 ὣν,
3554 1931 3746 2002 ἀγαθόν
3767 1931 3826 2000 (3)

2227 2024 2372 2076 ἐστιν
2397 2039 2411 2054 ·
2442 2023 2516 2087 ὼς
2549 2025 2758 2094 ἀγάπη,
2793 2025 2886 2079 καὶ
2913 2025 3124 2097 εἰρήνη,
3165 2026 3273 2079 καὶ
3309 2023 3496 2095 χαρὰ,
3528 2024 3624 2075 καὶ
3653 2038 3828 2092 μακρο-

2227 2114 2417 2186 θυμία,
2466 2117 2769 2188 χρηστὰτης
2813 2134 2872 2170 τε
2924 2118 3018 2170 καὶ
3069 2115 3456 2186 ἀγαθωσύνη,
3511 2115 3708 2178 πίστις,
3749 2111 3824 2166 καί

2230 2209 2492 2281 πραότης,
2528 2210 2621 2263 καὶ
2651 2211 2964 2282 ἐγκράτεια·
2995 2211 3064 2264 τὰ
3095 2211 3151 2264 δὲ
3186 2210 3438 2265 ἐναντία
3479 2208 3707 2269 τούτοις,
3739 2222 3821 2257 κα-

2227 2299 2320 2354 κά.
2353 2300 2415 2352 Ei
2441 2299 2498 2354 δὲ
2527 2300 2620 2353 καὶ
2650 2299 2787 2371 μετά
2818 2299 2916 2370 τὴν
2939 2299 3032 2352 τοῦ
3060 2300 3316 2372 Χριστοῦ
3350 2295 3704 2352 διδασκαλίαν
3725 2292 3820 2348 ἐστί

2227 2410 2280 2446 τι
2325 2391 2550 2461 ἀγαθὸν,
2597 2391 2694 2445 καὶ
2731 2393 2919 2457 κακὸν,
2973 2393 3064 2446 καὶ
3095 2393 3152 2446 ὲν
3203 2393 3640 2463 ἀπροαιρέτως,
3682 2389 3818 2456 ζητη-

2229 2485 2351 2539 τέον
2375 2502 2388 2516 ·
2439 2483 2541 2538 κᾶν
2633 2484 2691 2538 δέ
2723 2503 2775 2538 τι
2805 2485 2972 2538 κακὸν
3004 2484 3036 2554 ἣ
3079 2484 3300 2553 ἀγαθὸν
3339 2485 3406 2536 ὲν
3439 2479 3811 2552 ἀπροαιρέτως,

2227 2577 2304 2640 ὡς
2333 2575 2559 2646 ὕστερον
2583 2575 2936 2642 ἐξετάσαντες
2969 2575 3108 2646 τάχα
3137 2575 3410 2646 δείξομεν
3430 2591 3445 2604 ’
3487 2573 3604 2627 ἀλλ’
3630 2570 3733 2624 οῦτι
3761 2587 3811 2639 γε

2227 2668 2298 2723 τὰ
2328 2669 2435 2723 ἀπὺ
2467 2669 2574 2722 τῶν
2621 2669 2922 2741 μιγνύντων
2965 2671 3074 2733 τοῖς
3112 2669 3551 2741 προαιρετικοῖς
3578 2665 3642 2718 τά
3665 2665 3808 2734 ἀπρον

2229 2763 2422 2835 αίρετα
2446 2762 2712 2834 λεγόμενα
2744 2763 2923 2830 ἀγαθὰ
2950 2763 3015 2816 ἂν
3041 2763 3125 2834 εἴη
3157 2764 3256 2816 καὶ
3285 2761 3472 2816 κακά·
3507 2763 3697 2815 ἐκεῖνοι
3720 2757 3807 2830 γὰρ

2230 2857 2430 2910 οἴονται
2463 2857 2572 2910 τῶν
2605 2857 2826 2927 ἀγαθῶν
2859 2855 2928 2910 τὰ
2975 2858 3072 2928 μὲν
3099 2853 3245 2912 εἶναι.
3277 2856 3423 2928 περὶ
3456 2857 3648 2928 ψυχὴν,
3679 2853 3738 2906 τὰ
3761 2851 3804 2906 δὲ

2233 2949 2360 3021 περὶ
2391 2949 2570 3020 σῶμα,
2604 2949 2674 3003 τὰ
2704 2949 2760 3003 δὲ
2787 2950 2944 3012 ἐκτός
2966 2966 2980 2980 ’
3021 2951 3222 3020 ὁμοίως
3257 2949 3318 3003 δὲ
3349 2950 3450 3002 καὶ¹
3477 2949 3585 3001 τῶν
3613 2943 3797 3000 κακῶν·

2233 3043 2326 3096 καὶ
2359 3042 2486 3114 περὶ
2509 3043 2685 3114 ψυχὴν
2717 3043 2814 3112 μὲν
2840 3042 3039 3114 ἀρετὴν
3065 3043 3158 3096 καὶ
3187 3041 3295 3106 τὰς
3325 3043 3455 3095 κατ’
3479 3037 3668 3109 ἀρετὴν
3687 3033 3798 3106 πρᾶο

2233 3135 2362 3203 ξεις,
2397 3136 2428 3208 ἢ
2475 3137 2674 3192 κακίαν
2705 3137 2798 3191 καὶ
2827 3137 2927 3201 τὰς
2961 3134 3102 3190 κατά
3135 3135 3350 3190 κακίαν
3399 3133 3653 3208 πράξεις·
3689 3126 3795 3196 περὶ

2235 3227 2392 3300 σῶμα
2430 3229 2486 3282 δὲ
2538 3229 2746 3300 ὑγείαν,
2787 3229 2882 3282 καὶ
2923 3228 3156 3295 εὐεξίαν,
3185 3230 3284 3282 καὶ
3319 3227 3554 3290 κάλλιπ’
3593 3221 3790 3296 ἢνόσονι

2231 3323 2326 3374 καὶ
2353 3321 2630 3393 καχεξίαν,
2661 3323 2756 3376 καὶ
2784 3320 2997 3391 αἶσχοςο
3034 3322 3162 3392 περὶ
3189 3323 3272 3378 τά-
3295 3323 3460 3387 ἐκτὸς
3492 3321 3570 3383 δὲ,
3599 3313 3790 3370 πλοῦτον

2233 3413 2329 3466 καὶ
2377 3413 2587 3479 πενίαν,
2637 3413 2792 3480 δόξαν
2827 3414 2920 3467 καὶ
2962 3413 3200 3478 ἀδοξίαν,
3262 3411 3550 3483 εὐγένειαν
3581 3409 3661 3463 καὶ
3688 3405 3787 3457 δυσ-

2233 3506 2470 3576 γένειαν.
2525 3507 2812 3577 Οίήσονται
2857 3505 2916 3560 δὲ
2961 3523 3104 3570 τινες
3134 3508 3232 3561 καὶ
3273 3506 3423 3560 κατά
3467 3504 3564 3566 τὰς
3599 3496 3787 3570 Γραφάς

2233 3579 2434 3670 ὁμοίως
2483 3599 2610 3672 τρία
2659 3601 2794 3671 γένη
2828 3595 2970 3654 εἶναι
3028 3599 3135 3654 τῶν
3165 3601 3417 3671 ἀγαθῶν,
3450 3599 3540 3653 καὶ
3561 3595 3673 3666 τρία
3698 3587 3784 3642 τῶν

2236 3691 2420 3746 κακῶν
2441 3708 2454 3722 ·
2491 3691 2590 3756 τάς
2620 3692 2730 3764 γὰρ
2760 3693 2958 3764 ἀρετὰς
2987 3693 3080 3746 καὶ
3107 3692 3206 3758 τὰς
3239 3695 3446 3758 κακίας
3479 3686 3780 3762 προσιέμενοι

2236 3777 2373 3835 εἶναι
2399 3781 2578 3850 ἀγαθά
2605 3782 2699 3836 καὶ
2732 3783 2878 3838 κακὰ
2907 3784 3044 3855 μετά
3067 3783 3136 3836 τά
3166 3783 3576 3856 ὁμολογούμενα
3601 3774 3683 3829 καὶ
3709 3769 3780 3834 ὑφ’

2237 3875 2394 3947 ἡμῶν
2425 3878 2483 3930 ὲν
2511 3877 2682 3948 ἀρετῇ
2717 3878 2810 3931 καὶ
2840 3880 3028 3951 κακία,
3054 3880 3148 3934 καὶ
3173 3883 3297 3943 ταῖς
3345 3879 3464 3932 κατ’
3493 3870 3644 3930 αὐτὰς
3664 3861 3772 3935 πράο

2239 3967 2372 4034 ξεσιν
2407 3971 2701 4042 Χρήσονται
2732 3975 2935 4042 ῥητοῖς,
2961 3973 3056 4026 καὶ
3082 3973 3150 4027 τὰ
3179 3969 3490 4044 σωματικὰ,
3521 3965 3604 4018 καὶ
3625 3957 3680 4012 τὰ
3701 3958 3773 4006 ἐκ·

2237 4061 2328 4124 τὸς
2349 4061 2510 4133 δῆθεν
2540 4061 2996 4135 ἀποφαινομένοις
3037 4063 3218 4133 ἀγαθά
3252 4064 3286 4135 ἢ
3319 4060 3464 4117 κακά
3497 4052 3766 4124 τυγχάνειν·

2239 4153 2334 4206 καὶ
2366 4154 2495 4224 περὶ⁸
2533 4155 2631 4227 μὲν
2669 4153 2879 4226 ἀρετῶν
2928 4155 3023 4208 καὶ
3066 4153 3251 4208 κακῶν
3284 4153 3338 4208 τί
3364 4153 3444 4205 δεῖ
3481 4147 3656 4214 λέγειν,
3683 4135 3768 4188 τῶν

2241 4245 2449 4316 ἠθικῶν
2499 4248 2839 4320 πραγμάτων
2873 4247 2948 4319 (ιί)
2987 4247 3348 4302 διδασκόντων
3378 4245 3485 4300 δεῖν
3519 4237 3648 4310 ἡμᾶς
3689 4229 3764 4320 μὲν

2241 4338 2514 4410 αἱρεῖσθαι
2547 4319 2924 4410 δικαιοσύνην,
2974 4339 3070 4394 καὶ
3099 4339 3385 4412 φρόνησιν,
3421 4335 3509 4389 καὶ
3532 4319 3761 4395 σωφρθσῲ

554 4445 694 4498 Opus
735 4435 820 4482 est
859 4427 1122 4497 exemplis
1151 4429 1216 4482 ad
1246 4443 1308 4482 ea
1329 4469 1344 4491 ,
1380 4445 1502 4500 quae
1533 4429 1605 4482 ab
1632 4429 1939 4483 arbitrariis
1972 4429 2128 4498 proli-

2241 4448 2360 4502 νην,
2397 4431 2492 4484 καὶ
2544 4431 2784 4501 ἀνδρίαν,
2819 4432 3037 4495 καὶτὰς
3081 4433 3204 4486 κατ’
3229 4431 3400 4494 αὑτὰς
3427 4422 3655 4497 πράξεις’
3685 4416 3758 4464 ἐκ·

553 4523 867 4586 ciscnntur,
899 4519 1056 4573 bona.
1083 4519 1339 4587 Corporis
1362 4529 1539 4575 autem
1570 4530 1625 4574 et
1645 4530 1869 4574 externa
1903 4519 2038 4573 bona
2066 4535 2132 4573 ex

556 4615 720 4685 hujus
745 4613 1090 4682 expositione
1112 4613 1238 4666 dicti
1265 4613 1618 4666 nudtil’ariant
1643 4612 2089 4667 demonstrabunt
2115 4627 2130 4666 :

555 4708 652 4761 sed
703 4705 1191 4775 impraesentiarum
1239 4701 1433 4757 sufﬁcit
1476 4705 1723 4772 qumdatn
1764 4718 2036 4772 apponere
2067 4719 2132 4757 ex

557 4798 626 4852 iis
673 4813 795 4868 qua:
844 4799 896 4852 in
952 4795 1158 4862 Exodo,
1221 4793 1451 4848 Leuitico
1497 4803 1555 4849 et
1595 4793 2002 4848 Deuteronomio
2043 4794 2136 4848 ha-

558 4893 757 4946 bentur
805 4909 818 4944 :
882 4899 940 4944 ut
987 4887 1378 4960 promissiones
1414 4887 1482 4940 iis
1531 4885 1722 4953 factaa,
1750 4887 1842 4957 qui
1881 4887 2134 4942 mandata

559 4994 812 5048 servant;
849 4993 1012 5052 atque
1041 4991 1099 5036 ut
1129 4982 1286 5036 minae
1313 4989 1366 5036 et
1389 4979 1791 5036 exsecrationes
1819 4981 1873 5034 in
1900 4994 2013 5046 eos,
2041 4979 2133 5048 qui

560 5075 1034 5146 transgrediuntur
1084 5075 1200 5144 ipsa
1251 5093 1266 5130 :
1313 5075 1465 5129 verbi
1499 5075 1708 5144 gratia,
1739 5074 1881 5141 quod
1927 5073 2138 5127 sanitas

560 5171 762 5225 bonum
797 5168 903 5233 sit,
933 5177 988 5222 et
1025 5169 1246 5224 morbus
1277 5169 1496 5233 malum,
1529 5167 1582 5221 in
1612 5165 1799 5220 Exodo
1832 5165 2136 5219 denuntiari

557 5263 812 5318 ostendet
844 5261 892 5294 “
923 5279 940 5315 :
975 5279 994 5312 ι
1033 5260 1089 5316 Si
1124 5261 1450 5317 custodi-eris
1487 5259 1742 5314 mandata
1777 5271 1891 5310 mea
1919 5267 1972 5312 et
2000 5274 2140 5326 pra:-

2243 4523 2440 4578 κλίνειν
2477 4523 2533 4577 δὲ
2563 4527 2630 4578 τὰ
2660 4525 2870 4589 τούτοις
2916 4525 3165 4590 ὲναντία;
3201 4525 3388 4594 διόπερ
3421 4520 3481 4573 οὐ
3517 4511 3652 4586 χρεία
3679 4520 3758 4557 πα-

2245 4618 2625 4690 ραδειγμάτων
2660 4622 2739 4684 εἰς
2765 4621 2834 4674 τὰ
2866 4620 3020 4692 παρὰ
3049 4620 3158 4674 τῶν
3197 4612 3574 4692 πρωιρετικῶν
3594 4599 3753 4692 ἁγαθᾷο

2244 4710 2538 4780 Σωματικά
2560 4712 2618 4765 δὲ
2646 4713 2740 4765 καὶ
2773 4714 2928 4778 ἐκτὸς
2953 4691 3140 4782 ἀγαθά
3170 4691 3254 4768 ὲκῗ
3273 4691 3372 4785 τῆς
3399 4707 3528 4764 κατὰ
3552 4702 3604 4755 τὸ
3622 4691 3754 4785 ῥητὸν

2244 4802 2474 4872 ἐκδοχῆς
2523 4803 2848 4874 πολλαχόθεν
2881 4805 3114 4873 δείξουσι
3137 4823 3153 4838 ο
3190 4783 3332 4878 πλὴν
3361 4803 3447 4858 ἐπὶ
3480 4793 3561 4851 τοῦ
3588 4783 3747 4878 παρὸνς

2241 4910 2331 4957 τος
2355 4897 2518 4964 ἀρκεῖ
2565 4872 2908 4969 παραθέσθαι
2955 4872 3074 4952 τινὰ
3109 4901 3173 4952 ἐκ
3201 4872 3308 4952 τῶν
3353 4900 3407 4950 ἐν
3447 4885 3645 4954 Ἐξάδῳν
3674 4872 3746 4928 καὶ

2242 4986 2546 5052 Λευϊτικῷ,
2581 4988 2674 5042 καὶ
2706 4991 3137 5059 Δειντερονομίῳ
3161 4991 3435 5062 κειμένων·
3453 4983 3520 5044 ὡς
3537 4979 3586 5030 ἐν
3611 4973 3744 5066 in?"

2243 5075 2399 5148 γελίᾳ
2433 5078 2568 5148 πρὸς
2615 5079 2740 5142 τοὺς
2785 5081 3083 5150 τηροῦντας
3111 5081 3208 5144 τὰς
3239 5059 3469 5138 ἐντολάς
3512 5065 3591 5120 καὶ
3613 5059 3673 5119 ὡς

2245 5166 2440 5238 ἀπειλῇ
2486 5169 2578 5222 καὶ
2630 5169 2894 5240 κατάραις
2936 5170 3072 5242 πρὸς
3101 5171 3228 5234 τοὺς
3256 5161 3639 5241 παραϐαίνοντας
3664 5161 3739 5196 ω’

2244 5262 2372 5325 τὰς’
2407 5259 2518 5318 οἷον
2549 5265 2631 5318 ὅτι
2676 5267 2708 5335 ἡ
2743 5264 2900 5333 ὑγεία
2932 5264 3134 5334 ἀγαθόν
3179 5267 3314 5330 ἐστι,
3350 5262 3436 5316 καὶ
3465 5250 3640 5326 ἡνὸσος
3657 5253 3736 5293 κδ’

632 5447 678 5479 ⁸ο
711 5447 904 5502 Matth.
939 5463 1065 5514 xxv,
1103 5447 1158 5503 2.
1230 5447 1274 5479 “
1313 5447 1444 5502 Luc.
1473 5462 1548 5514 vn,
1583 5445 1673 5502 46.
1753 5445 1796 5476 ⁸⁸
1821 5445 1987 5500 Exod.
2023 5461 2110 5508 xv,
2137 5449 2226 5504 9.6.

633 5563 744 5632 (99)
777 5564 940 5633 Lege,
971 5565 1096 5621 ὑπό.

637 5636 711 5703 ιι)
743 5635 908 5696 Alias,
949 5635 1248 5703 φιλοῦντες.

531 5719 534 5722 ’
634 5705 714 5775 (δὲ)
747 5704 919 5774 Alias,
944 5705 1130 5763 τόπον.
1157 5707 1279 5764 Mox
1309 5723 1406 5780 pro
1432 5706 1753 5774 ἀδιδάκτως,
1785 5703 1889 5778 leg.
1921 5707 2137 5762 videtur

2244 5561 2600 5620 ἁδιστάκτως.

2316 5633 2392 5698 (5)
2419 5627 2746 5698 Legendum,
2770 5626 2988 5694 ἀγαθός.

2317 5703 2390 5773 (4)
2413 5700 2544 5770 ch.
2572 5699 2936 5769 γραμμάτων.

3991 1173 3995 1300 4

3989 1727 3996 1820 Ι
