  <div class='ocr_page' id='page_1' title='image "/cluster/home/n/w/nwhite01/storage/ocr_20150623/12/mdp.39015028786690/586.png"; bbox 0 0 4046 6152; ppageno 0'>
   <div class='ocr_carea' id='block_1_1' title="bbox 308 161 452 217">
    <p class='ocr_par' dir='ltr' id='par_1_1' title="bbox 308 161 452 217">
     <span class='ocr_line' id='line_1_1' title="bbox 308 161 452 217; baseline 0.021 -3"><span class='ocrx_word' id='word_1_1' title='bbox 308 161 452 217; x_wconf 76' lang='lat' dir='ltr'>H53</span> 
     </span>
    </p>
   </div>
   <div class='ocr_carea' id='block_1_2' title="bbox 1277 165 2529 237">
    <p class='ocr_par' dir='ltr' id='par_1_2' title="bbox 1277 165 2529 237">
     <span class='ocr_line' id='line_1_2' title="bbox 1277 165 2529 237; baseline 0.006 -15"><span class='ocrx_word' id='word_1_2' title='bbox 1277 165 1587 222; x_wconf 70' lang='lat' dir='ltr'><strong>SELECTA</strong></span> <span class='ocrx_word' id='word_1_3' title='bbox 1624 168 1689 237; x_wconf 73' lang='lat' dir='ltr'>1N</span> <span class='ocrx_word' id='word_1_4' title='bbox 1732 169 2069 227; x_wconf 74' lang='lat' dir='ltr'>PSALMOS.</span> <span class='ocrx_word' id='word_1_5' title='bbox 2112 202 2183 213; x_wconf 90' lang='lat'>—-</span> <span class='ocrx_word' id='word_1_6' title='bbox 2207 171 2403 229; x_wconf 83' lang='lat' dir='ltr'><strong>PSAL.</strong></span> <span class='ocrx_word' id='word_1_7' title='bbox 2441 174 2529 229; x_wconf 87' lang='lat' dir='ltr'>IV.</span> 
     </span>
    </p>
   </div>
   <div class='ocr_carea' id='block_1_3' title="bbox 3430 185 3569 239">
    <p class='ocr_par' dir='ltr' id='par_1_3' title="bbox 3430 185 3569 239">
     <span class='ocr_line' id='line_1_3' title="bbox 3430 185 3569 239; baseline 0.007 -1"><span class='ocrx_word' id='word_1_8' title='bbox 3430 185 3569 239; x_wconf 72' lang='grc'><strong>1154</strong></span> 
     </span>
    </p>
   </div>
   <div class='ocr_carea' id='block_1_4' title="bbox 305 278 1888 373">
    <p class='ocr_par' dir='ltr' id='par_1_4' title="bbox 305 278 1888 361">
     <span class='ocr_line' id='line_1_4' title="bbox 305 278 1888 361; baseline 0.007 -28"><span class='ocrx_word' id='word_1_9' title='bbox 305 282 425 345; x_wconf 83' lang='grc' dir='ltr'>κὸν,</span> <span class='ocrx_word' id='word_1_10' title='bbox 476 278 584 334; x_wconf 80' lang='grc' dir='ltr'>ἀπὸ</span> <span class='ocrx_word' id='word_1_11' title='bbox 631 281 732 352; x_wconf 85' lang='grc' dir='ltr'>τῆς</span> <span class='ocrx_word' id='word_1_12' title='bbox 788 280 1029 346; x_wconf 80' lang='grc' dir='ltr'>Ἐξόδου</span> <span class='ocrx_word' id='word_1_13' title='bbox 1065 282 1225 351; x_wconf 82' lang='grc' dir='ltr'>δείξει</span> <span class='ocrx_word' id='word_1_14' title='bbox 1280 288 1451 341; x_wconf 77' lang='grc' dir='ltr'>ταῦτα</span> <span class='ocrx_word' id='word_1_15' title='bbox 1507 289 1888 361; x_wconf 53' lang='grc' dir='ltr'>προλέγεσθαιε</span> 
     </span>
    </p>
   </div>
   <div class='ocr_carea' id='block_1_5' title="bbox 1994 278 3570 373">
    <p class='ocr_par' dir='ltr' id='par_1_5' title="bbox 2006 296 3570 373">
     <span class='ocr_line' id='line_1_5' title="bbox 2006 296 3570 373; baseline 0.007 -27"><span class='ocrx_word' id='word_1_16' title='bbox 2006 304 2162 362; x_wconf 88' lang='lat' dir='ltr'>cepta</span> <span class='ocrx_word' id='word_1_17' title='bbox 2193 310 2342 358; x_wconf 87' lang='lat' dir='ltr'>mea,</span> <span class='ocrx_word' id='word_1_18' title='bbox 2388 296 2634 349; x_wconf 83' lang='lat' dir='ltr'>morbum</span> <span class='ocrx_word' id='word_1_19' title='bbox 2685 311 2897 350; x_wconf 84' lang='lat' dir='ltr'>onmem</span> <span class='ocrx_word' id='word_1_20' title='bbox 2921 336 2936 360; x_wconf 96' lang='lat'>,</span> <span class='ocrx_word' id='word_1_21' title='bbox 2973 312 3131 367; x_wconf 90' lang='lat' dir='ltr'>quem</span> <span class='ocrx_word' id='word_1_22' title='bbox 3172 299 3367 355; x_wconf 90' lang='lat' dir='ltr'>immisi</span> <span class='ocrx_word' id='word_1_23' title='bbox 3402 300 3570 373; x_wconf 64' lang='lat' dir='ltr'>Egy—</span> 
     </span>
    </p>
   </div>
   <div class='ocr_carea' id='block_1_6' title="bbox 312 371 1891 452">
    <p class='ocr_par' dir='ltr' id='par_1_6' title="bbox 312 371 1891 452">
     <span class='ocr_line' id='line_1_6' title="bbox 312 371 1891 452; baseline 0.009 -31"><span class='ocrx_word' id='word_1_24' title='bbox 312 391 331 421; x_wconf 75' lang='grc' dir='ltr'>ι</span> <span class='ocrx_word' id='word_1_25' title='bbox 359 372 484 426; x_wconf 76' lang='grc' dir='ltr'>Ἐὰν</span> <span class='ocrx_word' id='word_1_26' title='bbox 516 371 762 445; x_wconf 78' lang='grc' dir='ltr'>τηρήσῃς</span> <span class='ocrx_word' id='word_1_27' title='bbox 793 371 891 435; x_wconf 76' lang='grc' dir='ltr'>τὰς</span> <span class='ocrx_word' id='word_1_28' title='bbox 923 373 1140 437; x_wconf 80' lang='grc' dir='ltr'>ἐντολάς</span> <span class='ocrx_word' id='word_1_29' title='bbox 1175 393 1273 445; x_wconf 90' lang='grc' dir='ltr'>μου</span> <span class='ocrx_word' id='word_1_30' title='bbox 1314 378 1407 431; x_wconf 76' lang='grc' dir='ltr'>καὶ</span> <span class='ocrx_word' id='word_1_31' title='bbox 1439 379 1507 431; x_wconf 87' lang='grc' dir='ltr'>τὰ</span> <span class='ocrx_word' id='word_1_32' title='bbox 1536 382 1891 452; x_wconf 87' lang='grc' dir='ltr'>προστάγμα-</span> 
     </span>
    </p>
   </div>
   <div class='ocr_carea' id='block_1_7' title="bbox 305 460 1890 539">
    <p class='ocr_par' dir='ltr' id='par_1_7' title="bbox 305 460 1890 539">
     <span class='ocr_line' id='line_1_7' title="bbox 305 460 1890 539; baseline 0.008 -26"><span class='ocrx_word' id='word_1_33' title='bbox 305 461 380 514; x_wconf 83' lang='grc' dir='ltr'>τά</span> <span class='ocrx_word' id='word_1_34' title='bbox 414 479 535 532; x_wconf 84' lang='grc' dir='ltr'>μου,</span> <span class='ocrx_word' id='word_1_35' title='bbox 569 462 745 514; x_wconf 80' lang='grc' dir='ltr'>πᾶσαν</span> <span class='ocrx_word' id='word_1_36' title='bbox 792 460 945 515; x_wconf 73' lang='grc' dir='ltr'>νόσον</span> <span class='ocrx_word' id='word_1_37' title='bbox 991 465 1056 534; x_wconf 79' lang='grc' dir='ltr'>ἣν</span> <span class='ocrx_word' id='word_1_38' title='bbox 1083 465 1362 537; x_wconf 79' lang='grc' dir='ltr'>ἐπήγαγον</span> <span class='ocrx_word' id='word_1_39' title='bbox 1395 470 1505 533; x_wconf 85' lang='grc' dir='ltr'>τοῖς</span> <span class='ocrx_word' id='word_1_40' title='bbox 1553 470 1890 539; x_wconf 76' lang='grc' dir='ltr'>Αἰγυπτίοις,</span> 
     </span>
    </p>
   </div>
   <div class='ocr_carea' id='block_1_8' title="bbox 307 553 1893 634">
    <p class='ocr_par' dir='ltr' id='par_1_8' title="bbox 307 553 1893 634">
     <span class='ocr_line' id='line_1_8' title="bbox 307 553 1893 634; baseline 0.006 -28"><span class='ocrx_word' id='word_1_41' title='bbox 307 554 411 607; x_wconf 78' lang='grc' dir='ltr'>οὐκ</span> <span class='ocrx_word' id='word_1_42' title='bbox 442 553 626 618; x_wconf 80' lang='grc' dir='ltr'>ἐπάξω</span> <span class='ocrx_word' id='word_1_43' title='bbox 672 554 764 606; x_wconf 78' lang='grc' dir='ltr'>ἐπὶ</span> <span class='ocrx_word' id='word_1_44' title='bbox 813 554 904 606; x_wconf 85' lang='grc' dir='ltr'>σέ·</span> <span class='ocrx_word' id='word_1_45' title='bbox 934 555 1044 622; x_wconf 74' lang='grc' dir='ltr'>ἐγὼ</span> <span class='ocrx_word' id='word_1_46' title='bbox 1085 557 1193 629; x_wconf 86' lang='grc' dir='ltr'>γάρ</span> <span class='ocrx_word' id='word_1_47' title='bbox 1225 560 1338 629; x_wconf 78' lang='grc' dir='ltr'>εἰμι</span> <span class='ocrx_word' id='word_1_48' title='bbox 1372 559 1573 632; x_wconf 84' lang='grc' dir='ltr'>Κύριος</span> <span class='ocrx_word' id='word_1_49' title='bbox 1604 564 1631 615; x_wconf 99' lang='lat'>6</span> <span class='ocrx_word' id='word_1_50' title='bbox 1668 561 1893 634; x_wconf 80' lang='grc' dir='ltr'>ἰώμενός</span> 
     </span>
    </p>
   </div>
   <div class='ocr_carea' id='block_1_9' title="bbox 310 646 1894 724">
    <p class='ocr_par' dir='ltr' id='par_1_9' title="bbox 310 646 1894 724">
     <span class='ocr_line' id='line_1_9' title="bbox 310 646 1894 724; baseline 0.006 -25"><span class='ocrx_word' id='word_1_51' title='bbox 310 664 394 699; x_wconf 90' lang='grc' dir='ltr'>σε.</span> <span class='ocrx_word' id='word_1_52' title='bbox 417 665 435 697; x_wconf 73' lang='grc' dir='ltr'>ι</span> <span class='ocrx_word' id='word_1_53' title='bbox 488 647 597 700; x_wconf 82' lang='grc' dir='ltr'>Καὶ</span> <span class='ocrx_word' id='word_1_54' title='bbox 627 646 688 699; x_wconf 82' lang='grc' dir='ltr'>τὸ</span> <span class='ocrx_word' id='word_1_55' title='bbox 733 646 842 700; x_wconf 85' lang='grc' dir='ltr'>ἀπὸ</span> <span class='ocrx_word' id='word_1_56' title='bbox 888 647 981 701; x_wconf 78' lang='grc' dir='ltr'>τοῦ</span> <span class='ocrx_word' id='word_1_57' title='bbox 1011 650 1464 720; x_wconf 77' lang='grc' dir='ltr'>Δευτερονομίου</span> <span class='ocrx_word' id='word_1_58' title='bbox 1498 653 1553 706; x_wconf 81' lang='grc' dir='ltr'>δὲ</span> <span class='ocrx_word' id='word_1_59' title='bbox 1586 654 1721 724; x_wconf 81' lang='grc' dir='ltr'>πρὸς</span> <span class='ocrx_word' id='word_1_60' title='bbox 1770 656 1894 719; x_wconf 77' lang='grc' dir='ltr'>τοὺς</span> 
     </span>
    </p>
   </div>
   <div class='ocr_carea' id='block_1_10' title="bbox 308 738 1893 817">
    <p class='ocr_par' dir='ltr' id='par_1_10' title="bbox 308 738 1893 817">
     <span class='ocr_line' id='line_1_10' title="bbox 308 738 1893 817; baseline 0.005 -26"><span class='ocrx_word' id='word_1_61' title='bbox 308 739 719 810; x_wconf 82' lang='grc' dir='ltr'>ἁμαρτάνοντας</span> <span class='ocrx_word' id='word_1_62' title='bbox 767 738 1055 810; x_wconf 87' lang='grc' dir='ltr'>λεγόμενον</span> <span class='ocrx_word' id='word_1_63' title='bbox 1107 740 1427 816; x_wconf 85' lang='grc' dir='ltr'>ύπονοηθείη</span> <span class='ocrx_word' id='word_1_64' title='bbox 1483 743 1548 798; x_wconf 85' lang='grc' dir='ltr'>ἂν</span> <span class='ocrx_word' id='word_1_65' title='bbox 1597 746 1762 801; x_wconf 78' lang='grc' dir='ltr'>κακὸν</span> <span class='ocrx_word' id='word_1_66' title='bbox 1796 746 1893 817; x_wconf 82' lang='grc' dir='ltr'>μὲν</span> 
     </span>
    </p>
   </div>
   <div class='ocr_carea' id='block_1_11' title="bbox 311 827 1891 902">
    <p class='ocr_par' dir='ltr' id='par_1_11' title="bbox 311 827 1891 902">
     <span class='ocr_line' id='line_1_11' title="bbox 311 827 1891 902; baseline 0.004 -22"><span class='ocrx_word' id='word_1_67' title='bbox 311 828 665 898; x_wconf 77' lang='grc' dir='ltr'>παριστάνειν</span> <span class='ocrx_word' id='word_1_68' title='bbox 696 827 794 892; x_wconf 86' lang='grc' dir='ltr'>τὰς</span> <span class='ocrx_word' id='word_1_69' title='bbox 830 830 1146 899; x_wconf 83' lang='grc' dir='ltr'>σωματικὰς</span> <span class='ocrx_word' id='word_1_70' title='bbox 1189 831 1402 902; x_wconf 75' lang='grc' dir='ltr'>πληγὰς</span> <span class='ocrx_word' id='word_1_71' title='bbox 1427 833 1522 886; x_wconf 54' lang='grc' dir='ltr'>καὶ⁹</span> <span class='ocrx_word' id='word_1_72' title='bbox 1554 833 1653 898; x_wconf 75' lang='grc' dir='ltr'>τὰς</span> <span class='ocrx_word' id='word_1_73' title='bbox 1682 834 1891 898; x_wconf 77' lang='grc' dir='ltr'>νόσους,</span> 
     </span>
    </p>
   </div>
   <div class='ocr_carea' id='block_1_12' title="bbox 307 920 1895 997">
    <p class='ocr_par' dir='ltr' id='par_1_12' title="bbox 307 920 1895 997">
     <span class='ocr_line' id='line_1_12' title="bbox 307 920 1895 997; baseline 0.004 -23"><span class='ocrx_word' id='word_1_74' title='bbox 307 920 512 989; x_wconf 83' lang='grc' dir='ltr'>ἀγαθὸν</span> <span class='ocrx_word' id='word_1_75' title='bbox 538 921 594 974; x_wconf 83' lang='grc' dir='ltr'>δὲ</span> <span class='ocrx_word' id='word_1_76' title='bbox 625 920 866 991; x_wconf 88' lang='grc' dir='ltr'>δηλονότι</span> <span class='ocrx_word' id='word_1_77' title='bbox 910 922 1002 975; x_wconf 76' lang='grc' dir='ltr'>καὶ</span> <span class='ocrx_word' id='word_1_78' title='bbox 1028 922 1126 994; x_wconf 85' lang='grc' dir='ltr'>τὴν</span> <span class='ocrx_word' id='word_1_79' title='bbox 1156 923 1367 992; x_wconf 83' lang='grc' dir='ltr'>ὑγίειαν</span> <span class='ocrx_word' id='word_1_80' title='bbox 1397 926 1491 979; x_wconf 80' lang='grc' dir='ltr'>καὶ</span> <span class='ocrx_word' id='word_1_81' title='bbox 1532 924 1629 997; x_wconf 83' lang='grc' dir='ltr'>τὴν</span> <span class='ocrx_word' id='word_1_82' title='bbox 1661 925 1754 979; x_wconf 79' lang='grc' dir='ltr'>τοῦ</span> <span class='ocrx_word' id='word_1_83' title='bbox 1792 925 1895 979; x_wconf 80' lang='grc' dir='ltr'>σώ-</span> 
     </span>
    </p>
   </div>
   <div class='ocr_carea' id='block_1_13' title="bbox 314 1012 1893 1089">
    <p class='ocr_par' dir='ltr' id='par_1_13' title="bbox 314 1012 1893 1089">
     <span class='ocr_line' id='line_1_13' title="bbox 314 1012 1893 1089; baseline 0.003 -24"><span class='ocrx_word' id='word_1_84' title='bbox 314 1031 485 1084; x_wconf 87' lang='grc' dir='ltr'>ματος</span> <span class='ocrx_word' id='word_1_85' title='bbox 537 1013 721 1085; x_wconf 80' lang='grc' dir='ltr'>ρὧιν.</span> <span class='ocrx_word' id='word_1_86' title='bbox 783 1015 936 1083; x_wconf 85' lang='grc' dir='ltr'>Ἔχει</span> <span class='ocrx_word' id='word_1_87' title='bbox 984 1013 1043 1065; x_wconf 84' lang='grc' dir='ltr'>δὲ</span> <span class='ocrx_word' id='word_1_88' title='bbox 1073 1012 1245 1079; x_wconf 78' lang='grc' dir='ltr'>οὕτως</span> <span class='ocrx_word' id='word_1_89' title='bbox 1287 1018 1320 1087; x_wconf 83' lang='grc' dir='ltr'><strong>ἡ</strong></span> <span class='ocrx_word' id='word_1_90' title='bbox 1375 1016 1551 1082; x_wconf 70' lang='grc' dir='ltr'>λέξιςσ</span> <span class='ocrx_word' id='word_1_91' title='bbox 1600 1019 1764 1072; x_wconf 77' lang='grc' dir='ltr'>«Ἐὰν</span> <span class='ocrx_word' id='word_1_92' title='bbox 1818 1017 1893 1089; x_wconf 85' lang='grc' dir='ltr'>μὴ</span> 
     </span>
    </p>
   </div>
   <div class='ocr_carea' id='block_1_14' title="bbox 310 1104 1892 1181">
    <p class='ocr_par' dir='ltr' id='par_1_14' title="bbox 310 1104 1892 1181">
     <span class='ocr_line' id='line_1_14' title="bbox 310 1104 1892 1181; baseline 0.004 -24"><span class='ocrx_word' id='word_1_93' title='bbox 310 1104 583 1176; x_wconf 82' lang='grc' dir='ltr'>ἀκούσητε</span> <span class='ocrx_word' id='word_1_94' title='bbox 617 1108 790 1159; x_wconf 84' lang='grc' dir='ltr'>ποιεῖν</span> <span class='ocrx_word' id='word_1_95' title='bbox 821 1106 1002 1160; x_wconf 87' lang='grc' dir='ltr'>πάντα</span> <span class='ocrx_word' id='word_1_96' title='bbox 1028 1106 1092 1159; x_wconf 86' lang='grc' dir='ltr'>τὰ</span> <span class='ocrx_word' id='word_1_97' title='bbox 1137 1109 1356 1179; x_wconf 80' lang='grc' dir='ltr'>ῥήματα</span> <span class='ocrx_word' id='word_1_98' title='bbox 1388 1108 1478 1162; x_wconf 76' lang='grc' dir='ltr'>τοῦ</span> <span class='ocrx_word' id='word_1_99' title='bbox 1513 1109 1675 1181; x_wconf 85' lang='grc' dir='ltr'>νόμου</span> <span class='ocrx_word' id='word_1_100' title='bbox 1704 1110 1892 1164; x_wconf 86' lang='grc' dir='ltr'>τούτου</span> 
     </span>
    </p>
   </div>
   <div class='ocr_carea' id='block_1_15' title="bbox 308 1198 1894 1272">
    <p class='ocr_par' dir='ltr' id='par_1_15' title="bbox 308 1198 1894 1272">
     <span class='ocr_line' id='line_1_15' title="bbox 308 1198 1894 1272; baseline 0.002 -21"><span class='ocrx_word' id='word_1_101' title='bbox 308 1198 384 1252; x_wconf 79' lang='grc' dir='ltr'>τὰ</span> <span class='ocrx_word' id='word_1_102' title='bbox 411 1198 769 1270; x_wconf 80' lang='grc' dir='ltr'>γεγραμμένα</span> <span class='ocrx_word' id='word_1_103' title='bbox 828 1200 885 1251; x_wconf 85' lang='grc' dir='ltr'>ὲν</span> <span class='ocrx_word' id='word_1_104' title='bbox 933 1198 1011 1252; x_wconf 86' lang='grc' dir='ltr'>τῶ</span> <span class='ocrx_word' id='word_1_105' title='bbox 1042 1198 1229 1270; x_wconf 85' lang='grc' dir='ltr'>βιϐλίῳ</span> <span class='ocrx_word' id='word_1_106' title='bbox 1281 1200 1474 1272; x_wconf 84' lang='grc' dir='ltr'>τούτῳ,</span> <span class='ocrx_word' id='word_1_107' title='bbox 1528 1200 1805 1269; x_wconf 82' lang='grc' dir='ltr'>φοϐεῖσθαι</span> <span class='ocrx_word' id='word_1_108' title='bbox 1833 1202 1894 1254; x_wconf 84' lang='grc' dir='ltr'>τὸ</span> 
     </span>
    </p>
   </div>
   <div class='ocr_carea' id='block_1_16' title="bbox 310 1290 1892 1364">
    <p class='ocr_par' dir='ltr' id='par_1_16' title="bbox 310 1290 1892 1364">
     <span class='ocr_line' id='line_1_16' title="bbox 310 1290 1892 1364; baseline 0.001 -21"><span class='ocrx_word' id='word_1_109' title='bbox 310 1290 485 1361; x_wconf 78' lang='grc' dir='ltr'>ὄνομα</span> <span class='ocrx_word' id='word_1_110' title='bbox 527 1290 588 1343; x_wconf 76' lang='grc' dir='ltr'>τὸ</span> <span class='ocrx_word' id='word_1_111' title='bbox 634 1290 871 1362; x_wconf 74' lang='grc' dir='ltr'>ἔντιμον,</span> <span class='ocrx_word' id='word_1_112' title='bbox 905 1290 1000 1345; x_wconf 73' lang='grc' dir='ltr'>καὶ</span> <span class='ocrx_word' id='word_1_113' title='bbox 1037 1290 1097 1344; x_wconf 85' lang='grc' dir='ltr'>τὸ</span> <span class='ocrx_word' id='word_1_114' title='bbox 1126 1290 1435 1362; x_wconf 83' lang='grc' dir='ltr'>θαυμαστὸν</span> <span class='ocrx_word' id='word_1_115' title='bbox 1468 1292 1642 1355; x_wconf 81' lang='grc' dir='ltr'>τοῦτο,</span> <span class='ocrx_word' id='word_1_116' title='bbox 1689 1292 1892 1364; x_wconf 82' lang='grc' dir='ltr'>Κύριον</span> 
     </span>
    </p>
   </div>
   <div class='ocr_carea' id='block_1_17' title="bbox 311 1381 1890 1455">
    <p class='ocr_par' dir='ltr' id='par_1_17' title="bbox 311 1381 1890 1455">
     <span class='ocr_line' id='line_1_17' title="bbox 311 1381 1890 1455; baseline 0.002 -20"><span class='ocrx_word' id='word_1_117' title='bbox 311 1382 404 1435; x_wconf 78' lang='grc' dir='ltr'>τὸν</span> <span class='ocrx_word' id='word_1_118' title='bbox 432 1381 583 1447; x_wconf 80' lang='grc' dir='ltr'>Θεὸν,</span> <span class='ocrx_word' id='word_1_119' title='bbox 632 1382 725 1435; x_wconf 77' lang='grc' dir='ltr'>καὶ</span> <span class='ocrx_word' id='word_1_120' title='bbox 758 1382 1119 1455; x_wconf 79' lang='grc' dir='ltr'>παραδοξάσει</span> <span class='ocrx_word' id='word_1_121' title='bbox 1152 1382 1356 1455; x_wconf 82' lang='grc' dir='ltr'>Κύριος</span> <span class='ocrx_word' id='word_1_122' title='bbox 1395 1383 1495 1448; x_wconf 82' lang='grc' dir='ltr'>τὰς</span> <span class='ocrx_word' id='word_1_123' title='bbox 1527 1384 1741 1455; x_wconf 86' lang='grc' dir='ltr'>πληγάς</span> <span class='ocrx_word' id='word_1_124' title='bbox 1775 1402 1890 1449; x_wconf 90' lang='grc' dir='ltr'>σου,</span> 
     </span>
    </p>
   </div>
   <div class='ocr_carea' id='block_1_18' title="bbox 312 1471 1895 1547">
    <p class='ocr_par' dir='ltr' id='par_1_18' title="bbox 312 1471 1895 1547">
     <span class='ocr_line' id='line_1_18' title="bbox 312 1471 1895 1547; baseline 0 -17"><span class='ocrx_word' id='word_1_125' title='bbox 312 1473 410 1530; x_wconf 69' lang='grc' dir='ltr'>καὶ</span> <span class='ocrx_word' id='word_1_126' title='bbox 432 1471 529 1537; x_wconf 77' lang='grc' dir='ltr'>τὰς</span> <span class='ocrx_word' id='word_1_127' title='bbox 574 1472 786 1546; x_wconf 86' lang='grc' dir='ltr'>πληγὰς</span> <span class='ocrx_word' id='word_1_128' title='bbox 828 1474 923 1528; x_wconf 79' lang='grc' dir='ltr'>τοῦ</span> <span class='ocrx_word' id='word_1_129' title='bbox 975 1474 1289 1547; x_wconf 83' lang='grc' dir='ltr'>σπέρματός</span> <span class='ocrx_word' id='word_1_130' title='bbox 1323 1492 1435 1540; x_wconf 90' lang='grc' dir='ltr'>σου,</span> <span class='ocrx_word' id='word_1_131' title='bbox 1483 1475 1695 1546; x_wconf 87' lang='grc' dir='ltr'>πληγὰς</span> <span class='ocrx_word' id='word_1_132' title='bbox 1727 1478 1895 1547; x_wconf 86' lang='grc' dir='ltr'>μεγά-</span> 
     </span>
    </p>
   </div>
   <div class='ocr_carea' id='block_1_19' title="bbox 1996 386 3571 458">
    <p class='ocr_par' dir='ltr' id='par_1_19' title="bbox 1996 386 3571 458">
     <span class='ocr_line' id='line_1_19' title="bbox 1996 386 3571 458; baseline 0.007 -21"><span class='ocrx_word' id='word_1_133' title='bbox 1996 386 2139 452; x_wconf 91' lang='lat' dir='ltr'>ptiis,</span> <span class='ocrx_word' id='word_1_134' title='bbox 2177 403 2280 440; x_wconf 82' lang='lat' dir='ltr'>non</span> <span class='ocrx_word' id='word_1_135' title='bbox 2311 388 2557 440; x_wconf 78' lang='lat' dir='ltr'>intlucam</span> <span class='ocrx_word' id='word_1_136' title='bbox 2605 387 2655 439; x_wconf 90' lang='lat' dir='ltr'>in</span> <span class='ocrx_word' id='word_1_137' title='bbox 2695 397 2786 443; x_wconf 88' lang='lat' dir='ltr'>te:</span> <span class='ocrx_word' id='word_1_138' title='bbox 2828 404 2926 458; x_wconf 86' lang='lat' dir='ltr'>ego</span> <span class='ocrx_word' id='word_1_139' title='bbox 2964 390 3107 444; x_wconf 89' lang='lat' dir='ltr'>enim</span> <span class='ocrx_word' id='word_1_140' title='bbox 3148 407 3264 445; x_wconf 90' lang='lat' dir='ltr'>sum</span> <span class='ocrx_word' id='word_1_141' title='bbox 3311 393 3571 449; x_wconf 83' lang='lat' dir='ltr'>Dominus</span> 
     </span>
    </p>
   </div>
   <div class='ocr_carea' id='block_1_20' title="bbox 1995 476 3570 552">
    <p class='ocr_par' dir='ltr' id='par_1_20' title="bbox 1995 476 3570 552">
     <span class='ocr_line' id='line_1_20' title="bbox 1995 476 3570 552; baseline 0.007 -25"><span class='ocrx_word' id='word_1_142' title='bbox 1995 489 2193 529; x_wconf 88' lang='lat' dir='ltr'>sanans</span> <span class='ocrx_word' id='word_1_143' title='bbox 2213 486 2285 529; x_wconf 91' lang='lat' dir='ltr'>te.</span> <span class='ocrx_word' id='word_1_144' title='bbox 2321 494 2340 526; x_wconf 77' lang='grc' dir='ltr'>ι</span> <span class='ocrx_word' id='word_1_145' title='bbox 2374 476 2705 545; x_wconf 80' lang='lat' dir='ltr'>Quodquein</span> <span class='ocrx_word' id='word_1_146' title='bbox 2733 477 3141 533; x_wconf 82' lang='lat' dir='ltr'>Deuleronomio</span> <span class='ocrx_word' id='word_1_147' title='bbox 3181 483 3246 535; x_wconf 91' lang='lat' dir='ltr'>ad</span> <span class='ocrx_word' id='word_1_148' title='bbox 3280 496 3570 552; x_wconf 77' lang='lat' dir='ltr'>peccantes</span> 
     </span>
    </p>
   </div>
   <div class='ocr_carea' id='block_1_21' title="bbox 1995 564 3571 639">
    <p class='ocr_par' dir='ltr' id='par_1_21' title="bbox 1995 564 3571 639">
     <span class='ocr_line' id='line_1_21' title="bbox 1995 564 3571 639; baseline 0.01 -23"><span class='ocrx_word' id='word_1_149' title='bbox 1995 564 2214 632; x_wconf 91' lang='lat' dir='ltr'>dicitur,</span> <span class='ocrx_word' id='word_1_150' title='bbox 2248 567 2462 621; x_wconf 92' lang='lat' dir='ltr'>videtur</span> <span class='ocrx_word' id='word_1_151' title='bbox 2490 571 2733 637; x_wconf 85' lang='lat' dir='ltr'>corporis</span> <span class='ocrx_word' id='word_1_152' title='bbox 2770 570 2953 639; x_wconf 84' lang='lat' dir='ltr'>plagas</span> <span class='ocrx_word' id='word_1_153' title='bbox 2993 580 3049 625; x_wconf 88' lang='lat' dir='ltr'>et</span> <span class='ocrx_word' id='word_1_154' title='bbox 3081 572 3299 629; x_wconf 85' lang='lat' dir='ltr'>morbos</span> <span class='ocrx_word' id='word_1_155' title='bbox 3330 575 3379 629; x_wconf 93' lang='lat' dir='ltr'>in</span> <span class='ocrx_word' id='word_1_156' title='bbox 3415 577 3571 633; x_wconf 82' lang='lat' dir='ltr'>malis</span> 
     </span>
    </p>
   </div>
   <div class='ocr_carea' id='block_1_22' title="bbox 1998 659 3567 737">
    <p class='ocr_par' dir='ltr' id='par_1_22' title="bbox 1998 659 3567 737">
     <span class='ocr_line' id='line_1_22' title="bbox 1998 659 3567 737; baseline 0.01 -29"><span class='ocrx_word' id='word_1_157' title='bbox 1998 672 2274 725; x_wconf 74' lang='lat' dir='ltr'>reponere,</span> <span class='ocrx_word' id='word_1_158' title='bbox 2306 659 2356 711; x_wconf 92' lang='lat' dir='ltr'>in</span> <span class='ocrx_word' id='word_1_159' title='bbox 2386 662 2542 714; x_wconf 89' lang='lat' dir='ltr'>bonis</span> <span class='ocrx_word' id='word_1_160' title='bbox 2565 676 2693 715; x_wconf 85' lang='lat' dir='ltr'>vero</span> <span class='ocrx_word' id='word_1_161' title='bbox 2716 665 3004 718; x_wconf 88' lang='lat' dir='ltr'>sanitatem</span> <span class='ocrx_word' id='word_1_162' title='bbox 3035 672 3089 717; x_wconf 92' lang='lat' dir='ltr'>et</span> <span class='ocrx_word' id='word_1_163' title='bbox 3118 665 3278 719; x_wconf 92' lang='lat' dir='ltr'>robur</span> <span class='ocrx_word' id='word_1_164' title='bbox 3300 670 3567 737; x_wconf 88' lang='lat' dir='ltr'>corporis.</span> 
     </span>
    </p>
   </div>
   <div class='ocr_carea' id='block_1_23' title="bbox 1995 745 3571 823">
    <p class='ocr_par' dir='ltr' id='par_1_23' title="bbox 1995 745 3571 823">
     <span class='ocr_line' id='line_1_23' title="bbox 1995 745 3571 823; baseline 0.008 -24"><span class='ocrx_word' id='word_1_165' title='bbox 1995 745 2169 802; x_wconf 81' lang='lat' dir='ltr'>Verba</span> <span class='ocrx_word' id='word_1_166' title='bbox 2204 749 2316 804; x_wconf 68' lang='grc' dir='ltr'>ιιωο</span> <span class='ocrx_word' id='word_1_167' title='bbox 2343 762 2472 804; x_wconf 88' lang='lat' dir='ltr'>sunt</span> <span class='ocrx_word' id='word_1_168' title='bbox 2504 751 2588 805; x_wconf 61' lang='lat'>‘3:</span> <span class='ocrx_word' id='word_1_169' title='bbox 2624 770 2644 803; x_wconf 82' lang='grc' dir='ltr'>ι</span> <span class='ocrx_word' id='word_1_170' title='bbox 2679 753 2733 808; x_wconf 89' lang='lat' dir='ltr'>Si</span> <span class='ocrx_word' id='word_1_171' title='bbox 2763 772 2866 808; x_wconf 86' lang='lat' dir='ltr'>non</span> <span class='ocrx_word' id='word_1_172' title='bbox 2896 755 3235 823; x_wconf 87' lang='lat' dir='ltr'>obedieritis,</span> <span class='ocrx_word' id='word_1_173' title='bbox 3272 768 3331 811; x_wconf 91' lang='lat' dir='ltr'>ut</span> <span class='ocrx_word' id='word_1_174' title='bbox 3358 758 3571 813; x_wconf 82' lang='lat' dir='ltr'>faciatis</span> 
     </span>
    </p>
   </div>
   <div class='ocr_carea' id='block_1_24' title="bbox 1994 838 3572 913">
    <p class='ocr_par' dir='ltr' id='par_1_24' title="bbox 1994 838 3572 913">
     <span class='ocr_line' id='line_1_24' title="bbox 1994 838 3572 913; baseline 0.006 -22"><span class='ocrx_word' id='word_1_175' title='bbox 1994 839 2173 891; x_wconf 85' lang='lat' dir='ltr'>omnia</span> <span class='ocrx_word' id='word_1_176' title='bbox 2230 838 2391 893; x_wconf 90' lang='lat' dir='ltr'>verba</span> <span class='ocrx_word' id='word_1_177' title='bbox 2439 840 2571 911; x_wconf 80' lang='lat' dir='ltr'>legis</span> <span class='ocrx_word' id='word_1_178' title='bbox 2624 843 2786 910; x_wconf 87' lang='lat' dir='ltr'>hujus</span> <span class='ocrx_word' id='word_1_179' title='bbox 2822 847 3024 913; x_wconf 88' lang='lat' dir='ltr'>scripta</span> <span class='ocrx_word' id='word_1_180' title='bbox 3072 845 3124 898; x_wconf 93' lang='lat' dir='ltr'>in</span> <span class='ocrx_word' id='word_1_181' title='bbox 3167 845 3305 901; x_wconf 91' lang='lat' dir='ltr'>libro</span> <span class='ocrx_word' id='word_1_182' title='bbox 3334 847 3472 911; x_wconf 87' lang='lat' dir='ltr'>hoc,</span> <span class='ocrx_word' id='word_1_183' title='bbox 3514 856 3572 900; x_wconf 90' lang='lat' dir='ltr'>nt</span> 
     </span>
    </p>
   </div>
   <div class='ocr_carea' id='block_1_25' title="bbox 1996 930 3573 1004">
    <p class='ocr_par' dir='ltr' id='par_1_25' title="bbox 1996 930 3573 1004">
     <span class='ocr_line' id='line_1_25' title="bbox 1996 930 3573 1004; baseline 0.008 -22"><span class='ocrx_word' id='word_1_184' title='bbox 1996 930 2230 986; x_wconf 75' lang='lat' dir='ltr'>timentis</span> <span class='ocrx_word' id='word_1_185' title='bbox 2264 948 2456 987; x_wconf 87' lang='lat' dir='ltr'>nomen</span> <span class='ocrx_word' id='word_1_186' title='bbox 2487 935 2586 987; x_wconf 92' lang='lat' dir='ltr'>hoc</span> <span class='ocrx_word' id='word_1_187' title='bbox 2611 933 2984 991; x_wconf 89' lang='lat' dir='ltr'>honorandum</span> <span class='ocrx_word' id='word_1_188' title='bbox 3014 947 3069 993; x_wconf 89' lang='lat' dir='ltr'>et</span> <span class='ocrx_word' id='word_1_189' title='bbox 3096 940 3438 1004; x_wconf 82' lang='lat' dir='ltr'>admirabile,</span> <span class='ocrx_word' id='word_1_190' title='bbox 3468 941 3573 995; x_wconf 80' lang='lat' dir='ltr'>Do-</span> 
     </span>
    </p>
   </div>
   <div class='ocr_carea' id='block_1_26' title="bbox 1996 1022 3571 1100">
    <p class='ocr_par' dir='ltr' id='par_1_26' title="bbox 1996 1022 3571 1100">
     <span class='ocr_line' id='line_1_26' title="bbox 1996 1022 3571 1100; baseline 0.006 -26"><span class='ocrx_word' id='word_1_191' title='bbox 1996 1023 2199 1076; x_wconf 86' lang='lat' dir='ltr'>minum</span> <span class='ocrx_word' id='word_1_192' title='bbox 2255 1022 2456 1087; x_wconf 88' lang='lat' dir='ltr'>Deum,</span> <span class='ocrx_word' id='word_1_193' title='bbox 2504 1024 2852 1082; x_wconf 80' lang='lat' dir='ltr'>incredibiles</span> <span class='ocrx_word' id='word_1_194' title='bbox 2893 1028 3054 1083; x_wconf 79' lang='lat' dir='ltr'>faciet</span> <span class='ocrx_word' id='word_1_195' title='bbox 3092 1022 3571 1100; x_wconf 57' lang='lat' dir='ltr'>Dorninus&#39;plagas</span> 
     </span>
    </p>
   </div>
   <div class='ocr_carea' id='block_1_27' title="bbox 1997 1117 3572 1191">
    <p class='ocr_par' dir='ltr' id='par_1_27' title="bbox 1997 1117 3572 1191">
     <span class='ocr_line' id='line_1_27' title="bbox 1997 1117 3572 1191; baseline 0.006 -24"><span class='ocrx_word' id='word_1_196' title='bbox 1997 1124 2137 1179; x_wconf 90' lang='lat' dir='ltr'>tuas,</span> <span class='ocrx_word' id='word_1_197' title='bbox 2166 1127 2221 1170; x_wconf 89' lang='lat' dir='ltr'>et</span> <span class='ocrx_word' id='word_1_198' title='bbox 2250 1117 2433 1186; x_wconf 81' lang='lat' dir='ltr'>plagas</span> <span class='ocrx_word' id='word_1_199' title='bbox 2463 1117 2689 1171; x_wconf 90' lang='lat' dir='ltr'>seminis</span> <span class='ocrx_word' id='word_1_200' title='bbox 2722 1118 2818 1184; x_wconf 90' lang='lat' dir='ltr'>tui,</span> <span class='ocrx_word' id='word_1_201' title='bbox 2854 1119 3037 1189; x_wconf 92' lang='lat' dir='ltr'>plagas</span> <span class='ocrx_word' id='word_1_202' title='bbox 3066 1134 3290 1191; x_wconf 87' lang='lat' dir='ltr'>magnas</span> <span class='ocrx_word' id='word_1_203' title='bbox 3311 1133 3365 1175; x_wconf 90' lang='lat' dir='ltr'>et</span> <span class='ocrx_word' id='word_1_204' title='bbox 3393 1124 3572 1177; x_wconf 84' lang='lat' dir='ltr'>admi—</span> 
     </span>
    </p>
   </div>
   <div class='ocr_carea' id='block_1_28' title="bbox 1995 1202 3566 1275">
    <p class='ocr_par' dir='ltr' id='par_1_28' title="bbox 1995 1202 3566 1275">
     <span class='ocr_line' id='line_1_28' title="bbox 1995 1202 3566 1275; baseline 0.008 -21"><span class='ocrx_word' id='word_1_205' title='bbox 1995 1202 2211 1266; x_wconf 88' lang='lat' dir='ltr'>rabiles,</span> <span class='ocrx_word' id='word_1_206' title='bbox 2247 1205 2465 1259; x_wconf 89' lang='lat' dir='ltr'>morbos</span> <span class='ocrx_word' id='word_1_207' title='bbox 2495 1205 2662 1259; x_wconf 89' lang='lat' dir='ltr'>malos</span> <span class='ocrx_word' id='word_1_208' title='bbox 2689 1216 2742 1261; x_wconf 87' lang='lat' dir='ltr'>et</span> <span class='ocrx_word' id='word_1_209' title='bbox 2774 1208 3037 1275; x_wconf 86' lang='lat' dir='ltr'>plurimos</span> <span class='ocrx_word' id='word_1_210' title='bbox 3066 1226 3080 1262; x_wconf 91' lang='lat'><strong>:</strong></span> <span class='ocrx_word' id='word_1_211' title='bbox 3110 1220 3164 1263; x_wconf 91' lang='lat' dir='ltr'>et</span> <span class='ocrx_word' id='word_1_212' title='bbox 3199 1222 3478 1265; x_wconf 85' lang='lat' dir='ltr'>convertet</span> <span class='ocrx_word' id='word_1_213' title='bbox 3515 1214 3566 1266; x_wconf 90' lang='lat' dir='ltr'>in</span> 
     </span>
    </p>
   </div>
   <div class='ocr_carea' id='block_1_29' title="bbox 1997 1294 3565 1369">
    <p class='ocr_par' dir='ltr' id='par_1_29' title="bbox 1997 1294 3565 1369">
     <span class='ocr_line' id='line_1_29' title="bbox 1997 1294 3565 1369; baseline 0.006 -23"><span class='ocrx_word' id='word_1_214' title='bbox 1997 1303 2047 1348; x_wconf 93' lang='lat' dir='ltr'>te</span> <span class='ocrx_word' id='word_1_215' title='bbox 2095 1310 2308 1348; x_wconf 87' lang='lat' dir='ltr'>onmem</span> <span class='ocrx_word' id='word_1_216' title='bbox 2347 1294 2560 1364; x_wconf 81' lang='lat' dir='ltr'>plagam</span> <span class='ocrx_word' id='word_1_217' title='bbox 2596 1296 2813 1369; x_wconf 58' lang='lat' dir='ltr'>.‘Egypti</span> <span class='ocrx_word' id='word_1_218' title='bbox 2850 1298 3080 1363; x_wconf 85' lang='lat' dir='ltr'>malam,</span> <span class='ocrx_word' id='word_1_219' title='bbox 3112 1316 3271 1368; x_wconf 89' lang='lat' dir='ltr'>quam</span> <span class='ocrx_word' id='word_1_220' title='bbox 3314 1303 3565 1358; x_wconf 86' lang='lat' dir='ltr'>devitasti</span> 
     </span>
    </p>
   </div>
   <div class='ocr_carea' id='block_1_30' title="bbox 1993 1387 3568 1461">
    <p class='ocr_par' dir='ltr' id='par_1_30' title="bbox 1993 1387 3568 1461">
     <span class='ocr_line' id='line_1_30' title="bbox 1993 1387 3568 1461; baseline 0.008 -24"><span class='ocrx_word' id='word_1_221' title='bbox 1993 1400 2023 1436; x_wconf 87' lang='lat' dir='ltr'>a</span> <span class='ocrx_word' id='word_1_222' title='bbox 2075 1395 2366 1455; x_wconf 91' lang='lat' dir='ltr'>conspectu</span> <span class='ocrx_word' id='word_1_223' title='bbox 2419 1387 2691 1455; x_wconf 86' lang='lat' dir='ltr'>ipsorum,</span> <span class='ocrx_word' id='word_1_224' title='bbox 2743 1398 2797 1442; x_wconf 88' lang='lat' dir='ltr'>et</span> <span class='ocrx_word' id='word_1_225' title='bbox 2844 1391 3304 1461; x_wconf 89' lang='lat' dir='ltr'>conglutinabitur</span> <span class='ocrx_word' id='word_1_226' title='bbox 3333 1394 3462 1457; x_wconf 89' lang='lat' dir='ltr'>tibi,</span> <span class='ocrx_word' id='word_1_227' title='bbox 3511 1403 3568 1449; x_wconf 89' lang='lat' dir='ltr'>et</span> 
     </span>
    </p>
   </div>
   <div class='ocr_carea' id='block_1_31' title="bbox 1992 1476 3566 1558">
    <p class='ocr_par' dir='ltr' id='par_1_31' title="bbox 1992 1476 3566 1558">
     <span class='ocr_line' id='line_1_31' title="bbox 1992 1476 3566 1558; baseline 0.007 -31"><span class='ocrx_word' id='word_1_228' title='bbox 1992 1488 2207 1528; x_wconf 89' lang='lat' dir='ltr'>omnem</span> <span class='ocrx_word' id='word_1_229' title='bbox 2251 1476 2529 1558; x_wconf 53' lang='lat' dir='ltr'>mollitiem</span> <span class='ocrx_word' id='word_1_230' title='bbox 2571 1485 2623 1531; x_wconf 90' lang='lat' dir='ltr'>et</span> <span class='ocrx_word' id='word_1_231' title='bbox 2663 1494 2880 1533; x_wconf 88' lang='lat' dir='ltr'>omnem</span> <span class='ocrx_word' id='word_1_232' title='bbox 2918 1481 3129 1551; x_wconf 84' lang='lat' dir='ltr'>plagam</span> <span class='ocrx_word' id='word_1_233' title='bbox 3167 1499 3273 1538; x_wconf 91' lang='lat' dir='ltr'>non</span> <span class='ocrx_word' id='word_1_234' title='bbox 3305 1486 3566 1553; x_wconf 82' lang='lat' dir='ltr'>scriptam</span> 
     </span>
    </p>
   </div>
   <div class='ocr_carea' id='block_1_32' title="bbox 309 1563 1888 1645">
    <p class='ocr_par' dir='ltr' id='par_1_32' title="bbox 309 1563 1888 1638">
     <span class='ocr_line' id='line_1_32' title="bbox 309 1563 1888 1638; baseline 0.003 -22"><span class='ocrx_word' id='word_1_235' title='bbox 309 1563 412 1627; x_wconf 88' lang='grc' dir='ltr'>λας</span> <span class='ocrx_word' id='word_1_236' title='bbox 458 1565 551 1617; x_wconf 67' lang='grc' dir='ltr'>καὶ</span> <span class='ocrx_word' id='word_1_237' title='bbox 583 1563 921 1636; x_wconf 79' lang='grc' dir='ltr'>θαυμαστὰς,</span> <span class='ocrx_word' id='word_1_238' title='bbox 972 1567 1066 1619; x_wconf 74' lang='grc' dir='ltr'>καὶ</span> <span class='ocrx_word' id='word_1_239' title='bbox 1110 1566 1299 1630; x_wconf 87' lang='grc' dir='ltr'>νόσους</span> <span class='ocrx_word' id='word_1_240' title='bbox 1348 1568 1590 1638; x_wconf 85' lang='grc' dir='ltr'>πονηρὰς</span> <span class='ocrx_word' id='word_1_241' title='bbox 1624 1569 1718 1621; x_wconf 70' lang='grc' dir='ltr'>καὶ</span> <span class='ocrx_word' id='word_1_242' title='bbox 1745 1567 1888 1621; x_wconf 90' lang='grc' dir='ltr'>πλεί-</span> 
     </span>
    </p>
   </div>
   <div class='ocr_carea' id='block_1_33' title="bbox 1994 1563 3570 1645">
    <p class='ocr_par' dir='ltr' id='par_1_33' title="bbox 1997 1563 3570 1645">
     <span class='ocr_line' id='line_1_33' title="bbox 1997 1563 3570 1645; baseline 0.01 -30"><span class='ocrx_word' id='word_1_243' title='bbox 1997 1563 2048 1616; x_wconf 83' lang='grc' dir='ltr'>ἰη</span> <span class='ocrx_word' id='word_1_244' title='bbox 2079 1563 2217 1618; x_wconf 87' lang='lat' dir='ltr'>libro</span> <span class='ocrx_word' id='word_1_245' title='bbox 2246 1565 2377 1635; x_wconf 77' lang='lat' dir='ltr'>legis</span> <span class='ocrx_word' id='word_1_246' title='bbox 2399 1566 2580 1636; x_wconf 88' lang='lat' dir='ltr'>hujus,</span> <span class='ocrx_word' id='word_1_247' title='bbox 2612 1569 2840 1631; x_wconf 78' lang='lat' dir='ltr'>adducet</span> <span class='ocrx_word' id='word_1_248' title='bbox 2875 1573 3131 1629; x_wconf 82' lang='lat' dir='ltr'>Dominus</span> <span class='ocrx_word' id='word_1_249' title='bbox 3162 1592 3323 1645; x_wconf 88' lang='lat' dir='ltr'>super</span> <span class='ocrx_word' id='word_1_250' title='bbox 3357 1587 3407 1631; x_wconf 92' lang='lat' dir='ltr'>te</span> <span class='ocrx_word' id='word_1_251' title='bbox 3429 1618 3443 1641; x_wconf 92' lang='lat'>,</span> <span class='ocrx_word' id='word_1_252' title='bbox 3474 1579 3570 1632; x_wconf 84' lang='lat' dir='ltr'>do—</span> 
     </span>
    </p>
   </div>
   <div class='ocr_carea' id='block_1_34' title="bbox 312 1637 1888 1736">
    <p class='ocr_par' dir='ltr' id='par_1_34' title="bbox 312 1637 1888 1731">
     <span class='ocr_line' id='line_1_34' title="bbox 312 1637 1888 1731; baseline 0.003 -24"><span class='ocrx_word' id='word_1_253' title='bbox 312 1672 447 1719; x_wconf 81' lang='grc' dir='ltr'>στας</span> <span class='ocrx_word' id='word_1_254' title='bbox 663 1656 758 1710; x_wconf 81' lang='grc' dir='ltr'>καὶ</span> <span class='ocrx_word' id='word_1_255' title='bbox 799 1656 1114 1728; x_wconf 75' lang='grc' dir='ltr'>ἐπιστρέψει</span> <span class='ocrx_word' id='word_1_256' title='bbox 1161 1657 1253 1710; x_wconf 78' lang='grc' dir='ltr'>ἐπὶ</span> <span class='ocrx_word' id='word_1_257' title='bbox 1304 1658 1363 1711; x_wconf 85' lang='grc' dir='ltr'>σὲ</span> <span class='ocrx_word' id='word_1_258' title='bbox 1408 1637 1586 1712; x_wconf 81' lang='grc' dir='ltr'>πᾶσαν</span> <span class='ocrx_word' id='word_1_259' title='bbox 1625 1658 1722 1731; x_wconf 78' lang='grc' dir='ltr'>τὴν</span> <span class='ocrx_word' id='word_1_260' title='bbox 1756 1658 1888 1730; x_wconf 91' lang='grc' dir='ltr'>πλη-</span> 
     </span>
    </p>
   </div>
   <div class='ocr_carea' id='block_1_35' title="bbox 1994 1637 3568 1736">
    <p class='ocr_par' dir='ltr' id='par_1_35' title="bbox 1998 1658 3568 1736">
     <span class='ocr_line' id='line_1_35' title="bbox 1998 1658 3568 1736; baseline 0.011 -31"><span class='ocrx_word' id='word_1_261' title='bbox 1998 1668 2096 1709; x_wconf 91' lang='lat' dir='ltr'>nec</span> <span class='ocrx_word' id='word_1_262' title='bbox 2144 1658 2588 1713; x_wconf 82' lang='lat' dir='ltr'>exterminaverit</span> <span class='ocrx_word' id='word_1_263' title='bbox 2642 1671 2712 1714; x_wconf 90' lang='lat' dir='ltr'>te.</span> <span class='ocrx_word' id='word_1_264' title='bbox 2748 1681 2769 1713; x_wconf 73' lang='grc' dir='ltr'>ι</span> <span class='ocrx_word' id='word_1_265' title='bbox 2803 1662 2869 1716; x_wconf 89' lang='grc' dir='ltr'>Ει</span> <span class='ocrx_word' id='word_1_266' title='bbox 2894 1679 3082 1721; x_wconf 87' lang='lat' dir='ltr'>rursus</span> <span class='ocrx_word' id='word_1_267' title='bbox 3113 1666 3568 1736; x_wconf 83' lang='lat' dir='ltr'>perlringcntibus</span> 
     </span>
    </p>
   </div>
   <div class='ocr_carea' id='block_1_36' title="bbox 310 1746 1891 1824">
    <p class='ocr_par' dir='ltr' id='par_1_36' title="bbox 310 1746 1891 1824">
     <span class='ocr_line' id='line_1_36' title="bbox 310 1746 1891 1824; baseline 0.003 -25"><span class='ocrx_word' id='word_1_268' title='bbox 310 1747 419 1818; x_wconf 81' lang='grc' dir='ltr'>γὴν</span> <span class='ocrx_word' id='word_1_269' title='bbox 445 1747 718 1817; x_wconf 81' lang='grc' dir='ltr'>Αἰγύπτου</span> <span class='ocrx_word' id='word_1_270' title='bbox 743 1746 839 1820; x_wconf 77' lang='grc' dir='ltr'>τὴν</span> <span class='ocrx_word' id='word_1_271' title='bbox 869 1748 1132 1820; x_wconf 84' lang='grc' dir='ltr'>πονηρὰν,</span> <span class='ocrx_word' id='word_1_272' title='bbox 1171 1748 1239 1819; x_wconf 80' lang='grc' dir='ltr'>ἣν</span> <span class='ocrx_word' id='word_1_273' title='bbox 1269 1749 1557 1820; x_wconf 78' lang='grc' dir='ltr'>διηυλαϐοῢ</span> <span class='ocrx_word' id='word_1_274' title='bbox 1593 1751 1699 1803; x_wconf 84' lang='grc' dir='ltr'>ἀπὸ</span> <span class='ocrx_word' id='word_1_275' title='bbox 1726 1768 1891 1824; x_wconf 78' lang='grc' dir='ltr'>προσο</span> 
     </span>
    </p>
   </div>
   <div class='ocr_carea' id='block_1_37' title="bbox 309 1840 1893 1915">
    <p class='ocr_par' dir='ltr' id='par_1_37' title="bbox 309 1840 1893 1915">
     <span class='ocr_line' id='line_1_37' title="bbox 309 1840 1893 1915; baseline 0.003 -22"><span class='ocrx_word' id='word_1_276' title='bbox 309 1840 477 1895; x_wconf 80' lang='grc' dir='ltr'>ὡπων</span> <span class='ocrx_word' id='word_1_277' title='bbox 503 1841 680 1895; x_wconf 78' lang='grc' dir='ltr'>αὐτῶν</span> <span class='ocrx_word' id='word_1_278' title='bbox 699 1858 711 1871; x_wconf 88' lang='grc'><strong>·</strong></span> <span class='ocrx_word' id='word_1_279' title='bbox 742 1842 836 1895; x_wconf 79' lang='grc' dir='ltr'>καὶ</span> <span class='ocrx_word' id='word_1_280' title='bbox 878 1840 1264 1913; x_wconf 89' lang='grc' dir='ltr'>κολληθήσεταί</span> <span class='ocrx_word' id='word_1_281' title='bbox 1311 1860 1412 1907; x_wconf 91' lang='grc' dir='ltr'>σοι,</span> <span class='ocrx_word' id='word_1_282' title='bbox 1453 1843 1546 1897; x_wconf 84' lang='grc' dir='ltr'>καὶ</span> <span class='ocrx_word' id='word_1_283' title='bbox 1581 1846 1759 1898; x_wconf 81' lang='grc' dir='ltr'>πᾶσαν</span> <span class='ocrx_word' id='word_1_284' title='bbox 1791 1863 1893 1915; x_wconf 91' lang='grc' dir='ltr'>μα-</span> 
     </span>
    </p>
   </div>
   <div class='ocr_carea' id='block_1_38' title="bbox 310 1932 1889 2007">
    <p class='ocr_par' dir='ltr' id='par_1_38' title="bbox 310 1932 1889 2007">
     <span class='ocr_line' id='line_1_38' title="bbox 310 1932 1889 2007; baseline 0.003 -23"><span class='ocrx_word' id='word_1_285' title='bbox 310 1932 542 1995; x_wconf 86' lang='grc' dir='ltr'>λακίαν,</span> <span class='ocrx_word' id='word_1_286' title='bbox 595 1932 691 1985; x_wconf 77' lang='grc' dir='ltr'>καὶ</span> <span class='ocrx_word' id='word_1_287' title='bbox 745 1933 923 1985; x_wconf 83' lang='grc' dir='ltr'>πᾶσαν</span> <span class='ocrx_word' id='word_1_288' title='bbox 976 1933 1188 2005; x_wconf 84' lang='grc' dir='ltr'>πληγὴν</span> <span class='ocrx_word' id='word_1_289' title='bbox 1232 1933 1330 2005; x_wconf 80' lang='grc' dir='ltr'>τὴν</span> <span class='ocrx_word' id='word_1_290' title='bbox 1376 1933 1452 2005; x_wconf 84' lang='grc' dir='ltr'>μὴ</span> <span class='ocrx_word' id='word_1_291' title='bbox 1499 1936 1889 2007; x_wconf 82' lang='grc' dir='ltr'>γεγραμμένην</span> 
     </span>
    </p>
   </div>
   <div class='ocr_carea' id='block_1_39' title="bbox 312 2022 1888 2099">
    <p class='ocr_par' dir='ltr' id='par_1_39' title="bbox 312 2022 1888 2099">
     <span class='ocr_line' id='line_1_39' title="bbox 312 2022 1888 2099; baseline 0.002 -21"><span class='ocrx_word' id='word_1_292' title='bbox 312 2026 374 2078; x_wconf 79' lang='grc' dir='ltr'>ἐν</span> <span class='ocrx_word' id='word_1_293' title='bbox 420 2024 498 2095; x_wconf 83' lang='grc' dir='ltr'>τῷ</span> <span class='ocrx_word' id='word_1_294' title='bbox 532 2022 717 2095; x_wconf 84' lang='grc' dir='ltr'>βιϐλίῳ</span> <span class='ocrx_word' id='word_1_295' title='bbox 756 2024 848 2077; x_wconf 84' lang='grc' dir='ltr'>τοῦ</span> <span class='ocrx_word' id='word_1_296' title='bbox 883 2024 1047 2096; x_wconf 84' lang='grc' dir='ltr'>νόμου</span> <span class='ocrx_word' id='word_1_297' title='bbox 1096 2023 1285 2078; x_wconf 87' lang='grc' dir='ltr'>τούτου</span> <span class='ocrx_word' id='word_1_298' title='bbox 1329 2025 1518 2091; x_wconf 79' lang='grc' dir='ltr'>ἐπάξει</span> <span class='ocrx_word' id='word_1_299' title='bbox 1546 2027 1749 2099; x_wconf 89' lang='grc' dir='ltr'>Κύριος</span> <span class='ocrx_word' id='word_1_300' title='bbox 1794 2029 1888 2082; x_wconf 70' lang='grc' dir='ltr'>ἐπὶ</span> 
     </span>
    </p>
   </div>
   <div class='ocr_carea' id='block_1_40' title="bbox 314 2113 1890 2189">
    <p class='ocr_par' dir='ltr' id='par_1_40' title="bbox 314 2113 1890 2189">
     <span class='ocr_line' id='line_1_40' title="bbox 314 2113 1890 2189; baseline 0.003 -21"><span class='ocrx_word' id='word_1_301' title='bbox 314 2116 396 2179; x_wconf 80' lang='grc' dir='ltr'>σὲ,</span> <span class='ocrx_word' id='word_1_302' title='bbox 445 2115 548 2178; x_wconf 75' lang='grc' dir='ltr'>ἕως</span> <span class='ocrx_word' id='word_1_303' title='bbox 597 2114 663 2169; x_wconf 86' lang='grc' dir='ltr'>ἂν</span> <span class='ocrx_word' id='word_1_304' title='bbox 713 2113 1064 2189; x_wconf 83' lang='grc' dir='ltr'>ὲξολοθρεύσῃ</span> <span class='ocrx_word' id='word_1_305' title='bbox 1112 2132 1202 2168; x_wconf 89' lang='grc' dir='ltr'>σε·</span> <span class='ocrx_word' id='word_1_306' title='bbox 1231 2135 1248 2167; x_wconf 78' lang='grc' dir='ltr'>ι</span> <span class='ocrx_word' id='word_1_307' title='bbox 1290 2116 1386 2171; x_wconf 74' lang='grc' dir='ltr'>καὶ</span> <span class='ocrx_word' id='word_1_308' title='bbox 1429 2117 1589 2172; x_wconf 85' lang='grc' dir='ltr'>πάλιν</span> <span class='ocrx_word' id='word_1_309' title='bbox 1634 2121 1746 2182; x_wconf 86' lang='grc' dir='ltr'>τοῖς</span> <span class='ocrx_word' id='word_1_310' title='bbox 1787 2137 1890 2172; x_wconf 90' lang='grc' dir='ltr'>πα-</span> 
     </span>
    </p>
   </div>
   <div class='ocr_carea' id='block_1_41' title="bbox 313 2204 1888 2280">
    <p class='ocr_par' dir='ltr' id='par_1_41' title="bbox 313 2204 1888 2280">
     <span class='ocr_line' id='line_1_41' title="bbox 313 2204 1888 2280; baseline 0.001 -20"><span class='ocrx_word' id='word_1_311' title='bbox 313 2206 628 2279; x_wconf 89' lang='grc' dir='ltr'>ραϐαίνουσι</span> <span class='ocrx_word' id='word_1_312' title='bbox 669 2205 768 2269; x_wconf 82' lang='grc' dir='ltr'>τὰς</span> <span class='ocrx_word' id='word_1_313' title='bbox 818 2206 1037 2269; x_wconf 74' lang='grc' dir='ltr'>ἐντολὰς</span> <span class='ocrx_word' id='word_1_314' title='bbox 1100 2204 1316 2274; x_wconf 88' lang='grc' dir='ltr'>λέγεται</span> <span class='ocrx_word' id='word_1_315' title='bbox 1361 2209 1422 2261; x_wconf 89' lang='grc' dir='ltr'>τό</span> <span class='ocrx_word' id='word_1_316' title='bbox 1442 2225 1455 2237; x_wconf 90' lang='grc'><strong>·</strong></span> <span class='ocrx_word' id='word_1_317' title='bbox 1520 2227 1539 2260; x_wconf 81' lang='grc' dir='ltr'>ι</span> <span class='ocrx_word' id='word_1_318' title='bbox 1563 2208 1888 2280; x_wconf 80' lang='grc' dir='ltr'>Ἐπιπέμψω</span> 
     </span>
    </p>
   </div>
   <div class='ocr_carea' id='block_1_42' title="bbox 314 2298 1887 2371">
    <p class='ocr_par' dir='ltr' id='par_1_42' title="bbox 314 2298 1887 2371">
     <span class='ocr_line' id='line_1_42' title="bbox 314 2298 1887 2371; baseline 0.001 -19"><span class='ocrx_word' id='word_1_319' title='bbox 314 2300 446 2371; x_wconf 84' lang='grc' dir='ltr'>ὑμῖν</span> <span class='ocrx_word' id='word_1_320' title='bbox 516 2299 769 2368; x_wconf 84' lang='grc' dir='ltr'>πυρετὸν,</span> <span class='ocrx_word' id='word_1_321' title='bbox 839 2298 933 2351; x_wconf 81' lang='grc' dir='ltr'>καὶ</span> <span class='ocrx_word' id='word_1_322' title='bbox 1009 2298 1241 2368; x_wconf 77' lang='grc' dir='ltr'>ἴκτερον,</span> <span class='ocrx_word' id='word_1_323' title='bbox 1302 2299 1397 2352; x_wconf 74' lang='grc' dir='ltr'>καὶ</span> <span class='ocrx_word' id='word_1_324' title='bbox 1466 2298 1887 2369; x_wconf 72' lang='grc' dir='ltr'>σφακελίζοντας</span> 
     </span>
    </p>
   </div>
   <div class='ocr_carea' id='block_1_43' title="bbox 308 2389 1888 2467">
    <p class='ocr_par' dir='ltr' id='par_1_43' title="bbox 308 2389 1888 2467">
     <span class='ocr_line' id='line_1_43' title="bbox 308 2389 1888 2467; baseline 0.001 -21"><span class='ocrx_word' id='word_1_325' title='bbox 308 2391 439 2455; x_wconf 83' lang='grc' dir='ltr'>τοὺς</span> <span class='ocrx_word' id='word_1_326' title='bbox 481 2390 792 2461; x_wconf 76' lang='grc' dir='ltr'>ὀφθαλμοὺς</span> <span class='ocrx_word' id='word_1_327' title='bbox 833 2389 1007 2463; x_wconf 84' lang='grc' dir='ltr'>ὑμῶν,</span> <span class='ocrx_word' id='word_1_328' title='bbox 1053 2391 1147 2444; x_wconf 72' lang='grc' dir='ltr'>καὶ</span> <span class='ocrx_word' id='word_1_329' title='bbox 1179 2390 1276 2462; x_wconf 85' lang='grc' dir='ltr'>τὴν</span> <span class='ocrx_word' id='word_1_330' title='bbox 1309 2390 1484 2463; x_wconf 75' lang='grc' dir='ltr'>ψυχὴν</span> <span class='ocrx_word' id='word_1_331' title='bbox 1528 2393 1680 2462; x_wconf 83' lang='grc' dir='ltr'>ὑμῶν</span> <span class='ocrx_word' id='word_1_332' title='bbox 1726 2394 1888 2467; x_wconf 77' lang='grc' dir='ltr'>ἐκτή-</span> 
     </span>
    </p>
   </div>
   <div class='ocr_carea' id='block_1_44' title="bbox 312 2479 1886 2553">
    <p class='ocr_par' dir='ltr' id='par_1_44' title="bbox 312 2479 1886 2553">
     <span class='ocr_line' id='line_1_44' title="bbox 312 2479 1886 2553; baseline 0.001 -18"><span class='ocrx_word' id='word_1_333' title='bbox 312 2498 534 2535; x_wconf 86' lang='grc' dir='ltr'>κουσαν·</span> <span class='ocrx_word' id='word_1_334' title='bbox 563 2501 582 2532; x_wconf 73' lang='grc' dir='ltr'>ι</span> <span class='ocrx_word' id='word_1_335' title='bbox 618 2480 752 2553; x_wconf 86' lang='grc' dir='ltr'>πρὸς</span> <span class='ocrx_word' id='word_1_336' title='bbox 778 2479 988 2544; x_wconf 78' lang='grc' dir='ltr'>τούτοις</span> <span class='ocrx_word' id='word_1_337' title='bbox 1012 2480 1106 2534; x_wconf 76' lang='grc' dir='ltr'>καὶ</span> <span class='ocrx_word' id='word_1_338' title='bbox 1136 2482 1192 2533; x_wconf 77' lang='grc' dir='ltr'>ἐν</span> <span class='ocrx_word' id='word_1_339' title='bbox 1214 2480 1290 2552; x_wconf 83' lang='grc' dir='ltr'>τῷ</span> <span class='ocrx_word' id='word_1_340' title='bbox 1318 2483 1749 2553; x_wconf 77' lang='grc' dir='ltr'>Δευτερονομίῳ</span> <span class='ocrx_word' id='word_1_341' title='bbox 1777 2488 1886 2549; x_wconf 80' lang='grc' dir='ltr'>τοῖς</span> 
     </span>
    </p>
   </div>
   <div class='ocr_carea' id='block_1_45' title="bbox 309 2571 1885 2644">
    <p class='ocr_par' dir='ltr' id='par_1_45' title="bbox 309 2571 1885 2644">
     <span class='ocr_line' id='line_1_45' title="bbox 309 2571 1885 2644; baseline 0.001 -17"><span class='ocrx_word' id='word_1_342' title='bbox 309 2572 699 2644; x_wconf 76' lang='grc' dir='ltr'>ἀφισταμένοις</span> <span class='ocrx_word' id='word_1_343' title='bbox 744 2571 844 2643; x_wconf 81' lang='grc' dir='ltr'>τῆς</span> <span class='ocrx_word' id='word_1_344' title='bbox 887 2571 1195 2637; x_wconf 86' lang='grc' dir='ltr'>θεοσεϐείας</span> <span class='ocrx_word' id='word_1_345' title='bbox 1236 2573 1449 2627; x_wconf 81' lang='grc' dir='ltr'>ἀπειλεῖ</span> <span class='ocrx_word' id='word_1_346' title='bbox 1486 2576 1515 2627; x_wconf 91' lang='lat'>6</span> <span class='ocrx_word' id='word_1_347' title='bbox 1564 2574 1720 2644; x_wconf 86' lang='grc' dir='ltr'>λόγος</span> <span class='ocrx_word' id='word_1_348' title='bbox 1762 2577 1885 2628; x_wconf 84' lang='grc' dir='ltr'>ὀπι-</span> 
     </span>
    </p>
   </div>
   <div class='ocr_carea' id='block_1_46' title="bbox 314 2661 1884 2736">
    <p class='ocr_par' dir='ltr' id='par_1_46' title="bbox 314 2661 1884 2736">
     <span class='ocr_line' id='line_1_46' title="bbox 314 2661 1884 2736; baseline 0 -19"><span class='ocrx_word' id='word_1_349' title='bbox 314 2665 560 2717; x_wconf 86' lang='grc' dir='ltr'>σθότονον</span> <span class='ocrx_word' id='word_1_350' title='bbox 588 2663 824 2717; x_wconf 84' lang='grc' dir='ltr'>ἀνίατον.</span> <span class='ocrx_word' id='word_1_351' title='bbox 869 2661 1024 2716; x_wconf 83' lang='grc' dir='ltr'>Τὰδὲ</span> <span class='ocrx_word' id='word_1_352' title='bbox 1055 2664 1210 2727; x_wconf 79' lang='grc' dir='ltr'>ἐκτὸς</span> <span class='ocrx_word' id='word_1_353' title='bbox 1254 2663 1435 2733; x_wconf 81' lang='grc' dir='ltr'>ἀγαθὰ</span> <span class='ocrx_word' id='word_1_354' title='bbox 1473 2664 1523 2717; x_wconf 78' lang='lat' dir='ltr'>oi</span> <span class='ocrx_word' id='word_1_355' title='bbox 1569 2663 1884 2736; x_wconf 84' lang='grc' dir='ltr'>βουλόμενοι</span> 
     </span>
    </p>
   </div>
   <div class='ocr_carea' id='block_1_47' title="bbox 311 2754 1888 2827">
    <p class='ocr_par' dir='ltr' id='par_1_47' title="bbox 311 2754 1888 2827">
     <span class='ocr_line' id='line_1_47' title="bbox 311 2754 1888 2827; baseline -0.001 -17"><span class='ocrx_word' id='word_1_356' title='bbox 311 2756 456 2810; x_wconf 78' lang='grc' dir='ltr'>κατὰ</span> <span class='ocrx_word' id='word_1_357' title='bbox 498 2757 587 2809; x_wconf 78' lang='grc' dir='ltr'>τὸν</span> <span class='ocrx_word' id='word_1_358' title='bbox 636 2755 776 2809; x_wconf 89' lang='grc' dir='ltr'>θεῖον</span> <span class='ocrx_word' id='word_1_359' title='bbox 811 2754 1240 2825; x_wconf 79' lang='grc' dir='ltr'>ἐπαγγέλλεσθαι</span> <span class='ocrx_word' id='word_1_360' title='bbox 1286 2755 1442 2824; x_wconf 92' lang='grc' dir='ltr'>λόγον</span> <span class='ocrx_word' id='word_1_361' title='bbox 1482 2758 1592 2819; x_wconf 77' lang='grc' dir='ltr'>τοῖς</span> <span class='ocrx_word' id='word_1_362' title='bbox 1636 2757 1733 2827; x_wconf 84' lang='grc' dir='ltr'>μὲν</span> <span class='ocrx_word' id='word_1_363' title='bbox 1779 2756 1888 2810; x_wconf 79' lang='grc' dir='ltr'>ἀπὸ</span> 
     </span>
    </p>
   </div>
   <div class='ocr_carea' id='block_1_48' title="bbox 310 2846 1886 2919">
    <p class='ocr_par' dir='ltr' id='par_1_48' title="bbox 310 2846 1886 2919">
     <span class='ocr_line' id='line_1_48' title="bbox 310 2846 1886 2919; baseline 0.001 -19"><span class='ocrx_word' id='word_1_364' title='bbox 310 2847 407 2900; x_wconf 82' lang='grc' dir='ltr'>τοῦ</span> <span class='ocrx_word' id='word_1_365' title='bbox 451 2846 763 2901; x_wconf 83' lang='grc' dir='ltr'>Λευττικοῦ</span> <span class='ocrx_word' id='word_1_366' title='bbox 796 2846 1005 2910; x_wconf 80' lang='grc' dir='ltr'>τούτοις</span> <span class='ocrx_word' id='word_1_367' title='bbox 1055 2848 1380 2919; x_wconf 85' lang='grc' dir='ltr'>χρήσονται·</span> <span class='ocrx_word' id='word_1_368' title='bbox 1432 2866 1450 2898; x_wconf 85' lang='grc' dir='ltr'>ι</span> <span class='ocrx_word' id='word_1_369' title='bbox 1512 2847 1639 2901; x_wconf 83' lang='grc' dir='ltr'>Ἐὰν</span> <span class='ocrx_word' id='word_1_370' title='bbox 1673 2849 1730 2901; x_wconf 81' lang='grc' dir='ltr'>ὲν</span> <span class='ocrx_word' id='word_1_371' title='bbox 1774 2850 1886 2913; x_wconf 87' lang='grc' dir='ltr'>τοῖς</span> 
     </span>
    </p>
   </div>
   <div class='ocr_carea' id='block_1_49' title="bbox 313 2937 1887 3011">
    <p class='ocr_par' dir='ltr' id='par_1_49' title="bbox 313 2937 1887 3011">
     <span class='ocr_line' id='line_1_49' title="bbox 313 2937 1887 3011; baseline -0.001 -19"><span class='ocrx_word' id='word_1_372' title='bbox 313 2938 694 3011; x_wconf 85' lang='grc' dir='ltr'>προστάγμασί</span> <span class='ocrx_word' id='word_1_373' title='bbox 714 2956 814 3009; x_wconf 93' lang='grc' dir='ltr'>μου</span> <span class='ocrx_word' id='word_1_374' title='bbox 836 2937 1160 3010; x_wconf 84' lang='grc' dir='ltr'>πορεύησθε,</span> <span class='ocrx_word' id='word_1_375' title='bbox 1182 2940 1275 2992; x_wconf 77' lang='grc' dir='ltr'>καὶ</span> <span class='ocrx_word' id='word_1_376' title='bbox 1301 2938 1398 3002; x_wconf 86' lang='grc' dir='ltr'>τὰς</span> <span class='ocrx_word' id='word_1_377' title='bbox 1423 2939 1641 3002; x_wconf 77' lang='grc' dir='ltr'>ἐντολάς</span> <span class='ocrx_word' id='word_1_378' title='bbox 1663 2956 1761 3010; x_wconf 91' lang='grc' dir='ltr'>μου</span> <span class='ocrx_word' id='word_1_379' title='bbox 1786 2956 1887 3007; x_wconf 85' lang='grc' dir='ltr'>φυ-</span> 
     </span>
    </p>
   </div>
   <div class='ocr_carea' id='block_1_50' title="bbox 312 3029 1884 3103">
    <p class='ocr_par' dir='ltr' id='par_1_50' title="bbox 312 3029 1884 3103">
     <span class='ocr_line' id='line_1_50' title="bbox 312 3029 1884 3103; baseline 0 -18"><span class='ocrx_word' id='word_1_380' title='bbox 312 3031 620 3103; x_wconf 81' lang='grc' dir='ltr'>λάσσησθε,</span> <span class='ocrx_word' id='word_1_381' title='bbox 666 3031 761 3084; x_wconf 78' lang='grc' dir='ltr'>καὶ</span> <span class='ocrx_word' id='word_1_382' title='bbox 803 3031 996 3100; x_wconf 82' lang='grc' dir='ltr'>ποιῆτε</span> <span class='ocrx_word' id='word_1_383' title='bbox 1029 3029 1216 3096; x_wconf 81' lang='grc' dir='ltr'>αὐτὰς,</span> <span class='ocrx_word' id='word_1_384' title='bbox 1248 3031 1403 3084; x_wconf 83' lang='grc' dir='ltr'>δώσω</span> <span class='ocrx_word' id='word_1_385' title='bbox 1444 3031 1535 3085; x_wconf 82' lang='grc' dir='ltr'>τὸν</span> <span class='ocrx_word' id='word_1_386' title='bbox 1577 3031 1730 3085; x_wconf 89' lang='grc' dir='ltr'>ὑετὸν</span> <span class='ocrx_word' id='word_1_387' title='bbox 1757 3033 1884 3102; x_wconf 85' lang='grc' dir='ltr'>ὑμῖν</span> 
     </span>
    </p>
   </div>
   <div class='ocr_carea' id='block_1_51' title="bbox 314 3122 1886 3196">
    <p class='ocr_par' dir='ltr' id='par_1_51' title="bbox 314 3122 1886 3196">
     <span class='ocr_line' id='line_1_51' title="bbox 314 3122 1886 3196; baseline -0.001 -17"><span class='ocrx_word' id='word_1_388' title='bbox 314 3128 372 3179; x_wconf 85' lang='grc' dir='ltr'>ὲν</span> <span class='ocrx_word' id='word_1_389' title='bbox 433 3123 609 3196; x_wconf 82' lang='grc' dir='ltr'>καιρῷ</span> <span class='ocrx_word' id='word_1_390' title='bbox 655 3123 855 3189; x_wconf 83' lang='grc' dir='ltr'>αὐτοῦ,</span> <span class='ocrx_word' id='word_1_391' title='bbox 903 3122 998 3177; x_wconf 69' lang='grc' dir='ltr'>καὶ</span> <span class='ocrx_word' id='word_1_392' title='bbox 1041 3125 1075 3195; x_wconf 81' lang='grc' dir='ltr'><strong>ἡ</strong></span> <span class='ocrx_word' id='word_1_393' title='bbox 1131 3124 1204 3195; x_wconf 93' lang='grc' dir='ltr'>γῆ</span> <span class='ocrx_word' id='word_1_394' title='bbox 1242 3123 1402 3177; x_wconf 88' lang='grc' dir='ltr'>δώσει</span> <span class='ocrx_word' id='word_1_395' title='bbox 1446 3125 1516 3178; x_wconf 83' lang='grc' dir='ltr'>τὰ</span> <span class='ocrx_word' id='word_1_396' title='bbox 1569 3125 1886 3196; x_wconf 78' lang='grc' dir='ltr'>γεννήματα</span> 
     </span>
    </p>
   </div>
   <div class='ocr_carea' id='block_1_52' title="bbox 314 3214 1886 3289">
    <p class='ocr_par' dir='ltr' id='par_1_52' title="bbox 314 3214 1886 3289">
     <span class='ocr_line' id='line_1_52' title="bbox 314 3214 1886 3289; baseline 0 -20"><span class='ocrx_word' id='word_1_397' title='bbox 314 3216 516 3287; x_wconf 83' lang='grc' dir='ltr'>αὐτῆς,</span> <span class='ocrx_word' id='word_1_398' title='bbox 541 3216 724 3270; x_wconf 78' lang='grc' dir='ltr'>καὶτὰ</span> <span class='ocrx_word' id='word_1_399' title='bbox 747 3215 876 3281; x_wconf 81' lang='grc' dir='ltr'>ξύλα</span> <span class='ocrx_word' id='word_1_400' title='bbox 893 3214 1001 3269; x_wconf 81' lang='grc' dir='ltr'>τῶν</span> <span class='ocrx_word' id='word_1_401' title='bbox 1036 3216 1236 3269; x_wconf 87' lang='grc' dir='ltr'>πεδίων</span> <span class='ocrx_word' id='word_1_402' title='bbox 1259 3216 1418 3269; x_wconf 80' lang='grc' dir='ltr'>δώσει</span> <span class='ocrx_word' id='word_1_403' title='bbox 1440 3216 1533 3271; x_wconf 82' lang='grc' dir='ltr'>τὸν</span> <span class='ocrx_word' id='word_1_404' title='bbox 1554 3217 1766 3289; x_wconf 79' lang='grc' dir='ltr'>καρπὸν</span> <span class='ocrx_word' id='word_1_405' title='bbox 1788 3218 1886 3270; x_wconf 84' lang='grc' dir='ltr'>αὐ-</span> 
     </span>
    </p>
   </div>
   <div class='ocr_carea' id='block_1_53' title="bbox 312 3311 1884 3384">
    <p class='ocr_par' dir='ltr' id='par_1_53' title="bbox 312 3311 1884 3384">
     <span class='ocr_line' id='line_1_53' title="bbox 312 3311 1884 3384; baseline -0.002 -17"><span class='ocrx_word' id='word_1_406' title='bbox 312 3313 441 3368; x_wconf 86' lang='grc' dir='ltr'>τῶν.</span> <span class='ocrx_word' id='word_1_407' title='bbox 469 3313 581 3367; x_wconf 77' lang='grc' dir='ltr'>Καὶ</span> <span class='ocrx_word' id='word_1_408' title='bbox 613 3312 980 3383; x_wconf 73' lang='grc' dir='ltr'>καταλήψεται</span> <span class='ocrx_word' id='word_1_409' title='bbox 1012 3313 1139 3383; x_wconf 82' lang='grc' dir='ltr'>ὑμῖν</span> <span class='ocrx_word' id='word_1_410' title='bbox 1172 3313 1200 3364; x_wconf 91' lang='lat'>6</span> <span class='ocrx_word' id='word_1_411' title='bbox 1231 3312 1457 3384; x_wconf 83' lang='grc' dir='ltr'>ἀλοητδς</span> <span class='ocrx_word' id='word_1_412' title='bbox 1479 3311 1570 3366; x_wconf 84' lang='grc' dir='ltr'>τὸν</span> <span class='ocrx_word' id='word_1_413' title='bbox 1596 3312 1884 3383; x_wconf 83' lang='grc' dir='ltr'>τρυγητὸν,</span> 
     </span>
    </p>
   </div>
   <div class='ocr_carea' id='block_1_54' title="bbox 315 3402 1888 3476">
    <p class='ocr_par' dir='ltr' id='par_1_54' title="bbox 315 3402 1888 3476">
     <span class='ocr_line' id='line_1_54' title="bbox 315 3402 1888 3476; baseline -0.001 -17"><span class='ocrx_word' id='word_1_414' title='bbox 315 3406 459 3459; x_wconf 83' lang='grc' dir='ltr'>καὶὸ</span> <span class='ocrx_word' id='word_1_415' title='bbox 476 3405 741 3475; x_wconf 83' lang='grc' dir='ltr'>τρυγητὸς</span> <span class='ocrx_word' id='word_1_416' title='bbox 761 3403 1132 3474; x_wconf 76' lang='grc' dir='ltr'>καταλήψεται</span> <span class='ocrx_word' id='word_1_417' title='bbox 1152 3404 1244 3457; x_wconf 85' lang='grc' dir='ltr'>τὸν</span> <span class='ocrx_word' id='word_1_418' title='bbox 1276 3403 1501 3476; x_wconf 87' lang='grc' dir='ltr'>σπόρον·</span> <span class='ocrx_word' id='word_1_419' title='bbox 1529 3403 1623 3457; x_wconf 73' lang='grc' dir='ltr'>καὶ</span> <span class='ocrx_word' id='word_1_420' title='bbox 1648 3402 1888 3474; x_wconf 76' lang='grc' dir='ltr'>φάγεσθε</span> 
     </span>
    </p>
   </div>
   <div class='ocr_carea' id='block_1_55' title="bbox 313 3494 1887 3568">
    <p class='ocr_par' dir='ltr' id='par_1_55' title="bbox 313 3494 1887 3568">
     <span class='ocr_line' id='line_1_55' title="bbox 313 3494 1887 3568; baseline -0.003 -17"><span class='ocrx_word' id='word_1_421' title='bbox 313 3497 404 3551; x_wconf 74' lang='grc' dir='ltr'>τὸν</span> <span class='ocrx_word' id='word_1_422' title='bbox 447 3498 609 3568; x_wconf 81' lang='grc' dir='ltr'>ἄρτον</span> <span class='ocrx_word' id='word_1_423' title='bbox 657 3494 808 3567; x_wconf 85' lang='grc' dir='ltr'>ὑμῶν</span> <span class='ocrx_word' id='word_1_424' title='bbox 854 3497 933 3559; x_wconf 81' lang='grc' dir='ltr'>εἰς</span> <span class='ocrx_word' id='word_1_425' title='bbox 974 3495 1322 3566; x_wconf 83' lang='grc' dir='ltr'>πλησμονήν·</span> <span class='ocrx_word' id='word_1_426' title='bbox 1394 3495 1490 3548; x_wconf 79' lang='grc' dir='ltr'>καὶ</span> <span class='ocrx_word' id='word_1_427' title='bbox 1531 3495 1887 3566; x_wconf 87' lang='grc' dir='ltr'>κατοικήσετε</span> 
     </span>
    </p>
   </div>
   <div class='ocr_carea' id='block_1_56' title="bbox 319 3584 1882 3659">
    <p class='ocr_par' dir='ltr' id='par_1_56' title="bbox 319 3584 1882 3659">
     <span class='ocr_line' id='line_1_56' title="bbox 319 3584 1882 3659; baseline -0.001 -17"><span class='ocrx_word' id='word_1_428' title='bbox 319 3588 456 3659; x_wconf 82' lang='grc' dir='ltr'>μετὰ</span> <span class='ocrx_word' id='word_1_429' title='bbox 491 3586 787 3658; x_wconf 83' lang='grc' dir='ltr'>ἀσφαλείας</span> <span class='ocrx_word' id='word_1_430' title='bbox 831 3586 925 3638; x_wconf 70' lang='grc' dir='ltr'>ἐπὶ</span> <span class='ocrx_word' id='word_1_431' title='bbox 956 3586 1056 3657; x_wconf 89' lang='grc' dir='ltr'>τῆς</span> <span class='ocrx_word' id='word_1_432' title='bbox 1102 3587 1208 3657; x_wconf 89' lang='grc' dir='ltr'>γῆς</span> <span class='ocrx_word' id='word_1_433' title='bbox 1248 3584 1424 3657; x_wconf 84' lang='grc' dir='ltr'>ὑμῶν,</span> <span class='ocrx_word' id='word_1_434' title='bbox 1449 3606 1469 3641; x_wconf 71' lang='grc' dir='ltr'>ι</span> <span class='ocrx_word' id='word_1_435' title='bbox 1517 3586 1612 3639; x_wconf 80' lang='grc' dir='ltr'>καὶ</span> <span class='ocrx_word' id='word_1_436' title='bbox 1634 3584 1704 3639; x_wconf 84' lang='grc' dir='ltr'>τὰ</span> <span class='ocrx_word' id='word_1_437' title='bbox 1738 3585 1882 3657; x_wconf 76' lang='grc' dir='ltr'>ἑξῆς·</span> 
     </span>
    </p>
   </div>
   <div class='ocr_carea' id='block_1_57' title="bbox 316 3678 1888 3750">
    <p class='ocr_par' dir='ltr' id='par_1_57' title="bbox 316 3678 1888 3750">
     <span class='ocr_line' id='line_1_57' title="bbox 316 3678 1888 3750; baseline -0.003 -16"><span class='ocrx_word' id='word_1_438' title='bbox 316 3682 381 3734; x_wconf 71' lang='grc' dir='ltr'>ἐκ</span> <span class='ocrx_word' id='word_1_439' title='bbox 406 3679 463 3732; x_wconf 87' lang='grc' dir='ltr'>δε</span> <span class='ocrx_word' id='word_1_440' title='bbox 497 3679 591 3733; x_wconf 80' lang='grc' dir='ltr'>τοῦ</span> <span class='ocrx_word' id='word_1_441' title='bbox 626 3680 1088 3749; x_wconf 78' lang='grc' dir='ltr'>Δευτερονομίου</span> <span class='ocrx_word' id='word_1_442' title='bbox 1130 3678 1339 3742; x_wconf 88' lang='grc' dir='ltr'>τούτοις</span> <span class='ocrx_word' id='word_1_443' title='bbox 1366 3679 1686 3750; x_wconf 87' lang='grc' dir='ltr'>χρήσονται·</span> <span class='ocrx_word' id='word_1_444' title='bbox 1721 3697 1740 3730; x_wconf 79' lang='grc' dir='ltr'>ι</span> <span class='ocrx_word' id='word_1_445' title='bbox 1777 3679 1888 3731; x_wconf 76' lang='grc' dir='ltr'>Καὶ</span> 
     </span>
    </p>
   </div>
   <div class='ocr_carea' id='block_1_58' title="bbox 314 3770 1891 3844">
    <p class='ocr_par' dir='ltr' id='par_1_58' title="bbox 314 3770 1891 3844">
     <span class='ocr_line' id='line_1_58' title="bbox 314 3770 1891 3844; baseline -0.002 -18"><span class='ocrx_word' id='word_1_446' title='bbox 314 3773 464 3826; x_wconf 73' lang='grc' dir='ltr'>ἔσται</span> <span class='ocrx_word' id='word_1_447' title='bbox 494 3771 569 3839; x_wconf 84' lang='grc' dir='ltr'>ὡς</span> <span class='ocrx_word' id='word_1_448' title='bbox 616 3773 682 3828; x_wconf 82' lang='grc' dir='ltr'>ἂν</span> <span class='ocrx_word' id='word_1_449' title='bbox 733 3772 956 3843; x_wconf 83' lang='grc' dir='ltr'>διαϐῆτε</span> <span class='ocrx_word' id='word_1_450' title='bbox 1008 3773 1100 3825; x_wconf 84' lang='grc' dir='ltr'>τὸν</span> <span class='ocrx_word' id='word_1_451' title='bbox 1145 3771 1414 3844; x_wconf 81' lang='grc' dir='ltr'>Ἰορδάνην</span> <span class='ocrx_word' id='word_1_452' title='bbox 1455 3773 1536 3835; x_wconf 83' lang='grc' dir='ltr'>εἰς</span> <span class='ocrx_word' id='word_1_453' title='bbox 1564 3771 1663 3842; x_wconf 82' lang='grc' dir='ltr'>τὴν</span> <span class='ocrx_word' id='word_1_454' title='bbox 1695 3770 1798 3842; x_wconf 85' lang='grc' dir='ltr'>γῆν</span> <span class='ocrx_word' id='word_1_455' title='bbox 1823 3770 1891 3842; x_wconf 81' lang='grc' dir='ltr'>ἣν</span> 
     </span>
    </p>
   </div>
   <div class='ocr_carea' id='block_1_59' title="bbox 314 3862 1891 3938">
    <p class='ocr_par' dir='ltr' id='par_1_59' title="bbox 314 3862 1891 3938">
     <span class='ocr_line' id='line_1_59' title="bbox 314 3862 1891 3938; baseline -0.003 -19"><span class='ocrx_word' id='word_1_456' title='bbox 314 3865 518 3938; x_wconf 84' lang='grc' dir='ltr'>Κύριος</span> <span class='ocrx_word' id='word_1_457' title='bbox 545 3868 574 3919; x_wconf 91' lang='grc' dir='ltr'><strong>ὁ</strong></span> <span class='ocrx_word' id='word_1_458' title='bbox 614 3865 747 3929; x_wconf 80' lang='grc' dir='ltr'>Θεὸς</span> <span class='ocrx_word' id='word_1_459' title='bbox 783 3865 994 3919; x_wconf 87' lang='grc' dir='ltr'>δίδωσιν</span> <span class='ocrx_word' id='word_1_460' title='bbox 1027 3865 1177 3936; x_wconf 81' lang='grc' dir='ltr'>ὑμῖν,</span> <span class='ocrx_word' id='word_1_461' title='bbox 1207 3865 1301 3918; x_wconf 79' lang='grc' dir='ltr'>καὶ</span> <span class='ocrx_word' id='word_1_462' title='bbox 1342 3862 1682 3934; x_wconf 80' lang='grc' dir='ltr'>φυλάσσεσθε</span> <span class='ocrx_word' id='word_1_463' title='bbox 1716 3865 1891 3915; x_wconf 84' lang='grc' dir='ltr'>ποιεῖν</span> 
     </span>
    </p>
   </div>
   <div class='ocr_carea' id='block_1_60' title="bbox 314 3953 1891 4025">
    <p class='ocr_par' dir='ltr' id='par_1_60' title="bbox 314 3953 1891 4025">
     <span class='ocr_line' id='line_1_60' title="bbox 314 3953 1891 4025; baseline -0.003 -14"><span class='ocrx_word' id='word_1_464' title='bbox 314 3958 496 4021; x_wconf 82' lang='grc' dir='ltr'>πάσας</span> <span class='ocrx_word' id='word_1_465' title='bbox 538 3957 634 4020; x_wconf 82' lang='grc' dir='ltr'>τὰς</span> <span class='ocrx_word' id='word_1_466' title='bbox 669 3956 885 4020; x_wconf 78' lang='grc' dir='ltr'>ἐντολὰς</span> <span class='ocrx_word' id='word_1_467' title='bbox 935 3956 1100 4010; x_wconf 79' lang='grc' dir='ltr'>αὐτοῦ</span> <span class='ocrx_word' id='word_1_468' title='bbox 1121 3996 1136 4021; x_wconf 89' lang='grc'><em>,</em></span> <span class='ocrx_word' id='word_1_469' title='bbox 1181 3955 1250 4019; x_wconf 76' lang='grc' dir='ltr'>ἃς</span> <span class='ocrx_word' id='word_1_470' title='bbox 1295 3954 1405 4024; x_wconf 80' lang='grc' dir='ltr'>ἐγὼ</span> <span class='ocrx_word' id='word_1_471' title='bbox 1452 3953 1766 4025; x_wconf 80' lang='grc' dir='ltr'>ἐντέλλομαί</span> <span class='ocrx_word' id='word_1_472' title='bbox 1810 3971 1891 4007; x_wconf 90' lang='grc' dir='ltr'>σοι</span> 
     </span>
    </p>
   </div>
   <div class='ocr_carea' id='block_1_61' title="bbox 315 4046 1893 4120">
    <p class='ocr_par' dir='ltr' id='par_1_61' title="bbox 315 4046 1893 4120">
     <span class='ocr_line' id='line_1_61' title="bbox 315 4046 1893 4120; baseline -0.002 -19"><span class='ocrx_word' id='word_1_473' title='bbox 315 4050 588 4120; x_wconf 72' lang='grc' dir='ltr'>σήμερονο</span> <span class='ocrx_word' id='word_1_474' title='bbox 625 4048 718 4102; x_wconf 74' lang='grc' dir='ltr'>καὶ</span> <span class='ocrx_word' id='word_1_475' title='bbox 749 4048 909 4104; x_wconf 85' lang='grc' dir='ltr'>δώσει</span> <span class='ocrx_word' id='word_1_476' title='bbox 936 4066 998 4102; x_wconf 87' lang='grc' dir='ltr'>σε</span> <span class='ocrx_word' id='word_1_477' title='bbox 1036 4048 1239 4120; x_wconf 85' lang='grc' dir='ltr'>Κύριος</span> <span class='ocrx_word' id='word_1_478' title='bbox 1269 4049 1297 4101; x_wconf 90' lang='grc' dir='ltr'>ὁ</span> <span class='ocrx_word' id='word_1_479' title='bbox 1331 4047 1463 4111; x_wconf 86' lang='grc' dir='ltr'>Θεός</span> <span class='ocrx_word' id='word_1_480' title='bbox 1506 4064 1598 4099; x_wconf 87' lang='grc' dir='ltr'>σου</span> <span class='ocrx_word' id='word_1_481' title='bbox 1638 4046 1893 4118; x_wconf 80' lang='grc' dir='ltr'>ὑπεράνω</span> 
     </span>
    </p>
   </div>
   <div class='ocr_carea' id='block_1_62' title="bbox 315 4130 1891 4212">
    <p class='ocr_par' dir='ltr' id='par_1_62' title="bbox 315 4130 1891 4212">
     <span class='ocr_line' id='line_1_62' title="bbox 315 4130 1891 4212; baseline -0.003 -17"><span class='ocrx_word' id='word_1_482' title='bbox 315 4142 563 4205; x_wconf 80' lang='grc' dir='ltr'>πάντων,</span> <span class='ocrx_word' id='word_1_483' title='bbox 598 4142 693 4195; x_wconf 78' lang='grc' dir='ltr'>καὶ</span> <span class='ocrx_word' id='word_1_484' title='bbox 714 4141 932 4212; x_wconf 80' lang='grc' dir='ltr'>ἥξουσιν</span> <span class='ocrx_word' id='word_1_485' title='bbox 955 4140 1046 4194; x_wconf 75' lang='grc' dir='ltr'>ἐπὶ</span> <span class='ocrx_word' id='word_1_486' title='bbox 1071 4140 1132 4193; x_wconf 85' lang='grc' dir='ltr'>σὲ</span> <span class='ocrx_word' id='word_1_487' title='bbox 1155 4141 1324 4193; x_wconf 78' lang='grc' dir='ltr'>πᾶσαι</span> <span class='ocrx_word' id='word_1_488' title='bbox 1353 4141 1409 4192; x_wconf 83' lang='grc' dir='ltr'>αἱ</span> <span class='ocrx_word' id='word_1_489' title='bbox 1440 4138 1680 4208; x_wconf 80' lang='grc' dir='ltr'>εὐλογίαι</span> <span class='ocrx_word' id='word_1_490' title='bbox 1708 4130 1891 4201; x_wconf 75' lang='grc' dir='ltr'>αὗται,</span> 
     </span>
    </p>
   </div>
   <div class='ocr_carea' id='block_1_63' title="bbox 314 4230 1891 4307">
    <p class='ocr_par' dir='ltr' id='par_1_63' title="bbox 314 4230 1891 4307">
     <span class='ocr_line' id='line_1_63' title="bbox 314 4230 1891 4307; baseline -0.004 -17"><span class='ocrx_word' id='word_1_491' title='bbox 314 4237 409 4290; x_wconf 70' lang='grc' dir='ltr'>καὶ</span> <span class='ocrx_word' id='word_1_492' title='bbox 454 4235 747 4307; x_wconf 80' lang='grc' dir='ltr'>εὑρήσουσι</span> <span class='ocrx_word' id='word_1_493' title='bbox 786 4253 881 4303; x_wconf 88' lang='grc' dir='ltr'>σε,</span> <span class='ocrx_word' id='word_1_494' title='bbox 917 4235 1011 4290; x_wconf 77' lang='grc' dir='ltr'>ἐὰν</span> <span class='ocrx_word' id='word_1_495' title='bbox 1056 4233 1293 4306; x_wconf 78' lang='grc' dir='ltr'>ἀκούσῃς</span> <span class='ocrx_word' id='word_1_496' title='bbox 1332 4234 1429 4305; x_wconf 88' lang='grc' dir='ltr'>τῆς</span> <span class='ocrx_word' id='word_1_497' title='bbox 1477 4233 1662 4303; x_wconf 85' lang='grc' dir='ltr'>φωνῆς</span> <span class='ocrx_word' id='word_1_498' title='bbox 1687 4230 1891 4303; x_wconf 86' lang='grc' dir='ltr'>Κυρίου</span> 
     </span>
    </p>
   </div>
   <div class='ocr_carea' id='block_1_64' title="bbox 1998 1748 3572 1818">
    <p class='ocr_par' dir='ltr' id='par_1_64' title="bbox 1998 1748 3572 1818">
     <span class='ocr_line' id='line_1_64' title="bbox 1998 1748 3572 1818; baseline 0.011 -18"><span class='ocrx_word' id='word_1_499' title='bbox 1998 1748 2249 1802; x_wconf 89' lang='lat' dir='ltr'>mandata</span> <span class='ocrx_word' id='word_1_500' title='bbox 2292 1750 2491 1804; x_wconf 90' lang='lat' dir='ltr'>dicitur</span> <span class='ocrx_word' id='word_1_501' title='bbox 2534 1750 2584 1784; x_wconf 77' lang='lat'><strong>“</strong></span> <span class='ocrx_word' id='word_1_502' title='bbox 2631 1770 2645 1807; x_wconf 88' lang='lat'><strong>:</strong></span> <span class='ocrx_word' id='word_1_503' title='bbox 2694 1773 2712 1805; x_wconf 77' lang='grc' dir='ltr'>ι</span> <span class='ocrx_word' id='word_1_504' title='bbox 2762 1756 3050 1812; x_wconf 85' lang='lat' dir='ltr'>Immittam</span> <span class='ocrx_word' id='word_1_505' title='bbox 3088 1761 3240 1815; x_wconf 84' lang='lat' dir='ltr'>vobis</span> <span class='ocrx_word' id='word_1_506' title='bbox 3281 1761 3472 1816; x_wconf 82' lang='lat' dir='ltr'>febrim</span> <span class='ocrx_word' id='word_1_507' title='bbox 3516 1775 3572 1818; x_wconf 88' lang='lat' dir='ltr'>et</span> 
     </span>
    </p>
   </div>
   <div class='ocr_carea' id='block_1_65' title="bbox 1996 1842 3569 1919">
    <p class='ocr_par' dir='ltr' id='par_1_65' title="bbox 1996 1842 3569 1919">
     <span class='ocr_line' id='line_1_65' title="bbox 1996 1842 3569 1919; baseline 0.011 -27"><span class='ocrx_word' id='word_1_508' title='bbox 1996 1851 2282 1908; x_wconf 84' lang='lat' dir='ltr'>arquatum</span> <span class='ocrx_word' id='word_1_509' title='bbox 2322 1842 2599 1905; x_wconf 88' lang='lat' dir='ltr'>morbum,</span> <span class='ocrx_word' id='word_1_510' title='bbox 2634 1856 2690 1900; x_wconf 91' lang='lat' dir='ltr'>et</span> <span class='ocrx_word' id='word_1_511' title='bbox 2726 1850 3059 1905; x_wconf 88' lang='lat' dir='ltr'>tabescentes</span> <span class='ocrx_word' id='word_1_512' title='bbox 3099 1853 3286 1909; x_wconf 88' lang='lat' dir='ltr'>oculos</span> <span class='ocrx_word' id='word_1_513' title='bbox 3326 1865 3569 1919; x_wconf 86' lang='lat' dir='ltr'>vestros,</span> 
     </span>
    </p>
   </div>
   <div class='ocr_carea' id='block_1_66' title="bbox 1994 1931 3572 2015">
    <p class='ocr_par' dir='ltr' id='par_1_66' title="bbox 1994 1931 3572 2015">
     <span class='ocr_line' id='line_1_66' title="bbox 1994 1931 3572 2015; baseline 0.011 -31"><span class='ocrx_word' id='word_1_514' title='bbox 1994 1941 2050 1984; x_wconf 93' lang='lat' dir='ltr'>et</span> <span class='ocrx_word' id='word_1_515' title='bbox 2082 1931 2315 1986; x_wconf 85' lang='lat' dir='ltr'>animam</span> <span class='ocrx_word' id='word_1_516' title='bbox 2347 1946 2582 1989; x_wconf 84' lang='lat' dir='ltr'>vestram</span> <span class='ocrx_word' id='word_1_517' title='bbox 2621 1937 3028 2008; x_wconf 88' lang='lat' dir='ltr'>liquescentem.</span> <span class='ocrx_word' id='word_1_518' title='bbox 3055 1942 3214 2015; x_wconf 75' lang='lat'>567</span> <span class='ocrx_word' id='word_1_519' title='bbox 3247 1966 3264 1996; x_wconf 77' lang='grc' dir='ltr'>ι</span> <span class='ocrx_word' id='word_1_520' title='bbox 3305 1945 3572 2002; x_wconf 71' lang='lat' dir='ltr'>Prreterea</span> 
     </span>
    </p>
   </div>
   <div class='ocr_carea' id='block_1_67' title="bbox 1997 2023 3613 2105">
    <p class='ocr_par' dir='ltr' id='par_1_67' title="bbox 1997 2023 3613 2105">
     <span class='ocr_line' id='line_1_67' title="bbox 1997 2023 3613 2105; baseline 0.012 -30"><span class='ocrx_word' id='word_1_521' title='bbox 1997 2023 2048 2075; x_wconf 94' lang='lat' dir='ltr'>in</span> <span class='ocrx_word' id='word_1_522' title='bbox 2099 2023 2497 2081; x_wconf 80' lang='lat' dir='ltr'>Deuteronomio</span> <span class='ocrx_word' id='word_1_523' title='bbox 2539 2030 2754 2097; x_wconf 86' lang='lat' dir='ltr'>pietatis</span> <span class='ocrx_word' id='word_1_524' title='bbox 2797 2042 2851 2087; x_wconf 85' lang='lat' dir='ltr'>et</span> <span class='ocrx_word' id='word_1_525' title='bbox 2894 2034 3169 2105; x_wconf 86' lang='lat' dir='ltr'>religionis</span> <span class='ocrx_word' id='word_1_526' title='bbox 3206 2039 3574 2097; x_wconf 81' lang='lat' dir='ltr'>desertoribus</span> <span class='ocrx_word' id='word_1_527' title='bbox 3608 2053 3613 2056; x_wconf 87' lang='lat'>&#39;</span> 
     </span>
    </p>
   </div>
   <div class='ocr_carea' id='block_1_68' title="bbox 1999 2114 3572 2185">
    <p class='ocr_par' dir='ltr' id='par_1_68' title="bbox 1999 2114 3572 2185">
     <span class='ocr_line' id='line_1_68' title="bbox 1999 2114 3572 2185; baseline 0.012 -19"><span class='ocrx_word' id='word_1_528' title='bbox 1999 2114 2229 2183; x_wconf 79' lang='lat' dir='ltr'>rigorem</span> <span class='ocrx_word' id='word_1_529' title='bbox 2299 2120 2525 2174; x_wconf 88' lang='lat' dir='ltr'>cervicis</span> <span class='ocrx_word' id='word_1_530' title='bbox 2595 2123 2947 2179; x_wconf 86' lang='lat' dir='ltr'>insanabilem</span> <span class='ocrx_word' id='word_1_531' title='bbox 3004 2128 3245 2181; x_wconf 90' lang='lat' dir='ltr'>minatur</span> <span class='ocrx_word' id='word_1_532' title='bbox 3299 2129 3366 2184; x_wconf 64' lang='grc'>⁸⁵.</span> <span class='ocrx_word' id='word_1_533' title='bbox 3426 2129 3572 2185; x_wconf 87' lang='lat' dir='ltr'>Bona</span> 
     </span>
    </p>
   </div>
   <div class='ocr_carea' id='block_1_69' title="bbox 1996 2213 3571 2289">
    <p class='ocr_par' dir='ltr' id='par_1_69' title="bbox 1996 2213 3571 2289">
     <span class='ocr_line' id='line_1_69' title="bbox 1996 2213 3571 2289; baseline 0.01 -30"><span class='ocrx_word' id='word_1_534' title='bbox 1996 2220 2123 2261; x_wconf 86' lang='lat' dir='ltr'>vero</span> <span class='ocrx_word' id='word_1_535' title='bbox 2160 2217 2384 2263; x_wconf 81' lang='lat' dir='ltr'>externa</span> <span class='ocrx_word' id='word_1_536' title='bbox 2424 2213 2514 2279; x_wconf 85' lang='lat' dir='ltr'>qui</span> <span class='ocrx_word' id='word_1_537' title='bbox 2546 2214 2733 2266; x_wconf 86' lang='lat' dir='ltr'>volunt</span> <span class='ocrx_word' id='word_1_538' title='bbox 2760 2230 2825 2269; x_wconf 89' lang='lat' dir='ltr'>ex</span> <span class='ocrx_word' id='word_1_539' title='bbox 2863 2216 3060 2271; x_wconf 87' lang='lat' dir='ltr'>divinis</span> <span class='ocrx_word' id='word_1_540' title='bbox 3088 2219 3282 2273; x_wconf 89' lang='lat' dir='ltr'>litteris</span> <span class='ocrx_word' id='word_1_541' title='bbox 3306 2221 3571 2289; x_wconf 84' lang='lat' dir='ltr'>polliceri,</span> 
     </span>
    </p>
   </div>
   <div class='ocr_carea' id='block_1_70' title="bbox 1995 2298 3574 2370">
    <p class='ocr_par' dir='ltr' id='par_1_70' title="bbox 1995 2298 3574 2370">
     <span class='ocr_line' id='line_1_70' title="bbox 1995 2298 3574 2370; baseline 0.01 -18"><span class='ocrx_word' id='word_1_542' title='bbox 1995 2298 2078 2353; x_wconf 92' lang='lat' dir='ltr'>his</span> <span class='ocrx_word' id='word_1_543' title='bbox 2125 2311 2343 2355; x_wconf 88' lang='lat' dir='ltr'>utentur</span> <span class='ocrx_word' id='word_1_544' title='bbox 2391 2302 2606 2357; x_wconf 82' lang='lat' dir='ltr'>Levitici</span> <span class='ocrx_word' id='word_1_545' title='bbox 2662 2308 2841 2362; x_wconf 87' lang='lat' dir='ltr'>verbis</span> <span class='ocrx_word' id='word_1_546' title='bbox 2881 2308 2927 2339; x_wconf 78' lang='lat'><strong>“</strong></span> <span class='ocrx_word' id='word_1_547' title='bbox 2975 2327 2988 2364; x_wconf 90' lang='lat'><strong>:</strong></span> <span class='ocrx_word' id='word_1_548' title='bbox 3043 2329 3062 2360; x_wconf 79' lang='grc' dir='ltr'>ι</span> <span class='ocrx_word' id='word_1_549' title='bbox 3108 2311 3164 2364; x_wconf 84' lang='lat' dir='ltr'>Si</span> <span class='ocrx_word' id='word_1_550' title='bbox 3210 2311 3262 2365; x_wconf 91' lang='lat' dir='ltr'>in</span> <span class='ocrx_word' id='word_1_551' title='bbox 3303 2314 3574 2370; x_wconf 85' lang='lat' dir='ltr'>mandatis</span> 
     </span>
    </p>
   </div>
   <div class='ocr_carea' id='block_1_71' title="bbox 1995 2392 3574 2474">
    <p class='ocr_par' dir='ltr' id='par_1_71' title="bbox 1995 2392 3574 2474">
     <span class='ocr_line' id='line_1_71' title="bbox 1995 2392 3574 2474; baseline 0.011 -32"><span class='ocrx_word' id='word_1_552' title='bbox 1995 2392 2128 2445; x_wconf 90' lang='lat' dir='ltr'>meis</span> <span class='ocrx_word' id='word_1_553' title='bbox 2154 2395 2464 2461; x_wconf 89' lang='lat' dir='ltr'>ambuletis,</span> <span class='ocrx_word' id='word_1_554' title='bbox 2483 2410 2535 2452; x_wconf 90' lang='lat' dir='ltr'>et</span> <span class='ocrx_word' id='word_1_555' title='bbox 2556 2409 2821 2468; x_wconf 79' lang='lat' dir='ltr'>przecepta</span> <span class='ocrx_word' id='word_1_556' title='bbox 2841 2415 2959 2455; x_wconf 91' lang='lat' dir='ltr'>mea</span> <span class='ocrx_word' id='word_1_557' title='bbox 2974 2403 3223 2468; x_wconf 86' lang='lat' dir='ltr'>servetis,</span> <span class='ocrx_word' id='word_1_558' title='bbox 3239 2413 3289 2458; x_wconf 93' lang='lat' dir='ltr'>et</span> <span class='ocrx_word' id='word_1_559' title='bbox 3305 2404 3574 2474; x_wconf 88' lang='lat' dir='ltr'>impleatis</span> 
     </span>
    </p>
   </div>
   <div class='ocr_carea' id='block_1_72' title="bbox 1993 2480 3571 2559">
    <p class='ocr_par' dir='ltr' id='par_1_72' title="bbox 1993 2480 3571 2559">
     <span class='ocr_line' id='line_1_72' title="bbox 1993 2480 3571 2559; baseline 0.008 -26"><span class='ocrx_word' id='word_1_560' title='bbox 1993 2480 2132 2547; x_wconf 85' lang='lat' dir='ltr'>ipsa,</span> <span class='ocrx_word' id='word_1_561' title='bbox 2162 2482 2298 2536; x_wconf 89' lang='lat' dir='ltr'>dabo</span> <span class='ocrx_word' id='word_1_562' title='bbox 2327 2485 2475 2539; x_wconf 86' lang='lat' dir='ltr'>vobis</span> <span class='ocrx_word' id='word_1_563' title='bbox 2517 2486 2748 2554; x_wconf 87' lang='lat' dir='ltr'>pluviam</span> <span class='ocrx_word' id='word_1_564' title='bbox 2784 2487 2836 2540; x_wconf 92' lang='lat' dir='ltr'>in</span> <span class='ocrx_word' id='word_1_565' title='bbox 2877 2499 3117 2559; x_wconf 90' lang='lat' dir='ltr'>tempore</span> <span class='ocrx_word' id='word_1_566' title='bbox 3147 2505 3283 2555; x_wconf 82' lang='lat' dir='ltr'>suo,</span> <span class='ocrx_word' id='word_1_567' title='bbox 3326 2502 3380 2545; x_wconf 88' lang='lat' dir='ltr'>et</span> <span class='ocrx_word' id='word_1_568' title='bbox 3431 2499 3571 2544; x_wconf 90' lang='lat' dir='ltr'>terra</span> 
     </span>
    </p>
   </div>
   <div class='ocr_carea' id='block_1_73' title="bbox 1993 2575 3571 2650">
    <p class='ocr_par' dir='ltr' id='par_1_73' title="bbox 1993 2575 3571 2650">
     <span class='ocr_line' id='line_1_73' title="bbox 1993 2575 3571 2650; baseline 0.006 -23"><span class='ocrx_word' id='word_1_569' title='bbox 1993 2575 2139 2628; x_wconf 90' lang='lat' dir='ltr'>dabit</span> <span class='ocrx_word' id='word_1_570' title='bbox 2155 2576 2397 2643; x_wconf 83' lang='lat' dir='ltr'>germina</span> <span class='ocrx_word' id='word_1_571' title='bbox 2415 2594 2534 2642; x_wconf 86' lang='lat' dir='ltr'>sua,</span> <span class='ocrx_word' id='word_1_572' title='bbox 2553 2591 2606 2630; x_wconf 90' lang='lat' dir='ltr'>et</span> <span class='ocrx_word' id='word_1_573' title='bbox 2628 2580 2769 2647; x_wconf 90' lang='lat' dir='ltr'>ligna</span> <span class='ocrx_word' id='word_1_574' title='bbox 2786 2596 3099 2650; x_wconf 81' lang='lat' dir='ltr'>camporum</span> <span class='ocrx_word' id='word_1_575' title='bbox 3121 2583 3323 2638; x_wconf 90' lang='lat' dir='ltr'>dabunt</span> <span class='ocrx_word' id='word_1_576' title='bbox 3338 2584 3571 2639; x_wconf 86' lang='lat' dir='ltr'>fructum</span> 
     </span>
    </p>
   </div>
   <div class='ocr_carea' id='block_1_74' title="bbox 1993 2665 3574 2742">
    <p class='ocr_par' dir='ltr' id='par_1_74' title="bbox 1993 2665 3574 2742">
     <span class='ocr_line' id='line_1_74' title="bbox 1993 2665 3574 2742; baseline 0.006 -24"><span class='ocrx_word' id='word_1_577' title='bbox 1993 2678 2168 2718; x_wconf 91' lang='lat' dir='ltr'>suum.</span> <span class='ocrx_word' id='word_1_578' title='bbox 2202 2665 2267 2719; x_wconf 88' lang='lat' dir='ltr'>Et</span> <span class='ocrx_word' id='word_1_579' title='bbox 2290 2667 2520 2736; x_wconf 84' lang='lat' dir='ltr'>excipiet</span> <span class='ocrx_word' id='word_1_580' title='bbox 2546 2671 2698 2723; x_wconf 88' lang='lat' dir='ltr'>vobis</span> <span class='ocrx_word' id='word_1_581' title='bbox 2738 2671 2928 2724; x_wconf 90' lang='lat' dir='ltr'>tritura</span> <span class='ocrx_word' id='word_1_582' title='bbox 2958 2672 3281 2728; x_wconf 86' lang='lat' dir='ltr'>vindemiam</span> <span class='ocrx_word' id='word_1_583' title='bbox 3306 2718 3322 2742; x_wconf 93' lang='lat'>,</span> <span class='ocrx_word' id='word_1_584' title='bbox 3371 2684 3425 2728; x_wconf 92' lang='lat' dir='ltr'>et</span> <span class='ocrx_word' id='word_1_585' title='bbox 3458 2676 3574 2728; x_wconf 85' lang='lat' dir='ltr'>vin-</span> 
     </span>
    </p>
   </div>
   <div class='ocr_carea' id='block_1_75' title="bbox 1992 2757 3570 2834">
    <p class='ocr_par' dir='ltr' id='par_1_75' title="bbox 1992 2757 3570 2834">
     <span class='ocr_line' id='line_1_75' title="bbox 1992 2757 3570 2834; baseline 0.006 -23"><span class='ocrx_word' id='word_1_586' title='bbox 1992 2757 2165 2811; x_wconf 88' lang='lat' dir='ltr'>demia</span> <span class='ocrx_word' id='word_1_587' title='bbox 2185 2758 2417 2828; x_wconf 86' lang='lat' dir='ltr'>excipiet</span> <span class='ocrx_word' id='word_1_588' title='bbox 2434 2761 2720 2827; x_wconf 87' lang='lat' dir='ltr'>sationem,</span> <span class='ocrx_word' id='word_1_589' title='bbox 2740 2774 2793 2816; x_wconf 92' lang='lat' dir='ltr'>et</span> <span class='ocrx_word' id='word_1_590' title='bbox 2807 2765 3101 2818; x_wconf 78' lang='lat' dir='ltr'>comedetis</span> <span class='ocrx_word' id='word_1_591' title='bbox 3115 2780 3307 2834; x_wconf 88' lang='lat' dir='ltr'>panem</span> <span class='ocrx_word' id='word_1_592' title='bbox 3329 2776 3570 2821; x_wconf 88' lang='lat' dir='ltr'>vestrum</span> 
     </span>
    </p>
   </div>
   <div class='ocr_carea' id='block_1_76' title="bbox 1992 2850 3569 2916">
    <p class='ocr_par' dir='ltr' id='par_1_76' title="bbox 1992 2850 3569 2916">
     <span class='ocr_line' id='line_1_76' title="bbox 1992 2850 3569 2916; baseline 0.006 -13"><span class='ocrx_word' id='word_1_593' title='bbox 1992 2851 2045 2904; x_wconf 91' lang='lat' dir='ltr'>in</span> <span class='ocrx_word' id='word_1_594' title='bbox 2076 2850 2400 2916; x_wconf 88' lang='lat' dir='ltr'>satietatem,</span> <span class='ocrx_word' id='word_1_595' title='bbox 2429 2863 2481 2907; x_wconf 90' lang='lat' dir='ltr'>et</span> <span class='ocrx_word' id='word_1_596' title='bbox 2519 2869 2640 2907; x_wconf 93' lang='lat' dir='ltr'>cum</span> <span class='ocrx_word' id='word_1_597' title='bbox 2676 2857 2969 2911; x_wconf 90' lang='lat' dir='ltr'>securitate</span> <span class='ocrx_word' id='word_1_598' title='bbox 2997 2857 3307 2912; x_wconf 80' lang='lat' dir='ltr'>habitabilis</span> <span class='ocrx_word' id='word_1_599' title='bbox 3340 2858 3393 2912; x_wconf 89' lang='lat' dir='ltr'>in</span> <span class='ocrx_word' id='word_1_600' title='bbox 3427 2871 3569 2914; x_wconf 69' lang='lat' dir='ltr'>terra</span> 
     </span>
    </p>
   </div>
   <div class='ocr_carea' id='block_1_77' title="bbox 1992 2944 3573 3007">
    <p class='ocr_par' dir='ltr' id='par_1_77' title="bbox 1992 2944 3573 3007">
     <span class='ocr_line' id='line_1_77' title="bbox 1992 2944 3573 3007; baseline 0.008 -13"><span class='ocrx_word' id='word_1_601' title='bbox 1992 2953 2316 3007; x_wconf 88' lang='lat' dir='ltr'>vestra,elc.</span> <span class='ocrx_word' id='word_1_602' title='bbox 2350 2961 2369 2995; x_wconf 73' lang='grc' dir='ltr'>ι</span> <span class='ocrx_word' id='word_1_603' title='bbox 2403 2944 2479 2998; x_wconf 80' lang='lat' dir='ltr'>Ex</span> <span class='ocrx_word' id='word_1_604' title='bbox 2512 2944 2916 3001; x_wconf 83' lang='lat' dir='ltr'>Deuteronomio</span> <span class='ocrx_word' id='word_1_605' title='bbox 2952 2948 3065 3002; x_wconf 63' lang='lat' dir='ltr'>haec</span> <span class='ocrx_word' id='word_1_606' title='bbox 3095 2948 3383 3004; x_wconf 67' lang='lat' dir='ltr'>all&#39;erent’“</span> <span class='ocrx_word' id='word_1_607' title='bbox 3409 2967 3423 3004; x_wconf 88' lang='lat'><strong>:</strong></span> <span class='ocrx_word' id='word_1_608' title='bbox 3451 2968 3470 3001; x_wconf 78' lang='grc' dir='ltr'>ι</span> <span class='ocrx_word' id='word_1_609' title='bbox 3506 2952 3573 3006; x_wconf 79' lang='lat' dir='ltr'>Et</span> 
     </span>
    </p>
   </div>
   <div class='ocr_carea' id='block_1_78' title="bbox 1987 3036 3573 3111">
    <p class='ocr_par' dir='ltr' id='par_1_78' title="bbox 1987 3036 3573 3111">
     <span class='ocr_line' id='line_1_78' title="bbox 1987 3036 3573 3111; baseline 0.006 -21"><span class='ocrx_word' id='word_1_610' title='bbox 1987 3038 2090 3090; x_wconf 88' lang='lat' dir='ltr'>erit</span> <span class='ocrx_word' id='word_1_611' title='bbox 2116 3037 2202 3092; x_wconf 85' lang='lat' dir='ltr'>tibi</span> <span class='ocrx_word' id='word_1_612' title='bbox 2225 3036 2512 3091; x_wconf 71' lang='lat' dir='ltr'>Iordanem</span> <span class='ocrx_word' id='word_1_613' title='bbox 2532 3040 2879 3106; x_wconf 84' lang='lat' dir='ltr'>transieritis,</span> <span class='ocrx_word' id='word_1_614' title='bbox 2903 3039 2956 3093; x_wconf 91' lang='lat' dir='ltr'>in</span> <span class='ocrx_word' id='word_1_615' title='bbox 2979 3050 3175 3093; x_wconf 85' lang='lat' dir='ltr'>terram</span> <span class='ocrx_word' id='word_1_616' title='bbox 3203 3058 3365 3111; x_wconf 89' lang='lat' dir='ltr'>quam</span> <span class='ocrx_word' id='word_1_617' title='bbox 3391 3042 3573 3101; x_wconf 78' lang='lat' dir='ltr'>Domi-</span> 
     </span>
    </p>
   </div>
   <div class='ocr_carea' id='block_1_79' title="bbox 1990 3128 3570 3204">
    <p class='ocr_par' dir='ltr' id='par_1_79' title="bbox 1990 3128 3570 3204">
     <span class='ocr_line' id='line_1_79' title="bbox 1990 3128 3570 3204; baseline 0.006 -23"><span class='ocrx_word' id='word_1_618' title='bbox 1990 3144 2091 3181; x_wconf 85' lang='lat' dir='ltr'>nus</span> <span class='ocrx_word' id='word_1_619' title='bbox 2111 3129 2250 3182; x_wconf 89' lang='lat' dir='ltr'>Deus</span> <span class='ocrx_word' id='word_1_620' title='bbox 2262 3129 2349 3183; x_wconf 92' lang='lat' dir='ltr'>dat</span> <span class='ocrx_word' id='word_1_621' title='bbox 2370 3128 2537 3191; x_wconf 83' lang='lat' dir='ltr'>vobis,</span> <span class='ocrx_word' id='word_1_622' title='bbox 2554 3139 2608 3182; x_wconf 91' lang='lat' dir='ltr'>et</span> <span class='ocrx_word' id='word_1_623' title='bbox 2626 3130 2877 3184; x_wconf 87' lang='lat' dir='ltr'>cavebitis</span> <span class='ocrx_word' id='word_1_624' title='bbox 2894 3140 2947 3183; x_wconf 91' lang='lat' dir='ltr'>ut</span> <span class='ocrx_word' id='word_1_625' title='bbox 2962 3133 3143 3186; x_wconf 89' lang='lat' dir='ltr'>omnia</span> <span class='ocrx_word' id='word_1_626' title='bbox 3166 3134 3413 3187; x_wconf 87' lang='lat' dir='ltr'>mandata</span> <span class='ocrx_word' id='word_1_627' title='bbox 3432 3135 3570 3204; x_wconf 79' lang='lat' dir='ltr'>ejus,</span> 
     </span>
    </p>
   </div>
   <div class='ocr_carea' id='block_1_80' title="bbox 1990 3220 3573 3292">
    <p class='ocr_par' dir='ltr' id='par_1_80' title="bbox 1990 3220 3573 3292">
     <span class='ocr_line' id='line_1_80' title="bbox 1990 3220 3573 3292; baseline 0.006 -20"><span class='ocrx_word' id='word_1_628' title='bbox 1990 3235 2109 3287; x_wconf 67' lang='lat' dir='ltr'>quae</span> <span class='ocrx_word' id='word_1_629' title='bbox 2131 3235 2231 3291; x_wconf 89' lang='lat' dir='ltr'>ego</span> <span class='ocrx_word' id='word_1_630' title='bbox 2254 3220 2406 3274; x_wconf 88' lang='lat' dir='ltr'>vobis</span> <span class='ocrx_word' id='word_1_631' title='bbox 2429 3221 2587 3275; x_wconf 89' lang='lat' dir='ltr'>hodie</span> <span class='ocrx_word' id='word_1_632' title='bbox 2616 3224 2906 3289; x_wconf 75' lang='lat' dir='ltr'>praescribo</span> <span class='ocrx_word' id='word_1_633' title='bbox 2923 3261 2937 3286; x_wconf 91' lang='lat'>,</span> <span class='ocrx_word' id='word_1_634' title='bbox 2964 3222 3235 3292; x_wconf 90' lang='lat' dir='ltr'>impleatis</span> <span class='ocrx_word' id='word_1_635' title='bbox 3254 3243 3266 3278; x_wconf 89' lang='lat'>:</span> <span class='ocrx_word' id='word_1_636' title='bbox 3287 3227 3503 3281; x_wconf 85' lang='lat' dir='ltr'>etdabit</span> <span class='ocrx_word' id='word_1_637' title='bbox 3521 3237 3573 3281; x_wconf 90' lang='lat' dir='ltr'>te</span> 
     </span>
    </p>
   </div>
   <div class='ocr_carea' id='block_1_81' title="bbox 1993 3311 3573 3381">
    <p class='ocr_par' dir='ltr' id='par_1_81' title="bbox 1993 3311 3573 3381">
     <span class='ocr_line' id='line_1_81' title="bbox 1993 3311 3573 3381; baseline 0.004 -16"><span class='ocrx_word' id='word_1_638' title='bbox 1993 3312 2255 3366; x_wconf 90' lang='lat' dir='ltr'>Dominus</span> <span class='ocrx_word' id='word_1_639' title='bbox 2306 3311 2449 3366; x_wconf 85' lang='lat' dir='ltr'>Deus</span> <span class='ocrx_word' id='word_1_640' title='bbox 2494 3323 2616 3366; x_wconf 90' lang='lat' dir='ltr'>tuus</span> <span class='ocrx_word' id='word_1_641' title='bbox 2656 3327 2777 3366; x_wconf 85' lang='lat' dir='ltr'>esse</span> <span class='ocrx_word' id='word_1_642' title='bbox 2825 3329 2989 3381; x_wconf 90' lang='lat' dir='ltr'>super</span> <span class='ocrx_word' id='word_1_643' title='bbox 3030 3329 3240 3379; x_wconf 89' lang='lat' dir='ltr'>omnes,</span> <span class='ocrx_word' id='word_1_644' title='bbox 3275 3325 3328 3369; x_wconf 90' lang='lat' dir='ltr'>et</span> <span class='ocrx_word' id='word_1_645' title='bbox 3356 3318 3573 3372; x_wconf 89' lang='lat' dir='ltr'>venient</span> 
     </span>
    </p>
   </div>
   <div class='ocr_carea' id='block_1_82' title="bbox 1991 3403 3571 3475">
    <p class='ocr_par' dir='ltr' id='par_1_82' title="bbox 1991 3403 3571 3475">
     <span class='ocr_line' id='line_1_82' title="bbox 1991 3403 3571 3475; baseline 0.004 -16"><span class='ocrx_word' id='word_1_646' title='bbox 1991 3418 2155 3473; x_wconf 88' lang='lat' dir='ltr'>super</span> <span class='ocrx_word' id='word_1_647' title='bbox 2199 3413 2251 3458; x_wconf 88' lang='lat' dir='ltr'>te</span> <span class='ocrx_word' id='word_1_648' title='bbox 2292 3418 2484 3458; x_wconf 90' lang='lat' dir='ltr'>omnes</span> <span class='ocrx_word' id='word_1_649' title='bbox 2515 3403 2925 3459; x_wconf 83' lang='lat' dir='ltr'>benedictiones</span> <span class='ocrx_word' id='word_1_650' title='bbox 2957 3405 3059 3472; x_wconf 59' lang='lat' dir='ltr'>har,</span> <span class='ocrx_word' id='word_1_651' title='bbox 3095 3415 3150 3460; x_wconf 92' lang='lat' dir='ltr'>et</span> <span class='ocrx_word' id='word_1_652' title='bbox 3178 3407 3449 3463; x_wconf 88' lang='lat' dir='ltr'>invenient</span> <span class='ocrx_word' id='word_1_653' title='bbox 3482 3419 3571 3475; x_wconf 87' lang='lat' dir='ltr'>te,</span> 
     </span>
    </p>
   </div>
   <div class='ocr_carea' id='block_1_83' title="bbox 1992 3495 3570 3557">
    <p class='ocr_par' dir='ltr' id='par_1_83' title="bbox 1992 3495 3570 3557">
     <span class='ocr_line' id='line_1_83' title="bbox 1992 3495 3570 3557; baseline 0.005 -8"><span class='ocrx_word' id='word_1_654' title='bbox 1992 3496 2034 3549; x_wconf 90' lang='lat' dir='ltr'>si</span> <span class='ocrx_word' id='word_1_655' title='bbox 2081 3495 2319 3550; x_wconf 85' lang='lat' dir='ltr'>audieris</span> <span class='ocrx_word' id='word_1_656' title='bbox 2356 3510 2542 3549; x_wconf 86' lang='lat' dir='ltr'>vocem</span> <span class='ocrx_word' id='word_1_657' title='bbox 2578 3495 2788 3549; x_wconf 92' lang='lat' dir='ltr'>Domini</span> <span class='ocrx_word' id='word_1_658' title='bbox 2818 3497 2910 3550; x_wconf 90' lang='lat' dir='ltr'>Dei</span> <span class='ocrx_word' id='word_1_659' title='bbox 2941 3498 3036 3551; x_wconf 88' lang='lat' dir='ltr'>tui.</span> <span class='ocrx_word' id='word_1_660' title='bbox 3070 3497 3395 3555; x_wconf 85' lang='lat' dir='ltr'>Benedictus</span> <span class='ocrx_word' id='word_1_661' title='bbox 3425 3510 3478 3556; x_wconf 92' lang='lat' dir='ltr'>tu</span> <span class='ocrx_word' id='word_1_662' title='bbox 3518 3503 3570 3557; x_wconf 92' lang='lat' dir='ltr'>in</span> 
     </span>
    </p>
   </div>
   <div class='ocr_carea' id='block_1_84' title="bbox 1993 3586 3573 3658">
    <p class='ocr_par' dir='ltr' id='par_1_84' title="bbox 1993 3586 3573 3658">
     <span class='ocr_line' id='line_1_84' title="bbox 1993 3586 3573 3658; baseline 0.004 -19"><span class='ocrx_word' id='word_1_663' title='bbox 1993 3588 2146 3654; x_wconf 89' lang='lat' dir='ltr'>urbe,</span> <span class='ocrx_word' id='word_1_664' title='bbox 2185 3597 2240 3642; x_wconf 90' lang='lat' dir='ltr'>et</span> <span class='ocrx_word' id='word_1_665' title='bbox 2266 3586 2586 3641; x_wconf 84' lang='lat' dir='ltr'>benedictus</span> <span class='ocrx_word' id='word_1_666' title='bbox 2618 3597 2670 3640; x_wconf 87' lang='lat' dir='ltr'>tu</span> <span class='ocrx_word' id='word_1_667' title='bbox 2704 3589 2754 3640; x_wconf 91' lang='lat' dir='ltr'>in</span> <span class='ocrx_word' id='word_1_668' title='bbox 2784 3603 2935 3658; x_wconf 85' lang='lat' dir='ltr'>agro,</span> <span class='ocrx_word' id='word_1_669' title='bbox 2971 3588 3236 3644; x_wconf 88' lang='lat' dir='ltr'>benedicti</span> <span class='ocrx_word' id='word_1_670' title='bbox 3269 3590 3409 3646; x_wconf 83' lang='lat' dir='ltr'>fetus</span> <span class='ocrx_word' id='word_1_671' title='bbox 3440 3601 3573 3646; x_wconf 88' lang='lat' dir='ltr'>ven-</span> 
     </span>
    </p>
   </div>
   <div class='ocr_carea' id='block_1_85' title="bbox 1991 3678 3572 3748">
    <p class='ocr_par' dir='ltr' id='par_1_85' title="bbox 1991 3678 3572 3748">
     <span class='ocr_line' id='line_1_85' title="bbox 1991 3678 3572 3748; baseline 0.001 -15"><span class='ocrx_word' id='word_1_672' title='bbox 1991 3680 2089 3733; x_wconf 89' lang='lat' dir='ltr'>tris</span> <span class='ocrx_word' id='word_1_673' title='bbox 2144 3678 2219 3732; x_wconf 93' lang='lat' dir='ltr'>tui</span> <span class='ocrx_word' id='word_1_674' title='bbox 2268 3687 2323 3734; x_wconf 90' lang='lat' dir='ltr'>et</span> <span class='ocrx_word' id='word_1_675' title='bbox 2370 3679 2615 3748; x_wconf 88' lang='lat' dir='ltr'>germina</span> <span class='ocrx_word' id='word_1_676' title='bbox 2668 3688 2826 3733; x_wconf 81' lang='lat' dir='ltr'>terra:</span> <span class='ocrx_word' id='word_1_677' title='bbox 2855 3690 2991 3742; x_wconf 83' lang='lat' dir='ltr'>tuae,</span> <span class='ocrx_word' id='word_1_678' title='bbox 3024 3690 3079 3733; x_wconf 90' lang='lat' dir='ltr'>et</span> <span class='ocrx_word' id='word_1_679' title='bbox 3115 3692 3361 3735; x_wconf 88' lang='lat' dir='ltr'>armenta</span> <span class='ocrx_word' id='word_1_680' title='bbox 3410 3683 3572 3736; x_wconf 87' lang='lat' dir='ltr'>boum</span> 
     </span>
    </p>
   </div>
   <div class='ocr_carea' id='block_1_86' title="bbox 1994 3772 3575 3840">
    <p class='ocr_par' dir='ltr' id='par_1_86' title="bbox 1994 3772 3575 3840">
     <span class='ocr_line' id='line_1_86' title="bbox 1994 3772 3575 3840; baseline 0.004 -17"><span class='ocrx_word' id='word_1_681' title='bbox 1994 3780 2231 3834; x_wconf 91' lang='lat' dir='ltr'>tuorum,</span> <span class='ocrx_word' id='word_1_682' title='bbox 2277 3779 2331 3823; x_wconf 90' lang='lat' dir='ltr'>et</span> <span class='ocrx_word' id='word_1_683' title='bbox 2384 3785 2577 3840; x_wconf 86' lang='lat' dir='ltr'>greges</span> <span class='ocrx_word' id='word_1_684' title='bbox 2641 3772 2906 3839; x_wconf 85' lang='lat' dir='ltr'>pecudum</span> <span class='ocrx_word' id='word_1_685' title='bbox 2953 3782 3163 3826; x_wconf 90' lang='lat' dir='ltr'>tuarum</span> <span class='ocrx_word' id='word_1_686' title='bbox 3206 3790 3220 3826; x_wconf 89' lang='lat'><strong>:</strong></span> <span class='ocrx_word' id='word_1_687' title='bbox 3272 3774 3575 3829; x_wconf 74' lang='lat' dir='ltr'>benedictae</span> 
     </span>
    </p>
   </div>
   <div class='ocr_carea' id='block_1_87' title="bbox 1993 3861 3574 3930">
    <p class='ocr_par' dir='ltr' id='par_1_87' title="bbox 1993 3861 3574 3930">
     <span class='ocr_line' id='line_1_87' title="bbox 1993 3861 3574 3930; baseline 0.005 -16"><span class='ocrx_word' id='word_1_688' title='bbox 1993 3861 2270 3930; x_wconf 79' lang='lat' dir='ltr'>apothecae</span> <span class='ocrx_word' id='word_1_689' title='bbox 2302 3871 2425 3925; x_wconf 68' lang='lat' dir='ltr'>tuae,</span> <span class='ocrx_word' id='word_1_690' title='bbox 2455 3870 2510 3915; x_wconf 90' lang='lat' dir='ltr'>et</span> <span class='ocrx_word' id='word_1_691' title='bbox 2535 3862 2775 3929; x_wconf 70' lang='lat' dir='ltr'>reliquia:</span> <span class='ocrx_word' id='word_1_692' title='bbox 2821 3872 2927 3916; x_wconf 66' lang='lat' dir='ltr'>tua:</span> <span class='ocrx_word' id='word_1_693' title='bbox 2948 3902 2964 3927; x_wconf 92' lang='lat'>,</span> <span class='ocrx_word' id='word_1_694' title='bbox 3003 3882 3022 3915; x_wconf 70' lang='grc' dir='ltr'>ι</span> <span class='ocrx_word' id='word_1_695' title='bbox 3061 3874 3116 3917; x_wconf 90' lang='lat' dir='ltr'>et</span> <span class='ocrx_word' id='word_1_696' title='bbox 3145 3875 3363 3920; x_wconf 67' lang='lat' dir='ltr'>caetera.</span> <span class='ocrx_word' id='word_1_697' title='bbox 3404 3864 3474 3921; x_wconf 71' lang='lat' dir='ltr'>Ut</span> <span class='ocrx_word' id='word_1_698' title='bbox 3505 3883 3574 3922; x_wconf 74' lang='lat' dir='ltr'>cx</span> 
     </span>
    </p>
   </div>
   <div class='ocr_carea' id='block_1_88' title="bbox 1992 3949 3573 4019">
    <p class='ocr_par' dir='ltr' id='par_1_88' title="bbox 1992 3949 3573 4019">
     <span class='ocr_line' id='line_1_88' title="bbox 1992 3949 3573 4019; baseline 0.006 -15"><span class='ocrx_word' id='word_1_699' title='bbox 1992 3949 2269 4005; x_wconf 89' lang='lat' dir='ltr'>contrario</span> <span class='ocrx_word' id='word_1_700' title='bbox 2313 3950 2492 4019; x_wconf 89' lang='lat' dir='ltr'>impiis</span> <span class='ocrx_word' id='word_1_701' title='bbox 2546 3952 2743 4005; x_wconf 87' lang='lat' dir='ltr'>dicitur</span> <span class='ocrx_word' id='word_1_702' title='bbox 2793 3950 2836 3982; x_wconf 61' lang='grc'>⁸⁸</span> <span class='ocrx_word' id='word_1_703' title='bbox 2882 3969 2899 4006; x_wconf 84' lang='lat'><strong>:</strong></span> <span class='ocrx_word' id='word_1_704' title='bbox 2949 3971 2968 4004; x_wconf 77' lang='grc' dir='ltr'>ι</span> <span class='ocrx_word' id='word_1_705' title='bbox 3030 3954 3392 4011; x_wconf 74' lang='lat' dir='ltr'>Exsecrabilis</span> <span class='ocrx_word' id='word_1_706' title='bbox 3421 3970 3478 4013; x_wconf 92' lang='lat' dir='ltr'>tu</span> <span class='ocrx_word' id='word_1_707' title='bbox 3518 3960 3573 4013; x_wconf 92' lang='lat' dir='ltr'>in</span> 
     </span>
    </p>
   </div>
   <div class='ocr_carea' id='block_1_89' title="bbox 1992 4043 3575 4115">
    <p class='ocr_par' dir='ltr' id='par_1_89' title="bbox 1992 4043 3575 4115">
     <span class='ocr_line' id='line_1_89' title="bbox 1992 4043 3575 4115; baseline 0.006 -19"><span class='ocrx_word' id='word_1_708' title='bbox 1992 4043 2247 4110; x_wconf 90' lang='lat' dir='ltr'>civitate,</span> <span class='ocrx_word' id='word_1_709' title='bbox 2277 4052 2333 4098; x_wconf 91' lang='lat' dir='ltr'>et</span> <span class='ocrx_word' id='word_1_710' title='bbox 2367 4043 2719 4098; x_wconf 82' lang='lat' dir='ltr'>exsecrabilis</span> <span class='ocrx_word' id='word_1_711' title='bbox 2754 4053 2807 4097; x_wconf 92' lang='lat' dir='ltr'>tu</span> <span class='ocrx_word' id='word_1_712' title='bbox 2844 4045 2895 4099; x_wconf 91' lang='lat' dir='ltr'>in</span> <span class='ocrx_word' id='word_1_713' title='bbox 2928 4063 3090 4115; x_wconf 83' lang='lat' dir='ltr'>agro;</span> <span class='ocrx_word' id='word_1_714' title='bbox 3126 4061 3409 4104; x_wconf 86' lang='lat' dir='ltr'>exsecrata</span> <span class='ocrx_word' id='word_1_715' title='bbox 3444 4054 3575 4106; x_wconf 84' lang='lat' dir='ltr'>hor-</span> 
     </span>
    </p>
   </div>
   <div class='ocr_carea' id='block_1_90' title="bbox 1997 4136 3573 4204">
    <p class='ocr_par' dir='ltr' id='par_1_90' title="bbox 1997 4136 3573 4204">
     <span class='ocr_line' id='line_1_90' title="bbox 1997 4136 3573 4204; baseline 0.008 -17"><span class='ocrx_word' id='word_1_716' title='bbox 1997 4150 2088 4190; x_wconf 91' lang='lat' dir='ltr'>rea</span> <span class='ocrx_word' id='word_1_717' title='bbox 2117 4147 2204 4189; x_wconf 91' lang='lat' dir='ltr'>tua</span> <span class='ocrx_word' id='word_1_718' title='bbox 2227 4178 2242 4202; x_wconf 91' lang='lat'>,</span> <span class='ocrx_word' id='word_1_719' title='bbox 2274 4145 2329 4190; x_wconf 89' lang='lat' dir='ltr'>et</span> <span class='ocrx_word' id='word_1_720' title='bbox 2356 4136 2599 4204; x_wconf 71' lang='lat' dir='ltr'>reliquia:</span> <span class='ocrx_word' id='word_1_721' title='bbox 2636 4147 2768 4200; x_wconf 84' lang='lat' dir='ltr'>tuae,</span> <span class='ocrx_word' id='word_1_722' title='bbox 2811 4141 3181 4197; x_wconf 81' lang='lat' dir='ltr'>exsecrabiles</span> <span class='ocrx_word' id='word_1_723' title='bbox 3229 4142 3319 4196; x_wconf 81' lang='lat' dir='ltr'>lilii</span> <span class='ocrx_word' id='word_1_724' title='bbox 3369 4147 3573 4199; x_wconf 84' lang='lat' dir='ltr'>ventris</span> 
     </span>
    </p>
   </div>
   <div class='ocr_carea' id='block_1_91' title="bbox 1999 4227 3570 4297">
    <p class='ocr_par' dir='ltr' id='par_1_91' title="bbox 1999 4227 3570 4297">
     <span class='ocr_line' id='line_1_91' title="bbox 1999 4227 3570 4297; baseline 0.006 -17"><span class='ocrx_word' id='word_1_725' title='bbox 1999 4227 2098 4291; x_wconf 89' lang='lat' dir='ltr'>tui,</span> <span class='ocrx_word' id='word_1_726' title='bbox 2123 4238 2177 4281; x_wconf 90' lang='lat' dir='ltr'>et</span> <span class='ocrx_word' id='word_1_727' title='bbox 2206 4229 2446 4297; x_wconf 81' lang='lat' dir='ltr'>germina</span> <span class='ocrx_word' id='word_1_728' title='bbox 2472 4239 2629 4285; x_wconf 74' lang='lat' dir='ltr'>terrae</span> <span class='ocrx_word' id='word_1_729' title='bbox 2657 4239 2793 4297; x_wconf 67' lang='lat' dir='ltr'>tute;</span> <span class='ocrx_word' id='word_1_730' title='bbox 2829 4243 3105 4286; x_wconf 60' lang='lat' dir='ltr'>exsecrata</span> <span class='ocrx_word' id='word_1_731' title='bbox 3131 4243 3376 4289; x_wconf 89' lang='lat' dir='ltr'>armenta</span> <span class='ocrx_word' id='word_1_732' title='bbox 3409 4238 3570 4290; x_wconf 91' lang='lat' dir='ltr'>boum</span> 
     </span>
    </p>
   </div>
   <div class='ocr_carea' id='block_1_92' title="bbox 311 4322 1888 4399">
    <p class='ocr_par' dir='ltr' id='par_1_92' title="bbox 311 4322 1888 4399">
     <span class='ocr_line' id='line_1_92' title="bbox 311 4322 1888 4399; baseline -0.004 -17"><span class='ocrx_word' id='word_1_733' title='bbox 311 4329 408 4383; x_wconf 78' lang='grc' dir='ltr'>τοῦ</span> <span class='ocrx_word' id='word_1_734' title='bbox 440 4328 575 4383; x_wconf 87' lang='grc' dir='ltr'>Θεοῦ</span> <span class='ocrx_word' id='word_1_735' title='bbox 600 4346 715 4382; x_wconf 89' lang='grc' dir='ltr'>σου.</span> <span class='ocrx_word' id='word_1_736' title='bbox 750 4327 1126 4399; x_wconf 85' lang='grc' dir='ltr'>Εὐλογημένος</span> <span class='ocrx_word' id='word_1_737' title='bbox 1160 4328 1223 4380; x_wconf 83' lang='grc' dir='ltr'>σὺ</span> <span class='ocrx_word' id='word_1_738' title='bbox 1253 4328 1313 4380; x_wconf 85' lang='grc' dir='ltr'>ὲν</span> <span class='ocrx_word' id='word_1_739' title='bbox 1347 4326 1521 4390; x_wconf 85' lang='grc' dir='ltr'>πόλει,</span> <span class='ocrx_word' id='word_1_740' title='bbox 1552 4325 1648 4378; x_wconf 76' lang='grc' dir='ltr'>καὶ</span> <span class='ocrx_word' id='word_1_741' title='bbox 1676 4322 1888 4394; x_wconf 85' lang='grc' dir='ltr'>εὐλογη-</span> 
     </span>
    </p>
   </div>
   <div class='ocr_carea' id='block_1_93' title="bbox 1994 4322 3573 4399">
    <p class='ocr_par' dir='ltr' id='par_1_93' title="bbox 1999 4325 3573 4392">
     <span class='ocr_line' id='line_1_93' title="bbox 1999 4325 3573 4392; baseline 0.004 -18"><span class='ocrx_word' id='word_1_742' title='bbox 1999 4331 2234 4389; x_wconf 90' lang='lat' dir='ltr'>tuorum,</span> <span class='ocrx_word' id='word_1_743' title='bbox 2263 4328 2316 4375; x_wconf 91' lang='lat' dir='ltr'>et</span> <span class='ocrx_word' id='word_1_744' title='bbox 2337 4335 2525 4390; x_wconf 82' lang='lat' dir='ltr'>greges</span> <span class='ocrx_word' id='word_1_745' title='bbox 2548 4325 2813 4391; x_wconf 87' lang='lat' dir='ltr'>pecudum</span> <span class='ocrx_word' id='word_1_746' title='bbox 2854 4334 3103 4392; x_wconf 87' lang='lat' dir='ltr'>tuarum;</span> <span class='ocrx_word' id='word_1_747' title='bbox 3142 4344 3164 4378; x_wconf 74' lang='grc' dir='ltr'>ι</span> <span class='ocrx_word' id='word_1_748' title='bbox 3199 4336 3254 4381; x_wconf 91' lang='lat' dir='ltr'>et</span> <span class='ocrx_word' id='word_1_749' title='bbox 3282 4327 3385 4379; x_wconf 88' lang='lat' dir='ltr'>alia</span> <span class='ocrx_word' id='word_1_750' title='bbox 3415 4327 3573 4380; x_wconf 88' lang='lat' dir='ltr'>imm-</span> 
     </span>
    </p>
   </div>
   <div class='ocr_carea' id='block_1_94' title="bbox 317 4412 1888 4495">
    <p class='ocr_par' dir='ltr' id='par_1_94' title="bbox 317 4412 1888 4495">
     <span class='ocr_line' id='line_1_94' title="bbox 317 4412 1888 4495; baseline -0.004 -19"><span class='ocrx_word' id='word_1_751' title='bbox 317 4425 478 4495; x_wconf 80' lang='grc' dir='ltr'>μένος</span> <span class='ocrx_word' id='word_1_752' title='bbox 512 4422 575 4475; x_wconf 85' lang='grc' dir='ltr'>σὺ</span> <span class='ocrx_word' id='word_1_753' title='bbox 618 4424 676 4476; x_wconf 80' lang='grc' dir='ltr'>ὲν</span> <span class='ocrx_word' id='word_1_754' title='bbox 708 4420 896 4494; x_wconf 78' lang='grc' dir='ltr'>ἀγρῷ,</span> <span class='ocrx_word' id='word_1_755' title='bbox 941 4419 1278 4491; x_wconf 84' lang='grc' dir='ltr'>εύλογημένα</span> <span class='ocrx_word' id='word_1_756' title='bbox 1309 4419 1380 4473; x_wconf 81' lang='grc' dir='ltr'>τὰ</span> <span class='ocrx_word' id='word_1_757' title='bbox 1408 4412 1627 4486; x_wconf 79' lang='grc' dir='ltr'>’ἔγγονα</span> <span class='ocrx_word' id='word_1_758' title='bbox 1671 4414 1746 4488; x_wconf 89' lang='grc'>(6)</span> <span class='ocrx_word' id='word_1_759' title='bbox 1791 4416 1888 4487; x_wconf 90' lang='grc' dir='ltr'>τῆς</span> 
     </span>
    </p>
   </div>
   <div class='ocr_carea' id='block_1_95' title="bbox 312 4506 1885 4584">
    <p class='ocr_par' dir='ltr' id='par_1_95' title="bbox 312 4506 1885 4584">
     <span class='ocr_line' id='line_1_95' title="bbox 312 4506 1885 4584; baseline -0.004 -17"><span class='ocrx_word' id='word_1_760' title='bbox 312 4515 521 4578; x_wconf 88' lang='grc' dir='ltr'>κοιλίας</span> <span class='ocrx_word' id='word_1_761' title='bbox 551 4532 646 4568; x_wconf 91' lang='grc' dir='ltr'>σου</span> <span class='ocrx_word' id='word_1_762' title='bbox 669 4553 684 4578; x_wconf 88' lang='grc'><strong><em>,</em></strong></span> <span class='ocrx_word' id='word_1_763' title='bbox 716 4514 810 4568; x_wconf 76' lang='grc' dir='ltr'>καὶ</span> <span class='ocrx_word' id='word_1_764' title='bbox 835 4513 904 4567; x_wconf 82' lang='grc' dir='ltr'>τὰ</span> <span class='ocrx_word' id='word_1_765' title='bbox 941 4515 1252 4584; x_wconf 80' lang='grc' dir='ltr'>γεννήματα</span> <span class='ocrx_word' id='word_1_766' title='bbox 1278 4511 1377 4582; x_wconf 82' lang='grc' dir='ltr'>τῆς</span> <span class='ocrx_word' id='word_1_767' title='bbox 1406 4510 1511 4580; x_wconf 83' lang='grc' dir='ltr'>γῆς</span> <span class='ocrx_word' id='word_1_768' title='bbox 1538 4526 1629 4562; x_wconf 91' lang='grc' dir='ltr'>σου</span> <span class='ocrx_word' id='word_1_769' title='bbox 1651 4549 1666 4573; x_wconf 88' lang='grc'><em>,</em></span> <span class='ocrx_word' id='word_1_770' title='bbox 1698 4509 1793 4561; x_wconf 71' lang='grc' dir='ltr'>καὶ</span> <span class='ocrx_word' id='word_1_771' title='bbox 1815 4506 1885 4561; x_wconf 84' lang='grc' dir='ltr'>τὰ</span> 
     </span>
    </p>
   </div>
   <div class='ocr_carea' id='block_1_96' title="bbox 315 4598 1889 4677">
    <p class='ocr_par' dir='ltr' id='par_1_96' title="bbox 315 4598 1889 4677">
     <span class='ocr_line' id='line_1_96' title="bbox 315 4598 1889 4677; baseline -0.003 -18"><span class='ocrx_word' id='word_1_772' title='bbox 315 4605 567 4677; x_wconf 82' lang='grc' dir='ltr'>βουκόλια</span> <span class='ocrx_word' id='word_1_773' title='bbox 597 4605 705 4659; x_wconf 84' lang='grc' dir='ltr'>τῶν</span> <span class='ocrx_word' id='word_1_774' title='bbox 736 4604 873 4675; x_wconf 84' lang='grc' dir='ltr'>βοῶν</span> <span class='ocrx_word' id='word_1_775' title='bbox 904 4622 997 4658; x_wconf 86' lang='grc' dir='ltr'>σου</span> <span class='ocrx_word' id='word_1_776' title='bbox 1017 4645 1032 4670; x_wconf 91' lang='grc'>,</span> <span class='ocrx_word' id='word_1_777' title='bbox 1064 4605 1159 4658; x_wconf 77' lang='grc' dir='ltr'>καὶ</span> <span class='ocrx_word' id='word_1_778' title='bbox 1184 4602 1253 4656; x_wconf 77' lang='grc' dir='ltr'>τὰ</span> <span class='ocrx_word' id='word_1_779' title='bbox 1284 4603 1514 4673; x_wconf 87' lang='grc' dir='ltr'>ποίμνια</span> <span class='ocrx_word' id='word_1_780' title='bbox 1538 4601 1646 4654; x_wconf 83' lang='grc' dir='ltr'>τῶν</span> <span class='ocrx_word' id='word_1_781' title='bbox 1678 4598 1889 4671; x_wconf 84' lang='grc' dir='ltr'>προϐά-</span> 
     </span>
    </p>
   </div>
   <div class='ocr_carea' id='block_1_97' title="bbox 311 4691 1890 4767">
    <p class='ocr_par' dir='ltr' id='par_1_97' title="bbox 311 4691 1890 4767">
     <span class='ocr_line' id='line_1_97' title="bbox 311 4691 1890 4767; baseline -0.005 -16"><span class='ocrx_word' id='word_1_782' title='bbox 311 4715 418 4751; x_wconf 85' lang='grc' dir='ltr'>των</span> <span class='ocrx_word' id='word_1_783' title='bbox 480 4714 604 4750; x_wconf 91' lang='grc' dir='ltr'>σου·</span> <span class='ocrx_word' id='word_1_784' title='bbox 668 4696 1028 4767; x_wconf 81' lang='grc' dir='ltr'>εὐλογημέναι</span> <span class='ocrx_word' id='word_1_785' title='bbox 1072 4697 1127 4748; x_wconf 80' lang='grc' dir='ltr'>αἱ</span> <span class='ocrx_word' id='word_1_786' title='bbox 1172 4694 1449 4764; x_wconf 81' lang='grc' dir='ltr'>ἀποθῆκαί</span> <span class='ocrx_word' id='word_1_787' title='bbox 1509 4710 1636 4757; x_wconf 90' lang='grc' dir='ltr'>σου,</span> <span class='ocrx_word' id='word_1_788' title='bbox 1691 4693 1786 4746; x_wconf 73' lang='grc' dir='ltr'>καὶ</span> <span class='ocrx_word' id='word_1_789' title='bbox 1820 4691 1890 4744; x_wconf 80' lang='grc' dir='ltr'>τὰ</span> 
     </span>
    </p>
   </div>
   <div class='ocr_carea' id='block_1_98' title="bbox 312 4782 1885 4858">
    <p class='ocr_par' dir='ltr' id='par_1_98' title="bbox 312 4782 1885 4858">
     <span class='ocr_line' id='line_1_98' title="bbox 312 4782 1885 4858; baseline -0.004 -16"><span class='ocrx_word' id='word_1_790' title='bbox 312 4786 799 4858; x_wconf 82' lang='grc' dir='ltr'>ὲγκαταλείμματά</span> <span class='ocrx_word' id='word_1_791' title='bbox 834 4803 955 4854; x_wconf 87' lang='grc' dir='ltr'>σου,</span> <span class='ocrx_word' id='word_1_792' title='bbox 987 4805 1007 4839; x_wconf 72' lang='grc' dir='ltr'>ι</span> <span class='ocrx_word' id='word_1_793' title='bbox 1053 4786 1150 4840; x_wconf 74' lang='grc' dir='ltr'>καὶ</span> <span class='ocrx_word' id='word_1_794' title='bbox 1181 4784 1249 4839; x_wconf 82' lang='grc' dir='ltr'>τὰ</span> <span class='ocrx_word' id='word_1_795' title='bbox 1279 4783 1422 4856; x_wconf 79' lang='grc' dir='ltr'>ἑξῆς.</span> <span class='ocrx_word' id='word_1_796' title='bbox 1496 4784 1585 4848; x_wconf 82' lang='grc' dir='ltr'>Ὡς</span> <span class='ocrx_word' id='word_1_797' title='bbox 1626 4782 1787 4837; x_wconf 84' lang='grc' dir='ltr'>πάλιν</span> <span class='ocrx_word' id='word_1_798' title='bbox 1819 4784 1885 4835; x_wconf 81' lang='grc' dir='ltr'>ὲκ</span> 
     </span>
    </p>
   </div>
   <div class='ocr_carea' id='block_1_99' title="bbox 310 4874 1887 4947">
    <p class='ocr_par' dir='ltr' id='par_1_99' title="bbox 310 4874 1887 4947">
     <span class='ocr_line' id='line_1_99' title="bbox 310 4874 1887 4947; baseline -0.003 -14"><span class='ocrx_word' id='word_1_799' title='bbox 310 4879 420 4933; x_wconf 84' lang='grc' dir='ltr'>τῶν</span> <span class='ocrx_word' id='word_1_800' title='bbox 445 4878 702 4932; x_wconf 76' lang='grc' dir='ltr'>ἐναντίων</span> <span class='ocrx_word' id='word_1_801' title='bbox 723 4881 834 4941; x_wconf 86' lang='grc' dir='ltr'>τοῖς</span> <span class='ocrx_word' id='word_1_802' title='bbox 861 4874 1114 4930; x_wconf 81' lang='grc' dir='ltr'>ἀσεϐοῦσι</span> <span class='ocrx_word' id='word_1_803' title='bbox 1135 4876 1352 4946; x_wconf 82' lang='grc' dir='ltr'>λέγεται</span> <span class='ocrx_word' id='word_1_804' title='bbox 1374 4877 1453 4930; x_wconf 88' lang='grc' dir='ltr'>τό·</span> <span class='ocrx_word' id='word_1_805' title='bbox 1479 4896 1497 4929; x_wconf 87' lang='grc' dir='ltr'>ι</span> <span class='ocrx_word' id='word_1_806' title='bbox 1521 4874 1887 4947; x_wconf 80' lang='grc' dir='ltr'>Ἐπικατάρα-</span> 
     </span>
    </p>
   </div>
   <div class='ocr_carea' id='block_1_100' title="bbox 311 4966 1889 5043">
    <p class='ocr_par' dir='ltr' id='par_1_100' title="bbox 311 4966 1889 5043">
     <span class='ocr_line' id='line_1_100' title="bbox 311 4966 1889 5043; baseline -0.004 -18"><span class='ocrx_word' id='word_1_807' title='bbox 311 4989 403 5035; x_wconf 87' lang='grc' dir='ltr'>τος</span> <span class='ocrx_word' id='word_1_808' title='bbox 439 4973 503 5025; x_wconf 81' lang='grc' dir='ltr'>σὺ</span> <span class='ocrx_word' id='word_1_809' title='bbox 527 4972 584 5024; x_wconf 82' lang='grc' dir='ltr'>ἐν</span> <span class='ocrx_word' id='word_1_810' title='bbox 608 4969 759 5022; x_wconf 89' lang='grc' dir='ltr'>πόλει</span> <span class='ocrx_word' id='word_1_811' title='bbox 779 5010 793 5033; x_wconf 90' lang='grc'><em>,</em></span> <span class='ocrx_word' id='word_1_812' title='bbox 828 4969 923 5022; x_wconf 54' lang='grc' dir='ltr'>καὶ¹</span> <span class='ocrx_word' id='word_1_813' title='bbox 942 4969 1340 5043; x_wconf 82' lang='grc' dir='ltr'>ὲπικατάρατος</span> <span class='ocrx_word' id='word_1_814' title='bbox 1367 4970 1430 5022; x_wconf 83' lang='grc' dir='ltr'>σὺ</span> <span class='ocrx_word' id='word_1_815' title='bbox 1453 4970 1531 5023; x_wconf 60' lang='grc' dir='ltr'>ὲνκ</span> <span class='ocrx_word' id='word_1_816' title='bbox 1542 4966 1697 5039; x_wconf 82' lang='grc' dir='ltr'>ἀγρῷ</span> <span class='ocrx_word' id='word_1_817' title='bbox 1717 4985 1730 4999; x_wconf 78' lang='grc' dir='ltr'><strong>ο</strong></span> <span class='ocrx_word' id='word_1_818' title='bbox 1766 4968 1889 5020; x_wconf 82' lang='grc' dir='ltr'>ὲπι-</span> 
     </span>
    </p>
   </div>
   <div class='ocr_carea' id='block_1_101' title="bbox 312 5060 1886 5136">
    <p class='ocr_par' dir='ltr' id='par_1_101' title="bbox 312 5060 1886 5136">
     <span class='ocr_line' id='line_1_101' title="bbox 312 5060 1886 5136; baseline -0.004 -18"><span class='ocrx_word' id='word_1_819' title='bbox 312 5065 608 5136; x_wconf 81' lang='grc' dir='ltr'>κατάρατοι</span> <span class='ocrx_word' id='word_1_820' title='bbox 649 5064 707 5116; x_wconf 83' lang='grc' dir='ltr'>αἱ</span> <span class='ocrx_word' id='word_1_821' title='bbox 757 5061 1032 5132; x_wconf 86' lang='grc' dir='ltr'>ἀποθῆκαί</span> <span class='ocrx_word' id='word_1_822' title='bbox 1082 5079 1174 5115; x_wconf 87' lang='grc' dir='ltr'>σου</span> <span class='ocrx_word' id='word_1_823' title='bbox 1197 5102 1212 5127; x_wconf 90' lang='grc'><strong><em>,</em></strong></span> <span class='ocrx_word' id='word_1_824' title='bbox 1261 5063 1356 5116; x_wconf 71' lang='grc' dir='ltr'>καὶ</span> <span class='ocrx_word' id='word_1_825' title='bbox 1403 5062 1471 5115; x_wconf 82' lang='grc' dir='ltr'>τὰ</span> <span class='ocrx_word' id='word_1_826' title='bbox 1522 5060 1886 5132; x_wconf 80' lang='grc' dir='ltr'>ὲγκαταλείμ-</span> 
     </span>
    </p>
   </div>
   <div class='ocr_carea' id='block_1_102' title="bbox 317 5150 1884 5225">
    <p class='ocr_par' dir='ltr' id='par_1_102' title="bbox 317 5150 1884 5225">
     <span class='ocr_line' id='line_1_102' title="bbox 317 5150 1884 5225; baseline -0.001 -19"><span class='ocrx_word' id='word_1_827' title='bbox 317 5154 461 5225; x_wconf 81' lang='grc' dir='ltr'>μστά</span> <span class='ocrx_word' id='word_1_828' title='bbox 488 5170 616 5206; x_wconf 86' lang='grc' dir='ltr'>σου·</span> <span class='ocrx_word' id='word_1_829' title='bbox 653 5151 1032 5224; x_wconf 82' lang='grc' dir='ltr'>ὲπικατάρατα</span> <span class='ocrx_word' id='word_1_830' title='bbox 1076 5152 1144 5206; x_wconf 84' lang='grc' dir='ltr'>τὰ</span> <span class='ocrx_word' id='word_1_831' title='bbox 1177 5152 1341 5205; x_wconf 84' lang='grc' dir='ltr'>τέκνα</span> <span class='ocrx_word' id='word_1_832' title='bbox 1379 5151 1478 5221; x_wconf 90' lang='grc' dir='ltr'>τῆς</span> <span class='ocrx_word' id='word_1_833' title='bbox 1521 5150 1725 5213; x_wconf 87' lang='grc' dir='ltr'>κοιλίας</span> <span class='ocrx_word' id='word_1_834' title='bbox 1769 5168 1884 5215; x_wconf 91' lang='grc' dir='ltr'>σου,</span> 
     </span>
    </p>
   </div>
   <div class='ocr_carea' id='block_1_103' title="bbox 315 5244 1887 5318">
    <p class='ocr_par' dir='ltr' id='par_1_103' title="bbox 315 5244 1887 5318">
     <span class='ocr_line' id='line_1_103' title="bbox 315 5244 1887 5318; baseline -0.001 -18"><span class='ocrx_word' id='word_1_835' title='bbox 315 5248 406 5300; x_wconf 71' lang='grc' dir='ltr'>καὶ</span> <span class='ocrx_word' id='word_1_836' title='bbox 438 5246 506 5300; x_wconf 83' lang='grc' dir='ltr'>τὰ</span> <span class='ocrx_word' id='word_1_837' title='bbox 544 5247 859 5317; x_wconf 85' lang='grc' dir='ltr'>γεννήματα</span> <span class='ocrx_word' id='word_1_838' title='bbox 913 5246 1011 5318; x_wconf 88' lang='grc' dir='ltr'>τῆς</span> <span class='ocrx_word' id='word_1_839' title='bbox 1052 5246 1157 5316; x_wconf 89' lang='grc' dir='ltr'>γῆς</span> <span class='ocrx_word' id='word_1_840' title='bbox 1203 5263 1297 5299; x_wconf 85' lang='grc' dir='ltr'>σου</span> <span class='ocrx_word' id='word_1_841' title='bbox 1319 5262 1335 5278; x_wconf 77' lang='grc' dir='ltr'><strong>ο</strong></span> <span class='ocrx_word' id='word_1_842' title='bbox 1397 5244 1778 5316; x_wconf 81' lang='grc' dir='ltr'>ὲπικατάρατα</span> <span class='ocrx_word' id='word_1_843' title='bbox 1817 5246 1887 5299; x_wconf 73' lang='grc' dir='ltr'>τὰ</span> 
     </span>
    </p>
   </div>
   <div class='ocr_carea' id='block_1_104' title="bbox 389 5408 1175 5473">
    <p class='ocr_par' dir='ltr' id='par_1_104' title="bbox 389 5408 1175 5473">
     <span class='ocr_line' id='line_1_104' title="bbox 389 5408 1175 5473; baseline 0.006 -11"><span class='ocrx_word' id='word_1_844' title='bbox 389 5409 435 5441; x_wconf 74' lang='grc'>⁵³</span> <span class='ocrx_word' id='word_1_845' title='bbox 463 5408 616 5463; x_wconf 89' lang='lat' dir='ltr'>Deut.</span> <span class='ocrx_word' id='word_1_846' title='bbox 650 5426 843 5473; x_wconf 74' lang='lat' dir='ltr'>xxvm,</span> <span class='ocrx_word' id='word_1_847' title='bbox 874 5409 943 5464; x_wconf 84' lang='lat'>58</span> <span class='ocrx_word' id='word_1_848' title='bbox 974 5418 1028 5463; x_wconf 80' lang='lat' dir='ltr'>et</span> <span class='ocrx_word' id='word_1_849' title='bbox 1060 5424 1175 5467; x_wconf 79' lang='lat' dir='ltr'>seu.</span> 
     </span>
    </p>
   </div>
   <div class='ocr_carea' id='block_1_105' title="bbox 316 5479 1388 5551">
    <p class='ocr_par' dir='ltr' id='par_1_105' title="bbox 316 5479 1388 5551">
     <span class='ocr_line' id='line_1_105' title="bbox 316 5479 1388 5551; baseline 0 -16"><span class='ocrx_word' id='word_1_850' title='bbox 316 5495 507 5547; x_wconf 78' lang='lat' dir='ltr'>xxviii,</span> <span class='ocrx_word' id='word_1_851' title='bbox 540 5482 566 5533; x_wconf 88' lang='grc'><strong>1</strong></span> <span class='ocrx_word' id='word_1_852' title='bbox 595 5492 650 5534; x_wconf 89' lang='lat' dir='ltr'>et</span> <span class='ocrx_word' id='word_1_853' title='bbox 679 5496 794 5549; x_wconf 83' lang='lat' dir='ltr'>seq.</span> <span class='ocrx_word' id='word_1_854' title='bbox 870 5479 916 5511; x_wconf 72' lang='grc'>⁸⁸</span> <span class='ocrx_word' id='word_1_855' title='bbox 945 5480 1074 5536; x_wconf 88' lang='lat' dir='ltr'>ibid.</span> <span class='ocrx_word' id='word_1_856' title='bbox 1102 5480 1168 5535; x_wconf 83' lang='lat' dir='ltr'>l6</span> <span class='ocrx_word' id='word_1_857' title='bbox 1190 5490 1242 5536; x_wconf 90' lang='lat' dir='ltr'>et</span> <span class='ocrx_word' id='word_1_858' title='bbox 1272 5496 1388 5551; x_wconf 89' lang='lat' dir='ltr'>seq.</span> 
     </span>
    </p>
   </div>
   <div class='ocr_carea' id='block_1_106' title="bbox 386 5624 1131 5693">
    <p class='ocr_par' dir='ltr' id='par_1_106' title="bbox 386 5624 1131 5693">
     <span class='ocr_line' id='line_1_106' title="bbox 386 5624 1131 5693; baseline 0.005 -16"><span class='ocrx_word' id='word_1_859' title='bbox 386 5625 458 5693; x_wconf 64' lang='grc' dir='ltr'>(ὅ)</span> <span class='ocrx_word' id='word_1_860' title='bbox 486 5624 660 5682; x_wconf 87' lang='lat' dir='ltr'>Biblia</span> <span class='ocrx_word' id='word_1_861' title='bbox 679 5624 890 5693; x_wconf 69' lang='lat' dir='ltr'>Grzcca,</span> <span class='ocrx_word' id='word_1_862' title='bbox 917 5625 1131 5692; x_wconf 80' lang='grc' dir='ltr'>πιστάς.</span> 
     </span>
    </p>
   </div>
   <div class='ocr_carea' id='block_1_107' title="bbox 1274 5409 2441 5478">
    <p class='ocr_par' dir='ltr' id='par_1_107' title="bbox 1274 5409 2441 5478">
     <span class='ocr_line' id='line_1_107' title="bbox 1274 5409 2441 5478; baseline 0.005 -16"><span class='ocrx_word' id='word_1_863' title='bbox 1274 5410 1321 5441; x_wconf 70' lang='grc'>⁸⁴</span> <span class='ocrx_word' id='word_1_864' title='bbox 1350 5409 1522 5467; x_wconf 83' lang='lat' dir='ltr'>Levit.</span> <span class='ocrx_word' id='word_1_865' title='bbox 1550 5425 1696 5477; x_wconf 64' lang='grc' dir='ltr'>χχιιι,</span> <span class='ocrx_word' id='word_1_866' title='bbox 1725 5410 1811 5466; x_wconf 81' lang='lat' dir='ltr'>l6.</span> <span class='ocrx_word' id='word_1_867' title='bbox 1887 5412 1933 5445; x_wconf 76' lang='grc'><strong><em>⁵³</em></strong></span> <span class='ocrx_word' id='word_1_868' title='bbox 1962 5412 2115 5469; x_wconf 84' lang='lat' dir='ltr'>Deut.</span> <span class='ocrx_word' id='word_1_869' title='bbox 2147 5428 2322 5478; x_wconf 78' lang='lat' dir='ltr'>xxxii,</span> <span class='ocrx_word' id='word_1_870' title='bbox 2350 5412 2441 5468; x_wconf 69' lang='grc'>24.</span> 
     </span>
    </p>
   </div>
   <div class='ocr_carea' id='block_1_108' title="bbox 2000 4411 3572 4485">
    <p class='ocr_par' dir='ltr' id='par_1_108' title="bbox 2000 4411 3572 4485">
     <span class='ocr_line' id='line_1_108' title="bbox 2000 4411 3572 4485; baseline 0.005 -21"><span class='ocrx_word' id='word_1_871' title='bbox 2000 4426 2146 4466; x_wconf 90' lang='lat' dir='ltr'>mera</span> <span class='ocrx_word' id='word_1_872' title='bbox 2181 4411 2423 4482; x_wconf 83' lang='lat' dir='ltr'>proferre</span> <span class='ocrx_word' id='word_1_873' title='bbox 2450 4422 2677 4482; x_wconf 90' lang='lat' dir='ltr'>possunt</span> <span class='ocrx_word' id='word_1_874' title='bbox 2704 4452 2719 4478; x_wconf 89' lang='lat'>,</span> <span class='ocrx_word' id='word_1_875' title='bbox 2750 4416 2842 4483; x_wconf 89' lang='lat' dir='ltr'>qui</span> <span class='ocrx_word' id='word_1_876' title='bbox 2869 4416 2921 4470; x_wconf 92' lang='lat' dir='ltr'>in</span> <span class='ocrx_word' id='word_1_877' title='bbox 2948 4417 3108 4472; x_wconf 90' lang='lat' dir='ltr'>rebus</span> <span class='ocrx_word' id='word_1_878' title='bbox 3130 4418 3374 4485; x_wconf 88' lang='lat' dir='ltr'>corporis</span> <span class='ocrx_word' id='word_1_879' title='bbox 3399 4428 3454 4472; x_wconf 90' lang='lat' dir='ltr'>et</span> <span class='ocrx_word' id='word_1_880' title='bbox 3475 4434 3572 4474; x_wconf 83' lang='lat' dir='ltr'>ex-</span> 
     </span>
    </p>
   </div>
   <div class='ocr_carea' id='block_1_109' title="bbox 1998 4506 3573 4581">
    <p class='ocr_par' dir='ltr' id='par_1_109' title="bbox 1998 4506 3573 4581">
     <span class='ocr_line' id='line_1_109' title="bbox 1998 4506 3573 4581; baseline 0.005 -23"><span class='ocrx_word' id='word_1_881' title='bbox 1998 4506 2166 4559; x_wconf 89' lang='lat' dir='ltr'>ternis</span> <span class='ocrx_word' id='word_1_882' title='bbox 2189 4508 2329 4560; x_wconf 89' lang='lat' dir='ltr'>bona</span> <span class='ocrx_word' id='word_1_883' title='bbox 2355 4514 2411 4559; x_wconf 89' lang='lat' dir='ltr'>et</span> <span class='ocrx_word' id='word_1_884' title='bbox 2437 4506 2579 4560; x_wconf 90' lang='lat' dir='ltr'>mala</span> <span class='ocrx_word' id='word_1_885' title='bbox 2606 4522 2729 4563; x_wconf 87' lang='lat' dir='ltr'>esse</span> <span class='ocrx_word' id='word_1_886' title='bbox 2748 4509 2952 4564; x_wconf 89' lang='lat' dir='ltr'>volunt.</span> <span class='ocrx_word' id='word_1_887' title='bbox 2978 4509 3325 4581; x_wconf 83' lang='lat' dir='ltr'>Evangelium</span> <span class='ocrx_word' id='word_1_888' title='bbox 3356 4526 3573 4581; x_wconf 83' lang='lat' dir='ltr'>quoque</span> 
     </span>
    </p>
   </div>
   <div class='ocr_carea' id='block_1_110' title="bbox 1997 4599 3571 4669">
    <p class='ocr_par' dir='ltr' id='par_1_110' title="bbox 1997 4599 3571 4669">
     <span class='ocr_line' id='line_1_110' title="bbox 1997 4599 3571 4669; baseline 0.003 -17"><span class='ocrx_word' id='word_1_889' title='bbox 1997 4599 2299 4668; x_wconf 82' lang='lat' dir='ltr'>attingent,</span> <span class='ocrx_word' id='word_1_890' title='bbox 2336 4611 2392 4655; x_wconf 92' lang='lat' dir='ltr'>et</span> <span class='ocrx_word' id='word_1_891' title='bbox 2420 4601 2600 4655; x_wconf 90' lang='lat' dir='ltr'>dicent</span> <span class='ocrx_word' id='word_1_892' title='bbox 2642 4603 3022 4668; x_wconf 88' lang='lat' dir='ltr'>Servatorem,</span> <span class='ocrx_word' id='word_1_893' title='bbox 3054 4618 3180 4657; x_wconf 89' lang='lat' dir='ltr'>cum</span> <span class='ocrx_word' id='word_1_894' title='bbox 3228 4606 3396 4669; x_wconf 86' lang='lat' dir='ltr'>venit,</span> <span class='ocrx_word' id='word_1_895' title='bbox 3449 4612 3571 4657; x_wconf 89' lang='lat' dir='ltr'>tan-</span> 
     </span>
    </p>
   </div>
   <div class='ocr_carea' id='block_1_111' title="bbox 1996 4691 3572 4765">
    <p class='ocr_par' dir='ltr' id='par_1_111' title="bbox 1996 4691 3572 4765">
     <span class='ocr_line' id='line_1_111' title="bbox 1996 4691 3572 4765; baseline 0.006 -22"><span class='ocrx_word' id='word_1_896' title='bbox 1996 4706 2160 4760; x_wconf 90' lang='lat' dir='ltr'>quam</span> <span class='ocrx_word' id='word_1_897' title='bbox 2206 4691 2383 4757; x_wconf 83' lang='lat' dir='ltr'>mala,</span> <span class='ocrx_word' id='word_1_898' title='bbox 2431 4694 2742 4751; x_wconf 90' lang='lat' dir='ltr'>hominibus</span> <span class='ocrx_word' id='word_1_899' title='bbox 2791 4696 3081 4751; x_wconf 89' lang='lat' dir='ltr'>abstulisse</span> <span class='ocrx_word' id='word_1_900' title='bbox 3123 4698 3368 4765; x_wconf 91' lang='lat' dir='ltr'>corporis</span> <span class='ocrx_word' id='word_1_901' title='bbox 3411 4701 3572 4753; x_wconf 75' lang='lat' dir='ltr'>Caeci-</span> 
     </span>
    </p>
   </div>
   <div class='ocr_carea' id='block_1_112' title="bbox 2001 4782 3572 4853">
    <p class='ocr_par' dir='ltr' id='par_1_112' title="bbox 2001 4782 3572 4853">
     <span class='ocr_line' id='line_1_112' title="bbox 2001 4782 3572 4853; baseline 0.006 -19"><span class='ocrx_word' id='word_1_902' title='bbox 2001 4791 2186 4846; x_wconf 89' lang='lat' dir='ltr'>tatem,</span> <span class='ocrx_word' id='word_1_903' title='bbox 2218 4782 2558 4849; x_wconf 85' lang='lat' dir='ltr'>surditatem,</span> <span class='ocrx_word' id='word_1_904' title='bbox 2582 4795 2638 4840; x_wconf 89' lang='lat' dir='ltr'>et</span> <span class='ocrx_word' id='word_1_905' title='bbox 2668 4785 3034 4840; x_wconf 86' lang='lat' dir='ltr'>membrorum</span> <span class='ocrx_word' id='word_1_906' title='bbox 3066 4788 3444 4842; x_wconf 86' lang='lat' dir='ltr'>resolutionem</span> <span class='ocrx_word' id='word_1_907' title='bbox 3465 4827 3481 4853; x_wconf 94' lang='lat'>,</span> <span class='ocrx_word' id='word_1_908' title='bbox 3515 4800 3572 4844; x_wconf 91' lang='lat' dir='ltr'>et</span> 
     </span>
    </p>
   </div>
   <div class='ocr_carea' id='block_1_113' title="bbox 1993 4873 3569 4945">
    <p class='ocr_par' dir='ltr' id='par_1_113' title="bbox 1993 4873 3569 4945">
     <span class='ocr_line' id='line_1_113' title="bbox 1993 4873 3569 4945; baseline 0.005 -18"><span class='ocrx_word' id='word_1_909' title='bbox 1993 4873 2243 4928; x_wconf 89' lang='lat' dir='ltr'>morbum</span> <span class='ocrx_word' id='word_1_910' title='bbox 2269 4889 2506 4941; x_wconf 90' lang='lat' dir='ltr'>omnem,</span> <span class='ocrx_word' id='word_1_911' title='bbox 2529 4887 2585 4931; x_wconf 90' lang='lat' dir='ltr'>et</span> <span class='ocrx_word' id='word_1_912' title='bbox 2615 4892 2829 4941; x_wconf 85' lang='lat' dir='ltr'>omnem</span> <span class='ocrx_word' id='word_1_913' title='bbox 2859 4879 3233 4934; x_wconf 82' lang='lat' dir='ltr'>inﬁrmitatem</span> <span class='ocrx_word' id='word_1_914' title='bbox 3264 4881 3569 4945; x_wconf 68' lang='lat' dir='ltr'>sanavisse,</span> 
     </span>
    </p>
   </div>
   <div class='ocr_carea' id='block_1_114' title="bbox 1991 4966 3573 5041">
    <p class='ocr_par' dir='ltr' id='par_1_114' title="bbox 1991 4966 3573 5041">
     <span class='ocr_line' id='line_1_114' title="bbox 1991 4966 3573 5041; baseline 0.003 -22"><span class='ocrx_word' id='word_1_915' title='bbox 1991 4966 2312 5035; x_wconf 87' lang='lat' dir='ltr'>dedisseque</span> <span class='ocrx_word' id='word_1_916' title='bbox 2337 4966 2478 5021; x_wconf 89' lang='lat' dir='ltr'>bona</span> <span class='ocrx_word' id='word_1_917' title='bbox 2513 4982 2612 5038; x_wconf 93' lang='lat' dir='ltr'>pro</span> <span class='ocrx_word' id='word_1_918' title='bbox 2655 4970 2816 5025; x_wconf 86' lang='lat' dir='ltr'>malis</span> <span class='ocrx_word' id='word_1_919' title='bbox 2846 4970 3157 5038; x_wconf 89' lang='lat' dir='ltr'>prioribus,</span> <span class='ocrx_word' id='word_1_920' title='bbox 3196 4980 3251 5026; x_wconf 89' lang='lat' dir='ltr'>et</span> <span class='ocrx_word' id='word_1_921' title='bbox 3291 4971 3573 5041; x_wconf 87' lang='lat' dir='ltr'>perspica-</span> 
     </span>
    </p>
   </div>
   <div class='ocr_carea' id='block_1_115' title="bbox 1991 5056 3571 5127">
    <p class='ocr_par' dir='ltr' id='par_1_115' title="bbox 1991 5056 3571 5127">
     <span class='ocr_line' id='line_1_115' title="bbox 1991 5056 3571 5127; baseline 0.003 -17"><span class='ocrx_word' id='word_1_922' title='bbox 1991 5057 2214 5110; x_wconf 90' lang='lat' dir='ltr'>citatem</span> <span class='ocrx_word' id='word_1_923' title='bbox 2248 5056 2530 5127; x_wconf 87' lang='lat' dir='ltr'>corporis,</span> <span class='ocrx_word' id='word_1_924' title='bbox 2570 5068 2625 5112; x_wconf 87' lang='lat' dir='ltr'>et</span> <span class='ocrx_word' id='word_1_925' title='bbox 2657 5060 2925 5125; x_wconf 88' lang='lat' dir='ltr'>auditum,</span> <span class='ocrx_word' id='word_1_926' title='bbox 2960 5069 3016 5114; x_wconf 90' lang='lat' dir='ltr'>et</span> <span class='ocrx_word' id='word_1_927' title='bbox 3048 5061 3211 5114; x_wconf 89' lang='lat' dir='ltr'>aliam</span> <span class='ocrx_word' id='word_1_928' title='bbox 3243 5063 3529 5116; x_wconf 86' lang='lat' dir='ltr'>sanitatem</span> <span class='ocrx_word' id='word_1_929' title='bbox 3553 5102 3571 5123; x_wconf 83' lang='lat'>,</span> 
     </span>
    </p>
   </div>
   <div class='ocr_carea' id='block_1_116' title="bbox 1990 5148 3570 5225">
    <p class='ocr_par' dir='ltr' id='par_1_116' title="bbox 1990 5148 3570 5225">
     <span class='ocr_line' id='line_1_116' title="bbox 1990 5148 3570 5225; baseline 0.003 -24"><span class='ocrx_word' id='word_1_930' title='bbox 1990 5158 2045 5201; x_wconf 90' lang='lat' dir='ltr'>et</span> <span class='ocrx_word' id='word_1_931' title='bbox 2080 5148 2247 5202; x_wconf 90' lang='lat' dir='ltr'>robur</span> <span class='ocrx_word' id='word_1_932' title='bbox 2296 5161 2313 5202; x_wconf 88' lang='lat'><strong>:</strong></span> <span class='ocrx_word' id='word_1_933' title='bbox 2358 5160 2414 5204; x_wconf 91' lang='lat' dir='ltr'>et</span> <span class='ocrx_word' id='word_1_934' title='bbox 2448 5150 2887 5206; x_wconf 87' lang='lat' dir='ltr'>verecundabere</span> <span class='ocrx_word' id='word_1_935' title='bbox 2921 5167 3045 5206; x_wconf 86' lang='lat' dir='ltr'>eum</span> <span class='ocrx_word' id='word_1_936' title='bbox 3089 5168 3157 5207; x_wconf 81' lang='lat' dir='ltr'>ex</span> <span class='ocrx_word' id='word_1_937' title='bbox 3204 5161 3257 5207; x_wconf 87' lang='lat' dir='ltr'>te</span> <span class='ocrx_word' id='word_1_938' title='bbox 3287 5163 3570 5225; x_wconf 67' lang='lat' dir='ltr'>qumrent,</span> 
     </span>
    </p>
   </div>
   <div class='ocr_carea' id='block_1_117' title="bbox 1992 5242 3573 5315">
    <p class='ocr_par' dir='ltr' id='par_1_117' title="bbox 1992 5242 3573 5315">
     <span class='ocr_line' id='line_1_117' title="bbox 1992 5242 3573 5315; baseline 0.005 -21"><span class='ocrx_word' id='word_1_939' title='bbox 1992 5256 2172 5296; x_wconf 90' lang='lat' dir='ltr'>annon</span> <span class='ocrx_word' id='word_1_940' title='bbox 2216 5242 2414 5298; x_wconf 81' lang='lat' dir='ltr'>rnalum</span> <span class='ocrx_word' id='word_1_941' title='bbox 2460 5259 2675 5315; x_wconf 87' lang='lat' dir='ltr'>quoque</span> <span class='ocrx_word' id='word_1_942' title='bbox 2716 5261 2837 5303; x_wconf 89' lang='lat' dir='ltr'>esse</span> <span class='ocrx_word' id='word_1_943' title='bbox 2875 5246 3229 5314; x_wconf 87' lang='lat' dir='ltr'>arbitremur,</span> <span class='ocrx_word' id='word_1_944' title='bbox 3262 5264 3293 5303; x_wconf 88' lang='lat' dir='ltr'>a</span> <span class='ocrx_word' id='word_1_945' title='bbox 3328 5248 3573 5303; x_wconf 67' lang='lat' dir='ltr'>decumae</span> 
     </span>
    </p>
   </div>
   <div class='ocr_carea' id='block_1_118' title="bbox 2538 5408 3569 5480">
    <p class='ocr_par' dir='ltr' id='par_1_118' title="bbox 2538 5408 3569 5480">
     <span class='ocr_line' id='line_1_118' title="bbox 2538 5408 3569 5480; baseline -0.008 -9"><span class='ocrx_word' id='word_1_946' title='bbox 2538 5412 2583 5445; x_wconf 70' lang='grc'>⁸⁸</span> <span class='ocrx_word' id='word_1_947' title='bbox 2618 5411 2793 5470; x_wconf 82' lang='lat' dir='ltr'>Levit.</span> <span class='ocrx_word' id='word_1_948' title='bbox 2821 5427 2967 5478; x_wconf 79' lang='lat' dir='ltr'>xxvi,</span> <span class='ocrx_word' id='word_1_949' title='bbox 2996 5411 3030 5465; x_wconf 79' lang='lat'><strong>3</strong></span> <span class='ocrx_word' id='word_1_950' title='bbox 3052 5419 3107 5466; x_wconf 91' lang='lat' dir='ltr'>et</span> <span class='ocrx_word' id='word_1_951' title='bbox 3138 5423 3261 5480; x_wconf 84' lang='lat' dir='ltr'>seq.</span> <span class='ocrx_word' id='word_1_952' title='bbox 3335 5410 3379 5443; x_wconf 68' lang='grc' dir='ltr'>ἰτ</span> <span class='ocrx_word' id='word_1_953' title='bbox 3410 5408 3569 5463; x_wconf 89' lang='lat' dir='ltr'>Dent.</span> 
     </span>
    </p>
   </div>
   <div class='ocr_carea' id='block_1_119' title="bbox 2066 5625 2585 5701">
    <p class='ocr_par' dir='ltr' id='par_1_119' title="bbox 2066 5625 2585 5701">
     <span class='ocr_line' id='line_1_119' title="bbox 2066 5625 2585 5701; baseline -0.002 -18"><span class='ocrx_word' id='word_1_954' title='bbox 2066 5628 2141 5701; x_wconf 78' lang='grc' dir='ltr'>(ὃ)</span> <span class='ocrx_word' id='word_1_955' title='bbox 2173 5626 2335 5697; x_wconf 82' lang='lat' dir='ltr'>Lege,</span> <span class='ocrx_word' id='word_1_956' title='bbox 2369 5625 2585 5695; x_wconf 79' lang='grc' dir='ltr'>ἔκγονα.</span> 
     </span>
    </p>
   </div>
  </div>
