4046 6152
608 187 747 239 H55

1969 185 2067 241 EX
2101 183 2402 243 ORIGENE

3735 197 3847 253 1150

601 301 783 355 vexari
813 309 868 355 et
899 300 1195 356 lunaticum
1223 315 1377 367 esse;
1414 310 1473 355 ut
1510 301 1801 369 contra,ab
1832 301 1897 358 iis
1941 302 2159 357 liberari

2293 304 2548 375 βουκόλια
2570 304 2677 358 τῶν
2710 302 2846 374 βοῶν
2880 321 2972 357 σου
2992 343 3007 367 ,
3037 304 3130 358 καὶ
3157 307 3233 359 τὰ
3270 306 3512 377 ποίμνια
3544 307 3649 360 τῶν
3671 311 3843 381 προσά.

600 392 820 447 bonum.
854 391 959 446 Sed
987 399 1042 445 et
1075 393 1338 461 apostoli,
1372 394 1464 461 qui
1498 394 1637 448 dona
1671 395 1895 449 sanandi
1920 405 1975 449 et
2013 410 2176 465 opera

598 484 853 536 virtutum
908 483 1284 551 perﬁciebant,
1340 485 1393 537 in
1444 499 1510 538 eo
1564 487 1681 554 ipso
1728 487 1886 541 bonis
1927 488 2180 544 homines

597 571 901 625 adiciebant
961 580 1018 626 et
1059 571 1215 626 malis
1260 572 1407 641 ipsos
1438 571 1764 632 liberabant.
1822 576 1904 631 Ad
1935 578 2177 633 futurum

595 661 826 730 denique
847 662 1104 716 saeculum
1138 665 1631 733 transgredientur,
1656 668 1748 734 qui
1777 667 1891 722 haec
1913 669 2177 732 sentiunt,

594 759 649 804 et
693 752 875 805 dicent
921 752 1120 805 malum
1171 769 1292 808 esse
1342 755 1584 810 dolorem
1608 796 1624 821 ,
1656 757 1769 812 sive
1797 757 1961 830 568
1991 773 2180 829 pecca-

594 853 737 897 tores
774 852 981 898 aeterno
1028 845 1137 915 igni
1185 847 1509 917 adiudicari.
1565 850 1620 902 Si
1675 865 1804 905 vero
1850 853 2047 907 malum
2096 860 2181 910 est

591 936 766 999 dolor,
806 936 1142 1005 voluptatem
1187 938 1386 993 bonum
1423 953 1547 994 esse
1585 956 1810 997 necesse
1844 954 1947 998 est.
1985 945 2062 1000 Ex
2094 946 2179 1001 his

598 1026 885 1083 manifesta
904 1037 1028 1082 sunt
1046 1043 1108 1082 ea
1129 1030 1324 1096 quibus
1341 1032 1576 1087 maxime
1594 1036 1922 1088 commoveri
1944 1036 2177 1105 possint,

592 1120 682 1189 qui
711 1129 1029 1190 argumenta
1064 1120 1175 1186 illa,
1208 1136 1327 1190 quae
1360 1138 1424 1176 ex
1462 1122 1866 1193 Seripturarum
1897 1129 2169 1183 sententia

593 1213 694 1264 tria
719 1227 842 1266 esse
864 1212 1129 1265 bonorum
1157 1223 1205 1266 et
1236 1214 1498 1267 malorum
1527 1231 1722 1285 genera
1740 1218 2053 1285 ostendunt,
2078 1221 2180 1275 dis-

592 1302 804 1357 solvere
833 1318 938 1357 non
967 1313 1211 1368 possunt.
1230 1302 1341 1357 lloc
1361 1305 1523 1375 igitur
1543 1320 1732 1361 errore
1760 1323 1866 1361 non
1891 1308 2063 1363 solum
2086 1310 2176 1379 qui

591 1396 788 1448 nudam
814 1404 866 1447 et
896 1394 1195 1462 simplicem
1231 1396 1389 1449 [idem
1424 1397 1622 1452 habent
1651 1399 2003 1456 circumventi
2029 1414 2176 1469 sunt,

599 1486 695 1539 sed
747 1494 802 1540 et
853 1501 1037 1541 eorum
1084 1489 1323 1542 nonnulli
1365 1490 1458 1557 qui
1506 1490 1827 1559 sapientiam
1870 1492 1923 1546 in
1963 1492 2179 1548 Christo

2281 414 2388 450 των
2436 414 2528 449 σου
2552 414 2565 427 ·
2600 415 2619 447 ι
2668 396 2763 451 καὶ
2791 397 2924 450 ἄλλα
2950 396 3005 449 δὲ
3029 396 3500 469 δυσεξαρίθμητα
3541 402 3759 455 οἴσουσιν
3784 405 3842 475 (7)

2280 489 2329 539 οἱ
2377 487 2688 558 βουλόμενοι
2733 489 2791 541 ἐν
2836 491 3173 558 σωματικοῖς
3220 489 3325 542 καὶ
3371 493 3489 553 τοῖς
3545 490 3692 555 ἐκτὸς
3733 490 3840 549 εἶναι

2279 578 2461 647 ἀγαθὰ
2487 580 2580 633 καὶ
2620 580 2793 633 κακά·
2838 580 3137 649 ἐφάψονταί
3163 599 3228 634 τε
3260 582 3363 634 καὶ
3400 582 3512 635 τῶν
3540 584 3841 650 Εὑαγγελίων

2280 671 2529 739 λέγοντες
2551 671 2642 724 τὸν
2665 672 2896 744 Σωτῆρα
2925 672 3253 742 ἐληλυθότα,
3285 674 3386 727 καὶ
3407 673 3485 737 ὼς
3510 675 3647 729 κακὰ
3668 677 3842 750 ἀφῃρη-

2279 764 2435 818 κὲναι
2467 764 2576 817 ἀπὸ
2603 764 2711 817 τῶν
2742 765 3045 836 ἀνθρώπων
3078 766 3183 835 τὴν
3215 766 3542 836 τυφλότητα
3572 769 3663 839 τὴν
3692 787 3840 840 σῶμα·

2278 856 2454 929 τικὴν,
2490 858 2584 910 καὶ
2612 856 2710 928 τὴν
2749 857 3058 928 κωφότητα,
3095 859 3194 911 καὶ
3228 859 3338 927 τὴν
3370 859 3603 930 πάρεσιν
3638 859 3734 914 τῶν
3760 879 3836 931 με·

2280 950 2407 1015 λῶν,
2439 951 2533 1003 καὶ
2572 952 2752 1003 πᾶσαν
2786 950 2958 1014 νόσον,
2990 952 3083 1004 καὶ
3114 953 3314 1005 πᾶσαν
3353 951 3628 1021 μαλακίαν
3656 954 3837 1024 τεθερα-

2280 1041 2567 1104 πευκέναι,
2605 1041 2784 1110 ἀγαθά
2814 1042 2936 1096 ἀντὶ
2979 1043 3087 1096 τῶν
3120 1043 3553 1114 προειληφότων
3592 1046 3751 1099 κακῶν
3775 1047 3832 1119 (8)

2279 1133 2651 1206 δωρούμενον,
2712 1134 2772 1187 τό
2814 1151 2872 1187 τε
2920 1134 3235 1206 διορατικὸν
3302 1137 3615 1206 σωματικὸν
3666 1138 3747 1190 καὶ
3785 1139 3831 1190 τὸ

2278 1226 2631 1291 ἀκουστικὸν,
2681 1226 2776 1280 καὶ
2815 1226 2913 1297 τὴν
2957 1226 3124 1297 ἄλλην
3160 1229 3368 1297 ὑγείαν
3402 1228 3499 1280 καὶ
3540 1228 3719 1300 ῥῶσιν·
3757 1230 3827 1283 καὶ

2278 1317 2660 1391 δυσωπήσουσί
2703 1337 2761 1372 σε
2814 1321 3146 1389 φάσκοντες,
3180 1322 3233 1375 εί
3301 1323 3382 1393 μὴ
3427 1323 3523 1374 καὶ
3564 1324 3706 1392 ἡμεῖς
3728 1324 3826 1393 ὁμο-

2278 1407 2580 1479 λογήσομεν
2610 1408 2777 1461 κακὸν
2811 1404 2950 1462 εἶναι
2979 1410 3040 1462 τὸ
3071 1409 3373 1480 δαιμονιᾷν
3404 1409 3503 1463 καὶ
3539 1409 3598 1460 τὸ
3626 1409 3824 1479 σεληνιά-

2279 1499 2466 1564 ζεσθαι
2484 1516 2499 1530 ·
2528 1501 2605 1564 ὡς
2633 1499 2793 1554 πάλιν
2823 1503 2885 1553 ἐκ
2917 1501 3012 1553 τοῦ
3047 1502 3305 1554 ἐναντίου
3342 1499 3552 1568 ἀγαθὸν
3581 1500 3636 1552 τὺ
3664 1499 3824 1553 τούτων

590 1576 952 1644 proﬁtentur;
975 1593 1069 1632 eas
1093 1595 1212 1634 esse
1234 1580 1457 1644 Opificis
1480 1581 1882 1651 promissiones,
1901 1593 1957 1637 et
1980 1594 2163 1653 praeter

2277 1588 2641 1660 ἀπηλλάχθαι.
2706 1589 2868 1642 Ἀλλὰ
2930 1591 3024 1643 καί.
3068 1592 3117 1642 οἱ
3168 1590 3511 1652 ἀπόστολοι,
3566 1589 3821 1659 χαρίσματα

589 1683 781 1722 sonum
825 1669 1121 1723 dictionum
1171 1671 1304 1724 nihil
1360 1672 1519 1726 minis
1564 1672 1669 1727 illis
1712 1671 2008 1739 signiﬁcari
2057 1675 2177 1743 opi-
2208 1662 2250 1716 Β

589 1769 802 1812 nantes.
834 1758 915 1813 Ab
944 1760 1009 1813 iis
1038 1759 1201 1825 igitur
1229 1762 1509 1823 omnibus,
1542 1761 1633 1829 qui
1675 1761 1778 1815 ista
1816 1776 1847 1815 e
1879 1762 2172 1830 Scripturis

587 1851 778 1905 conlici
805 1851 1148 1914 existimant,
1175 1852 1527 1918 quaerendum
1558 1860 1681 1915 est,
1714 1850 1958 1922 legemne
1988 1868 2173 1907 serva-

588 1944 765 1996 verint
813 1943 1130 2012 prophetae,
1181 1957 1408 2009 quorum
1460 1953 1680 2011 peccata
1724 1960 1828 1998 non
1877 1952 2174 2013 reprelien-

584 2035 832 2089 duntur:
876 2042 934 2085 ut
978 2031 1124 2087 Elias
1154 2034 1555 2102 pauperrimus,
1599 2036 1689 2103 qui
1729 2052 1796 2090 ne
1838 2050 2031 2104 panem
2054 2036 2174 2104 qui-

583 2129 704 2183 dem
741 2142 900 2197 quem
940 2128 1124 2182 ederet
1162 2127 1426 2192 habebat;
1462 2126 1692 2197 ideoque
1725 2129 1923 2183 missus
1950 2130 2018 2182 ad
2055 2144 2170 2181 mu-

586 2217 768 2272 lierem
816 2218 868 2271 iu
916 2217 1221 2286 Sarcpbtha
1264 2217 1534 2281 Sidoniae;
1567 2217 1883 2285 etElisazus,
1909 2219 1999 2287 qui
2031 2220 2169 2288 apud

584 2310 974 2364 Sunamitiilem
1001 2310 1445 2379 angustissimum
1473 2310 1686 2380 accepit
1714 2311 2045 2365 domicilium
2069 2351 2083 2375 ,
2115 2321 2171 2365 et

582 2418 892 2466 scamnum,
934 2411 989 2454 et
1030 2401 1191 2454 vilem
1234 2401 1584 2470 lychnulum,
1628 2401 1720 2470 qui
1760 2414 1817 2455 et
1852 2403 2168 2471 aegritudine

582 2495 752 2559 obiit;
787 2502 841 2549 et
878 2493 1080 2558 Isaias,
1132 2496 1223 2562 qui
1272 2494 1447 2548 nudus
1489 2502 1544 2548 et
1587 2494 1931 2548 excalceatus
1996 2494 2165 2547 trien-

582 2587 730 2642 nium
762 2587 1087 2651 ambulavit;
1122 2585 1480 2650 etJercmias,
1505 2586 1597 2656 qui
1620 2597 1674 2641 et
1701 2587 1751 2640 in
1778 2586 1985 2641 foveam
2026 2588 2164 2641 cmni

586 2679 873 2748 conjectus
905 2689 1011 2743 cst,
1036 2686 1091 2733 et
1116 2692 1331 2747 semper
1364 2676 1596 2731 ludibrio
1625 2677 1875 2740 habitus,
1920 2687 1979 2731 ut
2003 2678 2164 2731 etiam

583 2774 926 2829 solitudinem
947 2768 1516 2839 Optaret;etJoanues
1539 2809 1553 2835 ,
1585 2770 1675 2838 qui
1703 2771 1754 2823 in
1786 2770 2166 2825 solitudinibus

582 2862 885 2927 habitabat,
907 2872 961 2916 et
979 2869 1172 2931 printer
1194 2860 1433 2915 locuslas
1458 2870 1514 2915 et
1536 2861 1638 2914 mel
1659 2872 1872 2931 agreste
1897 2861 2003 2915 cibi
2033 2862 2164 2916 nihil

581 2958 862 3021 sumebat,
915 2954 1052 3023 pelle
1093 2953 1400 3007 succinctus
1437 2952 1682 3017 lumbos,
1708 2962 1762 3007 et
1796 2938 1934 3007 villis
1968 2954 2159 3008 cameli

2282 1679 2527 1749 ἰαμάτων
2613 1679 2706 1732 καί
2741 1681 3089 1752 ἐνεργήματα
3132 1680 3434 1751 δυνάμεων
3478 1680 3816 1744 ἐπιτελοῦντες,

2283 1771 2404 1822 κατ’
2431 1769 2560 1822 αὐτὸ
2575 1770 2636 1822 τὸ
2661 1771 2902 1840 ἐνεργεῖν
2925 1770 3106 1839 ἀγαθὰ
3132 1772 3365 1825 ἐποίουν
3394 1773 3511 1834 τοῖς
3544 1771 3814 1842 ἀνθρώποις,

2272 1861 2367 1913 καί.
2408 1862 2593 1915 κακῶν
2642 1862 2840 1924 αὐτοὺς
2880 1863 3229 1933 ἀπήλλαττον
3251 1879 3266 1891 ’
3329 1862 3671 1932 διαϐήσονται
3708 1864 3753 1915 δὲ
3778 1866 3814 1915 οἱ

2269 1952 2444 2006 ταῦτα
2472 1951 2720 2020 λέγοντες
2749 1952 2845 2005 καὶ
2871 1954 2964 2004 ἐπὶ
2986 1953 3077 2005 τὸν
3104 1952 3382 2023 μέλλοντα
3412 1952 3601 2017 αἰῶνα,
3626 1954 3813 2021 φάσκον-

2271 2058 2360 2104 τες
2380 2042 2468 2105 τὸ,
2504 2040 2671 2094 κακὸν
2690 2037 2825 2094 εἶναι
2854 2042 2943 2094 τὸν
2977 2042 3157 2107 πόνον,
3196 2045 3324 2113 ἤτοι
3353 2042 3417 2096 τὸ
3446 2044 3569 2106 τοὺς
3599 2044 3812 2112 ἁμαρτω-

2270 2131 2395 2196 λοὺς
2432 2133 2491 2184 ἐν
2520 2131 2655 2202 πυρί
2700 2130 2776 2203 (9)
2810 2132 3013 2203 αἰωνίῳ
3051 2131 3478 2202 παραδίδοσθαι.
3518 2133 3580 2185 Εἰ
3606 2133 3657 2184 δέ
3683 2132 3811 2184 κακὸν

2268 2226 2298 2277 ὁ
2327 2224 2506 2288 πόνος,
2531 2225 2742 2296 ἀνάγκη
2773 2224 2873 2296 τὴν
2898 2225 3090 2296 ἡδονὴν
3121 2225 3339 2294 ἀγαθὸν
3370 2222 3531 2280 εἶναι.
3568 2226 3704 2295 Σαφῆ
3733 2225 3807 2294 μὲν

2269 2313 2364 2370 οὖν
2392 2319 2455 2370 ἐκ
2476 2317 2584 2371 τῶν
2613 2316 2919 2389 εἰρημένων
2948 2317 3015 2370 τὰ
3041 2317 3328 2388 δυνάμενα
3377 2318 3471 2371 ἐπὶ
3506 2315 3673 2369 πλεῖον
3706 2315 3804 2367 δνσ-

2269 2411 2491 2480 ωπῆσαι
2531 2409 2660 2472 τοὺς
2692 2409 2790 2478 οὐχ
2836 2408 2981 2471 οἴους
3019 2425 3078 2460 τε
3120 2408 3289 2462 λῦσαι
3337 2407 3406 2461 τὰ
3455 2406 3802 2479 προσαγόμενα,

2275 2502 2404 2573 περὶ
2428 2499 2523 2554 τοῦ
2554 2500 2681 2571 τρία
2708 2499 2839 2570 γένη
2869 2499 2976 2552 τῶν
3003 2500 3229 2567 ἀγαθῶν
3265 2496 3410 2554 εἷναι
3433 2539 3447 2562 ,
3475 2498 3562 2552 καὶ
3595 2497 3704 2569 τρία
3722 2496 3804 2547 τῶν

2268 2593 2453 2648 κακῶν
2483 2594 2622 2648 κατὰ
2657 2593 2748 2646 τὸν
2785 2592 2942 2659 λόγον
2975 2592 3083 2645 τῶν
3116 2593 3381 2665 Γραφῶν.
3437 2590 3638 2661 Ταύτην
3660 2588 3799 2641 τοίνυν

2267 2684 2365 2756 τὴν
2389 2685 2604 2754 ἀπάτην
2634 2684 2695 2737 οὐ
2730 2684 2888 2754 μόνον
2918 2686 2967 2736 οἱ
2989 2683 3447 2754 ὁμολογουμένως
3475 2681 3697 2753 ἀκέραιοι
3718 2676 3798 2729 τῶν

2270 2772 2708 2826 πεπιστευκότων
2732 2773 3061 2842 ὴπάτηνται,
3087 2772 3229 2825 ἀλλὰ
3257 2773 3352 2826 καί
3376 2789 3517 2835 τινες
3537 2770 3635 2823 τῶν
3658 2771 3792 2833 ἐπαγ-

2267 2863 2606 2934 γελλομένων
2636 2864 2825 2933 σοφίαν
2851 2864 2949 2936 τὴν
2993 2865 3132 2918 κατὰ
3162 2864 3406 2937 Χριστὸν
3424 2903 3439 2927 ,
3477 2863 3684 2931 οἰόμενοι
3720 2857 3790 2911 τοῦ

2268 2953 2608 3024 Δημιουργοῦ
2650 2954 2861 3008 τοιάσδε
2918 2952 3068 3016 τινὰς
3129 2949 3272 3007 εἷναι
3335 2950 3674 3021 ἐπαγγελίας,
3720 2947 3788 2999 καί

580 3052 830 3108 amictus.
856 3047 966 3101 llos
1003 3048 1144 3100 enim
1173 3045 1345 3114 legem
1371 3059 1614 3099 servasse
1646 3044 1977 3099 fatebuntur.
2005 3045 2162 3112 Qua:-

2269 3048 2411 3119 πέρα
2435 3046 2543 3099 τῶν
2568 3047 2677 3101 ἀπὸ
2698 3048 2795 3118 τῆς
2824 3045 3025 3111 λέξεως
3063 3045 3411 3117 δηλουμένων
3448 3044 3600 3115 μηδὲν
3629 3040 3786 3109 σημαία

581 3158 761 3197 remus
798 3154 926 3209 ergo
947 3176 964 3203 ,
1002 3152 1069 3191 an
1105 3152 1223 3205 quae
1250 3139 1388 3191 bona
1418 3136 1764 3199 existimant,
1791 3138 1856 3190 iis
1889 3137 2160 3192 adliieriut

579 3237 672 3305 qui
701 3235 869 3302 legem
898 3239 1259 3285 servaverunt
1289 3246 1301 3283 :
1331 3229 1473 3297 quod
1503 3244 1627 3281 cum
1654 3230 2028 3283 demonstrare
2051 3246 2155 3282 non

580 3327 810 3399 possint,
850 3340 916 3381 eo
960 3325 1307 3391 redigentur,
1344 3330 1403 3373 ut
1446 3318 1633 3373 dicant
1673 3318 1835 3373 falsas
1878 3334 2002 3374 esse
2036 3335 2158 3389 pro—

580 3416 896 3480 missiones,
931 3427 1051 3481 quae
1081 3412 1188 3480 piis
1228 3419 1283 3464 et
1315 3408 1582 3479 religiosis
1621 3410 1733 3462 lieri
1761 3409 2045 3472 dicuntur;
2079 3411 2156 3465 vel

577 3510 624 3564 si
655 3523 795 3562 vera:
820 3509 953 3572 sint,
979 3506 1153 3558 altiori
1179 3517 1338 3558 sensu
1366 3501 1799 3568 interpretandas
1822 3517 1943 3557 esse
1974 3519 1989 3556 :
2019 3505 2063 3556 si
2090 3506 2155 3557 ad

579 3601 918 3656 reconditum
956 3613 1172 3652 sensum
1204 3595 1376 3650 coacti
1404 3594 1650 3647 venerint
1671 3634 1686 3659 ,
1717 3594 2026 3648 destruetur
2061 3609 2156 3649 eo—

580 3711 697 3747 rum
738 3692 945 3763 npinio,
981 3691 1123 3759 quod
1160 3692 1405 3742 morbum
1434 3688 1677 3756 corporis
1712 3696 1765 3741 ct
1789 3700 1908 3755 quae.
1934 3696 2154 3740 externa

578 3793 833 3851 putantur
873 3780 1013 3835 mala
1059 3780 1237 3848 impiis
1279 3779 1365 3831 lex
1408 3779 1708 3838 minitetur,
1754 3777 1835 3828 vel
1870 3777 2153 3830 sanitatem

577 3875 820 3942 corporis
847 3873 1177 3941 polliceatur.
1210 3877 1263 3923 et
1288 3883 1421 3938 opes
1448 3869 1514 3921 iis
1536 3868 1627 3937 qui
1665 3866 1774 3919 Deo
1802 3867 2151 3922 adhmseriut.

577 3966 855 4033 Quomodo
878 3980 1006 4018 vero
1034 3963 1254 4018 stultum
1281 3978 1385 4016 non
1415 3962 1514 4024 sit,
1552 3961 1604 4012 iu
1649 3958 1804 4013 malis
1839 3959 2059 4031 gloriari
2103 3972 2155 4014 et

579 4058 771 4121 laetari,
804 4056 896 4124 qui
924 4056 989 4109 iis
1016 4054 1311 4111 tenentur?
1357 4053 1412 4107 Si
1449 4053 1593 4107 enim
1634 4052 1787 4103 inulte
1826 4061 1948 4105 sunt
1985 4068 2153 4120 angu-

573 4146 720 4212 stite,
754 4152 811 4198 et
849 4144 925 4196 ait
968 4143 1258 4212 Apostolus
1296 4157 1354 4196 se
1398 4142 1450 4195 in
1482 4140 1636 4194 malis
1664 4141 1909 4207 gloriari,
1943 4142 1993 4195 id
2027 4157 2154 4196 vero

572 4236 800 4290 stultum
839 4241 922 4287 est
947 4271 963 4296 ,
986 4235 1100 4300 ;nec
1135 4234 1335 4288 stultus
1368 4241 1452 4285 est
1477 4229 1765 4298 Apostolus
1797 4247 1811 4282 :
1845 4239 1990 4284 certe
2014 4230 2151 4283 mala

576 4344 679 4383 non
710 4334 835 4381 sunt
868 4324 956 4377 illa
985 4326 1178 4392 quibus
1210 4326 1294 4378 vir
1332 4333 1556 4378 sanctus
1577 4334 1866 4377 exercetur
1887 4362 1903 4387 ,
1935 4323 2025 4392 qui
2056 4338 2150 4392 pe-

576 4422 718 4473 nitus
737 4414 966 4469 aﬂlictus
980 4430 1083 4467 non
1102 4425 1430 4478 coarctatur;
1452 4414 1604 4484 inops
1621 4429 1724 4466 non
1740 4414 2148 4483 derelinquitur;

576 4519 836 4573 tentatus,
868 4511 919 4562 in
951 4517 1178 4561 mortem
1213 4521 1319 4560 non
1353 4506 1618 4570 infertur;
1649 4515 1700 4559 et
1724 4522 1843 4559 cum
1875 4507 2151 4560 mendicus

575 4611 877 4665 censeatur,
924 4599 1119 4653 multos
1150 4598 1324 4661 ditat;
1370 4614 1492 4650 cum
1539 4598 1673 4651 nihil
1717 4597 1995 4667 possidere
2030 4613 2148 4651 cre-

574 4698 755 4758 datur,
778 4694 957 4749 omnia
986 4690 1226 4761 possidet
1251 4707 1264 4743 :
1286 4688 1456 4741 ﬁdelis
1473 4691 1618 4743 enim
1644 4698 1725 4744 est
1754 4699 1895 4743 totus
1918 4688 2149 4742 mundus

573 4787 881 4842 divitiarum
904 4803 921 4849 ;
948 4784 1200 4843 inlidelis,
1228 4797 1296 4835 ne
1317 4780 1509 4834 obolus
1535 4780 1770 4850 quidem.
1788 4780 2054 4834 Praeterea
2076 4794 2140 4833 ex

574 4894 763 4934 eorum
788 4877 1061 4945 opinione,
1083 4874 1173 4943 qui
1192 4875 1295 4926 tria
1325 4873 1585 4925 honorum
1613 4886 1811 4940 genera
1838 4882 1892 4926 et
1918 4870 2139 4924 totidem

575 4971 836 5025 malorum
852 4968 903 5022 in
923 4967 1222 5036 Scripturis
1249 4961 1474 5033 reperiri
1492 4977 1647 5029 posse
1663 4961 1933 5015 allirmant
1954 4976 2116 5016 conse
2131 4992 2145 5002 -

572 5060 736 5132 569
774 5073 945 5128 quens
995 5067 1077 5111 est
1116 5059 1291 5127 justos
1340 5054 1393 5106 in
1437 5053 1684 5121 plurimis
1722 5067 1942 5119 semper
1979 5052 2139 5106 malis

574 5169 716 5214 esse,
760 5166 881 5206 cum
928 5164 1056 5204 vera
1099 5150 1172 5202 sit
1224 5146 1507 5216 prophetia
1563 5144 1698 5207 haec,
1730 5159 1851 5213 quae
1880 5144 2011 5198 dicit
2046 5143 2137 5198 ἠε

581 5267 598 5297 ι
643 5246 817 5299 Multa:
846 5244 1107 5315 angustiae
1157 5241 1455 5310 iustorum.
1489 5257 1508 5291 ι
1544 5237 1730 5307 Neque
1774 5250 1907 5319 vero
1947 5236 2142 5293 intem-

641 5361 685 5392 ⁸9
716 5358 858 5415 Psal.
888 5372 1078 5421 χχχιιι,
1097 5356 1185 5412 20.

642 5478 718 5547 (7)
746 5477 914 5541 Alias,
946 5477 1262 5544 ἐνέγκωσιν.

640 5545 718 5615 (8)
748 5548 875 5615 Leg.
905 5545 1440 5618 προκατειληφότων,

645 5622 719 5689 19)
744 5619 871 5689 Leg.
899 5616 1014 5689 ἦτοι
1048 5623 1172 5682 τοὺς
1202 5617 1555 5689 ἁμαρτωλοὺς
1585 5616 1741 5692 πυρί.

2262 3140 2449 3194 νεσθαι
2476 3140 2617 3193 κατά
2644 3140 2739 3203 τὰς
2766 3139 3015 3203 ἀπειλάς.
3048 3139 3189 3210 Πρὸς
3218 3140 3429 3202 πάντας
3448 3136 3608 3190 τοίνυν
3620 3135 3783 3195 τοὺςτὲ

2260 3229 2482 3283 τοιαῦτα
2506 3232 2570 3282 ἐκ
2590 3228 2699 3282 τῶν
2722 3230 2761 3281 Γ
2766 3230 2951 3301 ραφῶν
2967 3229 3453 3299 ὑπολαμὸάνοντας
3468 3222 3782 3294 ἐπαπορητέω

2259 3323 2307 3373 εἰ
2326 3338 2452 3391 τετη
2463 3322 2659 3392 ρήκασι
2681 3320 2772 3373 τὸν
2789 3321 2950 3391 νόμον
2970 3323 3018 3374 οἰ
3040 3320 3319 3390 προφῆται
3341 3359 3355 3385 ,
3379 3312 3452 3373 ὧν
3471 3315 3778 3388 ἁμαρτήματι

2258 3416 2318 3468 οὐ
2373 3415 2792 3485 κατηγορεῖται·
2865 3409 2976 3468 οἷον
3043 3413 3229 3476 Ἠλίας
3286 3412 3315 3463 ὁ
3372 3405 3778 3479 ἁκτημονέστατος

2256 3505 2332 3569 ὡς
2369 3504 2504 3575 μηδὲ
2546 3505 2709 3575 ἄρτον
2752 3502 2896 3575 ἔχειν
2923 3503 3051 3575 παρ’
3092 3503 3274 3574 ἐαυτῷ
3322 3502 3540 3570 φαγεῖν,
3584 3495 3664 3549 καὶ
3705 3488 3774 3544 διὰ

2258 3595 2414 3648 τοῦτο
2439 3593 2754 3664 πέμπεσθαι
2787 3595 2924 3665 πρὸς
2962 3597 3194 3663 γυναῖκα
3240 3596 3302 3645 ἐν
3337 3588 3574 3664 Σαρεφθᾷ
3596 3585 3680 3653 τῆς
3704 3581 3772 3633 Σι·

2256 3686 2481 3751 δωνίας’
2532 3688 2626 3741 καὶ
2691 3687 2987 3750 Ἐλισσαῖος
3010 3727 3026 3752 ,
3076 3686 3136 3750 ὃς
3186 3684 3341 3758 παρά
3383 3686 3445 3753 τῇ
3489 3673 3767 3747 Σουναμίτιδι

2258 3778 2599 3850 βραχυτάτην
2637 3778 2794 3833 ἔλαϐε
2834 3778 3145 3843 κατάλυσιν,
3186 3781 3283 3832 καὶ
3326 3770 3622 3845 σκιμπόδιον
3659 3765 3765 3836 (ίθ)ν

2257 3869 2347 3923 καί
2373 3869 2593 3940 λυχνίαν
2623 3869 2835 3939 εὐτελῆ,
2864 3870 2923 3933 ὃς
2963 3870 3057 3923 καί¹
3083 3870 3444 3941 ἀρρωστήσας
3472 3858 3760 3926 ἐτελεύτησε’

2260 3961 2356 4016 καὶ
2407 3962 2670 4024 Ἡσαΐας,
2704 3963 2742 4030 ,ό
2789 3960 3074 4032 πορευθεὶς
3113 3963 3322 4034 γυμνὸς
3373 3959 3463 4013 καὶ
3501 3947 3762 4008 ἀνυπὸδετος

2255 4050 2431 4123 τρισὶν
2464 4050 2606 4103 ἔτεσι
2627 4067 2638 4079 ·
2686 4052 2780 4104 καὶ
2817 4050 3117 4121 Ἱερεμίας,
3146 4051 3174 4101 ὁ
3205 4048 3492 4122 ἐμϐληθεὶς
3520 4045 3591 4104 εἰς
3607 4037 3759 4123 λάκκον

2256 4122 2515 4213 βορϐόρου
2537 4180 2551 4204 ,
2585 4140 2679 4194 καὶ
2712 4140 2798 4193 ἀεὶ
2844 4140 3234 4210 μυκτηρισθεὶς
3254 4181 3268 4203 ,
3303 4140 3440 4193 ὥστε
3463 4133 3546 4187 καί
3572 4122 3758 4200 ἐρημίαν

2252 4236 2473 4305 οἰκῆσαι
2508 4233 2797 4298 εὔξασθαιο
2849 4235 2943 4286 καὶ
2973 4234 3001 4284 ὁ
3041 4234 3326 4306 Ἰωάννης,
3374 4234 3401 4285 ὁ
3438 4231 3493 4282 ὲν
3532 4224 3632 4282 ταῖς
3660 4220 3755 4287 ἐρη-

2260 4325 2408 4397 μίαις
2447 4324 2557 4397 (ll)
2595 4324 2908 4397 διατρίϐων,
2936 4325 3027 4377 καὶ
3060 4326 3200 4396 πλὴν
3238 4323 3465 4397 ἀκρίδων
3490 4318 3570 4372 καὶ
3591 4309 3753 4385 μέλιτος

2184 4392 2229 4448 Ι)
2256 4392 2463 4490 ἀγρίου.
2535 4392 2762 4489 μηδενός
2832 4392 3325 4487 ,ιιεταλαμίίάλιωῃ⁷
3365 4414 3567 4485 δέρματι
3634 4414 3749 4467 περι.

2255 4508 2560 4579 εξωσμένος
2592 4509 2691 4579 τὴν
2721 4509 2910 4576 ὀσφὺν,
2943 4507 3035 4561 καὶ
3077 4507 3185 4560 ἀπὸ
3213 4505 3408 4579 τριχῶν
3437 4496 3647 4570 καμήλου
3668 4490 3747 4556 ἡμ-

2256 4601 2561 4671 φιεσμένος-
2615 4600 3036 4672 Ὁμολογήσουσι
3077 4599 3185 4670 γὰρ
3234 4599 3424 4659 αὐτοὺς
3460 4580 3744 4672 τετηρηκέναι

2251 4664 2343 4743 τὸν
2386 4664 2579 4762 νόμον.
2630 4664 2742 4744 Καὶ
2803 4664 3178 4760 ἀπαιτήσομεν
3216 4691 3264 4741 εἰ
3317 4687 3351 4741 ἃ
3398 4681 3580 4738 νοοῦσιν
3608 4664 3744 4762 ἀγαιθᾷ

2244 4785 2357 4846 τοῖς
2396 4783 2720 4855 τετηρηκόσι
2768 4781 2977 4846 τούτοις
3019 4782 3327 4852 ὑπῆρκται·
3371 4778 3462 4831 οὐκ
3491 4772 3674 4862 ἔχοντες
3697 4756 3740 4807 δὲ

2243 4874 2446 4940 δεῖξαι,
2476 4873 3020 4945 περικλεισθήσονται
3057 4874 3137 4934 εἰς
3166 4871 3228 4924 τὸ
3249 4912 3264 4936 ,
3292 4872 3401 4941 ἦτοι
3430 4858 3610 4934 ψευδεῖς
3633 4858 3739 4945 εῖξξε

2243 4934 2354 5030 τὰς⁷
2367 4934 2698 5036 ἐπαγγελίας
2723 4934 2828 5029 τὰς.
2845 4965 3139 5036 λεγομένας
3169 4934 3395 5016 δίδοσθαι
3424 4956 3520 5015 τοῖς
3542 4934 3736 5041 θεοσςόέᾷ

2247 5024 2351 5124 σιν,
2375 5060 2409 5130 ἢ
2442 5024 2660 5130 ἀληθεῖς
2678 5024 3064 5129 ⁷τυγγίανοιξοοάς
3096 5024 3380 5125 ἀναγωγῆς
3405 5032 3665 5130 δεῖσθαι-,εἰ
3702 5024 3725 5076 δ

2247 5150 2333 5202 ἐπ’
2366 5124 2694 5223 ἀλληγορίαν
2729 5124 3160 5219 ἀναγκασθέντες
3194 5124 3408 5202 ἔλθωσιν
3428 5182 3440 5205 ,
3474 5124 3723 5223 ἀθετηθξίσξ·

2248 5262 2337 5298 ται
2370 5210 2549 5299 αὐτῶν
2637 5210 2901 5316 ὑπόληψις
2930 5245 3067 5315 ὑπὲρ
3098 5210 3192 5298 τοῦ
3234 5242 3323 5297 τὸν
3365 5237 3505 5311 νόμον
3541 5210 3730 5282 ditatle

2325 5480 2434 5550 (10)
2465 5479 2591 5550 Leg.
2634 5477 2951 5548 συμπόσιον.

2325 5549 2438 5622 (Η)
2467 5549 2595 5621 Leg.
2621 5550 2860 5622 ἐρήμοις.
