4046 6152
310 216 449 272 1157

1282 213 1592 271 SELECTA
1627 215 1691 271 IN
1728 214 2065 273 PSALMOS.
2097 248 2169 259 —
2206 218 2402 276 PSAL.
2444 219 2532 275 IV.

3428 226 3568 281 “58

305 335 462 388 νόσον
515 331 865 405 σωματικὴν,
910 333 1003 386 καὶ
1044 332 1114 387 τά
1159 336 1318 399 ἐκτὸς
1364 336 1696 407 νομιζόμενα
1743 338 1876 391 κακᾶ

1992 341 2264 407 pestivum
2298 340 2463 395 fuerit
2507 354 2568 394 ea
2618 354 2737 410 qua:
2767 337 2870 395 Job
2900 341 3238 418 acciderunt,
3277 343 3330 397 in
3376 358 3562 399 eorum

304 430 418 491 τοῖς
452 426 799 498 ὴσεϐηκόσιν,
838 427 870 499 ἢ
910 426 1339 497 ἐπαγγέλλεσθαι
1382 429 1690 497 ὑγιαίνοντα
1749 427 1887 485 εἶναι

304 520 375 574 τά
399 517 647 591 σώματα,
674 519 768 573 καὶ
790 520 1105 592 περιουσίαν
1136 518 1353 573 ἔσεσθαι
1375 523 1488 584 τοῖς
1509 519 1588 591 τῷ
1613 521 1733 573 Θεῶ
1758 539 1888 575 κατ-

303 610 716 683 ηκολουθηκόσι.
773 611 898 676 Πῶς
935 611 992 664 δὲ
1025 612 1125 665 οὑκ
1157 612 1364 683 ἠλίθιον
1396 613 1489 666 ἐπὶ
1539 617 1652 678 τοῖς
1700 617 1888 678 κακοῖς

308 702 453 772 μέγα
496 705 712 774 φρονεῖν
756 703 850 756 καὶ
886 704 1072 774 αὐχεῖν
1119 704 1246 769 τοὺς
1295 705 1455 768 ὄντας
1486 706 1544 757 ἐν
1578 704 1789 769 αὑτοῖς;
1823 706 1886 759 Εἰ

304 794 416 865 γὰρ
441 797 609 849 κακαὶ
646 795 703 849 αἱ
726 795 935 865 θλίψεις
959 839 973 863 ,
1022 797 1156 867 φησὶ
1200 796 1256 850 δὲ
1301 798 1330 850 6
1386 797 1707 862 Ἀπόστολος
1749 815 1885 851 καυ-

302 888 501 960 χᾶσθαι
533 890 590 941 ἐν
617 892 807 953 κακοῖς
826 907 840 920 ’
865 888 1024 944 τοῦτο
1047 890 1104 944 δὲ
1125 889 1350 961 ἠλίθιον,
1374 893 1468 945 καὶ
1498 892 1527 945 6
1566 891 1887 956 Ἀπόστολος

182 1002 257 1058 ης
302 980 407 1034 οὑκ
440 979 679 1050 ἠλίθιος·
719 981 820 1034 οὑκ
851 981 960 1052 ἄρα
998 981 1145 1036 κακά
1184 982 1253 1037 τὰ
1303 983 1482 1036 τοιάδε
1515 983 1884 1054 γυμνάσματα

300 1070 398 1124 τοῦ
437 1071 593 1139 ἁγίου
615 1087 627 1099 ·
662 1071 830 1135 ὅστις,
858 1072 916 1124 ἐν
949 1073 1112 1126 παντῐ
1132 1071 1478 1144 θλιϐόμενος,
1510 1075 1571 1127 οὑ
1615 1053 1883 1144 στενοχω-

306 1164 516 1233 ρεῖται·
555 1161 961 1234 ἀπορούμενος,
1015 1164 1116 1217 οὑκ
1150 1164 1644 1233 ἐγκαταλείπεται·
1694 1182 1885 1237 πειρα-

302 1253 563 1325 ζόμενος,
614 1254 676 1306 οὑ
718 1253 1069 1308 θανατοῦται·
1132 1252 1485 1326 νομιζόμενος
1540 1251 1678 1309 εἶναι
1733 1272 1882 1307 πτω-

299 1344 417 1414 χὸς,
452 1344 679 1409 πολλοὺς
724 1344 1032 1408 πλουτίζει*
1078 1347 1174 1399 καὶ
1216 1345 1735 1416 ὑπολαμϐανόμενος
1775 1362 1883 1417 μη-

299 1437 394 1491 δὲν
458 1437 776 1509 κεκτῆσθαι,
827 1436 1005 1491 παντά
1062 1438 1318 1508 κατέχειο
1368 1437 1462 1491 τοῦ
1520 1437 1628 1509 γὰρ
1688 1437 1882 1491 πιστοῦ

297 1530 420 1595 ὅλος
480 1533 508 1583 6
571 1530 774 1601 κόσμος
836 1528 947 1583 τῶν
997 1530 1293 1601 χρημάτων
1317 1548 1330 1561 ο
1390 1529 1485 1583 τοῦ
1545 1529 1603 1583 δὲ
1655 1530 1880 1583 ἀπίστου

296 1623 423 1675 οὑδέ
469 1621 672 1686 ὀϐολός.
743 1622 865 1674 Ἐτι
911 1620 968 1674 δὲ
1013 1621 1204 1674 ἕπεται
1262 1623 1374 1685 τοῖς
1434 1620 1877 1692 ὑπολαμϐάνουσι

1989 445 2251 485 revocare
2288 432 2629 498 memoriam,
2676 434 2768 504 qui
2801 448 2862 487 ea
2893 432 3032 485 mala
3081 446 3203 487 esse
3233 442 3465 501 putant:
3506 447 3567 490 ut

1987 532 2270 592 postquam
2300 522 2594 578 fortissime
2623 525 2940 594 perfunctus
2974 536 3058 579 est
3088 526 3155 580 iis
3186 540 3303 593 tntae
3330 525 3565 580 circum-

1989 616 2213 670 Stabant
2241 617 2654 681 certaminibus,
2684 618 2749 671 de
2782 618 2898 686 ipso
2923 617 3058 672 liber
3084 617 3157 671 ait
3185 618 3269 670 ηε
3311 636 3330 668 ι
3361 618 3441 672 An
3468 633 3567 687 pu-

1990 716 2072 759 tas
2122 706 2282 760 aliam
2318 707 2388 761 ob
2422 724 2639 763 causam
2686 724 2777 763 me
2818 720 2999 764 tecum
3038 725 3160 765 esse
3193 709 3559 771 collocutum,

1989 796 2090 851 nisi
2128 807 2186 852 ut
2217 796 2402 865 justus
2434 800 2773 868 appareres?
2804 820 2821 851 ι
2861 801 2917 854 Si
2964 803 3107 856 enim
3141 817 3247 857 non
3277 803 3438 857 aliter
3461 801 3565 857 Joh

1986 898 2212 955 apparet
2237 887 2439 956 justus,
2476 905 2637 957 quam
2667 892 2809 960 quod
2832 892 2986 949 hicet
3008 893 3097 948 ille
3116 907 3238 948 eum
3265 907 3428 948 casus
3449 894 3562 948 cir-

1995 980 2405 1044 cumvenerint,
2460 982 2732 1049 quomodo
2795 998 2938 1038 nunc
3005 986 3384 1038 vocaverimus
3446 999 3565 1052 qua:

1994 1080 2172 1120 causan
2206 1064 2448 1133 fuerunt,
2484 1083 2585 1124 cur
2617 1069 2831 1139 justitia
2855 1072 3024 1140 ipsius
3053 1073 3333 1127 eluceret?
3357 1075 3435 1128 Ex
3476 1074 3564 1128 his

1988 1161 2154 1213 etiam
2196 1159 2456 1227 colligere
2488 1159 2634 1223 licet,
2679 1176 2856 1229 neque
2906 1163 3177 1218 diabolum
3213 1164 3331 1218 viro
3372 1173 3564 1219 sancto

1985 1251 2186 1304 malum
2211 1266 2353 1306 esse.
2378 1250 2479 1305 Job
2507 1252 2675 1320 igitur
2708 1254 2955 1309 diabolus
2979 1257 3178 1309 malum
3212 1270 3316 1309 non
3340 1257 3560 1312 erat":

1990 1362 2008 1396 ι
2047 1344 2182 1411 Quia
2228 1344 2579 1415 diligentibus
2616 1345 2783 1399 Deum
2859 1347 3042 1402 omnia
3089 1347 3141 1401 in
3186 1347 3386 1401 bonum
3421 1348 3564 1403 Dens

1985 1436 2358 1500 administrat,
2386 1436 2457 1491 iis
2493 1437 2584 1505 qui
2610 1436 2765 1506 juxta
2804 1439 3140 1507 propositum
3168 1439 3346 1494 vocati
3373 1447 3556 1494 sunt.»

1986 1527 2250 1582 Praeterea
2283 1528 2527 1582 dicemus
2556 1523 2658 1582 n'on
2678 1532 2814 1584 satis
2842 1544 3127 1599 apparere,
3140 1530 3345 1599 justum
3373 1546 3561 1585 earum

1985 1618 2102 1673 fore
2132 1620 2571 1675 benedictionum
2626 1621 2948 1691 participem
2993 1636 3111 1691 qua:
3146 1621 3200 1676 in
3255 1621 3558 1693 Scripturis

297 1713 443 1767 κατὰ
495 1712 594 1784 τὴν
649 1710 873 1783 Γραφὴν
918 1710 1045 1782 τρία
1105 1712 1237 1784 γένη
1295 1711 1402 1765 τῶν
1442 1712 1661 1781 ἀγαθῶν
1715 1709 1875 1778 εἶναι,

1984 1710 2172 1777 positte
2207 1710 2349 1764 bona
2401 1712 2828 1767 existimantur:
2867 1712 3052 1767 multa:
3096 1713 3299 1783 quippe
3341 1714 3409 1767 de
3440 1714 3562 1769 viro

294 1805 454 1876 δῆλον
472 1803 528 1857 δὲ
552 1805 633 1857 ὅτι
648 1805 740 1858 κα)⁸
765 1802 871 1857 τῶν
895 1802 1101 1868 κακῶν,
1126 1804 1252 1868 τοὺς
1280 1804 1522 1870 δικαίους
1553 1805 1639 1859 ἀεὶ
1661 1806 1719 1858 ἐν
1750 1805 1878 1860 πολ-

294 1899 409 1964 λοῖς
440 1902 626 1963 κακοῖς
653 1895 812 1953 εἶναι·
844 1899 1216 1971 ἁληθευούσης
1241 1899 1342 1969 τῆς
1371 1898 1639 1970 λεγούσης
1664 1916 1877 1970 προφη-

293 1992 465 2055 τείας·
512 2011 530 2042 ι
562 1990 760 2045 Πολλαὶ
799 1992 853 2043 αἱ
895 1990 1103 2060 θλίψεις
1140 1989 1248 2043 τῶν
1288 1989 1532 2045 δικαίων.
1578 2010 1596 2042 ι
1630 1990 1742 2044 Οὑκ
1768 1990 1876 2061 ἄρα

293 2082 356 2136 δὲ
379 2082 486 2154 (12)
504 2084 595 2136 καὶ
614 2082 720 2134 τῶν
734 2082 811 2152 τῷ
847 2081 965 2135 Ἰὼϐ
984 2081 1405 2153 συμϐεϐηκότων
1424 2081 1735 2153 ὑπομνῆσαι
1751 2083 1878 2145 τοὺς

293 2172 575 2242 οἰομένους
615 2171 741 2225 τάδε
785 2171 904 2225 τινὰ
943 2171 1090 2225 κακά
1135 2166 1297 2225 εἶναι·
1327 2171 1400 2236 ὡς
1431 2172 1460 2223 6
1496 2171 1877 2244 χρηματισμὸς

297 2262 439 2333 μετά
466 2264 525 2316 τὸ
547 2264 785 2332 ἐνεγκεῖν
816 2262 1172 2331 γενναιότατα
1188 2264 1314 2327 τοὺς
1348 2264 1708 2336 περιστάντας
1733 2263 1877 2332 ἀγῶ-

292 2371 415 2419 νας,
447 2355 630 2426 φησίν·
679 2373 697 2404 ι
738 2353 851 2408 Οἴει
882 2354 939 2407 δέ
972 2372 1041 2424 με
1070 2354 1244 2418 ἄλλως
1272 2371 1354 2408 σοι
1381 2356 1871 2427 κεχρηματικέναι,

291 2447 331 2517 ἢ
358 2447 443 2500 ἵνα
473 2448 749 2517 ἀναφανῇς
776 2444 1006 2510 δίκαιος;
1049 2466 1067 2498 ι
1088 2446 1151 2498 Εἰ
1180 2445 1290 2515 γὰρ
1318 2446 1418 2499 οὑκ
1444 2446 1618 2509 άλλως
1646 2447 1877 2516 ἀναφαί-

292 2558 447 2593 νεται
467 2540 496 2590 6
532 2538 650 2591 Ἰὼϐ
678 2539 883 2603 δίκαιος
915 2537 948 2610 ἢ
974 2540 1038 2592 ἐκ
1053 2538 1145 2593 τοῦ
1175 2539 1302 2592 τάδε
1345 2539 1489 2604 τινὰ,
1518 2540 1720 2594 καὶτοῦ
1748 2539 1875 2595 τάδε

292 2631 447 2702 αὐτῷ
503 2631 648 2685 κακά
694 2631 947 2702 λέγοιμεν
991 2631 1258 2703 ὑπάρχειν
1304 2632 1440 2701 (15),
1488 2632 1556 2685 τὰ
1592 2633 1739 2686 αίτια
1777 2632 1872 2686 τοῦ

290 2725 570 2795 ἀναφῆναι
618 2721 783 2777 αὑτοῦ
837 2723 935 2794 τὴν
984 2722 1360 2795 δικαιοσύνην;
1420 2724 1692 2794 Ἐπόμενα
1724 2724 1769 2777 δ’
1807 2724 1873 2779 ἂν

290 2818 507 2878 τούτοις
543 2816 626 2887 εἴη
652 2815 786 2886 μηδὲ
813 2814 903 2867 τὸν
932 2813 1173 2868 διάϐολον
1196 2813 1275 2884 τῷ
1302 2814 1442 2885 ἀγίῳ
1468 2814 1636 2868 κακὸν
1675 2816 1875 2886 τυγχά-

290 2925 430 2961 νεινο
460 2909 538 2980 τῷ
566 2908 610 2961 δ’
635 2904 727 2962 οὖν
765 2906 883 2960 Ἰὼϐ
903 2906 1189 2970 ὁδιάϐολος
1210 2907 1389 2960 κακὸν
1411 2908 1510 2961 οὑκ
1531 2903 1616 2979 ἦν·
1656 2927 1674 2958 ι
1722 2909 1874 2963 Ἐπεὶ

289 3003 409 3064 τοῖς
435 2998 687 3068 ἀγαπῶσι
716 2998 807 3051 τὸν
832 2998 964 3051 Θεὸν
1001 2998 1177 3051 πάντα
1213 3001 1462 3070 συνεργεί
1493 3000 1571 3063 εἰς
1602 2999 1805 3069 ἀγαθὸν
1845 3003 1873 3054 ὁ

288 3092 449 3156 Θεὸς,
476 3094 588 3156 τοῖς
608 3090 749 3144 κατά
771 3090 1026 3161 πρόθεσιν
1048 3088 1263 3161 κλητοῖς
1277 3085 1446 3143 οὖσιν.
1483 3111 1501 3141 ι
1528 3092 1648 3144 Ἐτι
1665 3092 1719 3144 δὲ
1741 3092 1875 3164 πρὸς

289 3184 507 3247 τούτοις
539 3182 691 3255 παρά
730 3182 791 3235 τὸ
817 3181 1044 3252 ἐναργὲς
1073 3177 1213 3234 εἷναί
1245 3181 1425 3251 φαμὲν
1455 3182 1515 3234 τὸ
1553 3181 1643 3235 τὸν
1671 3183 1875 3237 δίκαιον

290 3275 359 3328 ὲν
407 3277 525 3337 ταῖς
556 3273 694 3327 κατά
720 3272 780 3326 τὸ
805 3272 967 3343 ῥητὸν
996 3271 1268 3340 εὐλογίαις
1298 3271 1641 3326 ἔσεσθαιτῶν
1666 3275 1724 3326 ἐν
1755 3277 1875 3339 ταῖς

290 3365 539 3437 Γραφαῖς
564 3365 892 3435 ἐγκειμένων
915 3363 1285 3435 νομιζομένων
1302 3363 1543 3431 ἀγαθῶνο
1569 3363 1738 3435 πολλὴ
1767 3365 1874 3438 γὰρ

292 3458 511 3528 ἱστορία
545 3457 578 3527 ἡ
620 3457 748 3529 περὶ
800 3456 893 3510 τοῦ
939 3455 1096 3524 ἁγίου
1129 3454 1491 3526 ἐξεταζομένη
1540 3456 1875 3511 ἐναντιοῦται

292 3552 419 3613 ταῖς
450 3548 725 3612 τοιαύταις
753 3548 1018 3618 ἐκδοχαῖς·
1040 3546 1135 3601 καὶ
1164 3546 1389 3618 ἀνόητόν
1415 3548 1531 3600 ἐστι
1550 3548 1610 3600 τὸ
1640 3549 1876 3620 ὑπολαμ-

294 3639 429 3694 ϐάνε
438 3657 482 3693 ιν
503 3639 779 3710 δανειστὴν
794 3639 882 3691 τὸν
904 3639 1055 3706 ἆγιον
1080 3636 1295 3690 ἔσεσθαι
1324 3636 1534 3692 πολλῶν
1565 3638 1733 3692 ἐθνῶν
1749 3657 1876 3711 τρα-

296 3731 472 3797 πέζας
504 3731 645 3785 κατὰ
680 3730 831 3783 πόλιν
852 3731 1155 3798 ἀνοίγοντα,
1187 3730 1283 3782 καὶ
1316 3729 1731 3802 περισπώμενον
1748 3731 1874 3800 περὶ

293 3823 397 3887 τὰς
426 3823 601 3887 δόσεις
626 3823 719 3875 καὶ
750 3822 959 3894 λήψεις,
991 3821 1083 3875 καὶ
1112 3820 1368 3876 ποιοῦντα
1397 3823 1695 3894 πράγματα
1726 3824 1873 3892 ἀπη-

294 3914 624 3986 γορευμένα·
661 3931 677 3963 ι
708 3913 780 3965 Τὸ
803 3911 1063 3984 ἀργύριον
1091 3911 1198 3983 γὰρ
1229 3910 1390 3965 αὑτοῦ
1423 3913 1523 3965 οὐκ
1558 3911 1754 3965 ἔδωκεν
1782 3913 1874 3964 ἐπὶ

292 4006 465 4077 τόκῳ,
496 4006 586 4058 καὶ
623 4004 768 4076 δῶρα
807 4004 893 4057 ἐπ’
919 4001 1114 4066 ἀθώοις
1155 4003 1254 4056 οὑκ
1302 4002 1481 4056 ἕλοιϐε⁸
1525 4004 1618 4056 καὶ
1645 4005 1673 4056 6
1707 4002 1874 4056 ποιῶν

294 4096 471 4151 ταῦτα
502 4097 563 4150 οὑ
613 4096 1001 4166 σαλευθήσεται
1043 4096 1123 4158 εἰς
1158 4095 1249 4148 τὸν
1282 4095 1475 4149 αἰῶνα.
1523 4114 1541 4148 ι
1580 4096 1691 4149 Καὶ
1734 4095 1874 4148 κατά

294 4191 391 4244 τὸν
426 4188 708 4261 Ίεζεκιήλ·
751 4207 769 4240 ι
821 4189 877 4242 '0
918 4187 1070 4256 ἆγιος
1111 4187 1203 4241 ἐπὶ
1247 4187 1389 4257 τόκῳ
1425 4188 1519 4239 καὶ
1551 4185 1873 4257 πλεονασμῷ

295 4283 400 4336 οὑκ
426 4282 588 4336 ἔδωκε
621 4282 680 4335 τὸ
705 4281 984 4353 ἀργύριον.
1029 4300 1047 4333 ι
1074 4280 1147 4332 Τὸ
1177 4280 1234 4332 δὲ
1262 4279 1356 4333 καὶ
1377 4278 1607 4351 πυρετὸν
1633 4277 1873 4349 νομίζειν

295 4374 388 4429 διά
411 4373 508 4439 τὰς
533 4373 806 4445 ἁμαρτίας
822 4372 1065 4442 γίνεσθαι
1091 4370 1433 4426 ἀπαιδεύτων
1458 4372 1539 4433 εἰς
1566 4368 1871 4440 ὑπερϐολήν

297 4466 419 4518 ἐστι
445 4465 639 4535 δόγμα,
677 4463 933 4527 πολλάκις
963 4462 1072 4516 τῶν
1113 4462 1301 4517 αἰτίων
1339 4462 1435 4532 τῆς
1461 4461 1670 4514 τοιᾶσδε
1716 4461 1870 4515 νόσου

300 4554 579 4624 προδήλων
600 4553 786 4607 ὄντων·
824 4552 858 4622 ἢ
881 4552 989 4623 γὰρ
1013 4552 1101 4605 διὰ
1129 4550 1190 4603 τὸ
1222 4550 1495 4621 περιέχον,
1522 4550 1554 4619 ἢ
1579 4549 1665 4603 διὰ
1698 4548 1874 4602 τοιάδε

302 4645 490 4709 ὕδατα,
513 4645 546 4716 ἢ
570 4644 658 4697 διὰ
683 4643 894 4696 τοιάσδε
915 4641 1140 4713 τροφάς·
1166 4641 1260 4693 καὶ
1276 4641 1324 4692 εἰ
1352 4635 1485 4692 ἆθλα
1510 4642 1622 4702 τοῖς
1646 4638 1874 4702 δικαίοις

300 4735 461 4803 ὑγεία
492 4735 587 4787 καὶ
610 4731 857 4795 πλοῦτος,
891 4730 1057 4802 ἐχρῆν
1083 4730 1284 4800 μηδένα
1320 4729 1428 4784 τῶν
1453 4729 1663 4783 ἀσεϐῶν
1698 4729 1877 4799 ὑγιαί-

299 4844 432 4890 νειν,
468 4827 599 4897 μηδέ
623 4825 886 4878 πλουτεῖν.
936 4824 1153 4890 Ὑγείαν
1178 4823 1234 4875 δὲ
1257 4823 1356 4893 τὴν
1378 4823 1583 4877 τοιάνδε
1601 4823 1874 4877 κατάστα-

307 4938 390 4973 σιν
410 4920 511 4990 τῆς
542 4916 719 4989 ψυχῆς
751 4914 1031 4987 ζητητέον,
1068 4914 1163 4968 καὶ
1205 4914 1431 4967 πλοῦτον
1472 4914 1562 4968 τὸν
1591 4914 1733 4968 κατά
1782 4913 1874 4967 τὸν

306 5000 624 5081 Συλομῶντα
656 5008 848 5078 λύτρον
871 5005 1204 5076 τυγχάνοντα
1239 5005 1338 5075 τῆς
1368 5004 1565 5076 ψυχῆς,
1623 5004 1870 5073 λέγοντα·

310 5123 331 5157 ι
371 5103 577 5175 Λύτρον
606 5101 795 5173 ἀνδρὸς
833 5099 1011 5171 ψυχῆς
1050 5102 1078 5153 ὁ
1108 5099 1235 5161 ἴδιος
1275 5097 1521 5160 πλοῦτος.
1562 5116 1580 5148 ›
1614 5096 1876 5150 Φευκτέον

304 5195 361 5250 δὲ
390 5196 594 5259 πενίαν,
632 5192 752 5248 καθ’
784 5194 850 5262 ἢν
884 5192 1317 5262 ἀναγέγραπται·
1366 5209 1384 5242 ι
1422 5189 1641 5259 Πτωχὸς
1680 5188 1736 5241 δὲ
1780 5187 1876 5257 οὑχ

308 5288 592 5357 ὑφίσταται
635 5287 883 5354 ἀπειλήν.
917 5304 937 5336 ι
973 5285 1092 5337 Ἔτι
1124 5282 1182 5337 δὲ
1222 5281 1536 5355 τραύματα,
1569 5280 1660 5334 καὶ
1689 5277 1879 5346 μώλω-

1903 3068 1945 3125 C

1907 4428 1947 4480 D

1984 1802 2074 1857 illo
2103 1803 2539 1859 sanctohistoriae
2562 1804 2606 1857 si
2634 1804 3027 1875 expendantur,
3050 1803 3208 1858 istam
3240 1804 3563 1872 interpreta-

1985 1898 2181 1951 tionem
2225 1897 2501 1952 rel‘ellunt.
2536 1899 2669 1965 Quis
2701 1898 2845 1952 enim
2888 1897 3274 1951 fmueratorem
3308 1906 3559 1952 sanetum

1982 2000 2104 2041 esse
2134 2001 2301 2041 sanus
2326 1988 2621 2052 existimet,
2651 1988 2739 2057 qui
2766 1987 2951 2042 multis
2980 1988 3232 2058 gentibus
3267 2002 3483 2043 mensas
3505 1988 3558 2041 in

1985 2078 2203 2133 civitate
2230 2079 2465 2148 aperiat,
2498 2089 2549 2133 et
2581 2081 2635 2134 in
2666 2081 2847 2135 dando
2876 2090 2931 2134 et
2979 2080 3296 2151 accipiendo
3326 2096 3560 2152 occupe-

1985 2178 2092 2233 tur,
2122 2180 2179 2225 et
2211 2184 2296 2225 res
2346 2171 2545 2226 vetitas
2585 2170 2788 2226 faciat?
2828 2191 2847 2223 ι
2881 2172 3175 2226 Pecuniam
3206 2178 3351 2226 enim
3402 2188 3557 2228 suam

1983 2277 2089 2317 non
2125 2263 2275 2317 dedit
2302 2262 2524 2327 rumori,
2557 2273 2613 2318 et
2639 2279 2864 2319 munera
2900 2280 3064 2335 super
3104 2266 3426 2322 innocentes
3450 2281 3557 2321 non

1985 2355 2197 2424 accepit
2234 2370 2248 2407 :
2285 2364 2341 2409 et
2378 2355 2470 2424 qui
2520 2354 2655 2408 facit
2684 2355 2821 2421 hare,
2856 2370 2961 2408 non
3016 2355 3449 2410 commovebitur
3499 2355 3556 2411 in

1980 2456 2241 2498 mternum
2268 2443 2336 2496 ".
2366 2462 2384 2495 ι
2410 2443 2477 2497 Ει
2499 2443 2552 2497 in
2577 2443 2857 2498 Ezechiele
2874 2445 2922 2476 ⁵³
2944 2461 2958 2498 :
2983 2462 3002 2495 ι
3024 2444 3255 2499 Sanctus
3293 2446 3462 2500 fenori
3499 2456 3557 2501 et

1982 2530 2136 2587 luero
2190 2534 2472 2601 pecuniam
2528 2550 2632 2588 non
2683 2537 2992 2603 occupavit.
3036 2555 3056 2589 ›
3099 2537 3206 2591 Sed
3255 2546 3310 2591 et
3359 2535 3552 2593 febrim

1979 2633 2204 2693 pr0pter
2230 2638 2451 2692 peccata
2482 2627 2756 2692 accidere,
2809 2642 2969 2681 nemo
3000 2627 3104 2682 nisi
3135 2628 3426 2682 admodum
3464 2645 3557 2683 ru-

1982 2720 2066 2775 dis
2080 2727 2135 2773 et
2161 2720 2380 2790 ignarus
2405 2720 2822 2786 existimaverit,
2847 2736 2969 2775 eum
2991 2720 3150 2787 hujus
3175 2721 3346 2775 morbi
3375 2738 3555 2777 causae

1982 2826 2123 2882 saepe
2167 2812 2473 2867 manifesta:
2505 2814 2613 2867 sint
2646 2830 2662 2867 :
2693 2821 2788 2867 aut
2834 2814 2979 2868 enim
3019 2825 3239 2882 propter
3274 2813 3555 2867 continen-

1984 2912 2090 2957 tem
2139 2919 2345 2969 aerem,
2390 2904 2472 2958 vel
2523 2915 2747 2973 propter
2797 2905 2935 2960 tales
2979 2920 3188 2975 aquas,
3219 2904 3303 2959 vel
3336 2916 3555 2974 propter

1985 2994 2111 3049 talia
2147 2994 2407 3050 alimenta
2436 3010 2451 3048 :
2484 3004 2559 3061 et,
2597 2996 2644 3050 si
2673 2997 2838 3066 justis
2867 2997 3077 3051 sanitas
3111 2997 3167 3051 et
3192 2995 3395 3050 divitiae
3414 3011 3555 3065 pne--

1981 3088 2087 3140 mia
2119 3096 2518 3157 proponuntur,
2569 3090 2847 3144 neminem
2887 3089 3190 3156 improbum
3221 3103 3415 3143 sanum
3458 3097 3553 3141 aut

1978 3184 2199 3237 divitem
2256 3198 2378 3239 esse
2433 3187 2738 3253 oportebat.
2774 3184 2881 3239 Sed
2938 3183 3145 3237 sanitas
3183 3192 3330 3237 recta
3382 3183 3548 3235 animi

1978 3273 2296 3327 constitutio
2322 3277 2620 3343 quaerenda
2651 3282 2735 3328 est
2762 3291 2775 3325 :
2810 3273 3015 3328 divitia:
3043 3287 3193 3338 vero,
3226 3287 3346 3342 quae
3395 3271 3553 3326 Solo-

1978 3365 2155 3420 monis
2183 3366 2478 3431 sentcutia,
2510 3368 2746 3435 pretium
2797 3368 2993 3420 anima:
3019 3365 3120 3419 viri
3158 3373 3285 3441 sunt
3315 3379 3330 3417 :
3364 3382 3384 3416 ι
3417 3364 3552 3418 Pre-

1979 3456 2131 3523 tium,
2170 3457 2344 3525 inquit
2371 3457 2437 3520 “,
2471 3458 2667 3513 animze
2705 3458 2805 3512 viri
2866 3458 3070 3512 divitize
3124 3456 3315 3526 ipsius.
3355 3474 3374 3508 ι
3410 3455 3553 3509 Pan-

1976 3553 2159 3612 pertas
2209 3560 2337 3600 vero
2370 3546 2622 3616 fugienda
2665 3557 2769 3611 est,
2814 3548 2880 3602 de
2912 3563 3016 3616 qua
3047 3547 3310 3615 scriptum
3349 3556 3434 3601 est
3454 3545 3547 3600 ":

1981 3650 1999 3682 ι
2027 3631 2237 3702 Pauper
2275 3645 2453 3688 autem
2488 3652 2591 3689 non
2631 3635 2778 3691 subit
2810 3637 2985 3689 minas
3014 3654 3027 3711 ;
3064 3654 3082 3686 ι
3117 3636 3338 3689 vulnera
3367 3644 3547 3690 autem

1975 3735 2030 3779 et
2054 3725 2256 3780 vibices
2290 3735 2344 3779 et
2380 3727 2552 3780 morbi
2607 3726 2910 3794 accipiendi
2959 3734 3105 3788 sunt,
3159 3740 3281 3794 quae
3326 3736 3552 3794 propter

1980 3817 2175 3871 vitium
2212 3818 2488 3871 dissolutis
2524 3817 2795 3870 mentibus
2821 3817 3078 3870 eveniunt
3106 3832 3120 3868 :
3153 3816 3294 3869 unde
3323 3824 3379 3869 et
3419 3831 3549 3884 pro-

1976 3911 2138 3979 pheta
2164 3923 2259 3962 eos
2291 3909 2380 3977 qui
2414 3909 2464 3960 in
2501 3908 2564 3961 iis
2597 3920 2743 3971 sunt,
2773 3906 3124 3974 reprehendit
3151 3906 3198 3937 ⁸⁸
3230 3923 3245 3961 :
3277 3924 3296 3958 ι
3329 3906 3366 3959 Α
3401 3907 3552 3976 pedi-

1977 3999 2107 4064 bus,
2137 4000 2334 4067 inquit,
2370 4015 2541 4066 usqne
2569 3999 2633 4051 ad
2661 4007 2844 4067 caput,
2884 4013 3064 4067 neque
3114 3998 3328 4063 vulnus,
3374 4013 3550 4068 neque

1976 4090 2158 4155 vibex,
2190 4105 2365 4160 neque
2392 4091 2546 4160 plaga
2590 4090 2926 4144 inﬂammata
2963 4108 2978 4147 :
3032 4105 3138 4145 non
3172 4099 3260 4147 est
3307 4090 3547 4145 medica-

1986 4192 2225 4236 mentum
2253 4198 2351 4235 cur
2386 4182 2722 4251 imponatur,
2754 4198 2928 4250 neque
2959 4183 3159 4247 oleum,
3207 4198 3385 4251 neque
3424 4182 3545 4236 alli-

1974 4284 2184 4341 gatura.
2229 4291 2248 4322 ι
2291 4272 2417 4327 Haec
2456 4273 2637 4341 itaque
2669 4272 2750 4326 vel
2793 4274 2858 4326 iis
2907 4273 3000 4341 qui
3036 4273 3194 4341 plane
3226 4287 3334 4326 non
3378 4272 3550 4341 negli-

1976 4372 2122 4432 galli,
2146 4362 2439 4430 sulliciunt,
2477 4364 2620 4417 unde
2657 4362 2899 4418 collectis
2927 4362 3024 4415 sibi
3057 4363 3354 4431 Scriptura:
3387 4363 3548 4416 dictis

1977 4468 2097 4522 qua:
2153 4468 2455 4522 repugnare
2507 4454 2776 4517 videntur,
2815 4453 3028 4507 actione
3073 4452 3249 4506 sancti
3312 4449 3549 4520 Spiritus

1976 4546 2193 4615 dignam
2246 4545 2657 4614 intelligentiam
2687 4545 2903 4612 assequi
2955 4543 3229 4598 studeant.
3276 4541 3544 4597 Praeterea

1977 4647 2037 4689 ut
2090 4635 2156 4690 iis
2209 4651 2272 4689 os
2305 4636 2644 4696 occludatur,
2700 4636 2791 4706 qui
2832 4637 2970 4689 bona
3015 4649 3160 4700 esse,
3191 4650 3312 4704 qua:
3340 4636 3549 4689 sanctis

1976 4726 2151 4779 danda
2184 4737 2311 4782 sunt
2343 4728 2718 4793 arbitrantur;
2771 4726 2934 4796 570
2968 4727 3129 4794 mala,
3181 4741 3303 4795 qua:
3348 4725 3544 4787 malis:

1979 4820 2093 4872 hzee
2129 4820 2380 4873 videntur
2428 4818 2726 4886 adjicienda
2758 4834 2770 4868 :
2808 4835 2969 4873 omne
3009 4818 3151 4887 quod
3197 4826 3279 4872 est
3319 4827 3545 4887 propter

1982 4908 2204 4978 aliquid,
2263 4909 2441 4964 minus
2481 4918 2563 4963 est
2612 4923 2678 4964 eo
2716 4918 2937 4978 propter
2968 4906 3109 4976 quod
3141 4916 3224 4960 est
3249 4922 3263 4959 :
3290 4907 3549 4975 quemad-

1980 5002 2198 5053 modum
2226 5002 2513 5067 sectiones,
2548 5002 2795 5055 ustiones
2829 5008 2883 5053 et
2909 4999 3224 5067 emplastra,
3251 5011 3371 5067 qua:
3419 5011 3548 5065 pro-

1980 5101 2100 5157 pter
2136 5092 2425 5146 sanitatem
2479 5100 2797 5156 sumuntur,
2848 5091 3059 5144 minora
3117 5098 3244 5143 sunt
3291 5088 3544 5142 sanitate.

1980 5182 2095 5237 Etsi
2138 5183 2272 5249 hinc,
2310 5193 2369 5237 ut
2401 5184 2452 5237 in
2486 5184 2769 5238 medicinas
2797 5181 3038 5247 auxiliis,
3069 5180 3211 5235 bona
3258 5180 3544 5241 dicantur,

1983 5275 2056 5329 ita
2107 5284 2189 5330 est
2230 5275 2628 5346 accipiendum,
2669 5286 2728 5329 ut
2773 5290 2876 5330 non
2918 5274 3029 5328 sint
3077 5272 3215 5326 bona
3254 5270 3397 5337 linis,
3430 5270 3546 5324 sive

379 5447 672 5511 "John,
696 5447 750 5500 5.
827 5446 868 5479 "
895 5443 1299 5512 Bom.vtu,28.
1376 5443 1421 5475 δ’
1439 5440 1529 5495 Ps.
1565 5435 1747 5504 xtv,5.
1824 5436 1869 5467 ³³

1982 5427 2253 5498 ξιΙιξκνιιι,
2275 5432 2327 5487 8.
2404 5432 2451 5464 ⁵⁸
2476 5431 2634 5488 Prov.
2656 5448 2776 5497 xm,
2799 5432 2854 5488 8.
2931 5432 2975 5463 "
3007 5429 3134 5485 ibid.
3212 5429 3259 5462 '°
3284 5424 3406 5484 lsai.
3427 5441 3466 5491 l,
3486 5423 3539 5478 6.

380 5590 487 5661 (l2)
515 5590 652 5656 Ἆρα
677 5586 764 5661 δέἶ
789 5586 917 5652 Leg.
941 5588 1171 5661 ﬁxatpov
1199 5584 1276 5661 δέ.

678 5637 1384 5727 ὲάδζῖεῗψῑξιᾉξλέττώματα
1413 5649 1713 5722 γεγονέναι,
1744 5645 1859 5711 πῶς
1876 5645 1941 5700 ἃν
1969 5642 2114 5715 αὑτῷ
2134 5640 2278 5697 κιικά
2304 5640 2556 5711 λέγοιμεν
2588 5637 2870 5707 ὑπάρχειν.
