4046 6152
590 210 730 266 1159

1963 205 2056 260 EX
2092 202 2397 261 ORIGENE

3719 206 3831 261 116⁸.)

588 327 777 381 ultima
802 326 1101 389 medicinae,
1131 326 1224 380 sed
1253 323 1560 379 eﬁicientia.
1587 325 1789 379 Bonum
1826 335 2005 380 autem
2038 327 2158 382 ﬁnis

2268 343 2395 389 πας,
2433 326 2526 380 καὶ
2569 326 2757 390 νόσους
2785 324 3081 397 ὲκληπτέον
3114 323 3181 378 τὰ
3206 323 3480 394 γινόμενα
3506 316 3599 374 διὰ
3632 321 3726 393 τὴν
3751 339 3831 376 και

589 416 641 469 in
675 416 962 482 medicina,
1016 416 1258 485 corporis
1308 419 1512 472 sanitas
1563 429 1669 472 est.
1728 419 1819 473 Sic
1877 420 2062 490 igitur,
2117 422 2161 476 si

586 508 841 561 mandata
897 509 1012 562 haec
1051 508 1319 560 servanda
1361 516 1509 574 sum,
1563 519 1621 561 ιιι
1649 510 1786 563 bona
1816 511 1932 565 haec
1965 526 2162 566 conse-

584 613 848 665 quantur;
897 597 1119 665 prmmia
1169 608 1350 651 autem
1398 600 1537 652 bona
1572 606 1816 671 corporis
1854 612 1907 657 et
1936 614 2161 659 externa

582 696 729 751 sunt,
765 689 923 743 bona:
955 690 1196 745 actiones
1229 691 1384 745 bona:
1415 708 1521 747 non
1547 705 1726 761 erunt,
1763 706 1821 749 ut
1845 696 2052 751 ultima:
2100 713 2164 753 ac

581 779 943 846 perlicientes.
968 782 1060 835 sed
1088 792 1149 836 ut
1174 781 1472 838 eﬁicientes
1507 786 1644 840 bona
1669 797 1755 841 :et
1783 788 2004 855 divitiae,
2029 805 2164 858 quas

582 871 825 937 polliceri
866 872 1211 943 Scripturam
1260 884 1477 947 putant,
1523 888 1581 932 et
1633 881 1880 950 corporis
1933 884 2159 948 sanitas,

581 964 819 1031 potiores
850 977 1014 1020 erunt
1031 968 1267 1035 justitia,
1291 980 1345 1025 et
1376 972 1491 1041 ipsa
1525 973 1911 1039 sanctimonia,
1949 984 2004 1028 et
2042 977 2162 1044 pie-

582 1067 714 1121 tate,
742 1066 796 1109 et
822 1058 1099 1128 religionis
1131 1064 1295 1119 tantis
1341 1075 1397 1120 et
1440 1078 1549 1121 tam
1583 1066 1864 1135 praeclaris
1897 1067 2162 1123 facinori-

580 1147 713 1212 bns;
746 1164 868 1217 qua:
896 1152 1113 1219 quidem
1155 1155 1447 1212 admittere
1478 1158 1759 1212 hominum
1784 1166 1869 1211 est
1913 1159 2005 1227 qni
2039 1160 2159 1213 vir-

582 1239 1058 1312 uuisdignitatem
1102 1248 1371 1316 ignorant,
1422 1251 1518 1303 sed
1554 1265 1643 1303 res
1686 1263 1905 1304 crassas
1952 1258 2008 1303 et
2061 1251 2161 1304 hu-

581 1334 855 1402 milesipsi
889 1345 1252 1404 anteponunt.
1286 1336 1541 1391 Omnium
1572 1338 1718 1391 enim
1749 1346 1834 1391 est
1878 1337 2161 1392 absurdis-

580 1426 779 1478 simum
813 1425 1020 1487 dicerc,
1051 1428 1333 1496 praeclaris
1361 1429 1695 1484 facinoribus
1722 1441 1987 1498 praestare
2017 1430 2161 1484 divi-

581 1517 790 1580 tias,et
829 1521 1077 1588 corporis
1121 1523 1408 1577 sanitatem
1444 1540 1459 1579 :
1495 1524 1581 1577 cui
1629 1524 1852 1578 nefariae
1898 1524 2159 1578 doctrinae

578 1607 722 1661 aﬁixi
754 1610 997 1664 nonnulli
1024 1612 1373 1666 crediderunt
1405 1612 1521 1668 fore
1564 1622 1645 1678 ut,
1679 1613 1934 1667 excitatis
1973 1628 2162 1682 corpo-

2266 419 2390 473 κίαν
2439 422 2558 483 ταῖς
2613 418 3081 492 ἀπροσεκτούσαις
3129 418 3345 487 ψυχαῖς·
3408 416 3547 487 περὶ
3577 408 3652 468 ὢν
3696 416 3833 469 καὶὸ

2265 514 2549 584 προφήτης
2574 513 2853 584 μέμφεται
2884 513 3011 575 τοὺς
3038 515 3096 565 ἐν
3121 513 3233 575 τοῖς
3254 509 3534 570 τοιούτοις
3564 507 3831 577 τυγχάνον-

2262 624 2384 671 τας,
2415 606 2608 675 λέγων·
2640 626 2659 658 ι
2705 606 2838 659 Ἀπὸ
2866 604 3041 659 ποδῶν
3062 604 3168 668 ἓως
3197 602 3450 673 κεφαλῆς
3470 599 3597 653 οὔτε
3619 598 3833 670 τραῦμα,

2263 700 2387 753 οὐτε
2424 699 2648 771 μώλωψ,
2697 699 2821 752 οὔτε
2868 698 3048 770 πληγὴ
3100 697 3544 767 φλεγμαίνουσα·
3588 692 3686 746 οὐκ
3736 692 3832 747 ἔστι

2270 797 2531 868 μάλαγμα
2551 795 2840 857 ἐπιθεῖναι,
2871 793 2997 848 οὐτε
3027 793 3225 853 ἔλαιον,
3248 790 3374 845 οὐτε
3405 787 3791 857 καταδέσμους.
3813 806 3828 836 ι

2266 889 2451 943 Ταῦτα
2492 890 2589 961 μὲν
2617 884 2709 943 οὖν
2743 888 2990 959 αὐτάρκη
3022 889 3136 948 τοῖς
3166 884 3241 956 μὴ
3269 884 3419 937 πάνυ
3455 881 3682 951 ἀμελέσι
3719 880 3832 950 πρὸς

2261 983 2343 1043 τὸ,
2374 983 2481 1037 ἀπὸ
2498 982 2701 1035 τούτων
2732 982 2942 1043 ἑαυτοῖς
2960 977 3382 1048 ἀναλεξαμένοις
3404 976 3478 1029 τά
3511 975 3833 1045 περισπῶντα

2271 1074 2411 1145 ῥητά
2453 1073 2560 1125 τῶν
2601 1071 2855 1144 Γραφῶν,
2889 1068 3198 1124 ἐπιϐάλλειν
3239 1070 3301 1138 τῇ
3344 1066 3486 1138 ἀξίᾳ,
3534 1068 3706 1136 νοήσει
3750 1067 3832 1135 τῆς

2264 1164 2542 1235 ἐνεργείας
2563 1162 2656 1216 τοῦ
2679 1163 2835 1231 ἁγίου
2866 1160 3199 1231 Πνεύματος·
3235 1159 3312 1212 ἔτι
3340 1159 3404 1212 δὲ
3439 1159 3587 1229 ὑπὲρ
3610 1157 3700 1210 τοῦ
3721 1174 3806 1211 σιω

2262 1258 2433 1329 πῆσαι
2475 1256 2602 1319 τοὺς
2637 1255 2917 1326 οἰομένους
2949 1253 3077 1306 τάδε
3112 1248 3252 1305 εἰναι
3287 1252 3359 1304 τά
3408 1250 3599 1320 ἀγαθά
3630 1250 3693 1304 τά
3738 1253 3829 1313 τοῖς

2261 1349 2437 1418 ἁγίοις
2460 1347 2818 1419 δοθησόμενα,
2837 1347 2931 1400 καὶ
2952 1345 3077 1398 τάδε
3092 1344 3161 1398 τὰ
3177 1343 3323 1398 κακά
3343 1346 3469 1406 τοῖς
3492 1342 3825 1413 ἁμαρτωλοῖς,

2261 1441 2556 1495 καὶταῦτα
2591 1438 2937 1512 προσθετέον·
2986 1437 3069 1490 ὅτι
3116 1438 3226 1489 πᾶν
3279 1435 3340 1488 τὸ
3396 1434 3495 1487 διά
3541 1451 3615 1505 τι,
3641 1432 3827 1486 ἔλαττόν

2261 1534 2377 1585 ἐστι
2412 1530 2508 1584 τοῦ
2533 1531 2600 1584 δι’
2644 1531 2672 1583 ὃ
2707 1531 2874 1582 ἐστιν·
2918 1525 3034 1582 οἷον
3060 1528 3245 1598 τομαὶ,
3275 1529 3373 1580 καὶ
3393 1525 3721 1597 καυστῆρες,
3750 1526 3827 1577 κεί

2263 1624 2628 1695 ἐμπλαστροι,
2670 1623 2736 1675 δι’
2776 1621 2965 1691 ὑγείαν
2996 1620 3571 1693 παραλαμϐανόμενα,
3603 1618 3826 1672 ἐλάττονα

582 1703 754 1765 ribus,
790 1705 841 1756 in
877 1704 1043 1757 vitam
1077 1705 1302 1759 reduces
1325 1705 1480 1772 juxta
1528 1707 1731 1774 primas
1781 1707 1901 1760 illas
1936 1708 2158 1774 promis-

2261 1713 2517 1783 τυγχάνει
2544 1712 2643 1781 τῆς
2674 1710 2882 1778 ὑγείας·
2920 1709 3022 1764 κᾶν
3052 1710 3128 1774 ὡς
3164 1711 3221 1762 ἐν
3257 1710 3534 1779 ἰατρικοῖς
3567 1707 3623 1760 δὲ
3655 1706 3823 1776 βοηθή-

581 1794 785 1859 siones,
830 1795 1058 1849 edamus
1096 1796 1192 1850 hos
1246 1807 1301 1851 et
1354 1797 1475 1851 illos
1525 1798 1698 1863 cibos,
1752 1807 1807 1852 et
1862 1799 2151 1860 bibamus;

581 1883 773 1952 aliqui,
797 1892 857 1937 ut
886 1884 1083 1939 liberos
1114 1885 1273 1938 etiam
1303 1902 1632 1955 quaeramus.
1668 1889 1792 1943 Haec
1813 1889 1861 1943 si
1894 1895 1960 1943 ad
1982 1890 2161 1944 ethni-

577 1994 673 2033 cos
690 1978 1058 2047 pervenerint,
1090 1995 1341 2049 magnnm
1359 1980 1674 2036 stoliditatis
1691 1991 1746 2037 et
1766 1983 2012 2036 stultitiae
2030 1998 2157 2052 pro-

578 2072 739 2125 brum
763 2069 1179 2124 Christianismo
1228 2071 1472 2142 alligent,
1519 2090 1642 2128 eum
1671 2075 1892 2129 meliora
1923 2076 2161 2129 sentiant

578 2177 612 2215 ο
643 2162 753 2216 ﬁde
777 2161 941 2215 alieni
968 2179 983 2217 :
1015 2177 1114 2216 nos
1138 2178 1285 2227 vero,
1311 2165 1452 2232 quod
1476 2180 1544 2218 ex
1569 2180 1849 2219 sacrorum
1895 2166 2157 2220 librorum

578 2264 833 2309 accurata
868 2254 1099 2310 lectione
1120 2257 1431 2325 perspicere
1459 2257 1757 2325 potuimus,
1786 2257 1897 2325 jam
1923 2272 2160 2328 appone-

580 2361 722 2400 mns.
761 2345 1086 2401 Dicebamns
1115 2349 1259 2402 enim
1296 2350 1518 2417 placere
1556 2348 1730 2414 nobis,
1761 2349 1815 2402 in
1857 2350 2160 2404 arbitrariis

578 2447 761 2491 etnon
813 2438 1121 2494 arbitrariis
1156 2442 1296 2495 bona
1326 2451 1381 2494 et
1415 2440 1554 2494 mala
1600 2455 1744 2498 esse.
1786 2442 1982 2497 Verum
2020 2444 2160 2498 inter

578 2543 686 2582 non
706 2528 995 2583 arbitraria
1015 2531 1153 2584 bona
1181 2546 1282 2586 non
1301 2533 1759 2588 enumerabanms
1776 2532 2156 2603 valetudinem,

578 2621 903 2685 sanitatem,
936 2620 1199 2685 formam,
1224 2623 1471 2692 gloriam,
1505 2624 1763 2688 divitias;
1804 2634 1860 2679 et
1897 2637 2156 2695 quantum

576 2714 710 2768 eniti
761 2715 1055 2782 potuimus,
1088 2717 1482 2771 dubitationem
1524 2733 1743 2773 onmem
1785 2720 2024 2774 breviter
2052 2722 2161 2775 sol-

582 2823 708 2862 vere
738 2810 915 2863 conati
949 2824 1161 2864 sumus.
1213 2809 1472 2877 Quaenam
1522 2827 1653 2881 ergo
1691 2813 1830 2866 bona
1865 2815 1996 2877 sint,
2038 2829 2156 2882 quae

579 2900 754 2956 libere
807 2918 911 2957 non
943 2904 1333 2972 suscipiuntur,
1368 2919 1509 2957 nunc
1556 2906 1843 2959 dicendum
1888 2916 1992 2971 est,
2022 2921 2159 2974 quo-

582 2994 729 3047 niam
777 3008 964 3048 verum
990 3004 1073 3047 est
1129 2993 1180 3046 id
1213 2993 1302 3045 ":
1343 3011 1363 3044 ι
1399 2992 1510 3047 Nisi
1556 2994 1814 3047 Dominus
1855 2995 2157 3050 aadiﬁcave—
2186 3032 2228 3088 C

583 3085 655 3138 rit
676 3085 910 3149 domum,
929 3084 1128 3137 frustra
1148 3084 1532 3138 laboraverunt
1559 3086 1649 3154 qui
1682 3087 1953 3139 ardiﬁcanl
1975 3104 2151 3153 camp

581 3186 637 3228 et
668 3192 683 3229 :
715 3195 733 3226 ι
768 3174 882 3229 Nisi
929 3177 1191 3229 Dominus
1225 3177 1551 3230 custodierit
1601 3178 1906 3242 civitatem,
1956 3179 2156 3233 frustra

579 3267 765 3335 vigilat
793 3268 885 3334 qui
917 3269 1153 3322 custodit
1178 3284 1320 3325 eam.
1355 3286 1373 3319 ι
1398 3267 1660 3323 ,λΕιίίίίοοι
1685 3272 1904 3325 domum
1931 3273 2163 3340 quicun-

579 3375 686 3425 que
715 3358 931 3426 proﬁcit
960 3375 975 3413 :
1006 3359 1245 3412 custodit
1290 3360 1592 3427 civitatem,
1626 3363 1939 3431 quicunque
1980 3363 2161 3432 perfe-

580 3460 701 3504 ctus
732 3467 746 3503 :
784 3464 978 3502 vanum
1018 3461 1200 3503 autem
1245 3466 1382 3520 Opus
1430 3451 1776 3517 aediﬁcantis,
1805 3465 1861 3510 et
1897 3470 2029 3509 vana
2063 3472 2158 3510 cu-

580 3543 761 3597 stodia
790 3543 1083 3607 servantis,
1122 3543 1222 3597 nisi
1254 3543 1520 3599 Dominus
1552 3544 1929 3611 :rdiﬁcaverit,
1969 3558 2024 3601 et
2062 3547 2159 3603 Do-

579 3635 759 3690 minus
799 3635 1143 3691 custodierit.
1195 3637 1359 3690 Extra
1408 3636 1636 3690 liberam
1674 3638 2002 3692 voluntatem
2062 3654 2160 3693 no—

580 3737 753 3782 stram
785 3730 949 3784 fuerit
975 3732 1199 3795 bonum,
1230 3731 1405 3783 virtus
1439 3730 1675 3798 Domini,
1720 3747 1839 3800 qua;
1880 3732 2158 3787 adiﬁcan-

583 3820 658 3872 tis
686 3820 1102 3875 aediﬁcationem
1130 3821 1381 3887 adjuvat,
1412 3830 1470 3875 et
1499 3821 1546 3876 ei
1587 3822 1911 3891 opitulatur,
1943 3838 2158 3892 unaque

588 3927 713 3966 cum
746 3928 810 3967 eo
839 3913 1093 3974 aediﬁcat,
1119 3914 1214 3981 qui
1240 3913 1656 3968 mdiﬁcationem
1680 3930 1777 3983 per
1811 3930 1870 3969 se
1899 3931 2157 3969 consum-

580 4021 734 4060 mare
757 4019 863 4058 non
888 4017 1096 4074 potest:
1123 4006 1264 4058 idem
1294 4007 1360 4059 de
1382 4006 1649 4059 custodita
1677 4007 1896 4061 civitate
1920 4006 2159 4061 sentieni

580 4098 707 4149 dum
735 4105 838 4149 est.
870 4096 1408 4164 thuemadmodum
1436 4098 1480 4150 si
1513 4096 1750 4151 dicerem
1779 4101 1977 4151 bonum
2008 4098 2155 4164 agri-

580 4189 826 4252 culturae,
850 4190 992 4257 quod
1025 4188 1258 4243 fructum
1290 4188 1471 4251 cﬂicit,
1503 4191 1720 4243 mistum
1751 4203 1873 4243 esse
1893 4206 1957 4243 ex
1992 4189 2150 4260 571

582 4278 834 4332 libertate
859 4294 979 4346 qua:
1006 4280 1055 4331 in
1092 4290 1206 4332 arte
1228 4290 1309 4333 est
1343 4280 1617 4351 agricolae,
1648 4290 1703 4334 et
1724 4297 1826 4334 non
1862 4281 2155 4336 arbitrario

2144 3985 2199 4030 τ

2267 1820 2397 1873 μασι
2419 1801 2590 1855 ταῦτα
2613 1801 2823 1870 λέγοιτο
2844 1800 3044 1869 ἀγαθὰ,
3077 1800 3181 1872 χρὴ
3218 1800 3614 1870 ἐκλαμϐάνειν,
3643 1800 3718 1853 ὅτι
3742 1799 3822 1852 οὐκ

2262 1895 2376 1947 ἐστι
2406 1894 2594 1948 τελικά
2636 1894 2887 1966 ἰατρικῆς
2907 1894 3105 1962 ἀγαθά,
3141 1894 3278 1947 ἀλλὰ
3310 1893 3602 1965 ποιητικά·
3645 1892 3823 1946 τελικὸν

2260 1987 2318 2040 δὲ
2350 1988 2491 2041 κατὰ
2514 1987 2611 2058 τὴν
2645 1986 2896 2058 ἰατρικὴν
2927 1986 3128 2054 ἀγαθὸν
3165 1987 3198 2055 ἡ
3237 1984 3331 2037 τοῦ
3381 1983 3640 2055 σώματος
3670 1982 3819 2051 ὑγεία.

2262 2076 2419 2131 Οὐτω
2454 2075 2633 2128 τοίνυν
2671 2075 2765 2130 καὶ
2788 2078 2835 2128 εἰ
2857 2074 3015 2128 τάσδε
3050 2074 3150 2137 τὰς
3175 2073 3400 2137 ἐντολάς
3427 2075 3691 2145 τηρητέον
3705 2073 3823 2143 ὑπὲρ

2260 2168 2355 2222 τοῦ
2388 2166 2552 2220 τῶνδε
2589 2167 2699 2221 τῶν
2727 2166 2945 2234 ἀγαθῶν
2966 2169 3166 2236 τυχεῖν·
3202 2166 3272 2218 τὰ
3305 2165 3367 2217 δὲ
3393 2162 3538 2219 ἆθλα
3565 2165 3631 2219 τά
3659 2182 3821 2236 σωμα-

2260 2261 2389 2314 τικά
2433 2262 2569 2322 ἐστι,
2600 2260 2696 2313 καὶ
2721 2260 2790 2312 τὰ
2825 2258 2999 2324 ἐκτὸς,
3031 2259 3088 2312 αἰ
3126 2256 3328 2326 ἀγαθαὶ
3368 2257 3599 2331 πράξεις
3634 2259 3820 2310 ἔσονται

2262 2351 2362 2403 οὐκ
2418 2348 2621 2417 ἀγαθαὶ
2665 2349 2743 2411 ὼς
2790 2348 3022 2411 τελικαὶ,
3070 2347 3186 2402 ἀλλ’
3224 2348 3257 2419 ἦ
3295 2350 3411 2420 ἄρα
3442 2350 3520 2413 ὡς
3567 2348 3818 2418 ποιητικαὶ

2260 2438 2501 2507 ἀγαθῶν·
2546 2440 2643 2493 καὶ
2694 2438 2847 2492 ἔσται
2874 2438 3146 2509 διαφέρων
3190 2441 3219 2491 ὁ
3258 2439 3517 2504 πλοῦτος,
3549 2439 3607 2491 ὃν
3640 2439 3816 2492 οἴονται

2262 2531 2693 2600 ἐπαγγέλλεσθαι
2752 2532 2849 2603 τὴν
2903 2532 3146 2604 Γραφὴν,
3202 2533 3298 2585 καὶ
3361 2535 3395 2604 ἡ
3447 2532 3544 2585 τοῦ
3598 2531 3817 2601 σώματος

2262 2623 2440 2692 ὑγεία,
2475 2625 2575 2696 τῆς
2606 2624 2969 2695 δικαιοσύνης,
3002 2626 3096 2679 καὶ
3122 2626 3290 2695 αὐτῆς
3332 2627 3391 2679 δὲ
3429 2628 3528 2698 τῆς
3549 2627 3812 2695 ὁσιότητος.

2262 2717 2357 2771 καὶ
2384 2719 2481 2788 τῆς
2510 2718 2813 2781 εὐσεϐείας,
2849 2718 2943 2771 καὶ
2973 2717 3075 2787 τῆς
3105 2718 3422 2783 θεοσεϐείας
3456 2719 3565 2771 τῶν
3595 2716 3813 2788 τηλικού-

2260 2829 2369 2864 των
2397 2811 2923 2884 ἀνδραγαθημάτων·
2947 2811 3090 2882 ἆπερ
3107 2813 3515 2883 παραδέξασθαι
3545 2810 3811 2884 ἀνθρώπων

2262 2903 2379 2955 ἐστὶ
2410 2903 2470 2955 τὸ
2493 2904 2706 2974 ἀξίωμα
2732 2904 2831 2974 τῆς
2863 2904 3061 2974 ἀρετῆς
3092 2904 3165 2974 μὴ
3187 2906 3588 2971 γινωσκόντων,
3616 2903 3734 2957 ἀλλά
3754 2901 3809 2954 τὰ

2262 2993 2420 3047 ὑλικὰ
2449 2994 2620 3063 αὐτῆς
2644 2994 3050 3066 προτιμώντων·
3080 2996 3296 3047 πάντων
3322 2997 3437 3067 γάρ
3461 2998 3603 3049 ἐστιν
3632 2991 3807 3047 ἀτοπώ-

2262 3104 2421 3139 τατον
2447 3086 2554 3138 τῶν
2581 3085 3080 3157 ἀνδραγαθημάτων
3095 3086 3271 3154 λέγειν
3285 3088 3567 3159 διαφέρειν
3591 3087 3646 3139 τὺ
3671 3085 3805 3137 πλον·
3882 3072 3883 3075 η

2259 3181 2392 3241 τεῖν,
2426 3178 2518 3231 καὶ
2564 3178 2625 3229 τὸ
2663 3176 2925 3241 ὑγιαίνειν
2968 3178 3310 3247 σωματικῶς·
3352 3179 3443 3233 διὰ
3479 3180 3544 3233 τά
3593 3176 3803 3248 μοχθηρὰ

2259 3270 2322 3341 δὴ
2353 3269 2524 3322 ταῦτα
2556 3269 2801 3339 δόγματα
2837 3269 3142 3332 ἀκολούθως
3173 3271 3316 3333 τινὲς
3357 3273 3687 3343 προσήκαντο
3726 3269 3802 3321 καὶ

2264 3364 2401 3432 μετά
2449 3361 2547 3431 τὴν
2601 3364 2895 3415 ἀνάστασιν
2929 3364 2988 3415 ἐν
3030 3365 3148 3425 ταῖς
3202 3362 3451 3434 πρώταις
3492 3360 3800 3432 ἐπαγγελίαις

2260 3453 2458 3507 ἐσθίειν
2482 3456 2631 3525 ἡμᾶς
2664 3454 2875 3524 μέλλειν
2900 3454 2972 3507 τά
3004 3454 3180 3508 τοιάδε
3213 3454 3501 3527 βρώματα,
3529 3456 3615 3509 καὶ
3634 3454 3798 3506 πίνειν

2259 3546 2401 3609 τινὲς
2425 3546 2482 3599 δὲ
2513 3546 2608 3600 καὶ
2636 3550 2987 3600 τεκνοποιεῖν.
3022 3546 3205 3601 Ταῦτα
3230 3549 3288 3601 δὲ
3330 3549 3604 3617 φθάσαντα
3625 3547 3706 3600 καὶ
3732 3547 3796 3605 εἰς

2257 3638 2383 3700 τοὺς
2414 3638 2521 3689 ἀπὸ
2566 3636 2676 3690 τῶν
2721 3636 2911 3699 ἐθνῶν,
2950 3638 3189 3709 μεγάλης
3224 3639 3479 3709 εὐηθείας
3513 3638 3655 3702 δόξαν
3680 3637 3794 3689 άπε-

2258 3730 2555 3798 νὲγκασθαι
2580 3732 2794 3801 ποιήσει
2816 3731 2903 3783 τὸν
2926 3732 3370 3803 Χριστιανισμὸν,
3396 3732 3569 3802 πολλῷ
3587 3730 3792 3801 βελτίονα

2257 3823 2501 3891 δόγματα
2524 3824 2757 3894 ἐχόντων
2784 3821 2942 3877 τινῶν
2963 3823 3256 3894 ἀλλοτρίων
3276 3824 3378 3894 τῆς
3400 3825 3639 3885 πίστεως·
3662 3822 3793 3891 ἡμεῖς

2256 3915 2311 3968 δὲ
2334 3917 2434 3987 ἧδη
2464 3915 2524 3968 τὸ
2554 3915 2871 3984 φαινόμενον
2893 3917 3024 3986 ἡμῖν
3047 3915 3155 3969 ἀπὸ
3172 3916 3273 3983 τῆς
3306 3915 3595 3979 ἐξετάσεως
3619 3913 3712 3965 τῶν
3730 3913 3788 3961 ἱε-

2260 4006 2367 4077 ρῶν
2396 4006 2591 4075 λογίων
2614 4006 3094 4077 παραστησόμεθα.
3114 4007 3454 4077 Ἐφάσκομεν
3474 4007 3575 4077 γὰρ
3600 4003 3788 4075 ἀρέσκε-

2259 4099 2381 4152 σθαι
2413 4099 2511 4168 μὲν
2530 4098 2608 4169 τῷ
2633 4097 2814 4166 λέγειν
2839 4101 2894 4150 ἐν
2917 4103 3317 4170 προαιρετικοῖς
3337 4102 3434 4154 καὶ
3457 4102 3511 4152 ἐν
3535 4092 3785 4167 ἀπροαιρέ-

2256 4210 2369 4255 τοις
2401 4188 2540 4245 εἶναι
2569 4190 2640 4245 τὰ
2664 4190 2844 4259 ἀγαθά
2877 4195 2973 4246 καὶ
2995 4190 3064 4244 τά
3084 4190 3248 4244 κακά·
3284 4192 3345 4244 οὐ
3370 4192 3475 4263 μὴν
3495 4185 3784 4261 ἧριθμοῦμεν

2256 4287 2337 4349 εἰς
2388 4285 2458 4338 τὰ
2505 4286 2840 4356 ἀπροαίρετα
2871 4284 2981 4335 τῶν
3009 4283 3227 4349 ἀγαθῶν
3256 4284 3353 4353 τὴν
3392 4284 3590 4352 ὑγείαν,
3627 4277 3704 4331 καὶ
3733 4273 3780 4323 τὸ

579 4372 724 4441 quod
757 4388 785 4424 a
817 4370 1164 4425 Providentia
1194 4385 1297 4438 est,
1325 4384 1550 4441 propter
1581 4374 1724 4428 aeris
1754 4376 2068 4442 temperiem
2099 4384 2153 4428 et

2261 4378 2471 4442 κάλλος,
2502 4378 2593 4431 καὶ
2622 4377 2721 4449 τὴν
2750 4376 3045 4444 εὐγένειαν,
3082 4377 3175 4429 καὶ
3202 4375 3299 4446 τὴν
3323 4376 3577 4441 εὐδοξίαν,
3602 4369 3685 4423 καὶ
3709 4364 3781 4416 τὸν

583 4471 773 4523 imbris
804 4468 1159 4521 snﬁieientem
1191 4470 1398 4537 cupiam
1432 4487 1446 4523 :
1473 4471 1549 4524 sic
1580 4472 1779 4523 bonum
1807 4471 2154 4526 rationabilis

579 4570 848 4613 creaturae
873 4560 1089 4611 mistnm
1116 4570 1195 4610 est
1229 4573 1292 4610 ex
1328 4558 1603 4612 voluntate
1632 4560 1822 4628 ipsius,
1853 4569 1908 4612 et
1931 4560 2151 4627 conspi-

581 4656 735 4715 rapte
761 4644 940 4697 divina
968 4643 1164 4695 virtute
1191 4658 1243 4694 In
1268 4655 1333 4693 eo
1365 4644 1458 4709 qui
1484 4643 1861 4697 honestissima
1898 4644 2142 4712 suscipit.

582 4734 699 4791 Non
730 4734 902 4787 solum
933 4733 1093 4804 igitur
1121 4733 1187 4786 ad
1217 4731 1269 4786 id
1296 4742 1355 4785 ut
1380 4733 1636 4787 honestus
1664 4744 1718 4788 et
1744 4735 1920 4788 bonus
1940 4734 2033 4788 ﬁat
2056 4735 2147 4788 ali-

580 4823 722 4892 quis,
745 4838 882 4892 opus
900 4832 983 4876 est
1003 4822 1275 4875 voluntate
1299 4831 1482 4875 nostra
1506 4832 1561 4876 et
1590 4824 1767 4879 divina
1795 4842 1897 4895 ope
1926 4826 2146 4895 conspi-

581 4923 755 4977 rante,
781 4931 900 4983 qua:
920 4922 1180 4983 quantum
1206 4915 1273 4968 ad
1312 4930 1434 4981 nos,
1460 4917 1739 4971 arbitraria
1777 4933 1885 4972 non
1907 4928 2021 4982 est;
2051 4918 2147 4974 sed

580 5006 648 5059 ad
671 5005 721 5057 id
742 5007 901 5060 etiam
926 5015 985 5060 ut
1003 5006 1094 5063 aui
1119 5007 1380 5062 honestus
1401 5018 1454 5063 et
1474 5011 1647 5064 bonus
1668 5014 1853 5072 erasit.
1874 5013 1926 5065 in
1950 5014 2149 5070 virtute

581 5113 928 5170 perseveret:
962 5101 1104 5171 quod
1138 5103 1392 5157 nimirum
1417 5104 1469 5158 in
1503 5104 1715 5159 ruinam
1740 5104 2061 5174 delapsurus
2082 5108 2155 5161 sit

581 5196 743 5247 etiam
776 5194 1068 5264 perfectus,
1095 5196 1138 5247 si
1168 5196 1221 5247 in
1244 5195 1525 5250 honestate
1560 5195 1721 5248 fuerit
1743 5196 1940 5257 elatus.
1964 5209 2019 5252 et
2046 5198 2149 5253 sibi

582 5285 740 5353 hujus
768 5301 987 5339 causam
1014 5295 1250 5354 arroget,
1282 5301 1382 5340 nec
1413 5287 1651 5340 debitam
1684 5284 1911 5354 gloriam
1944 5285 2153 5341 referat

579 5376 651 5441 ei,
690 5377 782 5444 qui
828 5378 997 5431 multo
1028 5378 1149 5445 plus
1185 5379 1252 5432 ad
1293 5380 1682 5448 acquirendam
1717 5391 1777 5434 et
1811 5379 2150 5435 retinendam

579 5472 828 5523 contulit.
857 5470 1042 5524 Talem
1073 5480 1253 5526 autem
1288 5475 1578 5543 quamdam
1613 5488 1835 5531 causam
1865 5472 2034 5529 fuisse
2061 5488 2151 5528 ar-

648 5645 693 5677 ⁸⁷
724 5648 859 5702 Psal.
883 5664 1063 5713 cxxw,
1100 5650 1149 5703 1.

2261 4471 2505 4524 πλοῦτον·
2548 4471 2640 4523 καὶ
2677 4469 2819 4523 κατά
2847 4468 2906 4521 τὺ
2935 4468 3156 4521 δυνατὸν
3183 4468 3577 4538 ἐπειράσθημεν
3607 4460 3665 4514 τά
3702 4472 3778 4509 πε-

2263 4558 2539 4630 ρισπῶντα
2590 4559 2666 4620 ὡς
2705 4558 2763 4609 ὲν
2808 4559 3036 4627 ἐπιτομῇ
3072 4556 3448 4610 διαλύσασθαι.
3486 4554 3606 4609 Τίνα
3638 4546 3778 4601 τοίνυν

2260 4653 2376 4705 ἐστὶ
2403 4651 2471 4705 τά
2500 4651 2831 4722 ἀπροαίρετα
2867 4648 3047 4718 ἀγαθά
3084 4649 3183 4720 ἠδη
3217 4648 3453 4703 λεκτέον·
3484 4646 3594 4700 ἐπεὶ
3616 4635 3775 4706 ἀληθὲς

2257 4747 2337 4798 τό·
2364 4767 2380 4797 ι
2421 4746 2543 4798 Ἐὰν
2573 4745 2645 4815 μὴ
2674 4743 2874 4812 Κύριος
2897 4742 3220 4813 οἰκοδομήσῃ
3244 4736 3503 4805 οἷκον,είς
3520 4737 3670 4808 μάτην
3686 4731 3777 4779 ἐκο-

2257 4838 2456 4891 πίασαν
2481 4839 2529 4889 οἱ
2559 4820 2962 4907 οἰκοδομοῦντες
2989 4837 3151 4890 αὐτόν
3170 4854 3183 4867 ·
3217 4857 3235 4888 ι
3264 4838 3375 4891 καί·
3408 4860 3426 4888 ι
3458 4836 3569 4888 Ἐὰν
3593 4828 3654 4899 μὴ
3683 4820 3773 4876 κύ·

2262 4944 2371 4997 ριος
2406 4927 2610 4998 φυλάξῃ
2646 4927 2817 4990 πόλιν,
2857 4931 2937 4990 εἰς
2970 4929 3148 5000 μάτην
3174 4928 3519 5001 ἠγρύπνησεν
3555 4926 3580 4976 ό
3607 4914 3773 4989 φυλάσ-

2260 5035 2385 5070 σων.
2409 5036 2425 5068 ι
2451 5018 2731 5089 Οἰκοδομεῖ
2748 5018 2802 5071 δὲ
2819 5015 2964 5072 οἶκον
2988 5020 3095 5082 πᾶς
3111 5021 3140 5072 ό
3159 5020 3498 5091 προκόπτων,
3515 5014 3594 5068 καὶ
3612 5003 3770 5077 φυλάσ-

2258 5126 2338 5162 σει
2358 5111 2509 5162 πόλιν
2533 5111 2638 5173 πᾶς
2661 5113 2689 5164 ὁ
2711 5111 2931 5175 τέλειος·
2958 5113 3185 5183 μάταιον
3204 5112 3262 5164 δὲ
3292 5113 3354 5165 τὸ
3382 5111 3532 5184 ἔργον
3556 5104 3634 5158 τοῦ
3654 5100 3770 5184 om?

2258 5199 2562 5269 δομοῦντος,
2579 5201 2673 5252 καὶ
2692 5201 2940 5272 ματαίαὴ
2963 5202 3176 5273 φυλακὴ
3193 5201 3283 5256 τοῦ
3305 5182 3593 5274 τηροῦντος,
3607 5190 3685 5244 ἐὰν
3703 5182 3764 5254 μὴ

2257 5290 2458 5363 Κύριος
2482 5291 2827 5365 οἰκοδομήσῃ,
2859 5296 2951 5347 καὶ
2976 5293 3178 5366 Κύριος
3209 5295 3432 5367 φυλάξῃ·
3463 5289 3598 5349 ἐκτὸς
3621 5283 3674 5335 ἂν
3695 5276 3762 5371 εἶῇ

2255 5382 2353 5451 τῆς
2369 5381 2736 5454 προαιρέσεως
2756 5383 2912 5454 ἡμῶν
2928 5384 3150 5453 ἀγαθὸν,
3167 5386 3198 5455 ἡ
3215 5374 3673 5455 ἀντιλαμϐανομένη
3686 5382 3761 5467 τον

2258 5476 2462 5547 Κυρίου
2496 5476 2722 5547 δύναμις
2742 5476 2842 5547 τῆς
2868 5476 3153 5550 οἰκοδομῆς
3173 5477 3265 5531 τοῦ
3291 5473 3673 5545 οἰκοδομοῦντος,
3686 5472 3761 5513 καί
