4046 6152
372 225 504 279 “Gl

1361 221 1664 278 SELECTA
1705 222 1767 276 IN
1807 221 2144 280 PSALMOS.
2179 253 2248 263 —
2281 222 2474 279 PSAL.
2511 222 2599 277 1V.

3462 228 3598 281 H6!

371 336 818 409 συνοικοδομοῦσα
842 337 920 407 τῷ
952 337 1026 409 μὴ
1061 337 1342 408 δυναμένῳ
1369 339 1488 392 καθ’
1515 340 1675 393 αὑτὸν
1707 341 1936 410 ἀπαρτί-

2040 341 2320 406 bitramur,
2367 355 2466 394 cur
2511 340 2602 409 qui
2635 339 2704 394 ab
2749 327 3029 394 Ezechiele
3065 340 3264 395 dicitur
3297 341 3601 414 inculpatus

371 449 461 487 σαι
497 431 558 484 τὸ
579 430 1042 501 οἰκοδομούμενον
1071 432 1140 483 τὰ
1166 430 1223 483 δὲ
1243 429 1380 483 αὐτὰ
1399 432 1492 484 καὶ
1510 433 1602 485 ἐπὶ
1621 432 1718 503 τῆς
1743 431 1936 501 φυλασ-

371 521 604 591 σομένης
633 520 836 584 πόλεως
860 520 1098 590 νοητέον.
1129 521 1242 573 Καὶ
1267 520 1456 592 ὥσπερ
1481 523 1574 576 ἐὰν
1613 523 1818 594 εἴποιμι
1874 522 1935 574 τὸ

368 612 670 683 γεωργικὸν
703 609 924 680 ἀγαθὸν,
946 611 1009 664 τὸ
1036 611 1312 682 ποιητικὸν
1351 612 1442 665 τοῦ
1481 613 1712 682 καρποῦ,
1747 613 1934 683 μικτὸν

369 700 508 758 εἶναι
540 707 603 758 ἐκ
623 704 1004 776 προαιρετικοῦ
1021 704 1114 756 τοῦ
1139 705 1278 758 κατὰ
1298 705 1394 776 τὴν
1421 705 1616 777 τέχνην
1647 705 1740 759 τοῦ
1759 722 1933 776 γεωρ-

369 793 489 860 γοῦ,
525 795 620 847 καὶ
660 794 1024 866 ἀπροαιρέτου
1069 794 1162 848 τοῦ
1193 795 1344 866 παρά
1374 797 1475 866 τῆς
1511 797 1769 868 Προνοίας
1795 797 1935 851 κατὰ

369 885 467 956 τὴν
513 885 623 940 τῶν
677 885 854 958 ἀέρων
905 885 1219 957 εὐκρασίαν,
1275 887 1366 940 καὶ⁹
1414 887 1583 959 φορὰν
1633 889 1935 961 αὐτάρκους

371 976 545 1030 ὑετοῦ·
577 975 718 1031 οῦτω
742 978 802 1030 τὸ
826 977 920 1030 τοῦ
940 977 1155 1046 λογικοῦ
1185 977 1385 1046 ἀγαθὸν
1411 979 1598 1049 μικτόν
1623 981 1768 1033 ἐστιν
1788 980 1850 1034 ἐκ
1873 997 1932 1033 τε

367 1069 468 1139 τῆς
496 1069 864 1141 προαιρέσεως
910 1071 1072 1125 αύτοῦ
1104 1070 1317 1140 καὶτῆς
1353 1071 1729 1143 συμπνεούσης
1787 1073 1934 1136 Θείας

365 1163 644 1232 δυνάμεως
667 1163 744 1234 τῷ
765 1163 835 1216 τὰ
860 1162 1118 1216 κάλλιστα
1145 1166 1505 1236 προελομένῳ.
1541 1166 1614 1218 Ού
1643 1165 1800 1235 μόνον
1827 1165 1934 1218 τοί-

367 1273 462 1309 νυν
486 1257 564 1317 είς
596 1255 656 1308 τὸ
693 1255 854 1309 καλὸν
890 1255 983 1308 καὶ
1011 1256 1212 1324 ἀγαθὸν
1237 1256 1488 1325 γενέσθαι
1519 1257 1674 1329 χρεία
1713 1259 1805 1311 καὶ
1837 1259 1934 1328 τῆς

369 1345 740 1416 προαιρέσεως
780 1347 876 1416 τῆς
898 1348 1168 1418 ἡμετέρας
1185 1348 1277 1400 καὶ
1301 1349 1398 1418 τῆς
1430 1347 1577 1412 θείας
1611 1349 1929 1420 συμπνοίας,

367 1436 488 1505 ἣτις
528 1437 673 1488 ἐστὶν
699 1437 774 1499 ὡς
819 1437 952 1508 πρὸς
981 1441 1128 1509 ἡμᾶς
1155 1439 1529 1510 ἀπροαίρετος·
1557 1440 1689 1494 ἀλλά
1717 1442 1808 1494 καὶ
1854 1443 1932 1504 είς

365 1527 426 1578 τὸ
459 1528 742 1598 γενόμενον
778 1528 940 1582 καλὸν
973 1531 1065 1582 καὶ
1098 1529 1296 1598 ἀγαθὸν
1340 1530 1609 1600 διαμεῖναι
1636 1532 1692 1583 ἐν
1713 1533 1777 1601 τῇ
1805 1532 1932 1604 ἀρε-

367 1621 455 1689 τῇ·
483 1621 951 1690 μεταπεσουμένου
987 1621 1082 1674 καὶ
1121 1621 1214 1674 τοῦ
1247 1621 1638 1686 τελειωθέντος,
1667 1625 1714 1675 εἰ
1761 1623 1929 1694 ὑπερ-

2043 432 2347 486 ambulasse
2371 432 2422 484 in
2453 431 2704 485 omnibus
2725 431 2826 486 viis
2847 431 2982 495 suis,
3001 432 3171 486 donec
3193 434 3410 488 inventa
3439 434 3601 490 fuerit

2043 525 2095 577 in
2129 540 2194 579 eo
2243 524 2502 591 iniquitas
2531 525 2610 588 ⁵⁸,
2667 525 2710 577 is
2755 524 2869 592 ipse
2899 525 3198 580 secundum
3239 525 3429 580 Isaiam
3459 527 3600 584 cmlo

2003 651 2008 656 .
2042 613 2321 674 exciderit,
2348 614 2438 680 qui
2463 614 2610 681 prius
2635 613 2808 666 fuerat
2831 612 3021 668 lucifer
3049 630 3206 670 mane
3231 616 3433 680 oriens,
3451 629 3599 683 post-

2045 720 2105 756 ea
2137 705 2403 757 contritus
2455 714 2511 757 et
2551 703 2785 758 alllictus
2819 704 2872 758 in
2907 716 3108 759 terram
3133 706 3201 762 ".
3259 705 3372 760 Non
3427 708 3598 762 solum

2040 794 2182 846 enim
2225 795 2276 846 in
2323 792 2448 847 [iliis
2493 795 2789 856 hominum,
2833 796 2876 849 si
2918 797 3041 863 quis
3093 797 3364 866 perfectus
3407 799 3504 862 sit,
3551 799 3596 851 si

2041 886 2181 939 absit
2211 900 2293 951 ea,
2321 899 2438 954 qua:
2467 900 2533 938 ex
2559 885 2665 938 Deo
2695 897 2800 952 est,
2834 887 3120 954 sapientia,
3150 905 3337 944 verum
3365 899 3450 945 est
3475 905 3598 944 eum

2042 976 2190 1030 nihili
2220 992 2341 1031 esse
2367 976 2568 1031 factum
2610 994 2625 1030 :
2663 980 2756 1032 sed
2789 989 2840 1032 et
2866 980 2920 1033 in
2948 981 3260 1050 angelorum
3291 983 3513 1046 ordine,
3536 997 3600 1036 ac

2042 1069 2343 1137 principali,
2392 1081 2447 1125 et
2486 1073 2538 1125 in
2578 1073 2724 1126 omni
2768 1073 2980 1133 ordine,
3023 1074 3134 1141 qui,
3167 1083 3428 1142 quantum
3457 1075 3599 1129 Dens

2045 1162 2142 1231 ipsi
2194 1163 2363 1227 adest,
2398 1163 2615 1217 divinus
2651 1173 2750 1218 cst.
2796 1163 2958 1218 Forte
3008 1165 3178 1234 igitur
3223 1177 3602 1224 sacrosanctus

2039 1253 2346 1321 Apostolus,
2374 1256 2460 1322 qui
2486 1255 2649 1308 sciret
2675 1256 2844 1310 multo
2869 1257 3047 1310 minus
3075 1257 3323 1312 conferre
3346 1259 3411 1312 ad
3444 1273 3599 1314 com-

2040 1345 2276 1414 paranda
2317 1348 2454 1400 bona
2496 1348 2821 1401 voluntatem
2865 1358 3124 1412 nostram,
3158 1364 3317 1417 quam
3362 1351 3600 1405 divinam

2037 1437 2315 1503 virtutem,
2351 1440 2562 1493 demum
2604 1441 2678 1492 ait
2709 1442 2868 1494 linem
2903 1459 2922 1492 ι
2956 1457 3058 1495 non
3088 1457 3208 1495 esse
3247 1443 3480 1497 volentis
3508 1459 3601 1497 ne-

2039 1546 2144 1601 que
2175 1533 2466 1599 currentis,
2512 1534 2606 1588 sed
2647 1534 2739 1589 Dei
2781 1535 3092 1590 miserantis
3119 1537 3199 1604 ⁶⁶;
3245 1555 3264 1588 ι
3307 1553 3411 1592 non
3444 1539 3599 1607 quasi

2039 1620 2180 1676 Deus
2205 1638 2307 1675 non
2337 1623 2598 1689 volentes,
2649 1633 2743 1678 aut
2779 1640 2886 1679 non
2911 1637 3192 1682 currentes
3223 1627 3472 1695 adjuvet;
3505 1631 3600 1685 sed

367 1713 630 1784 επαρθείη
664 1714 758 1766 ἐπὶ
787 1713 864 1784 τῷ
885 1713 1052 1784 καλῷ,
1082 1714 1175 1767 καὶ
1203 1713 1393 1766 ἑαυτὸν
1421 1714 1714 1786 ἐπιγράφοι
1741 1714 1929 1769 τούτου

2039 1717 2190 1782 quasi
2223 1715 2355 1769 nihil
2382 1717 2453 1769 sit
2493 1716 2630 1771 velle
2660 1725 2714 1771 et
2757 1732 2981 1772 currere
3004 1734 3114 1787 prae
3142 1721 3234 1774 Dei
3289 1723 3600 1776 misericor-

367 1804 557 1870 αἴτιον,
595 1805 715 1876 οὐχὶ
752 1805 808 1858 δὲ
853 1805 948 1877 τὴν
980 1807 1204 1860 δέουσαν
1249 1807 1404 1873 δόξαν
1443 1810 1728 1880 ἀναφέρων
1756 1809 1832 1880 τῷ
1875 1811 1934 1863 τὸ

369 1897 546 1969 πολλῷ
577 1898 758 1952 πλεῖον
808 1899 1176 1970 δωρησαμένῳ
1209 1904 1287 1965 εἰς
1331 1902 1429 1973 τὴν
1461 1903 1649 1973 κτῆσιν
1700 1902 1792 1955 καὶ
1839 1901 1934 1973 τὴν

371 1993 596 2063 συνοχὴν
637 1993 738 2061 τῆς
786 1993 1003 2062 ἀρετῆς.
1041 1993 1289 2048 Τοιοῦτον
1329 1995 1386 2049 δέ
1419 2012 1470 2048 τι
1514 1993 1683 2048 αἴτιον
1726 1994 1934 2048 καὶτοῦ

369 2085 510 2137 κατά
550 2085 640 2137 τὸν
685 2081 940 2154 Ἰεζεκιὴλ
968 2085 1256 2158 εἰρημένου
1287 2085 1518 2156 ἀμώμου
1553 2103 1933 2158 περιπεπατη-

368 2175 520 2229 κέναι
559 2177 616 2228 ἐν
642 2175 842 2237 πάσαις
862 2177 981 2238 ταῖς
1007 2176 1145 2239 ὁδοῖς
1178 2175 1362 2239 αὑτοῦ,
1387 2175 1490 2240 ἕως
1515 2176 1706 2248 εὑρεθῇ
1741 2177 1937 2248 ἀνομία

371 2267 428 2318 ἐν
478 2263 645 2335 αὐτῷ,
681 2264 958 2336 ἡγούμεθα
989 2265 1273 2335 τυγχάνειν
1322 2265 1416 2319 τοῦ
1461 2267 1622 2320 αὑτὸν
1655 2266 1796 2320 κατά
1847 2265 1938 2320 τὸν

383 2357 602 2410 Ἡσαΐαν
647 2356 1058 2410 ἐκπεπτωκέναι
1093 2357 1184 2410 τοῦ
1222 2358 1472 2428 ούρανοῦ,
1505 2360 1776 2430 ἑωσφόρον
1812 2360 1939 2413 ποτὲ

371 2449 680 2518 γενόμενον,
708 2448 850 2520 πρωῒ
879 2449 1251 2514 ἀνατέλλοντα,
1295 2450 1518 2521 ὕστερον
1552 2453 1941 2523 συντετριμμέ-

370 2557 456 2591 νον
488 2540 578 2592 ἐπὶ
603 2539 699 2611 τὴν
729 2541 850 2610 γῆνο
886 2541 946 2594 οὐ
985 2541 1142 2610 μόνον
1165 2541 1272 2612 γὰρ
1304 2542 1398 2594 ἐπὶ
1414 2545 1526 2605 τοῖς
1560 2543 1694 2605 υίοῖς
1719 2542 1825 2595 τῶν
1849 2545 1941 2596 ἀν-

372 2631 621 2704 θρώπων,
656 2634 749 2687 ἐάν
797 2650 880 2696 τις
935 2633 1136 2696 τέλειος
1186 2631 1241 2707 ᾖ,
1287 2636 1387 2704 τῆς
1437 2635 1546 2688 ἀπὸ
1578 2634 1712 2687 Θεοῦ
1749 2634 1940 2704 σοφίας

371 2725 633 2795 ἀπούσης,
658 2725 853 2794 ἀληθὲς
873 2726 932 2778 τὸ
955 2728 1033 2789 είς
1053 2726 1202 2778 οὐδὲν
1232 2726 1392 2780 αὑτὸν
1416 2726 1743 2797 λογισθῆναιο
1808 2727 1942 2782 ἀλλὰ

373 2818 465 2870 καὶ
496 2818 587 2870 ἐπὶ
619 2817 714 2888 τῆς
745 2819 1039 2890 ἀγγελικῆς
1064 2819 1289 2885 τάξεως,
1325 2821 1418 2872 καὶ
1443 2821 1696 2892 ἀρχικῆς,
1728 2823 1820 2875 καὶ
1841 2823 1943 2876 πά-

375 2923 472 2979 σης
492 2908 608 2977 τῆς,
625 2908 743 2960 ὅσον
765 2908 893 2972 Θεὸς
915 2910 1174 2980 πάρεστιν
1195 2909 1354 2978 αὐτῇ,
1379 2909 1526 2974 θείας
1551 2910 1940 2980 τυγχανούσης.

374 3000 524 3069 Τάχα
550 3000 678 3068 γοῦν
707 3001 848 3071 όρῶν
890 3003 918 3054 ό
947 3001 1088 3077 ἱερὸς
1134 3000 1452 3068 Ἀπόστολος
1478 3001 1608 3055 πολὺ
1636 3002 1854 3057 ἔλαττον
1881 3002 1940 3055 τὸ

373 3093 634 3171 ἡμέτερον
663 3098 1040 3171 προαιρετικὸν
1060 3099 1162 3170 τῆς
1189 3097 1282 3152 τοῦ
1303 3097 1436 3150 Θεοῦ
1467 3095 1745 3168 δυνάμεως
1806 3095 1940 3166 πρὸς

371 3191 468 3262 τὴν
485 3192 674 3262 κτῆσιν
697 3191 802 3244 τῶν
823 3190 1060 3260 ἀγαθῶν,
1083 3193 1215 3262 φησὶ
1237 3191 1299 3244 τὸ
1311 3191 1482 3255 τέλος,
1511 3210 1528 3241 ι
1557 3191 1618 3243 ού
1647 3191 1740 3244 τοῦ
1764 3188 1942 3243 θέλον-

372 3300 462 3347 τος
519 3280 675 3343 εἶναι,
723 3283 842 3336 οὐδὲ
881 3284 972 3337 τοῦ
1005 3285 1308 3355 τρέχοντος,
1359 3282 1494 3336 ἀλλὰ
1542 3283 1632 3334 τοῦ
1668 3281 1940 3344 ἐλεοῦντος

372 3375 524 3428 Θεοῦο
559 3395 578 3426 ι
619 3375 717 3444 οὐχ
761 3374 836 3438 ὡς
886 3375 1053 3446 χωρὶς
1103 3375 1193 3428 τοῦ
1241 3374 1433 3438 θέλειν,
1467 3374 1560 3426 καὶ
1592 3373 1683 3425 τοῦ
1729 3373 1940 3443 τρέχειν

373 3468 646 3530 ἐλεοῦντος
677 3468 832 3532 Θεοῦ,
866 3468 977 3520 ἀλλ’
1000 3469 1074 3530 ὼς
1101 3467 1312 3529 οὐδενὸς
1338 3466 1489 3529 ὄντος
1513 3464 1606 3518 τοῦ
1635 3464 1830 3528 θέλειν,
1849 3463 1942 3517 καὶ

373 3559 464 3611 τοῦ
498 3557 731 3629 τρέχειν,
770 3557 1052 3629 συγκρίσει
1083 3557 1175 3610 τοῦ
1210 3557 1390 3619 ἐλέους
1411 3555 1504 3608 τοῦ
1534 3555 1691 3619 Θεοῦ,
1730 3557 1823 3609 καὶ
1854 3555 1942 3608 διὰ

371 3652 528 3704 τοῦτο
559 3654 657 3721 τὴν
693 3651 998 3722 ἐπιγραφὴν
1022 3650 1113 3703 τοῦ
1147 3648 1310 3703 καλοῦ
1339 3650 1551 3712 δέοντος
1585 3648 1780 3719 μᾶλλον
1808 3649 1940 3702 ἀνα-

372 3743 574 3798 τιθέναι
595 3743 674 3814 τῷ
698 3743 832 3813 ἐλέῳ
859 3741 951 3795 τοῦ
973 3742 1106 3794 Θεοῦ
1143 3743 1286 3813 ἤπερ
1317 3741 1395 3811 τῷ
1420 3739 1742 3811 ἀνθρωπίνῳ
1770 3737 1942 3790 θέλειν

375 3836 467 3888 καὶ
492 3834 721 3905 τρέχειν.
753 3833 936 3888 Ταῦτα
961 3834 1036 3898 δὲ,
1067 3834 1158 3886 ἐπὶ
1185 3831 1316 3887 πολὺ
1343 3831 1814 3903 παρεκϐεϐηκέναι
1859 3830 1942 3883 δο-

374 3928 612 3990 κοῦντες,
637 3926 994 3998 ἐξητάσαμεν,
1013 3926 1317 3997 πειθόμενοι
1341 3926 1606 3992 ἀναγκαῖα
1637 3921 1777 3976 αὐτὰ
1803 3917 1942 3975 εἶναι

375 4018 510 4089 πρὸς
527 4019 604 4071 τό·
631 4037 649 4068 ι
675 4019 864 4072 Πολλοὶ
882 4018 1115 4086 λέγουσι·
1137 4017 1230 4080 Τίς
1251 4015 1412 4082 δείξει
1431 4017 1562 4086 ἡμῖν
1588 4015 1654 4068 τὰ
1676 4013 1885 4082 ἀγαθάς
1916 4033 1937 4065 ›

374 4110 516 4166 κατά
564 4112 624 4164 τὸ
659 4111 881 4164 δυνατὸν
906 4111 1013 4180 γὰρ
1049 4111 1078 4162 ὁ
1123 4109 1277 4176 λόγος
1319 4111 1430 4168 τοῖς
1461 4106 1674 4174 λέγουσι
1710 4105 1938 4168 πολλοῖς

379 4224 398 4255 ι
431 4205 525 4268 Τίς
554 4201 714 4270 δείξει
750 4206 879 4275 ἡμῖν
909 4202 975 4256 τὰ
1005 4201 1214 4269 ἀγαθά;
1254 4221 1271 4253 ι
1319 4199 1627 4272 παρέστησε
1657 4199 1750 4252 καὶ
1777 4197 1943 4262 ἔδειξε

372 4297 492 4350 τίνα
531 4296 600 4349 τά
644 4295 840 4364 ἀγαθά·
877 4293 1031 4364 δῆλον
1059 4293 1137 4355 δὲ,
1167 4293 1248 4345 ὅτι
1275 4292 1368 4344 καὶ
1400 4291 1520 4344 τίνα
1561 4290 1627 4343 τὰ
1669 4289 1832 4343 κακά·
1858 4289 1944 4341 ἶνα

371 4385 458 4442 διά
489 4406 545 4442 τε
570 4389 852 4459 ἀσκήσεων
867 4387 960 4440 καὶ
987 4385 1160 4455 εὐχῶν
1183 4381 1511 4452 κτησώμεθα
1538 4381 1605 4434 τά
1625 4381 1824 4450 ἀγαθά,
1844 4381 1938 4433 καὶ

373 4480 758 4552 ἀνατρέψωμεν
785 4478 852 4531 τά
879 4477 1024 4531 κακά
1072 4474 1180 4529 ἀπὸ
1210 4473 1317 4526 τῶν
1351 4472 1536 4542 ψυχῶν
1568 4471 1744 4542 ήμῶν.
1798 4471 1934 4524 Ἀλλ’

372 4572 602 4641 ἐπείπερ
631 4571 776 4624 ἐστὶν
827 4571 884 4621 ἐν
920 4569 996 4638 τῷ
1026 4564 1253 4637 φράζειν
1287 4565 1376 4617 ὁτὲ
1411 4565 1508 4634 μὲν
1547 4563 1932 4636 κυριολεκτείν,

369 4666 456 4718 ὁτὲ
499 4664 555 4716 δέ
603 4679 704 4715 που
734 4661 829 4715 καὶ
858 4659 1252 4731 καταχρῆσθαι,
1301 4659 1360 4711 ού
1417 4655 1728 4726 θαυμαστὸν
1755 4654 1934 4706 εἴποτε

369 4756 674 4826 εὑρήσομεν
706 4751 801 4823 τὴν
829 4751 938 4804 τῶν
982 4749 1200 4818 ἀγαθῶν
1247 4749 1340 4802 καὶ
1365 4747 1549 4802 κακῶν
1572 4745 1937 4817 προσηγορίαν

370 4846 628 4916 κειμένην
652 4844 743 4896 ἐπὶ
768 4843 875 4896 τῶν
909 4841 1234 4910 σωματικῶν
1264 4841 1355 4894 καὶ
1395 4837 1503 4894 τῶν
1533 4839 1687 4901 ἐκτὸς
1715 4838 1938 4909 λεγομέ-

369 4955 475 4994 νων
501 4936 652 5008 παρά
677 4939 786 4997 τοῖς
815 4935 911 5003 οὺχ
937 4933 1065 5002 ὑγιῆ
1093 4933 1335 5002 δόγματα
1365 4931 1595 5002 έχουσινο
1627 4925 1736 4985 οἷον
1776 4931 1833 4985 ὲν
1859 4927 1937 4997 τῷ

381 5028 518 5082 Ἰώὸ·
560 5046 579 5078 ι
610 5029 671 5081 El
697 5027 765 5080 τὰ
791 5025 968 5094 ἀγαθά
999 5023 1296 5094 ἐδεξάμεθα
1317 5025 1381 5076 ἐκ
1412 5022 1592 5094 χειρὸς
1622 5021 1848 5094 Κυρίου,
1868 5019 1936 5072 τὰ

369 5121 517 5175 κακὰ
543 5121 642 5191 οὐχ
658 5118 980 5188 ὑποίσομεν;
1018 5135 1037 5169 ι
1064 5117 1236 5170 καὶέν
1266 5115 1344 5186 τῷ
1379 5113 1631 5186 Ἱερεμίᾳ·
1665 5133 1683 5164 ι
1718 5111 1934 5182 Κατέϐη

370 5217 513 5271 κακὰ
551 5215 700 5287 παρά
731 5213 937 5285 Κυρίου
969 5213 1062 5266 ἐπὶ
1091 5210 1262 5273 πύλας
1306 5206 1680 5280 Ἰερουσαλήμ.
1725 5225 1742 5256 ι
1792 5204 1937 5257 Ἀντί

2037 1804 2124 1858 dia
2157 1823 2168 1857 :
2201 1815 2361 1872 atque
2420 1806 2623 1860 idcirco
2671 1822 2768 1873 par
2805 1823 2925 1862 esse
2951 1849 2968 1873 ,
3027 1809 3118 1864 Dei
3174 1811 3596 1875 misericordiae,

2038 1912 2199 1965 quam
2239 1897 2490 1954 humana:
2526 1899 2814 1964 voluntati,
2842 1911 2936 1954 aut
2972 1901 3176 1966 cursui,
3203 1901 3397 1957 bonum
3423 1905 3600 1972 potius

2038 1992 2258 2045 ascribi.
2297 1992 2470 2060 Atque
2507 1992 2621 2046 hmc
2661 1993 2923 2061 prolixius
2955 1993 3224 2063 disputata
3275 2004 3420 2060 sunt,
3474 2009 3596 2067 qua

2039 2084 2343 2137 necessaria
2366 2098 2486 2138 esse
2511 2085 2834 2152 putabamus
2853 2085 2916 2138 ad
2940 2085 2990 2138 id
3013 2085 3600 2142 illustranduntthulti

2039 2169 2247 2235 dicunt,
2270 2169 2402 2236 Quis
2426 2174 2671 2225 ostendet
2695 2171 2850 2226 nobis
2869 2171 3048 2226 bona?
3071 2189 3091 2227 ι
3111 2174 3288 2242 quoad
3317 2175 3460 2228 enim
3487 2173 3600 2228 ﬁeri

2038 2261 2214 2330 potuit
2239 2262 2534 2331 disputatio
2564 2271 2749 2317 nostra
2775 2262 2961 2318 multis
2983 2266 3348 2334 quaerentibus
3371 2284 3387 2322 :
3413 2284 3433 2318 ι
3465 2266 3599 2334 Quis

2040 2353 2290 2408 ostendet
2319 2355 2473 2408 nobis
2497 2355 2675 2410 bona?
2704 2375 2722 2408 ι
2757 2371 3006 2424 quamam
3035 2359 3179 2413 bona
3202 2358 3334 2422 sint,
3360 2361 3602 2414 ostendit

2039 2457 2094 2503 et
2132 2449 2562 2514 demonstravit;
2602 2449 2712 2503 imo
2752 2450 2943 2515 etiam,
2986 2464 3231 2519 quaenam
3263 2449 3375 2506 sint
3415 2450 3550 2504 mala
3583 2467 3596 2502 :

2042 2550 2100 2594 ut
2139 2541 2421 2595 laboriosis
2447 2537 2935 2595 exercitationibus
2967 2550 3023 2596 et
3059 2541 3311 2610 precibus
3357 2541 3605 2611 acquira-

2042 2643 2164 2684 mus
2197 2631 2357 2694 bona,
2395 2639 2449 2684 et
2483 2646 2512 2684 a
2539 2631 2743 2685 nostris
2773 2631 3046 2686 mentibus
3081 2631 3221 2685 mala
3265 2641 3599 2686 avertamus.

2043 2719 2148 2776 Sed
2173 2722 2429 2790 quoniam
2456 2721 2718 2777 interdum
2746 2723 2985 2792 proprie,
3015 2723 3284 2779 interdum
3305 2725 3604 2794 improprie

2043 2815 2190 2883 loqui
2224 2815 2370 2879 licet,
2403 2830 2507 2869 nou
2540 2815 2860 2871 mirabimur
2881 2817 2926 2870 si
2962 2817 3226 2871 bonorum
3255 2824 3309 2872 et
3335 2818 3601 2874 malorum

2043 2921 2260 2972 nomen,
2297 2907 2570 2974 corporeis
2613 2920 2669 2960 et
2723 2907 2790 2962 iis
2813 2921 2934 2976 quae
2971 2917 3197 2962 externa
3219 2919 3501 2976 vocantur,
3533 2910 3602 2964 ab

2045 3001 2111 3054 iis
2143 3001 2232 3068 qui
2266 3014 2370 3054 non
2404 3009 2552 3056 recte
2589 3001 2854 3065 sentiunt,
2895 2999 3215 3055 attributum
3249 3003 3603 3072 reperiemus,

1969 3077 2014 3138 C
2046 3093 2192 3146 velut
2227 3093 2278 3146 in
2319 3090 2422 3146 Job
2445 3092 2487 3123 “
2515 3109 2530 3146 :
2565 3109 2586 3143 ι
2625 3092 2680 3146 Si
2713 3092 2851 3146 bona
2877 3093 3214 3162 suscepimus
3242 3107 3274 3147 e
3305 3109 3465 3149 manu
3494 3094 3604 3149 Do-

2042 3185 2196 3248 mini,
2218 3185 2353 3238 mala
2377 3200 2481 3238 non
2509 3185 2958 3239 sustinebimus?»
2980 3195 3037 3238 et
3057 3185 3196 3255 apud
3219 3184 3510 3241 Jeremiam
3533 3189 3602 3242 δίε

2045 3277 2482 3332 ιυθδεοιιιιει-υηι
2515 3275 2650 3330 mala
2684 3293 2712 3330 a
2743 3276 2970 3331 Domino
3010 3292 3175 3346 super
3194 3285 3378 3346 portas
3414 3278 3573 3332 llieru
3593 3310 3606 3320 -

2041 3373 2229 3428 salem.
2262 3389 2282 3422 ι
2325 3368 2430 3422 Pro
2451 3382 2517 3422 eo
2538 3369 2679 3422 enim
2706 3370 2847 3436 quod
2878 3382 2980 3432 est,
3006 3371 3062 3426 Si
3085 3369 3348 3438 quaepiam
3379 3370 3530 3425 utilia
3553 3384 3606 3426 et

2035 3460 2275 3530 jucunda
2318 3458 2479 3529 572
2533 3458 2888 3526 suscepimus,
2924 3474 3045 3528 qua:
3083 3474 3113 3511 a
3158 3457 3506 3514 Providentia
3540 3465 3604 3514 ad

2042 3567 2142 3606 nos
2173 3558 2561 3621 pervenerunt,
2595 3549 2781 3618 quidni
2832 3553 2967 3604 dura
3001 3561 3056 3605 et
3099 3551 3326 3607 molesta
3373 3551 3606 3610 libenter

2042 3642 2316 3698 feremus?
2354 3642 2595 3696 dicitur:
2635 3659 2653 3694 ι
2698 3641 2756 3695 Si
2796 3643 2936 3696 bona
2975 3645 3309 3712 suscepimus
3345 3658 3412 3699 ex
3443 3661 3602 3700 manu

2043 3735 2279 3796 Domini,
2314 3732 2452 3787 mala
2480 3749 2584 3786 non
2616 3733 3051 3788 suStinebitnus?
3080 3753 3098 3785 ι
3136 3735 3202 3788 Et
3227 3751 3348 3790 cum
3379 3737 3480 3790 dici
3508 3753 3606 3806 po-

2043 3827 2256 3890 tuisset,
2293 3823 2416 3877 Haec
2453 3822 2788 3877 Hierusalem
2822 3824 2893 3886 ad
2935 3824 3260 3880 erudiendos
3296 3824 3414 3895 ejus
3457 3827 3606 3881 cives

2042 3915 2224 3969 divina
2255 3913 2597 3968 Providentia
2627 3923 2964 3978 evenerunt,
2999 3915 3266 3984 scriptum
3299 3927 3382 3972 est
3413 3936 3426 3974 :
3460 3935 3477 3969 ι
3510 3917 3606 3972 De-

2043 4004 2368 4056 scenderunt
2397 4001 2539 4054 mala
2565 4016 2592 4055 a
2627 4002 2856 4058 Domino
2890 4003 2942 4057 in
2971 4015 3154 4071 portas
3188 4002 3546 4065 Hierusalem.
3581 4026 3600 4059 ι

2043 4093 2325 4161 Oportebit
2346 4109 2475 4161 ergo
2498 4108 2620 4155 nos,
2646 4094 2806 4148 rebus
2841 4095 3154 4160 intellectis,
3187 4099 3465 4152 nominum
3496 4115 3603 4154 non

2045 4187 2116 4240 ita
2157 4196 2372 4240 tenaces
2406 4197 2461 4239 et
2503 4202 2695 4254 parcos
2731 4202 2872 4252 esse,
2909 4189 3002 4242 sed
3033 4189 3216 4245 videre
3259 4191 3348 4245 ubi
3385 4194 3606 4261 proprie

2045 4277 2206 4329 rebus
2241 4277 2614 4345 imponantur.
2656 4287 2712 4331 et
2749 4277 2837 4331 ubi
2877 4289 3096 4348 prOpter
3131 4279 3370 4350 inopiam
3399 4283 3601 4352 impro-

2046 4367 2182 4434 prie.
2212 4367 2267 4420 Si
2298 4380 2476 4420 autem
2513 4366 2776 4421 Servator
2804 4370 3053 4437 quaedam
3089 4371 3389 4426 medicatus
3425 4381 3526 4436 est,
3550 4384 3606 4427 et

2043 4461 2330 4516 sanitatem
2372 4461 2538 4525 dedit,
2567 4471 2624 4514 et
2680 4461 2852 4515 visum
2894 4471 2948 4515 et
2978 4463 3218 4517 auditum
3263 4464 3604 4533 hominibus,

2043 4553 2206 4606 altior
2231 4567 2421 4606 eorum
2450 4567 2642 4606 sensus
2686 4553 2737 4605 in
2768 4553 2960 4621 primis
2986 4555 3305 4623 quaerendus
3328 4563 3432 4617 est,
3480 4572 3604 4614 cum

2042 4645 2277 4700 Verbum
2313 4644 2750 4712 perturbationes
2796 4645 2961 4698 animi
3005 4660 3198 4699 curare
3243 4645 3326 4700 bis
3365 4646 3607 4701 historiis

2043 4737 2400 4809 signiﬁcetur.
2443 4736 2623 4805 Neque
2657 4736 2946 4791 absurdum
2981 4737 3054 4791 ibi
3087 4737 3271 4801 fuerit,
3293 4738 3456 4792 etiam
3484 4753 3606 4808 qua:

2044 4830 2271 4884 historia
2315 4837 2532 4892 narrat,
2586 4826 2728 4883 facta
2780 4828 3080 4898 intelligere
3137 4829 3206 4883 ad
3267 4845 3453 4883 eorum
3511 4831 3602 4900 qui

2043 4931 2171 4976 tunc
2209 4929 2367 4975 erant
2397 4921 2675 4975 hominum
2705 4921 3116 4976 admirationem
3141 4931 3199 4977 et
3219 4930 3517 4992 stuporem,
3548 4934 3608 4977 ut

2040 5017 2134 5086 qui
2193 5015 2539 5070 sermonibus
2574 5015 3060 5072 demonstrationis
3108 5025 3164 5069 et
3203 5015 3466 5071 doctrinae
3501 5030 3607 5070 non

2039 5107 2366 5170 crederent,
2423 5107 2652 5161 virtutes
2706 5106 3074 5177 prodigiorum
3120 5107 3341 5162 reveriti
3396 5107 3606 5162 doctori

2039 5202 2390 5254 adhaererent.

369 5307 478 5378 γὰρ
503 5307 595 5360 τοῦ
627 5309 820 5370 εἰπεῖν,
838 5304 898 5360 Εἰ
923 5305 992 5358 τὰ
1031 5303 1215 5358 τοιάδε
1264 5301 1469 5373 χρηστά
1515 5316 1655 5363 τινα,
1711 5298 1805 5351 καὶ
1837 5297 1965 5367 ἡδέα
1993 5291 2324 5363 τυγχάνοντα
2364 5289 2665 5362 ἐδεξάμεθα
2709 5292 2862 5364 παρά
2899 5292 2999 5362 τῆς
3031 5293 3292 5363 Προνοίας
3329 5292 3410 5355 είς
3456 5292 3604 5361 ἡμᾶς

369 5403 674 5472 εφθακότα,
720 5403 893 5473 πικρά
941 5401 1036 5455 καὶ
1076 5399 1306 5454 ἐπίπονα
1346 5399 1466 5469 οὐχὶ
1510 5397 1801 5469 προθύμως
1843 5393 2197 5464 ἐνεγκοῦμεν;
2225 5390 2437 5459 λέγεται
2467 5390 2556 5443 τό·
2599 5407 2618 5440 ι
2657 5389 2720 5442 Ei
2754 5387 2824 5440 τά
2855 5387 3035 5456 ἀγαθά
3069 5385 3365 5456 ἐδεξάμεθα
3395 5386 3464 5439 ἐκ
3491 5403 3603 5454 χει-

372 5498 462 5568 ρὸς
496 5499 720 5569 Κυρίου,
745 5497 813 5551 τά
857 5495 1004 5551 κακὰ
1030 5496 1128 5565 οὐχ
1156 5495 1486 5564 ὁποίσομεν;
1531 5513 1548 5544 ι
1576 5492 1685 5546 Καὶ
1714 5492 1833 5544 ἀντὶ
1871 5489 1962 5542 τοῦ
1995 5489 2179 5558 φάναι,
2205 5487 2356 5543 Κατὰ
2389 5485 2650 5556 Πρόνοιαν
2673 5482 2798 5536 τάδε
2831 5481 2950 5535 τινὰ
2975 5483 3038 5552 τῇ
3067 5478 3418 5551 Ἰερουσαλὴμ
3462 5478 3602 5547 ὑπὲρ

443 5674 490 5710 ⁸⁸
520 5674 716 5729 Ezech.
745 5686 935 5739 xxvttl,
963 5673 1048 5726 t5.

772 5775 1043 5835 PATBOL.
1091 5773 1208 5834 Gn.
1241 5773 1383 5834 ΧΗ.

1147 5673 1193 5704 ⁵⁸
1228 5671 1352 5728 lsai.
1382 5687 1496 5737 ιιν,
1534 5672 1620 5724 12.
1697 5669 1740 5702 ⁸⁸
1772 5668 1927 5723 Rom.

2065 5665 2148 5720 ιο.
2227 5666 2268 5697 ⁶¹
2303 5662 2422 5718 Job.
2458 5679 2519 5730 tt,
2545 5661 2630 5717 10.
2709 5663 2751 5693 ⁸³
2789 5658 2950 5715 Micb.
2986 5676 3021 5725 ι,
3063 5659 3142 5715 l2.

3229 5756 3309 5816 3⁸1
