4020 6152
568 188 711 249 “es
1967 188 2059 243 EX
2093 188 2394 250 ORIGENE
3686 209 3822 264 tim

563 304 659 358 τοῦ
699 304 1046 374 παιδευθῆναι
1088 307 1213 368 τοὺς
1252 307 1590 372 ἐνοικοῦντας
1631 311 1688 362 ἐν
1721 309 1857 379 αὐτῇ
1892 307 2201 380 γεγένηται,
2251 310 2556 382 γέγραπται
2576 315 2655 367 τό’
2701 334 2719 365 ι
2757 315 2974 386 Κατέὸη
3006 318 3151 372 κακά
3170 318 3323 391 παρὰ
3352 322 3565 392 Κυρίου
3594 323 3692 376 ἐπὶ
3715 324 3820 377 sai-

564 397 661 460 λας
724 399 1088 471 Ἰερουσαλήμ.
1132 421 1151 452 ι
1205 403 1393 474 Δεήσει
1445 404 1625 457 τοίνυν
1684 403 1753 457 τά
1811 404 2112 475 πράγματα
2161 406 2457 473 συνιέντας,
2503 409 2576 480 μὴ
2605 409 2890 483 γλίσχρους
2923 411 3059 469 εἶναι
3086 418 3212 487 περὶ
3262 416 3331 470 τὰ
3386 417 3653 488 ὀνόματα,
3686 419 3821 477 ἀλλὰ

560 493 998 563 καταλαμϐάνειν
1036 495 1165 549 πότε
1206 498 1411 569 κυρίως
1464 498 1573 551 τῶν
1622 500 1962 569 πραγμάτων
1993 499 2166 554 ταῦτα
2198 501 2475 566 τέτακται,
2508 506 2602 557 καὶ
2640 506 2769 559 πότε
2800 506 2889 563 διὰ
2922 509 3020 581 τὴν
3063 511 3425 583 στενοχωρίαν
3469 514 3579 566 τῶν
3617 513 3817 584 ὀνομάο

558 600 668 637 των
699 585 756 636 ἐν
778 585 1124 656 καταχρήσει.
1148 585 1212 638 Ei
1243 586 1300 639 δὲ
1330 588 1359 638 ὁ
1386 588 1576 659 Σωτὴρ
1608 589 1730 643 τάδε
1759 588 1880 643 τινὰ
1928 590 2133 653 ἰάσατο,
2166 589 2260 641 καὶ
2294 591 2602 664 ἐδωρήσατο
2634 597 2837 664 ὑγείαν,
2883 600 2977 654 καὶ
3021 601 3192 670 ὄψεις,
3241 605 3333 656 καὶ
3389 604 3562 670 ἀκοὰς
3604 608 3818 683 ἀνθρὼ-

560 693 704 741 ποις,
751 678 1171 750 προηγουμένως
1211 678 1311 750 μὲν
1335 681 1433 752 τὴν
1469 682 1757 755 ἀναγωγὴν
1782 682 1960 737 αὐτῶν
1999 681 2277 753 ζητητέον,
2329 684 2422 737 τοῦ
2462 686 2634 755 Λόγου
2680 689 2749 742 τὸ.
2798 690 2899 760 τῆς
2933 690 3111 764 ψυχῆς
3151 694 3297 767 πάθη
3350 694 3677 765 θεραπεύειν
3710 678 3817 754 ⁷διὰ

557 768 761 822 τούτων
782 768 890 823 τῶν
928 769 1212 842 ἱστορικῶν
1250 771 1600 842 δηλουμένου.
1640 775 1754 828 υὺκ
1787 774 1986 828 ἄτοπον
2017 773 2075 827 δὲ
2111 773 2202 825 ἐπὶ
2240 777 2350 839 τοῖς
2384 777 2644 842 τοιούτοις
2670 780 2928 835 καὶκατὰ
2955 785 3052 855 τὴν
3081 785 3316 857 ἱστορίαν
3358 788 3819 862 ἀπαγγελλόμενα

556 868 696 920 νοεῖν
737 864 1014 934 γεγονέναι
1061 865 1202 938 ὑπὲρ
1243 866 1633 937 καταπλήξεως
1674 868 1780 923 τῶν
1821 871 1943 923 τότε
1985 866 2305 939 ἀνθρώπων,
2357 869 2446 926 ἵνα
2481 874 2531 926 οἱ
2574 875 2648 947 μὴ
2693 876 2998 948 πειθόμενοι
3039 879 3219 949 λόγοις
3268 882 3666 951 ἀποδεικτικοῖς
3718 890 3816 942 καὶ

552 958 967 1023 διδασκαλικοῖς,
985 957 1396 1031 δυσωπηθέντες
1418 959 1517 1026 τὰς
1538 962 1829 1035 τεραστίας
1850 961 2128 1031 δυνάμεις,
2158 964 2603 1028 συγκαταΘῶνται
2629 967 2707 1039 τῷ
2731 969 3052 1027 διδάσκοντι.

628 1050 793 1105 Vsus.
826 1050 878 1103 7.
911 1048 1188 1120 Signatum
1217 1060 1290 1104 est
1322 1067 1482 1121 super
1519 1068 1611 1105 nos
1635 1051 1808 1106 lumen
1830 1051 2002 1106 vultus
2026 1052 2104 1104 tui

2313 1053 2668 1127 Ἐσημειώθη
2689 1059 2784 1128 ἐφ’
2797 1060 2954 1130 ἡμᾶς
2968 1062 3036 1117 τὸ
3060 1063 3186 1133 φῶς
3205 1067 3312 1120 τοῦ
3328 1067 3656 1136 προσώπου
3664 1086 3809 1129 σου.

559 1144 808 1207 Βοηιίιιε,
840 1151 947 1198 ειε.
982 1144 1146 1197 Deum
1180 1143 1360 1197 lumen
1391 1158 1531 1208 esse,
1567 1145 1644 1199 ait
1672 1143 1910 1200 Joannes
1943 1147 1995 1199 in
2020 1143 2121 1200 Ca-

555 1236 756 1292 tholica
784 1234 1011 1306 epistola
1032 1235 1078 1267 ⁶³
1112 1254 1124 1289 :
1160 1253 1179 1287 ι
1215 1236 1357 1291 Deus
1380 1235 1468 1289 lux
1497 1247 1599 1302 est,
1643 1246 1697 1292 et
1722 1239 1957 1293 tenebrae
1979 1239 2031 1291 in
2055 1252 2120 1293 eo

549 1343 660 1383 non
683 1336 810 1382 sunt
835 1327 976 1381 ullae.
1007 1345 1026 1379 ι
1062 1328 1128 1382 Ει
1158 1329 1409 1398 quamvis
1441 1330 1581 1400 ignis
1613 1345 1828 1400 quoque
1868 1331 2116 1395 dicatur,

547 1419 1000 1490 quemadmodum
1026 1418 1222 1472 Paulus
1245 1419 1299 1473 in
1318 1420 1545 1487 epistola
1574 1423 1640 1476 ad
1674 1420 1932 1478 Hebraeos
1955 1425 2030 1476 ait
2050 1424 2115 1479 ’δε

548 1531 576 1563 ί
600 1510 811 1566 Etenim
846 1510 988 1567 Deus
1021 1519 1209 1565 noster
1236 1511 1373 1580 ignis
1410 1526 1739 1567 consumens
1770 1521 1876 1580 est,
1903 1523 2119 1568 nosten-

550 1602 686 1658 deus
727 1604 902 1673 ipsum
946 1615 1068 1657 esse
1100 1602 1269 1657 Deum
1300 1602 1433 1671 legis
1458 1613 1511 1658 et
1542 1602 1844 1675 Evangelii,
1876 1604 1979 1658 hoc
2011 1611 2114 1668 est,

547 1694 766 1750 Patrem
808 1694 1024 1750 Domini
1062 1694 1233 1749 nostri
1281 1693 1408 1750 Iesu
1457 1694 1687 1762 Christi,
1726 1704 1781 1751 et
1830 1703 2116 1764 propterea

547 1787 714 1842 Deum
748 1796 1025 1852 nostrum,
1062 1786 1192 1841 nihil
1227 1787 1369 1841 aliud
1420 1787 1710 1857 quidquam
1742 1802 1864 1843 esse
1913 1788 2109 1843 existi-

547 1881 799 1941 mandum
821 1889 904 1934 est
934 1894 1094 1949 quam
1120 1880 1320 1947 lumen,
1363 1881 1505 1951 quod
1535 1882 1755 1951 quidem
1784 1883 2112 1949 cogitatione

545 1972 662 2027 sola
692 1970 878 2025 .diﬂert
934 1973 1001 2027 ab
1048 1972 1173 2037 igne
1233 1982 1607 2027 consumente.
1649 1972 2112 2040 Quemadmodum

546 2075 727 2120 autem
753 2065 806 2119 in
830 2079 888 2120 re
919 2079 1182 2134 corporea
1208 2079 1306 2120 usu
1344 2066 1514 2130 venit,
1552 2076 1612 2120 ut
1635 2067 1826 2122 eadem
1860 2069 2114 2123 substan-

545 2157 621 2210 tia
653 2166 922 2226 quatenus
964 2156 1261 2223 illuminat,
1308 2157 1487 2211 lumen
1541 2159 1631 2222 sit,
1678 2170 1949 2228 quatenus
1980 2175 2111 2216 vero

541 2249 643 2303 has
665 2249 747 2303 vel
778 2248 895 2303 illas
924 2249 1184 2305 materias
1215 2250 1579 2306 comburendo
1600 2250 1834 2306 absumit
1856 2267 1923 2308 ac
1950 2253 2114 2309 devo-

541 2350 648 2406 rat,
698 2341 838 2412 ignis
885 2355 1206 2398 consumens
1250 2343 1533 2399 exsistat:
1568 2344 1647 2399 sic
1699 2345 1886 2414 utique
1941 2346 2105 2402 etiam

539 2433 680 2487 Deus
704 2447 765 2486 ea
800 2432 1020 2501 quidem
1041 2448 1160 2503 qua:
1178 2449 1343 2503 prava
1379 2442 1503 2488 sunt
1536 2434 1737 2501 abolet,
1761 2445 1817 2490 et
1845 2435 2107 2490 malitiam

528 2522 797 2589 absumit,
835 2522 901 2577 iis
934 2532 1113 2578 autem
1158 2524 1249 2594 qui
1289 2525 1401 2593 apti
1447 2533 1608 2589 sunt,
1651 2532 1706 2579 et
1744 2525 1907 2580 corde
1951 2540 2106 2594 puro,

527 2612 718 2669 lumen
757 2623 862 2670 est.
911 2613 1377 2682 Quemadmodum
1422 2631 1551 2670 vero
1583 2617 1748 2671 simul
1804 2618 2002 2672 accidit
2051 2627 2111 2672 ut

525 2719 805 2774 corporea
854 2705 945 2760 lux
975 2706 1043 2761 iis
1074 2706 1164 2775 qui
1221 2722 1381 2762 sanos
1407 2708 1609 2763 habent
1638 2706 1844 2774 oculos,
1876 2718 1989 2763 tum
2023 2707 2107 2763 sui

538 2796 729 2866 ipsius,
755 2806 866 2852 tum
884 2805 1213 2853 caeterorum
1244 2813 1364 2868 quae
1402 2801 1503 2853 sub
1551 2814 1744 2855 sensus
1771 2801 1990 2867 cadunt,
2027 2800 2107 2855 vi-

520 2904 658 2946 ‘sum
682 2891 963 2959 praebeat:
994 2891 1075 2947 sic
1104 2890 1245 2947 Deus
1274 2891 1472 2946 virtute
1503 2890 1738 2963 quadam
1778 2892 1845 2948 ad
1875 2892 2107 2963 singulo-

524 2998 658 3038 rum
686 2994 922 3039 mentem
953 2985 1301 3054 perveniens,
1346 2984 1507 3039 modo
1552 2987 1624 3041 sit
1671 2986 1982 3042 nullatenus
2010 3000 2106 3041 co-

534 3084 745 3144 operta,
758 3089 936 3145 neque
947 3076 1014 3132 ab
1031 3074 1770 3144 ali‘ectibusimpedimentum
1787 3078 2002 3148 aliquod
2019 3093 2106 3148 pa-

523 3166 728 3230 ‘tiatur,
746 3166 1037 3236 quominus
1054 3174 1213 3220 acute
1227 3174 1433 3231 cernat,
1448 3167 1614 3223 ellicit
1627 3177 1684 3222 ut
1701 3176 1756 3222 et
1772 3168 1884 3236 ipse
1907 3167 2104 3224 intelli-

526 3267 714 3329 gatur,
747 3269 802 3313 et
821 3257 887 3311 ad
903 3256 1006 3311 alia
1034 3271 1250 3326 quoque
1278 3270 1404 3326 qua:
1439 3258 1540 3313 sub
1574 3258 1980 3329 intelligentiam
2006 3273 2100 3315 ca-

532 3349 1057 3419 dunt,1'ntelligenda
1075 3351 1356 3417 perveniat
1384 3352 1428 3407 is
1444 3352 1596 3422 cujus
1614 3360 1846 3407 mentem
1864 3351 2102 3408 illustra-

530 3442 696 3498 verit.
743 3439 884 3494 Nihil
910 3441 1108 3498 mirum
1133 3450 1314 3497 autem
1345 3441 1392 3497 si
1424 3440 1666 3495 nonnulli
1697 3440 1750 3496 in
1774 3442 1987 3498 artibus
2008 3449 2104 3498 aut

522 3531 1122 3605 saltandis-quibusdam
1134 3531 1501 3601 perspicaces,
1523 3530 1603 3584 vel
1631 3531 1700 3584 ad
1727 3532 2100 3602 percipiendas

526 3630 796 3700 quasdam
835 3623 1073 3682 morales
1103 3633 1158 3678 et
1185 3622 1496 3679 dialecticas
1536 3623 1862 3691 quaestiones
1895 3624 2098 3679 acutis-

542 3722 668 3777 simi
721 3720 973 3790 ignorant
1043 3716 1235 3770 Deum.
1302 3712 1503 3769 llorum
1560 3713 1705 3767 enim
1768 3714 2165 3811 intellectumC

527 3811 691 3883 573
717 3812 946 3867 similem
975 3823 1099 3865 esse
1125 3808 1358 3863 dicimus
1383 3806 1540 3861 oculo
1562 3807 1652 3875 qui
1681 3807 1949 3877 quidlibet
1982 3823 2097 3863 ma-

404 3896 415 3902 ’
528 3904 613 3973 gis
667 3903 909 3956 intuetur
944 3915 1107 3971 quam
1147 3897 1350 3963 solem,
1384 3906 1439 3952 et
1484 3912 1758 3967 nunquam
1801 3896 1869 3953 ad
1919 3899 2097 3955 radios

527 3993 645 4063 ejus
697 3992 1076 4064 percipiendas
1116 3990 1399 4045 attollitur.
1438 3988 1908 4056 Quemadmodum
1950 3990 2093 4046 enim

524 4084 723 4141 solaris
754 4083 937 4138 radius
959 4080 1077 4152 ejus
1106 4081 1310 4136 vultum
1345 4080 1578 4147 attingit,
1606 4082 1695 4149 qui
1731 4079 1902 4149 ipsum
1929 4080 2098 4150 respi-

525 4180 625 4245 cit,
666 4190 766 4231 nec
813 4172 1069 4246 possibile
1113 4182 1196 4228 est
1226 4172 1355 4227 solis
1406 4186 1528 4227 esse
1576 4180 1853 4240 expertem
1887 4172 1979 4240 qui
2027 4171 2094 4224 ad

525 4271 705 4339 ipsum
736 4275 862 4334 stat,
886 4266 958 4319 ita
989 4264 1330 4334 cogitandum
1360 4264 1452 4318 Dei
1482 4263 1702 4316 omnino
1722 4275 1841 4317 esse
1869 4261 2097 4333 partici-

519 4378 668 4436 pem,
688 4359 776 4431 qui
800 4358 966 4413 divini
989 4356 1139 4412 verbi
1156 4357 1329 4427 legem
1348 4357 1637 4412 meditatus
1664 4357 1920 4420 fuerit,'et
1945 4370 2096 4411 men-

528 4466 634 4510 tem
660 4467 809 4508 suam
837 4450 903 4504 ad
933 4449 1096 4503 Deum
1126 4450 1559 4515 cognoscendum
1589 4448 1889 4503 tradiderit.
1916 4446 2092 4515 Quod,

521 4550 736 4619 opinor,
769 4547 869 4601 hoc
898 4545 1013 4599 loco
1041 4540 1311 4613 signiﬁcat
1333 4540 1624 4612 Propheta,
1656 4557 1777 4596 cum
1805 4542 1915 4597 ait:
1943 4560 1965 4594 ι
2004 4542 2093 4597 Si-

520 4648 742 4711 gnatum
776 4646 867 4692 est
909 4650 1072 4704 super
1102 4647 1200 4686 nos
1223 4634 1402 4687 lumen
1430 4635 1606 4688 vultus
1659 4633 1760 4697 tui,
1790 4634 2035 4688 Domine.
2068 4651 2087 4685 ι

522 4732 751 4803 Signum
783 4730 960 4794 enim,
995 4728 1188 4799 inquit,
1218 4726 1604 4803 luminis_quod
1631 4725 1863 4780 in-vultu
1890 4737 1980 4781 tuo
2002 4740 2089 4781 re-

506 4793 787 4895 splendet,
816 4823 884 4877 ad
929 4836 1029 4876 nos
1074 4820 1416 4884 perveniens,
1440 4793 1599 4873 hobis
1632 4819 1954 4889 impressum
1983 4827 2090 4884 est,

523 4928 581 4971 et
606 4917 894 4986 ipsummet
917 4914 1101 4969 lumen
1125 4911 1307 4966 vultus
1334 4910 1409 4964 tui
1439 4910 1517 4966 sic
1540 4923 1861 4980 expressum
1905 4918 2008 4974 est,
2033 4917 2093 4964 ut

525 5008 617 5081 qui
642 5007 826 5063 videre
852 5015 1028 5076 potest
1051 5006 1261 5075 signum
1291 5001 1456 5057 divini
1482 5002 1702 5056 luminis
1733 5003 1873 5071 quod
1905 5003 2088 5073 signa-

2222 1147 2416 1214 Κύριε,
2450 1167 2503 1203 κ.
2531 1168 2580 1205 τ.
2608 1152 2653 1204 ἐ.
2682 1152 2799 1206 Ὅτι
2825 1153 2940 1221 φῶς
2964 1156 3114 1210 ἐστιν
3145 1159 3173 1210 ό
3208 1157 3339 1222 Θεὸς
3372 1159 3508 1229 (14),
3549 1161 3808 1234 Ἰωάννης

2223 1239 2386 1309 φησὶν
2418 1241 2475 1294 ἐν
2503 1245 2568 1313 τῇ
2598 1242 2871 1316 Καθολικῇ
2903 1246 3179 1320 ἐπιστολῇ·
3223 1269 3240 1300 ι
3276 1252 3332 1303 '0
3348 1251 3481 1315 Θεὸς
3514 1254 3631 1321 φῶς
3663 1256 3803 1318 ἐστι,

2221 1332 2313 1383 καὶ
2340 1333 2526 1386 σκοτία
2548 1335 2606 1386 ἐν
2633 1335 2782 1407 αὐτῷ
2808 1338 2953 1390 ἐστιν
2991 1340 3235 1412 οὐδεμία.
3279 1362 3298 1393 ι
3337 1343 3457 1396 Κᾶν
3482 1344 3596 1415 πῦρ
3627 1346 3685 1398 δέ
3714 1347 3806 1399 λέ-

2219 1439 2404 1494 γηται,
2431 1424 2549 1489 ὡςὸ
2568 1427 2776 1492 Παῦλος
2807 1432 2865 1482 ἐν
2896 1433 2961 1503 τῇ
2984 1432 3120 1504 πρὸς
3160 1434 3442 1506 Ἐϐραίους
3464 1441 3621 1508 φησί·
3648 1459 3665 1489 ι
3693 1443 3805 1495 Καὶ

2219 1514 2325 1588 γὰρ
2360 1519 2389 1570 ό
2418 1517 2549 1582 Θεὸς
2593 1520 2750 1591 ἡμῶν
2800 1521 2910 1593 πῦρ
2937 1526 3327 1580 καταναλίσκον
3362 1530 3497 1581 ἐστί·
3535 1552 3554 1582 ι
3588 1532 3805 1597 δεικνὺς

2217 1609 2379 1663 αὑτὸν
2396 1605 2533 1665 εἶναι
2552 1613 2684 1667 Θεὸν
2716 1615 2881 1686 νόμου
2917 1616 3010 1670 καὶ
3053 1616 3407 1686 Εὑαγγελίου,
3441 1625 3690 1678 τουτέστι
3710 1626 3803 1679 τὸν

2219 1701 2435 1774 Πατέρα
2482 1703 2576 1758 τοῦ
2620 1707 2823 1778 Κυρίου
2855 1708 3011 1780 ἡμῶν
3056 1710 3229 1782 Ἰησοῦ
3259 1714 3521 1785 Χριστοῦ,
3573 1718 3669 1770 καὶ
3712 1719 3801 1772 διὰ

2216 1792 2374 1849 τοῦτο
2386 1796 2517 1851 Θεὸν
2545 1801 2719 1871 ήμῶν·
2745 1805 2845 1857 οὑκ
2874 1806 2999 1860 ἄλλο
3018 1824 3070 1861 τι
3093 1809 3306 1878 νοητέον
3329 1807 3469 1866 εἶναι
3499 1814 3594 1868 τοῦ
3623 1817 3799 1884 φωτὸς

2219 1889 2284 1958 τῇ
2331 1890 2541 1963 ἐπινοίᾳ
2572 1893 2823 1967 διαφέρον
2854 1898 2947 1951 τοῦ
2987 1900 3156 1971 πυρὸς
3186 1901 3280 1954 τοῦ
3306 1904 3797 1973 καταναλίσκοντες

2214 1977 2308 2031 τοῦ
2354 1982 2503 2052 παρὰ
2557 1984 2617 2037 τὸ
2665 1986 2799 2055 φῶς.
2848 1989 3056 2063 Ὥσπερ
3106 1994 3200 2046 καὶ
3244 1994 3334 2046 ἐπὶ
3372 1995 3452 2065 τῷ
3494 2000 3796 2070 σωματικῷ

2217 2071 2502 2143 συνέτυχεν
2527 2078 2558 2146 ἠ
2591 2076 2689 2146 μὲν
2719 2080 2856 2152 αὑτὴ
2873 2082 3028 2135 οὑσία
3058 2084 3180 2137 καθ’
3211 2086 3240 2139 ὃ
3266 2086 3363 2157 μὲν
3396 2088 3646 2156 φωτίζει,
3679 2093 3794 2161 φῶς

2213 2161 2348 2226 ἐστι,
2372 2165 2491 2219 καθ’
2522 2168 2551 2220 ὅ
2573 2169 2627 2223 δὲ
2650 2172 2937 2244 ἐπικρατεῖ
2951 2176 3058 2230 τῶν
3081 2175 3301 2232 τοιῶνδε
3323 2180 3485 2245 ὑλῶν,
3518 2186 3790 2255 καυστικὴ

2213 2253 2303 2305 καὶ
2327 2256 2735 2331 καταναλωτικὴ
2751 2264 3089 2334 τυγχάνουσα
3114 2266 3315 2331 αὑτῶν,
3352 2269 3463 2341 πῦρ
3490 2271 3609 2324 ἐστι
3631 2289 3794 2326 κατα-

2211 2344 2481 2399 ναλίσκονο
2511 2348 2652 2403 οῦτω
2671 2356 2955 2427 τοιγαροῦν
2983 2359 3075 2410 καὶ
3104 2361 3133 2412 ὁ
3169 2359 3301 2424 Θεὸς
3325 2362 3432 2414 τῶν
3473 2364 3572 2432 μὲν
3606 2366 3787 2436 χειρό⁴

2212 2452 2316 2489 νων
2336 2438 2686 2507 ἀφανιστικός
2725 2447 2864 2507 ἐστι,
2898 2449 3111 2521 καὶτῆς
3143 2450 3339 2516 κακίας
3371 2453 3786 2522 ἐξαναλωτικὸς,

2208 2528 2322 2589 τοῖς
2368 2526 2426 2578 δὲ
2474 2529 2800 2602 ἐπιτηδείοις
2840 2537 2933 2589 καὶ
2979 2538 3408 2613 κεκαθαρμένοις
3439 2545 3538 2616 τὴν
3563 2548 3789 2618 καρδίαν

2209 2614 2326 2685 φῶς
2375 2619 2648 2689 τυγχάνει.
2705 2626 2800 2678 Ὃν
2847 2628 3047 2699 τρόπον
3094 2630 3150 2685 δὲ
3193 2634 3284 2686 ἐπὶ
3329 2635 3424 2689 τοῦ
3473 2641 3785 2709 σωματικοῦ

2208 2708 2383 2776 φωτὸς
2418 2713 2735 2786 συντέτευχε
2765 2717 2825 2770 τὸ
2848 2726 3128 2792 συνεργεῖν
3159 2725 3289 2780 αὑτὸ
3315 2731 3427 2791 τοῖς
3443 2708 3786 2798 ὑγιαίνοντας

2207 2799 2417 2871 ἔχουσιν
2479 2805 2786 2879 ὀφθαλμοὺς
2838 2812 2974 2883 πρός
3024 2831 3083 2866 τε
3135 2815 3235 2887 τὴν
3293 2818 3456 2873 αὐτοῦ
3514 2820 3642 2876 θέαν
3688 2826 3786 2878 καὶ

2204 2892 2302 2964 τὴν
2343 2894 2450 2949 τῶν
2510 2898 2803 2972 αἰσθητῶν
2855 2904 2946 2958 τὸν
2995 2906 3402 2980 αὐτὸντρόπον
3434 2915 3464 2966 ό
3518 2914 3651 2978 Θεὸς
3694 2916 3783 2970 δυ-

2205 2985 2366 3055 νάμει
2412 2989 2546 3078 τινίυ
2567 2990 2784 3059 φθάνων
2827 2993 2922 3046 ἐπὶ
2961 2996 3052 3050 τὸν
3097 2999 3339 3054 ἑκάστων
3370 3002 3515 3070 νοῦν,
3549 3006 3644 3059 ἐὰν
3673 3024 3777 3078 μη-

2203 3075 2437 3147 δαμόθεν
2491 3076 2645 3147 οὗτος
2695 3084 2781 3152 ἐφ’
2826 3085 2885 3139 ὃν
2929 3087 3119 3156 φθάνει
3161 3075 3682 3168 συγκεκαλυμμένος
3720 3075 3780 3174 ᾗ,

2207 3168 2341 3261 μηδέ
2381 3171 2489 3224 ἀπὸ
2537 3173 2724 3230 παθῶν
2754 3193 2807 3230 τι
2838 3178 3135 3235 κωλυτικὸν
3195 3187 3475 3253 πεπονθὼς
3504 3190 3604 3261 τῆς
3646 3168 3779 3257 uti;

2202 3259 2539 3333 ὀξυδερκίας,
2582 3265 2753 3333 αἴτιος
2806 3270 3033 3338 γίνεται,
3089 3275 3183 3329 τοῦ
3218 3294 3278 3331 τε
3328 3280 3493 3335 αὑτὸν
3543 3259 3780 3339 νοεῖσθαι

2203 3351 2298 3443 καὶ
2348 3354 2439 3406 ἐπὶ
2481 3354 2549 3408 τὰ
2601 3356 2737 3411 ἄλλα
2784 3361 2950 3432 νοητά
3004 3363 3228 3432 φθάνειν
3278 3368 3367 3421 τὸν
3410 3371 3779 3443 φωτιζόμενον

2203 3441 2294 3495 ὑπ’
2334 3443 2500 3498 αὑτοῦ
2536 3446 2680 3502 νοῦν.
2728 3450 2803 3503 Οὑ
2842 3451 3151 3523 θαυμαστὸν
3188 3457 3247 3511 δὲ
3282 3457 3337 3511 εἴ
3363 3476 3508 3525 τινες
3541 3441 3781 3534 διορατι-

2200 3535 2287 3627 κοι
2327 3536 2385 3589 ἐν
2422 3537 2637 3608 τέχναις
2680 3540 2714 3612 ἢ
2773 3544 3101 3617 ἐπιστήμαις
3147 3551 3257 3602 τισὶ
3315 3553 3694 3623 τυγχάνοντες,
3736 3557 3771 3627 ἢ

2199 3625 2445 3692 ὀξύτατοι
2477 3631 2605 3702 περὶ
2653 3633 2975 3705 κατανόησιν
3011 3637 3217 3707 ἠθικῶν
3266 3657 3425 3697 τινων
3474 3645 3569 3698 καὶ
3630 3625 3776 3715 λογισλ

2199 3716 2313 3771 κῶν
2344 3720 2763 3793 προϐλημάτων,
2817 3726 3070 3794 ἀγνοοῦσι
3119 3730 3272 3785 Θεόν.
3317 3734 3636 3805 Ὀμοιοῦμεν
3665 3742 3772 3809 γὰρ

2198 3810 2375 3864 αὑτῶν
2415 3812 2475 3865 τὸ
2505 3813 2840 3886 διανοητικὸν
2887 3817 3149 3892 ὀφθαλμῷ
3200 3824 3551 3889 ἐνατενίζοντι
3611 3831 3771 3885 παντὶ

2200 3903 2458 3976 μᾶλλονῆ
2490 3907 2567 3977 τῷ
2606 3908 2761 3980 ἡλίῳ,
2813 3911 2907 3964 καὶ
2952 3912 3218 3983 μηδέποτε
3256 3917 3603 3991 ἐπαιρομένῳ
3636 3922 3765 3994 πρὸς

2197 3995 2257 4048 τὸ
2285 3998 2615 4069 κατανοῆσαι
2657 4001 2755 4064 τὰς
2786 4002 2974 4057 τούτου
3023 4004 3218 4073 αὐγάς.
3266 4008 3475 4081 Ὠσπερ
3524 4012 3764 4082 μέντοιγε

2199 4086 2387 4156 φθάνει
2412 4091 2445 4161 ή
2468 4090 2668 4164 ἡλιακὴ
2697 4093 2856 4158 ἀκτὶς
2888 4096 2980 4149 ἐπὶ
3004 4098 3065 4151 τὸ
3097 4099 3384 4171 πρόσωπον
3412 4103 3506 4156 τοῦ
3540 4105 3765 4176 ἐνορῶν-

2197 4196 2285 4244 τος
2318 4180 2485 4253 αὐτῷ,
2521 4184 2616 4236 καὶ
2641 4185 2739 4257 οὐχ
2772 4180 2882 4241 οἷόν
2918 4205 2978 4241 τε
3017 4191 3267 4262 ἀμοιρεῖν
3302 4194 3454 4265 ἡλίου
3503 4197 3596 4251 τὸν
3632 4199 3762 4271 πρὸς

2196 4272 2345 4362 αὑτῷ
2369 4277 2701 4345 τυγχάνοντα
2723 4294 2736 4308 °
2782 4277 2956 4344 οὕτως
2984 4284 3201 4354 νοητέον
3257 4286 3476 4352 πάντως
3522 4291 3762 4362 μετέχειν

2196 4361 2329 4416 Θεοῦ
2362 4364 2452 4418 τὸν
2480 4368 2847 4424 κατανοοῦντα
2889 4371 2980 4425 τὸν
3034 4374 3196 4445 νόμον
3246 4376 3337 4430 τοῦ
3390 4377 3537 4432 θείου
3583 4361 3758 4449 λόγου,

2195 4453 2444 4508 ἐπιδόντα
2476 4456 2565 4511 τὸν
2591 4458 2714 4512 νοῦν
2754 4462 2948 4516 ἐαυτοῦ
2997 4466 3135 4536 πρὸς
3176 4467 3239 4521 τὸ
3298 4469 3537 4524 συνιέναι
3598 4472 3758 4526 Θεόν·

2193 4545 2330 4620 ὅπερ
2361 4544 2515 4620 οἶμαι
2545 4550 2807 4622 δηλοῦντα
2826 4556 2919 4609 τὸν
2946 4560 3237 4630 Προφήτην
3269 4562 3453 4617 ἐνθάδε
3479 4562 3657 4634 λέγειν
3677 4568 3758 4621 τό·

2200 4659 2219 4692 ι
2243 4642 2580 4716 Ἐσημειὼθη
2611 4647 2696 4716 ἐφ’
2732 4648 2878 4719 ἡμᾶς
2907 4649 2969 4702 τὸ
3010 4651 3127 4719 φῶς
3156 4653 3250 4706 τοῦ
3307 4655 3599 4726 προσώπου
3643 4675 3759 4723 σου,

2194 4733 2387 4806 Κύριε.
2424 4756 2442 4788 ι
2473 4738 2703 4809 Σημεῖον
2733 4739 2860 4812 γὰρ,
2893 4743 3062 4813 φησὶ,
3095 4744 3191 4798 τοῦ
3224 4747 3402 4816 φωτὸς
3438 4748 3534 4803 τοῦ
3579 4750 3639 4803 ἐν
3691 4752 3756 4821 τῇ

2192 4824 2453 4895 προσόψει
2484 4844 2599 4892 σου,
2636 4828 2847 4897 φθάσαν
2874 4833 2952 4894 είς
2975 4832 3153 4902 ἡμᾶς,
3188 4836 3552 4892 ἐντετύπωται
3605 4842 3757 4910 ἡμῖν,

2192 4918 2287 4971 καὶ
2313 4917 2447 4972 αὑτὸ
2477 4919 2537 4973 τὸ
2582 4920 2699 4989 φῶς
2722 4923 2820 4992 τῆς
2866 4923 3180 4995 προσόψεως
3212 4945 3308 4981 σου
3338 4932 3757 5002 ἐγκεχάρακται,

2193 5008 2333 5064 ὥστε
2360 5012 2453 5065 τὸν
2480 5013 2655 5067 εἰδότα
2681 5016 2817 5086 ὁρᾷν
2852 5022 3074 5088 σημεῖον
3106 5018 3197 5072 τοῦ
3242 5022 3420 5089 φωτὸς
3462 5039 3760 5094 σεσημειω-

524 5110 636 5157 tum
667 5106 771 5167 est,
796 5100 897 5154 hoc
924 5099 1100 5169 ipsum
1124 5097 1310 5152 statim
1334 5093 1603 5164 intelligat
1631 5094 1682 5147 in
1718 5094 1873 5149 nobis
1895 5092 2092 5149 factum

2204 5100 2356 5170 μένον
2400 5101 2534 5155 Θεοῦ
2591 5106 2890 5173 τηνικαῦτα
2942 5111 3080 5162 νοεῖν
3148 5109 3305 5163 τοῦτο
3356 5092 3643 5181 γενόμενον
3699 5115 3759 5167 ἐν

518 5208 661 5250 esse.
702 5192 955 5247 Arbitror
987 5203 1121 5245 vero
1162 5189 1324 5245 etiam
1353 5189 1460 5243 hoc
1487 5200 1744 5240 arcanum
1797 5186 1851 5240 in
1900 5184 2087 5240 Exodo

519 5284 806 5348 declarari,
841 5298 963 5338 cum
998 5282 1197 5353 Moysis
1227 5296 1350 5336 cum
1393 5280 1503 5334 Deo
1536 5276 1877 5332 familiariter
1920 5280 2086 5333 collo-

518 5377 734 5445 qucntis
763 5374 928 5431 facies
961 5374 1031 5428 ita
1056 5371 1356 5444 glorificata
1398 5378 1503 5434 est,
1530 5376 1589 5424 ut
1613 5384 1718 5424 non
1752 5378 1978 5438 possent
2017 5370 2081 5424 li-

589 5511 634 5543 ⁶³
660 5512 677 5565 l
699 5510 856 5569 Joan.
883 5527 921 5577 ι,
951 5512 1006 5567 5.
1086 5512 1130 5544 “
1161 5510 1292 5567 Heb.
1326 5527 1434 5577 xu,
1468 5511 1557 5569 29.

2195 5195 2346 5264 ἡμῖν.
2389 5190 2554 5265 Οἶμαι
2604 5197 2661 5251 δὲ
2684 5199 2776 5251 καὶ
2822 5199 2883 5252 τὸ
2914 5201 3223 5274 ἀπόρρητον
3273 5205 3430 5258 τοῦτο
3469 5206 3756 5278 δηλοῦσθαι

2191 5286 2248 5337 ἐν
2277 5288 2341 5357 τῇ
2380 5286 2609 5355 Ἐξόδφ,
2632 5290 2713 5342 ὅτι
2745 5291 3023 5355 Μωῦσέως
3053 5295 3145 5347 ἐπὶ
3166 5294 3324 5350 πλέον
3347 5297 3658 5368 ὁμιλοῦντος
3680 5299 3753 5370 τῷ

2189 5376 2307 5447 Θεῷ
2339 5381 2432 5432 καὶ
2452 5382 2699 5446 συνόντος
2741 5383 2887 5454 αὑτῷ
2915 5384 3224 5452 δεδόξασται
3258 5390 3566 5462 πρόσωπον,
3616 5391 3751 5446 ὥστε

582 5650 699 5723 (ﬂ)
729 5651 846 5707 Ὅτι
877 5652 999 5722 φῶς
1041 5654 1210 5709 ἐστιν
1231 5657 1264 5709 ό
1294 5657 1461 5724 Θεός,
1494 5664 1599 5711 ειε.
1647 5654 1955 5722 Corderius,
1983 5654 2104 5711 ‘COdt

2204 5654 2585 5726 Baroccianus,
2612 5657 2798 5714 Daniel
2821 5630 3112 5715 Barbarus.
