4020 6152
297 239 437 296 1165

1287 233 1598 291 SELECTA
1629 233 1694 288 IN
1727 231 2066 290 PSALMOS.
2106 266 2174 276 -
2213 233 2407 288 PSAL.
2447 231 2534 290 IV.

3423 239 3558 298 “‘66

297 355 376 427 μὴ
410 349 666 406 δύνασθαι
696 353 828 415 ’τοὺς
878 352 1027 415 υίούς
1069 347 1285 421 Ἰσραὴλ
1332 349 1575 401 ἀτενίσαι
1636 349 1715 411 είς
1773 346 1873 416 τὴν

1984 345 2030 400 lii
2063 345 2226 401 Israel
2251 346 2536 401 intendere
2568 345 2618 399 in
2643 345 2870 416 gloriam
2901 345 3016 416 ejus
3042 356 3094 402 et
3117 347 3322 404 idcirco
3353 365 3558 408 assum-

291 447 452 514 δόξαν
504 443 690 505 αὐτοῦ,
743 445 839 497 καὶ
889 443 978 497 διὰ
1035 441 1190 496 τοῦτο
1222 440 1488 512 κάλυμμα
1519 439 1750 494 λαϐόντα
1779 439 1870 492 τὸν

295 535 605 608 θεράποντα
629 533 838 605 ὁμιλεῖν
864 532 943 604 τῷ
985 531 1118 603 λαῷ.
1170 533 1326 586 Πᾶσα
1357 532 1413 585 δὲ
1467 531 1611 603 ψυχὴ
1664 531 1875 586 ἀνακει-

298 629 434 702 μένη
474 626 615 698 Θεῷ,
644 628 739 680 καὶ
761 628 843 690 εἰς
879 627 940 679 τὸ
967 624 1166 696 ἀληθὲς
1197 624 1361 678 αὐτοῦ
1394 625 1489 678 καὶ
1519 626 1632 688 τοῖς
1661 622 1874 685 πολλοῖς

294 720 607 793 ἀθεώρητον
633 718 970 782 εἰσελθοῦσα,
1009 718 1389 789 μεταλαϐοῦσά
1420 735 1478 772 τε
1510 717 1609 789 τῆς
1664 717 1875 788 θειότη-

294 831 410 878 ¹τος,
441 814 501 867 οὐ
531 813 753 884 χωρητὴ
782 813 893 875 τοῖς
923 810 1138 874 πολλοῖς
1157 811 1390 880 γίνεται,
1413 808 1553 862 ὥστε
1576 807 1745 880 αὐτὴν
1780 807 1875 875 ὲγ-

295 905 719 976 κεκαλυμμένην
759 905 1061 974 οἰκονομεῖν
1122 903 1247 966 τοὺς
1299 899 1714 970 ὑποδεεστέρους
1759 898 1875 952 δια-

296 991 596 1063 λεγομένην
627 992 694 1045 τά
729 991 1044 1062 κατάλληλα
1075 992 1281 1054 αὐτοῖς.
1311 991 1430 1044 Ὅτι
1457 991 1513 1043 δὲ
1563 987 1623 1042 τὸ
1680 990 1877 1060 ὀνομα-

295 1079 524 1152 ζόμενον
548 1082 838 1153 πρόσωπον
867 1081 961 1134 τοῦ
995 1081 1127 1135 Θεοῦ
1150 1121 1164 1144 ,
1198 1080 1428 1152 φωτίζον
1486 1081 1546 1135 τὸ
1581 1081 1875 1152 δυνάμενον

296 1172 468 1226 αὐτοῦ
503 1173 746 1244 χωρῆσαι
783 1172 882 1237 τὰς
910 1173 1084 1241 αὐγὰς
1113 1173 1474 1244 ἡγεμονικὸν,
1516 1173 1687 1227 αῐτιον
1739 1171 1878 1241 γνὼ-

299 1281 441 1326 σεως
471 1263 699 1332 γίνεται,
729 1261 816 1315 διὰ
849 1262 942 1315 τοῦ
971 1262 1262 1332 ἑξηκοστοῦ
1303 1263 1460 1316 ἕκτου
1493 1261 1708 1332 ψαλμοῦ
1734 1278 1875 1332 παρ-

297 1355 518 1408 ίσταται
547 1355 719 1418 οὕτως
740 1354 954 1426 ἔχοντος
974 1371 987 1384 ⁸
1030 1372 1049 1405 ι
1090 1355 1146 1407 '0
1177 1355 1309 1418 Θεὸς
1339 1355 1676 1424 οἰκτειρήσαι
1708 1353 1875 1424 ἡμᾶς,

301 1448 396 1502 καὶ
428 1447 718 1518 εὐλογήσαι
774 1447 955 1518 ἡμᾶς,
1016 1445 1277 1516 ὲπιφάναι
1341 1446 1401 1499 τὸ
1456 1446 1746 1515 πρόσωπον
1792 1448 1876 1517 ἐφ’

301 1542 472 1611 ἡμᾶς,
506 1539 599 1592 τοῦ
634 1538 839 1608 γνῶναι
869 1541 926 1592 έν
954 1541 1020 1610 τῇ
1063 1541 1132 1610 γῇ
1169 1539 1266 1609 τὴν
1298 1539 1413 1592 ὁδόν
1444 1556 1568 1602 σου,
1601 1540 1658 1590 ὲν
1711 1539 1876 1592 πᾶσιν

299 1632 479 1685 ἔθνεσι
510 1629 571 1685 τὸ
599 1629 864 1702 σωτήριόν
900 1647 1017 1691 σου,
1042 1648 1060 1678 ι
1128 1629 1220 1682 καὶ
1249 1627 1317 1682 τὰ
1349 1628 1497 1698 ἑξῆς.
1532 1627 1598 1681 Οἱ
1627 1627 1877 1699 μετέχον-

1981 449 2073 508 pto
2096 439 2363 494 velamine
2401 453 2593 492 servus
2622 437 2714 492 Dei
2755 452 3058 493 sermonem
3088 441 3154 496 ad
3181 444 3432 512 populum
3461 447 3559 501 ha-

1982 532 2178 586 buerit.
2206 531 2299 586 Sic
2321 532 2499 586 omnis
2531 530 2711 584 anima
2740 545 2860 600 quae
2903 540 3011 586 tota
3051 534 3158 590 Deo
3192 536 3404 593 addicta
3446 551 3554 608 est,

1980 633 2035 677 et
2055 623 2122 677 ad
2141 625 2424 678 veritatem
2451 623 2570 692 ejus
2601 621 2848 692 plurimis
2874 622 3114 690 ignotam
3137 628 3392 694 accessit,
3419 631 3558 686 divi-

1979 715 2274 785 nitatisque
2297 715 2414 784 ejus
2440 714 2581 769 facta
2603 724 2685 769 est
2707 717 3001 785 particeps,
3025 717 3311 774 multorum
3335 733 3552 793 captum

1978 808 2213 874 excedit,
2236 808 2308 861 ita
2341 816 2400 861 ut
2425 806 2700 863 velamine
2726 819 3005 878 assumpto
3027 809 3224 879 dirigat
3243 813 3552 882 inferiores,

1979 912 2040 951 ea
2053 913 2170 969 quae
2187 898 2254 953 ad
2271 907 2488 967 captum
2509 897 2721 952 illorum
2739 909 2884 962 sunt,
2906 898 3247 968 proferendo.
3266 905 3357 960 Dei
3372 917 3552 962 autem

1981 990 2174 1046 faciem
2203 993 2266 1045 de
2305 1005 2411 1060 qua
2437 991 2641 1046 dictum
2675 999 2782 1056 est,
2811 1001 3009 1062 etquae
3039 992 3309 1049 illuminat
3341 998 3558 1062 intelleg‘

1981 1094 2126 1137 ctum
2158 1084 2246 1153 qui
2279 1085 2396 1151 ejus
2420 1083 2602 1139 radios
2643 1083 2888 1152 recipere
2920 1094 3118 1152 potest,
3145 1101 3266 1141 esse
3292 1092 3558 1160 cognitio-

1983 1173 2066 1226 nis
2095 1188 2316 1228 causam
2347 1173 2517 1241 liquet
2564 1187 2630 1228 ex
2688 1173 2774 1227 his
2825 1172 3014 1242 psalmi
3053 1179 3377 1246 sexagesimi
3415 1182 3554 1234 sexti

1980 1267 2162 1321 verbis
2195 1267 2240 1298 ⁸⁸
2268 1281 2284 1321 :
2316 1285 2335 1317 ι
2373 1268 2517 1322 Deus
2571 1267 2892 1321 misereatur
2947 1269 3140 1336 nostri,
3177 1280 3232 1325 et
3272 1271 3558 1328 benedicat

1981 1359 2160 1426 nobis,
2205 1359 2475 1415 illuminet
2505 1361 2710 1415 vultum
2745 1376 2899 1416 suum
2923 1376 3086 1432 super
3120 1377 3241 1428 nos,
3279 1374 3338 1418 ut
3363 1380 3559 1436 cogno-

1980 1468 2197 1509 scamus
2220 1454 2274 1507 in
2306 1463 2448 1509 terra
2484 1455 2623 1509 viam
2652 1465 2821 1522 tuam,
2844 1455 2898 1510 in
2920 1456 3176 1512 omnibus
3201 1458 3452 1528 gentibus
3471 1475 3560 1515 sa-

1982 1545 2156 1601 lutare
2195 1554 2368 1610 tuum,
2407 1565 2426 1598 ›
2477 1555 2530 1602 et
2586 1563 2707 1618 qua:
2749 1561 3070 1618 sequuntur.
3118 1549 3220 1617 Qui
3253 1551 3354 1606 hoc
3397 1555 3559 1608 modo

1982 1637 2206 1692 luminis
2258 1647 2384 1694 sunt
2425 1639 2723 1708 participes
2758 1649 2812 1694 et
2863 1640 3043 1711 reipsa
3074 1642 3253 1698 dicere
3287 1653 3554 1710 possunt:

298 1741 393 1787 τες
436 1723 576 1776 οῦτω
623 1722 716 1775 τοῦ
768 1721 946 1792 φωτὸς
1004 1722 1096 1775 καὶ
1152 1721 1436 1792 δυνάμενοι
1479 1719 1624 1792 έργῳ
1668 1721 1873 1773 εἰπεῖν’

1987 1751 2006 1784 ι
2031 1730 2313 1800 Signatum
2337 1740 2598 1802 estsuper
2625 1747 2722 1787 nos
2749 1732 2929 1787 lumen
2949 1733 3130 1788 vultus
3154 1735 3252 1802 tui,
3277 1736 3554 1802 Domine,»

306 1832 326 1865 ι
371 1812 710 1884 Ἐσημειώθη
740 1811 825 1880 ἐφ’
857 1813 1006 1883 ἡμᾶς
1031 1813 1091 1865 τὸ
1119 1811 1234 1881 φῶς
1263 1810 1356 1864 τοῦ
1415 1810 1705 1882 προσώπου
1756 1826 1872 1874 σου,

301 1905 497 1978 Κύριε,
532 1925 549 1956 ι
586 1905 756 1958 αἴτιον
789 1902 848 1956 ὃν
875 1903 968 1956 τοῦ
1034 1903 1198 1975 μηδὲν
1232 1901 1425 1957 παθεῖν
1480 1905 1537 1956 ἐν
1587 1901 1664 1973 τῷ
1701 1900 1877 1975 καιρῷ

298 1998 393 2053 τοῦ
421 1997 741 2063 κολάζεσθαι
776 1999 902 2061 τοὺς
934 1995 1192 2050 τοιούτων
1222 1994 1530 2066 φαρμάκων
1565 1993 1876 2064 δεομένους,

299 2088 482 2160 ἔχουσι
516 2089 578 2142 τὸ
603 2088 718 2157 φῶς
769 2082 814 2156 ᾧ
846 2087 1320 2156 κεκοινωνήκασιν.
1393 2079 1558 2154 Οἶμαι
1602 2082 1660 2136 δὲ
1722 2081 1880 2136 τοῦτο

301 2179 588 2252 δηλοῦσθαι
618 2181 675 2232 ἐν
704 2182 813 2242 τοῖς
852 2177 1118 2247 Ψαλμοῖς
1149 2176 1242 2230 καὶ
1275 2177 1333 2228 ὲν
1383 2173 1463 2244 τῷ
1504 2172 1788 2246 Ἰεζεκιήλο
1822 2175 1880 2228 έν

304 2272 406 2344 μὲν
437 2275 552 2335 τοῖς
590 2270 856 2340 Ψαλμοῖς
885 2270 1074 2324 τοῦτον
1122 2267 1359 2339 τρόπον·
1417 2286 1435 2319 ι
1463 2267 1711 2330 Ἔδωκας
1769 2269 1880 2331 τοῖς

307 2361 660 2434 φοϐουμένοις
696 2379 754 2414 σε
799 2361 1137 2432 σημείωσιν,
1173 2357 1263 2412 τοῦ
1311 2359 1502 2427 φυγεῖν
1547 2355 1655 2410 ἀπὸ
1709 2372 1878 2426 προσ-

304 2457 457 2509 ώπου
478 2452 654 2519 τόξου,
680 2453 827 2516 ὅπως
855 2451 920 2506 ἂν
952 2449 1220 2522 ῥυσθῶσιν
1249 2449 1299 2501 οἱ
1326 2446 1600 2517 ἀγαπητοί
1628 2462 1741 2498 σουσ
1775 2465 1794 2496 ι
1822 2445 1881 2497 ὲν

303 2546 360 2598 δὲ
402 2544 480 2616 τῷ
515 2543 803 2615 Ἰεζεκιήλο
853 2561 881 2599 ,ι
932 2543 1044 2596 Καὶ
1087 2539 1214 2605 δόξα
1265 2538 1398 2593 Θεοῦ
1441 2537 1657 2609 Ἰσραὴλ
1710 2536 1878 2608 ἀνέϐη

304 2637 415 2692 ἀπὸ
441 2636 549 2691 τῶν
577 2636 891 2708 χερουϐεὶμ,
920 2637 953 2704 ἡ
973 2629 1105 2688 οῦσα
1131 2633 1218 2686 ἐπ’
1250 2629 1447 2693 αὐτῶν,
1478 2631 1556 2692 είς
1585 2629 1646 2682 τὸ
1671 2626 1880 2698 αἴθριον

302 2731 396 2784 τοῦ
430 2730 601 2784 οἴκου.
631 2729 742 2782 Καὶ
802 2727 1028 2781 ἐκάλεσε
1073 2725 1164 2778 τὸν
1194 2722 1364 2793 ἄνδρα
1424 2719 1518 2774 τὸν
1569 2718 1882 2773 ἐνδεδυκότα

303 2825 396 2878 τὸν
434 2822 666 2895 ποδήρη,
694 2820 754 2884 ὃς
781 2818 925 2891 εἶχεν
951 2818 1044 2871 ἐπὶ
1075 2817 1174 2887 τῆς
1206 2815 1406 2886 ὀσφύος
1434 2813 1597 2868 αὐτοῦ
1643 2811 1742 2882 τὴν
1778 2807 1882 2874 ζώ-

305 2934 424 2988 νην.
459 2917 569 2969 Καὶ
599 2911 719 2968 εἷπε
747 2912 883 2984 πρὸς
934 2910 1126 2964 αὐτόν’
1160 2907 1344 2962 Δίελθε
1399 2907 1569 2978 μέσην
1611 2905 1881 2975 Ἰερουσα-

305 3007 438 3078 λὴμ,
459 3007 554 3060 καὶ
579 3006 666 3068 δὸς
693 3006 913 3076 σημεῖον
941 3000 1034 3054 ἐπὶ
1056 3000 1125 3053 τὰ
1162 3001 1388 3071 μέτωπα
1407 2997 1514 3050 τῶν
1547 2993 1756 3066 ἀνδρῶν
1772 2992 1881 3045 τῶν

308 3097 814 3161 καταστεναζόντων
864 3094 958 3148 καὶ
1010 3090 1465 3162 κατοδυνωμένων
1520 3087 1612 3141 ἐπὶ
1677 3085 1879 3146 πάσαις

304 3193 424 3254 ταῖς
447 3187 696 3260 ἀνομίαις
729 3188 848 3249 ταῖς
880 3183 1192 3254 γινομέναις
1238 3182 1294 3233 ὲν
1357 3178 1508 3250 μέσῳ
1537 3175 1726 3244 αὐτῆς.
1769 3173 1880 3226 Καὶ

302 3280 512 3343 τούτοις
550 3274 722 3341 εἶπεν,
748 3275 1033 3338 ἀκούοντός
1061 3290 1160 3344 μου
1185 3289 1198 3302 ·
1236 3267 1538 3342 Πορεύεσθε
1589 3267 1762 3319 ὀπίσω
1789 3265 1880 3319 αὐ-

302 3371 398 3426 τοῦ
431 3373 510 3435 εἰς
527 3370 625 3441 τὴν
651 3369 824 3432 πόλιν,
852 3368 945 3420 καί
972 3366 1222 3425 κόπτετε,
1252 3363 1348 3416 καὶ
1386 3361 1459 3432 μὴ
1492 3358 1735 3430 φείδεσθε
1767 3358 1879 3418 τοῖς

303 3465 596 3537 ὀφθαλμοῖς
625 3462 776 3532 ὑμῶν
796 3502 809 3525 ,
844 3460 934 3514 καὶ
966 3457 1040 3530 μὴ
1071 3457 1349 3528 ἐλεήσητε.
1379 3452 1754 3522 Πρεσϐύτερον
1785 3447 1877 3502 καὶ

303 3556 604 3618 νεανίσκον,
631 3552 726 3605 καὶ
759 3550 1053 3622 παρθένον,
1081 3547 1176 3602 καὶ
1207 3548 1410 3618 νήπια,
1466 3544 1559 3597 καὶ
1614 3542 1876 3611 γυναῖκας

303 3645 656 3702 ἀποκτείνατε
709 3643 788 3705 εἰς
831 3639 1103 3705 ὲιίξείιλειιςῐίιν
1134 3655 1147 3669 ⁸
1190 3639 1284 3690 ἐπὶ
1325 3637 1382 3689 δὲ
1416 3635 1621 3696 πάντας
1650 3631 1736 3702 ἐφ’
1789 3628 1884 3692 οῦς

303 3740 420 3792 ἐστι
446 3737 508 3790 τὸ
538 3736 782 3805 σημεῖον,
815 3734 890 3805 μὴ
933 3732 1210 3802 ὲγγίσητε,
1262 3728 1356 3781 καὶ
1389 3727 1499 3780 ἀπὸ
1551 3723 1659 3777 τῶν
1714 3721 1884 3790 ἁγίων

309 3845 408 3900 μου
451 3825 710 3899 ᾶρξασθε.
755 3845 774 3877 ι
811 3825 906 3888 Τίς
927 3824 1035 3896 γὰρ
1060 3825 1094 3895 ἡ
1125 3820 1385 3892 δεδομένη
1432 3817 1538 3872 ἀπὸ
1596 3815 1688 3869 τοῦ
1746 3813 1882 3867 Θεοῦ

308 3919 607 3991 σημείωσις
640 3919 752 3980 τοῖς
780 3915 1063 3970 εὐλαϐέσιν
1082 3931 1098 3981 ;
1120 3914 1154 3984 ἢ
1183 3913 1236 3966 τί
1265 3912 1324 3965 τὸ
1350 3912 1575 3982 σημεῖον
1599 3906 1660 3960 τὸ
1692 3906 1785 3958 ἐπὶ
1814 3903 1882 3958 τὰ

310 4011 542 4082 μέτωπα
572 4009 844 4080 διδόμενον
878 4008 985 4060 τῶν
1026 4007 1128 4077 τῆς
1174 4003 1432 4076 ἀληθείας
1482 3999 1736 4072 ζηλωτῶν
1786 3997 1883 4051 καὶ

1981 1841 2087 1894 quo
2113 1825 2170 1880 ﬁt
2223 1833 2283 1879 ut
2312 1825 2446 1879 nihil
2477 1826 2528 1878 in
2560 1833 2804 1895 tempore
2827 1840 3114 1896 poenarum
3157 1827 3437 1898 patiantur
3463 1830 3556 1899 qui

1982 1919 2280 1975 istiusmodi
2306 1917 2561 1972 remediis
2581 1918 2842 1986 indigent,
2863 1917 3067 1973 habent
3090 1917 3269 1974 lumen
3294 1920 3381 1975 cui
3408 1935 3559 1976 com-

1981 2012 2356 2066 municarunt.
2384 2008 2499 2065 Hoc
2522 2016 2700 2064 autem
2725 2009 2964 2063 arbitror
2992 2010 3045 2063 in
3075 2009 3310 2066 Psalmis
3334 2021 3390 2068 et
3417 2014 3558 2082 apud

1981 2103 2324 2158 Ezechielem
2375 2099 2719 2171 signiﬁcari;
2765 2100 2818 2154 in
2880 2099 3114 2156 Psalmis
3176 2103 3394 2173 quidem
3456 2107 3560 2160 hoc

1984 2195 2143 2249 modo
2169 2194 2214 2226 εδ
2245 2210 2258 2244 ;
2295 2210 2314 2244 ι
2354 2192 2555 2247 Dedisti
2594 2192 2960 2247 metuentibus
2991 2203 3043 2246 te
3079 2194 3554 2264 signiﬁcationem,

1983 2297 2042 2342 ut
2069 2286 2279 2357 fugiant
2307 2300 2336 2338 a
2366 2283 2507 2338 facie
2539 2298 2721 2349 arcus,
2756 2291 2815 2338 ut
2842 2285 3145 2340 liberentur
3167 2287 3350 2342 dilecti
3387 2289 3462 2343 tui
3493 2307 3507 2355 ;
3534 2311 3554 2344 ι

1984 2381 2124 2447 apud
2157 2378 2406 2434 Ezechiel
2431 2392 2560 2432 vero
2584 2378 2626 2409 ⁸⁷
2653 2393 2667 2430 :
2702 2394 2721 2428 ι
2759 2377 2827 2430 Ει
2852 2377 3025 2447 gloria
3057 2379 3148 2432 Dei
3174 2378 3338 2434 Israel
3367 2395 3562 2438 ascen-

1982 2473 2061 2527 dit
2087 2472 2152 2527 de
2180 2471 2481 2534 cherubim,
2513 2485 2633 2541 quae
2669 2481 2788 2525 erat
2812 2485 2974 2541 super
3008 2471 3145 2539 ipsa,
3169 2471 3220 2526 in
3247 2473 3444 2530 subdio
3465 2475 3562 2531 do-

1985 2582 2126 2622 mus.
2160 2566 2226 2619 Et
2252 2567 2469 2619 vocavit
2496 2566 2670 2618 virum
2704 2566 2952 2619 indutttm
3002 2567 3226 2634 pudore,
3265 2569 3356 2638 qui
3391 2568 3561 2624 habe-

1984 2661 2076 2714 bat
2105 2673 2268 2727 super
2297 2657 2536 2712 lumbum
2588 2672 2743 2712 suutn
2776 2672 2989 2711 zonam.
3023 2657 3092 2712 Et
3132 2659 3267 2714 dixit
3296 2661 3362 2714 ad
3392 2675 3559 2717 eum:

1985 2751 2176 2804 Transi
2207 2748 2438 2804 mediam
2470 2746 2794 2816 Jerusalem,
2815 2758 2870 2803 et
2894 2749 2959 2803 da
2985 2749 3195 2820 signum
3218 2767 3383 2820 super
3412 2756 3563 2809 l'ron-

1989 2851 2070 2896 tes
2096 2841 2341 2894 virorum
2383 2839 2715 2912 gementium
2751 2849 2808 2893 et
2833 2838 3132 2895 dolentium
3163 2856 3328 2911 super
3352 2848 3563 2902 cunctis

1987 2934 2380 3005 iniquitatibus,
2420 2946 2542 3001 quae
2566 2931 2702 2986 ﬁunt
2739 2931 2794 2985 in
2825 2933 3002 2987 medio
3056 2933 3322 3003 ipsorum.
3363 2935 3428 2991 Et
3456 2937 3564 2992 illis

1986 3026 2123 3082 dixit
2153 3024 2404 3079 audiente
2431 3038 2518 3078 me
2548 3041 2560 3074 :
2594 3022 2671 3078 lte
2726 3031 2846 3091 post
2891 3037 3014 3078 eum
3065 3024 3119 3078 in
3171 3025 3448 3083 civitatem
3505 3041 3564 3084 et

1989 3117 2292 3186 percutite;
2329 3123 2384 3172 et
2413 3131 2518 3171 non
2546 3114 2754 3186 parcite
2780 3114 2952 3170 oculis
2980 3118 3200 3184 vestris,
3241 3127 3297 3174 et
3325 3135 3429 3175 non
3456 3123 3563 3176 mi-

1987 3214 2263 3268 seremini.
2299 3211 2517 3275 Senem,
2553 3209 2718 3282 574
2743 3217 2799 3263 ct
2838 3211 3233 3270 adolescentem
3256 3255 3273 3281 ,
3305 3226 3360 3270 et
3394 3217 3560 3288 virgi-

1988 3321 2132 3372 nem,
2159 3315 2212 3360 et
2245 3304 2594 3375 parvulos,et
2626 3302 2881 3358 mulieres
2907 3304 3190 3361 interﬁcite
3223 3308 3290 3361 ad
3324 3308 3565 3362 interne-

1985 3399 2196 3453 cionem
2223 3413 2236 3450 :
2261 3411 2423 3466 super
2445 3409 2634 3450 omnes
2657 3403 2837 3449 autem
2869 3409 3032 3466 super
3059 3411 3191 3466 quos
3215 3407 3300 3453 est
3325 3399 3563 3470 signum,

1984 3506 2052 3546 ne
2075 3486 2610 3560 appropinquetis,et
2631 3503 2660 3541 a
2689 3487 2900 3542 sanctis
2928 3488 3063 3542 meis
3098 3487 3340 3558 incipite.
3367 3508 3386 3542 ι
3407 3489 3563 3557 Qua-

1985 3597 2107 3636 nam
2130 3580 2374 3636 estcuim
2407 3577 2732 3649 signiﬁcatio
2764 3593 2793 3632 a
2826 3578 2937 3634 Deo
2971 3579 3096 3634 data
3126 3580 3368 3650 piis?vel
3390 3582 3564 3651 quod-

1984 3689 2108 3729 nam
2147 3674 2362 3742 signum
2407 3669 2675 3725 frontibus
2721 3684 2910 3725 eorum
2965 3671 3288 3741 impressum
3331 3682 3437 3739 est,
3468 3676 3562 3744 qui

1982 3766 2266 3821 veritatem
2308 3763 2558 3832 diligunt,
2596 3771 2649 3817 et
2694 3773 2916 3832 propter
2951 3761 3128 3830 populi
3163 3765 3561 3834 transgressio-

1982 3874 2078 3914 nes
2111 3858 2314 3928 lugent,
2346 3857 2447 3910 nisi
2482 3856 2910 3910 communicatio
2960 3854 3264 3911 divinitatis
3291 3871 3454 3926 quam
3477 3872 3563 3914 re-

1980 3951 2187 4022 cipiunt
2212 3949 2249 4003 ii
2275 3949 2366 4018 qui
2392 3963 2523 4003 sane
2555 3948 2699 4002 illaut
2726 3946 3033 4016 intelligunt
3065 3946 3090 4000 ‘I

219 4158 239 4165 _
306 4105 670 4170 στεναζόντων
702 4106 795 4158 ἐπὶ
845 4107 965 4166 ταῖς
998 4101 1338 4173 παραϐάσεσι
1373 4100 1493 4163 ταῖς
1525 4093 1842 4167 γινομέναις
1879 4093 1937 4144 ὲν
1968 4090 2047 4162 τῷ
2075 4088 2188 4160 λαῷ
2208 4128 2222 4153 ,
2269 4089 2301 4161 ἢ
2332 4089 2364 4159 ή
2411 4087 2666 4142 κοινωνία
2695 4085 2795 4156 τῆς
2828 4083 3100 4156 θειότητος
3130 4087 3209 4151 είς
3238 4088 3365 4152 τούς
3393 4085 3562 4157 ὑγιῶς

305 4197 475 4267 αὐτὴν
507 4195 757 4260 νοοῦντας
784 4194 1058 4264 φθάνουσα
1075 4208 1089 4256 ;

379 4258 640 4356 ’έδωκας
695 4258 1082 4356 εὐφροσύνην·
1129 4283 1215 4348 είς
1262 4280 1378 4349 τὴν
1418 4278 1672 4348 καρδίαν
1708 4295 1829 4347 μου
1862 4315 1877 4341 ,

2059 4268 2224 4324 Vens.
2252 4265 2305 4318 7.
2350 4262 2554 4317 Dedisti
2585 4258 2826 4314 lwlitt’am
2867 4261 2923 4315 in
2957 4263 3112 4316 corde
3141 4279 3273 4326 meo,
3311 4276 3415 4322 etc.
3450 4266 3562 4322 Hu—

307 4399 360 4436 κ.
387 4399 436 4436 τ.
469 4384 516 4434 ὲ.
581 4378 804 4449 Συνᾴδει
840 4375 932 4429 τοῦ
971 4373 1153 4444 στίχου
1185 4371 1296 4441 (l5)
1349 4372 1376 4423 ὁ
1407 4370 1530 4434 νοῦς
1556 4363 1636 4432 οἷς
1667 4371 1746 4430 εἰς
1781 4367 1872 4420 τὸν

305 4476 412 4549 πρὸ
434 4476 622 4529 τούτου
654 4473 980 4544 εἰρήκαμεν.
1033 4469 1120 4522 Ἐν
1147 4469 1256 4540 γὰρ
1288 4466 1366 4538 τῷ
1397 4462 1754 4536 σημειοῦσθαι
1787 4459 1879 4513 ἐπὶ

303 4570 432 4631 τοὺς
479 4565 666 4634 ἁγίους
693 4563 753 4615 τὸ
781 4561 893 4630 φῶς
938 4559 1031 4614 τοῦ
1066 4557 1358 4632 προσώπου
1393 4555 1620 4626 Κυρίου,
1661 4554 1713 4607 τί
1753 4551 1881 4606 ἄλλο

304 4662 452 4715 ἐστὶν
490 4659 524 4728 ἢ
570 4652 966 4727 εὐφραινομένη
1016 4652 1248 4723 καρδία;
1299 4650 1475 4720 Ὅπερ
1533 4644 1879 4716 λαμϐάνομεν

304 4752 424 4806 ἀντὶ⁴
447 4748 544 4803 τοῦ
594 4745 864 4818 νοητικοῦ,
890 4739 934 4811 ᾧ
955 4744 1209 4813 δίδοταιή
1245 4738 1549 4813 εὐφροσύνη
1587 4735 1880 4807 θεωροῦντι

302 4844 437 4898 Θεὸν
469 4843 564 4895 καὶ
598 4838 876 4911 μετέχοντι
901 4837 1000 4906 τῆς
1027 4834 1300 4906 θειότητος
1328 4831 1513 4886 αὐτοῦ.
1550 4831 1625 4884 Οὐ
1684 4828 1877 4881 ταυτὸν

301 4934 359 4988 δέ
389 4936 506 4986 ἐστι
551 4929 629 5001 τῷ
673 4925 1058 4998 εὐφραίνεσθαι
1105 4924 1332 4996 καρδίαν
1381 4922 1442 4976 τὸ
1493 4919 1877 4993 εὐφραίνεσθαι

304 5027 501 5098 σάρκα.
540 5025 628 5078 Ἐν
662 5023 760 5094 μὲν
792 5021 901 5092 γὰρ
932 5019 1134 5092 θεωρίᾳ
1164 5019 1360 5091 καρδία
1388 5017 1734 5090 εὐφραίνεται
1761 5034 1773 5046 ·
1821 5018 1879 5069 ὲν

301 5119 493 5181 δὲτοῖς
527 5116 729 5178 ὐλικοῖς
776 5111 1026 5184 βρώμασί
1064 5129 1124 5164 τε
1168 5112 1262 5165 καὶ
1305 5111 1511 5182 πόμασι
1562 5109 1655 5162 καὶ
1704 5107 1880 5178 μίξεσι

304 5210 441 5279 σὰρξ
468 5207 838 5279 εὐφραίνεται,
887 5208 985 5278 τῆς
1034 5203 1261 5276 καρδίας
1302 5201 1737 5271 πεπαχυμμένης
1785 5197 1880 5250 καὶ

307 5300 440 5373 πρὸς
471 5301 531 5354 τὸ
567 5300 693 5354 ἴδιον
719 5299 920 5367 ἀγαθὸν
958 5293 1410 5367 ὲμποδιζομένης.
1446 5291 1613 5344 Ἐπάν
1657 5285 1749 5342 οῦν
1791 5288 1878 5340 λέ-

304 5410 467 5466 γηται
528 5395 585 5446 ὲν
641 5393 822 5454 αὐτοῖς
854 5391 964 5454 τοῖς
997 5387 1283 5457 Ψωλμοῖςο
1326 5404 1343 5435 ι
1390 5379 1545 5446 Divo;
1602 5379 1879 5451 εὐφραίνει

377 5577 420 5608 ⁸⁸
443 5577 584 5632 Psal.
638 5593 780 5643 ιινι,
817 5577 871 5632 1.

947 5577 991 5607 ⁸⁸
1022 5575 1166 5630 Psal.
1197 5589 1311 5637 ιιι,
1336 5571 1388 5625 6.
1465 5571 1505 5602 ⁵⁷
1541 5568 1735 5622 Ezoclt.
1774 5583 1849 5630 ιχ,
1877 5567 1910 5620 5
1941 5575 1995 5622 el.
2025 5580 2180 5635 seqq.

1982 4360 2073 4431 jus
2113 4353 2363 4411 versiculi
2399 4367 2589 4408 sensus
2618 4352 3034 4407 consentitcum
3075 4353 3141 4408 iis
3179 4369 3299 4423 qua:
3336 4355 3388 4410 in
3421 4372 3561 4426 prte-

1989 4451 2202 4507 cedenti
2249 4448 2506 4504 diximus.
2549 4447 2684 4502 Nam
2727 4447 2856 4518 quid
2885 4445 3029 4499 aliud
3058 4456 3141 4502 cst
3167 4447 3346 4503 lumen
3383 4451 3561 4510 vultus

1989 4541 2206 4597 Domini
2235 4540 2507 4610 signatum
2547 4552 2710 4607 super
2747 4546 2986 4600 sanctos,
3028 4552 3190 4606 quam
3229 4553 3324 4594 cor
3361 4541 3562 4599 ltetitiae

1988 4635 2202 4705 plenum
2233 4633 2255 4685 ?
2287 4631 2440 4698 Quod
2464 4629 2758 4699 accipimus
2795 4644 2891 4697 pro
2922 4628 3219 4695 intellectu,
3247 4630 3333 4684 cui
3370 4633 3562 4688 tribui-

1989 4737 2077 4780 tur
2107 4725 2312 4790 laetitia,
2343 4724 2469 4779 dum
2505 4725 2671 4778 Deum
2719 4721 3119 4788 contemplatur
3175 4732 3229 4778 et
3257 4724 3560 4781 divinitatis

1986 4818 2099 4886 ejus
2131 4817 2405 4889 particeps
2437 4813 2902 4872 ellicitur.Dill‘ert
2928 4822 3108 4868 autem
3153 4813 3339 4869 laetitia
3379 4815 3559 4871 cordis

1985 4927 2015 4964 a
2048 4910 2232 4965 laetitia
2259 4910 2460 4964 carnis.
2479 4909 2535 4963 ln
2562 4908 3018 4970 contemplatione
3041 4909 3184 4963 enim
3207 4907 3420 4963 laetatur
3441 4923 3556 4978 cor,

1987 5005 2044 5058 in
2097 5002 2330 5058 terrenis
2361 5017 2487 5057 vero
2527 5003 2662 5058 cibis
2694 5013 2753 5059 et
2797 5004 3013 5074 potibus
3051 5018 3116 5059 ac
3150 5003 3382 5058 coitibus
3411 5003 3560 5058 laeta-

1991 5103 2078 5147 tur
2131 5109 2283 5159 caro,
2320 5093 2483 5146 corde
2533 5093 2832 5150 incrassato
2856 5107 2910 5150 et
2941 5095 3006 5148 ad
3037 5095 3313 5165 pr0priutu
3356 5095 3556 5150 bonum

1990 5186 2264 5255 impedito.
2297 5184 2434 5240 Cum
2469 5185 2633 5257 igitur
2664 5187 2716 5240 in
2743 5186 2934 5242 iisdem
2972 5185 3204 5241 Psalmis
3236 5186 3439 5241 dicitur
3471 5186 3556 5241 ‘°:

1994 5299 2012 5331 ι
2055 5278 2248 5334 Vinum
2282 5278 2517 5333 laetiﬁcat
2543 5293 2638 5334 cor
2664 5281 2920 5347 hominis,
2940 5289 2997 5336 et
3024 5279 3178 5350 panis
3197 5293 3293 5335 cor
3324 5279 3561 5335 hominis

1987 5377 2292 5442 conﬁrmat,
2331 5395 2348 5427 ι
2375 5391 2562 5432 verum
2600 5392 2793 5446 panem
2827 5392 2933 5448 quo
2969 5389 3122 5432 mens
3153 5375 3338 5444 alitur,
3359 5383 3416 5431 et
3439 5374 3556 5431 l‘ru-

2257 5563 2302 5594 “
2325 5561 2467 5617 Psal.
2508 5577 2623 5630 cut,
2662 5562 2750 5616 l5.

377 5751 487 5822 (l5)
512 5751 759 5820 Συνᾲδει
795 5753 898 5808 τοῦ
935 5754 1172 5822 στίχου,
1213 5759 1319 5808 etc.
1353 5749 1531 5807 Codex
1582 5747 1871 5803 Burmcian

2002 5745 2186 5800 Daniel
2210 5744 2280 5798 Ba
2293 5744 2513 5813 rbarus.,
