4020 6152
576 218 705 277 1167

1952 207 2045 261 EX
2091 205 2413 262 ORIGENE.

569 344 715 388 ctum
744 331 867 387 vitis
902 345 1044 386 vera:
1085 326 1443 383 inebriantem
1473 332 1532 378 ut
1559 321 1937 383 fortissimum,
1970 320 2127 374 intel-

2240 318 2463 388 καρδίαν
2505 318 2788 389 ἀνθρώπου
2812 360 2827 382 ,
2879 320 2972 373 καὶ
3026 320 3188 392 ἄρτος
3240 321 3466 394 καρδίαν
3521 320 3811 393 ἀνθρώπω

571 425 734 496 ligere
762 432 993 494 oportet.

2238 410 2500 482 στηρίξει,
2544 429 2562 463 ι
2595 412 2685 465 τὸν
2712 411 2961 482 ἀληθινὸν
3002 413 3164 484 ἄρτον
3200 414 3418 488 νοητὰρν
3458 413 3813 487 τροφιμώταο

566 536 658 573 τον
686 520 815 572 ὄντα
845 522 910 589 τῇ
939 515 1163 587 διανοίᾳ,
1193 512 1287 567 καὶ
1316 512 1378 566 τὸ
1405 510 1651 581 γέννημα
1668 507 1768 579 τῆς
1794 506 2050 578 ἀληθινῆς
2074 504 2315 576 ἀμπέλου
2348 504 2614 577 μεθύσκον
2641 506 2716 568 ὡς
2743 507 3051 577 κράτιστον.

627 619 792 674 Vens.
811 617 866 672 8.
899 618 943 670 Α
973 616 1150 685 [ructu
1178 609 1599 675 frumenti,uini,
1620 618 1670 662 et
1704 607 1805 662 olei
1836 605 2137 673 sui,mutti-

554 711 739 783 plicati
776 718 920 773 sunt,
956 716 1064 763 etc.
1107 706 1162 760 In
1196 704 1456 769 Hebraeo,
1493 719 1512 754 ι
1552 716 1581 755 a
1617 710 1882 770 tempore,
1919 718 1939 753 ι
1970 698 2137 754 hahe-

555 817 665 860 tur.
716 803 916 860 Verum
959 798 1315 869 Septuaginta
1356 796 1460 851 hoc
1509 793 1672 850 modo
1716 790 2132 855 transtulerunt,

555 907 613 953 nt
646 896 808 952 totius
849 891 1130 968 sententiae
1163 901 1355 944 sensus
1386 887 1473 942 hic
1513 885 1584 941 sit
1615 902 1630 942 :
1664 886 1723 941 In
1761 894 2007 956 tempore
2028 896 2136 953 quo

554 985 833 1049 frumenti,
859 982 1048 1040 hordei
1099 990 1155 1037 et
1184 978 1517 1051 leguminum
1544 978 1785 1034 omnium
1811 976 2005 1032 messis
2028 983 2132 1038 est,

554 1075 897 1147 multiplicati
929 1082 1075 1128 sunt.
1105 1070 1209 1138 Qui
1254 1070 1307 1125 in
1339 1078 1585 1137 tempore
1625 1083 1936 1124 mensuram
1970 1065 2133 1121 tritici

554 1169 914 1239 accipiebant,
946 1181 975 1219 a
1022 1174 1266 1232 tempore
1304 1161 1472 1216 tritici
1511 1160 1853 1230 multiplicati
1891 1170 2041 1239 sunt,
2071 1172 2135 1212 eo

551 1236 697 1332 quod
717 1258 1090 1331 opportunitas
1123 1255 1386 1325 temporis
1422 1255 1505 1310 eis
1538 1257 1605 1308 ad
1637 1236 2130 1322 multiplicatio-tem

553 1356 905 1413 conduceret.
950 1349 1062 1405 Hoc
1104 1348 1247 1403 idem
1286 1346 1356 1403 de
1394 1346 1525 1401 vino
1558 1360 1653 1401 cor
1683 1345 1921 1413 hominis
1966 1346 2133 1399 laetiﬁ-

552 1452 711 1501 caute
747 1439 1035 1496 dcendum
1062 1449 1169 1497 est.

624 1628 786 1682 Vsus.
807 1627 861 1691 9,
891 1626 978 1681 10.
1003 1624 1068 1679 In
1092 1641 1218 1694 pace
1248 1625 1302 1678 in
1326 1623 1550 1691 idipsum
1570 1621 1826 1675 dormiant
1854 1631 1900 1674 et
1932 1619 2133 1690 requie-
2167 1630 2209 1685 Β

551 1734 726 1776 ccam:
748 1720 995 1790 quoniam
1017 1728 1099 1784 tu,
1129 1717 1375 1781 Domine,
1398 1715 1739 1786 singulariter
1760 1714 1813 1768 in
1836 1730 1924 1783 spe
1942 1713 2135 1766 conui-

551 1812 699 1865 tm‘sti
726 1827 825 1879 me,
852 1821 958 1866 etc.
989 1808 1045 1864 Si
1070 1824 1136 1865 ex
1164 1822 1399 1877 persona
1426 1805 1633 1863 Christi
1651 1804 1892 1876 psalmus
1908 1803 2129 1869 dicitur,

551 1905 845 1960 secundum
894 1900 1356 1969 magniﬁcentiam
1397 1913 1518 1969 quae
1547 1896 1625 1951 illi
1656 1912 1685 1950 a
1731 1896 1890 1952 Patre
1921 1896 2131 1951 incom-

550 1993 808 2063 parabilis
837 1990 1029 2046 tradita
1056 1999 1162 2058 est,
1192 1990 1265 2045 ita
1296 2000 1357 2044 ut
1393 2003 1550 2044 nemo
1579 1989 1750 2058 possit
1775 2003 1990 2043 omnem
2014 1984 2130 2053 ejus

552 2084 979 2156 magnitudinem
1019 2081 1497 2151 comprehendere,
1556 2088 1949 2149 consequenter
1994 2079 2071 2134 ait
2111 2096 2126 2135 :

556 2198 574 2231 ι
599 2176 955 2248 Singulariter
969 2173 1297 2231 constituisti
1317 2186 1432 2238 me;
1462 2191 1480 2225 ι
1504 2187 1690 2228 verum
1711 2173 1754 2226 si
1773 2188 1838 2226 ex
1856 2171 2131 2240 propheta:

550 2282 812 2338 persona,
840 2266 1096 2320 existimo
1129 2262 1423 2335 significari
1467 2261 1750 2316 raritatem
1798 2262 2127 2327 sanctitatis,

549 2372 604 2417 et
634 2360 873 2413 maxime
898 2359 951 2413 in
991 2353 1434 2427 generationibus
1471 2362 1841 2422 peccatorum,
1872 2355 2131 2421 quemad-

550 2451 771 2507 modum
823 2448 1161 2519 temporibus
1208 2446 1335 2503 Elia:
1383 2446 1603 2510 accidit,
1642 2446 1735 2515 qui
1794 2446 2125 2500 dicebat":

556 2563 575 2596 ι
624 2543 866 2610 Domine,
896 2542 1191 2612 prophetas
1231 2550 1350 2595 tuos
1377 2539 1797 2604 interfecerunt,
1828 2538 2019 2592 altaria
2038 2547 2127 2593 tua

551 2639 957 2699 dcstruxerunt,
988 2642 1044 2689 et
1064 2649 1167 2703 ego
1200 2632 1422 2688 relictus
1443 2647 1562 2687 sum
1590 2630 1790 2687 solum
1813 2629 1976 2686 Forte
2001 2645 2128 2685 vero

548 2728 640 2798 qui
670 2728 916 2783 brevium
951 2727 1151 2795 accipit
1183 2736 1345 2794 atque
1382 2725 1637 2780 omnibus
1681 2725 1798 2780 suis
1839 2724 2129 2779 coaetaneis

547 2820 798 2887 superior
844 2817 1081 2882 exsistit,
1129 2816 1274 2871 hunc
1305 2816 1497 2885 psalmi
1531 2814 1861 2869 versiculum
1894 2828 2129 2882 pronun-

549 2913 724 2966 tiabit.
764 2910 895 2966 Illud
948 2918 1166 2971 autem,
1212 2925 1231 2958 ι
1280 2907 1335 2960 in
1371 2921 1487 2975 spe.
1524 2924 1545 2959 ι
1596 2908 1641 2961 si
1688 2906 1936 2962 Salvator
1986 2908 2129 2961 dicat

2320 600 2453 655 Ἀπὸ
2483 597 2716 668 καρποῦ
2747 596 2944 664 σίτου,
2975 598 3167 663 οἴνου,
3211 597 3313 653 καί
3355 597 3575 652 ἐλαίου
3631 597 3832 653 αὐτῶν

2237 692 2729 762 ἐπληθύνθησαν,
2784 709 2838 746 κ.
2891 711 2943 748 τ.
2992 691 3035 746 ἐ.
3099 692 3186 745 Ἐν
3240 690 3320 763 τῷ
3383 690 3664 763 Ἐϐραῖκῷ
3697 691 3830 763 (16),

2244 805 2264 838 ι
2298 785 2408 839 ἀπὸ
2433 785 2650 858 καιροῦ,
2684 806 2703 839 ι
2739 781 2874 857 εἷχε.
2924 786 3036 841 Καὶ
3062 788 3112 839 οἱ
3157 784 3568 856 Ἐὁδομήκοντα
3599 785 3660 838 δέ
3686 785 3830 839 οὕτω

2233 874 2565 941 τεθείκασιν,
2597 876 2673 941 ὣς
2704 878 2804 949 τῆς
2835 876 2964 949 ὅλης
2995 876 3193 942 λέξεως
3220 871 3361 930 εἶναι
3387 876 3482 929 τὸν
3499 876 3631 929 νοῦν
3653 875 3826 929 τοιοῦ-

2235 986 2354 1024 τον·
2418 970 2507 1023 Ἐν
2560 968 2639 1041 τῷ
2688 969 2866 1042 καιρῷ
2921 968 3031 1025 τῶν
3074 967 3440 1039 θεριζομένων
3490 968 3830 1041 σπερμάτων

2239 1064 2384 1120 σίτου
2435 1065 2531 1120 καὶ
2572 1065 2788 1138 κριθῆς,
2800 1067 2895 1121 καὶ
2929 1066 3038 1119 τῶν
3068 1065 3311 1137 ὀσπρίων
3341 1066 3566 1120 πάντων
3592 1065 3824 1128 τούτων,

2238 1155 2674 1228 ἐπληθύνθησαν.
2700 1157 2764 1210 Οί
2796 1159 2853 1211 ἐν
2884 1156 2963 1228 τῷ
2982 1154 3159 1227 καιρῷ
3188 1154 3251 1207 τὸ
3292 1154 3643 1225 σιτομέτριον
3688 1153 3829 1224 λαμ-

2236 1247 2486 1313 ϐάνοντες
2531 1248 2639 1302 ἀπὸ
2673 1247 2865 1321 καιροῦ
2924 1248 3071 1302 σίτου
3120 1245 3558 1318 ἐπληθύνθησαν,
3617 1246 3707 1300 διὰ
3765 1245 3827 1300 τὸ

2234 1335 2490 1407 εὔκαιρον
2539 1338 2618 1401 είς
2671 1336 2987 1407 πληθυσμδν
3033 1337 3424 1408 ὠφελούμενοι.
3470 1337 3709 1408 Ὁμοίως
3766 1338 3827 1392 δὲ

2234 1429 2326 1480 καὶ
2356 1429 2482 1502 περὶ
2515 1427 2659 1482 οἴνου
2688 1428 2783 1483 τοῦ
2830 1429 3212 1502 εὐφραίνοντος
3243 1429 3473 1502 καρδίαν
3529 1429 3823 1502 ἀνθρώπου

2232 1522 2563 1576 διαλεκτέον.

2317 1616 2414 1671 Ἐν
2452 1616 2659 1687 εἰρήνῃ
2729 1617 2827 1671 ἐπὶ
2883 1617 2951 1672 τὸ
3007 1618 3155 1673 αὐτὸ
3205 1617 3672 1690 κοιμηθήσομαι,
3718 1618 3821 1674 καὶ

2232 1706 2525 1764 ὑπνώσω·
2561 1710 2650 1763 ὅτι
2671 1709 2775 1774 σὺ,
2806 1711 3012 1779 Κύριε,
3064 1711 3217 1766 κατὰ
3248 1712 3443 1781 μόνας
3479 1713 3575 1766 ἐπ’
3618 1712 3824 1766 dixicf:

2233 1800 2573 1868 κατῴκισάς
2595 1820 2691 1873 με,
2727 1821 2780 1857 κ.
2807 1820 2859 1856 τ.
2889 1803 2939 1857 ὲ.
2984 1802 3109 1856 Ἐὰν
3145 1803 3244 1872 μέν
3268 1807 3332 1858 ἐκ
3358 1803 3661 1875 προσώπου
3708 1804 3821 1875 (17)

2232 1891 2327 1945 τοῦ
2350 1893 2588 1966 Χριστοῦ
2609 1895 2637 1946 ό
2652 1893 2865 1966 ψαλμδς
2880 1894 3289 1966 ἀπαγγέλληται
3320 1895 3462 1950 κατὰ
3483 1896 3586 1968 τὴν
3608 1897 3824 1970 διδομέ-

2233 2003 2330 2056 νην
2357 1985 2509 2057 αὑτῷ
2531 1987 2926 2059 μεγαλειότητα
2943 1986 3051 2041 ἀπὸ
3073 1985 3166 2041 τοῦ
3196 1987 3407 2060 Πατρὸς
3427 1988 3823 2061 ἀπαράϐλητην

2229 2076 2416 2144 οὖσαν,
2450 2080 2590 2134 ὥστε
2640 2081 2845 2153 μηδένα
2872 2081 3130 2136 δύνασθαι
3161 2082 3255 2136 τοῦ
3304 2083 3505 2147 παντὸς
3528 2082 3626 2136 τοῦ
3656 2084 3823 2155 μεγέ-

2231 2171 2358 2236 θους
2386 2172 2552 2226 αὐτοῦ
2587 2172 2930 2243 μεταλαϐεῖν,
2966 2173 3275 2238 ἀκολούθως
3302 2174 3437 2246 φησὶ
3465 2173 3548 2240 τὸ,
3607 2195 3625 2226 ι
3657 2175 3822 2230 Κατὰ

2234 2265 2397 2336 μόνας
2415 2264 2723 2337 κατῴκισάς
2750 2282 2836 2336 με.
2868 2285 2887 2318 ›
2933 2267 2997 2320 Ei
3025 2266 3079 2319 δὲ
3112 2269 3176 2320 ἐκ
3206 2265 3496 2337 προσώπου
3539 2265 3637 2319 τοῦ
3683 2283 3822 2339 προ-

2232 2358 2422 2426 φήτου,
2479 2353 2632 2427 οἶμαι
2683 2355 2973 2427 δηλοῦσθαι
3012 2357 3074 2410 τὸ
3128 2356 3351 2411 σπάνιον
3379 2356 3476 2411 τοῦ
3512 2359 3814 2430 ἀγιασμοῦ,

2230 2450 2324 2501 καὶ
2358 2448 2593 2519 μάλιστα
2627 2450 2684 2501 ὲν
2719 2450 2930 2517 γενεαῖς
2962 2448 3321 2520 ἁμαρτωλῶν,
3361 2452 3545 2503 ὁποῖον
3570 2446 3640 2522 ἦν
3667 2452 3731 2504 τὸ
3756 2454 3813 2504 ὲν

2228 2542 2347 2601 ταῖς
2373 2539 2606 2610 ἡμέραις
2643 2539 2821 2592 Ἠλίου
2846 2540 3097 2609 λέγοντος
3115 2559 3127 2571 ·
3164 2559 3183 2591 ι
3206 2541 3415 2613 ιΚύριε,
3443 2544 3573 2606 τοὺς
3601 2543 3812 2615 προφή-

2226 2649 2327 2695 τας
2356 2647 2447 2684 σου
2467 2632 2817 2696 ἀπέκτειναν,
2843 2632 2909 2687 τὰ
2927 2633 3290 2705 θυσιαστήριά
3319 2651 3411 2687 σου
3436 2635 3808 2706 κατέσκαψαν,

2227 2724 2321 2777 καὶ
2347 2724 2458 2793 ἐγὼ
2484 2724 2800 2797 ὑπελήφθην
2839 2726 3019 2797 μόνος.
3052 2745 3070 2777 ι
3098 2728 3250 2797 Τάχα
3282 2727 3339 2780 δὲ
3384 2728 3479 2781 καὶ
3515 2730 3546 2781 ὁ
3593 2726 3808 2799 λαμϐά-

2228 2835 2334 2871 νων
2357 2818 2417 2871 τὸ
2462 2818 2740 2889 βραϐεῖον,
2778 2820 2871 2871 καὶ
2925 2820 3064 2891 ὑπὲρ
3115 2822 3239 2883 τοὺς
3272 2819 3414 2873 κατά
3466 2818 3570 2892 τὴν
3613 2819 3806 2874 ἑαυτοῦ

2226 2912 2419 2982 γενεὰν
2445 2915 2769 2985 γενόμενος,
2806 2915 2924 2985 ἐρεῖ
2952 2914 3052 2986 τὴν
3080 2914 3226 2978 λέξιν
3272 2915 3474 2985 ταύτην
3529 2914 3626 2968 τοῦ
3674 2915 3808 2985 dde

546 3005 711 3078 575
758 3003 1053 3061 secundum
1112 3008 1445 3068 assumptum
1501 2999 1929 3065 humanitatem,
1993 2998 2125 3053 nihil

2231 3005 2356 3077 μοῦ.
2390 3006 2464 3059 Τὸ
2494 3006 2549 3060 δὲ
2571 3046 2585 3070 ,
2630 3025 2648 3058 ι
2682 3008 2768 3060 ἐπ’
2805 3007 3002 3069 ἐλπίδι,
3037 3027 3057 3060 ι
3113 3009 3208 3062 ἐὰν
3235 3008 3333 3079 μὲν
3370 3010 3399 3061 ὁ
3428 3008 3621 3081 Σωτὴρ
3673 3007 3804 3081 λέγῃ

546 3098 746 3153 mirum
788 3110 912 3151 eum
950 3101 1260 3163 sperantem
1302 3091 1420 3145 fore
1450 3100 1509 3146 ut
1541 3091 1594 3145 iu
1617 3092 1895 3161 proprium
1925 3099 2124 3145 statum

551 3190 891 3247 restituatur,
934 3186 1115 3239 dicere
1137 3199 1196 3239 se
1237 3198 1267 3237 a
1300 3184 1410 3238 Deo
1451 3201 1470 3235 ι
1508 3184 1562 3237 in
1591 3199 1686 3253 spe
1720 3203 1740 3237 ι
1772 3183 2125 3237 constitutum

544 3293 689 3346 esse,
710 3279 863 3349 juxta
904 3277 1030 3331 illud
1070 3276 1147 3328 τοι
1177 3293 1195 3326 ι
1231 3275 1483 3332 Claritica
1522 3291 1628 3343 me,
1656 3279 1838 3338 Pater,
1875 3274 2126 3330 claritate

545 3385 708 3438 quam
752 3367 933 3433 habui,
963 3367 1275 3438 priusquam
1329 3367 1564 3422 mundus
1615 3374 1785 3433 esset,
1816 3367 1955 3437 apud
1990 3375 2061 3420 te.
2100 3384 2119 3417 υ

546 3465 734 3521 Potest
766 3463 934 3518 etiam
973 3481 1002 3516 ει
1040 3460 1324 3519 Salvatore
1346 3462 1452 3517 dici
1487 3460 1628 3517 istud
1656 3479 1675 3512 ι
1706 3459 2075 3530 singulariter,
2099 3478 2118 3512 ι

545 3555 618 3611 ob
657 3563 871 3626 tempus
913 3569 1021 3623 quo
1068 3566 1261 3608 omnes
1314 3549 1432 3621 ejus
1481 3551 1730 3621 discipuli
1770 3550 2123 3606 scandalizati

546 3657 673 3704 sunt
715 3660 770 3705 et
808 3647 984 3717 ipsum
1024 3646 1402 3702 deseruerunt.
1435 3643 1547 3700 Nec
1582 3645 1761 3700 minus
1790 3643 1920 3699 illud
1950 3642 2123 3698 maui-

549 3742 745 3796 festum
782 3751 888 3804 est,
920 3736 1139 3795 etiamsi
1179 3752 1211 3793 a
1242 3735 1513 3809 Propheta
1546 3736 1760 3791 dicatur
1792 3752 1812 3786 ι
1847 3734 1900 3788 in
1943 3747 2061 3803 spe,
2096 3752 2115 3786 ι

543 3848 669 3889 cum
688 3832 865 3888 omnis
883 3840 1107 3888 sanctus
1126 3839 1344 3900 propter
1363 3827 1689 3883 charitatem
1709 3825 1892 3883 omnia
1915 3833 2118 3896 speret.

1126 4034 1444 4092 PSALMUS
1480 4034 1541 4089 V.

616 4132 780 4188 Vens.
807 4132 858 4197 l,
887 4132 943 4197 2,
965 4131 1020 4187 5.
1059 4127 1228 4184 Verba
1259 4146 1371 4183 mea
1394 4131 1610 4186 auribus
1629 4132 1849 4200 percipe,
1874 4132 2118 4195 Domine,

543 4222 773 4293 intellige
794 4221 1073 4275 clamorem
1089 4235 1285 4277 meum.
1301 4219 1526 4275 Intende
1549 4223 1661 4275 voci
1688 4222 1947 4276 orationis
1969 4238 2120 4290 meae,

2225 3097 2368 3151 κατὰ
2387 3098 2487 3169 τὴν
2518 3098 2853 3170 οἰκονομίαν,
2883 3100 2945 3154 οὐ
2974 3099 3284 3172 θαυμαστὸν
3315 3101 3604 3167 ἐλπίζοντα
3644 3101 3805 3155 αὑτὸν

2223 3188 2324 3255 τὴν
2378 3188 2513 3243 ίδίαν
2563 3190 3004 3245 ἀποκατάστασιν
3053 3189 3232 3260 λέγειν
3260 3194 3346 3244 ἐπ’
3401 3190 3579 3244 ἐλπίδι
3626 3207 3803 3261 κατῳ-

2225 3279 2408 3333 κίσθαι
2438 3281 2542 3334 ὑπὸ
2564 3280 2656 3335 τοῦ
2687 3282 2846 3345 Θεοῦ,
2867 3282 3010 3337 κατὰ
3038 3282 3119 3343 τὸ,
3158 3301 3177 3334 ι
3206 3281 3438 3349 Δόξασόν
3466 3300 3536 3353 με
3555 3322 3571 3347 ,
3603 3281 3802 3353 Πάτερ,

2225 3374 2291 3444 τῇ
2315 3372 2442 3444 δόξᾳ
2543 3368 2686 3442 εἶχον
2714 3374 2818 3445 πρὸ
2849 3373 2942 3428 τοῦ
2997 3375 3199 3446 κόσμον
3242 3370 3381 3428 εἶναι
3435 3374 3589 3447 παρὰ
3641 3375 3745 3429 σοί.
3777 3394 3799 3430 ι

2226 3465 2460 3520 Δύναται
2497 3466 2749 3537 μέντοιγε
2786 3488 2805 3519 ι
2834 3465 2976 3521 κατὰ
3002 3468 3169 3539 μόνας
3203 3487 3221 3520 ι
3253 3467 3507 3537 λέγεσθαι
3540 3468 3647 3521 ὑπὸ
3692 3469 3804 3522 Σω-

2224 3554 2389 3626 τῆρος
2415 3556 2503 3610 διὰ
2531 3557 2621 3611 τὸν
2652 3557 2842 3630 καιρὸν
2869 3558 2929 3611 ὃν
2961 3559 3162 3623 πάντες
3215 3560 3715 3629 ἐσκανδαλίσθησαν
3751 3562 3800 3612 oi

2231 3645 2469 3718 μαθηταὶ
2492 3645 2655 3700 αὐτοῦ
2679 3646 3071 3710 καταλιπόντες
3102 3649 3284 3703 αὐτόν.
3314 3650 3489 3719 Σαφές
3517 3648 3599 3713 δέ,
3628 3648 3732 3703 κᾶν
3771 3650 3801 3702 δ

2227 3740 2518 3810 Προφήτης
2545 3738 2683 3813 λέγῃ
2712 3756 2814 3803 τις,
2836 3741 2915 3803 τὸ,
2957 3759 2977 3791 ι
3006 3741 3094 3794 ἐπ’
3117 3740 3313 3806 ἐλπίδι,
3347 3760 3365 3794 ι
3400 3741 3604 3805 παντὸς
3640 3741 3801 3810 ἁγίου

2228 3826 2317 3882 διὰ
2339 3827 2436 3900 τὴν
2462 3830 2683 3902 ἀγάπην
2708 3831 2884 3885 πάντα
2903 3831 3233 3897 ἐλπίζοντος.

2805 4034 3097 4090 ΨΑΛΜΟΣ
3142 4035 3216 4088 E'.

2303 4125 2381 4182 Τὰ
2394 4126 2633 4197 ῥήματά
2669 4145 2789 4198 μου
2839 4126 3150 4191 ἐνώτισαι,
3200 4126 3400 4195 Κύριε,
3456 4127 3647 4194 σύνες
3692 4126 3797 4195 τῆς

2224 4218 2495 4290 κραυγῆς
2530 4235 2669 4289 μου·
2717 4220 2994 4290 Πρόσχες
3044 4217 3119 4287 τῇ
3164 4217 3334 4288 φωνῇ
3375 4217 3482 4287 τῆς
3536 4217 3797 4286 δεήσεώς

543 4331 637 4371 rea;
666 4329 811 4368 meus
836 4321 884 4367 et
923 4311 1066 4367 Deus
1119 4328 1285 4377 meus,
1312 4320 1423 4368 etc.
1458 4310 1928 4368 Considerandum
1960 4313 2121 4368 nobis

2231 4330 2359 4379 μου,
2394 4314 2427 4366 ὀ
2447 4312 2745 4379 ,ϐασιλεὺς
2765 4330 2886 4382 μου
2908 4311 3009 4365 καὶ
3041 4315 3074 4366 d
3102 4312 3246 4378 Θεός
3268 4329 3410 4380 μου,
3433 4328 3489 4366 κ.
3519 4328 3571 4366 τ.
3601 4313 3650 4365 ἐ.
3681 4310 3796 4384 Χρὴ

544 4418 627 4461 est
650 4404 865 4476 qualem
911 4404 1115 4460 habere
1149 4417 1379 4460 necesse
1414 4404 1483 4459 sit
1516 4404 1780 4474 spiritalis
1825 4406 1975 4460 vocis
2001 4421 2117 4461 ma-

2231 4405 2368 4475 ἡμᾶς
2397 4405 2598 4457 ἐννοεῖν
2625 4404 2735 4476 (I8)
2767 4407 2950 4485 όποῖον
2972 4402 3202 4475 μέγεθος
3228 4402 3426 4475 νοητῆς
3452 4404 3637 4475 φωνῆς
3658 4403 3797 4475 ἔχειν

545 4498 906 4569 gnitudinem,
956 4510 1062 4565 qua
1113 4494 1208 4551 Dei
1248 4494 1660 4565 intelligentiam
1711 4510 2110 4566 provocemus:

547 4590 674 4643 item
710 4588 1016 4658 hujusmodi
1060 4589 1225 4642 verba
1256 4600 1378 4656 qua:
1414 4584 1646 4642 Domino
1683 4587 2032 4663 conveniant,
2062 4593 2119 4642 et

543 4696 732 4737 vocem
757 4679 1156 4749 deprecationis
1188 4678 1241 4734 in
1270 4677 1479 4733 Domini
1508 4676 1811 4734 attentione
1841 4678 2120 4736 conﬁden-

549 4783 678 4829 tem.
706 4771 876 4829 Nemo
911 4782 1092 4829 autem
1118 4772 1210 4841 qui
1241 4787 1273 4828 a
1305 4780 1527 4841 peccato
1557 4771 1943 4840 regitur,dicet
1968 4773 2113 4829 Deo:

552 4879 572 4914 ι
611 4861 727 4916 Rex
775 4878 964 4929 meus;
1001 4881 1017 4914 ι
1058 4871 1112 4917 et
1159 4875 1391 4933 quorum
1433 4855 1570 4916 deus
1607 4870 1798 4915 venter
1831 4870 1944 4925 est,
1974 4862 2115 4916 haud

546 4953 730 5008 dicent
760 4954 869 5009 Deo
898 4971 913 5009 :
957 4971 977 5005 ι
1008 4952 1148 5008 Deus
1171 4966 1342 5006 meus.
1376 4968 1395 5003 ι

617 5043 783 5099 Vens.
812 5046 864 5099 ι.
908 5043 1067 5098 Mane
1114 5043 1365 5096 exaudies
1416 5056 1588 5094 vocem
1635 5056 1826 5107 meam,
1860 5050 1963 5095 etc.
2014 5040 2118 5109 Qui

545 5137 740 5206 abiecit
770 5151 931 5209 Opera
962 5135 1308 5191 tenebrarum
1339 5142 1395 5188 et
1422 5129 1597 5187 induit
1646 5148 1794 5184 arma
1825 5132 1983 5199 lucis,
2004 5133 2117 5187 ιιαεε

545 5231 708 5287 verba
737 5228 994 5299 proferat.

616 5346 660 5378 ⁸³
688 5340 755 5397 Ill
777 5345 908 5413 Reg.
941 5357 1055 5404 XIX.
1086 5341 1172 5397 i0.
1249 5341 1295 5377 ⁷ο
1327 5338 1486 5396 Joan.
1511 5355 1647 5407 xvu,
1669 5338 1725 5399 5.

620 5432 1301 5507 (16)-ἘντῷςΕὸραῖκῷ,
1361 5444 1465 5507 etc.
1516 5431 1727 5507 Partim
1800 5430 2115 5498 Corderius,

547 5501 871 5572 codex'Roe,
896 5517 948 5559 et
974 5504 1277 5570 Barbarus;
1306 5504 1485 5559 omnia
1516 5501 1707 5558 Latine
1732 5514 1953 5559 exstant
1978 5507 2118 5575 apud

549 5576 921 5712 Βδίτίὶὂῒηξὲξάν
956 5642 1074 5712 μὲν
1127 5643 1195 5697 ἐκ
1251 5643 1594 5713 προσώπου,
1650 5654 1755 5701 etc.
1807 5645 2112 5712 Cordcrius,

551 5715 847 5778 Barbarus,
873 5721 1041 5771 codex
1065 5713 1198 5771 Roe.

2222 4497 2322 4561 δεῖ,
2386 4499 2472 4566 ἐφ’
2502 4490 2547 4565 ᾧ
2572 4496 2892 4570 καλέσωμεν
2921 4496 3018 4569 τὴν
3051 4497 3266 4551 σύνεσιν
3311 4495 3406 4549 τοῦ
3470 4495 3607 4549 Θεοῦ
3633 4513 3646 4524 ·
3704 4496 3796 4551 καὶ

2223 4589 2449 4644 τοιαῦτα
2474 4592 2695 4662 ῥήματα
2720 4590 3031 4662 ἁρμόζοντα
3063 4590 3139 4654 ὡς
3174 4588 3255 4660 τῷ
3309 4587 3521 4661 Κυρίῳ,
3558 4589 3653 4642 καὶ
3686 4606 3794 4659 φω-

2225 4680 2322 4754 νὴν
2344 4683 2579 4754 δεήσεως
2604 4682 2914 4755 θαρροῦσαν
2949 4682 3044 4737 καὶ
3066 4681 3161 4735 ἐπὶ
3204 4683 3269 4753 τῇ
3296 4684 3537 4753 προσοχῇ
3569 4681 3662 4735 τοῦ
3704 4683 3796 4734 Δε-

2226 4774 2445 4827 σπότου.
2468 4773 2657 4838 Οὐδεὶς
2690 4774 2747 4828 δὲ
2775 4774 2880 4828 ὑπὸ
2924 4774 3197 4849 ἁμαρτίας
3230 4773 3645 4846 βασιλευόμενος
3685 4775 3798 4846 ἐρεῖ

2222 4863 2298 4935 τῷ
2326 4865 2443 4936 Θεῷ
2464 4882 2477 4897 ·
2518 4885 2537 4918 ι
2574 4867 2632 4920 '0
2662 4866 2914 4937 βασιλεύς
2949 4883 3053 4939 μου
3072 4884 3120 4919 ’ν
3154 4868 3248 4921 καὶ
3271 4860 3346 4922 ὧν
3390 4867 3565 4939 θεδςή
3599 4866 3793 4930 κοιλία,

2221 4955 2321 5008 οὐκ
2353 4955 2558 5026 ἐροῦσι,
2599 4976 2617 5008 ι
2652 4957 2788 5022 Θεός
2825 4976 2948 5030 μου,
2986 4978 3006 5012 ι
3040 4957 3118 5031 τῷ
3148 4958 3288 5030 Θεῷ.

2300 5046 2369 5099 Td
2400 5049 2551 5116 πρωῒ
2571 5052 2908 5119 είσακούσῃ
2936 5049 3047 5119 τῆς
3072 5051 3279 5121 φωνῆς
3302 5070 3437 5122 μου,
3464 5069 3518 5105 κ.
3552 5068 3602 5105 τ.
3641 5052 3691 5105 ἑ.
3740 5051 3797 5105 '0

2221 5136 2557 5211 ἀποθέμενος
2590 5142 2701 5214 (19)
2727 5145 2795 5196 τὰ
2830 5144 2969 5215 ἔργα
2995 5143 3091 5197 τοῦ
3140 5144 3383 5209 σκάτους,
3440 5144 3534 5199 καὶ
3571 5144 3794 5199 ἐνδυσά-

2220 5244 2379 5298 μενος
2420 5232 2487 5286 τὰ
2531 5234 2670 5287 ὅπλα
2694 5234 2789 5288 τοῦ
2818 5235 3016 5305 φωτὸς,
3039 5235 3210 5291 ταῦτα
3238 5236 3440 5305 λεγέτω
3459 5236 3527 5290 τὰ
3551 5239 3789 5309 ῥήματα.

2300 5438 2412 5510 (i8)
2446 5438 2571 5509 Χρὴ
2623 5440 2783 5510 ἡμᾶς
2815 5441 3074 5509 ἐννοεῖν,
3105 5453 3211 5497 etc.
3249 5442 3539 5508 Barbarus,
3594 5440 3795 5498 Corde-

2227 5511 2363 5569 rius.
2389 5520 2441 5565 et
2470 5511 2685 5564 schedae
2712 5528 2839 5565 mss.
2869 5512 3083 5569 Ernesti
3109 5513 3316 5567 Grnhii.

2222 5580 2408 5705 ba(‘9)
2454 5580 2506 5632 Ὀ
2531 5581 2918 5651 ἀποθέμενος.
2950 5592 3058 5637 etc.
3118 5584 3342 5638 Schedtc
3400 5581 3609 5648 Grabii,
3659 5576 3790 5637 Bar-

2299 5669 2409 5705 rus-

2299 5669 2409 5706 rus.
