4020 6152
587 243 723 298 ΗΠ

2003 237 2096 293 EX
2133 236 2435 295 ORIGENE

3728 237 3851 292 “72

584 360 807 416 motheo
840 375 855 412 :
897 374 916 407 ι
944 354 1018 411 Ut
1049 354 1193 411 scias
1229 354 1500 423 quomodo
1530 362 1584 409 te
1628 362 1879 424 oporteat
1906 354 1959 408 in
2009 354 2161 409 domo

2269 355 2401 425 οἴκῳ
2430 350 2635 424 Κυρίου
2674 352 3106 424 ἀναστρέφεσθαι
3144 391 3159 415 ,
3209 352 3337 423 ἥτις
3369 350 3529 404 ἐστὶν
3572 351 3849 422 Ἐκκλησία

586 450 799 507 Domini
853 448 1189 514 conversari,
1231 463 1353 518 quae
1405 458 1490 504 est
1540 446 1780 504 Ecclesia
1823 448 1919 505 Del
1971 449 2099 503 vivi.
2136 467 2156 501 ι

582 543 747 596 Juxta
774 547 1063 608 utramque
1091 539 1584 594 considerationem
1623 539 1925 611 ingreditur
1953 540 2075 610 quis
2106 541 2160 595 in

584 632 806 687 domum
838 631 1048 686 Domini
1080 640 1135 686 et
1164 630 1358 686 adorat
1384 633 1451 686 ad
1479 632 1737 702 templum
1756 642 2004 689 sanctum
2022 632 2159 701 ejus,

585 724 758 790 magis
815 722 997 776 divina
1054 722 1432 779 misericordia
1469 740 1630 795 quam
1678 725 1897 797 propria
1947 726 2161 780 vivendi

586 815 802 870 ratione
830 823 887 870 et
918 815 1148 870 consilio
1171 814 1366 871 fretus.

658 906 825 962 Vens.
867 906 955 961 il.
995 904 1192 962 Judica
1234 907 1549 977 illos,;Deus
1577 907 1862 963 :decidant
1904 925 1935 962 a
1967 909 2163 979 cogita-

587 1003 822 1057 tionibus
867 1005 1001 1059 suis.
1059 999 1362 1058 Secundum
1411 1006 1799 1059 multitudinem
1834 1006 2161 1076 impietatum

586 1110 770 1149 eorum
798 1092 998 1164 expelle
1023 1110 1132 1159 eos,
1159 1096 1407 1163 quoniam
1446 1096 1781 1149 irritaverant
1813 1107 1883 1164 te,
1919 1096 2159 1162 Domine,

585 1193 694 1242 etc.
728 1185 984 1242 Peccanti
1029 1187 1203 1257 magis
1245 1187 1523 1259 expedita
1569 1187 1679 1242 Deo
1708 1186 1963 1255 iudicari,
1999 1202 2161 1256 quam

584 1292 707 1335 esse
736 1287 890 1333 extra
923 1277 1040 1346 ejus
1062 1278 1350 1349 judicium.
1391 1277 1655 1333 Decidere
1689 1286 1867 1331 autem
1908 1292 1939 1332 ο
1978 1279 2163 1348 pravis

586 1369 1026 1442 cogitationibus,
1058 1370 1283 1425 minime
1310 1368 1507 1424 malum
1536 1381 1622 1424 est
1655 1369 1948 1438 decidenti,
1978 1370 2070 1441 qui
2094 1371 2160 1424 ad

587 1460 790 1516 malum
821 1461 1036 1516 illarum
1086 1460 1247 1516 ﬁnem
1298 1476 1402 1516 non
1440 1461 1706 1531 pervenit,
1748 1462 1890 1517 sicut
1929 1476 2031 1517 nec
2064 1462 2163 1518 bo-

586 1572 716 1612 num
750 1566 855 1623 est,
904 1557 971 1611 ad
1011 1555 1174 1612 tinem
1224 1558 1509 1613 meliorum
1548 1572 1654 1613 non
1690 1558 2015 1629 pertingere.
2066 1560 2164 1616 Est

584 1663 717 1706 vero
749 1649 886 1705 scitu
906 1648 1203 1719 jucundum
1237 1664 1336 1705 cur
1360 1665 1466 1706 non
1510 1650 1731 1717 dixerit,
1767 1651 1910 1706 unde
1930 1651 2163 1721 expelle-

590 1751 692 1809 ret,
719 1757 786 1796 ne
810 1742 861 1796 id
887 1740 1069 1798 multis
1097 1741 1442 1813 perspicuum
1470 1741 1632 1798 foret.
1664 1742 1931 1800 Existimo
1974 1759 2066 1801 eos
2094 1743 2163 1799 ab

585 1835 701 1905 ipso
722 1832 980 1904 expulsos
1021 1831 1190 1889 fuisse
1220 1834 1287 1887 ab
1316 1832 1686 1903 impietatibus
1720 1836 1834 1890 suis
1862 1834 2161 1890 secundum

585 1929 987 1984 multitudinem
1015 1942 1226 1983 earum.
1262 1925 1450 1996 Neque
1477 1929 1621 1982 enim
1658 1929 1799 1983 Deus
1833 1943 1860 1980 a
1885 1941 1942 1981 se
1973 1941 2163 1997 quem-

583 2036 746 2091 quam
791 2018 1024 2086 repellit.
1061 2017 1219 2086 Nam,
1262 2019 1441 2088 inquit
1477 2019 1544 2085 ",
1580 2036 1599 2070 ι
1640 2019 1729 2088 qui
1763 2019 2017 2090 elongant
2044 2033 2103 2075 se
2131 2035 2160 2074 a

587 2123 660 2180 te,
695 2114 963 2182 peribunt.
1006 2130 1026 2163 ι

656 2202 818 2275 5⁵17
853 2200 1018 2257 Vens.
1053 2202 1107 2258 9.
1145 2201 1386 2262 Domine,
1411 2203 1577 2257 deduc
1614 2220 1696 2257 me
1723 2204 1776 2257 in
1810 2203 2022 2274 justitia
2072 2215 2162 2261 tua

584 2304 801 2365 propter
825 2295 1069 2349 inimicos
1100 2307 1242 2359 tuos,
1272 2295 1443 2365 dirige
1473 2297 1530 2348 in
1560 2309 1838 2366 conspectu
1885 2308 1975 2351 tuo
2026 2298 2163 2352 viam

583 2406 779 2455 meam,
803 2400 908 2444 etc.
927 2387 1029 2457 Qui
1059 2388 1159 2443 sibi
1188 2390 1441 2459 proponit
1473 2401 1621 2444 recte
1643 2389 1850 2445 sentire
1871 2399 1926 2446 ct
1958 2388 2161 2455 facere,

583 2481 784 2535 nmltos
829 2478 1177 2535 adversarios
1211 2478 1392 2534 habet.
1436 2478 1574 2535 Sunt
1608 2481 1753 2534 enim
1804 2491 1859 2536 et
1915 2481 2164 2539 homines

582 2590 638 2631 et
664 2577 936 2645 diemones
967 2575 1166 2630 invidia
1194 2573 1359 2644 pleni,
1382 2589 1519 2644 quos
1541 2575 1682 2630 bona
1713 2586 1857 2630 recte
1885 2578 2160 2645 agentium

583 2667 932 2722 contristant.
962 2666 1016 2722 Id
1039 2682 1161 2722 cum
1190 2669 1528 2737 perspiceret
1569 2665 1869 2736 Propheta,
1892 2683 1997 2722 non
2030 2682 2161 2738 pro-

584 2761 717 2833 priae
762 2775 873 2816 sua:
905 2761 1095 2814 virtuti
1126 2759 1317 2815 tribuit
1360 2773 1603 2829 pugnare
1636 2771 1826 2815 contra
1852 2775 1952 2815 eos
1979 2761 2070 2831 qui
2105 2761 2161 2815 in

2263 444 2396 499 Θεοῦ
2429 443 2650 509 ζῶντος.
2683 462 2703 497 ι
2742 445 2879 499 Κατ’
2905 445 3222 519 ἀμφοτέρας
3263 445 3513 519 θεωρίας
3556 442 3849 516 είσέρχεταξ

2262 553 2345 601 τις
2366 537 2447 599 εἰς
2468 535 2559 588 τὸν
2588 531 2734 589 οἷκον
2764 536 2858 589 καὶ¹
2884 539 3182 607 προσκυνεῖ
3209 539 3350 608 πρὸς
3383 536 3523 591 ναὸν
3571 535 3669 588 τὸν
3708 534 3848 603 ἆγιον

2263 628 2490 698 Κυρίου,
2519 628 2654 699 ὲλὲῳ
2709 627 2843 682 Θεοῦ
2895 628 3096 700 μᾶλλον
3142 629 3176 700 ἢ
3228 628 3413 701 οἰκείᾳ
3468 627 3727 700 πολιτείᾳ
3768 631 3851 682 καὶ

2264 721 2548 791 φρονήσει.

2334 901 2553 971 Κρῖνον
2599 901 2846 970 αὐτοὺς,
2870 905 2904 957 ὁ
2955 903 3101 969 Θεός
3121 919 3135 933 ·
3171 902 3678 957 ἁποπεσάτωσαν
3745 900 3852 956 ἀπὸ

2264 994 2383 1049 τῶν
2442 994 2804 1050 ὃιαϐουλιῶν
2852 995 3068 1050 αὐτῶν.
3111 997 3272 1051 Κατὰ
3328 996 3395 1049 τὸ
3453 993 3701 1063 πλῆθος
3746 994 3854 1048 τῶν

2262 1084 2551 1140 ἀσεϐειῶν
2581 1084 2780 1140 αὐτῶν
2806 1084 3043 1151 ἐξωσον
3059 1085 3280 1152 αὐτοὺς
3300 1127 3318 1153 ,
3355 1084 3449 1140 ὅτι
3484 1085 3854 1153 παρεπίκρα-

2262 1177 2380 1231 mir
2405 1194 2500 1239 σε,
2527 1178 2720 1245 Κύριε,
2747 1194 2801 1230 κ.
2842 1194 2892 1231 τ.
2927 1179 2975 1233 έ.
3005 1178 3095 1249 Τῷ
3125 1177 3498 1250 ἁμαρτάνοντι
3528 1175 3647 1247 (23)
3712 1177 3851 1229 λυσι-

2264 1269 2408 1322 τελεῖ
2438 1268 2636 1340 μᾶλλον
2666 1270 2770 1322 ὑπὸ
2793 1269 2927 1323 Θεοῦ
2948 1270 3220 1341 κριθῆναι,
3245 1269 3277 1342 ἢ
3307 1269 3414 1336 ἔξω
3433 1265 3580 1324 εἶναι
3608 1268 3716 1339 τῆς
3735 1270 3848 1339 κρί-

2266 1376 2424 1423 σεως.
2442 1360 2553 1413 Καὶ
2578 1358 2639 1413 τὸ
2665 1359 2773 1413 ἀπὸ
2802 1360 3092 1431 μοχθηρῶν
3117 1360 3437 1415 διαϐουλιῶν
3461 1363 3776 1414 ἀποπεσεῖν
3794 1360 3849 1413 ού

2264 1451 2433 1506 κακὸν
2452 1450 2530 1523 τῷ
2548 1452 2932 1517 ἀποπίπτοντι,
2961 1453 3060 1506 οὐκ
3099 1450 3378 1524 ἐρχομένῳ
3412 1454 3509 1507 ἐπὶ
3549 1452 3620 1506 τὸ
3655 1452 3854 1524 μοχθη-

2267 1544 2359 1616 ρὸν
2378 1544 2556 1599 αὐτῶν
2586 1545 2743 1608 τέλος
2762 1562 2775 1575 ’
2807 1545 2883 1609 ὡς
2913 1546 2974 1599 ού
3011 1545 3174 1600 καλὸν
3226 1544 3338 1600 τῶν
3394 1547 3740 1617 κρειττόνων
3784 1545 3851 1617 μὴ

2265 1638 2359 1691 ἐπὶ
2389 1636 2542 1701 τέλος
2558 1637 2750 1691 ἐλθεῖν.
2782 1637 2931 1690 Πάνυ
2964 1637 3021 1690 δὲ
3073 1636 3280 1707 χαρίεν,
3333 1636 3454 1701 πῶς
3496 1638 3605 1692 οὐκ
3663 1638 3851 1709 εἴρηκε

2192 1705 2234 1761 Β
2266 1728 2431 1784 πόθεν
2464 1729 2685 1797 έξωσεν,
2712 1730 2798 1783 ἵνα
2834 1728 2909 1800 μὴ
2927 1731 3037 1791 τοῖς
3060 1705 3275 1792 πολλοῖς
3301 1728 3474 1799 σαφὲς
3499 1725 3561 1803 ᾖ.
3576 1705 3755 1800 οἶμαι
3777 1705 3848 1790 te.

2263 1825 2345 1878 ὅτι
2372 1823 2480 1879 ἀπὸ
2510 1822 2616 1876 τῶν
2646 1821 2910 1876 ἀσεϐειῶν
2932 1820 3111 1876 αὐτῶν
3137 1821 3275 1874 κατά
3299 1821 3360 1874 τὸ
3406 1820 3625 1893 πλῆθος
3650 1822 3849 1876 αὐτῶν.

2264 1918 2339 1971 Οὐ
2371 1915 2480 1989 γὰρ
2518 1917 2610 1986 ἀφ’
2632 1915 2824 1970 ἑαυτοῦ
2852 1914 3046 1981 ἐξωθεῖ
3092 1915 3121 1967 ὁ
3145 1914 3277 1977 Θεός
3325 1931 3486 1979 τινας
3509 1932 3524 1945 ο
3580 1934 3603 1967 ε
3638 1917 3703 1969 οξ
3747 1915 3850 1988 γὰρ

2266 2006 2668 2080 μακρύνοντες,
2733 2008 2897 2079 φησὶν
2920 2045 2937 2072 ,
3003 2006 3228 2070 ἑαυτοὺς
3277 2007 3385 2061 ἀπὸ
3417 2005 3538 2075 σοῦ,
3595 2006 3853 2062 ἀπολούν-

2263 2117 2377 2157 ται.
2413 2119 2433 2153 1

2333 2194 2532 2262 Κύριε,
2551 2192 2861 2263 όδήγησόν
2879 2208 2956 2264 με
2980 2191 3052 2245 ἐν
3077 2191 3153 2261 τῇ
3180 2190 3538 2259 δικαιοσύνῃ
3571 2205 3699 2247 σου
3728 2191 3854 2246 ἓνε-

2262 2304 2339 2340 κα
2363 2286 2481 2342 τῶν
2501 2283 2731 2356 ἐχθρῶν
2749 2302 2889 2354 μου.
2907 2283 3276 2338 κατεύθυνον
3307 2282 3572 2338 ἐνώπιόν
3589 2297 3715 2338 σου
3741 2283 3854 2351 τὴν

2262 2376 2407 2432 ὁδόν
2450 2396 2592 2448 μου,
2646 2394 2700 2430 κ.
2750 2393 2800 2429 τ.
2845 2376 2888 2430 ὲ.
2941 2376 3000 2429 ὐ
3053 2375 3440 2447 προτιθέμενος
3506 2376 3627 2449 (24)
3678 2376 3851 2449 ὀρθῶς

2263 2473 2477 2542 φρονεῖν
2516 2469 2609 2523 καὶ
2640 2468 2920 2541 πράττειν,
2957 2467 3181 2532 πολλοὺς
3224 2467 3503 2532 ἐναντίους
3551 2467 3694 2539 ἔχει.
3727 2470 3847 2523 Εἰσὶ

2260 2562 2369 2633 γὰρ
2407 2562 2501 2616 καὶ
2531 2560 2804 2633 ἄνθρωποι
2825 2559 3184 2631 καὶδαίμονες
3209 2558 3480 2633 φθονεροὶ,
3509 2559 3847 2633 λυπούμενοι

2260 2655 2354 2708 ἐπὶ
2386 2656 2498 2718 τοῖς
2521 2653 2745 2723 ἀγαθοῖς
2774 2652 2878 2707 τῶν
2899 2653 3328 2727 κατορθούντων.
3346 2653 3521 2708 Τοῦτο
3548 2655 3605 2708 δὲ
3637 2654 3849 2727 θεωρή-

2263 2762 2363 2810 σας
2386 2747 2482 2801 καὶ
2508 2746 2537 2799 ὁ
2565 2744 2925 2818 προκείμενος
2955 2746 3017 2799 οὐ
3058 2748 3123 2817 τῇ
3166 2743 3361 2798 ἑαυτοῦ
3393 2745 3623 2817 δυνάμει
3652 2746 3848 2801 δέδωκε

585 2869 647 2910 se
684 2854 1053 2922 insurgerent,
1079 2854 1171 2909 sed
1197 2852 1471 2906 invocavit
1504 2853 1673 2907 Deum
1712 2862 1772 2907 ut
1807 2869 2026 2908 manum
2056 2853 2156 2922 ipsi

2265 2837 2321 2890 τὸ
2346 2836 2723 2909 ἀπομάχεσθαι
2763 2840 2876 2902 τοῖς
2908 2837 3275 2910 ἐπικειμένοις
3318 2839 3440 2891 κατ’
3471 2837 3665 2904 αὐτοῦ,
3708 2838 3842 2893 ἀλλὰ

589 2943 918 3015 porrigeret,
950 2956 1053 3011 qua
1088 2941 1378 2997 incolumis
1400 2944 1659 2997 evaderet
1688 2957 1718 2997 a
1760 2954 1839 2998 tot
1890 2944 2158 3013 tantisque

2260 2929 2598 3003 παρεκάλεσε
2627 2929 2716 2984 τὸν
2747 2929 2880 2985 Θεὸν
2925 2933 3084 3003 χεῖρα
3120 2930 3267 3001 αὐτῷ
3312 2930 3499 3004 ὀρέξαι
3539 2931 3843 2996 σκεπάζου-

584 3036 857 3102 hostibus,
886 3035 1071 3090 dicens
1102 3051 1117 3088 :
1156 3034 1298 3104 Ipse,
1329 3035 1574 3101 Domine,
1605 3036 1777 3090 deduc
1804 3050 1891 3092 me
1920 3036 1971 3090 in
1997 3037 2158 3107 justi-

2265 3037 2359 3074 σαν
2385 3019 2547 3074 αὐτὸν
2574 3018 2784 3089 ἀϐλαόῆ
2814 3019 2921 3073 ἀπὸ
2945 3020 3053 3073 τῶν
3086 3020 3355 3075 τοσούτων
3385 3022 3480 3073 καὶ
3508 3022 3844 3090 τηλικούτων

588 3130 664 3184 tia
694 3137 817 3195 tua;
855 3127 937 3183 sic
964 3127 1109 3182 enim
1132 3126 1227 3182 ﬁet
1263 3137 1322 3182 ut
1350 3128 1403 3181 in
1431 3139 1722 3198 conspectu
1760 3135 1852 3182 tuo
1890 3128 2158 3199 dirigatur

585 3238 671 3277 VIa
704 3236 849 3276 mea.

659 3380 825 3435 Vens.
855 3381 944 3448 10,
977 3380 1063 3436 Η.
1100 3379 1369 3446 Quoniam
1394 3397 1497 3435 non
1519 3391 1595 3435 est
1620 3382 1675 3434 in
1704 3398 1793 3436 ore
1821 3398 2002 3437 eorum
2028 3382 2162 3438 veri-

583 3484 665 3526 tas
696 3489 715 3527 :
738 3490 832 3527 cor
855 3489 1036 3529 eorum
1060 3489 1251 3526 vanum
1277 3484 1373 3526 est.
1396 3472 1709 3543 Sepulcrum
1734 3485 1917 3542 patens
1944 3484 2022 3529 est
2042 3486 2160 3545 gut-

584 3575 673 3618 tur
699 3581 905 3629 eorum,
934 3563 1128 3634 linguis
1145 3566 1257 3619 suis
1281 3565 1460 3620 dolose
1483 3567 1731 3635 agebant,
1751 3577 1859 3625 etc.
1886 3567 2020 3623 Cum
2053 3569 2160 3624 ini-

587 3658 715 3714 mici
746 3658 1043 3730 impediant
1066 3658 1354 3727 quominus
1376 3659 1463 3713 via
1499 3669 1588 3713 tua
1620 3660 1908 3731 perspicua
1937 3662 2009 3717 sit
2031 3677 2163 3719 ocu-

585 3750 652 3805 lis
687 3752 844 3815 meis,
876 3761 931 3805 tu
980 3750 1154 3822 dirige
1183 3766 1305 3807 eam
1361 3751 1416 3805 in
1473 3763 1770 3823 conspectu
1834 3769 1976 3810 meo.
2027 3753 2160 3811 Novi

582 3844 733 3899 enim
771 3843 890 3899 illos
926 3845 979 3899 in
1009 3844 1077 3899 iis
1122 3859 1242 3914 qua».
1267 3846 1332 3901 de
1363 3845 1448 3899 via
1489 3845 1835 3914 pollicentur,
1877 3861 2006 3902 vera
2056 3862 2162 3901 non

584 3932 786 3996 dicere,
813 3951 878 3989 eo
912 3938 1055 4006 quod
1090 3952 1195 3991 non
1248 3936 1321 3990 sit
1366 3936 1419 3991 in
1455 3952 1550 3991 ore
1592 3951 1782 3993 eorum
1826 3938 2049 4003 veritas,
2105 3948 2162 3993 et

584 4044 786 4082 vanum
816 4029 890 4083 sit
913 4045 1010 4083 cor
1032 4045 1248 4085 eorum.
1275 4030 1471 4087 Omnia
1489 4041 1669 4086 autem
1698 4046 1817 4101 qua:
1846 4031 2164 4101 pronuntiat

587 4130 773 4192 guttur
801 4136 1008 4186 eorum,
1044 4131 1256 4179 mortua
1292 4132 1437 4189 sunt,
1470 4123 1614 4194 quod
1646 4124 1821 4194 ipsum
1854 4124 2160 4193 sepulcrum

585 4226 778 4284 patens
805 4214 895 4269 sit.
921 4212 1059 4281 Quin
1091 4226 1148 4271 et
1176 4216 1527 4287 sophismatis
1555 4216 1696 4286 pleni
1731 4226 1856 4271 sunt
1884 4230 2161 4271 sermones

586 4323 800 4363 corum.

664 4493 823 4549 Vens.
862 4493 951 4548 12.
988 4491 1056 4548 In
1082 4500 1335 4549 aeternum
1359 4493 1714 4562 exsultabant,
1741 4504 1791 4547 et
1825 4492 2086 4547 habitabis
2106 4493 2164 4546 in

586 4590 683 4654 eis,
720 4596 826 4643 etc.
867 4587 1034 4657 Αῖων,
1067 4589 1348 4657 saeculum,
1382 4599 1467 4645 est
1496 4599 1730 4662 systema
1753 4588 2058 4660 physicum,
2094 4603 2161 4642 ex

588 4680 755 4735 variis
807 4681 1130 4751 corporibus
1166 4679 1504 4739 ditl‘erentias
1544 4681 1829 4737 continens
1870 4679 2163 4735 rationales

587 4779 808 4840 prOpter
838 4769 931 4826 Dei
968 4771 1360 4842 cognitionem.
1403 4772 1458 4827 ln
1507 4780 1792 4835 aeternum,
1834 4770 2032 4839 inquit,
2064 4783 2161 4823 ex-

589 4862 897 4931 sultabunt,
930 4863 1190 4933 quaniam
1225 4872 1427 4919 aeterna
1458 4863 1592 4934 ipsis
1613 4871 1700 4918 est
1735 4863 2018 4919 habitatio.

661 4957 730 5011 Et
767 4956 1139 5027 gloriabuntur
1185 4958 1244 5011 in
1289 4965 1338 5011 te
1372 4972 1549 5011 omnes
1580 4957 1669 5027 qui
1710 4956 1938 5027 diligunt
1975 4974 2163 5012 nomen

590 5061 759 5115 tuum,
783 5049 1031 5117 quoniam
1069 5058 1127 5102 tu
1159 5048 1425 5103 benedice:
1454 5047 1626 5117 justo,
1669 5046 1914 5114 Domine,
1949 5059 2057 5103 etc.
2106 5048 2162 5103 Si

593 5140 845 5194 meliores
873 5147 999 5193 sunt
1020 5139 1111 5208 qui
1141 5137 1371 5208 diligunt
1401 5152 1562 5206 quam
1589 5138 1684 5206 qui
1717 5140 1929 5201 timent,
1961 5139 2165 5209 gloria-

594 5234 667 5287 tio
702 5233 874 5301 magis
892 5235 1149 5287 convenit
1176 5232 1546 5303 diligentibus.
1573 5232 1628 5286 Si
1646 5244 1769 5300 qua:
1789 5238 1970 5284 autem
1997 5229 2163 5283 etiam

662 5325 707 5358 τ’
738 5322 883 5380 Psal.
914 5339 1084 5388 Lxxn,
1111 5324 1203 5379 27.

665 5440 779 5514 (25)
847 5438 931 5506 Τῷ
974 5439 1392 5511 ἁμαρτάνοντι,
1451 5450 1557 5496 etc.
1595 5437 1910 5502 Corderius,
1961 5437 2165 5493 Barba-

662 5531 706 5567 So

594 5531 777 5666 Ὗῖὲα)
814 5582 879 5636 '0
907 5580 1346 5654 προτιθέμενος,
1378 5592 1484 5638 etc.
1508 5580 1678 5638 Codd.
1704 5580 1834 5645 Roe,
1866 5587 1919 5636 et
1963 5578 2164 5634 Baroc-

594 5670 1078 5797 (13%;).‘Exowr
1127 5722 1597 5797 ἐμποδιζόντων,
1650 5731 1752 5780 etc.
1796 5718 1962 5778 Iidem
2006 5718 2164 5777 codd.

2263 3110 2560 3182 πολεμίων,
2609 3111 2851 3181 φάσκων·
2901 3111 3092 3177 Αὐτὸς,
3145 3105 3190 3165 ὦ
3233 3112 3516 3176 Δέσποτα,
3580 3112 3845 3184 ὀδήγησόν

2265 3220 2333 3275 με
2368 3206 2426 3257 ὲν
2456 3207 2522 3276 τῇ
2555 3202 2875 3277 δικαιοσύνῃ
2913 3220 3027 3257 σουο
3069 3204 3213 3257 οὕτω
3242 3204 3351 3274 γὰρ
3383 3203 3759 3277 κατορθωθείη
3785 3205 3846 3258 τὸ

2262 3296 2361 3368 τὴν
2389 3295 2509 3350 ὁδόν
2537 3313 2639 3368 μου
2671 3295 2899 3350 ἐνώπιόν
2931 3313 3025 3349 σου
3054 3295 3508 3365 κατευθυνθῆναι.

2336 3388 2463 3441 ’Ότι
2491 3389 2604 3442 οὐκ
2630 3386 2807 3441 ἐστιν
2849 3387 2920 3441 ἐν
2949 3385 3030 3452 τῷ
3070 3387 3321 3456 στόματι
3351 3385 3554 3440 αὐτῶν
3576 3385 3840 3453 ἀλήθεια,

2262 3480 2302 3547 ἠ
2349 3477 2563 3547 καρδία
2614 3476 2814 3532 αὐτῶν
2860 3477 3102 3547 ματαία.
3165 3474 3356 3545 Τάφος
3408 3477 3783 3545 ἀνεῳγμένος
3809 3479 3841 3530 ὁ

2262 3567 2495 3639 λάρυγξ
2548 3567 2764 3623 αὐτῶν·
2815 3567 2944 3634 ταῖς
2982 3566 3294 3637 γλώσσαις
3332 3564 3533 3620 αὐτῶν
3575 3566 3841 3622 ἐδολιοῦ-

2263 3676 2404 3726 σαν,
2452 3677 2508 3714 κ.
2553 3677 2604 3715 τ.
2643 3662 2691 3715 ἑ.
2751 3660 2988 3732 Ἐχθρῶν
3034 3657 3431 3730 ἐμποδιζόντων
3454 3657 3569 3729 (25)
3595 3656 3697 3728 τὴν
3731 3658 3842 3712 ὀδόν

2265 3770 2358 3807 σου
2392 3751 2773 3824 φανερωθῆναι
2811 3754 2870 3806 ὲν
2907 3749 3204 3822 ὀφθαλμοῖς
3241 3766 3362 3821 μου,
3414 3749 3481 3804 σὺ
3520 3750 3842 3804 κατεύθυνον

2264 3844 2430 3917 αὐτὴν
2488 3843 2718 3898 ἐνώπιόν
2784 3861 2908 3915 μου.
2959 3838 3088 3897 Οἶδα
3130 3840 3239 3912 γὰρ
3270 3841 3466 3905 αὐτοὺς
3506 3841 3566 3894 ὲν
3612 3834 3696 3906 οἷς
3723 3840 3842 3911 ’περὶ

2261 3938 2383 3992 ὁδοῦ
2421 3935 2866 4006 ἐπαγγέλλονται,
2908 3934 2984 4008 μὴ
3027 3933 3411 4007 ἀληθεύοντας,
3463 3933 3543 4005 τῷ
3590 3934 3669 4006 μὴ
3711 3930 3840 3986 εἶναι

2262 4034 2321 4085 ὲν
2353 4029 2431 4102 τῷ
2472 4030 2704 4102 στόματι
2734 4027 2913 4083 αὐτῶν
2956 4026 3236 4100 ἀλήθειαν,
3280 4027 3372 4080 καὶ
3421 4026 3662 4097 ματαίαν
3710 4020 3840 4077 εἶναι

2263 4123 2442 4177 αὐτῶν
2479 4121 2578 4193 τὴν
2622 4120 2870 4195 καρδίαν.
2922 4120 3110 4174 Πάντα
3150 4118 3211 4173 δὲ
3247 4118 3316 4172 τὰ
3359 4117 3755 4188 ὲκφωνούμενα
3788 4118 3840 4167 ὲν

2262 4215 2341 4287 τῷ
2367 4215 2601 4287 λάρυγγι
2630 4212 2810 4268 αὐτῶν
2844 4212 3014 4285 νεκρά
3040 4212 3178 4277 ἐστι,
3224 4209 3303 4280 τῷ
3328 4205 3465 4262 εἶναι
3494 4208 3661 4262 αὐτὸν
3685 4208 3840 4277 τάφον

2263 4309 2562 4382 ἀνεῳγότα.
2594 4306 2755 4360 Ἀλλὰ
2770 4306 2863 4360 καὶ
2877 4304 3249 4376 λελογισμένοι
3270 4300 3514 4372 σόφισμά
3538 4301 3685 4365 τινές
3712 4302 3841 4353 εἰσιν

2193 4424 2239 4478 ι)
2265 4405 2314 4458 oi
2341 4402 2489 4471 λόγοι
2515 4399 2716 4455 αὐτῶν.

2336 4494 2440 4559 Εἰς
2468 4490 2654 4545 αἰῶνα
2681 4486 3181 4559 (tramittam-tat,
3224 4485 3324 4540 καί
3358 4481 3842 4551 κατασκηνώσεις

2268 4586 2338 4639 ἐν
2367 4582 2592 4649 αὐτοῖς,
2626 4598 2681 4636 κ.
2707 4598 2760 4638 τ.
2790 4581 2836 4634 ὲ.
2866 4579 3009 4634 Αίών
3035 4581 3150 4633 ἐστι
3175 4577 3428 4648 σύστημα
3456 4574 3570 4647 (26)
3603 4573 3841 4644 φυσικὸν,

2268 4679 2335 4729 ὲκ
2369 4673 2636 4746 σωμάτων
2657 4672 2915 4727 ποικίλων
2944 4669 3169 4740 λογικὰς
3193 4666 3457 4739 διαφορὰς
3472 4665 3729 4737 περιέχον
3752 4662 3844 4734 τῆς

2269 4768 2365 4823 τοῦ
2392 4767 2528 4823 Θεοῦ
2553 4766 2808 4837 γνώσεως
2829 4767 3035 4819 ἕνεκεν.
3054 4765 3148 4826 Εἰς
3170 4761 3362 4826 αἰῶνα,
3389 4760 3577 4831 φησὶν,
3595 4755 3846 4828 ἀγαλλιά-

2274 4879 2475 4926 σονται,
2510 4861 2590 4914 ὅτι
2626 4859 2722 4914 καὶ
2752 4857 2969 4922 αἰώνιος
3002 4857 3212 4920 ἑαυτοῖς
3244 4853 3682 4922 κατασκήνωσις.

2342 4953 2449 5008 Καὶ
2483 4949 2897 5022 καυχήσονται
2923 4941 3027 5003 ἐπί
3048 4947 3146 5002 σοί
3180 4944 3401 5008 πάντες
3418 4944 3474 4997 οἱ
3502 4938 3844 5010 ἀγαπῶντες

2270 5045 2337 5099 τὸ
2364 5044 2551 5115 ὄνομά
2586 5060 2720 5100 σου·
2769 5043 2859 5096 ὅτι
2894 5041 2976 5096 σὺ
3015 5037 3373 5109 εὐλογήσας
3415 5036 3683 5099 δίκαιον,
3730 5033 3844 5087 Κύ-

2263 5154 2379 5205 ριε,
2408 5154 2463 5191 κ.
2494 5154 2543 5190 τ.
2574 5137 2621 5191 ὲ.
2651 5137 2714 5189 Ei
2744 5134 3025 5206 κρείττους
3040 5131 3154 5203 (27)
3184 5131 3233 5183 οἱ
3262 5128 3588 5198 ἀγαπῶντες
3614 5125 3725 5179 τῶν
3756 5140 3845 5193 φο-

2273 5228 2586 5303 ϐουμένων,
2640 5230 2702 5283 τὸ
2753 5226 3063 5299 καυχᾶσθαι
3110 5222 3308 5296 μᾶλλον
3356 5220 3464 5275 τῶν
3508 5217 3845 5289 ἀγαπώντων

2273 5451 2455 5578 111οὸ(ἓϐ)
2487 5500 2641 5558 Αὶών
2697 5502 2828 5555 ἐστι
2871 5501 3178 5569 σύστημα,
3212 5503 3320 5551 etc.
3378 5492 3606 5549 Schedaa
3640 5488 3841 5558 Grabil,

2273 5577 2566 5632 Barbarus.

2237 5699 2243 5706 .
2345 5645 2457 5717 (27)
2491 5646 2561 5698 Et
2588 5643 2914 5711 κρείττους,
2950 5653 3057 5698 etc.
3084 5636 3398 5702 Corderius,
3427 5633 3588 5692 codd.
3622 5633 3755 5700 Hoc,
3788 5641 3842 5689 et

2273 5718 2649 5775 Baroccianus.
