4020 6152
209 248 393 309 11⁸15

1256 249 1563 309 SELECTA
1603 246 1668 303 ΙΝ
1708 246 2041 304 PSALMOS.
2073 277 2141 289 —
2173 245 2368 302 PSAL.
2405 243 2493 301 Vl.

3366 239 3393 294 1
3407 238 3506 295 ιιι

210 368 417 423 ἐστίν.
450 365 515 421 El
553 365 612 421 δέ
644 365 764 421 ἐστί
797 383 883 432 τις
923 366 1144 438 εὐλογος
1178 366 1444 439 καύχησις
1476 367 1569 420 καὶ
1599 367 1659 420 ὲν
1684 366 1834 437 φόϐῳ

1940 371 1992 420 In
2032 366 2228 420 timore
2258 362 2351 418 Dei
2380 358 2672 416 laudabilis
2701 364 2787 413 est
2811 355 3083 427 gloriatio,
3109 353 3293 424 utique
3325 354 3504 410 minor

212 461 479 534 Κυρίου,
511 459 748 515 ἐλάττων
773 461 922 515 ἐστὶν
948 461 1088 532 αὐτὴ
1116 459 1234 526 τοῦ,
1257 460 1621 531 καυχήσονται
1648 459 1706 512 ὲν
1727 458 1829 512 σοί.

216 554 479 624 Εὐλογεϊ
513 554 572 607 δὲ
622 552 748 608 Νῶε
795 554 889 608 τὸν
934 554 1055 626 Σὴμ
1094 553 1190 607 καὶ
1230 554 1324 607 τὸν
1381 551 1583 623 Ἰαφέθ·
1626 551 1836 620 εὐλογεῖ

217 647 586 719 Μελχισεδὲκ
618 647 713 701 τὸν
752 645 1029 719 Ἀϐραὰμ,
1063 644 1159 699 καὶ
1189 646 1219 698 6
1253 644 1441 698 Ἰσαὰκ
1479 643 1571 697 τὸν
1615 639 1830 708 Ἰακὼϐ,

218 740 339 793 καὶ
372 742 402 793 6
440 737 638 793 Ἰακὼϐ
666 738 794 801 τοὺς
817 736 1046 805 δώδεκα,
1072 736 1167 791 καὶ
1194 737 1223 789 ὀ
1251 735 1493 804 Μωῦσῆς
1508 734 1607 798 τὰς
1640 731 1829 804 φυλάς

218 830 384 885 ἀλλὰ
420 830 561 901 ὑπὲρ
607 831 785 885 πάντα
826 827 1002 884 ταῦτα
1054 829 1148 882 καὶ
1198 827 1340 900 μετὰ
1385 827 1558 881 ταῦτα
1599 824 1760 887 αὐτὸς
1805 826 1835 878 6

221 921 453 995 Κύριος
476 921 759 993 εὐλογήσει
788 920 880 975 τὸν
912 920 1139 985 δίκαιον,
1189 919 1452 989 ἀνάλογον
1480 918 1581 990 τῷ,
1618 936 1638 970 ι
1663 915 1836 980 Αὐτὸς

220 1017 255 1069 ὁ
276 1013 471 1069 λαλῶν
500 1015 749 1085 πάρειμι,
782 1031 802 1067 ι
822 1013 918 1066 καὶ
942 1012 1040 1083 τῷ,
1066 1031 1085 1064 ι
1109 1011 1202 1084 Μὴ
1220 1012 1382 1076 αὐτὸς
1410 1009 1785 1083 συμπορεύσῃ.
1809 1027 1829 1061 ι

318 1107 424 1173 Ὧς
456 1105 624 1172 ὅπλῳ
646 1104 927 1171 εὐδοκίας
950 1104 1381 1173 ἐστεφάνωσας
1404 1102 1585 1173 ἡμᾶς,
1611 1120 1665 1155 κ.
1694 1119 1745 1154 τ.
1784 1102 1832 1156 ἐ.

225 1198 456 1252 Ταυτόν
483 1198 599 1250 ἐστι
637 1196 745 1250 τῶν
778 1196 890 1268 (28)
936 1195 1159 1250 δικαίων
1195 1195 1360 1249 ὅπλον
1405 1194 1502 1248 καὶ
1549 1193 1831 1262 στέφανος·

222 1291 312 1356 ὡς
358 1291 452 1345 τὸν
483 1290 846 1362 ὀπλισάμενον
884 1287 1334 1357 ὲστεφανοῦσθαι,
1383 1288 1477 1341 καὶ
1507 1287 1596 1340 τὸν
1636 1304 1836 1357 στεφα-

226 1382 506 1454 νούμενον
561 1380 853 1437 ὡπλίσθαι.
902 1382 1057 1452 Ἔχει
1099 1380 1159 1435 δὲ
1198 1378 1357 1434 τοῦτό
1405 1397 1458 1433 τι
1501 1380 1687 1450 ὅμοιον
1733 1377 1832 1450 τῷ,

236 1491 258 1526 ι
288 1474 557 1546 Στεφάνῳ
588 1473 646 1527 δὲ
690 1472 903 1545 τρυφῆς
949 1472 1311 1545 ὑπερασπίσει
1351 1490 1431 1526 σε.
1461 1492 1479 1523 ι
1524 1473 1590 1525 Ἡ
1634 1472 1834 1540 γνῶσις

228 1561 334 1620 οὖν
383 1566 478 1620 τοῦ
533 1565 668 1619 Θεοῦ
691 1607 707 1633 ,
754 1566 804 1619 εἰ
868 1565 965 1636 μὲν
1028 1565 1295 1635 ἀμύνεται
1341 1566 1467 1629 τοὺς
1520 1562 1831 1635 πολεμίους,

229 1658 409 1712 ὅπλον
440 1658 586 1712 ἐστὶν
616 1657 885 1720 εὐδοκίας·
913 1659 962 1711 εξ
992 1656 1049 1710 δὲ
1077 1656 1382 1728 βασιλεύειν
1406 1658 1551 1710 ποιεῖ
1574 1672 1695 1709 τινα
1724 1652 1833 1708 τῶν

1936 468 2019 512 εει
2045 473 2106 514 ea
2135 473 2240 527 qua
2267 454 2648 528 gloriabuntur
2679 451 2733 505 in
2765 460 2839 506 te.
2877 449 3163 505 Benedicit
3187 447 3301 503 Noe
3339 445 3505 502 Semo

1933 560 1989 605 et
2016 547 2284 619 Japheto;
2318 546 2598 602 benedicit
2630 543 3024 599 Melchisedech
3077 542 3409 607 Abrahamo,
3449 550 3507 597 et

1933 637 2085 693 Isaac
2114 636 2337 702 Iacobo,
2367 646 2420 692 et
2450 634 2622 690 Jacob
2657 633 2966 702 duodecim,
2995 641 3051 687 et
3092 631 3308 703 Moyses
3333 631 3507 687 tribu-

1932 731 2067 795 bus;
2122 729 2215 783 sed
2249 743 2416 798 super
2452 729 2571 783 haec
2621 728 2802 782 omnia
2832 735 2887 783 et
2932 737 3054 795 post
3102 724 3237 786 haec,
3280 724 3508 792 ipsemet

1936 815 2204 870 Dominus
2256 814 2545 870 benedicet
2587 814 2758 884 justo,
2807 815 2963 885 juxta
3009 813 3141 867 illud
3191 812 3242 853 "
3274 829 3289 868 :
3325 829 3347 863 ι
3387 809 3507 880 Ipse

1934 908 2026 977 qui
2064 906 2360 978 loquebar,
2395 906 2608 973 adsum,
2658 926 2679 961 ι
2735 916 2790 964 ει
2845 906 2990 962 istud
3031 904 3121 960 ’δε
3159 924 3178 958 ι
3214 904 3330 962 Non
3390 904 3508 977 ipse

1934 1001 2055 1057 ibis.
2068 1020 2087 1054 ι

2011 1093 2171 1149 Vens.
2208 1094 2296 1150 15.
2331 1092 2400 1148 Ut
2422 1101 2568 1147 scuto
2605 1090 2752 1146 bona:
2785 1091 3073 1146 voluntatis
3107 1101 3214 1146 tua?
3242 1091 3513 1147 coronasti

1935 1204 2049 1249 nos,
2082 1197 2192 1242 etc.
2218 1186 2365 1241 Idem
2421 1194 2506 1238 cst
2541 1182 2814 1252 justorum
2849 1192 3059 1238 scutum
3085 1190 3140 1238 et
3176 1197 3400 1246 corona,
3431 1183 3507 1237 ita

1936 1292 1995 1333 ut
2025 1280 2116 1351 qui
2147 1280 2252 1334 hoc
2280 1286 2431 1334 scuto
2454 1285 2696 1342 armatus
2721 1286 2824 1343 est,
2854 1285 3170 1342 coronetur,
3208 1284 3262 1331 et
3284 1275 3376 1344 qui
3411 1289 3513 1331 co-

1935 1382 2157 1426 ronatus
2178 1381 2283 1436 est,
2319 1370 2421 1424 hoc
2460 1377 2618 1424 scuto
2650 1378 2913 1424 armetur.
2944 1366 3127 1422 lnnuit
3174 1376 3356 1423 autem
3403 1367 3509 1423 hoc

1933 1462 2063 1533 quid
2088 1462 2264 1517 simile
2287 1461 2377 1516 isti
2409 1460 2454 1492 ⁷⁸
2482 1479 2495 1515 :
2536 1479 2553 1512 ι
2579 1459 2792 1515 Corona
2822 1469 3003 1515 autem
3030 1459 3344 1515 deliciarum
3383 1473 3511 1529 pro-

1935 1564 2081 1625 teget
2111 1564 2184 1609 te.
2229 1573 2248 1605 ›
2287 1552 2530 1609 Scientia
2566 1553 2751 1622 itaque
2783 1551 2901 1618 Dei,
2949 1552 3074 1607 dum
3108 1552 3324 1621 quidem
3360 1557 3511 1605 arcet

1934 1646 2142 1713 hostes,
2170 1655 2384 1701 scutum
2422 1654 2509 1701 est
2537 1644 2696 1700 bonae
2728 1642 3045 1707 voluntatis,
3075 1643 3205 1699 dum
3234 1658 3366 1698 vero
3408 1642 3511 1697 ali-

231 1746 457 1811 παθῶν,
480 1747 741 1816 στέφανος
761 1746 1105 1817 ὀνομάζεται.
1124 1746 1393 1818 Τέμνεται
1426 1745 1482 1799 δὲ
1510 1748 1543 1817 ἡ
1573 1743 1667 1799 τοῦ
1691 1744 1828 1798 Θεοῦ

1940 1751 2093 1804 quem
2138 1750 2319 1804 regem
2375 1735 2508 1791 facit
2557 1733 2874 1797 affectuum,
2921 1748 3125 1789 corona
3176 1733 3511 1788 nominatur.

230 1839 444 1909 γνῶσις
474 1839 554 1903 είς
584 1838 697 1906 δύο,
729 1840 809 1902 εἰς
837 1836 1038 1910 πρᾶξιν
1064 1837 1159 1890 καὶ
1193 1836 1444 1909 Θεωρίαν·
1481 1836 1577 1890 καὶ
1602 1836 1703 1907 τῆς
1729 1835 1831 1906 μὲν

232 1929 495 2002 πράξεως
523 1930 686 1983 ὅπλον
723 1929 822 2001 τῆς
863 1928 1113 1992 εὐδοκίας
1148 1929 1287 1993 ἐστὶ,
1321 1929 1422 2001 τῆς
1453 1928 1510 1981 δὲ
1540 1926 1770 1998 θεωρίας
1801 1925 1833 1977 6

235 2023 526 2092 στέφανος.
561 2023 870 2093 Τετήρηται
904 2020 961 2074 δὲ
1007 2022 1103 2075 καὶ
1141 2022 1175 2092 ἡ
1210 2021 1383 2088 τάξις-
1432 2018 1540 2092 πρὸ
1577 2018 1686 2090 γὰρ
1735 2015 1833 2070 τοῦ

235 2112 508 2181 στεφάνου
547 2113 609 2166 τὸ
648 2112 831 2178 ὅπλον,
870 2112 1060 2184 ἐπειδὴ
1102 2113 1196 2167 καὶ
1245 2112 1352 2184 πρὸ
1386 2111 1488 2182 τῆς
1519 2109 1754 2182 θεωρίας
1795 2106 1830 2181 ἦ

236 2204 443 2279 πρᾶξις

827 2408 1123 2463 “mox
1152 2408 1242 2478 cr.

309 2501 418 2567 Εἰς
454 2500 521 2553 τὸ
552 2499 728 2567 τέλος
747 2500 818 2555 ἐν
839 2500 1050 2572 ὕμνοις
1081 2500 1236 2571 ὑπὲρ
1278 2500 1389 2571 τῆς
1418 2502 1635 2573 ὀγδόης
1674 2505 1835 2572 ψαλ-

1938 1827 2105 1884 Porro
2143 1825 2240 1883 Dei
2274 1828 2503 1883 scientia
2536 1824 2789 1881 bifariam
2819 1824 3103 1889 dividitur,
3137 1825 3192 1879 in
3238 1825 3510 1880 actionem

1935 1927 1990 1975 et
2021 1920 2187 1992 578
2218 1918 2777 1990 contemplationem;
2827 1927 2989 1987 atque
3016 1917 3247 1974 actionis
3286 1918 3511 1988 quidem

1938 2023 2154 2068 scutum
2185 2025 2269 2070 est
2310 2012 2466 2069 bonae
2495 2010 2815 2076 voluntatis,
2863 2024 3063 2065 corona
3106 2024 3238 2066 vero
3265 2020 3512 2066 contem-

1940 2104 2221 2174 plationis.
2270 2104 2544 2161 Cmterum
2590 2107 2679 2163 hic
2723 2107 2891 2163 etiam
2936 2113 3182 2161 servatus
3212 2112 3302 2160 est
3350 2102 3519 2160 ordo.

1941 2194 2165 2253 Scutum
2194 2198 2344 2254 enim
2365 2209 2448 2255 est
2480 2208 2609 2254 ante
2632 2197 3166 2268 contemplationem.

2499 2407 2824 2467 PSALMUS
2862 2407 2952 2465 Vl.

2004 2504 2171 2561 Vens.
2207 2504 2260 2558 1.
2297 2502 2364 2558 1η
2410 2503 2569 2572 ﬁnem
2601 2502 2656 2557 in
2701 2501 3021 2557 carminibus
3065 2499 3301 2571 psalmus
3339 2497 3517 2556 David

237 2588 352 2661 μός
388 2590 469 2656 τῷ
499 2591 699 2655 Δαυῒδ,
745 2609 800 2647 κ.
843 2609 895 2647 τ.
933 2593 980 2646 ἑ.
1026 2592 1200 2664 ’Υπὲρ
1261 2593 1352 2664 τῆς
1385 2593 1576 2664 ὀγδόης
1603 2593 1712 2666 (29)
1742 2594 1834 2649 καὶ

1940 2612 2026 2659 pro
2067 2608 2275 2661 octava,
2320 2604 2428 2651 etc.
2479 2594 2590 2650 Pro
2627 2603 2823 2649 octava
2867 2593 3032 2647 etiam
3078 2589 3399 2648 undecimus
3431 2589 3516 2645 in-

239 2683 270 2735 6
294 2682 595 2747 ὲνδέκατος.
626 2683 954 2757 Διαφὲρουσι
984 2684 1042 2738 δὲ
1075 2685 1132 2738 αἱ
1177 2686 1491 2757 ἐπιγραφαὶ
1518 2686 1711 2740 τούτου
1740 2688 1835 2741 καὶ

240 2774 337 2826 τοῦ
371 2774 678 2838 ἑνδεκάτου,
712 2776 796 2830 ὅτι
845 2767 1003 2841 οὗτος
1053 2777 1152 2848 μέν
1199 2779 1367 2845 ἐστιν,
1401 2798 1418 2829 ι
1444 2779 1539 2842 Εἰς
1566 2779 1628 2832 τὸ
1676 2778 1829 2843 τέλος

242 2866 301 2919 ὲν
325 2864 515 2936 ὕμνοις
538 2867 680 2937 ὑπὲρ
707 2867 807 2938 τῆς
848 2866 1044 2939 ὀγδόης
1076 2868 1290 2939 ψαλμὸς
1322 2868 1399 2940 τῷ
1428 2867 1611 2934 Δαυτδ,
1640 2889 1658 2921 ι
1687 2871 1833 2925 ἐκεί-

241 2973 331 3021 νος
366 2957 445 3024 δὲ,
493 2979 509 3010 ι
532 2959 629 3023 Εἰς
660 2959 721 3012 τὸ
759 2959 914 3024 τέλος
948 2961 1090 3033 ὑπὲρ
1133 2961 1235 3030 τῆς
1276 2960 1468 3032 ὀγδόης
1504 2960 1718 3033 ψαλμὸς
1755 2961 1834 3033 τῷ

244 3050 422 3106 Δαυῖδ.
452 3070 471 3103 ι
508 3050 586 3123 Τῇ
620 3051 679 3105 δὲ
711 3050 892 3125 ὀγδόῃ,
922 3024 1095 3124 οἶμαι,
1130 3024 1305 3125 θυμὸς
1318 3024 1546 3125 ἰλέὲτχεί
1575 3024 1671 3108 καὶ
1691 3024 1828 3126 ὀργῆ
1860 3024 1903 3082 C

244 3140 508 3195 παιδεύει.

313 3236 505 3303 Κύριε,
533 3233 620 3304 μὴ
665 3235 749 3302 τῷ
790 3235 956 3307 θυμῷ
985 3253 1103 3291 σου
1146 3239 1403 3311 ἐλέγξῃς
1428 3258 1526 3311 με,
1561 3240 1719 3311 μηδὲ
1753 3238 1830 3310 τῇ

246 3325 391 3395 ὀργῇ
423 3344 538 3381 σου
570 3327 907 3398 παιδεύσῃς
930 3346 1030 3399 με,
1076 3348 1127 3384 κ.
1161 3348 1213 3384 τ.
1246 3332 1293 3385 ὲ.
1333 3332 1515 3403 Θυμός
1544 3334 1693 3386 ἐστιν
1713 3330 1827 3405 (50)

246 3417 384 3489 ὁρμὴ
417 3417 711 3490 ἐπιθυμίας
736 3420 943 3491 ἡμέρου
982 3420 1162 3492 ψυχῆς
1203 3424 1321 3476 κατ’
1355 3421 1548 3494 ἐξοχὴν
1587 3405 1826 3494 ἀμύνης.

249 3506 404 3574 Λέγει
430 3503 541 3560 οὖν·
573 3508 637 3560 Εἰ
657 3509 752 3562 καὶ
775 3507 1028 3580 ὀξύτερον
1056 3513 1084 3564 6
1113 3510 1284 3581 θυμὸς
1307 3510 1540 3582 ἐλέγχει,
1565 3513 1662 3567 καὶ
1691 3510 1829 3586 ὀργὴ

249 3597 427 3667 τάχιον
457 3598 722 3664 παιδεύει,
755 3599 865 3668 ἐγὼ
896 3599 988 3653 διὰ
1026 3601 1125 3672 τὴν
1161 3601 1448 3657 ἀσθένειάν
1493 3621 1594 3675 μου
1634 3605 1828 3675 δέομαι

249 3688 337 3741 τοῦ
363 3689 542 3754 ἐλέους
567 3707 685 3754 σου,
712 3690 779 3744 δι’
805 3691 973 3762 ἄλλης
998 3692 1322 3764 ἐλεγχθῆναι
1355 3695 1450 3747 καὶ
1472 3696 1828 3769 παιδευθῆναι

253 3780 536 3852 θεραπείας
569 3783 630 3835 οὐ
667 3779 986 3854 τηλικοῦτον
1018 3784 1402 3856 προσαγούσης
1424 3786 1515 3840 τὸν
1539 3786 1718 3842 πόνον.

322 3964 509 4019 Ἰασαί
525 3983 623 4036 με,
644 3968 840 4036 Κύριε,
862 3967 953 4022 ὅτι
973 3967 1270 4038 ἐταράχθη
1296 3971 1368 4025 τὰ
1397 3968 1546 4025 ὀστᾶ
1566 3989 1707 4041 μου,
1731 3972 1830 4027 καὶ

252 4056 291 4114 1i
322 4056 485 4124 ψυχή
511 4073 630 4126 μου
658 4057 956 4128 ἐταράχθη
996 4059 1253 4129 σφόδρα,
1285 4078 1338 4115 κ.
1388 4078 1439 4115 τ.
1473 4064 1520 4116 ὲ.
1552 4063 1831 4119 Νοσούντά

258 4163 321 4216 με
353 4145 459 4219 (51)
483 4148 584 4221 τὴν
613 4147 789 4222 ψυχὴν
824 4150 991 4205 ῐασαι·
1026 4150 1122 4204 καὶ
1153 4150 1262 4222 γὰρ
1290 4154 1694 4224 τεταραγμέναι
1725 4156 1830 4209 εἰσὶ

252 4238 352 4292 τῶν
383 4239 557 4295 ὀστῶν
604 4242 777 4315 αὐτῆς
807 4244 864 4297 αἱ
898 4243 1176 4315 ἁρμονίαι,
1222 4244 1319 4298 καὶ
1350 4245 1488 4317 αὐτὴ
1532 4245 1592 4300 δὲ
1625 4247 1829 4321 σφόδρα

252 4333 592 4405 τετάρακται.

319 4426 422 4478 Καὶ
463 4424 567 4491 σὺ,
602 4426 799 4494 Κύριε,
834 4425 949 4493 ἕως
987 4426 1169 4490 πότε;
1202 4443 1257 4480 κ.
1292 4443 1342 4480 τ.
1380 4428 1428 4481 ὲ.
1465 4425 1636 4482 Τοῦτο
1663 4429 1829 4484 ἐλλει-

1933 2688 2212 2744 scribitur.
2263 2687 2436 2759 Hujus
2485 2696 2670 2743 autem
2718 2683 2900 2741 differt
2945 2684 3229 2754 inscriptio
3287 2697 3318 2739 a
3355 2682 3517 2740 titulo

1933 2780 2225 2845 undecimi,
2253 2781 2394 2849 quod
2428 2779 2517 2834 bic
2541 2778 2875 2834 inscribatur
2903 2793 2918 2831 :
2954 2796 2973 2829 ι
3013 2775 3073 2830 1η
3104 2776 3269 2831 linem
3298 2774 3354 2829 in
3387 2789 3515 2830 car-

1937 2872 2177 2927 minibus
2209 2888 2309 2942 pro
2351 2882 2545 2928 octava
2587 2870 2830 2942 psalmus
2880 2870 3083 2936 David;
3117 2888 3136 2922 ›
3188 2868 3513 2924 undecimus

1938 2980 2092 3031 vero,
2132 2983 2151 3017 ι
2194 2965 2252 3020 ιιι
2288 2966 2449 3020 linem
2475 2978 2574 3035 pro
2603 2973 2796 3018 octava
2824 2963 3063 3033 psalmus
3114 2961 3304 3017 David.
3348 2980 3368 3015 ι
3407 2960 3514 3018 0c-

1939 3067 2061 3113 tava
2083 3069 2289 3125 autem,
2315 3060 2528 3128 opinor,
2560 3056 2712 3113 furor
2744 3057 2927 3128 arguit
2956 3066 3012 3112 et
3048 3057 3128 3112 ira
3160 3055 3407 3126 corripit.

2007 3236 2168 3292 Vens.
2189 3237 2245 3294 2.
2263 3236 2586 3299 ὒοηιὶηε,ηε
2609 3236 2663 3289 in
2688 3235 2973 3306 furoremo
2998 3251 3195 3305 arguas
3219 3251 3321 3304 me,
3349 3236 3514 3304 neque

1935 3330 1990 3384 in
2023 3330 2105 3383 ira
2134 3340 2225 3383 tua
2262 3331 2522 3398 corripias
2542 3345 2645 3393 me,
2676 3337 2785 3383 etc.
2813 3327 2991 3383 Furor
3014 3337 3098 3385 est
3128 3329 3362 3398 impetus
3375 3342 3514 3384 con-

1935 3421 2283 3490 cupiscentiaa
2312 3421 2479 3475 animi
2513 3420 2781 3478 mansueti
2804 3434 2903 3491 per
2923 3433 3211 3475 excessum
3239 3419 3508 3476 vindictae.

1933 3510 2029 3566 Ait
2063 3510 2265 3582 igitur:
2295 3510 2407 3566 Etsi
2436 3509 2692 3566 acerbius
2727 3508 2882 3565 furor
2910 3516 3122 3579 arguat,
3151 3516 3208 3564 et
3239 3511 3321 3564 ira
3351 3509 3514 3565 citius

1936 3604 2227 3673 corripiat,
2270 3616 2372 3674 ego
2403 3612 2587 3658 tamen
2639 3608 2862 3672 propter
2905 3599 3282 3656 inﬁrmitatem
3332 3614 3514 3656 meam

1935 3695 2203 3764 deprecor
2236 3695 2670 3751 misericordiam
2706 3703 2948 3753 tuam.ut
3000 3692 3107 3749 alia
3151 3693 3379 3748 curandi
3422 3707 3514 3747 ra-

1936 3788 2084 3844 tione
2117 3803 2315 3858 arguar
2342 3799 2398 3844 et
2430 3789 2718 3859 corripiar,
2752 3800 2877 3858 quae
2911 3799 3025 3842 non
3065 3793 3277 3841 tantam
3326 3783 3517 3841 aﬂerat

1936 3882 2270 3939 molestiam.

2007 3974 2172 4032 Vens.
2202 3975 2258 4041 5,
2288 3976 2342 4030 4.
2371 3973 2518 4032 Sana
2538 3992 2638 4043 me,
2663 3975 2904 4041 Domine,
2921 3974 3173 4045 quoniam
3199 3973 3513 4027 conturbata

1934 4076 2056 4120 sunt
2083 4081 2207 4120 ossa
2240 4082 2379 4132 mea,
2405 4074 2457 4121 et
2491 4066 2673 4121 animo
2710 4082 2825 4121 mea
2861 4065 3075 4120 turbata
3101 4074 3177 4120 est
3202 4064 3375 4131 valde,
3404 4071 3510 4120 etc.

1934 4156 2212 4212 inﬁrmum
2244 4172 2334 4213 mc
2372 4158 2552 4214 anima
2604 4173 2780 4225 sana;
2821 4173 2946 4213 nam
2994 4156 3332 4213 conturbata:
3384 4164 3512 4211 sunt

1936 4264 2132 4307 omnes
2166 4251 2377 4307 ossium
2405 4252 2525 4323 ejus
2558 4250 2931 4324 compagiues,
2957 4261 3013 4308 et
3041 4252 3157 4323 ipsa
3184 4251 3398 4308 turbata
3427 4256 3514 4306 est

1936 4342 2117 4397 Valde.

2004 4431 2168 4490 Vens.
2198 4433 2253 4490 4.
2300 4433 2407 4491 Sed
2457 4446 2535 4500 tu,
2590 4435 2832 4503 Domine,
2884 4432 3193 4507 usquequo?
3229 4441 3336 4489 etc.
3393 4430 3511 4488 Hoc

258 4515 451 4580 πτικῶς
480 4517 587 4586 (52)
616 4516 831 4589 εἴρηται
860 4518 981 4572 ἀντὶ
1014 4516 1129 4583 τοῦ,
1166 4518 1310 4583 Ἕως
1344 4518 1475 4572 πότε
1501 4521 1564 4573 οὐ
1597 4520 1700 4594 ῥύῃ
1727 4527 1829 4595 τὴν

1940 4541 2030 4596 per
2049 4527 2397 4584 omissionem
2432 4529 2636 4583 dictum
2676 4538 2761 4584 est
2789 4543 2886 4600 pro
2931 4542 2998 4586 eo
3037 4528 3369 4598 :Usquequo
3402 4541 3510 4597 non

255 4606 419 4677 ψυχὴν
453 4624 576 4677 μου,
605 4608 728 4661 οὐδὲ
759 4608 954 4673 σώζεις
987 4626 1055 4680 με
1090 4608 1234 4663 κατὰ
1268 4609 1360 4664 τὸν
1392 4610 1539 4666 ἔλεόν
1568 4630 1682 4680 σου,
1709 4615 1830 4669 οὐδὲ

259 4697 595 4769 ὲπιστρέφεις
623 4715 726 4769 με;
767 4699 919 4772 ’0·μὴ
942 4699 1160 4773 θαρῤὦν
1183 4702 1240 4756 δὲ
1265 4703 1358 4756 ἐπὶ
1382 4702 1565 4774 ἔργοις
1593 4706 1832 4780 σωθῆναι

259 4789 382 4861 ἔρεξ’
423 4807 441 4838 ι
465 4787 644 4842 Σῶσὸν
688 4806 755 4860 με
794 4789 979 4843 ἕνεκεν
1023 4790 1117 4845 τοῦ
1162 4793 1348 4858 ὲλέους
1380 4812 1496 4849 σου.
1528 4816 1547 4848 ι
1586 4799 1741 4853 Μετὰ
1771 4801 1834 4854 τὸ

260 4881 496 4945 ακοῦσαι,
527 4880 608 4933 ὅτι
628 4880 830 4954 Κύριος
853 4882 1041 4951 ἀφεῖλε
1068 4884 1130 4936 τὸ
1158 4885 1461 4959 ἁμάρτημα
1489 4887 1675 4955 αὐτοῦ,
1708 4907 1829 4943 πει-

264 4974 474 5045 ρασμοίς
515 4973 610 5025 καὶ
657 4971 871 5044 θλίψεσι
920 4973 1166 5028 παλαίων
1200 4979 1229 5030 6
1266 4977 1428 5031 Δαυῒδ
1474 4980 1569 5032 καὶ⁵
1609 4980 1830 5052 φαρμά-

264 5080 468 5118 κων.....
496 5062 789 5135 γευόμενος
820 5066 949 5139 περὶ
980 5066 1080 5138 τῆς
1102 5065 1211 5120 τῶν
1250 5069 1554 5141 φαρμάκων
1586 5070 1830 5126 ἀπαλλα-

261 5154 350 5224 γῆς
380 5155 689 5227 παρακαλεῖ
720 5156 812 5211 τὸν
845 5157 1047 5228 ἰατρόν.

327 5339 368 5372 ⁷³
395 5340 498 5396 lsa.
535 5357 634 5404 ut.
664 5341 720 5397 6.
797 5341 845 5374 "
875 5342 1047 5397 Exod.
1077 5358 1276 5408 χχχιιι,
1310 5342 1397 5400 15.
1472 5344 1521 5378 ⁷⁸
1552 5343 1727 5402 Prov.
1757 5359 1834 5415 tv,
1858 5348 1912 5406 9.

254 5432 689 5558 ,Βέῇὲὲῃέαυτόν
712 5435 844 5490 ἐστι
869 5434 1010 5501 τῶν,
1038 5447 1145 5493 etc.
1187 5438 1498 5504 Corderius,
1523 5439 1826 5511 partimque

236 5586 239 5597 '
327 5572 429 5646 (29)
473 5573 653 5646 ’Υπὲρ
682 5572 793 5645 τῆς
816 5575 1052 5646 ὀγδόης,
1093 5588 1199 5635 etc.
1226 5578 1403 5634 Codex
1441 5578 1822 5635 Coislinianus.

269 5642 434 5772 hall-:23
469 5644 663 5715 Θυμός
686 5642 881 5714 eam,
900 5642 1354 5717 etc'.'Corderius,
1385 5652 1689 5721 partimque
1704 5650 1827 5706 Bar-

1934 4617 2132 4674 liberas
2163 4620 2401 4674 animam
2431 4634 2628 4685 meam,
2661 4628 2717 4675 et
2748 4635 2855 4675 non
2885 4633 3073 4674 servas
3094 4632 3182 4674 me
3210 4616 3510 4673 secundum

1937 4709 2365 4767 misericordiam
2395 4719 2563 4778 tuam,
2590 4724 2767 4781 neque
2795 4708 3071 4765 convertis
3114 4705 3238 4762 me?
3275 4705 3377 4774 Qui
3411 4721 3511 4761 au-

1939 4810 2046 4857 tem
2087 4819 2195 4860 non
2227 4803 2451 4860 coniidit
2484 4803 2538 4858 in
2588 4804 2845 4873 operibus
2894 4802 3010 4858 suis
3053 4815 3113 4857 se
3164 4798 3510 4863 salvandum,

1938 4894 2082 4951 dicet
2139 4913 2206 4950 τι
2241 4893 2464 4950 Salvum
2515 4910 2603 4950 me
2654 4893 2740 4951 fac
2796 4903 3022 4964 propter
3073 4890 3512 4949 misericordiam

1940 4995 2109 5042 tuam.
2151 5008 2172 5040 ι
2204 4987 2498 5058 Postquam
2536 4988 2746 5043 audivit
2776 4984 3508 5054 Dominumabstulissepec—

1936 5087 2117 5132 catum
2164 5078 2302 5148 ejus,
2338 5081 2732 5136 tentationibus
2774 5088 2829 5135 et
2864 5078 3310 5137 tribulationibus
3338 5075 3508 5132 col-lu-

1935 5179 2089 5227 ctans
2116 5171 2305 5238 David,
2337 5184 2394 5229 et
2424 5175 2682 5230 remediis
2724 5174 2961 5243 gustatis
2990 5174 3191 5229 amaris
3231 5162 3505 5228 medicum

1937 5270 2111 5333 rogat,
2146 5271 2208 5319 ut
2233 5264 2505 5335 ejusmodi
2534 5264 2772 5321 remedia
2805 5266 3045 5322 auferat.

2003 5448 2115 5519 (51)
2147 5448 2465 5506 Νοσσῦντά
2484 5467 2584 5521 με,
2613 5461 2719 5506 etc.
2750 5449 2931 5505 Codex
2958 5447 3343 5511 Coislinianus.
3371 5443 3504 5498 Bar-

1932 5517 1996 5572 ba
2006 5517 2113 5573 rus.

2004 5590 2117 5660 (52)
2148 5592 2325 5646 Τοῦτο
2348 5589 2758 5657 ἐλλειπτικῶς,
2780 5599 2888 5644 etc.
2911 5588 3092 5644 Codex
3120 5586 3508 5647 Coislinianus.

1934 5658 2232 5731 Barbarus,
2265 5666 2571 5733 partimque
2597 5662 2907 5717 Corderius.
