4020 6152
532 209 671 267 H75

1938 202 2028 256 EX
2071 199 2375 257 ORIGENE

3649 193 3779 249 “76

604 327 766 384 Vens.
808 327 863 382 5.
903 325 1232 394 Convertere,
1285 316 1527 392 Domine,
1568 337 1615 382 et
1665 328 1806 397 eripe
1862 328 2092 381 animum

2279 320 2702 390 Ἐπίστροφον,
2760 321 2958 389 Κύριε,
3005 319 3191 387 ῥῦσαι
3233 315 3350 386 τὴν
3396 313 3611 386 ψυχήν
3644 331 3778 383 μου*

529 435 734 485 meum;
767 412 967 473 salvum
1011 436 1091 473 me
1132 423 1219 489 [ac
1247 430 1458 490 propter
1483 419 1903 474 misericordiam
1926 430 2097 484 luam,

527 522 637 567 etc.
669 512 782 566 Duo
818 512 905 566 hic
929 513 1103 582 ponit,
1137 513 1230 568 Dei
1264 513 1708 577 conversionem,
1737 521 1796 567 et
1820 512 2101 568 liberatio-

529 619 650 657 nem
680 605 875 658 animae
901 618 1033 659 suae.
1069 604 1181 661 Hoc
1212 607 1357 660 enim
1393 604 1558 675 justis
1588 607 1826 661 maxime
1852 617 1972 662 erat
1999 622 2098 662 ex-

525 697 839 766 petendum;
887 715 906 749 ι
942 696 1296 765 Convertere,
1339 719 1358 752 ι
1387 700 1544 770 quasi
1586 698 1753 764 dicat,
1783 699 1928 757 inter
1969 715 2098 770 pro-

524 788 643 857 pria
681 804 903 860 repone.
947 790 1052 847 Sed
1103 799 1157 847 et
1205 792 1373 849 libera
1409 810 1528 850 eam
1577 797 1721 852 inter
1754 795 1941 850 hostes
1979 811 2099 849 ver-

529 890 765 938 santem.
810 883 1051 941 Aversus
1083 902 1143 942 es
1172 898 1397 957 propter
1425 900 1646 958 peccata
1691 904 1833 954 mea,
1872 903 2099 943 conver-

531 984 647 1031 tere
677 985 909 1043 propter
957 977 1352 1048 benignitatem
1395 990 1565 1046 tuam,
1598 991 1652 1036 et
1696 985 1763 1035 ad
1796 983 2101 1053 correptio-

532 1082 657 1123 nem
695 1069 881 1124 tradas
906 1085 993 1124 me
1028 1072 1439 1130 tentationibus.

603 1156 765 1216 Vens.
805 1161 860 1218 6.
920 1160 1183 1228 Quoniam
1217 1182 1320 1219 non
1368 1176 1444 1220 est
1482 1167 1536 1220 in
1577 1176 1744 1222 morte
1773 1169 1864 1237 qui
1902 1184 2100 1222 memor

525 1253 596 1305 sit
649 1254 757 1320 tui,
819 1252 984 1325 579
1043 1258 1099 1310 in
1146 1256 1354 1326 inferno
1398 1268 1569 1312 autent
1613 1261 1729 1328 quis
1769 1259 2100 1328 conﬁtebitur

526 1345 659 1399 tibi?
708 1354 817 1402 etc.
865 1347 966 1415 Qui
1024 1351 1335 1405 meminerit
1386 1349 1481 1406 Dei
1533 1351 1762 1407 dicentis
1798 1353 1886 1406 7‘:
1923 1372 1941 1404 ι
1987 1351 2099 1423 Ego

527 1452 644 1490 sum
671 1438 803 1504 vita,
837 1458 855 1492 ι
884 1441 928 1494 is
953 1456 1058 1496 non
1090 1451 1172 1497 est
1203 1443 1256 1497 in
1288 1451 1482 1497 morte.
1538 1442 1594 1497 In
1631 1455 1805 1499 morte
1850 1460 1969 1514 quze
2016 1455 2099 1499 est

526 1529 748 1587 ultimus
780 1531 872 1588 Dei
905 1533 1099 1600 hostis,
1133 1535 1280 1591 nulla
1330 1534 1405 1590 tui
1456 1538 1719 1592 memoria
1774 1538 1965 1593 haberi
2000 1553 2096 1602 po-

525 1631 653 1677 test.
683 1622 888 1679 Idcirco
917 1624 1085 1682 libera
1112 1643 1197 1682 me
1227 1629 1296 1683 ab
1320 1630 1435 1698 illa,
1462 1640 1523 1685 ut
1547 1632 1742 1686 iterum
1779 1631 1854 1684 tui
1887 1645 2098 1685 memor

526 1713 649 1770 sim.
678 1715 969 1788 Propterea
998 1728 1054 1774 et
1093 1721 1185 1791 qui
1243 1731 1371 1777 ante
1412 1732 1642 1779 mortem
1696 1731 1944 1793 peccant,
1981 1739 2087 1777 non

526 1820 649 1861 sunt
693 1823 960 1866 memores
988 1811 1100 1867 Dei.
1128 1813 1235 1866 Aut
1277 1813 1328 1867 in
1363 1812 1576 1869 inferno
1601 1816 1779 1870 nullus
1816 1816 2101 1873 confitebi-

526 1906 637 1981 tur,
681 1908 774 1952 aut
810 1900 962 1955 valde
994 1903 1168 1970 pauci.
1201 1902 1315 1959 Hoc
1346 1903 1489 1958 enim
1523 1921 1589 1960 ex
1629 1918 1693 1961 eo
1737 1906 2001 1971 declarat,
2045 1919 2099 1963 et

525 1982 762 2047 fortasse
784 1992 853 2052 ob
894 1993 1023 2048 illud
1059 1995 1103 2026 ⁷⁷
1145 2013 1161 2050 :
1210 2014 1227 2048 ι
1269 1997 1463 2055 Veniat
1515 2015 1664 2054 mors
1695 2015 1859 2071 super
1883 2000 2021 2066 illos,
2045 2012 2100 2057 et

523 2079 856 2141 descendant
879 2085 930 2140 in
960 2085 1229 2143 infernum
1253 2091 1522 2148 viventes.
1566 2112 1585 2145 ι
1618 2093 1719 2160 Qui
1756 2096 2002 2150 viventes
2040 2097 2094 2150 in

523 2171 799 2229 infernum
854 2175 1239 2245 descendunt,
1292 2181 1386 2236 Dei
1461 2185 1776 2241 meminisse
1830 2197 2092 2255 possunt,

520 2263 734 2335 ipsique
760 2266 1032 2336 conﬁteri,
1061 2270 1259 2341 quippe
1281 2273 1374 2344 qui
1401 2289 1506 2329 non
1534 2275 1643 2330 sint
1672 2277 1724 2332 in
1754 2286 1951 2334 morte.

588 2424 753 2483 Vens.
778 2429 832 2484 7.
858 2428 1119 2488 Labor-aui
1144 2435 1198 2489 in
1219 2437 1414 2505 gemitu
1448 2453 1586 2504 meo,
1624 2449 1731 2495 etc.
1769 2441 1956 2496 Talem
2003 2456 2094 2512 ge-

518 2517 708 2572 mitum
739 2518 835 2574 ﬁlii
860 2520 1025 2577 Israel
1047 2522 1272 2581 edentes
1304 2526 1357 2579 in
1388 2524 1644 2598 Egypto,
1668 2530 1909 2584 exauditi
1942 2541 2089 2588 sunt.

517 2609 660 2677 Quin
706 2623 761 2667 et
809 2611 1007 2670 Paulus
1043 2618 1234 2673 eodem
1287 2620 1450 2676 modo
1508 2620 1658 2689 fecit,
1699 2638 1821 2678 cum
1871 2623 1952 2678 ait
1994 2623 2085 2677 ’δε

521 2720 545 2755 ε
589 2701 694 2769 Qui
739 2719 927 2761 sumus
970 2708 1022 2762 in
1056 2710 1161 2764 hoc
1191 2711 1567 2780 tabernaculo,
1596 2713 2025 2784 ingemiscimus.
2066 2737 2084 2770 ι

520 2790 650 2851 Tale
683 2806 737 2851 et
760 2797 889 2852 illud
919 2798 965 2831 τ’
998 2818 1011 2853 :
1049 2819 1067 2852 ι
1096 2801 1396 2872 Rugiebam
1426 2821 1455 2859 ο
1476 2807 1679 2876 gemitu
1704 2810 1886 2865 cordis
1910 2811 2035 2865 mei.
2066 2830 2085 2863 ι

516 2885 701 2955 Neque
731 2889 865 2945 Satis
893 2899 977 2944 est
1001 2905 1237 2960 gemere,
1284 2894 1377 2949 sed
1426 2905 1643 2963 Oportet
1688 2900 2092 2968 quodammodo

514 2979 789 3035 iaborare.
804 2979 1042 3082 Pulchre
1077 2994 1257 3038 autem
1289 2986 1357 3040 ad
1400 2988 1733 3045 suadendam
1779 2994 2087 3050 castitatem
2116 3030 2159 3088 ο

515 3080 732 3126 utemur
765 3070 849 3125 his
879 3073 1059 3128 verbis
1093 3092 1107 3129 :
1148 3093 1167 3126 ι
1209 3075 1428 3132 Lavabo
1473 3094 1569 3148 per
1614 3081 1854 3152 singulas
1902 3094 2089 3140 noctes

513 3157 713 3212 lectum
743 3173 947 3224 meum,
987 3179 1006 3212 ι
1033 3174 1339 3220 asserentes
1369 3168 1437 3222 ab
1483 3168 1547 3223 iis
1597 3169 1727 3225 solis
1750 3173 1841 3243 qui
1880 3190 1908 3227 ο
1942 3191 2094 3229 com.

514 3251 769 3305 mistione
797 3263 925 3306 sunt
949 3256 1160 3321 mundi,
1193 3267 1342 3314 recte
1368 3260 1472 3314 dici
1500 3276 1515 3313 :
1543 3280 1561 3314 ε
1600 3261 1818 3319 Lavabo
1848 3282 1948 3336 per
1975 3270 2087 3324 sin-

515 3341 667 3407 gulas
698 3355 887 3400 noctes
912 3345 1108 3400 lectum
1140 3364 1339 3405 meum.
1383 3371 1403 3404 ι
1445 3351 1509 3407 Hi
1543 3362 1726 3411 autem
1765 3361 1928 3415 etiam
1963 3378 2093 3418 ora-

514 3436 646 3491 tioni
668 3446 943 3502 vacantes,
977 3439 1048 3495 ob
1068 3456 1133 3496 ea
1150 3456 1273 3512 qua:
1293 3444 1424 3500 olim
1450 3463 1833 3520 peccaverunt,
1858 3463 2089 3516 stratum

513 3542 668 3582 somn
709 3529 967 3602 lacrymis
1024 3533 1223 3604 rigant.
1275 3535 1400 3594 Ideo
1455 3541 1591 3597 dixit
1623 3544 1667 3575 ⁸ο
1701 3565 1715 3599 ;
1750 3563 1770 3596 ι
1802 3545 1955 3600 Beati
1996 3551 2090 3617 qui

515 3635 658 3676 nunc
687 3620 844 3679 ﬂetis.
887 3645 906 3677 ι

587 3713 753 3773 Vens.
783 3716 837 3772 8.
885 3717 1153 3777 Turbatus
1183 3734 1259 3778 eu
1295 3742 1327 3779 a
1359 3725 1540 3789 furore
1574 3729 1756 3785 oculus
1783 3749 1928 3788 meus
1960 3751 1979 3787 :
2006 3752 2090 3790 tn-

513 3806 736 3860 veterani
764 3807 900 3862 inter
924 3826 1103 3866 omnes
1127 3813 1365 3870 inimicos
1396 3834 1559 3882 meos,
1599 3830 1709 3881 elc.
1757 3822 1903 3879 Niltil
1934 3841 2089 3895 teque

514 3904 754 3950 utentem
780 3897 1121 3967 obtenebrat,
1141 3917 1207 3957 ac
1226 3905 1441 3960 animus
1463 3910 1831 3977 perturbatus.
1860 3913 2086 3983 Propter

515 3987 658 4042 hanc
683 3988 825 4043 oculi
858 3993 1339 4058 perturbationem,
1373 3998 1515 4053 haud
1554 4013 1690 4066 pure
1722 4004 1817 4056 sed
1858 4004 2086 4067 confuse

511 4079 687 4134 cernit
739 4079 784 4133 is
828 4079 919 4148 qui
966 4081 1229 4150 Spiritalia
1285 4086 1481 4142 intueri
1533 4090 1767 4146 videtur.
1814 4092 2082 4147 Caeterum

512 4170 676 4234 istud,
712 4186 734 4223 ι
768 4171 1085 4237 inveteravi,
1121 4193 1141 4226 ι
1178 4176 1316 4229 idem
1349 4187 1430 4232 est
1469 4194 1533 4235 ac
1564 4183 1612 4235 si
1655 4183 1797 4238 dicat
1834 4206 1847 4241 :
1892 4185 2085 4241 Senior

510 4275 564 4318 et
591 4264 879 4318 multorum
912 4279 1174 4319 annorum
1209 4266 1385 4324 factus
1416 4286 1559 4332 sum.
1600 4280 1724 4328 dum
1770 4276 1912 4330 inter
1937 4281 2083 4345 ipsos

2200 412 2410 469 σῶσόν
2434 430 2511 482 με
2537 411 2744 466 ἕνεκεν
2778 410 2884 464 τοῦ
2919 407 3129 474 ἐλέους
3160 422 3300 471 σου,
3327 422 3384 459 κ.
3415 421 3467 459 τ.
3498 405 3548 457 ὲ.
3576 401 3683 457 Δύο
3707 404 3783 455 τί-

2201 502 2358 577 θησιν
2390 503 2650 566 ἐνταῦθα,
2673 503 2783 573 (55)
2818 502 2876 555 τὸ
2892 498 3237 573 ἐπιπρέψαι,
3270 497 3366 552 καὶ
3396 495 3667 568 ῥύσασθαι
3687 498 3782 566 τήν

2198 596 2374 667 ψυχὴν
2403 595 2586 650 αὐτοῦ.
2625 595 2697 648 Τὸ
2726 594 2836 662 γάρ
2864 592 3095 664 μάλιστα
3114 594 3225 655 τοῖς
3257 589 3489 653 δικαίοις
3516 582 3586 659 ἦν
3625 604 3783 660 περι-

2203 688 2553 742 σπούδαστον.
2581 706 2600 738 t
2623 684 2999 756 Ἐπίστρεψον,
3026 702 3045 735 ι
3080 677 3211 746 οἷον,
3236 680 3329 744 Εἰς
3352 682 3452 752 τὴν
3477 680 3783 749 οἰκειότητα

2200 777 2671 847 ἀποκατάστησον.
2706 774 2866 827 Ἀλλά
2894 773 2987 827 καὶ
3014 769 3177 841 ῥῦσαι
3220 773 3277 825 ὲν
3308 769 3589 842 πολεμίοις
3614 768 3782 840 αὐτὴν

2198 869 2383 927 οὖσαν.
2425 870 2806 941 Ἀπεστράφης
2826 867 2915 921 διὰ
2939 867 3039 932 τὰς
3068 864 3341 937 ἁμαρτίας
3378 880 3502 935 μου,
3528 864 3782 934 ἐπίστρε-

2200 964 2300 1034 ψον
2332 962 2421 1017 διὰ
2454 963 2552 1034 τὴν
2595 960 3004 1033 φιλανθρωπίαν
3036 976 3153 1025 σου,
3202 958 3295 1012 καὶ
3329 956 3469 1029 πρὸς
3501 955 3784 1010 παίδευσιν

2201 1056 2383 1119 ἐνδούς
2417 1073 2484 1127 με
2509 1058 2618 1119 τοῖς
2654 1055 2996 1125 πειρασμοῖς.

2275 1148 2400 1200 Ὅτι
2437 1148 2549 1200 οὐκ
2601 1144 2774 1200 ἐστιν
2809 1145 2880 1199 ἐν
2927 1142 3006 1210 τῷ
3053 1140 3288 1209 θανάτῳ
3327 1143 3360 1195 ὁ
3387 1138 3783 1210 μνημονεύων

2200 1255 2340 1305 σου,
2356 1239 2426 1293 ἐν
2451 1237 2520 1292 δὲ
2540 1237 2622 1304 τῷ
2641 1237 2754 1307 ᾄδῃ
2784 1238 2877 1302 τίς
2908 1231 3421 1305 ἐξομολογήσεται
3434 1247 3531 1284 σοι
3550 1246 3568 1293 ;
3588 1246 3643 1282 κ.
3659 1245 3710 1280 τ.
3733 1229 3779 1281 ἑ.

2213 1333 2270 1387 '0
2298 1330 2649 1403 μνημονεύων
2677 1329 2788 1401 (54)
2820 1327 2956 1382 Θεοῦ
2984 1326 3075 1381 τοῦ
3107 1326 3376 1396 λέγοντος·
3403 1342 3422 1374 t
3444 1320 3586 1391 Ἐγώ
3609 1323 3724 1392 εἰμι
3744 1322 3777 1390 η

2202 1424 2338 1494 ζωὴ,
2366 1443 2384 1477 ι
2407 1423 2509 1477 οὐκ
2543 1422 2686 1475 ἐστιν
2722 1423 2778 1474 ἐν
2805 1421 2881 1491 τῷ
2908 1420 3141 1490 θανάτῳ.
3173 1420 3287 1471 Οὐκ
3319 1416 3464 1469 ἔστιν
3492 1417 3549 1467 ὲν
3582 1413 3661 1484 τῷ
3692 1412 3781 1465 θα-

2201 1516 2346 1587 νάτῳ
2372 1513 2448 1585 τῷ
2477 1514 2689 1585 ἐσχάτῳ
2720 1511 2896 1584 ἐχθρῷ
2930 1510 3066 1565 Θεοῦ
3108 1509 3430 1581 τυγχάνοντι
3478 1504 3781 1578 μεμνῆσθαί

2205 1626 2299 1662 σου
2319 1626 2333 1639 ο
2361 1608 2441 1662 διὸ
2474 1608 2634 1679 ῥῦσαί
2677 1624 2745 1678 με
2785 1607 2880 1660 ἀπ’
2910 1602 3096 1668 αὑτοῦ,
3132 1603 3218 1656 ἵνα
3259 1601 3423 1653 πάλιν
3456 1598 3779 1670 μνημονεύω

2131 1686 2172 1738 Β
2204 1719 2318 1755 σου.
2351 1699 2449 1754 Διὰ
2475 1700 2633 1754 τοῦτο
2670 1699 2727 1753 δὲ
2764 1698 2859 1753 καὶ
2886 1700 2935 1752 oi
2972 1696 3076 1768 πρὸ
3109 1694 3343 1748 θανάτου
3374 1692 3779 1764 ἁμαρτάνοντες

2200 1794 2260 1847 οὐ
2295 1793 2596 1864 μέμνηνται
2638 1790 2732 1844 τοῦ
2778 1788 2935 1844 Θεοῦ.
2970 1788 3127 1841 Ἤτοι
3161 1788 3218 1841 ὲν
3253 1786 3357 1860 ᾄδῃ
3389 1785 3563 1848 οὐδεὶς
3596 1783 3782 1854 ἐξομο-

2201 1884 2512 1953 λογήσεται,
2567 1880 2600 1953 ἢ
2639 1881 2781 1934 πάνυ
2826 1878 3014 1947 ὀλίγοι·
3044 1877 3205 1930 τοῦτο
3240 1877 3352 1948 γὰρ
3388 1874 3645 1948 ἐμφαίνει
3675 1873 3780 1927 ἀπὸ

2199 1977 2423 2048 ταύτης,
2473 1975 2567 2029 καὶ
2616 1976 2827 2047 μήποτε
2868 1973 2955 2028 διὰ
3005 1973 3100 2027 τόδ
3144 1990 3163 2022 t
3197 1969 3427 2023 Ἐλθέτω
3456 1968 3523 2040 δὴ
3554 1966 3782 2030 θάνατος

2200 2072 2286 2124 ἐπ’
2318 2071 2533 2135 αὐτοὺς,
2567 2069 2661 2125 καὶ¹
2695 2068 3091 2140 καταϐἠτωσαν
3129 2067 3210 2129 είς
3240 2063 3369 2136 ᾅδου
3402 2061 3628 2127 ζῶντες.
3658 2079 3678 2111 ι
3718 2060 3783 2113 0i.

2198 2160 2398 2227 ζῶντες
2429 2163 2509 2225 εἰς
2540 2160 2667 2233 ᾅδου
2706 2158 3126 2221 καταϐαίνοντες
3182 2151 3492 2227 μεμνῆσθαι
3530 2150 3781 2205 δύνανται

2196 2253 2290 2307 τοῦ
2324 2253 2461 2307 Θεοῦ
2495 2252 2571 2316 ὼς
2599 2252 2699 2305 οὐκ
2742 2250 2895 2314 ὄντες
2925 2252 2982 2304 ὲν
3011 2249 3090 2320 τῷ
3135 2247 3370 2313 θανάτω,
3402 2247 3497 2299 καὶ
3529 2243 3780 2315 ἐξομολοο

2196 2346 2411 2416 γείσθαι
2441 2345 2611 2416 αὐτῷ.
2686 2368 2689 2369 ν

2278 2440 2603 2493 Ἐκοπίασα
2627 2439 2698 2492 ἐν
2726 2437 2806 2504 τῷ
2838 2434 3152 2505 στεναγμῷ
3168 2452 3308 2504 μου,
3340 2451 3394 2488 κ.
3421 2450 3472 2487 τ.
3507 2433 3555 2486 ὲ.
3590 2430 3777 2485 Τοιοῦο

2195 2549 2285 2585 τον
2319 2530 2621 2602 στεναγμὸν
2660 2529 2772 2601 (55)
2820 2531 2870 2582 οἱ
2918 2528 3027 2580 υἱοὶ
3080 2526 3297 2600 Ἰσραὴλ
3326 2523 3683 2590 στενάξαντες
3719 2526 3778 2577 ἐν

2193 2623 2473 2693 Αἰγύπτῳ,
2504 2618 2956 2691 εἰσηκούσθησαν.
2990 2619 3101 2673 Καὶ
3133 2617 3343 2681 Παῦλος
3365 2617 3423 2670 δὲ
3448 2616 3641 2684 λέγων·
3672 2635 3691 2666 t
3714 2615 3777 2669 Οἱ

2192 2715 2344 2778 ὄντες
2385 2717 2444 2769 ὲν
2483 2713 2560 2785 τῷ
2604 2714 2793 2785 σκήνει
2841 2710 3190 2782 στενάζομεν,
3215 2729 3234 2763 ι
3284 2709 3346 2763 τὸ
3391 2710 3576 2781 ὅμοιον
3610 2710 3770 2762 ποιεῖ.

2193 2807 2445 2863 Τοιοῦτόν
2475 2811 2590 2861 ἐστι
2621 2807 2715 2860 καὶ
2744 2805 2823 2870 τὸ,
2864 2825 2884 2858 ι
2922 2805 3189 2876 Ὠρυόμην
3216 2802 3324 2858 ἀπὸ
3350 2801 3657 2873 στεναγμοῦ
3682 2803 3778 2873 τῆς

2193 2901 2422 2973 καρδίας
2474 2918 2595 2972 μου.
2629 2918 2647 2950 ι
2684 2898 2791 2954 Καὶ
2828 2899 2929 2952 οὐκ
2974 2899 3136 2970 ἀρκεῖ
3173 2894 3449 2960 στενάξαι,
3489 2895 3604 2948 ἀλλ’
3637 2894 3773 2948 ὥστε

2192 2994 2451 3048 κοπιάσαι
2492 2993 2593 3048 δεῖ.
2631 2993 2946 3064 Χαριέντως
2994 2991 3053 3044 δὲ
3091 2992 3169 3053 είς
3213 2989 3527 3061 προτροπὴν
3561 2987 3774 3057 ἁγνείας

2198 3085 2513 3158 χρησόμεθα
2552 3085 2630 3155 τῷ
2676 3085 2818 3156 λόγῳ
2863 3083 3055 3154 τούτῳ·
3105 3079 3337 3136 «Λούσω
3381 3080 3502 3134 καθ’
3539 3081 3768 3151 ἑκάστην

2196 3179 2364 3232 νύκτα
2400 3178 2499 3249 τὴν
2533 3176 2721 3248 κλίνην
2767 3194 2890 3248 μου,
2914 3196 2932 3229 ι
2968 3175 3073 3229 ὑπὸ
3116 3175 3292 3246 μόνων
3326 3173 3436 3226 τῶν
3480 3172 3567 3226 ἀεὶ
3610 3172 3767 3226 καθαυ

2198 3270 2461 3342 ρευόντων
2495 3270 2603 3324 ἀπὸ
2635 3269 2835 3341 μίξεως
2879 3269 3176 3339 φάσκοντες
3211 3265 3388 3329 καλῶς
3415 3264 3667 3335 λέγεσθαι
3691 3264 3767 3328 τδ,

2199 3381 2217 3413 t
2241 3361 2430 3416 Λούσω
2456 3360 2576 3416 καθ’
2605 3362 2841 3433 ἑκάστην
2872 3360 3043 3414 νύκτα
3076 3359 3174 3430 τὴν
3201 3358 3390 3429 κλίνην
3422 3375 3546 3428 μουο
3581 3378 3600 3409 ι
3632 3351 3769 3411 οὗτοι

2191 3453 2268 3516 δὲ,
2298 3455 2392 3508 καὶ
2418 3453 2766 3525 σχολάζοντες
2792 3455 2858 3524 τῇ
2889 3453 3187 3523 προσευχῇ,
3210 3451 3268 3503 ὲν
3294 3449 3527 3521 δάκρυσι
3556 3448 3772 3520 βρέχου-

2194 3560 2275 3597 σιν
2306 3543 2515 3597 ἑαυτῶν
2554 3544 2646 3596 ἐπὶ
2679 3545 2791 3607 τοῖς
2825 3540 3234 3613 ἡμαρτημένοις
3258 3539 3441 3594 πάλαι
3469 3539 3569 3610 τὴν
3600 3555 3768 3612 στρω-

2192 3634 2349 3706 μνήν.
2380 3633 2477 3689 Διὰ
2510 3632 2667 3687 τοῦτο
2690 3627 2830 3685 εἷπε·
2872 3651 2889 3682 ι
2914 3632 3191 3700 Μακάριοι
3217 3631 3266 3683 οἱ
3294 3629 3576 3694 κλαίοντες
3609 3628 3719 3682 νῦν.
3746 3648 3765 3681 ι

2273 3722 2599 3794 Ἐταράχθη
2658 3722 2778 3778 ἀπὸ
2824 3719 3015 3791 θυμοῦ
3046 3724 3079 3774 d
3111 3722 3416 3790 ὀφθαλμός
3448 3739 3590 3790 μου,
3628 3721 3767 3773 ἐπα-

2188 3814 2449 3883 λαιώθην
2474 3817 2542 3869 ἐν
2574 3814 2726 3871 πᾶσι
2760 3814 2883 3880 τοῖς
2910 3812 3146 3883 ἐχθροῖς
3173 3830 3314 3883 μου,
3356 3830 3412 3866 κ.
3448 3829 3497 3866 τ.
3530 3812 3576 3864 ἑ.
3602 3811 3765 3864 Οὐδὲν

2189 3907 2330 3961 οὕτω
2346 3907 2453 3979 (56)
2470 3906 2658 3976 τυφλοῖ
2673 3905 2797 3960 νοῦν
2811 3905 2886 3970 ὡς
2905 3905 3072 3977 θυμὸς
3089 3906 3511 3978 ταρασσόμενος.
3526 3905 3625 3959 Διὰ
3643 3904 3767 3959 ταύ-

2186 4017 2285 4072 την
2325 4003 2421 4073 τὴν
2461 3998 2553 4054 τοῦ
2596 3999 2873 4070 ὀφθαλμοῦ
2914 3999 3154 4070 ταραχὴν
3200 3999 3261 4052 οὐ
3312 3996 3593 4069 καθαρῶς,
3630 3997 3759 4052 ἀλλὰ

2188 4093 2608 4164 συγκεχυμένως
2637 4094 2740 4164 ὁρᾷ
2768 4094 2862 4146 καὶ
2890 4094 2918 4145 ὁ
2945 4091 3161 4163 βλέπειν
3195 4091 3263 4144 τά
3296 4091 3460 4162 νοητά
3483 4091 3675 4170 δοκῶν.
3694 4091 3763 4144 Τὸ

2184 4184 2262 4249 δὲ,
2288 4205 2306 4237 ‹
2325 4183 2693 4256 ἐπαλαιώθην,
2710 4177 2865 4246 »οἶον,
2878 4184 3112 4249 Παλαιὸς
3133 4184 3225 4238 καὶ
3241 4184 3593 4256 πολυχρόνιος
3616 4184 3765 4254 γέγο-

2189 4294 2274 4339 να,
2302 4280 2359 4330 ὲν
2386 4277 2568 4340 αὐτοῖς
2597 4276 2887 4349 διατρίϐων
2928 4279 2985 4332 ὲν
3013 4276 3090 4348 τῷ
3138 4276 3235 4347 βίῳ
3273 4278 3406 4330 ὃπου
3435 4274 3763 4345 εἰσίν-ἦπου

510 4369 874 4411 commoratus
901 4372 1019 4413 sum
1055 4358 1108 4411 in
1142 4359 1239 4412 hac
1268 4363 1374 4416 vita
1412 4365 1500 4419 ubi
1532 4371 1827 4422 exsistunt.
1860 4367 2084 4426 Velzln-

2195 4371 2418 4425 παλαιὸν
2453 4371 2583 4443 παρ’
2637 4372 2824 4435 αὐτοῖς
2872 4372 3132 4425 ἀνέλαϐον
3177 4370 3463 4442 ἄνθρωπον
3508 4372 3605 4425 σὺν
3652 4374 3766 4435 ταῖς

511 4461 594 4504 tcr
632 4464 727 4505 eos
753 4462 988 4507 veterem
1044 4469 1165 4508 cum
1221 4457 1434 4512 actibus
1484 4458 1602 4527 ejus
1665 4462 1937 4518 hominem
1989 4480 2080 4519 as-

508 4545 732 4611 sumpsi,
769 4563 788 4596 ι
826 4546 918 4616 qui
963 4549 1329 4618 corrumpitur
1353 4554 1647 4607 secundum
1683 4556 1952 4610 desideria
1995 4572 2081 4612 er-

510 4635 648 4689 roris
679 4637 747 4690 ⁸³.
777 4651 795 4684 ι

579 4722 743 4782 Vens.
784 4727 835 4783 9.
870 4727 1135 4784 Discedite
1166 4748 1198 4784 a
1226 4748 1508 4790 mewmnes
1533 4737 1621 4805 qui
1652 4739 1942 4805 operamini
1973 4739 2080 4792 ini-

503 4816 780 4885 quitatem,
822 4829 927 4877 etc.
976 4823 1253 4879 Daemones
1304 4840 1517 4896 semper
1556 4829 1894 4898 iniquitatem
1952 4846 2077 4902 Ope-

509 4919 722 4976 t-anlur;
758 4913 1006 4968 homines
1057 4930 1162 4969 nou
1188 4931 1435 4986 semper;
1471 4920 1645 4990 angeli
1674 4937 1967 4991 utinquam.

578 5090 740 5149 Vens.
773 5095 826 5160 9,
862 5094 949 5150 10.
993 5097 1257 5163 Quoniam
1304 5101 1567 5154 exaudivit
1604 5100 1859 5157 Dominus
1899 5122 2073 5162 vocem

2190 4462 2452 4532 πράξεσιν
2491 4461 2679 4526 αὐτοῦ,
2716 4480 2735 4512 t
2771 4462 2862 4515 τὸν
2893 4462 3246 4533 φθειρόμενον
3278 4462 3419 4516 κατὰ
3461 4464 3558 4526 τὰς
3585 4462 3765 4516 ἐπιθυ-

2192 4556 2319 4626 μίας
2348 4555 2446 4626 τῆς
2479 4554 2714 4626 ἀπάτης.
2742 4574 2760 4605 ι

2267 4739 2586 4805 Ἀπόστητε
2618 4737 2901 4807 ἀπ’ἐμοῠ,
2926 4737 3149 4803 πάντες
3179 4740 3233 4791 οἱ
3263 4734 3635 4805 ἐργαζόμενοι
3654 4732 3766 4803 τὴν

2185 4830 2460 4900 ἀνομίαν,
2493 4848 2547 4884 κ.
2579 4847 2634 4885 ατ.
2677 4831 2723 4883 ὲ.
2765 4829 3045 4900 Δαιμόνων
3085 4829 3147 4883 τὸ
3181 4829 3292 4899 (57)
3320 4829 3408 4883 διὰ
3442 4828 3641 4892 παντὸς
3668 4829 3764 4901 τὴν

2184 4923 2411 4994 ἀνομίαν
2456 4921 2800 4994 ἐργάζεσθαι·
2844 4920 3146 4994 ἀνθρώπων
3194 4922 3255 4975 τὸ
3303 4921 3378 4994 μὴ
3417 4921 3506 4976 διὰ
3547 4922 3759 4983 παντός’

2185 5015 2431 5084 ἀγγέλων
2462 5015 2522 5069 τὸ
2560 5014 2849 5086 μηδέποτε.

2258 5109 2385 5162 Ὅτι
2401 5108 2726 5175 εὶσήκουσε
2747 5108 2963 5176 Κύριος
2979 5104 3088 5177 τῆς
3108 5105 3316 5176 φωνῆς
3335 5106 3443 5161 τοῦ
3458 5103 3758 5176 κλαυθμοῦ

577 5232 624 5266 ⁷⁸
647 5235 803 5291 Joan.
838 5252 950 5304 xtv,
983 5238 1037 5294 6.
1113 5238 1158 5272 '"
1188 5238 1331 5296 Psal.
1358 5256 1467 5309 ιιν,
1503 5240 1590 5296 16.
1664 5242 1710 5274 ⁷⁸
1734 5243 1777 5297 ll
1798 5244 1925 5300 Cor.
1955 5263 2010 5312 ν,
2031 5249 2085 5305 4.

2195 5253 2206 5285 ³
2236 5251 2378 5307 Psal.
2408 5266 2614 5315 xxxvu,
2656 5249 2710 5304 9.
2785 5250 2831 5280 ⁸ο
2862 5248 2991 5303 an.
3019 5248 3200 5315 vt,21.
3276 5246 3321 5279 ⁸¹
3346 5246 3546 5317 Ephes.
3575 5261 3650 5312 tv,
3671 5245 3757 5300 22.

578 5374 687 5447 (35)
720 5375 834 5429 Δύο
864 5376 1104 5445 τίθησιν
1130 5378 1422 5444 ἐνταῦθα,
1452 5391 1557 5436 etc.
1601 5381 1825 5439 Schedae
1868 5381 2083 5440 Erncsﬁ

507 5445 717 5517 Cranii,
753 5451 1058 5517 partimque
1088 5448 1401 5505 Cortlerius.

540 5515 690 5638 1:34}
734 5517 794 5569 Ὀ
818 5515 1230 5587 μνημονεύων,
1263 5532 1366 5575 810-
1395 5520 1622 5579 Schedae
1645 5523 1854 5590 Grabii,
1882 5524 2082 5579 Barbu—

510 5601 621 5640 ris.

580 5657 691 5728 (55)
731 5658 1003 5715 Τοιοῦτον
1032 5665 1388 5734 στεναγμόν,
1428 5674 1532 5721 etc.
1569 5663 1878 5738 Corderius,
1911 5668 2078 5726 coder

2192 5386 2575 5441 Coislinianus.
2612 5386 2902 5441 Barbarus.

2263 5454 2374 5527 (56)
2405 5455 2594 5510 Οὐδὲν
2624 5456 2795 5523 οὕτω,
2820 5467 2926 5511 etc.
2958 5455 3269 5521 Corderius,
3294 5455 3463 5510 codex
3485 5453 3760 5509 Coislinia—

2193 5544 2315 5584 nus.
2343 5529 2635 5581 Barbarus.

2264 5597 2377 5666 (57)
2412 5599 2714 5667 Δαιμόνων
2733 5598 2820 5664 τό,
2865 5608 2970 5654 etc.
3027 5596 3251 5653 Sclteda:
3278 5594 3465 5651 Grabii
3494 5634 3512 5662 ,
3561 5593 3758 5650 Barba-

2190 5683 2215 5721 Ι·
2221 5684 2249 5719 tl
2257 5684 2299 5721 ἃ.
