4020 6152
303 237 452 295 “77

1312 244 1620 297 SELEU'lA
1658 246 1724 297 ΙΝ
1765 246 2104 304 ΡδΑιιιιυευ.
2136 273 2212 291 --
2245 249 2443 301 PbAL.
2492 252 2598 301 VII.

3427 248 3567 306 “78

295 372 444 426 μου.
475 351 819 420 Eia-rimas
836 352 1051 422 Κύριος
1080 351 1191 423 τῆς
1219 354 1483 424 δεήσεώς
1516 376 1659 428 μου,
1678 360 1893 429 Κύριος
1920 413 1928 425 ,

2014 363 2151 417 lctus
2173 363 2297 418 mei.
2316 362 2603 418 Exaudivit
2634 359 2889 415 Dominus
2920 358 3338 428 deprecationem
3378 376 3572 427 meam,

299 445 425 516 τὴν
454 443 806 516 προσευχήν
825 463 947 516 μου
982 446 1408 519 προσεδέξατο,
1438 468 1492 505 κ.
1524 469 1575 505 τ.
1606 453 1655 508 ὲ.
1695 452 1757 506 '0
1785 452 1895 507 τῶν

302 536 606 593 κλαιόντων
627 538 739 610 (58)
761 538 1109 613 μακαρισμὸν
1126 541 1347 606 συνιεὶς,
1371 543 1464 597 καὶ
1477 542 1701 606 κλαίων,
1723 541 1895 597 ταῦτα

302 633 427 705 ἐρεῖ
454 631 587 684 πᾶσι
617 633 731 695 τοῖς
755 631 1022 702 παροῦσιν
1053 630 1203 702 αὐτῷ
1233 633 1620 705 ἐργαζομένοις
1650 633 1747 707 τὴν
1769 637 1895 688 avo-

306 725 466 795 μίαν,
498 726 732 796 ὁρατοῖς,
784 724 1060 796 ἀοράτοις.
1109 724 1333 797 Πρῶτον
1361 726 1421 780 δὲ
1462 729 1491 781 6
1533 728 1669 792 Θεὸς
1710 728 1896 799 φωνῆς

302 818 402 870 καὶ
436 816 714 889 κλαυθμοῦ
736 816 945 885 ἀκούει,
968 812 1088 872 εἶτα
1112 816 1373 890 δεήσεως,
1398 816 1518 874 εἶτα
1538 819 1638 891 τὴν
1663 836 1897 891 προσευ-

304 909 411 980 χὴν
444 909 822 982 προσδέχεται.

379 1003 871 1072 Αἰσχυνθείησαν
897 1002 994 1057 καὶ
1022 1004 1461 1073 ταραχθείησαν
1480 1004 1716 1074 σφόδρα
1742 1004 1894 1059 πάν-

305 1108 409 1160 τες
419 1097 472 1147 οὶ
486 1093 689 1163 ἐχθροί
697 1112 838 1164 μου,
858 1112 913 1151 κ.
929 1113 981 1150 τ.
996 1096 1043 1149 ὲ.
1059 1096 1124 1149 Ἠ
1139 1096 1368 1167 αἰσχύνη
1387 1096 1493 1167 (59)
1512 1098 1592 1160 εἰς
1607 1096 1895 1168 συναίσθη-

309 1200 397 1238 σιν
433 1183 556 1254 ἆγει
597 1186 688 1240 τὸν
734 1188 1136 1258 ἁμαρτάνοντα.
1182 1188 1493 1254 Παύσασθε,
1541 1187 1725 1260 φησιν,
1771 1189 1894 1259 ἐμοὶ

305 1275 378 1329 τὰ
411 1276 584 1349 tmen
620 1279 1041 1349 προσφέροντες·
1086 1278 1157 1333 τὰ
1196 1281 1370 1334 οἰκεῖα
1406 1280 1464 1335 δὲ
1512 1279 1660 1335 κακὰ
1687 1277 1896 1349 λογιζό-

275 1368 280 1373 ’
310 1385 484 1439 μενοι,
516 1369 777 1441 αἰσχύνης
810 1372 900 1425 καὶ
932 1372 1181 1444 ταραχῆς
1222 1372 1629 1445 ἀναπλήσθητε.
1676 1373 1895 1429 Δίκαιον

306 1460 418 1529 γὰρ
448 1461 543 1515 καί⁵
569 1462 798 1533 φοϐερὸν
830 1462 891 1516 τὸ
923 1464 1067 1519 θεῖον
1093 1467 1397 1537 κριτήριον.

334 1600 339 1601 ν
395 1556 938 1625 Ἐπιστραφείησαν
983 1558 1083 1612 καὶ
1134 1558 1616 1627 αἰσχυνθείησαν
1660 1556 1897 1628 σφόδρα

309 1646 410 1702 διὰ
433 1646 676 1718 τάχους,
707 1667 760 1703 κ.
778 1666 826 1704 τ.
844 1652 892 1703 ἑ.
940 1652 1066 1705 Ἐὰν
1104 1650 1653 1723 νικήσωμεν(40),τὰ
1672 1652 1897 1705 ἀντιπα-

1995 452 2255 508 Dominus
2295 454 2588 508 orationem
2634 466 2803 505 meum
2850 451 3096 520 suscepit,
3143 460 3248 505 etc.
3286 449 3387 518 Qui
3436 446 3573 503 ﬂen-

1998 544 2133 600 tium
2157 545 2547 602 beatitudinem
2585 543 2855 615 intelligit,
2880 553 2935 599 et
2962 544 3075 608 ﬂet,
3110 543 3228 597 haec
3264 541 3411 598 dicet
3447 556 3573 596 om-

1999 637 2161 690 nibus
2191 635 2293 705 ipsi
2321 634 2656 700 astantibus,
2685 633 3043 704 operantibus
3076 633 3436 703 iniquitatem,
3464 642 3573 686 tam

1998 728 2304 782 visibilibus
2335 742 2499 796 quam
2536 726 2924 782 invisibilibus.
2955 726 3198 781 Primum
3223 737 3404 781 autem
3431 725 3575 781 Deus

1996 835 2187 875 vocem
2218 830 2275 874 et
2296 818 2483 874 ﬂetum
2517 819 2687 883 audit,
2712 819 2907 875 deinde
2929 819 3392 888 deprecationem,
3418 817 3576 873 deni-

1996 928 2104 983 que
2125 912 2354 982 suscipit
2382 912 2710 968 orationem.

2067 1004 2235 1061 Vens.
2277 1005 2364 1059 11.
2405 1003 2729 1059 Erubescant
2758 1012 2807 1058 et
2842 1002 3218 1057 conturbentur
3256 1006 3578 1057 vehementer

1997 1113 2173 1152 omnes
2194 1095 2360 1168 580
2381 1095 2587 1150 inimici
2626 1096 2747 1160 mei,
2783 1105 2893 1149 etc.
2932 1092 3114 1147 Pudor
3150 1102 3467 1162 peccantem
3508 1095 3575 1147 ad

1997 1190 2081 1244 sui
2114 1191 2282 1261 ipsius
2313 1203 2528 1245 sensum
2566 1195 2807 1242 revocat.
2854 1185 3115 1251 Desinite,
3177 1185 3385 1257 inquit,
3445 1185 3575 1239 mihi

1998 1284 2242 1339 convicia
2269 1284 2540 1355 ingerere,
2571 1290 2625 1337 et
2654 1281 2877 1354 propria
2916 1279 3056 1333 mala
3099 1287 3437 1349 reputantes,
3470 1293 3575 1349 pu-

1997 1378 2130 1432 dore
2163 1385 2220 1431 et
2246 1375 2665 1447 perturbatione
2708 1373 3050 1445 repleamini.
3092 1368 3303 1427 iustum
3347 1369 3493 1425 enim
3522 1379 3582 1425 et

2000 1467 2340 1522 tremendum
2375 1476 2460 1522 est
2489 1466 2582 1521 Dei
2604 1466 2891 1536 judicium.

2072 1557 2239 1615 Vens.
2279 1558 2368 1615 il.
2401 1555 2786 1614 Convertuntur
2829 1568 2878 1612 et
2918 1556 3228 1612 erubescant
3267 1553 3418 1609 valde
3450 1550 3581 1606 velo-

2000 1651 2149 1718 citer,
2189 1661 2299 1707 etc.
2331 1650 2387 1706 Si
2413 1652 2649 1705 victores
2676 1649 2982 1715 evadimus,
3005 1664 3067 1704 ea
3095 1662 3219 1717 quae
3250 1654 3438 1700 contra
3481 1658 3579 1697 nos

308 1736 527 1790 λαίοντα
557 1741 1026 1811 καταισχύνονται,
1063 1743 1296 1814 μάλιστα
1322 1744 1409 1797 ὅτε
1437 1760 1521 1806 τις
1550 1744 1579 1796 6
1610 1741 1891 1814 ἄνθρωπος

2014 1751 2258 1811 )ugnant,
2310 1743 2517 1813 pudore
2574 1739 3033 1805 confunduntur,
3097 1737 3399 1810 pmsertim
3454 1749 3578 1791 cum

307 1827 513 1881 τούτων
546 1831 810 1901 κρείττων
843 1832 1177 1903 εὑρίσκεται,
1213 1834 1309 1887 καὶ
1338 1834 1585 1903 συγχέων
1624 1833 1893 1905 ταράσσει

309 1919 448 1973 αὐτὰ
479 1923 543 1993 τῇ
572 1922 766 1977 ἑαυτοῦ
801 1924 980 1997 σοφίᾳ.
1012 1926 1167 1997 Τάχα
1196 1927 1254 1980 δὲ
1286 1924 1381 1979 καὶ
1409 1924 1729 1996 ἐπιστρέφει
1754 1925 1893 1979 αὐτὰ

309 2012 687 2082 αἰσχυνθέντα,
717 2016 811 2070 καὶ
839 2017 1048 2087 ταχέως
1075 2020 1104 2072 6
1134 2017 1290 2088 ἅγιος
1330 2016 1490 2071 τοῦτο
1516 2019 1678 2069 ποιεῖ.

385 2194 496 2249 Τοῦ
523 2196 730 2252 αὐτοῦ.
758 2198 991 2270 Νοήσεις
1018 2200 1189 2253 ταῦτα
1216 2198 1471 2267 λέγεσθαι
1499 2197 1594 2251 καὶ
1617 2195 1754 2267 πρὸς
1774 2194 1901 2257 τοὺς

308 2286 407 2357 τὴν
458 2290 801 2362 κατασκευὴν
851 2291 999 2363 αὐτῷ
1053 2289 1572 2362 κατεργασαμένους
1630 2286 1898 2357 ἀοράτους

310 2376 538 2450 ἐχθροὺς
575 2380 1067 2454 διαφθονουμένους
1102 2386 1167 2455 τῇ
1215 2382 1356 2437 κατὰ
1389 2380 1522 2435 Θεὸν
1553 2376 1717 2433 αὐτοῦ
1762 2393 1896 2448 προ-

311 2474 475 2543 κοπῇ,
511 2475 604 2527 καὶ
639 2476 777 2545 μετὰ
806 2476 905 2549 τὴν
961 2476 1239 2549 ἁμαρτίαν
1289 2475 1685 2538 ἐπιϐαίνοντας,
1721 2472 1780 2525 ὲν
1815 2464 1898 2532 οἷς

2000 1834 2160 1889 homo
2190 1835 2463 1906 quispiam
2495 1837 2582 1891 his
2606 1832 2799 1890 melior
2832 1833 3131 1899 invenitur,
3158 1841 3215 1886 et
3241 1827 3581 1886 confundens

1998 1940 2061 1979 ea
2089 1928 2373 1995 perturbat
2397 1928 2666 1997 sapientia
2710 1944 2832 1983 sua.
2878 1926 3042 1983 Forte
3087 1924 3252 1979 etiam
3299 1920 3501 1976 accidit
3522 1928 3585 1975 ut

1999 2033 2062 2072 ea
2090 2016 2377 2086 pudefacta
2407 2029 2718 2075 convertat.
2763 2018 2903 2088 Quin
2946 2029 3003 2074 et
3044 2026 3270 2072 sanctus
3327 2012 3437 2069 cito
3476 2011 3582 2069 hoc

2002 2118 2246 2178 praestat.

2074 2192 2350 2262 Ejusdem.
2387 2197 2513 2254 Ilaec
2546 2198 2712 2254 etiam
2748 2197 2852 2254 dici
2889 2196 3105 2267 putabis
3153 2188 3416 2250 adversus
3441 2191 3583 2246 invi»

1999 2286 2186 2342 sibiles
2223 2290 2430 2355 hostes,
2469 2290 2561 2361 qui
2592 2291 2832 2345 divinum
2876 2290 2994 2361 ejus
3041 2301 3389 2358 progressum
3441 2285 3584 2339 invi-

2000 2377 2211 2442 dentes,
2245 2378 2467 2436 insidias
2496 2382 2546 2437 ei
2592 2389 2931 2445 struxerunt,
2964 2390 3019 2434 et
3054 2386 3177 2449 post
3214 2377 3330 2447 ejus
3384 2390 3583 2446 pecca-

1999 2475 2111 2520 tum
2136 2468 2470 2526 insultabant
2501 2471 2747 2528 dicentes
2778 2470 2825 2501 ⁸²
2858 2486 2874 2525 :
2912 2488 2931 2522 ι
2962 2469 3077 2524 Non
3112 2476 3197 2525 est
3222 2466 3368 2523 salus
3397 2465 3499 2537 ipsi
3526 2465 3583 2521 in

310 2562 511 2633 ἔλεγονο
543 2584 561 2618 ι
585 2566 699 2619 Οὐκ
729 2566 842 2621 ἔστι
876 2569 1124 2641 σωτηρία
1152 2567 1302 2638 αὐτῷ
1334 2569 1394 2621 ὲν
1419 2564 1497 2637 τῷ
1524 2564 1644 2638 Θεῷ
1673 2560 1896 2618 αὐτοῦ.»
2010 2559 2117 2614 Deo
2143 2559 2280 2630 ejus.
2321 2580 2343 2617 ι

1126 2794 1219 2850 EX
1249 2787 1785 2851 COMMENTARIIS
1818 2787 2151 2846 ORIGENlS
2192 2789 2255 2844 IN
2293 2786 2635 2847 PSALMUM
2683 2788 2775 2845 Vl.

396 3047 660 3105 Pos~ibile
690 3047 801 3120 (Ill)
828 3057 910 3103 est
931 3048 1288 3104 considerare
1314 3064 1381 3105 ex
1409 3047 1499 3103 his
1537 3046 1776 3102 maxime
1797 3045 2098 3112 doloribus,
2121 3059 2261 3115 quos
2292 3044 2348 3099 in
2375 3044 2480 3099 hoc
2504 3058 2735 3112 corpore
2758 3042 2918 3112 positi
2942 3043 3231 3106 sentimus,
3270 3040 3360 3111 qui
3392 3054 3586 3111 quam-

312 3145 393 3199 vis
431 3143 613 3213 magni
643 3142 773 3207 sint,
806 3143 985 3197 brevis
1016 3149 1165 3197 certe
1193 3150 1323 3197 sunt
1349 3140 1632 3210 temporis,
1663 3153 1761 3209 pro
1780 3152 1847 3193 eo
1877 3140 2021 3207 quod
2052 3137 2097 3192 si
2123 3135 2283 3206 paulo
2310 3135 2747 3191 vehementiores
2774 3133 3104 3194 exstiterint.
3137 3132 3398 3188 continuo
3419 3131 3583 3187 etiam

313 3241 434 3292 vitae
455 3238 685 3293 celerem
713 3236 951 3290 inferunt
981 3236 1164 3290 tinem.
1204 3235 1451 3304 Denique
1491 3233 1667 3300 ‘multi,
1699 3233 1744 3288 si
1784 3247 1877 3287 res
1902 3229 2236 3302 poposcerit,
2267 3243 2368 3300 pro
2406 3228 2631 3301 pietatis
2669 3225 3016 3283 confessione
3053 3225 3107 3282 in
3139 3225 3269 3294 ipsis
3297 3223 3584 3279 tormentis

314 3334 549 3388 animam
578 3332 855 3387 reddunt:
887 3332 980 3385 alii
1013 3346 1147 3387 vero
1171 3332 1225 3386 in
1253 3330 1503 3401 ipsojam
1533 3344 1751 3384 coronae
1780 3327 1929 3385 aditu
1973 3327 2136 3397 positi
2165 3325 2439 3395 denegant
2463 3324 2644 3391 tidem,
2671 3340 2835 3394 quam
2871 3338 3044 3392 usque
3081 3322 3149 3376 ad
3182 3330 3413 3375 mortem
3455 3335 3583 3390 pro-

316 3435 611 3496 posuerant
638 3423 909 3479 conﬁteri.
950 3422 1017 3477 Et
1044 3424 1146 3477 hoc
1178 3439 1285 3477 non
1308 3423 1497 3492 utique
1539 3417 1910 3475 diminutione
1949 3417 2215 3486 propositi
2262 3414 2569 3485 patiuntur,
2601 3412 2699 3469 sed
2731 3412 2783 3466 vi
2816 3410 3020 3466 doloris
3046 3410 3211 3464 nimia
3243 3416 3299 3463 et
3326 3408 3587 3465 intolera-

314 3518 407 3573 bili
439 3516 705 3589 superati.
734 3514 792 3570 Si
822 3531 952 3582 ει·κο
984 3516 1036 3569 in
1069 3516 1169 3571 hac
1200 3513 1462 3585 praesenti
1499 3514 1613 3567 vita
1646 3520 1754 3566 tam
1787 3507 2167 3564 intolerabiles
2210 3518 2342 3564 sunt
2381 3521 2672 3577 pmnarum
2718 3504 2958 3565 dolores,
2984 3502 3113 3572 quid
3148 3501 3443 3571 putandum
3480 3510 3582 3563 est,

313 3627 436 3668 cum
468 3628 574 3666 non
597 3611 709 3681 jam
735 3610 995 3665 crassiori
1021 3611 1205 3664 anima
1233 3618 1421 3665 utetur
1460 3609 1801 3672 indumento,
1834 3604 1929 3660 sed
1953 3618 2077 3659 cum
2112 3603 2166 3658 id
2203 3602 2495 3673 spirituale
2529 3600 2785 3658 etl'ectum
2807 3614 2876 3654 ex
2903 3596 3310 3654 resurrectione
3336 3594 3582 3665 recipiet,

313 3717 364 3761 et
393 3719 460 3760 eo
494 3706 882 3760 vehementius
917 3705 1110 3775 utique
1141 3720 1250 3775 quo
1280 3703 1539 3760 subtilius
1564 3712 1675 3769 est,
1711 3700 1915 3756 sentiet
1938 3700 2046 3753 vim
2080 3697 2325 3754 doloris?
2361 3697 2502 3753 Puto
2546 3699 2691 3753 enim
2727 3696 2871 3765 quod
2913 3704 3117 3764 quanta
3161 3690 3471 3746 dill‘erentia
3499 3700 3589 3745 est

315 3800 369 3857 in
393 3800 648 3869 prasenti
673 3800 873 3855 samqu
902 3801 1103 3854 nudum
1128 3800 1439 3865 verberari,
1461 3813 1626 3869 quam
1651 3795 1930 3861 vestitum,
1968 3795 2035 3847 ad
2063 3792 2511 3863 persentieudum
2549 3790 2765 3847 scilicet
2794 3790 3127 3852 cruciatum,
3159 3800 3226 3842 eo
3251 3786 3394 3856 quod
3419 3784 3587 3840 vehe-

315 3897 548 3952 mentius
594 3896 794 3951 nudum
845 3912 1044 3965 corpus
1092 3897 1339 3953 crucient
1395 3897 1626 3952 verbera
1677 3906 1841 3964 quam
1880 3890 2138 3945 vestitum
2187 3907 2202 3944 :
2254 3898 2466 3944 tantum
2510 3895 2644 3957 puto
2698 3884 2936 3939 futuram
2964 3880 3326 3938 dill‘erentiam
3354 3879 3582 3943 doloris,

321 4005 444 4043 eum
472 4002 669 4059 corpus
697 3988 991 4044 humanum
1028 3989 1412 4045 crassitudinis
1440 3987 1600 4058 hujus
1657 3985 1974 4041 indumento
2009 3981 2257 4051 deposito
2289 3981 2437 4036 velut
2466 3981 2667 4035 nudum
2692 3991 2893 4047 corpus
2924 3975 3152 4046 cmperit
3173 3972 3445 4032 sustinere
3467 3982 3580 4030 tor-

320 4094 521 4139 Incuta.

903 4303 1200 4357 ΨΑΛΜΟΣ
1238 4304 1314 4356 Z'.

387 4400 583 4467 Κύριε,
623 4399 656 4451 ό
692 4397 838 4462 Θεός
860 4413 1002 4465 μου,
1033 4394 1133 4449 ἐπὶ
1168 4395 1267 4448 σοί
1310 4392 1566 4462 ἤλπισα,
1596 4392 1806 4448 σῶσόν
1832 4409 1909 4462 με

318 4494 384 4546 ἐκ
413 4491 658 4545 πάντων
684 4490 803 4543 τῶν
829 4488 1166 4543 διωκόντων
1192 4504 1289 4557 με,
1326 4486 1428 4543 καὶ
1452 4486 1643 4555 ῥῦσαι
1668 4503 1765 4556 με,
1793 4485 1910 4557 μή·

316 4600 460 4637 ποτε
490 4579 739 4649 ἁρπάσῃ
772 4582 854 4646 ὡς
895 4580 1053 4635 λέων
1080 4579 1195 4646 τὴν
1232 4579 1445 4648 ψυχήν
1477 4596 1620 4648 μου,
1662 4596 1717 4632 κ.
1767 4596 1818 4633 τ.
1856 4579 1905 4632 ἑ.

318 4673 451 4728 Καθ’
474 4673 702 4726 ἕκαστον
722 4671 831 4741 (42)
853 4671 960 4725 τῶν
980 4672 1072 4724 ἐπὶ
1089 4671 1335 4743 ἁμαρτίᾳ
1356 4669 1687 4741 ὲρεθισμῶν,
1714 4670 1905 4724 διωκό-

316 4760 463 4833 ,μεθα
491 4761 598 4814 ὑπὸ
646 4758 738 4813 τοῦ
778 4758 1125 4831 ἐνεργοῦντος
1172 4758 1233 4812 τὸ
1282 4757 1546 4830 ὲρεθίζον.
1598 4759 1799 4829 Διόπερ
1836 4761 1902 4813 ὲκ

319 4854 505 4907 τούτου
547 4853 658 4907 νόει
696 4854 810 4905 ὅσοι
855 4850 1108 4905 διώκουσι
1160 4851 1251 4905 τὸν
1299 4849 1606 4922 ἄνθρωπον,
1641 4852 1701 4918 ἐξ
1749 4843 1823 4905 ὧν
1873 4851 1902 4903 6

320 4947 601 5018 Προφήτης
650 4942 917 5015 ῥυσοῆναι
977 4939 1217 5011 εὔχεται,
1263 4942 1310 4993 εἰ
1364 4940 1439 5012 μὴ
1498 4941 1742 5013 ρυσθείη,
1794 4941 1902 5012 τῆς

318 5040 492 5111 ψυχῆς
528 5036 693 5091 αὑτοῦ
740 5036 816 5099 ὡς
844 5034 950 5087 ὑπὸ
978 5034 1191 5093 λέοντος
1218 5031 1732 5105 ἁρπασθησομένης.

387 5133 568 5200 Κύριε
595 5134 628 5184 ό
669 5130 815 5196 Θεός
851 5145 992 5198 μου,
1029 5131 1082 5181 εἰ
1122 5128 1381 5195 ἐποίησα
1410 5126 1606 5190 τοῦτο,
1647 5129 1701 5180 εἰ
1730 5126 1903 5180 ἔστιν

321 5224 517 5279 ἀδικία
571 5224 643 5279 ὲν
688 5222 865 5293 χερσί
917 5240 1059 5292 μου,
1116 5239 1172 5275 κ.
1210 5238 1262 5273 τ.
1310 5222 1355 5274 ὲ.
1407 5220 1551 5291 Πρὸς
1596 5221 1904 5291 ἀμνησικα-

384 5361 429 5392 ⁸³
458 5359 599 5416 Psal.
638 5375 718 5427 Ill,
749 5360 803 5414 5.

390 5473 502 5544 (39)
548 5475 605 5528 '0
634 5473 752 5529 τῶν
780 5475 1132 5530 κλαιόντων.
1161 5483 1264 5527 ete.
1295 5472 1612 5544 corderius.

387 5542 496 5613 (59)
537 5544 599 5598 Ἡ
625 5546 909 5613 αἰσχύνη,
941 5554 1042 5598 etc.
1074 5544 1301 5598 Sehedte
1335 5542 1553 5605 Grabii,
1595 5543 1890 5613 Barbarus.

324 5608 497 5733 rugo)
533 5615 675 5670 Ἐὰν
704 5608 1065 5685 νικήσωμεν,
1094 5625 1200 5670 etc.
1223 5614 1448 5670 Schcdte
1473 5613 1679 5678 Grabii,
1705 5612 1897 5671 Barba-

2567 4294 2889 4351 PSALMUS
2928 4294 3035 4350 VII.

2085 4390 2251 4445 Vens.
2276 4389 2335 4454 2,
2359 4386 2414 4443 3.
2446 4386 2671 4442 Domine
2703 4386 2839 4441 Deus
2865 4403 3034 4453 meus,
3073 4386 3127 4441 in
3156 4393 3205 4440 te
3224 4386 3451 4454 speravi,
3478 4387 3590 4441 sal-

2010 4500 2126 4537 vum
2152 4499 2231 4560 me
2251 4481 2339 4549 [ac
2360 4497 2423 4535 ea:
2456 4481 2696 4535 omnibus
2746 4480 3175 4549 persequentibus
3206 4494 3309 4546 me,
3337 4488 3385 4532 et
3423 4478 3590 4533 libera

2010 4594 2112 4643 me,
2155 4592 2219 4630 ne
2271 4575 2481 4647 quando
2527 4573 2700 4642 rapiat
2732 4583 2786 4626 ut
2827 4573 2906 4626 leo
2959 4572 3191 4625 animam
3235 4586 3424 4636 meam,
3477 4581 3586 4627 etc.

2011 4669 2237 4735 Quoties
2262 4668 2329 4721 ad
2367 4675 2649 4736 peccatum
2693 4664 3005 4728 incitamur,
3042 4662 3205 4717 toties
3242 4678 3498 4731 urgemur
3519 4664 3590 4717 ah

2010 4775 2075 4814 eo
2102 4759 2194 4830 qui
2231 4756 2393 4812 eilicit
2437 4757 2877 4813 incitamentum.
2926 4752 3273 4824 Quapropter
3318 4756 3446 4810 hinc
3500 4756 3589 4809 in-

2008 4854 2189 4925 tellige
2213 4861 2346 4924 quot
2402 4862 2784 4922 persecutores
2826 4850 3021 4906 habeat
3067 4852 3229 4905 homo
3281 4865 3350 4904 ex
3386 4851 3586 4920 quibus

2008 4944 2232 5000 liberari
2274 4959 2334 5000 se
2367 4953 2493 5000 orat
2525 4941 2815 5015 Propheta,
2855 4944 3008 5014 cujus
3042 4944 3244 5009 anima,
3276 4943 3331 4996 ni
3360 4941 3592 5000 liberata

2005 5036 2192 5104 fuerit,
2223 5037 2387 5092 veluti
2420 5037 2489 5091 ab
2519 5039 2677 5092 leone
2698 5035 3007 5091 devorando
3041 5036 3132 5089 sit.

2080 5128 2245 5184 Vens.
2285 5127 2342 5182 4.
2381 5127 2605 5182 Domine
2637 5125 2778 5180 Deus
2826 5142 2990 5191 meus,
3023 5128 3068 5180 si
3099 5125 3200 5197 feci
3228 5125 3396 5191 istud,
3431 5125 3477 5179 si
3515 5137 3589 5177 est

2007 5224 2258 5287 iniquitas
2284 5224 2337 5277 in
2356 5222 2597 5275 manibus
2624 5221 2773 5285 meis,
2789 5229 2895 5275 etc.
2911 5220 2992 5274 Ad
3016 5219 3336 5289 injuriarum
3350 5217 3589 5274 oblivio—

2076 5476 2189 5550 (41)
2218 5476 2564 5546 Desumptum
2591 5484 2671 5530 est
2704 5474 2805 5529 hoc
2836 5475 3201 5542 fragmentum
3229 5426 3296 5527 ex
3320 5468 3584 5544 Apologia

2007 5571 2269 5639 Pamphili
2302 5569 2556 5638 martyris
2584 5584 2679 5638 pro
2718 5566 2961 5639 Origene.

2078 5682 2188 5745 (42)
2224 5681 2362 5738 Καθ’
2389 5680 2670 5743 ἕκαστον,
2706 5687 2814 5736 etc.
2841 5677 3022 5737 Codex
3056 5677 3191 5736 Roc.
