4020 6152
404 264 535 321 1181

1386 257 1697 315 SELECTA
1734 259 1800 314 IN
1836 259 2176 317 PSALMOS.
2218 290 2290 303 —
2322 257 2521 314 P-SAL.
2563 255 2698 313 Vlll.

3518 255 3659 312 118⁸2

480 381 596 438 Τοῦ
618 380 826 436 αὐτοῦ.
863 399 882 432 ι
927 381 1095 435 Ὅταν
1112 379 1330 451 ὑψωθῶ,
1357 381 1510 452 φησὶ,
1541 381 1748 444 πάντας
1767 381 1970 434 ἐλκύσιι

2154 379 2432 449 Ejusdem.
2465 398 2486 434 ι
2525 379 2660 435 Cum
2683 375 2950 434 exaltatus
2981 375 3156 446 fuero,
3185 374 3360 448 inquit
3384 376 3452 443 ⁸⁸,
3471 376 3653 432 omnia

403 472 540 544 πρὸς
573 470 830 542 ἐμαυτόν.
869 489 889 522 ι

470 560 938 629 Σύντελεσθήτω
953 561 1028 631 δὴ
1063 563 1320 632 πονηρία
1340 561 1725 632 ἁμαρτωλῶν,
1754 582 1810 618 κ.
1845 581 1898 617 τ.
1927 565 1974 616 ὲ.

404 657 571 710 Ὅταν
611 654 795 709 οὐκέτι
840 651 952 726 (50)
984 653 1272 726 ἁμαρτάνῃ
1300 671 1403 720 τις,
1439 653 1772 707 συντελεῖται
1810 652 1976 706 αὐτοῦ

402 752 435 820 ἡ
465 747 698 822 πονηρία
720 766 735 779 ο
772 748 806 820 ἢ
853 747 1090 820 πονηρία
1120 748 1228 802 τῶν
1277 747 1618 820 ἁμαρτωλῶν
1654 749 1682 800 ὁ
1731 745 1978 809 διάϐολός

401 843 540 898 ἐστι.

481 924 618 978 Ἐὰν
662 927 742 995 μὴ
787 929 1214 999 ἐπιστραςοῆτε,
1241 927 1346 992 ἕως
1387 927 1504 992 τοῦ,
1545 927 1962 994 καταϐήσεται,

395 1030 453 1069 κ.
486 1030 538 1070 τ.
586 1015 637 1070 ὲ.
694 1017 922 1087 Μήποτε
988 1020 1565 1092 παρασεσιωπημένως
1622 1017 1734 1091 (51)
1790 1017 1966 1072 ταῦτα

396 1107 526 1179 περὶ
569 1107 663 1162 τοῦ
691 1108 938 1162 διαϐόλου
974 1109 1206 1181 εἴρηται.
1236 1105 1404 1176 Οὗτος
1436 1111 1545 1183 γάρ
1589 1111 1724 1183 πρὸς
1755 1109 1967 1173 τούτοις

397 1202 491 1256 καὶ
510 1201 771 1273 ὡδίνησεν
803 1202 1016 1256 ἀδικίαν
1067 1205 1159 1257 καὶ
1192 1204 1259 1257 τὰ
1305 1204 1453 1275 ἑξῆς,
1487 1205 1624 1276 ὀργὴ
1661 1204 1965 1274 τυγχάνων.

411 1294 466 1347 Ὀ
496 1293 682 1366 Πατὴρ
714 1293 770 1346 δὲ
795 1294 888 1348 τοῦ
920 1295 1191 1360 εἰπόντος’
1235 1316 1253 1347 ι
1288 1297 1427 1366 Ἐγώ
1451 1299 1566 1367 εἰμι
1593 1299 1626 1367 ἡ
1649 1297 1782 1367 ζωὴ,
1819 1314 1836 1346 ι
1871 1296 1969 1365 οὐχ

399 1383 673 1455 ἐτοιμάζει
699 1384 757 1437 ὲν
784 1383 863 1455 τῷ
893 1383 1032 1456 τόξῳ
1063 1385 1229 1439 αὑτοῦ
1266 1386 1434 1457 σκεύη
1485 1386 1715 1439 Θανάτου
1737 1401 1749 1414 ·
1785 1383 1969 1454 τίθησι

396 1475 525 1543 γοῦν
549 1475 611 1526 τὸ
637 1473 788 1540 τόξον
819 1475 983 1529 αὐτοῦ
1021 1477 1078 1530 ὲν
1112 1479 1176 1548 τῇ
1208 1477 1426 1550 νεφέλῃ,
1475 1477 1561 1530 ἵνα
1597 1477 1671 1546 μὴ
1713 1475 1968 1548 ἐπαγάγῃ

399 1566 540 1636 ὕδωρ
573 1565 956 1636 κατακλυσμοῦ
998 1567 1090 1620 ἐπὶ
1123 1569 1222 1638 τὴν
1264 1567 1388 1638 γῆν.
1424 1567 1514 1621 Διὸ
1560 1565 1813 1640 περὶτοῦ
1855 1565 1970 1618 δια-

398 1655 551 1708 ϐόλου
600 1655 773 1710 ταῦτα
811 1656 1066 1726 λέγεσθαι
1098 1659 1397 1728 νομιστέον.
1444 1658 1555 1712 Καὶ
1599 1657 1966 1728 πεπυρωμένα

397 1748 488 1802 τοῦ
512 1748 746 1820 πονηροῦ
777 1751 944 1814 ἐστιν,
969 1748 1006 1804 ἃ
1031 1747 1384 1822 ἐξειργάσατο
1407 1753 1518 1814 τοῖς
1546 1751 1852 1822 καιομένοις
1876 1750 1968 1803 καὶ

398 1842 754 1914 πυρουμένοις
780 1842 885 1896 ὑπὸ
919 1843 1124 1897 παθῶν.

467 1935 574 1988 Τοῦ
602 1937 766 1990 αύτοῦ
797 1939 877 2002 είς
909 1940 971 1992 τό
995 1956 1007 1969 ο
1045 1939 1153 1994 Καὶ
1179 1941 1248 1994 ἐν
1277 1939 1438 2006 αὺτῷ
1463 1941 1753 2010 ἡτοίμασε
1778 1941 1968 2008 σκεύη

396 2028 678 2095 θανάτου,
727 2048 782 2084 κ.
840 2048 891 2085 τ.
937 2032 986 2085 ὲ.
1035 2032 1209 2104 Σκεύη
1247 2033 1479 2086 θανάτου
1514 2033 1624 2104 (52)
1660 2034 1797 2086 εἰσὶν
1834 2034 1971 2088 ἀκά-

397 2120 570 2193 θαρτα
600 2122 816 2191 λογικὰ,
863 2124 896 2194 ἢ
931 2127 987 2178 αἱ
1019 2125 1112 2179 τὸν
1143 2125 1372 2180 θάνατον
1409 2125 1628 2196 ἔχουσαι
1657 2125 1855 2196 ψυχαίο
1895 2125 1971 2190 ὼς

399 2216 563 2287 σκεύη
599 2214 744 2288 ζωῆς
775 2220 829 2270 αἱ
875 2218 972 2290 τὴν
1003 2217 1146 2289 ζωὴν
1179 2218 1395 2290 ἔχουσαι
1439 2219 1626 2290 ψυχαί.
1673 2218 1826 2273 Οὕτω
1862 2220 1971 2292 γὰρ

397 2309 491 2361 καὶ
523 2306 734 2361 Παῦλον
762 2308 954 2372 σκεῦος
983 2309 1213 2381 ἐκλογῆς
1253 2310 1534 2382 ὠνόμασεν
1577 2312 1607 2364 6
1644 2313 1864 2382 Κύριος.

479 2398 624 2454 Ἰδοὺ
661 2399 961 2467 ὠδίνησεν
998 2399 1257 2465 ἀδικίαν,
1295 2400 1594 2455 συνέλαϐε
1627 2402 1836 2464 πόνον,
1871 2400 1969 2454 καὶ

396 2490 598 2544 ἔτεκεν
622 2492 898 2561 ἀνομίαν,
933 2509 986 2544 κ.
1015 2509 1067 2546 τ.
1095 2493 1144 2546 ὲ.
1194 2492 1250 2545 '0
1285 2491 1360 2563 μὴ
1399 2491 1643 2561 φιλόθεος
1677 2492 1808 2563 (55),
1837 2491 1972 2546 ἀλλά

398 2583 697 2655 φιλήδονος,
722 2586 984 2654 ἀνάλογον
1004 2580 1092 2649 αἷς
1119 2585 1356 2639 δουλεύει
1381 2587 1592 2656 ἡδοναῖς
1610 2585 1971 2656 συλλαμϐάνει

396 2674 558 2728 πόνον
597 2675 694 2729 ἕνα
721 2677 1087 2748 συνημμένον,
1131 2678 1224 2729 καὶ
1264 2676 1337 2748 μὴ
1379 2676 1571 2746 ἔχοντα
1621 2675 1822 2747 μεταξὺ
1853 2678 1970 2732 διά-

395 2775 624 2839 Αειμμα,
661 2768 755 2821 καὶ
785 2769 964 2822 ὡδίνει
998 2769 1232 2832 ἀδικίαν,
1268 2769 1363 2822 καὶ
1401 2769 1573 2822 τίκτει
1610 2770 1857 2840 ἀνομίαν.
1881 2771 1974 2828 Ἐκ

395 2862 451 2913 οὲ
471 2861 578 2914 τῶν
599 2861 855 2915 ἐναντίων
877 2865 905 2915 ὁ
938 2861 1010 2932 μὴ
1056 2861 1353 2934 φιλήδονος,
1385 2862 1519 2916 ἀλλά
1549 2861 1810 2932 φιλόθεος,
1843 2864 1976 2921 ἀνά-

400 2961 551 3021 λογον
581 2949 664 3018 οἷς
687 2954 1002 3024 ἀναδέχεται
1030 2954 1099 3007 δι’
1129 2954 1328 3026 ἀρετὴν
1371 2956 1570 3020 πόνοις,
1609 2955 1973 3026 συλλαμϐάνει

396 3046 710 3111 εὐπάθειαν,
761 3046 861 3116 τὴν
903 3045 1101 3117 χαρὰν,
1146 3046 1275 3115 μίαν
1319 3045 1693 3116 συνημμένην,
1743 3047 1839 3102 καὶ
1897 3048 1970 3120 μὴ

396 3139 624 3209 ἔχουσαν
656 3137 858 3210 μεταξὺ
891 3138 1210 3209 διάλειμμα,
1243 3139 1337 3190 καὶ
1382 3138 1564 3193 eam
1604 3139 1967 3210 δικαιοσύνην,

399 3229 489 3282 καὶ
516 3228 688 3282 τίκτει
719 3228 976 3300 εὐνομίαν
995 3245 1008 3259 °
1039 3229 1129 3282 καὶ
1161 3228 1334 3294 οὕτως
1365 3230 1553 3284 τέκνον
1586 3230 1794 3300 γίνεται
1819 3232 1963 3285 εύνο-

400 3321 548 3393 μίας,
575 3321 804 3392 ἀνομίαν
837 3320 1074 3393 ἑκάστην
1105 3321 1296 3393 μισῶν.

468 3605 579 3660 Τοῦ
624 3605 812 3660 αὑτοῦ
859 3606 946 3672 εις
991 3604 1058 3659 τὸ
1106 3606 1274 3661 αὑτό.
1307 3604 1534 3659 Ἕτεκεν
1574 3604 1804 3676 ἀνομίαν
1833 3605 1969 3676 (54),

390 3697 577 3770 ἐπειδὴ
613 3697 872 3752 συνέλαϐε
907 3698 1088 3764 πόνον,
1123 3699 1218 3752 καὶ
1247 3698 1507 3767 ὠδίνησεν
1553 3698 1789 3752 ἀδικίαν.
1819 3697 1968 3768 Αὕτη

390 3791 496 3863 γάρ
547 3792 696 3845 ἐστιν
730 3790 1019 3845 ἀκολουθία
1065 3790 1302 3862 φύσεως.
1348 3791 1624 3863 Ὠδίνησεν
1685 3791 1971 3862 Ἀχιτὸφελ

390 3883 484 3954 τὴν
508 3882 750 3956 πονηρὰν
781 3884 1213 3955 εἰσηγησάμενος
1238 3882 1487 3955 γνώμην.

456 3973 701 4029 Λάκκον
731 3973 945 4043 ὤρυξε,
987 3974 1085 4028 καί
1127 3974 1483 4044 ἀνέσκαψεν
1510 3973 1716 4034 αὐτὸν.
1743 3974 1842 4028 καὶ
1873 3975 1972 4045 ἐμ-

389 4065 655 4119 πεσεῖται
683 4069 770 4132 εὶς
797 4067 1025 4135 βόθρον
1046 4065 1118 4120 ὃν
1135 4065 1474 4136 εἰργάσατο.
1524 4065 1908 4136 Ἐπιστρέψει
1937 4070 1970 4120 ό

388 4161 574 4226 πόνος
613 4161 800 4214 αὐτοῦ
833 4165 921 4226 εὶς
947 4160 1226 4230 κεφαλὴν
1261 4160 1470 4224 αὐτοῦ,
1508 4160 1609 4214 καὶ
1645 4160 1742 4212 ἐπὶ
1792 4177 1966 4228 κορυ-

387 4250 514 4318 μὴν
533 4249 720 4304 αὑτοῦ
758 4252 796 4318 ἡ
837 4249 1039 4306 ἀδικία
1079 4249 1266 4304 αὐτοῦ
1295 4248 1717 4315 καταϐήσεται,
1751 4266 1805 4302 κ.
1835 4265 1887 4302 τ.
1919 4249 1966 4302 ἐ.

384 4345 613 4416 Μήποτε
643 4346 672 4398 6
703 4344 908 4408 λάκκος
1077 4343 1276 4414 χωρίον
1305 4342 1578 4407 κολάσεως
1603 4345 1771 4406 ἐστιν,
1799 4344 1878 4406 είς
1910 4342 1968 4394 ὃν

387 4436 612 4506 προνοίᾳ
630 4435 765 4488 Θεοῦ
806 4437 968 4501 αὐτὸς
996 4436 1191 4508 ὀρύξας
1222 4438 1566 4506 ἐμπεσεῖται.
1609 4435 1876 4498 Ἰσόπεδος
1907 4434 1964 4488 δέ
1996 4460 2044 4519 D

385 4529 532 4581 ἐστιν
568 4529 788 4600 αύτοῦὴ
815 4531 1027 4602 κορυφὴ
1056 4530 1133 4602 τῷ
1161 4528 1334 4600 λοιπῷ
1376 4527 1620 4600 σώματιο
1657 4528 1806 4582 οὐδὲν
1854 4528 1961 4599 γὰρ

385 4618 550 4670 αὐτοῦ
588 4617 727 4672 ἄνω·
763 4619 844 4672 διὸ
894 4621 988 4674 καὶ
1021 4619 1236 4690 δράκων
1293 4637 1397 4672 που
1451 4619 1686 4688 λέγεται.
1721 4619 1960 4682 Εἰκότως

383 4707 476 4764 οὖν
508 4712 540 4781 ἡ
576 4709 878 4783 ἐπαρθεῖσα
937 4713 1032 4766 καὶ
1065 4711 1340 4781 ὑψωθεῖσα
1383 4711 1523 4765 κατά
1571 4710 1671 4782 τῆς
1709 4709 1962 4780 γνώσεως

381 4804 474 4858 τοῦ
501 4805 634 4858 Θεοῦ
660 4804 842 4858 ἀδικία
873 4805 1037 4860 αὑτοῦ
1083 4805 1492 4879 καθαιρουμένη
1542 4807 1634 4859 ἐπὶ
1667 4805 1764 4877 τὴν
1797 4820 1964 4875 κορυ-

381 4896 486 4969 φὴν
519 4897 685 4951 αὐτοῦ
721 4897 1112 4970 καταϐήσεται.

961 5081 1256 5136 ΨΑΛΜΟΣ
1294 5086 1376 5137 Η¹.

450 5173 556 5238 Εὶς
609 5170 674 5224 τὸ
740 5172 918 5238 τέλος
965 5172 1119 5242 ὑπὲρ
1165 5175 1285 5229 τῶν
1339 5175 1545 5243 ληνῶν
1591 5172 1834 5244 ψαλμὸς
1874 5169 1955 5237 τῷ

376 5263 577 5327 Δανυῒδ,
619 5283 672 5319 κ.
708 5283 759 5319 τ.
807 5267 853 5318 ὲ.
911 5268 1022 5320 Καὶ
1062 5270 1120 5320 ἐν
1161 5267 1240 5339 τῷ
1264 5269 1375 5339 (56)
1410 5275 1464 5322 π’
1493 5270 1586 5322 καὶ
1639 5275 1728 5336 πγ¹
1757 5264 1957 5336 ψαλμῷ

445 5360 491 5390 ⁸⁸
515 5359 673 5416 Joan.
712 5378 810 5429 xu,
841 5362 930 5416 52.

448 5453 561 5595 (50)
597 5457 773 5509 Ὅταν
804 5457 1025 5518 οὐκέτι.
1061 5468 1168 5513 etc.
1200 5460 1518 5525 Corderins,
1549 5461 1841 5519 Barbarus.

475 5527 563 5595 51)
604 5525 849 5593 Μήποτε
898 5532 1526 5595 παρασεσιωπημένως
1549 5575 1564 5595 ,
1621 5544 1724 5591 etc.
1774 5536 1841 5592 Cc

377 5525 578 5648 cogita.
604 5525 849 5593 Μήποτε
898 5532 1526 5603 παρασεσιωπημένως
1549 5575 1564 5601 ,
1621 5544 1724 5591 etc.
1774 5536 1953 5594 Codex

452 5664 560 5804 (52)
587 5637 785 5737 but-21371
822 5671 1102 5738 θανάτου,
1137 5682 1241 5727 etc.
1275 5673 1500 5729 Scltetlaz
1529 5676 1738 5732 Grabii.

475 5735 564 5804 55)
606 5739 666 5792 '0
696 5738 778 5804 μὴ
813 5744 1108 5804 φιλόθεος.
1156 5746 1335 5801 Codex
1379 5745 1603 5804 Coislin.
1649 5761 1704 5804 et

475 5735 564 5808 53)
606 5739 666 5792 '0
695 5735 781 5811 μὴ
813 5735 1108 5812 φιλόθεος.
1156 5746 1335 5801 Codex
1379 5745 1603 5804 Coislin.
1649 5761 1704 5804 et
1747 5749 1942 5803 Corda-

2084 473 2296 527 traham
2329 474 2397 528 ad
2427 487 2514 527 me
2543 473 2745 542 ipsum.
2779 490 2800 524 ι

2153 565 2317 636 582
2352 565 2515 620 Vens.
2560 565 2648 622 10.
2689 563 3098 619 Consummatur
3134 561 3366 632 nequitia
3413 571 3659 631 peccato-

2083 673 2224 721 rum,
2253 667 2362 711 etc.
2393 655 2623 722 Quando
2653 655 2851 725 aliquis
2887 655 3001 726 jam
3039 651 3273 721 amplius
3303 667 3411 706 non
3443 662 3656 722 peccat,

2082 758 2210 804 tunc
2228 749 2344 818 ejus
2385 747 2649 817 iniquitas
2675 754 3127 811 consummatur;
3152 743 3239 800 vel
3260 744 3428 800 etiam
3457 743 3659 815 iniqui-

2083 850 2163 896 tas
2187 849 2536 910 peccatorum
2568 839 2820 894 diabolus
2851 847 2955 894 est.

2151 931 2314 986 Vsus.
2341 930 2534 985 15-18.
2558 929 2682 985 Nisi
2709 931 2944 986 conuersi
2965 930 3195 1000 fueritis,
3216 943 3387 999 usque
3410 928 3478 982 ad
3502 927 3656 994 illud,

2081 1022 2378 1087 descendet,
2417 1031 2524 1078 etc.
2576 1023 2740 1078 Forte
2791 1022 2909 1076 haec
2962 1023 3123 1076 tacite
3168 1021 3234 1076 de
3261 1017 3478 1075 diabolo
3510 1018 3655 1073 dicta

2082 1124 2226 1171 sunt.
2258 1113 2358 1170 Hic
2395 1119 2541 1168 enim
2588 1129 2710 1170 cum
2745 1114 2859 1183 ipsa
2888 1112 2969 1166 ira
3015 1113 3111 1178 sit,
3143 1113 3400 1180 parturiit
3432 1109 3652 1180 injusti-

2083 1209 2239 1274 tiam,
2269 1217 2324 1264 et
2353 1219 2550 1265 caetera
2572 1221 2692 1276 qua:
2719 1214 3043 1276 sequuntur.
3077 1203 3242 1258 Pater
3288 1212 3472 1258 autem
3508 1203 3654 1257 illius

2081 1303 2174 1372 qui
2214 1301 2397 1357 dixit:
2433 1320 2451 1353 ι
2493 1301 2604 1370 Ego
2647 1315 2767 1354 sum
2817 1298 2948 1362 vita,
2993 1316 3012 1348 ι
3052 1311 3159 1350 non
3209 1304 3368 1366 parat
3415 1295 3468 1349 itt
3521 1307 3654 1350 arcu

2082 1407 2186 1447 suo
2219 1407 2349 1448 vasa
2375 1395 2590 1456 mortis,
2619 1391 2710 1447 sed
2741 1390 2892 1460 ponit
2930 1403 3117 1443 arcum
3140 1403 3298 1442 suum
3329 1388 3382 1441 in
3410 1385 3570 1452 nube,
3596 1395 3656 1439 ut

2087 1501 2190 1539 non
2218 1485 2670 1554 inducataquam
2718 1481 2905 1536 diluvii
2955 1481 3009 1534 in
3055 1488 3278 1534 terram.
3312 1477 3659 1546 Quapropter

2085 1579 2201 1635 haec
2229 1579 2296 1634 de
2341 1577 2557 1634 diabolo
2589 1577 2699 1632 dici
2732 1573 3157 1631 existimandum
3184 1581 3288 1626 est.
3321 1570 3492 1640 lgnita
3528 1578 3657 1624 sunt

2085 1670 2306 1740 maligni
2347 1669 2529 1738 jacula
2585 1682 2708 1737 qute
2740 1663 3068 1737 praeparavit
3119 1663 3186 1719 iis
3240 1676 3378 1732 quos
3431 1658 3659 1717 affectus

2012 1744 2049 1800 Β
2080 1773 2245 1817 urunt
2276 1771 2329 1816 et
2358 1762 2675 1817 incendunt.

2155 1947 2320 2006 Vens.
2371 1946 2459 2001 M.
2510 1945 2764 2015 Ejusdem
2824 1944 2876 2000 in
2927 1943 3058 1997 illud
3093 1940 3205 1998 :Et
3241 1939 3296 1994 in
3344 1956 3406 1994 eo
3449 1941 3658 2007 parauit

2079 2057 2204 2095 vasa
2253 2039 2478 2104 mortis,
2524 2049 2632 2092 etc.
2683 2036 2822 2091 Vasa
2874 2034 3067 2089 mortis
3122 2031 3357 2102 appellat
3413 2031 3660 2100 impurus

2079 2134 2311 2192 animas,
2355 2130 2498 2199 quod
2567 2137 2797 2182 mortem
2868 2126 3230 2188 contineant,
3296 2125 3653 2192 quemadmo-

2079 2223 2204 2276 dum
2255 2237 2382 2276 vasa
2429 2221 2555 2274 vita:
2609 2228 2735 2274 sunt
2785 2219 2984 2272 animus
3040 2231 3162 2286 quas
3203 2217 3370 2271 vitam
3427 2214 3652 2270 habent.

2079 2312 2173 2369 Sic
2201 2313 2342 2368 enim
2373 2323 2424 2367 et
2447 2311 2673 2366 Paulum
2699 2325 2794 2364 vas
2825 2308 3111 2363 electionis
3133 2307 3346 2364 vocavit
3371 2307 3653 2360 Dominus.

2148 2408 2315 2464 Vens.
2347 2409 2436 2463 15.
2471 2406 2608 2461 Ecce
2637 2405 2886 2475 parturiit
2917 2404 3261 2472 injustitiam,
3293 2403 3529 2470 concepit
3557 2402 3656 2456 do-

2077 2499 2239 2553 lorem
2280 2509 2326 2553 et
2375 2497 2573 2567 peperit
2617 2494 2976 2564 iniquitatem,
3026 2505 3133 2549 etc.
3184 2492 3286 2559 Qui
3317 2508 3427 2547 non
3458 2493 3653 2558 Deum,

2078 2593 2171 2648 sed
2212 2591 2519 2662 voluptates
2545 2598 2715 2653 amat,
2768 2587 2820 2640 id
2865 2603 2934 2641 ex
2981 2587 3048 2641 iis
3079 2586 3277 2655 quibus
3305 2588 3476 2642 servit
3504 2585 3656 2640 volu-

2076 2684 2319 2756 ptatibus
2366 2679 2684 2750 assequitur
2713 2687 2772 2733 ut
2802 2677 3076 2746 concipiat
3105 2677 3347 2731 laborem
3385 2691 3492 2730 una
3518 2690 3654 2730 con-

2078 2790 2302 2842 nexum,
2354 2787 2456 2828 nec
2495 2770 2604 2826 ullo
2651 2766 2942 2824 intervallo
2995 2767 3349 2837 disjunctum,
3384 2767 3656 2836 simulque

2076 2867 2349 2938 parturiat
2394 2863 2719 2933 iniustitiam
2757 2875 2824 2916 ac
2860 2860 3040 2929 pariat
3075 2860 3443 2928 iniquitatem.
3473 2859 3654 2913 Econ-

2077 2959 2252 3012 trario
2296 2956 2389 3025 qui
2429 2971 2537 3011 non
2569 2952 2901 3021 voluptates,
2945 2952 3038 3006 sed
3087 2953 3254 3006 Deum
3295 2963 3463 3016 amat,
3497 2953 3548 3006 id
3581 2967 3654 3008 ex

2078 3052 2144 3107 iis
2171 3067 2310 3119 quos
2359 3060 2577 3118 propter
2601 3047 2860 3102 virtutem
2906 3044 3136 3113 suscipit
3165 3045 3467 3112 laboribus,
3501 3059 3653 3101 asse-

2075 3143 2283 3214 quitur,
2311 3152 2368 3194 ut
2395 3139 2668 3209 concipiat
2695 3139 2860 3193 animi
2891 3136 3363 3205 tranquillitatem,
3395 3137 3651 3206 gaudium

2081 3251 2187 3288 una
2238 3249 2565 3298 connexum,
2592 3246 2692 3286 nec
2720 3231 2830 3285 ullo
2866 3230 3155 3285 intervallo
3191 3229 3544 3297 disiunctum,
3576 3228 3651 3282 si-

2075 3326 2296 3392 mulque
2326 3325 2600 3395 parturiat
2631 3324 2899 3394 justitiam
2935 3335 2991 3378 et
3026 3321 3560 3392 pariatmquitatem.
3586 3319 3654 3374 Et

2073 3417 2152 3470 sic
2202 3414 2346 3470 illius
2392 3414 2576 3470 evadit
2606 3415 2906 3484 atquitatis,
2935 3414 3062 3468 odio
3111 3414 3319 3469 habens
3353 3410 3655 3483 quamlibet

2075 3511 2444 3577 iniquitatem.

2143 3601 2423 3670 Ejusdem.
2460 3599 2678 3670 Peperit
2711 3599 3077 3670 iniquitatem,
3108 3597 3367 3668 quoniam
3402 3597 3654 3667 concepit

2073 3693 2316 3748 dolorem
2344 3703 2399 3747 et
2427 3693 2680 3762 parturiit
2716 3691 3066 3757 injustitiam.
3105 3689 3232 3744 Haec
3257 3691 3402 3744 enim
3433 3699 3516 3743 est
3550 3704 3649 3743 na-

2074 3797 2208 3836 tura:
2252 3785 2664 3851 consequentia.
2708 3781 2974 3837 Parturiit
3029 3782 3354 3851 Acbitopbel
3401 3781 3653 3852 malignae

2071 3884 2264 3929 auctor
2297 3875 2604 3929 sententiae.

2145 3965 2430 4031 VERS.16,
2465 3965 2553 4022 17.
2607 3963 2804 4017 Locum
2843 3965 3073 4032 aperuit,
3115 3974 3162 4018 et
3193 3963 3375 4033 e/fodit
3419 3979 3558 4030 eum,
3600 3972 3652 4018 et

2070 4058 2264 4112 incidet
2288 4058 2341 4110 in
2363 4056 2572 4123 foveam
2599 4071 2758 4124 quam
2804 4055 2949 4123 fecit.
2975 4053 3324 4110 Convertetur
3355 4055 3509 4109 dolor
3536 4053 3650 4125 ejus

2071 4150 2124 4203 in
2175 4159 2330 4218 caput
2377 4152 2514 4218 ejus,
2558 4150 2695 4203 etin
2736 4149 2985 4202 verticem
3024 4150 3189 4217 ipsius
3237 4150 3489 4218 iniquitas
3533 4148 3650 4217 ejits

2070 4242 2366 4304 descendet,
2415 4251 2523 4296 etc.
2560 4241 2727 4296 Forte
2774 4241 2923 4294 lucus
2956 4240 3206 4311 supplicii
3260 4241 3411 4297 locus
3455 4253 3544 4296 est
3593 4243 3649 4297 in

2070 4348 2231 4403 quem
2267 4333 2610 4402 providentia
2639 4333 2734 4386 Dei
2785 4331 2995 4387 incidet
3047 4335 3138 4405 qui
3194 4347 3318 4388 eum
3369 4332 3644 4389 ell'oderit.

2073 4427 2398 4496 Exaequatur
2429 4436 2608 4481 autem
2663 4441 2924 4482 cacumen
2975 4427 3093 4498 ejus
3145 4428 3357 4496 reliquo
3408 4426 3647 4496 corpori.

2072 4519 2218 4573 Nihil
2249 4519 2393 4574 enim
2423 4527 2509 4572 est
2547 4535 2735 4590 supra.
2761 4520 3129 4586 Quamobrem
3166 4529 3221 4575 et
3247 4519 3411 4574 draco
3442 4520 3645 4574 alicubi

2067 4615 2291 4670 dicitur.
2341 4612 2533 4668 Merito
2585 4628 2716 4684 ergo
2773 4629 2895 4684 qua:
2952 4615 3218 4670 attollitur
3266 4625 3323 4669 et
3376 4606 3648 4669 exaltatui
3746 4637 3757 4651 -

2070 4718 2262 4760 contra
2301 4705 2393 4760 Dei
2434 4706 2802 4775 cognitionem
2850 4707 3112 4778 injustitia
3162 4708 3299 4777 ejus,
3337 4710 3649 4765 destruetur

2067 4812 2122 4857 et
2159 4803 2213 4855 in
2253 4799 2511 4854 verticem
2546 4800 2715 4868 ipsius
2744 4802 3060 4858 descendet.

2609 5077 2929 5134 PSALMUS
2959 5077 3095 5136 Vlll.

2137 5173 2298 5248 583
2329 5176 2491 5233 Vens.
2534 5180 2584 5233 l.
2626 5179 2692 5233 In
2718 5179 2874 5248 ﬁnem
2896 5193 2991 5247 pro
3022 5176 3378 5231 torcularibus
3401 5177 3641 5240 psalmus

2066 5266 2260 5337 David,
2292 5279 2399 5328 etc.
2437 5271 2499 5326 Et
2549 5273 2604 5326 in
2658 5275 2994 5342 octogesimo
3026 5288 3090 5328 ac
3123 5269 3453 5339 octogesimo
3483 5271 3642 5326 tertio

2058 5481 2187 5519 τηις.

2133 5535 2246 5605 (54)
2281 5537 2526 5589 Ἐτεκεν
2547 5535 2823 5605 ἀνομίαν,
2850 5545 2957 5591 etc.
2983 5536 3207 5593 Schedae
3235 5533 3443 5592 Grabii.

2131 5607 2246 5676 (55)
2266 5606 2510 5671 Μήποτε
2538 5609 2570 5659 ό
2591 5606 2840 5671 λάκκος,
2872 5618 2978 5661 etc.
3010 5608 3221 5664 Eadem
3254 5606 3468 5661 scltedaa
3496 5621 3630 5662 mss.

2138 5677 2249 5746 (56)
2280 5677 2384 5731 Καὶ
2419 5676 2610 5748 ἐν-τῷ.
2650 5690 2756 5731 etc.
2790 5678 3103 5748 Corderius,
3142 5680 3434 5736 Barbarus.
3483 5676 3635 5731 scine.

2063 5749 2142 5804 da:
2177 5749 2363 5804 Camb.
2407 5757 2461 5804 et
2485 5746 2691 5805 Grabii.
