4020 6152
408 271 551 326 1185

1828 261 1920 317 EX
1960 258 2265 316 ORIGENE

3548 258 3687 315 1184

407 384 617 457 psalmo
664 384 1099 455 inscriptionem,
1140 405 1159 439 ι
1209 385 1315 441 Pro
1346 383 1734 449 torcularibus,
1773 397 1794 433 ι
1830 380 1983 434 inve-

2109 374 2206 447 γὴν,
2254 393 2274 427 ‹
2332 374 2505 448 Ὑπὲρ
2536 373 2645 428 τῶν
2704 373 2905 445 ληνῶν,
2958 392 2978 426 ι
3028 373 3281 446 εὑρήσεις
3342 373 3677 446 ἐπιγραφήν.

410 477 550 531 nies.
586 476 667 530 Ad
699 477 814 531 haec
844 491 1062 546 quoque
1096 476 1349 547 accipere
1376 488 1669 545 possumus
1691 471 1836 542 quod
1857 470 1990 526 scri-

407 577 559 638 ptum
581 578 668 624 est
690 572 756 624 de
774 567 887 624 Noe
913 571 1125 624 vineam
1151 568 1451 639 plantante,
1475 578 1531 624 et
1551 567 1991 624 benedictionem

407 658 576 716 Jacoh
604 660 671 715 de
704 658 862 727 luda,
901 679 921 712 ι
952 660 1125 731 ligans
1156 661 1221 713 ad
1247 660 1411 714 vitem
1439 658 1645 729 pullum
1668 672 1824 712 suum
1850 655 1933 722 '7;
1964 674 1984 708 ι

408 761 464 807 et
517 753 583 807 de
634 752 922 818 lssachar,
976 754 1070 823 qui
1119 752 1307 809 videns
1366 752 1610 822 requiem
1657 751 1801 822 quod
1846 757 1994 804 esset

410 846 575 907 bona,
605 852 662 899 et
696 855 896 899 terram
926 846 1071 913 quod
1112 845 1330 916 pinguis
1358 852 1527 908 esset,
1558 842 1851 914 supposuit
1891 841 1995 897 hu-

411 948 623 988 merum
660 934 727 988 ad
776 934 1159 999 laborandum,
1202 944 1259 991 et
1300 935 1480 990 factus
1503 944 1589 990 est
1616 935 1703 988 vir
1731 931 1991 1003 agricola.

410 1024 572 1080 Ozias
612 1038 828 1095 quoque
856 1026 1093 1097 agricola
1132 1034 1270 1093 erat,
1302 1025 1476 1080 vineae
1503 1023 1743 1080 cultores
1786 1023 1996 1078 habens

412 1116 466 1172 in
499 1118 798 1191 montanis.
854 1117 996 1185 Quin
1046 1128 1100 1174 et
1126 1135 1265 1174 uxor
1294 1119 1478 1174 omnis
1520 1117 1656 1186 justi
1682 1126 1767 1172 est
1806 1134 1826 1169 ι
1868 1124 1995 1170 tan-

413 1225 579 1280 quam
609 1210 737 1265 vitis
767 1211 1055 1268 abundaus
1095 1213 1148 1265 in
1191 1211 1456 1267 lateribus
1483 1213 1678 1266 domus
1709 1224 1822 1265 suae
1861 1209 1929 1274 ⁸⁸,
1971 1228 1990 1262 ι

412 1316 479 1355 ex
506 1316 611 1370 qua
645 1302 832 1356 vinum
887 1303 944 1357 lit
976 1305 1119 1372 quod
1152 1304 1394 1359 laetiﬁcat
1423 1318 1521 1358 cor
1552 1301 1793 1358 hominis
1817 1302 1885 1356 ".
1928 1299 1998 1357 Et

414 1393 776 1450 Ecclesiastes
806 1395 1076 1464 plantavit
1109 1397 1320 1463 vineas,
1359 1395 1495 1451 fodit
1545 1395 1789 1451 torcular
1816 1395 1883 1449 ’°.
1929 1392 1997 1449 Et

414 1485 669 1541 Salomon
704 1487 782 1542 ait
814 1489 857 1520 ⁹¹
900 1506 913 1542 :
967 1506 986 1540 ι
1040 1487 1179 1544 Viuo
1231 1489 1527 1544 toreularia
1573 1498 1666 1543 tua
1721 1486 1996 1543 redunda-

414 1579 567 1634 bunt.
610 1598 629 1632 ι

487 1668 766 1741 Ejusdem.
793 1670 1112 1728 Torcularia
1161 1681 1287 1726 sunt
1319 1681 1526 1726 natura:
1557 1670 1851 1726 rationales
1878 1685 1999 1741 qua:

414 1774 487 1816 ex
516 1761 750 1830 spiritali
782 1762 940 1817 vinea
970 1761 1179 1818 fructus
1205 1764 1532 1834 suscipiunt.

489 1945 656 2003 Vnus.
692 1946 745 2001 5.
777 1946 861 2001 Ea:
890 1963 979 2002 ore
1021 1947 1311 2018 infantium
1351 1958 1402 2002 et
1443 1947 1751 2002 lactentium
1778 1948 2002 2019 perfeci-

416 2037 484 2093 sti
507 2038 740 2105 laudem,
772 2050 877 2094 etc.
907 2041 967 2093 lu
1014 2038 1638 2110 Evangeliosecuudum
1672 2038 1985 2095 Mattbaeum

418 2131 655 2200 primum
694 2132 913 2201 quidem
959 2133 1050 2203 qui
1100 2132 1484 2201 praecedebant
1530 2131 1896 2198 Salvatorem,
1946 2145 2003 2188 et

417 2221 509 2291 qui
549 2223 940 2292 sequebantur,
979 2242 998 2276 ι
1055 2225 1370 2280 clamabant
1412 2224 1707 2281 dicentes:
1748 2224 2002 2279 Hosanna

421 2313 532 2368 lilio
584 2313 772 2380 David,
819 2314 1143 2370 benedictus
1197 2315 1288 2386 qui
1348 2315 1499 2369 venit
1540 2316 1592 2369 in
1631 2316 1851 2370 nomine
1894 2315 2004 2371 Do-

419 2403 573 2469 mini,
607 2405 852 2461 liosanna
883 2407 936 2460 in
965 2407 1246 2462 altissimis
1268 2408 1337 2463 “.
1384 2426 1402 2459 ι
1449 2406 1622 2462 Paulo
1654 2416 1778 2476 post
1820 2417 2000 2464 autem

418 2496 687 2565 scriptum
745 2508 832 2553 est
891 2499 1149 2555 videntes
1209 2500 1489 2569 principes
1547 2500 1893 2555 sacerdotum
1949 2509 2007 2556 et

419 2594 634 2648 scribas
669 2592 935 2649 mirabilia
971 2610 1092 2664 quae
1123 2593 1273 2661 fecit,
1305 2605 1359 2648 et
1388 2609 1587 2665 pueros
1628 2596 1926 2651 clamantes
1950 2595 2004 2650 in

423 2685 623 2755 templo
653 2694 707 2740 et
737 2684 1000 2750 dicentes,
1044 2704 1062 2736 ι
1097 2683 1352 2740 llosanna
1403 2685 1514 2739 lilio
1562 2685 1758 2751 David,
1797 2705 1818 2739 ι
1851 2686 2000 2741 indi-

420 2789 612 2851 gnatos
660 2795 782 2836 esse
829 2790 883 2836 et
906 2781 1109 2835 dixisse
1141 2781 1189 2835 ei
1232 2780 1325 2835 “z
1362 2798 1382 2831 ι
1421 2780 1595 2837 Audis
1640 2783 1772 2852 quid
1808 2781 1896 2837 isti
1922 2780 2008 2835 di-

420 2873 598 2928 cunt?
646 2872 804 2929 Jesus
852 2884 1037 2928 autem
1089 2871 1224 2927 dixit
1261 2872 1341 2927 eis
1384 2889 1400 2928 :
1438 2872 1659 2943 Utique.
1713 2873 2004 2942 Nunquam

422 2965 635 3037 legistis
679 2966 807 3035 quia
840 2981 909 3020 ex
940 2980 1036 3019 ore
1072 2963 1360 3019 infantium
1410 2974 1465 3020 et
1504 2966 1844 3034 lactentium,
1886 2984 1905 3018 ι
1951 2975 2007 3022 et

426 3060 653 3129 reliqua.
708 3057 934 3113 Videtur
996 3056 1164 3126 igitur
1202 3057 1488 3114 Matthaeus
1544 3061 1766 3114 easdem
1818 3059 2076 3140 turbasc

425 3168 625 3221 pueros
651 3166 876 3214 vocare,
904 3160 960 3205 et
993 3149 1248 3205 Salvator
1276 3166 1380 3206 non
1422 3151 1750 3222 simpliciter
1781 3167 2002 3220 pueros,

425 3245 519 3298 sed
549 3254 603 3299 et
649 3244 887 3298 infantes
914 3251 970 3297 et
1007 3241 1289 3307 laetentes,
1322 3244 1505 3299 verbis
1545 3244 1738 3314 psalmi
1772 3260 1893 3315 quae
1931 3245 2009 3300 al-

426 3336 662 3407 legorice
708 3333 979 3404 exposuit,
1033 3333 1235 3387 docens
1274 3347 1373 3387 nos
1404 3343 1460 3387 et
1507 3334 1804 3405 allegorico
1843 3350 2007 3390 sensu

425 3443 548 3482 esse
582 3437 757 3482 totum
789 3425 1059 3495 psalmum
1110 3424 1509 3494 accipiendum.
1551 3425 1774 3492 Quaeres
1827 3437 2008 3481 autem

427 3536 496 3573 an
527 3519 667 3573 idem
704 3518 775 3572 sit
801 3518 993 3572 domus
1024 3516 1214 3579 David,
1267 3526 1324 3570 et
1369 3515 1514 3571 [ilius
1552 3516 1739 3572 David.
1775 3518 1930 3584 Quod
1962 3517 2007 3572 si

428 3610 568 3664 idem
601 3624 708 3663 non
738 3617 840 3677 est,
865 3624 1022 3663 error
1047 3609 1400 3662 amanuensis
1433 3608 1649 3677 irrepsit
1684 3609 1736 3663 iu
1764 3609 2012 3679 Evange-

428 3701 558 3756 lium
587 3704 883 3757 secundum
914 3700 1246 3767 Matthreum,
1275 3700 1363 3755 ubi
1399 3700 1567 3756 scribi
1597 3701 1786 3757 debuit
1817 3702 1904 3756 bis
1927 3701 2012 3757 vel

430 3795 611 3849 domui
644 3794 832 3860 David,
861 3795 945 3848 vel
970 3795 1079 3848 lilio
1107 3793 1296 3847 David.

502 3887 668 3940 Vnus.
706 3885 759 3940 5.
791 3886 1019 3957 Pr0pter
1049 3888 1291 3941 inimicos
1317 3895 1457 3953 tuos,
1491 3896 1546 3939 ut
1568 3887 1810 3940 destruas
1836 3887 2013 3940 inimi-

432 3987 627 4031 cumet
669 3977 916 4044 ultorem,
964 3987 1070 4033 etc.
1126 3978 1406 4033 Inimicum
1443 3988 1501 4033 et
1548 3979 1775 4033 ultorem
1828 3994 2011 4033 Verum

432 4072 672 4141 intelligo
703 4070 1227 4128 Nabuchodonosor.
1258 4072 1538 4128 Diabolum
1560 4073 1827 4127 destruxit
1858 4071 2017 4125 Clui-

433 4175 519 4218 tns
570 4180 669 4235 per
714 4164 1017 4231 piscatores
1060 4175 1115 4219 et
1166 4164 1479 4219 illitteratos
1524 4174 1578 4220 et
1626 4165 1833 4218 malitia
1879 4179 2013 4232 pue-

433 4272 543 4311 ['05.

504 4346 668 4401 Vens.
704 4346 757 4401 4.
816 4345 1083 4410 Quoniam
1121 4345 1300 4402 videbo
1334 4345 1491 4401 ctelos
1524 4358 1640 4400 luos
1685 4365 1843 4417 opera
1875 4349 2015 4419 digi-

2091 468 2238 540 Πρδς
2294 466 2359 522 δὲ
2408 466 2579 520 ταῦτα
2612 465 2867 537 λάϐωμεν
2894 464 2962 519 τά
3007 465 3136 536 περὶ
3178 464 3306 519 Νῶε
3358 464 3683 534 φυτεύοντος

2092 559 2362 631 ἄμπελον,
2399 560 2499 632 τήν
2527 576 2587 613 τε
2615 560 2744 631 περὶ
2774 558 2868 612 τοῦ
2909 557 3078 612 ’ἰούδα
3106 557 3259 630 παρά
3292 556 3493 612 Ἰακὼϐ
3529 557 3680 611 εὐλο-

2092 652 2238 721 γίαν,
2279 670 2298 704 ι
2336 651 2618 722 δεσμεύων
2646 649 2781 722 πρὸς
2808 650 3051 721 ἄμπελον
3076 650 3170 704 τὸν
3196 649 3382 705 πῶλον
3413 648 3616 704 αὐτοῦ·
3659 669 3677 704 ι

2095 746 2190 799 καὶ
2216 743 2314 815 τὴν
2344 744 2633 816 Ἷσσάχαρ,
2653 742 2733 807 ὃς,
2764 741 2887 797 ἰδὼν
2912 743 3011 814 τὴν
3036 742 3369 808 ἀνάπαυσιν,
3403 743 3490 798 ὅτι
3521 742 3679 816 καλὴ.

2094 837 2190 889 καὶ
2225 836 2323 907 τὴν
2351 834 2483 908 γῆν,
2523 836 2606 889 ὅτι
2630 836 2791 899 πίων,
2823 834 3069 905 ὑπέθηκε
3088 834 3180 889 τὸν
3198 828 3349 907 ὦμον
3383 837 3465 900 είς
3496 836 3567 890 τὴν
3590 853 3684 890 πο-

2095 930 2228 992 νεῖν,
2270 928 2365 982 καὶ
2390 926 2628 999 ἐγενήθη
2677 927 2816 1000 ἀνὴρ
2861 927 3126 1000 γεωργός.
3180 928 3295 982 Kal.
3342 927 3453 999 μὴν
3503 927 3682 994 Ὀζίας

2096 1019 2343 1090 γεωργὸς
2376 1014 2470 1091 ἦν,
2518 1018 2937 1091 ἀμπελουργοὺς
2977 1018 3115 1090 έχων
3147 1020 3207 1073 ὲν
3231 1021 3298 1091 τῇ
3335 1019 3543 1092 ὀρεινῇ.
3575 1021 3683 1074 Kal.

2096 1113 2131 1182 ή
2161 1112 2299 1183 γυνὴ
2325 1111 2382 1164 δὲ
2414 1110 2619 1174 παντὸς
2656 1110 2866 1166 δικαίου
2899 1129 2920 1163 ι
2961 1111 3039 1176 ὡς
3062 1110 3308 1182 ἄμπελος
3342 1113 3495 1191 εστιν
3526 1113 3685 1186 εὐθη-

2097 1204 2264 1257 νοῦσα
2298 1206 2356 1257 έν
2381 1207 2498 1267 τοῖς
2527 1204 2734 1258 κλίτεσι
2764 1205 2863 1275 τῆς
2892 1205 3071 1269 οἰκίας
3099 1203 3289 1269 αὐτοῦ,
3330 1224 3349 1257 ι
3386 1198 3432 1274 ᾧ
3477 1205 3683 1275 γίνεται

2096 1290 2239 1359 οἶνος
2271 1294 2583 1366 εὐφραίνων
2630 1296 2857 1368 καρδίαν
2899 1298 3213 1370 ἀνθρώπου.
3249 1299 3363 1353 Καὶ
3388 1300 3419 1352 ὁ
3459 1299 3685 1370 Ἐκκληο

2100 1389 2326 1460 σιαστὴς
2364 1387 2664 1457 ἐφύτευσεν
2692 1389 3045 1460 ἀμπελῶνας,
3074 1391 3252 1464 ὤρυξε
3287 1391 3470 1464 ληνόν.
3494 1392 3607 1445 Kal.
3657 1394 3687 1445 ὁ

2099 1479 2356 1551 Σολομῶν
2388 1490 2590 1552 φησιν’
2637 1500 2656 1533 ι
2710 1480 2852 1553 Οῐνῳ
2885 1482 2945 1536 δὲ
2992 1485 3049 1536 αἱ
3090 1483 3242 1555 ληνοί
3276 1502 3373 1538 σου
3413 1483 3687 1550 ὲκὸλύζω-

2103 1587 2207 1624 σιν.
2250 1591 2268 1623 ι

2178 1666 2290 1722 Τοῦ
2327 1667 2537 1721 αὐτοῦ.
2570 1669 2736 1740 Ληνοί
2782 1671 2888 1723 εἰσι
2916 1669 3028 1741 (57)
3064 1670 3257 1741 φύσεις
3287 1672 3529 1741 λογικαὶ,
3563 1671 3687 1735 τοὺς

2100 1759 2166 1811 ἐκ
2232 1759 2331 1830 τῆς
2384 1759 2765 1831 πνευματικῆς
2808 1761 3054 1833 ἀμπέλου
3122 1765 3372 1835 καρποὺς
3428 1761 3689 1826 ὑποδεξά-

2104 1867 2284 1922 μεναι.

2186 1943 2288 1997 Ἐκ
2322 1945 2624 2013 στόματος
2653 1945 2890 2011 νηπίων
2916 1945 3013 1999 καὶ
3049 1944 3431 2012 θηλαζόντων
3468 1962 3690 2014 scas-np.

2100 2036 2249 2090 τίσω
2293 2032 2487 2102 αἶνον,
2524 2055 2578 2093 κ.
2623 2053 2675 2089 τ.
2729 2038 2775 2089 ὲ.
2819 2037 2906 2090 Ἐν
2942 2036 3022 2109 τῷ
3058 2037 3200 2091 κατά
3249 2037 3532 2092 Ματθαίον
3577 2037 3686 2109 (58)

2103 2131 2366 2203 πρότερον
2399 2130 2499 2201 μὲν
2530 2131 2579 2183 οἱ
2625 2130 2960 2201 προάγοντες
2990 2130 3082 2184 τὸν
3128 2130 3381 2203 Σωτῆρα,
3427 2131 3565 2184 ἀλλά
3595 2132 3687 2185 καὶ

2102 2226 2152 2278 οἱ
2179 2222 2597 2287 ἀκολουθοῦντες
2636 2223 2786 2295 αὐτῷ
2829 2240 2847 2272 ι
2878 2220 3103 2293 ἔκραζον
3130 2224 3381 2293 λέγοντες
3403 2239 3419 2254 ’
3463 2224 3687 2278 Ὡσαννά

2104 2317 2181 2388 τῷ
2211 2317 2313 2388 υἱῷ
2351 2315 2534 2391 Δαυῒδ,
2572 2315 2934 2387 εὐλογημένος
2965 2318 2993 2369 ὀ
3026 2315 3319 2387 ἐρχόμενος
3365 2319 3424 2369 ὲν
3467 2316 3689 2387 ὀνόματι

2105 2411 2334 2482 Κυρίου,
2359 2408 2577 2463 ὡσαννά
2604 2411 2662 2463 έν
2689 2414 2802 2473 τοῖς
2823 2409 3065 2479 ὑψίστοις
3086 2426 3099 2439 ο
3132 2429 3152 2462 ι
3172 2408 3350 2478 ὀλίγον
3378 2409 3438 2462 δὲ
3467 2408 3686 2479 ὕστερον

2107 2502 2437 2574 γέγραπται,
2481 2502 2563 2555 ὅτι
2595 2501 2795 2565 ἰδόντες
2826 2503 2875 2555 οἱ
2905 2502 3182 2574 ἀρχιερεῖς
3211 2503 3307 2556 καὶ
3336 2503 3388 2555 οἱ
3429 2518 3689 2574 γραμμα-

2108 2597 2220 2658 τεῖς
2242 2591 2311 2646 τὰ
2333 2592 2612 2663 θαυμάσια
2639 2589 2674 2644 ἃ
2693 2590 2939 2661 ἐποίησε,
2966 2592 3059 2645 καὶ
3087 2592 3208 2655 τοὺς
3240 2591 3439 2655 παῖδας
3461 2591 3688 2663 κράζον-

2106 2701 2208 2750 τας
2258 2685 2317 2739 ὲν
2364 2684 2443 2755 τῷ
2473 2683 2605 2756 ἱερῷ
2667 2685 2760 2738 καὶ
2816 2683 3095 2751 λέγοντας,
3135 2702 3152 2734 ι
3200 2684 3434 2739 Ὡσαννά
3464 2684 3544 2756 τῷ
3592 2684 3687 2755 υἱῷ

2109 2776 2290 2841 Δαυῒδ,
2335 2796 2353 2829 ι
2384 2777 2796 2847 ἠγανάκτησαν,
2833 2776 2929 2829 καί
2961 2771 3115 2829 εἷπον
3153 2774 3304 2847 αὐτῷ
3326 2793 3341 2806 ο
3378 2793 3398 2826 ι
3446 2776 3686 2841 Ἀκούεις

2109 2870 2162 2925 τί
2193 2864 2337 2924 οὗτοι
2361 2868 2647 2938 λέγουσιν;
2698 2867 2761 2923 'O
2787 2868 2844 2920 δὲ
2881 2867 3093 2939 Ἰησοῦς
3134 2867 3281 2937 λέγει
3318 2868 3526 2933 αὐτοῖς’
3556 2868 3683 2921 Ναί.

2112 2961 2381 3016 Οὐδέποτε
2407 2961 2699 3030 ἀνέγνωτε.
2729 2959 2813 3012 ὅτι
2836 2961 2900 3011 ὲκ
2930 2959 3197 3030 στόματος
3222 2960 3434 3029 νηπίων
3476 2961 3570 3013 κα)⁵
3594 2958 3687 3029 θη-

2110 3053 2404 3120 λαζόντων,
2450 3055 2586 3108 »καὶ
2633 3053 2703 3107 τά
2744 3053 2931 3110 λοιπά.
2965 3055 3180 3106 Ἔοικεν
3219 3051 3312 3107 οὖν
3348 3057 3377 3108 ὁ
3414 3053 3688 3117 Ματθαῑος

2110 3151 2235 3214 τοὺς
2262 3149 2458 3213 αὐτοὺς
2484 3148 2674 3219 ὄχλους
2710 3147 2889 3217 λέγειν
2936 3149 3147 3211 παῖδας,
3187 3148 3281 3200 καὶ
3314 3148 3343 3199 ὁ
3376 3146 3566 3218 Σωτὴρ
3594 3148 3687 3217 οὐχ

2109 3241 2297 3306 ἁπλῶς
2347 3241 2565 3303 παῖδας,
2607 3240 2742 3294 ἀλλά
2780 3242 2876 3294 καὶ
2920 3241 3148 3310 νηπίους
3199 3241 3293 3294 καὶ
3337 3239 3685 3311 θηλάζοντας,

2109 3335 2375 3390 διδάσκων
2426 3336 2578 3406 ἡμᾶς
2621 3334 2689 3387 δι’
2719 3328 2793 3386 ὧν
2848 3333 3061 3398 ἐξέθετο
3109 3332 3285 3405 ῥητῶν
3337 3334 3431 3386 τοῦ
3475 3332 3687 3403 ψαλμοῦ

2115 3426 2254 3498 μετά
2285 3426 2634 3499 ἀλληγορίας,
2684 3425 3005 3497 ἀλληγορεῖν
3045 3425 3138 3478 καὶ
3180 3425 3271 3479 τὸν
3306 3424 3538 3496 ψαλμὸν.
3584 3427 3688 3493 Ζη-

2111 3522 2296 3592 τήσεις
2318 3519 2375 3572 δὲ
2409 3519 2636 3590 πότερον
2664 3518 2859 3570 ταύτόν
2891 3519 3037 3570 ἐστιν
3070 3513 3216 3581 οἶκος
3249 3515 3431 3583 Δαυῒδ,
3458 3518 3553 3571 καὶ
3578 3517 3686 3579 υἱὸς

2114 3612 2294 3666 Δαυῒδ.
2324 3614 2436 3666 Καὶ
2466 3614 2514 3664 εί
2550 3612 2624 3683 μὴ
2650 3611 2846 3665 ταυτόν
2874 3613 3042 3674 ἐστιν,
3087 3611 3402 3681 ἡμάρτηται
3455 3609 3517 3662 τὸ
3554 3608 3687 3662 κατά

2113 3704 2389 3759 Ματθαῖον
2428 3702 2734 3776 γραφικῶς,
2765 3702 2979 3772 ὀφεῖλον
3018 3702 3161 3772 ἔχειν
3202 3701 3320 3772 ἦτοι
3351 3700 3433 3766 δὶς
3458 3700 3537 3773 τῷ
3563 3700 3687 3771 οίκῳ

2115 3795 2296 3860 Δαυῒδ,
2333 3797 2450 3867 ἦτοι
2474 3796 2551 3866 τῷ
2584 3795 2685 3866 υἱῷ
2705 3794 2890 3848 Δαυῖδ.

2190 3890 2404 3943 Ἕνεκα
2427 3887 2547 3942 τῶν
2569 3887 2799 3959 ἐχθρῶν
2820 3903 2958 3952 σου,
2991 3887 3096 3942 τοῦ
3118 3885 3459 3942 καταλῦσαι
3480 3883 3686 3955 ἐχθρὸν

2117 3981 2218 4036 καὶ
2251 3981 2595 4048 ἐκδικητὴν,
2627 3999 2682 4037 κ.
2715 3997 2765 4033 τ.
2799 3981 2844 4033 ἐ.
2890 3979 3114 4051 Ἐχθρὸν
3135 3981 3230 4034 καὶ
3246 3977 3536 4049 ἐκδικητὴν
3560 3975 3686 4049 (59),

2116 4075 2207 4129 τὸν
2227 4073 2477 4145 ἀληθινὸν
2508 4074 2618 4128 νόει
2642 4072 3127 4143 Ναϐουχοδονόσορ.
3163 4072 3267 4126 Τὸν
3288 4070 3537 4125 διάϐολον
3561 4086 3685 4124 κατ-

2120 4165 2305 4218 έλυσεν
2350 4166 2378 4216 ὁ
2425 4164 2661 4234 Χριστὸς
2708 4161 2778 4215 δι’
2820 4162 3015 4216 ἀλιέων
3059 4161 3153 4215 καὶ
3192 4161 3577 4233 ἀγραμμάτων
3605 4157 3690 4213 και

2117 4261 2184 4330 τῇ
2217 4257 2387 4328 κακίᾳ
2411 4256 2804 4328 νηπιαζόντων.

2191 4356 2310 4407 Ὅτι
2338 4353 2561 4422 ὄψομαι
2583 4351 2727 4418 τοὺς
2755 4349 3051 4419 οὐρανοὺς
3068 4351 3212 4420 ἔργα
3238 4347 3359 4402 τῶν
3384 4346 3687 4401 δακτύλων

430 4447 607 4494 torum
637 4447 870 4502 tuorum;
891 4437 1071 4490 lunam
1090 4445 1139 4490 et
1169 4437 1370 4506 stellas,
1392 4454 1511 4508 qua:
1532 4448 1590 4492 tu
1611 4439 1872 4508 fundasti,
1899 4449 2004 4499 etc.

2113 4461 2249 4513 σου,
2282 4445 2558 4513 σελήνην
2582 4445 2682 4498 καὶ
2710 4443 2988 4512 ἀστέρας,
3014 4442 3055 4497 ἃ
3085 4441 3167 4497 σὺ
3192 4440 3613 4511 ἐθεμελίωσας,
3641 4455 3689 4491 κ.

437 4547 459 4584 ι
518 4531 789 4595 Quoniam
822 4530 1016 4584 videbo
1070 4528 1257 4585 caelos.
1297 4548 1316 4581 ι
1365 4531 1497 4584 Rem
1536 4531 1683 4586 illam
1715 4533 1876 4603 plane
1904 4537 2013 4588 sci-

435 4638 575 4687 mus,
613 4621 780 4694 584
811 4621 1027 4691 quando
1058 4633 1112 4677 et
1140 4623 1407 4676 rationem
1434 4624 1555 4690 ejus
1585 4632 1641 4677 et
1667 4640 1889 4679 causam
1924 4642 2017 4681 co-

433 4718 771 4786 gnoscimus.
813 4736 831 4769 ι
871 4714 1049 4785 Opera
1099 4715 1393 4786 digitorum
1446 4726 1681 4771 tuorum.
1733 4738 1751 4772 ι
1791 4719 2016 4786 Quaeres

434 4826 504 4863 an
538 4808 639 4862 alia
672 4810 781 4863 sint
824 4823 989 4878 opera
1040 4808 1331 4878 digitorum
1364 4807 1457 4862 Dei
1489 4812 1556 4863 ab
1587 4810 1847 4879 operibus
1897 4829 2014 4867 ma-

435 4915 602 4952 nuum
653 4899 1012 4969 integrarum,
1061 4908 1114 4953 et
1148 4913 1268 4968 quae
1306 4899 1489 4967 priora
1536 4909 1687 4964 sunt,
1734 4904 1786 4956 in
1835 4916 2016 4973 poste—

436 4994 639 5043 riorum
673 5000 826 5058 parte
868 4990 1225 5044 collocentur.
1264 5008 1282 5040 ι
1317 4988 1532 5043 Lunam
1559 5001 1614 5046 et
1648 4974 1859 5058 stellas,
1894 5013 2016 5066 quae

436 5091 490 5134 tu
549 5082 814 5136 fumiasti.
856 5103 874 5135 ι
909 5082 1021 5137 Cur
1072 5082 1240 5138 solem
1294 5098 1399 5135 non
1455 5086 1801 5140 nominavit?
1851 5088 2018 5146 Forte

431 5174 558 5243 quia
593 5190 714 5228 cum
765 5174 1139 5230 introducitur
1165 5176 1457 5244 quispiam,
1511 5176 1557 5231 is
1604 5178 1841 5245 primum
1895 5198 2014 5251 quae

504 5318 549 5350 "'
575 5318 712 5374 Gen.
746 5336 795 5372 Ix
829 5328 885 5373 et
911 5336 1055 5374 xux.

435 5406 550 5454 xu,
586 5389 640 5444 9.
730 5390 776 5424 ³³
805 5391 938 5446 ibid.
981 5391 1065 5446 16.

508 5529 619 5599 (57)
653 5531 841 5598 Ληνοι
867 5535 1006 5594 εἰσι,
1033 5542 1139 5585 etc.
1170 5531 1398 5585 Schedaa
1430 5529 1638 5592 Grabii,
1669 5529 1958 5584 Barbarus.

509 5600 622 5668 (58)
667 5602 769 5655 Ἐν
799 5601 880 5668 τῷ
925 5603 1076 5657 κατὰ
1100 5601 1422 5668 Ματθαῐον,
1457 5611 1564 5656 etc.
1613 5600 1840 5656 Scbeda:
1887 5602 2025 5656 Gra-

436 5672 532 5734 bii,
572 5669 862 5725 Barbarus.

513 5740 627 5811 (59)
664 5741 913 5813 Ἐχθρὸν
936 5742 1031 5796 καὶ
1061 5740 1406 5811 ἐκδικητὴν,
1454 5750 1560 5797 etc.
1601 5740 1810 5798 Eaedem
1862 5742 2022 5799 sche-

2117 4557 2168 4593 τ.
2204 4540 2251 4592 ἑ.
2283 4556 2302 4589 ι
2340 4538 2461 4590 Ὅτι
2492 4536 2694 4607 ὄψομαι
2718 4534 2828 4606 (60)
2861 4535 2987 4599 τοὺς
3034 4533 3315 4606 οὐρανούς.
3364 4552 3382 4582 ι
3418 4531 3591 4585 Τοῦτο
3638 4532 3694 4584 τὸ

2120 4634 2353 4704 πρᾶγμα
2375 4629 2557 4699 σαφῶς
2585 4627 2948 4700 ἐπιστάμεθα,
2979 4629 3069 4682 ὅτε
3097 4626 3299 4680 καὶτὸν
3318 4625 3477 4695 λόγον
3511 4625 3691 4687 αὐτοῦ,

2121 4725 2215 4778 καὶ
2244 4722 2346 4795 τὴν
2370 4721 2550 4775 αἰτίαν
2596 4718 2958 4789 γινώσκομεν.
2999 4735 3018 4765 ι
3053 4718 3233 4787 Ἔργα
3277 4716 3384 4769 τῶν
3425 4715 3694 4769 δακτύλων

2124 4835 2239 4872 σου.
2268 4836 2284 4868 ι
2320 4816 2585 4886 Ζητήσεις
2617 4814 2665 4865 εἰ
2695 4812 2858 4882 ἓτερά
2883 4812 2998 4862 ὲστι
3027 4809 3097 4862 τά
3127 4810 3263 4881 ἔργα
3290 4809 3399 4863 τῶν
3425 4808 3693 4862 δακτύλων

2125 4909 2219 4963 τοῦ
2255 4907 2389 4961 Θεοῦ
2428 4905 2563 4975 πρὸς
2595 4904 2665 4957 τά
2699 4904 2838 4974 ἔργα
2866 4901 2974 4954 τῶν
3003 4900 3138 4954 ὅλων
3188 4899 3387 4972 χειρῶν
3423 4900 3608 4965 αὐτοῦ,
3651 4902 3694 4953 εἰ

2125 5004 2183 5054 ἐν
2220 5000 2373 5071 μέρει
2401 4997 2520 5049 ἐστὶ
2544 4994 2614 5049 τὰ
2645 4992 2886 5064 πρότερα
2914 4990 3023 5043 τῶν
3068 4989 3353 5062 δευτέρων.
3408 5010 3428 5042 ι
3469 4990 3694 5060 Σελήνην

2125 5094 2217 5148 καὶ
2248 5091 2504 5163 ἀστέρας,
2535 5089 2571 5143 ἃ
2599 5089 2662 5142 σὺ
2686 5082 3074 5155 ἐθεμελίωσας.
3113 5103 3132 5133 ι
3179 5082 3278 5135 Διά
3320 5082 3372 5135 τί
3418 5082 3572 5154 ἣλιον
3602 5084 3694 5135 οὐκ

2125 5185 2443 5256 ὠνόμασεν;
2489 5181 2717 5252 Μήποτε
2757 5177 2846 5230 ὅτε
2895 5174 2993 5245 μὲν
3036 5173 3318 5242 εἰσάγεταί
3363 5192 3468 5240 τις,
3515 5174 3694 5247 πρῶτα

1149 5322 1195 5355 ⁸⁸
1221 5322 1366 5377 Psal.
1402 5338 1608 5389 cum,
1633 5325 1687 5380 5.
1762 5326 1808 5358 ⁸⁹
1833 5327 1977 5383 PSal.
2011 5347 2129 5397 cm,
2165 5331 2251 5386 l5.
2328 5332 2374 5364 9°
2417 5330 2623 5387 Eccles.
2669 5345 2731 5392 ιι,
2758 5328 2812 5382 4.
2888 5326 2931 5357 ’ί
2963 5323 3124 5379 Prov.
3151 5337 3235 5387 ιιι,
3274 5318 3361 5373 l0.
3436 5316 3480 5349 ’ί
3513 5314 3692 5370 Matth.

2120 5533 2224 5591 dae.
2251 5547 2304 5589 et
2339 5535 2631 5591 Barbarus.

2207 5605 2319 5675 (60)
2350 5607 2469 5659 Ὂτι
2517 5606 2757 5675 ὄψομαι.
2815 5600 3128 5675 Corderius.
3161 5597 3486 5675 ΔΒδιιικινιιε,
3540 5592 3693 5650 codd.

2132 5670 2526 5742 Buroucianus,
2556 5670 2610 5732 et
2631 5670 2861 5730 'scheda:
2886 5670 3218 5727 (Iotubelisii.
