4020 6152
323 232 462 290 “85

1301 224 1613 281 SEl.ECTA
1652 222 1720 278 IN
1752 221 2094 279 PSALMOS.
2138 254 2206 265 —
2238 220 2435 278 PSAL.
2472 221 2564 279 IX.

3439 229 3582 290 “86

323 348 540 421 συνίησι
568 347 638 402 τὰ
673 348 771 420 τῆς
800 347 1015 413 νυκτὸς,
1052 346 1277 419 ὓστερον
1302 346 1358 399 δέ
1390 364 1521 401 ποτε
1549 347 1618 400 τά
1638 348 1738 419 τῆς
1763 346 1900 419 ἡμέα-

2020 344 2187 399 aoctis
2221 355 2370 413 sunt,
2420 343 2698 413 intelligit,
2745 342 2944 400 deinde
2972 358 3093 415 qua:
3124 345 3192 402 ad
3221 347 3365 404 diem
3410 352 3584 421 perti-

324 458 445 515 ρας.

400 534 461 588 Τί
483 532 657 588 ἐστιν
676 530 1007 599 ἄνθρωπος,
1027 530 1115 585 ὅτι
1133 530 1445 602 μιμνήσκῃ
1470 529 1657 586 αὐτοῦ
1675 547 1693 595 ;
1713 530 1752 600 ἢ
1772 530 1904 597 υἱὸς

321 625 659 695 ἀνθρώπου,
691 624 782 678 ὅτι
812 624 1145 693 ἐπισκέπτῃ
1173 625 1380 690 αὐτὸν,
1411 642 1465 679 κ.
1499 642 1550 678 τ.
1581 625 1628 678 ἑ.
1668 624 1732 678 El
1769 622 1903 677 θαυ-

327 719 514 791 μάζων
543 715 682 788 (61),
715 716 799 769 ὅτι
836 717 1200 788 μιμνήσκεται
1234 715 1439 787 Κύριος
1463 713 1558 768 τοῦ
1591 712 1901 786 ἀνθρώπου,

323 810 419 864 καὶ
441 810 524 863 ὅτι
554 806 946 860 ὲπισκέπτεται
996 806 1112 860 υἱὸν
1157 802 1469 877 ἀνθρώπου,
1520 800 1696 857 ταῦτά
1746 819 1901 875 φησι,

323 900 505 970 δῆλον,
537 898 619 952 ὅτι
649 895 954 968 εὐεργετῶν
985 895 1397 949 ὲπισκέπτεται.
1427 892 1597 946 Τοῦτο
1625 892 1683 946 δὲ
1709 909 1905 965 σημει-

323 993 443 1066 ὼσῃ
473 990 564 1045 διὰ
588 990 670 1055 τὸ,
709 1006 728 1041 ι
778 987 1179 1060 Ἑπισκέψομαι
1219 988 1277 1041 ἐν
1331 986 1512 1058 ῥάϐδῳ
1542 985 1641 1050 τὰς
1678 986 1907 1057 ἀνομίας

325 1084 528 1149 αὐτῶν,
563 1085 658 1138 καὶ
692 1084 750 1136 ὲν
785 1079 1006 1154 μάστιξι
1039 1081 1139 1144 τὰς
1172 1080 1383 1145 ἀδικίας
1415 1079 1614 1147 αὐτῶν,
1652 1099 1671 1132 3
1705 1080 1799 1135 κα)¹
1819 1078 1907 1134 διὰ

326 1180 408 1241 τὸ,
446 1196 468 1228 ‹
516 1177 631 1230 Οὐκ
685 1174 1061 1247 ἐπισκέψομαι.
1100 1174 1193 1227 ἐπὶ
1221 1172 1321 1238 τάς
1367 1173 1675 1246 θυγατέρας
1732 1171 1905 1242 ὑμῶν,

328 1269 456 1324 ὅταν
503 1266 835 1340 πορνεύωσι,
887 1267 982 1320 καὶ
1015 1267 1109 1320 ἐπὶ
1146 1265 1248 1331 τὰς
1294 1265 1510 1337 νύμφας
1550 1264 1729 1336 ὑμῶν,
1779 1263 1908 1319 ὅταν

332 1361 652 1434 μοιχεύωσι,
693 1379 712 1411 3
754 1360 850 1413 καὶ
872 1360 941 1412 τὰ
973 1360 1154 1431 ὃμοια.

411 1451 789 1517 Ἡλάττωσας
825 1451 1015 1505 αὐτὸν
1056 1451 1261 1520 βραχύ
1303 1468 1359 1505 τι
1411 1450 1549 1520 παρ’
1589 1450 1906 1522 ἀγγέλους,

328 1563 383 1601 κ.
412 1563 461 1599 τ.
485 1546 532 1598 ὲ.
558 1545 667 1598 Καὶ
685 1543 845 1606 αὐτὸς
866 1542 975 1614 γάρ
999 1558 1090 1595 σου
1114 1539 1221 1613 (62)
1244 1541 1443 1611 γνῶσιν
1460 1541 1602 1613 ἔχειν
1629 1540 1908 1612 πεφυκὼς,

328 1638 430 1692 οὐκ
476 1635 829 1690 ἀπολείπεται
869 1636 1009 1691 λίαν,
1047 1634 1359 1706 Ὁμοιοῦται
1384 1634 1493 1706 γάρ
1535 1651 1639 1697 σοι,
1677 1633 1821 1688 κατά
1850 1634 1911 1688 τὸ

329 1729 570 1793 δυνατὸν,
601 1728 887 1799 ἁγιότητος
908 1728 1001 1781 καὶ
1027 1700 1226 1799 ἀρετῆς
1245 1700 1528 1797 ἀναλήψει.
1557 1725 1665 1780 Καὶ
1689 1725 1776 1780 διά
1809 1724 1909 1796 τὴν
1944 1700 1984 1755 Β

332 1821 513 1876 εἰκόνα
543 1821 638 1877 καὶ
663 1820 763 1892 τὴν
793 1819 1050 1891 ὁμοίωσιν
1074 1818 1172 1891 τὴν
1201 1818 1311 1872 τῶν
1337 1816 1546 1889 θνητῶν
1575 1817 1725 1888 αὑτῷ
1755 1816 1908 1883 ζώων

335 1913 668 1986 προστασίαν
706 1911 1032 1983 ἀπένειμας.
1078 1910 1294 1974 Ταύτας
1321 1909 1571 1982 εἰρῆσθαι
1601 1911 1731 1983 περὶ
1772 1911 1909 1983 Χρι-

335 2004 462 2059 στοῦ
484 2005 582 2069 τὰς
610 2004 785 2070 λέξεις
811 2005 840 2057 ό
868 2002 1078 2067 Παῦλος
1110 2002 1381 2075 Ἑϐραίοις
1412 2003 1565 2073 φησι.
1593 2002 1756 2072 Λέγει
1778 2004 1905 2073 γάρ·

337 2114 359 2148 ι
387 2097 491 2150 Τὸν
518 2097 575 2151 δὲ
607 2095 780 2167 βραχύ
809 2112 862 2148 τι
892 2094 1023 2167 παρ’
1069 2093 1337 2163 ἀγγέλους
1375 2094 1758 2166 ἠλαττωμένον
1787 2094 1910 2165 βλέ-

333 2207 507 2259 πομεν
546 2188 772 2259 Ἰησοῦν,
801 2186 891 2242 διὰ
920 2187 982 2239 τὸ
1014 2185 1247 2258 πάθημα
1270 2185 1366 2240 τοῦ
1397 2185 1629 2240 θανάτου
1658 2184 1783 2258 δόξῃ
1817 2186 1912 2241 καὶ

329 2284 464 2355 τιμῇ
490 2278 955 2351 ἐστεφανωμένον.
1001 2296 1021 2329 3

403 2550 559 2621 Δόξῃ
588 2549 686 2605 καὶ
715 2547 858 2619 τιμῇ
887 2546 1317 2617 ἐστεφάνωσας
1342 2545 1532 2600 αὐτόν
1550 2561 1565 2575 ο
1604 2543 1703 2600 καὶ
1739 2542 1913 2598 κατέ-

335 2660 571 2713 στησας
599 2642 787 2696 αὑτὸν
834 2640 933 2694 ἐπὶ
968 2638 1042 2693 τὰ
1081 2638 1227 2708 ἔργα
1264 2635 1384 2691 τῶν
1419 2632 1633 2707 χειρῶν
1673 2649 1812 2697 σου,
1854 2650 1909 2686 κ.

334 2753 386 2790 τ.
417 2736 466 2789 ὲ.
500 2735 610 2788 Καὶ
637 2733 667 2786 ὁ
708 2732 1030 2795 Ἀπόστολος
1070 2729 1182 2803 (65)
1209 2728 1458 2783 ἐντεῦθεν
1486 2727 1737 2798 ὠνόμασε
1765 2744 1784 2777 ι
1820 2723 1914 2778 τὸν

338 2827 648 2901 ἀμάραντον
669 2826 768 2898 τῆς
794 2823 952 2894 δόξης
992 2823 1272 2892 στέφανον.
1310 2841 1327 2872 3
1358 2821 1470 2875 Καὶ
1511 2818 1622 2872 ἔσθ’
1647 2819 1736 2872 ὅτε
1778 2818 1911 2888 τιμῇ

336 2916 780 2989 ἐστεφανωμένος
810 2932 894 2978 τις
915 2914 977 2967 οῦ
1014 2913 1356 2986 ουνῆκεν,ὡς
1388 2914 1446 2966 ὲν
1475 2909 1588 2983 τῷο
1622 2927 1641 2961 ι
1679 2908 1915 2980 Ἀνθρω-

2003 445 2155 495 nent.

2075 525 2239 581 Vens.
2273 527 2326 582 5.
2356 526 2497 592 Quid
2523 535 2599 580 est
2631 528 2787 579 homo
2821 524 2964 595 quod
2987 542 3188 581 memor
3217 544 3270 582 es
3298 527 3460 596 ejus?
3490 539 3586 584 aut

2002 617 2150 687 ﬁlius
2186 620 2439 687 hominis,
2471 620 2722 690 quoniam
2761 620 2947 675 visitas
2988 636 3109 674 eum
3139 620 3164 674 ?
3202 628 3325 687 etc.
3350 619 3506 689 Quod
3537 623 3585 678 si

2005 710 2238 765 miratus
2287 710 2575 766 Dominum
2624 710 2865 767 hominis
2914 711 3237 767 meminisse
3280 721 3335 767 et
3362 713 3585 771 visitare

2009 801 2176 856 lilium
2219 802 2478 869 hominis,
2530 803 2649 859 haec
2677 803 2830 869 dicit,
2865 802 3073 859 clarum
3098 814 3180 859 est
3211 819 3334 859 eum
3363 805 3589 871 benefa-

2008 895 2203 949 ciendo
2235 895 2483 950 visitare.
2517 894 2634 952 Hoc
2682 904 2865 951 autem
2899 896 3219 953 observabis
3268 907 3490 969 propter
3519 899 3587 954 il-

2006 985 2098 1040 lud
2127 985 2217 1040 ἰε
2257 1004 2275 1038 ι
2326 986 2570 1042 Visitaho
2618 986 2672 1042 in
2718 989 2870 1059 virga
2922 988 3244 1058 iniquitates
3288 1006 3502 1060 eorum,
3534 1002 3590 1048 et

2009 1077 2062 1132 in
2096 1077 2413 1134 verberibus
2439 1092 2668 1149 peccata
2701 1094 2913 1147 eorum,
2956 1100 2976 1133 3
3010 1090 3066 1136 et
3093 1084 3485 1152 propteristud
3502 1085 3587 1139 ’δι

2014 1189 2033 1221 ι
2066 1170 2181 1226 Non
2220 1172 2455 1229 visitabo
2500 1188 2665 1244 super
2705 1174 2847 1229 tilias
2880 1183 3111 1241 vestras,
3139 1190 3262 1231 cum
3307 1174 3591 1232 fornicata:

2009 1263 2236 1329 fuerint,
2286 1273 2344 1320 et
2395 1280 2562 1334 super
2594 1281 2791 1322 uxores
2822 1277 3053 1333 vestras,
3084 1282 3206 1323 cum
3246 1267 3590 1326 adulterare.

2011 1359 2142 1422 rint,
2183 1377 2202 1411 3
2241 1367 2297 1414 et
2331 1358 2551 1414 similia.

2085 1450 2251 1506 Vens.
2279 1449 2332 1509 6.
2363 1450 2610 1506 Minuiin
2636 1468 2754 1507 eum
2777 1452 3118 1522 paulominus
3141 1455 3206 1509 ab
3234 1455 3462 1526 angelis,
3478 1468 3590 1514 etc.

2015 1544 2227 1601 Etenim
2258 1558 2381 1599 cum
2430 1544 2546 1614 ipse
2592 1554 2784 1599 natura
2833 1554 2992 1617 aptus
3024 1547 3096 1603 sit
3124 1548 3190 1602 ad
3222 1548 3299 1603 tui
3328 1551 3586 1606 notitiam

2014 1636 2481 1706 consequendam,
2517 1650 2622 1691 non
2652 1636 2947 1694 admodum
2978 1638 3046 1695 ab
3073 1638 3182 1699 illis
3224 1640 3410 1696 distat.
3440 1640 3593 1697 Assi-

2015 1727 2241 1782 milatur
2279 1728 2427 1782 enim
2481 1727 2601 1791 tibi,
2637 1728 2817 1796 quoad
2853 1727 2972 1783 ﬁeri
3000 1736 3197 1798 potest,
3230 1745 3356 1786 cum
3387 1733 3595 1788 sancti-

2014 1826 2180 1873 tatem
2215 1827 2272 1874 et
2299 1818 2555 1874 virtutem
2578 1817 2683 1874 sibi
2708 1820 3070 1890 comparavit.
3099 1820 3167 1875 Et
3205 1834 3437 1893 propter
3457 1824 3595 1879 inta-

2012 1910 2191 1980 ginem
2250 1926 2313 1966 ac
2363 1912 2830 1979 similitudinem,
2883 1912 3175 1984 imperium
3225 1914 3329 1986 ipsi
3383 1927 3592 1971 morta-

2012 1999 2143 2055 lium
2184 2002 2507 2057 animalium
2554 2003 2856 2060 tradidisti.
2901 2004 3080 2060 V-erba
3110 2006 3225 2061 lucc
3251 2008 3319 2062 de
3371 2006 3597 2063 Christo

2013 2090 2127 2147 dici
2185 2088 2393 2149 Paulus
2453 2092 2511 2149 in
2582 2095 2832 2165 Epistola
2891 2096 2962 2151 ad
3017 2094 3276 2155 Hebraeos
3338 2096 3592 2154 afﬁrmat.

2011 2186 2106 2242 Ait
2154 2186 2302 2240 enim
2359 2187 2405 2219 ’⁸
2461 2207 2474 2242 :
2540 2204 2561 2239 ι
2615 2187 2753 2242 Eum
2797 2195 2981 2243 autem
3028 2190 3120 2258 qui
3173 2189 3388 2246 modico
3432 2206 3594 2261 quam

2014 2281 2193 2353 angeli
2269 2280 2577 2336 minoratus
2641 2289 2767 2348 est,
2827 2280 3079 2337 videmus
3151 2279 3383 2348 Iesum,
3466 2298 3593 2353 pro.

2013 2382 2138 2442 pter
2184 2372 2495 2442 passionem
2544 2373 2761 2442 mortis,
2813 2372 2986 2445 gloria
3028 2381 3086 2428 et
3121 2373 3335 2429 honore
3365 2389 3597 2430 corona-

2016 2479 2152 2520 ιιιιιι.
2192 2481 2211 2515 ι

2089 2553 2252 2623 Vens.
2283 2555 2336 2622 6,
2367 2557 2419 2609 7.
2466 2555 2654 2611 Gloria
2693 2565 2742 2611 et
2791 2557 2990 2612 honore
3038 2559 3310 2613 coronasti
3351 2574 3493 2627 eum,
3545 2568 3598 2614 et

2014 2649 2337 2704 constituisti
2365 2665 2485 2703 eum
2527 2665 2688 2717 super
2722 2665 2878 2718 opera
2917 2666 3174 2704 manuum
3214 2660 3454 2718 tuarum,
3485 2659 3596 2706 etc.

2020 2740 2160 2797 Hinc
2208 2743 2372 2795 etiam
2424 2739 2717 2811 Apostolus
2772 2758 2791 2792 ι
2850 2740 3365 2796 immarcescibilem
3411 2741 3609 2815 gloriae

2015 2847 2275 2888 coronam
2334 2852 2355 2887 θ
2411 2832 2715 2887 nominavit
2745 2832 2813 2887 ’⁷.
2869 2833 2959 2887 Fit
2995 2833 3163 2888 etiam
3198 2833 3494 2904 aliquando
3538 2841 3599 2889 ut

2016 2926 2138 2996 quis
2187 2940 2247 2981 se
2275 2924 2448 2997 gloria
2483 2931 2803 2980 coronatum
2851 2940 2959 2979 non
3014 2925 3303 2997 intelligat,
3336 2925 3497 2996 juxta
3532 2925 3599 2980 il-

337 3015 513 3077 ποςὲν
544 3012 675 3082 τιμῇ
715 3010 790 3062 ὢν
828 3009 889 3061 οὐ
919 3007 1173 3078 συνῆκεν.
1216 3026 1234 3058 3
1271 3005 1385 3059 Οὐκ
1401 3000 1608 3058 Ἐπὶτά
1644 3001 1779 3071 ἔργα
1817 3016 1911 3053 σου

2020 3018 2109 3072 Iud
2138 3018 2187 3050 ⁹⁵
2220 3035 2235 3072 :
2275 3034 2294 3068 ι
2329 3015 2500 3071 llomo
2530 3030 2656 3070 cum
2696 3017 2749 3071 in
2781 3016 2991 3071 honore
3022 3027 3189 3083 esset,
3221 3032 3331 3071 non
3383 3016 3598 3072 intelle-

336 3108 394 3162 δὲ
434 3103 608 3169 εἶπεν,
637 3104 782 3177 ἅπερ
814 3099 969 3174 οἶμαι
1004 3096 1147 3155 εἶναι
1177 3099 1246 3153 τὰ
1281 3098 1355 3171 μὴ
1379 3097 1704 3169 βλεπόμενα.
1756 3093 1914 3166 Πρῶ-

339 3217 419 3253 τοι
450 3198 547 3270 μὲν
580 3194 674 3251 οὖν
721 3197 779 3251 ὲν
828 3195 1010 3267 ἔργοις
1044 3191 1212 3263 ἐσμὲν
1241 3190 1440 3263 χειρῶν
1475 3189 1634 3254 Θεοῦ,
1667 3187 1916 3242 τουτέστι

333 3296 447 3358 τοῖς
488 3291 562 3364 μὴ
595 3288 971 3363 βλεπομένοις.
1005 3284 1196 3339 Ταῦτα
1222 3284 1279 3337 δὲ
1311 3283 1406 3337 καὶ
1441 3282 1582 3354 μετά
1621 3281 1718 3352 τὴν
1758 3282 1908 3334 ὲναν-

336 3385 621 3459 θρὼπησιν
646 3384 849 3438 νοεῖται
878 3379 973 3433 τοῦ
995 3377 1131 3432 Θεοῦ
1159 3376 1257 3431 καὶ
1284 3375 1535 3446 Σωτῆρος
1569 3373 1726 3446 ἡμῶν
1748 3389 1761 3402 ·
1791 3369 1915 3444 δόξῃ

335 3483 446 3551 γὰρ
474 3480 569 3533 καὶ
600 3478 733 3548 τιμῇ
767 3473 1112 3545 ὁάνθρωπος
1137 3468 1544 3539 ἐστεφάνωται·
1569 3487 1588 3520 ι
1621 3467 1917 3538 Συνήγειρε

333 3574 442 3645 γὰρ
467 3573 616 3642 ἡμᾶς
647 3570 742 3624 καὶ
769 3566 1120 3622 συνεκάθισεν
1142 3565 1201 3620 ὲν
1230 3566 1343 3628 τοῖς
1369 3559 1730 3634 ἐπουρανίοις,
1761 3578 1780 3611 3
1819 3576 1919 3613 κα-

335 3665 445 3730 θώς
470 3679 635 3737 φησιν
662 3665 692 3717 ὁ
730 3661 1067 3724 ’Δπόστολος.

408 3841 613 3897 Πάντα
647 3839 952 3906 ὑπέταξας
976 3835 1258 3894 ὑποκάτω
1296 3833 1416 3889 τῶν
1459 3830 1663 3886 ποδῶν
1706 3829 1915 3893 αὐτοῦ,

337 3936 603 4004 πρόϐατα
645 3932 744 3988 καὶ
776 3932 935 3999 ,βόας
983 3929 1210 3995 πάσας,
1240 3927 1329 3982 ἔτι
1373 3924 1444 3980 δὲ
1488 3923 1590 3978 καὶ
1623 3922 1698 3977 τὰ
1725 3920 1916 3991 κτήνη

339 4027 446 4083 τοῦ
491 4027 721 4090 πεδίου,
762 4026 835 4081 τὰ
875 4021 1117 4079 πετεινὰ
1150 4020 1259 4075 τοῦ
1307 4017 1589 4087 οὐρανοῦ,
1630 4013 1732 4070 καὶ
1776 4014 1918 4080 τοὺς

338 4120 551 4189 ἰχθύας
574 4116 683 4186 τῆς
713 4116 1052 4183 θαλάσσης,
1083 4131 1139 4167 κ.
1170 4131 1224 4167 τ.
1273 4112 1320 4166 ὲ.
1349 4112 1524 4164 Ὅπου
1569 4109 1668 4181 μὲν
1698 4105 1918 4179 καθαρά

339 4211 450 4285 (64)
485 4211 731 4284 πρόϐατα
755 4211 851 4263 καὶ
885 4208 1026 4279 βόες,
1059 4226 1077 4258 ι
1116 4204 1298 4259 πάντα
1326 4222 1345 4254 3
1381 4200 1752 4273 προσέθηκεν·
1787 4198 1919 4252 ἔνθα

335 4300 393 4356 δὲ
429 4301 702 4373 ἐνδέχεται
750 4298 847 4352 καὶ
896 4296 1205 4368 ἀκάθαρτα,
1260 4291 1337 4356 ὡς
1385 4292 1478 4346 ἐπὶ
1530 4290 1640 4345 τῶν
1700 4287 1915 4360 κτηνῶν

2018 3109 2117 3164 xit.
2152 3128 2171 3162 3
2210 3107 2330 3163 Non
2356 3109 2494 3163 dixit
2525 3117 2731 3175 autem,
2769 3108 2943 3179 Super
2972 3123 3136 3177 opera
3176 3118 3287 3177 tua,
3335 3125 3455 3179 quae
3483 3111 3601 3165 exi-

2020 3201 2181 3256 stimo
2211 3212 2331 3255 esse
2363 3214 2425 3254 ea
2465 3214 2589 3269 quae
2618 3214 2726 3254 non
2765 3200 3036 3255 videntur.
3071 3200 3181 3256 Nos
3218 3201 3383 3272 igitur
3436 3202 3597 3272 primi

2017 3308 2205 3349 sumus
2235 3292 2288 3347 in
2319 3292 2575 3362 operibus
2607 3306 2863 3346 manuum
2897 3292 3014 3359 Dei,
3047 3294 3101 3348 id
3132 3305 3217 3348 est
3244 3293 3312 3348 iis
3344 3308 3467 3364 quae
3490 3310 3598 3350 non

2018 3384 2294 3438 videntur.
2345 3382 2473 3438 Haec
2522 3382 2686 3437 etiam
2744 3392 2866 3453 post
2921 3384 3351 3440 incarnationem
3400 3385 3495 3442 Dei
3543 3395 3601 3441 et

2019 3475 2321 3531 Saluatoris
2357 3474 2550 3538 nostri,
2589 3474 2765 3531 locum
2800 3477 3004 3533 habere
3039 3476 3436 3548 intelliguntur.
3470 3492 3597 3531 nam

2017 3569 2187 3639 gloria
2217 3577 2272 3623 et
2304 3568 2510 3624 honore
2550 3578 2847 3625 coronatus
2872 3579 2956 3624 est
2985 3570 3151 3624 homo
3182 3587 3196 3624 :
3234 3586 3253 3619 ‹
3296 3567 3599 3624 Conresus-

2018 3661 2208 3717 citavit
2248 3663 2391 3715 enim
2426 3677 2523 3717 nos
2556 3672 2613 3717 et
2634 3662 2931 3717 consedere
2960 3661 3092 3716 iecit
3120 3661 3174 3716 in
3207 3659 3541 3724 ctelestibus,
3573 3679 3594 3712 3

2021 3763 2079 3808 ut
2111 3755 2187 3808 ait
2208 3754 2503 3824 Apostolus
2529 3755 2596 3810 °°.
2788 3738 2797 3749 “

2093 3844 2258 3898 Vens.
2291 3845 2345 3911 8,
2372 3846 2428 3901 9.
2477 3845 2673 3900 Omnia
2725 3845 2993 3915 subjecisti
3044 3844 3140 3900 sub
3185 3844 3408 3915 pedibus
3455 3843 3596 3914 ejus,

2020 3949 2135 3988 oves
2159 3943 2207 3988 et
2239 3935 2388 3988 boves
2416 3937 2711 3998 universas,
2743 3936 2957 4005 insuper
2983 3945 3031 3988 et
3064 3922 3256 4004 perora
3287 3934 3482 4004 campi,
3512 3949 3604 3986 vu-

2019 4026 2193 4080 lucres
2220 4027 2334 4080 caeli
2354 4037 2404 4081 et
2432 4028 2600 4097 pisces
2627 4028 2813 4091 maris,
2834 4037 2943 4083 etc.
2964 4027 3415 4097 Quandoquidem
3443 4040 3601 4081 mun-

2020 4118 2102 4172 da:
2130 4127 2258 4174 sunt
2294 4132 2424 4174 oves
2473 4129 2529 4173 et
2572 4119 2761 4185 boves,
2797 4118 3002 4173 addidit
3036 4137 3056 4172 ι
3087 4119 3406 4186 universas;
3445 4137 3466 4172 3
3503 4116 3599 4173 ubi

2019 4223 2153 4265 vero
2195 4210 2474 4266 immunda
2503 4225 2626 4266 esse
2671 4210 2929 4265 animalia
2977 4220 3229 4281 possunt,
3260 4219 3323 4266 ut
3350 4210 3404 4265 in
3437 4225 3604 4281 peco-

2021 4300 2170 4356 ribus
2203 4302 2405 4372 campi,
2437 4317 2547 4356 IIon
2578 4301 2715 4357 dicit
2747 4302 2955 4357 omnia.
2986 4302 3064 4357 lta
3100 4309 3155 4358 et
3188 4303 3242 4358 in
3282 4302 3602 4363 volucribus

333 4394 429 4449 τοῦ
458 4394 666 4458 πεδίου,
688 4392 790 4447 οὐκ
833 4390 1049 4463 εἴρηται
1098 4408 1117 4440 ι
1146 4388 1344 4444 πάντα.
1373 4407 1393 4439 3
1434 4384 1667 4457 Ὁμοίως
1689 4382 1784 4435 καὶ
1820 4380 1912 4433 ἐπὶ

2022 4394 2148 4448 cteli
2182 4404 2237 4449 et
2277 4395 2539 4465 piscibus’
2553 4396 2744 4452 maris.

334 4487 443 4541 τῶν
483 4484 747 4540 πετεινῶν
775 4482 870 4538 τοῦ
904 4481 1136 4553 οὐρανοῦ
1178 4481 1273 4534 καὶ
1326 4477 1523 4550 ἰχθύων
1556 4475 1656 4546 τῆς
1709 4472 1911 4527 θαλάσ-

337 4596 458 4652 σης-

930 4754 1221 4810 ΨΑΛΜΟΣ
1246 4752 1322 4806 Θθ.

406 4855 512 4920 Εὶς
552 4852 617 4906 τὸ
644 4850 819 4916 τέλος
844 4848 997 4917 ὑπὲρ
1022 4846 1143 4902 τῶν
1170 4846 1439 4915 κρυφίων
1465 4846 1571 4900 τοῦ
1598 4845 1732 4900 υἱοῦ
1762 4848 1922 4914 ψαλ-

281 5010 291 5019 .
335 4943 453 5017 μὸς
496 4943 578 5010 τῷ
616 4941 839 5005 Δαυῒδ,
869 4958 923 4994 κ.
964 4957 1015 4993 τ.
1049 4940 1095 4992 ἑ.
1139 4937 1367 5008 Κρύφιά
1406 4939 1523 4991 ἐστι
1566 4936 1674 5008 (65)
1720 4936 1920 5006 γνῶσις

339 5038 648 5111 ἀπόρρητος
678 5032 786 5088 τῶν
823 5031 951 5104 περ).
972 5029 1210 5103 Χριστοῦ
1235 5028 1330 5084 τοῦ
1368 5028 1623 5102 ἀληθινοῦ
1651 5028 1786 5083 Θεοῦ
1821 5046 1922 5101 μυ-

341 5128 598 5201 στηρίων.

2590 4749 2911 4809 PSALMUS
2948 4749 3039 4805 IX.

2098 4842 2261 4915 585
2301 4845 2464 4901 Vens.
2491 4846 2543 4899 1.
2589 4843 2655 4900 In
2687 4845 2844 4914 ﬁnem
2873 4860 2972 4913 pro
2999 4839 3219 4897 occultis
3243 4841 3344 4911 lilii
3365 4835 3603 4921 psalmus
3651 4844 3654 4847 λ

2029 4933 2232 4998 David,
2283 4942 2389 4990 etc.
2441 4934 2664 4991 Occulta
2724 4943 2809 4990 est
2872 4932 3160 4989 inetiahilis
3211 4935 3602 5003 mysteriorum

2026 5026 2231 5082 Christi
2255 5030 2367 5082 veri
2400 5026 2494 5082 Dei
2527 5027 2783 5097 cognitio.

411 5245 459 5279 ἰ
491 5244 634 5298 Psal.
680 5255 944 5305 Lxxxvut,
984 5239 1076 5295 55.
1183 5239 1230 5270 ”
1272 5237 1432 5295 Osee.
1484 5250 1571 5302 Iv,
1624 5233 1713 5288 14.
1815 5231 1861 5264 ’⁸
1901 5231 1914 5285 l

2020 5247 2065 5286 r.
2119 5245 2195 5297 II,
2245 5231 2300 5286 9.
2405 5228 2669 5286 "lPetr.
2720 5244 2773 5296 ν,
2804 5230 2859 5284 4.
2963 5229 3011 5262 ⁹⁸
3060 5229 3206 5284 Psal.
3255 5244 3459 5298 XLVIII,
3511 5230 3600 5287 l3.

342 5317 387 5351 ”
413 5316 610 5387 Ephes.
640 5330 699 5379 II,
735 5312 791 5367 6.

416 5434 529 5502 (61)
578 5434 650 5487 Et
693 5429 1194 5502 (inundantem;
1238 5423 1555 5502 Corderius,
1607 5419 1914 5483 Barbarus,

344 5495 559 5561 schedaa
589 5495 926 5564 Combelisii,
960 5500 1134 5553 codex
1158 5495 1546 5564 Baroccianus.

415 5575 526 5647 (62)
548 5574 658 5629 Καὶ
691 5572 877 5639 αὐτὸς
908 5559 1019 5642 γάρ
1052 5584 1192 5636 σου,
1218 5577 1324 5624 etc.
1361 5562 1686 5621 Corderius.
1716 5559 1921 5621 Barba-

346 5662 526 5783 ΐυῗθὸ)
556 5713 666 5769 Kul
696 5716 729 5769 ό
761 5711 1168 5778 Ἀπόστολος,
1212 5715 1321 5765 etc.
1359 5703 1588 5763 Schedas
1631 5697 1818 5761 Grabii
1865 5709 1922 5758 et

2025 5414 2361 5479 Combclisii,
2391 5413 2577 5469 Daniel
2598 5411 2896 5469 Barbarus.

2097 5487 2211 5559 (64)
2236 5478 2426 5559 Ὅπου
2448 5483 2845 5559 Δκαθαρά,
2865 5494 2972 5538 etc.
3001 5478 3184 5537 Codex
3207 5482 3577 5539 Baroccianus

2026 5554 2239 5614 sched'ae
2280 5554 2613 5617 Comhelisii,
2645 5565 2699 5607 et
2729 5555 3015 5608 Barbarus.
3704 5596 3709 5599 ,

2099 5622 2212 5700 (65)
2237 5625 2470 5697 Κρύφιά
2509 5626 2678 5691 ἐστι,
2725 5632 2830 5680 etc.
2869 5621 3099 5678 Schedse
3133 5620 3323 5681 Grabii
3346 5663 3361 5691 ,
3400 5623 3600 5679 Barba-

2028 5714 2143 5756 rus.
