4020 6152
480 245 614 299 “8'7

1890 240 1983 297 Ex
2022 238 2328 297 ORIGENE

3611 252 3751 307 “88

549 364 719 420 Vens.
769 362 825 430 2,
874 362 929 417 '5.
986 361 1288 429 Conﬁtebor
1362 362 1492 430 tibi,
1546 361 1802 431 Domine,
1844 363 1902 417 in
1950 371 2058 418 toto

2235 362 2789 436 Ἐξομολογήσομαί
2802 382 2924 433 σοι,
2942 367 3139 435 Κύριε,
3156 366 3226 422 ἐν
3242 367 3357 438 ὅλῃ
3381 369 3596 439 καρδίῃ
3610 391 3746 443 μου·

476 457 633 512 corde
657 471 770 510 meo
796 470 812 519 ;
842 454 1076 509 narrabo
1126 455 1305 509 omnia
1344 454 1613 509 mirabilia
1652 466 1763 509 tua.
1811 453 2060 509 Laztabor

477 546 829 602 etexsultabo
877 546 933 598 in
966 555 1039 612 te,
1083 545 1312 615 psallam
1364 546 1567 602 nomini
1600 556 1726 611 tuo,
1769 546 2059 614 Altissime,

476 647 586 694 etc.
629 637 732 705 Qui
782 652 850 691 ex
902 645 1016 691 toto
1064 637 1232 692 corde
1282 637 1476 708 diligit,
1522 639 1569 694 is
1624 649 1808 708 potest
1834 655 1903 696 ex
1946 650 2061 697 toto

479 733 645 790 corde
677 730 951 788 conﬁteri.
985 734 1025 783 ἰ
1060 730 1306 785 Narrabo
1340 731 1523 786 omnia
1568 732 1837 787 mirabilia
1886 740 1998 794 tua,
2036 751 2056 785 ι

478 835 535 881 et
562 840 683 896 qua:
733 832 1058 894 sequuntur.
1114 822 1342 891 Quando
1390 824 1516 892 quis
1557 824 1762 896 scripta
1810 826 2061 896 prodigia

480 930 601 985 quae
624 913 899 969 mirabilia
931 922 1059 967 sunt
1080 914 1293 981 aperire
1318 922 1519 983 potest,
1544 929 1648 983 qua
1682 915 1894 969 ratione
1917 913 2061 968 facta

480 1006 611 1070 sint,
646 1013 702 1059 et
729 1003 887 1073 cujus
918 1004 997 1059 rei
1032 1004 1144 1058 sint
1176 1003 1445 1075 sytubola,
1483 1013 1608 1060 tunc
1638 1004 1771 1060 fecit
1802 1020 1924 1074 quae
1970 1006 2063 1060 hic

482 1097 759 1152 dicuntur.
819 1094 932 1150 Hoc
992 1103 1173 1151 autem
1208 1094 1378 1151 solius
1404 1110 1526 1151 esse
1559 1094 1858 1153 Salvatoris
1902 1112 2060 1163 opus,

479 1186 660 1256 palam
690 1196 791 1243 est.
822 1185 1051 1253 Quodsi
1088 1195 1142 1239 et
1176 1195 1431 1241 creatura
1457 1195 1512 1241 et
1541 1189 1728 1242 omnia
1767 1202 1889 1257 quae
1932 1188 2063 1243 fecit

483 1280 646 1345 Deus,
679 1280 953 1334 mirabilia
987 1278 1104 1345 ejus
1131 1289 1279 1343 sunt,
1317 1279 1486 1333 multo
1517 1280 1686 1350 magis
1714 1281 2059 1351 perspicuum

482 1375 590 1428 erit
643 1371 948 1427 Salvatoris
999 1385 1122 1426 esse
1175 1372 1505 1426 oralionem.
1565 1370 1700 1438 Quis
1732 1373 1879 1427 enim
1932 1387 2063 1428 vero

485 1465 732 1529 narrabit
777 1463 961 1517 omnia
1017 1461 1288 1516 mirabilia
1337 1461 1551 1527 Patris,
1609 1461 1722 1517 nisi
1776 1462 2062 1529 Dominus,

487 1560 647 1629 idque
685 1558 943 1628 perfectis
989 1556 1083 1626 qui
1134 1555 1440 1625 intelligere
1500 1554 1767 1623 ejusmodi
1814 1555 2062 1626 prodigia

485 1659 731 1722 possunt,
756 1658 811 1704 et
839 1650 905 1704 de
934 1648 1133 1718 quibus
1164 1648 1508 1717 potissimum
1550 1650 1763 1706 dicetur
1796 1648 1814 1679 ⁸
1843 1667 1859 1705 :
1908 1668 1928 1702 ι
1960 1646 2063 1702 Sa-

2161 455 2518 527 διηγήσομαι
2536 456 2734 513 πάντα
2751 457 2825 512 τὰ
2842 457 3146 528 θαυμάσια
3167 472 3303 513 σου.
3323 461 3753 529 Εὐφρανθήσο-

2154 566 2262 618 μαι
2277 550 2372 603 καὶ
2390 548 2831 620 ἀγαλλιάσομαι
2846 550 2917 604 ἐν
2930 550 3051 612 σοί,
3064 549 3241 620 ψαλῶ
3255 549 3337 616 τῷ
3348 552 3599 621 ὀνόματί
3609 568 3749 619 σου,

2163 644 2432 711 "Tyriote,
2463 660 2516 695 κ.
2552 660 2600 695 τ.
2628 643 2674 695 ὲ.
2705 644 2763 695 '0
2781 641 2839 705 ἐξ
2863 642 2992 712 ὅλης
3019 640 3245 713 καρδίας
3271 642 3504 711 ἀγαπῶν
3529 643 3749 699 δύναται

2161 734 2221 800 ἐξ
2246 734 2372 803 ὅλης
2401 733 2626 804 καρδίας
2654 732 3112 803 ἐξομολογεῖσθαι.
3144 751 3162 783 ι
3192 734 3539 805 Διηγήσομαι
3574 736 3747 790 πάντα

2164 821 2232 874 τὰ
2260 819 2534 890 Θαυμάσιά
2560 837 2684 883 σου,
2723 840 2742 872 ι
2776 821 2868 874 καὶ
2902 821 2973 874 τὰ
3001 822 3147 892 ἑξῆς.
3186 825 3353 879 Ὅταν
3381 828 3735 900 ἀναγεγραμ-

2170 916 2306 984 μένα
2346 914 2621 984 τεράστια,
2667 915 2955 985 θαυμαστά
2987 918 3348 987 τυγχάνοντα,
3394 924 3740 993 παραστῆσαι

2166 1003 2459 1075 δυνάμενος
2499 998 2543 1073 ᾧ
2585 1004 2725 1077 λόγῳ
2762 1007 2979 1075 γέγονε.
3009 1008 3105 1061 καὶ
3145 1007 3288 1072 τίνος
3320 1010 3437 1062 ἐστὶ
3470 1009 3734 1080 σύμϐολα,

2168 1099 2435 1169 πεποίηκε
2468 1098 2532 1153 τὰ
2559 1100 2844 1170 εἰρημένα.
2882 1101 3051 1155 Τοῦτο
3076 1101 3131 1154 δὲ
3162 1102 3325 1173 μόνου
3363 1100 3460 1154 τοῦ
3487 1102 3738 1174 Σωτῆρος

2169 1189 2324 1262 ἔργον
2353 1191 2498 1244 ἐστιν
2541 1192 2687 1245 ἰδεῖν.
2719 1193 2781 1246 Εἰ
2809 1193 2866 1246 δὲ
2897 1194 2990 1247 καὶ
3033 1197 3065 1264 ἡ
3094 1196 3269 1257 κτίσις
3310 1196 3405 1248 καὶ
3437 1196 3613 1249 πάντα
3638 1197 3737 1248 ὅσα

2168 1281 2421 1351 ἐποίησεν
2447 1284 2474 1334 ὁ
2502 1282 2662 1348 Θεὸς,
2693 1282 2966 1355 θαυμάσια
2999 1284 3162 1337 αὐτοῦ
3207 1286 3344 1347 ἐστι,
3376 1283 3555 1355 πολλῷ
3579 1285 3737 1338 πλέον

2170 1378 2417 1444 φανεῖται
2436 1417 2451 1441 ,
2481 1376 2563 1430 δτι
2589 1375 2682 1429 τοῦ
2716 1376 2965 1447 Σωτῆρός
2996 1378 3143 1430 ἐστιν
3186 1378 3218 1448 ἡ
3250 1377 3404 1447 εὐχή.
3435 1376 3529 1440 Τίς
3555 1377 3611 1430 δὲ
3634 1377 3738 1447 ἀρα

2168 1467 2482 1539 διηγήσεται
2512 1469 2686 1522 πάντα
2718 1468 2787 1521 τά
2833 1467 3110 1538 θαυμάσια
3149 1467 3242 1520 τοῦ
3283 1466 3496 1538 Πατρὸς
3520 1469 3568 1520 εί
3612 1469 3684 1538 μὴ
3710 1472 3739 1521 ὁ

2171 1558 2505 1630 Κύριος’τοῖς
2523 1557 2713 1629 νοῆσαι
2735 1558 3051 1628 δυναμένοις
3077 1558 3145 1610 τά
3166 1557 3468 1629 τηλικαῦτα
3490 1556 3739 1629 θαύματα

2171 1649 2424 1714 τελείοις,
2476 1652 2603 1722 περὶ
2647 1644 2722 1703 ὧν
2775 1650 2970 1720 μᾶλλον
3011 1649 3349 1721 λεχθήσεται·
3393 1666 3412 1700 ι
3446 1648 3645 1718 Σοφίαν
3682 1648 3739 1700 δὲ

488 1719 743 1813 pientiam
774 1752 953 1796 autem
984 1740 1220 1809 loquitur
1243 1739 1385 1795 inter
1411 1740 1715 1810 perfectos?
1749 1758 1768 1790 ι
1799 1769 1870 1778 -
1899 1757 1917 1791 ι
1946 1739 2057 1792 La:-

2177 1741 2370 1813 μᾶλλον
2400 1719 2663 1811 λαλοῦμεν
2696 1744 2752 1795 ὲν
2780 1719 2894 1805 τοῖς
2929 1719 3179 1806 τελείοιςξ
3216 1760 3236 1793 ι
3264 1770 3338 1780 -
3364 1759 3384 1792 ι
3422 1740 3741 1812 Εὐφρανθὴ-

487 1835 643 1889 tabor
668 1842 723 1888 et
746 1833 1024 1887 exsultabo
1056 1851 1074 1883 ι
1107 1833 1386 1886 sciscitans
1414 1833 1482 1887 ab
1514 1831 1577 1885 iis
1603 1832 1695 1900 qui
1735 1831 1789 1884 in
1824 1832 2052 1901 quibus-

485 1926 611 1982 dam
640 1927 905 1991 lzetantur,
932 1939 1063 1979 num
1090 1923 1145 1977 in
1177 1922 1287 1977 Deo
1311 1923 1578 1984 laztentur.
1608 1931 1669 1978 ut
1686 1922 1773 1977 vel
1792 1922 1848 1977 in
1869 1922 2052 1977 laetitia

484 2030 583 2070 sua
636 2023 1026 2083 permaneant,
1077 2011 1160 2066 vel
1195 2013 1263 2066 ab
1318 2025 1380 2066 ea
1431 2012 1736 2068 discedant.
1780 2012 1882 2081 Qui
1934 2029 2064 2069 vero

484 2108 732 2163 ascendit
755 2106 806 2159 in
836 2105 1111 2161 excelsum
1142 2112 1381 2160 montem
1404 2103 1533 2160 Sion
1565 2114 1620 2161 et
1639 2105 1856 2160 extollit
1876 2120 2062 2160 vocem

484 2218 664 2268 suam,
706 2203 885 2271 psallit
928 2199 1133 2257 nomini
1168 2199 1459 2255 Altissimi.

558 2297 726 2355 Vens.
771 2296 827 2352 4.
870 2296 935 2350 In
965 2297 1306 2351 convertenda
1336 2295 1612 2348 inimicum
1642 2308 1814 2346 meum
1862 2301 2062 2345 retror-

482 2407 639 2455 sum,
672 2390 1081 2459 inﬁrmabuntur
1126 2399 1174 2444 et
1225 2390 1467 2458 peribunt
1526 2405 1559 2441 a
1607 2387 1744 2457 [acie
1798 2394 1913 2449 tua,
1951 2393 2059 2439 etc.

483 2484 716 2552 Quinam
776 2484 1089 2539 inlirmandi
1158 2487 1273 2539 sint
1336 2495 1392 2540 et
1443 2483 1668 2553 perituri
1717 2480 1913 2535 afacie
1945 2478 2059 2546 Dei,

486 2597 512 2632 ε
544 2580 723 2635 vultus
750 2580 892 2633 enim
923 2578 1134 2634 Domini
1165 2596 1328 2650 super
1356 2578 1622 2633 facientes
1652 2574 1794 2628 mala
1818 2575 1861 2640 ¹,
1893 2591 1912 2624 ι
1935 2588 2060 2627 cum

482 2693 595 2734 non
641 2678 976 2747 praedixerit,
1052 2678 1210 2732 nobis
1286 2675 1510 2746 reliquit
1578 2669 2058 2729 considerandum.

483 2769 714 2836 Quando
741 2768 955 2824 deletus
1007 2768 1173 2824 fuerit
1220 2768 1472 2822 inimicus
1516 2765 1568 2819 in
1611 2762 1821 2818 malitia
1870 2774 2063 2830 proce-

486 2863 642 2928 dens,
694 2870 749 2914 et
798 2871 1101 2915 retrorsum
1162 2858 1437 2924 resilierit,
1490 2870 1556 2911 ex
1608 2870 1673 2909 co
1705 2852 1849 2924 quod
1898 2850 2059 2905 fuerit

484 2954 797 3025 impeditus,
836 2963 966 3009 tunc
1002 2953 1056 3007 hi
1088 2953 1181 3022 qui
1227 2952 1434 3006 malitia
1469 2958 1717 3019 potentes
1750 2952 1930 3009 erant,
1972 2943 2058 2996 in-

487 3045 875 3101 ﬁrmabuntur.
949 3044 1156 3099 Deinde
1230 3043 1526 3098 secundum
1587 3039 1732 3109 quod
1801 3044 2128 3116 peccant,c

486 3145 738 3208 pereunt,
783 3136 1018 3191 faciente
1066 3135 1172 3190 hoc
1228 3135 1362 3205 ipsis
1408 3132 1548 3187 facie
1588 3130 1704 3185 Dei.
1749 3129 1872 3184 llaec
1914 3128 2057 3182 enim

482 3230 729 3298 cognita,
770 3227 955 3281 abolet
984 3235 1229 3280 terrena.

558 3320 722 3376 Vens.
763 3320 817 3375 5.
858 3318 1059 3374 Sedistt
1094 3335 1252 3385 super
1282 3313 1642 3383 thronum,qui
1663 3312 2059 3384 judicasjnsti-

484 3414 638 3475 tiam,
675 3420 785 3466 etc.
810 3409 1069 3463 Thronus
1120 3409 1338 3475 quidem
1385 3405 1479 3459 Dei
1526 3404 1819 3472 Christus;
1856 3402 2060 3458 Christi

489 3518 625 3558 vero
652 3503 880 3558 thronus
910 3510 995 3555 est
1023 3501 1292 3572 spiritalis
1319 3509 1538 3553 natura.

556 3592 724 3647 Vens.
765 3592 819 3647 6.
880 3589 1177 3659 Increpain
1231 3603 1408 3661 gentes
1436 3629 1451 3653 ,
1511 3600 1559 3643 et
1600 3589 1761 3656 periit
1815 3588 2005 3659 impius
2042 3603 2062 3644 :

2173 1849 2335 1902 σομαι
2380 1833 2470 1885 καὶ
2516 1831 2933 1901 ἀγαλλιάσομαι,
2973 1850 2991 1882 ι
3045 1829 3446 1900 πυνθανόμενος
3491 1829 3599 1883 τῶν
3645 1828 3737 1881 ἐπί

2171 1943 2309 1979 τισιν
2337 1923 2794 1995 εὐφραινομένων,
2830 1927 2878 1978 εί
2920 1925 2978 1978 ὲν
3001 1923 3119 1995 Θεῷ
3158 1924 3562 1994 εὐφραίνονται,
3597 1922 3677 1974 ἵνα
3705 1922 3739 1991 ἢ

2173 2017 2468 2087 ἐπιμένωσι
2512 2017 2576 2087 τῇ
2624 2014 2959 2086 εὐφροσύνῃ,
3000 2013 3034 2086 ἢ
3078 2014 3405 2068 ἀποστῶσιν,
3445 2014 3505 2066 Ὀ
3554 2012 3611 2066 δὲ
3651 2013 3737 2065 ἐπ’

2173 2110 2294 2180 ὅρος
2346 2109 2547 2171 ἀναϐὰς
2587 2107 2787 2179 ὑψηλὸν
2824 2106 2884 2159 τὸ
2922 2107 3059 2161 Σιὼν
3102 2106 3195 2159 καὶ
3233 2103 3382 2174 ὑψῶν
3420 2105 3520 2177 τὴν
3564 2104 3742 2175 φωνὴν

2174 2202 2337 2256 αὐτοῦ
2365 2201 2551 2271 ψάλλει
2573 2201 2650 2273 τῷ
2679 2201 2902 2272 ὀνόματι
2928 2199 3023 2253 τοῦ
3059 2197 3335 2269 Ὑψίστου.

2243 2292 2346 2345 Ἐν
2376 2289 2455 2355 τῷ
2476 2286 2940 2357 ἀποστραφῆναι
2986 2286 3095 2340 τὸν
3128 2284 3347 2354 ἐχθρόν
3377 2300 3499 2353 μου
3542 2284 3631 2348 εις
3670 2279 3740 2334 τὰ

2163 2384 2373 2447 ὀπίσω,
2404 2380 2821 2447 ἀσθενήσουσι
2852 2379 2950 2433 καὶ
2994 2377 3364 2433 ἀπολοῦνται
3407 2375 3527 2429 ἀπὸ
3559 2388 3742 2443 προσ-

2160 2474 2324 2529 ώπου
2357 2491 2495 2540 σου,
2523 2490 2580 2529 κ.
2610 2489 2661 2524 τ.
2697 2471 2743 2524 ὲ.
2778 2471 2935 2534 Τίνες
2967 2465 3455 2540 ἀσθενήσουσι(ϐ“1)
3487 2465 3584 2518 καὶ
3610 2466 3738 2518 dm-

2160 2568 2374 2622 λοῦνται
2419 2566 2528 2620 ἀπὸ
2569 2562 2858 2636 προσώπου
2898 2561 2993 2616 τοῦ
3039 2561 3175 2615 Θεοῦ
3206 2559 3349 2632 (ἐπεὶ
3393 2577 3412 2610 t
3451 2558 3738 2630 πρόσωπον

2162 2654 2366 2728 Κυρίου
2397 2654 2489 2707 ἐπὶ
2522 2650 2808 2715 ποιοῦντας
2851 2650 2998 2705 κακά
3020 2667 3033 2680 ·
3068 2650 3113 2720 ι)
3146 2650 3208 2703 οὐ
3254 2647 3569 2721 προειπὼν,
3610 2649 3738 2718 ἡμῖν

2163 2746 2547 2802 καταλέλοιπεν
2572 2746 2792 2799 ἐννοεῖν.
2832 2746 2999 2798 Ὅταν
3029 2740 3355 2813 καταργηθῇ
3378 2742 3406 2795 ό
3449 2739 3642 2812 ἐχθρὸς
3671 2740 3733 2811 τῇ

2162 2842 2330 2914 κακία
2363 2840 2588 2913 προῖὼν,
2616 2840 2711 2894 καὶ⁸
2739 2837 3038 2911 ἀναποδίσῃ
3067 2836 3243 2889 ὀπίσω
3282 2838 3348 2888 ὲκ
3390 2834 3484 2887 τοῦ
3516 2833 3735 2903 ἐμποδί-

2161 2933 2365 2999 ζεσθαι,
2395 2933 2517 2987 τότε
2549 2934 2596 2986 οἱ
2628 2936 2695 3004 τῇ
2729 2931 2896 3003 κακίᾳ
2926 2929 3135 3002 ἰσχυροὶ
3167 2928 3578 3001 ἀσθενήσουσιν.
3610 2923 3737 2981 Εἶτα

2162 3028 2283 3082 καθ’
2311 3026 2339 3080 ὃ
2366 3026 2790 3099 ἁμαρτάνουσιν,
2807 3022 3152 3085 ἀπολοῦνται,
3191 3021 3346 3075 τοῦτο
3373 3018 3735 3092 ἐργαζομένου

2160 3119 2342 3183 αὐτοῖς
2373 3117 2466 3173 τοῦ
2490 3116 2781 3191 προσώπου
2808 3116 2901 3169 τοῦ
2933 3114 3089 3169 Θεοῦ.
3115 3113 3327 3184 Νοηθὲν
3359 3109 3734 3186 γάρηάφανίζει

2162 3214 2229 3269 τὰ
2260 3215 2444 3285 γήϊνα.

2245 3306 2560 3372 Ἐκίὶθισιις
2592 3305 2691 3359 ἐπὶ
2730 3304 2966 3374 θρόνου,
3003 3305 3036 3356 ό
3074 3302 3294 3371 κρίνων
3322 3300 3732 3365 δικαιοσύνην,

2162 3417 2217 3453 κ.
2251 3417 2300 3451 τ.
2332 3400 2377 3452 έ.
2416 3399 2615 3470 Θρόνος
2651 3398 2748 3469 μὲν
2782 3394 2917 3449 Θεοῦ
2946 3394 3054 3465 (68)
3089 3396 3117 3447 ὀ
3160 3392 3430 3464 Χριστὸς,
3469 3390 3653 3464 θρόνος
3680 3390 3734 3443 δὲ

2162 3490 2393 3565 Χριστοῦ
2426 3494 2459 3563 ἡ
2492 3489 2781 3562 ἀσώματος
2814 3488 2992 3559 φύσις.

2248 3584 2645 3653 Ἐπετίμησας
2668 3582 2890 3644 ἔθνεσι,
2918 3578 3015 3634 καί
3038 3575 3307 3633 ἀπώλετο
3331 3579 3364 3630 ό
3385 3574 3613 3641 ἀσεϐής
3629 3592 3645 3605 ο
3668 3574 3734 3627 τὸ

487 3704 670 3742 nomen
698 3703 881 3742 eorum
911 3685 1120 3749 deleati,
1158 3693 1264 3740 etc.
1296 3683 1555 3750 Verbum,
1610 3702 1629 3735 ι
1684 3683 1999 3754 increpasti,
2036 3701 2056 3736 ι

2165 3677 2351 3746 ὄνομα
2383 3676 2581 3731 αὐτῶν
2618 3673 2949 3743 ἐξήλειψας
2972 3714 2986 3736 ,
3015 3688 3071 3724 κ.
3102 3687 3154 3725 τ.
3185 3670 3232 3723 ὲ.
3264 3668 3337 3722 Τὸ
3360 3712 3373 3734 ,
3415 3686 3434 3719 ι
3477 3667 3734 3738 ἐπετίμη-

486 3782 887 3837 cnrrectionem
930 3779 1224 3849 significat,
1273 3786 1333 3832 ut
1372 3786 1520 3846 patet
1563 3791 1632 3831 ex
1684 3775 1768 3830 bis
1797 3774 1860 3832 '2
1906 3794 1926 3827 ι
1958 3775 2062 3829 Ar-

2168 3787 2265 3835 σας
2298 3767 2429 3842 (69),
2466 3788 2483 3820 ι
2516 3766 2800 3839 διόρθωσιν
2830 3763 3120 3837 σημαίνει,
3152 3763 3290 3832 ὅπερ
3330 3760 3488 3832 δῆλον
3514 3759 3578 3849 ὲκ
3604 3757 3690 3849 τοῦ
3715 3774 3728 3787 ·

491 3881 615 3939 gue,
646 3869 902 3935 obsecra,
932 3867 1173 3938 increpa.
1212 3885 1230 3919 ι
1255 3896 1327 3908 -
1357 3885 1376 3919 ι
1406 3866 1614 3921 Nomen
1643 3865 1763 3936 ejus
1789 3865 2001 3921 delesti.
2039 3886 2062 3924 ι

2172 3883 2188 3915 ι
2226 3860 2500 3927 Ἕλεγξον,
2529 3853 2926 3926 παρακάλεσον,
2953 3852 3294 3921 ἐπιτίμησον.
3327 3870 3344 3901 ι
3372 3881 3439 3892 ——
3464 3867 3482 3899 ι
3518 3847 3589 3899 Τδ
3614 3845 3727 3898 δνο-

496 3958 700 4013 Delevit
763 3960 905 4013 Deus
975 3974 1177 4014 nomen
1240 3977 1259 4010 ι
1300 3959 1529 4023 Abram,
1571 3974 1591 4009 ι
1626 3955 1830 4011 faciens
1886 3953 2062 4026 ipsum

2172 3973 2247 4027 μα
2271 3951 2432 4009 αὐτοῦ
2463 3947 2766 4019 ὲξήλειψας.
2793 3964 2809 3996 ι
2830 3944 3103 4016 Ἐξήλειψε
3126 3945 3181 3997 δὲ
3206 3947 3234 3997 ὁ
3252 3944 3381 4005 Θεὸς
3398 3942 3492 3996 τοῦ
3524 3942 3731 4009 Ἀεριίμ

493 4063 515 4099 ι
552 4045 847 4112 Abraham,
884 4062 903 4098 ι
933 4044 1010 4099 uti
1035 4055 1090 4100 et
1122 4062 1142 4097 ι
1173 4042 1349 4110 Sane,
1379 4060 1399 4094 ι
1434 4057 1640 4098 vocans
1673 4043 1844 4111 ipsam
1880 4059 1899 4094 ι
1936 4041 2062 4099 Sar-

2168 4047 2229 4100 τδ
2256 4044 2424 4115 ὄνομα
2453 4042 2683 4112 ποιήσας
2710 4037 2870 4092 αὐτὸν
2889 4037 3151 4106 Ἀϐραὰμ,
3178 4039 3270 4093 καὶ
3293 4036 3393 4106 τῆς
3428 4033 3622 4103 Σάρας
3644 4051 3732 4085 κα-

487 4152 622 4200 ran,
664 4156 683 4189 ι
726 4135 809 4190 sic
841 4142 897 4189 et
929 4152 950 4186 ι
983 4133 1266 4199 Simonis,
1302 4151 1324 4188 ι
1363 4134 1656 4191 nominans
1695 4134 1869 4205 ipsum
1913 4153 1933 4187 ι
1962 4134 2062 4190 Pe-

2165 4132 2271 4187 λῶν
2311 4131 2479 4204 αὐτὴν
2508 4131 2773 4199 Σάρραν,
2800 4127 2894 4181 καὶ
2924 4126 3015 4179 τοῦ
3048 4125 3311 4196 Σιμῶνος
3337 4126 3613 4196 ὀνομάσας
3644 4123 3731 4177 αὐ-

490 4240 655 4286 trum.
707 4248 726 4283 ι
768 4228 950 4296 Atque
1003 4227 1077 4281 ita
1117 4242 1460 4297 consequens
1517 4226 1684 4298 586
1734 4239 1819 4282 est
1871 4228 2062 4281 horum

2165 4224 2252 4277 τὸν
2277 4223 2519 4292 Πέτρον.
2556 4220 2713 4275 Οὕτω
2737 4238 2797 4274 τε
2845 4217 3136 4273 ἀκόλουθόν
3179 4219 3294 4270 ἐστι
3339 4216 3400 4269 τὸ
3439 4216 3609 4287 ὄνομα
3650 4213 3730 4279 ἐξ·

488 4339 704 4395 quoque
752 4336 948 4377 nomen
998 4319 1166 4374 deleri
1203 4333 1342 4388 quos
1371 4319 1715 4387 increpavit:
1759 4321 2062 4388 prmsertim

2165 4315 2477 4386 ἀλείφεσθαι
2509 4314 2709 4369 τούτων
2737 4306 2818 4377 οἷς
2849 4311 3176 4382 ἐπετίμησε·
3213 4309 3309 4362 καὶ
3349 4308 3586 4381 μάλιστα
3619 4306 3730 4359 ἐπεὶ

485 4416 615 4487 quia
649 4412 990 4468 subinfertur
1018 4426 1033 4464 :
1076 4426 1097 4461 ι
1129 4409 1467 4464 Annuntiate
1491 4410 1637 4463 inter
1659 4419 1851 4479 gentes
1878 4409 2056 4464 studia

2165 4412 2478 4484 ἐπιφέρεται
2499 4410 2558 4462 τό
2580 4426 2594 4439 ·
2631 4426 2649 4458 ι
2693 4405 3074 4475 Ἀναγγείλατε
3102 4405 3159 4456 ὲν
3182 4406 3294 4466 τοῖς
3319 4400 3497 4454 ἔθνεσι
3521 4399 3590 4453 τὰ
3618 4402 3729 4453 ἐπι-

486 4507 625 4573 cjus,
657 4504 914 4574 quoniam
950 4501 1236 4570 requirens
1268 4501 1587 4569 sanguinem
1640 4514 1827 4554 eorum
1874 4514 2060 4555 recor-

2165 4502 2474 4574 τηδεύματα
2512 4499 2678 4554 αὐτοῦ
2706 4539 2720 4563 ,
2775 4498 2855 4550 ὅτι
2891 4494 3137 4566 ἐκζητῶν
3191 4492 3261 4546 τὰ
3313 4491 3522 4562 αἵματα
3564 4489 3731 4544 αὐτῶν

487 4600 648 4653 datus
693 4605 799 4651 est.
847 4613 867 4647 ι
924 4593 1167 4649 Observa
1219 4600 1401 4646 autem
1458 4607 1564 4647 non
1620 4593 1827 4649 dictum
1885 4605 2056 4648 esse:

2165 4594 2427 4666 ἐμνήσθη.
2468 4613 2486 4645 ι
2523 4591 2766 4664 Πρόσχες
2797 4591 2890 4644 καὶ
2932 4590 3014 4643 ὅτι
3041 4589 3142 4640 οὐκ
3187 4586 3432 4657 εἴρηται·
3470 4582 3544 4637 Τὸ
3574 4582 3732 4652 ὄνομα

488 4687 693 4743 Nomen
728 4702 914 4743 eorum
942 4683 1133 4740 delesti
1165 4683 1230 4737 de
1257 4682 1394 4739 libro
1423 4686 1721 4741 viventium
1755 4688 1882 4757 (non
1913 4683 2058 4738 enim

2165 4687 2343 4741 αὐτῶν
2389 4684 2673 4756 ἐξήλειψας
2712 4686 2776 4737 ἐκ
2818 4682 2999 4753 βίϐλου
3033 4681 3283 4747 ζώντων,
3312 4678 3394 4749 (οὐ
3427 4675 3537 4747 γάρ
3569 4682 3624 4729 έν
3658 4673 3731 4745 βί-

489 4785 543 4839 in
600 4784 740 4840 libro
794 4783 1089 4838 viventium
1137 4790 1326 4851 gentes
1368 4790 1524 4837 erant
1563 4780 1825 4853 scriptae),
1875 4779 1969 4836 sed
2027 4794 2058 4834 a

2166 4777 2275 4847 ϐλῳ
2322 4776 2537 4842 ζώντων
2579 4772 2646 4848 ἦν
2690 4773 3116 4847 ἐγγεγραμμένα
3150 4771 3216 4825 τὰ
3249 4769 3375 4839 ἔθνη
3396 4767 3434 4838 ·)
3470 4766 3588 4820 ἀλλ’
3615 4767 3733 4821 ἀκο-

487 4876 831 4934 cautionibus
868 4890 1005 4944 quas
1050 4874 1405 4943 scripserant,
1451 4873 1502 4928 in
1552 4872 1689 4927 libro
1733 4872 2059 4937 debitorum,

488 4969 572 5023 vel
615 4968 753 5023 libro
801 4974 1138 5021 mortuorum
1185 4965 1325 5033 apud
1355 4965 1655 5034 iniquitatis
1697 4976 2061 5025 teconomum,

487 5060 601 5130 qui,
637 5067 699 5113 ut
725 5056 1019 5112 verisimile
1050 5065 1157 5123 est,
1198 5063 1444 5110 mortuos
1481 5054 1693 5119 scribit,
1728 5062 1784 5107 et
1823 5052 1877 5107 in
1917 5061 2062 5106 terra

488 5152 697 5209 scribit.
752 5150 1007 5208 Salvator
1047 5150 1194 5205 enim
1242 5149 1298 5203 in
1346 5148 1503 5205 cmlis
1548 5144 1810 5203 describit
1848 5144 2061 5198 nomina

488 5248 891 5315 discipulorum.

557 5340 837 5412 Ejusdem.
886 5340 944 5396 Si
990 5354 1190 5395 nomen
1241 5339 1344 5394 hoc
1383 5335 1503 5390 loco
1529 5329 1731 5387 malum
1784 5324 2057 5400 significat

560 5437 578 5469 ¹
601 5435 619 5490 Ι
642 5436 766 5491 Cor.
796 5452 858 5502 tt,
890 5436 945 5491 6.
1019 5437 1041 5468 ⁸
1073 5434 1215 5489 Psal.
1237 5447 1432 5495 xum,
1466 5427 1555 5484 ιο.
1632 5425 1654 5458 ⁸
1679 5423 1722 5479 ll
1744 5422 1886 5477 Tim.
1919 5435 1994 5485 tv,
2020 5420 2086 5475 ‘2.

559 5528 669 5601 (66)
702 5530 760 5584 Ὁ
793 5530 863 5596 ἐξ
890 5530 1051 5603 ,ὅλης
1080 5528 1360 5603 καρδίας,
1402 5536 1511 5603 e_tc._
1546 5521 1728 5603 ϐοάᾳ
1768 5505 2060 5574 Coislinia-

488 5593 621 5666 nus;
650 5593 852 5655 verum
866 5593 1172 5657 Corderius'
1189 5593 1397 5655 tantum
1427 5594 1587 5666 habet
1612 5593 1850 5666 initium.

561 5663 671 5743 (67)
702 5672 868 5737 Τίνες
891 5668 1304 5738 ἀσθενήσουσι
1331 5712 1345 5739 ,
1381 5678 1486 5726 etc.
1527 5663 1846 5728 Corderius,
1892 5667 1947 5716 et
1971 5673 2063 5736 co-

490 5742 589 5800 de:
614 5742 994 5800 Coislinianus.

2164 4865 2368 4929 λούθως
2396 4868 2508 4928 τοῖς
2536 4864 2658 4918 κατ’
2687 4861 2866 4916 αὐτῶν
2892 4860 3296 4934 χειρογράφοις.
3320 4859 3378 4910 ὲν
3402 4855 3569 4926 βίϐλῳ
3595 4855 3732 4922 ὀφει-

2161 4959 2380 5022 λόντων,
2416 4957 2449 5028 ἦ
2481 4956 2648 5028 βίϐλῳ
2670 4955 2877 5027 νεκρῶν
2896 4995 2910 5019 ,
2942 4953 3092 5025 παρὰ
3116 4950 3192 5023 τῷ
3229 4950 3329 5022 τῆς
3358 4948 3571 5011 ἀδικίας
3598 4948 3733 4999 οἰκο-

2163 5052 2311 5123 νόμῳ
2330 5091 2343 5115 ,
2369 5050 2444 5114 ὡς
2472 5050 2615 5113 εἰκὸς
2635 5090 2649 5114 ,
2675 5047 3041 5118 ἀναγράφοντι
3084 5045 3312 5116 νεκροὺς
3336 5084 3352 5109 ,
3386 5042 3480 5095 καὶ
3506 5038 3733 5110 ἀναγρά-

2164 5160 2314 5213 φοντι
2340 5145 2419 5207 εἰς
2452 5142 2575 5213 γῆν.
2620 5142 2678 5195 ὐ
2707 5141 2813 5212 γὰρ
2843 5140 3033 5211 Σωτὴρ
3068 5137 3372 5208 ἀναγράφει
3408 5135 3466 5188 ὲν
3494 5134 3731 5205 οὐρανοῖς

2164 5236 2231 5290 τά
2261 5236 2499 5308 ὀνόματα
2525 5235 2631 5288 τῶν
2661 5232 2933 5306 μαθητῶν.

2237 5329 2347 5383 Τοῦ
2382 5328 2588 5384 αὑτοῦ.
2627 5328 2691 5380 Εἰ
2717 5327 2777 5380 τὸ
2816 5326 2985 5398 ὄνομα
3012 5322 3123 5395 (70)
3151 5318 3391 5376 ἐνταῦθα
3422 5319 3524 5392 τὴν
3560 5314 3731 5386 κακὴν

2239 5512 2588 5585 (68)Θρόκος
2615 5508 2731 5585 μέν
2757 5507 2926 5572 Θεοῦ,
2954 5514 3061 5561 etc.
3090 5502 3314 5585 Schetla;
3333 5498 3548 5585 Grabii.

2239 5568 2350 5654 i693
2379 5568 2472 5654 Ῠρ,
2502 5568 2921 5654 Ἐπέτίμησας,
2939 5574 3413 5654 -etc.-‘Corderius,
3443 5568 3728 5653 Barbarus,

2168 5644 2379 5712 schedia
2404 5644 2736 5709 Gombefisi'i,
2762 5644 2825 5703 et
2851 5650 3021 5703 codex
3058 5644 3443 5698 Baroccianus.

2234 5721 2347 5795 (70)
2376 5725 2445 5779 El
2459 5720 2524 5776 τὸ
2555 5720 2759 5791 ὄνομα,
2784 5727 2901 5775 etc.”
2921 5717 3145 5773 Scheda:
3176 5712 3383 5769 Grabii.
