4020 6152
315 202 453 260 “89

1309 198 1617 256 SELECTA
1653 200 1721 255 IN
1756 201 2094 260 PSALMOS.
2128 238 2200 250 -—
2237 206 2432 264 PSAL.
2463 207 2555 266 IX.

3437 215 3576 271 H90

314 318 571 390 σημαίνει
613 313 945 369 κατάστασιν
969 352 984 376 ,
1039 311 1286 385 ἐξήλειψε
1332 314 1389 368 δὲ
1423 315 1485 369 τὸ
1509 313 1604 368 τοῦ
1635 318 1883 389 ἁμαρτω.

2011 318 2279 383 habitum,
2331 328 2386 375 et
2430 318 2629 374 delevit
2676 320 2982 389 peccatoris
3017 334 3235 388 nomen,
3269 322 3457 394 utique
3483 327 3577 380 de-

308 411 403 466 λοῦ
433 409 625 480 ὄνομα,
648 404 930 478 ἐξήλειψεν
965 404 1073 478 ἄρα
1096 404 1196 477 τὴν
1228 404 1506 478 χειρίστην
1530 407 1697 461 αὑτοῦ
1726 410 1894 463 κατά-

311 516 523 556 στασιν.

383 591 495 647 Καὶ
534 587 962 645 ἐλπισάτωσαν
997 588 1098 642 ἐπὶ
1142 586 1218 642 σὲ
1275 590 1330 641 οὶ
1387 590 1784 659 γινώσκοντες
1825 591 1890 644 τὸ

309 682 499 755 ὄνομά
527 699 665 746 σου,
684 680 771 734 ὅτι
792 683 904 735 οὐκ
933 679 1321 750 ἐγκατέλιπες
1340 682 1480 748 τοὺς
1502 681 1894 751 ἐκῷιτοῦντάς

308 791 413 839 σε,
441 776 617 844 Κύριε
641 814 655 837 ,
680 791 734 827 κ.
764 791 816 826 τ.
859 774 904 825 ὲ.
932 773 995 825 0i
1024 771 1379 842 ὲκζητοῦντες
1409 773 1519 846 (91)
1548 774 1639 828 τὸν
1666 774 1889 847 Κύριον,

308 869 405 923 καὶ
435 868 535 938 οὐχ
562 868 611 920 οἱ
646 864 1162 935 ὲγκαταλειφθέντες
1193 864 1285 919 ὑπ’
1318 864 1482 920 αὐτοῦ
1503 907 1518 933 ,
1560 865 1799 936 ἔγνωσαν
1832 865 1892 920 τὸ

306 960 480 1031 ὄνομα
506 957 692 1012 αὐτοῦ.

382 1051 623 1107 Ψάλατε
664 1048 744 1115 τῷ
773 1048 967 1116 Κυρίῳ
1007 1046 1088 1112 τῷ
1114 1047 1488 1102 κατοικοῦντι
1517 1048 1587 1102 ἐν
1623 1048 1798 1111 Σιὼν,
1833 1066 1887 1103 κ.

304 1164 357 1201 τ.
393 1145 440 1198 ἐ.
486 1145 719 1205 Ἐκεῖνος
749 1140 941 1209 ψάλλει
968 1138 1081 1211 (72)
1110 1141 1138 1193 6
1169 1140 1306 1211 ἔχων
1337 1141 1395 1195 ὲν
1426 1139 1606 1211 ἐαυτῷ
1636 1140 1727 1194 τὸν
1758 1142 1891 1212 Χρι-

309 1238 453 1293 στόν.
490 1236 661 1290 Τοῦτο
703 1235 844 1288 κατά
882 1233 983 1305 τὴν
1015 1232 1251 1287 παλαιάν
1291 1232 1399 1286 τῶν
1445 1233 1708 1287 Ἰουδαίων
1732 1231 1890 1298 δόξαν

306 1327 459 1385 εἶπεν
483 1330 511 1382 6
539 1327 848 1401 Προφήτης.
888 1326 1077 1396 Ὅμως
1118 1324 1233 1377 ἐστὶ
1273 1325 1367 1378 καὶ
1408 1323 1578 1396 νοητὴ
1605 1325 1698 1378 καὶ
1725 1327 1889 1379 ἐπου-

308 1423 491 1498 ράνιος
521 1419 678 1474 Σιών.
713 1419 822 1473 Καὶ
861 1419 919 1471 ὲν
947 1418 1096 1489 πάσῃ
1134 1417 1191 1470 δὲ
1226 1416 1371 1488 ψυχῇ
1402 1416 1534 1489 οὔσῃ
1563 1418 1700 1471 Σιὼν
1720 1458 1734 1481 ,
1769 1418 1890 1489 ἥτις

304 1514 665 1590 ἑρμηνεύεται
718 1511 1110 1583 σκοπευτήριον
1136 1550 1151 1574 ,
1205 1510 1274 1564 τὰ
1318 1511 1436 1563 θεῖα
1469 1511 1731 1581 διηνεκῶς
1764 1528 1889 1564 σκο-

1997 406 2129 463 levit
2158 410 2456 479 pessimum
2486 410 2605 479 ejus
2648 410 2918 468 habitum.

2064 587 2231 646 Vsus.
2276 593 2367 649 Η.
2409 591 2476 647 Ει
2515 604 2723 663 sperent
2762 596 2818 648 in
2869 606 2917 651 te
2966 598 3056 668 qui
3096 610 3348 654 noverunt
3387 617 3575 658 nomen

1993 688 2186 736 tuum:
2215 684 2466 752 quoniam
2510 701 2611 739 non
2655 687 2985 758 dereliquiin
3011 699 3303 759 quaerentes
3347 700 3417 754 te,
3463 690 3572 745 Do-

1992 774 2150 838 mine,
2204 786 2310 829 etc.
2372 774 2475 843 Qui
2535 778 2830 847 exquirunt
2897 777 3220 846 Dominum,
3280 797 3387 836 non
3442 796 3573 837 vero

1991 864 2046 920 hi
2082 866 2174 935 qui
2215 868 2284 922 ab
2311 867 2431 939 ipso
2454 869 2700 925 derelicti
2732 879 2882 937 sunt,
2906 884 3173 927 noverunt
3203 889 3398 929 nomen
3429 873 3567 945 ejus.

2062 1047 2231 1104 Vsus.
2275 1047 2360 1102 12.
2404 1048 2629 1103 Psallite
2684 1048 2912 1104 Domino
2956 1050 3046 1119 qui
3084 1049 3283 1105 habitat
3324 1054 3377 1107 in
3416 1052 3573 1120 Sion,

1991 1150 2098 1197 etc.
2135 1139 2327 1195 Psallit
2374 1139 2420 1193 is
2466 1139 2557 1209 qui
2605 1139 2660 1193 in
2707 1153 2766 1193 se
2803 1138 2968 1193 habet
2998 1137 3297 1194 Christum.
3339 1138 3452 1195 Hoc
3484 1157 3572 1196 se-

1992 1231 2229 1287 cundum
2272 1239 2514 1286 veterem
2549 1228 2865 1285 Judaeorum
2915 1230 3221 1299 opinionem
3268 1232 3403 1287 dixit
3439 1234 3573 1289 Pro-

1991 1326 2175 1394 pheta.
2212 1322 2578 1377 Nihilominus
2618 1329 2703 1376 est
2734 1322 2995 1391 spiritalis
3039 1334 3091 1379 el
3134 1323 3375 1380 caelestis
3418 1321 3570 1378 Sion.

1991 1413 2059 1469 Et
2082 1414 2136 1468 in
2170 1413 2318 1467 omni
2351 1412 2533 1466 anima
2562 1426 2684 1481 qua:
2723 1422 2807 1466 est
2839 1412 2989 1479 Sion,
3013 1430 3134 1485 qua:
3181 1415 3576 1485 interpretatur

1990 1505 2246 1577 specula,
2304 1503 2357 1558 id
2405 1512 2490 1558 est
2533 1518 2653 1573 quae
2699 1504 2878 1558 divina
2919 1520 3139 1577 semper
3169 1509 3483 1577 speculatur
3517 1514 3576 1561 et

304 1606 485 1661 ποῦσα
506 1605 601 1659 καὶ
633 1600 1042 1673 φανταζομένη,
1087 1602 1227 1655 οἰκεῖ
1260 1602 1287 1653 6
1312 1600 1465 1665 Θεός.
1512 1600 1764 1672 Ἐκζητεῖ
1794 1604 1883 1657 καὶ

1995 1598 2218 1669 cogitat,
2270 1597 2419 1651 Deus
2448 1597 2682 1651 habitat.
2740 1596 2991 1665 Exquirit
3035 1600 3198 1655 etiam
3254 1600 3569 1669 sanguinem

302 1695 377 1749 τὰ
412 1693 619 1764 αἵματα
654 1690 761 1745 τῶν
795 1690 964 1743 ἐθνῶν
986 1691 1095 1744 ἀπὸ
1119 1692 1228 1744 τῶν
1255 1690 1691 1746 ἀποκτεινάντων
1724 1692 1883 1757 αῦτὰ,

1994 1660 2234 1764 gentium
2268 1691 2336 1744 ab
2366 1690 2453 1744 his
2490 1691 2578 1758 qui
2621 1704 2714 1745 eas
2754 1691 3099 1757 occiderunt,
3140 1701 3198 1746 et
3246 1706 3457 1747 memor
3488 1701 3574 1748 est

300 1787 404 1844 καὶ
444 1785 807 1857 μιμνήσκεται
852 1780 1052 1846 αὐτῶν,
1093 1782 1314 1846 ἀνιστὰς
1350 1781 1507 1835 αὑτά.
1558 1783 1765 1838 Οὐκοῦν
1805 1785 1887 1849 τὸ,

309 1896 330 1929 ι
355 1875 626 1931 Ἀπώλετο
646 1874 707 1927 τὸ
737 1871 1080 1945 μνημόσυνον
1103 1872 1267 1925 αὐτοῦ
1297 1876 1413 1944 μετ’
1438 1874 1593 1945 ἦχον,
1623 1894 1642 1927 ι
1676 1876 1769 1928 ἐπὶ
1789 1875 1890 1941 τὰς

305 1968 583 2043 ῥομφαίας
615 1965 1085 2039 μετενεχθήσεται.
1126 1964 1381 2019 Ἐκείνων
1406 1965 1461 2019 δὲ
1488 1965 1779 2039 μέμνηται,
1813 1960 1888 2023 ὧν

301 2061 523 2131 ἐγένετο
555 2060 863 2129 καταφυγή.

389 2155 807 2225 Ἀνατγείλατε
835 2154 905 2207 ἐν
938 2152 1062 2218 τοῖς
1091 2152 1293 2207 ἔθνεσι
1330 2152 1401 2207 τὰ
1450 2152 1889 2223 ἐπιτηδεύματα

299 2247 519 2311 αὐτοῦ,
550 2265 600 2300 κ.
638 2264 687 2299 τ.
723 2247 769 2299 ὲ.
804 2247 939 2299 Ποῖα
976 2244 1378 2316 ἐπιτηδεύματα
1418 2244 1573 2318 (75);
1629 2246 1808 2299 πάντα
1849 2245 1888 2301 ἃ

300 2339 538 2412 Χριστὸς
558 2342 669 2403 τοῖς
693 2338 958 2410 μαθηταῖς
988 2338 1235 2391 Ἰωάννου
1252 2336 1345 2390 τοῦ
1372 2337 1673 2391 Βαπτιστοῦ
1699 2337 1851 2407 ἔλεγε
1867 2355 1882 2369 ο

307 2450 327 2483 ι
369 2430 732 2502 Πορευθέντες
766 2429 955 2484 εἴπατε
992 2428 1027 2483 ἂ
1076 2430 1212 2483 ἴδετε
1235 2447 1249 2460 ο
1282 2430 1471 2499 τυφλοὶ
1499 2429 1882 2497 ἀναϐλέπουσι,

300 2522 468 2594 χωλοὶ
498 2518 877 2594 περιπατοῦσι,
905 2521 1097 2592 λεπροὶ
1127 2521 1533 2592 καθαρίζονται,
1564 2522 1749 2593 νεκροὶ
1792 2523 1885 2577 ἀν-

303 2614 571 2668 ίστανται.
609 2633 628 2666 ι
679 2611 861 2665 Ταῦτα
891 2607 984 2665 οὖν
1025 2614 1093 2665 τὰ
1133 2611 1407 2685 θεοπρεπῆ
1448 2613 1879 2686 ἐπιτηδεύματα·

299 2708 399 2762 καὶ
441 2709 489 2761 οἱ
536 2705 823 2761 ἀπόστολοι
864 2708 976 2770 τοῖς
1020 2704 1228 2760 ἔθνεσιν
1260 2707 1588 2778 άνήγγειλαν
1613 2724 1628 2738 ο
1665 2710 1759 2762 καὶ
1799 2710 1884 2763 ὅτι

298 2796 390 2851 διὰ
413 2796 640 2852 θανάτου
669 2795 959 2858 ἀθανασία,
991 2794 1078 2848 διά
1110 2796 1343 2867 σταυροῦ
1380 2798 1640 2869 σωτηρία,
1673 2799 1768 2852 κα)⁵
1797 2800 1886 2854 διὰ

297 2891 478 2961 ταφῆς
520 2889 814 2954 ἀνάστασις
839 2928 856 2955 ,
902 2887 997 2943 καὶ
1044 2887 1310 2959 νέκρωσις
1366 2888 1460 2943 τοῦ
1511 2890 1883 2963 νεκρώσαντος

299 2989 452 3061 ήμᾶς
479 2986 746 3040 διαϐόλου.

385 3077 447 3129 ’0
473 3075 647 3144 ὑψῶν
665 3092 743 3145 με
765 3076 835 3130 ἐκ
868 3074 986 3129 τῶν
1013 3070 1227 3131 πυλῶν
1251 3076 1357 3131 τοῦ
1394 3076 1652 3131 θανάτου
1671 3116 1687 3142 ,
1721 3077 1882 3146 ὅπως

294 3165 380 3221 ἂν
412 3165 735 3237 ἐξαγγείλω
769 3167 973 3234 πάσας
1022 3168 1131 3234 τὰς
1182 3167 1445 3233 αἰνέσεις
1487 3184 1605 3221 σου
1646 3169 1715 3222 ἐν
1751 3169 1880 3238 ταῖς

300 3257 524 3322 πύλαις
548 3253 658 3323 τῆς
689 3257 978 3326 θυγατρὸς
1017 3257 1170 3311 Σιὼν
1191 3295 1206 3319 ,
1248 3274 1301 3310 κ.
1341 3274 1391 3310 τ.
1421 3258 1467 3309 ὲ.
1512 3257 1685 3311 Πύλαι
1717 3257 1881 3313 θανά-

296 3365 395 3402 του
426 3347 536 3420 (74)
560 3349 615 3402 αἱ
651 3348 786 3421 πρὸς
819 3348 1047 3403 θάνατον
1080 3350 1383 3422 ἁμαρτίαι,
1417 3350 1511 3418 ἀφ’
1540 3343 1613 3403 ὧν
1655 3350 1881 3420 ὑψοῦται

297 3442 329 3496 6
383 3440 520 3513 μηδὲ
560 3440 917 3513 λογισάμενος
962 3443 1131 3507 αὐτάς
1192 3444 1482 3514 ἁμαρτεῖν,
1539 3443 1598 3508 ὃς
1642 3446 1737 3498 καὶ
1781 3445 1881 3516 μό-

297 3550 388 3596 νος
437 3532 659 3586 δύναται
710 3533 1051 3603 ἐξαγγέλλειν
1106 3535 1284 3598 πάσας
1328 3533 1429 3598 τάς
1486 3537 1721 3599 αἰνέσεις
1770 3539 1884 3591 Κυ-

302 3623 419 3695 ρίου
462 3624 521 3677 ὲν
550 3626 670 3688 ταῖς
704 3624 898 3690 πύλαις
945 3625 1045 3697 τῆς
1086 3624 1351 3697 θυγατρὸς
1398 3624 1569 3695 Σιὼν,
1600 3630 1720 3692 ταῖς
1748 3628 1881 3700 ἁρε-

296 3718 442 3779 ταῖς.

383 3806 803 3877 Ἐνεπάγησαν
850 3807 993 3876 ἔθνη
1020 3807 1091 3861 ἐν
1130 3806 1418 3878 διαφθορᾷ
1470 3802 1511 3880 ᾗ
1562 3809 1876 3879 ἐποίησαν.

310 3897 410 3951 Ἐν
447 3898 650 3968 παγιδι
687 3899 870 3969 ταύτῃ
907 3893 946 3972 ᾖ
976 3899 1253 3969 ἔκρυψαν
1284 3899 1639 3970 συνελήφθη
1671 3904 1705 3954 ὁ
1726 3902 1881 3969 ποῦς

300 3987 519 4043 αὐτῶν.
545 3990 910 4046 Γινώσκεται
930 3992 1146 4059 Κύριος
1173 3992 1426 4061 κρίματα
1449 3993 1656 4057 ποιῶν,
1678 4009 1733 4045 κ.
1756 4009 1806 4046 τ.
1829 3992 1875 4045 ὲ.

313 4079 688 4152 Ἐνεπάγησαν
717 4081 843 4152 ἔθνη
875 4081 1011 4151 (75),
1040 4080 1238 4154 δηλαδὴ
1266 4082 1341 4145 ὡς
1368 4084 1427 4136 ὲν
1454 4081 1630 4155 πηλῷ,
1663 4081 1742 4153 τῷ
1776 4081 1880 4136 σώ-

303 4189 434 4244 ματι
456 4213 471 4239 ,
517 4173 584 4228 δι’
611 4173 678 4245 ήν
707 4174 967 4246 ἐποίησαν
998 4174 1294 4246 διαφθοράν
1315 4192 1329 4206 ο
1361 4175 1457 4228 καὶ
1505 4173 1816 4246 συνελήφθη
1848 4176 1878 4228 6

229 4269 238 4278 '
299 4265 433 4332 ποῦς
460 4266 672 4331 αὐτῶν,
699 4270 728 4321 6
751 4267 939 4338 νοητὸς
969 4267 1229 4339 δηλονότι.
1260 4268 1371 4321 Καὶ
1404 4266 1731 4337 γινώσκεται
1764 4266 1879 4322 Κύ-

1992 1799 2203 1848 earum,
2257 1783 2382 1838 dum
2434 1796 2527 1837 eas
2573 1782 2886 1837 resuscitat.
2915 1784 3103 1855 Itaque
3133 1783 3302 1850 istud,
3353 1803 3373 1836 ι
3404 1782 3575 1841 Periit

1991 1876 2253 1931 memoria
2289 1875 2406 1945 ejus
2432 1889 2561 1929 cum
2599 1875 2806 1939 sonitu.
2852 1894 2870 1928 ι
2914 1875 2983 1930 ad
3031 1876 3268 1931 frameas
3309 1877 3567 1932 reducen-

1992 1966 2117 2020 dum
2148 1966 2253 2020 e‘st.
2285 1964 2503 2019 Illorum
2522 1975 2704 2021 autem
2736 1968 3005 2035 meminit,
3034 1984 3268 2039 quorum
3294 1969 3567 2037 refugium

1990 2055 2165 2111 factus
2192 2064 2296 2112 est.

2022 2142 2026 2147 ’
2056 2146 2382 2201 Annuntiate
2412 2148 2552 2202 inter
2580 2157 2760 2219 gentes
2789 2150 2971 2204 studia
3010 2151 3150 2219 eius,
3181 2161 3287 2209 elc.
3312 2152 3568 2221 Quanam

1988 2236 2214 2293 studia?
2257 2252 2319 2293 ea
2350 2239 2533 2292 omnia
2577 2254 2695 2307 qua:
2744 2239 2997 2295 Christus
3036 2241 3264 2297 Joannis
3312 2243 3571 2313 Baptistae

1988 2327 2268 2398 discipulis
2319 2327 2540 2384 dicebat
2567 2329 2630 2386 δε
2664 2348 2684 2382 ι
2716 2328 2921 2387 Euntes
2960 2334 3273 2391 renuntiate
3320 2351 3443 2405 quae
3488 2337 3570 2390 vi—

1988 2422 2146 2478 distis
2182 2446 2193 2479 ;
2232 2423 2364 2478 caeci
2394 2422 2600 2490 vident,
2632 2423 2811 2478 claudi
2845 2425 3148 2492 ambulant,
3178 2427 3376 2496 leprosi
3406 2443 3567 2482 mun-

1986 2516 2210 2581 dantur,
2252 2516 2454 2571 mortui
2490 2527 2805 2587 resurgunt.
2846 2538 2865 2571 ι
2898 2517 3023 2574 Haec
3054 2519 3221 2589 igitur
3253 2518 3364 2576 Deo
3401 2522 3564 2592 digna

1987 2615 2114 2662 sunt
2152 2607 2349 2674 Studia,
2392 2615 2447 2661 et
2482 2605 2569 2660 illa
2603 2608 2831 2676 apostoli
2867 2609 3119 2679 gentibus
3149 2612 3565 2679 annuntiarunt,

1987 2700 2255 2770 simulque
2304 2715 2401 2769 per
2453 2712 2686 2757 mortem
2741 2716 2864 2755 esse
2905 2701 3412 2766 immortalitatem,
3469 2718 3569 2772 per

1987 2807 2204 2846 crucem
2244 2791 2495 2858 salutem,
2533 2808 2631 2862 per
2680 2796 2986 2863 sepulcrum
3023 2794 3482 2852 resurrectionem
3511 2806 3567 2853 et

1991 2894 2220 2938 mortem
2250 2883 2451 2938 diaboli
2483 2885 2575 2954 qui
2604 2899 2702 2941 nos
2731 2899 2906 2942 morte
2935 2886 3211 2942 aﬂ‘ecerat.

1907 3017 1955 3081 Ε
2062 3055 2229 3112 Vsus.
2278 3057 2360 3111 l5.
2403 3056 2508 3123 Qui
2550 3056 2759 3112 exultas
2807 3074 2891 3113 me
2928 3058 2995 3113 de
3039 3060 3207 3127 portis
3254 3060 3460 3124 mortis,
3506 3067 3566 3114 ut

1996 3151 2307 3203 annuntiem
2361 3166 2539 3204 omnes
2574 3150 2911 3205 laudationes
2947 3161 3068 3204 tuas
3108 3151 3167 3204 in
3220 3152 3388 3220 portis
3434 3153 3566 3221 ﬁlia:

1988 3242 2143 3306 Sion,
2179 3252 2284 3296 etc.
2315 3239 2494 3296 Porta:
2530 3241 2723 3297 mortis
2774 3250 2905 3296 sunt
2943 3250 3165 3310 peccata
3212 3243 3489 3309 mortalia,
3531 3257 3566 3298 ι

1985 3333 2182 3402 quibus
2212 3333 2488 3387 exaltatur
2515 3333 2606 3401 qui
2647 3348 2715 3387 ne
2746 3334 2949 3403 cogitat
2981 3333 3201 3403 quidem
3242 3332 3332 3388 illa
3372 3348 3569 3404 perpe~

1987 3433 2172 3480 trare:
2223 3426 2320 3494 qui
2365 3426 2529 3480 etiam
2576 3425 2727 3481 solus
2780 3425 3110 3479 annuntiare
3144 3434 3325 3494 potest
3373 3441 3567 3481 omnes

1985 3518 2325 3574 laudationes
2377 3518 2591 3573 Domini
2646 3518 2700 3572 in
2747 3518 2925 3588 portis
2969 3516 3098 3573 tiliae
3144 3515 3301 3584 Sion,
3349 3518 3453 3574 hoc
3480 3532 3541 3573 es

1985 3610 2298 3666 virtutibus.

2054 3813 2221 3869 Vsus.
2274 3811 2375 3876 16,
2432 3812 2519 3866 Π.
2577 3811 2770 3880 lnﬁxte
2838 3819 2965 3865 sunt
3023 3820 3199 3881 gentes
3246 3810 3303 3865 in
3346 3811 3563 3866 interitu

1982 3920 2134 3976 quem
2162 3906 2418 3975 fecerunt.
2458 3902 2525 3957 In
2559 3901 2720 3973 587
2751 3901 2940 3972 laqueo
2989 3902 3094 3956 ista
3145 3918 3300 3972 quem
3334 3902 3561 3957 abscon-

1983 3998 2199 4059 derunt,
2229 3993 2633 4063 comprehensus
2679 4003 2756 4046 est
2810 4009 2899 4062 pes
2952 4008 3156 4047 eorum.
3205 3991 3556 4063 Cognoscetm

1985 4085 2246 4140 Dominus
2268 4085 2479 4154 judicia
2514 4082 2741 4152 faciens,
2772 4093 2877 4138 etc.
2930 4082 3114 4137 Inﬁxae
3163 4091 3293 4138 sunt
3343 4093 3555 4152 gentes,

1984 4173 2194 4229 scilicet
2228 4183 2483 4241 tanquam
2542 4173 2593 4226 in
2643 4173 2779 4236 luto,
2829 4173 3070 4243 corpori,
3129 4186 3225 4242 per
3271 4172 3559 4228 interitum
3600 4198 3603 4201 ·

1982 4280 2144 4335 quem
2178 4264 2449 4328 fecerunt,
2497 4274 2555 4318 et
2596 4262 3020 4333 comprehensus
3066 4272 3150 4318 est
3199 4276 3296 4332 pes
3343 4278 3556 4333 eorum,

302 4375 434 4431 ριος,
466 4359 586 4412 ἐπεὶ
613 4397 628 4423 ,
650 4359 778 4413 ὃταν
801 4360 983 4422 αὐτοῖς
1017 4359 1077 4412 τὸ
1110 4361 1284 4431 κρῖμα
1314 4359 1702 4432 γενηθήσεται,
1737 4359 1877 4430 γνώ-

1992 4370 2176 4426 nempe
2206 4354 2487 4425 spiritalis.
2504 4355 2569 4409 Et
2595 4362 2960 4425 cognoscetur
2985 4352 3267 4417 Dominus,
3292 4356 3554 4424 quoniam

300 4465 483 4505 σοντιιι
516 4449 608 4504 τὸν
633 4451 887 4521 κρίνοντα
913 4452 971 4504 ὲν
993 4450 1328 4525 δικαιοσύνῃ.

376 4628 959 4698 Ἀποστραφήτωσαν
986 4630 1042 4682 oi
1068 4628 1403 4699 ἁμαρτωλοὶ
1435 4631 1523 4695 εὶς
1553 4628 1660 4682 τὸν
1698 4628 1872 4697 ᾅδην,

297 4740 353 4777 κ.
389 4738 439 4774 τ.
472 4722 519 4774 ὲ.
555 4722 763 4793 Ὥσπερ
791 4722 820 4774 6
844 4722 1172 4795 παράδεισος
1199 4712 1313 4794 (76)
1344 4721 1450 4775 τῶν
1472 4721 1695 4776 δικαίων
1726 4724 1875 4777 ἐστὶν

298 4814 630 4885 οἰκητήριον,
652 4811 822 4877 οὓτως
843 4813 974 4886 ᾇδης
995 4814 1103 4869 τῶν
1123 4813 1462 4885 ἁμαρτωλῶν
1494 4815 1867 4888 κολαστήριον.

309 4905 845 4978 Ἀποκλεισθήτωσαν
870 4945 885 4966 .
931 4907 1096 4977 φησὶν
1119 4948 1135 4973 ,
1175 4906 1321 4971 ὅπως
1369 4907 1444 4980 μὴ
1481 4906 1661 4962 ἴδωσιν
1699 4907 1871 4980 Ἰησοῦ

296 4997 471 5070 ψυχὴν
500 4999 929 5053 καταϐαίνουσαν
963 4999 1059 5052 καὶ
1102 4998 1495 5053 ἀναϐαίνουσαν
1514 5039 1529 5062 ,
1582 5000 1729 5056 ἔνδον
1759 5002 1872 5054 ἁπ-

296 5092 679 5164 ιστραμμένοι.
725 5094 788 5145 Οί
825 5091 935 5164 γὰρ
968 5091 1433 5164 προσδοκήσαντες
1464 5092 1630 5166 αὐτὴν
1658 5095 1876 5165 ὡσπερ.

297 5181 345 5236 εὶ
396 5181 501 5247 ἔξω
567 5182 793 5238 ἔϐλεπον
867 5183 1253 5256 καθειργμένοι
1313 5185 1372 5237 ὲν
1438 5184 1598 5255 ᾆδον,
1656 5184 1871 5257 πρῶτον

364 5324 388 5358 δ
413 5325 599 5382 Matth.
636 5342 716 5393 Il,
743 5325 800 5382 5.

388 5437 475 5510 Zl)
496 5442 558 5494 Ol
577 5438 990 5510 ἐκζητοῦντες,
1020 5452 1127 5496 etc.
1160 5442 1474 5497 Corderius.

391 5508 483 5579 '72)
525 5508 790 5583 Ἐκεῖνος
815 5510 1067 5580 ψάλλει,
1096 5521 1206 5566 etc.
1236 5512 1460 5568 Scheda:
1480 5510 1692 5577 Grabii,
1736 5526 1865 5583 par-

302 5578 498 5644 timque
518 5578 898 5636 Corderius'et
932 5583 1226 5636 Barbarus.

365 5648 475 5722 (75)
501 5649 647 5705 Ποῖα
669 5651 1127 5721 ἐπιτηδεύματα,
1160 5662 1269 5709 etc.
1298 5650 1523 5709 Sehedtn
1550 5650 1758 5708 Grabii.

1981 4465 2105 4503 cum
2126 4448 2538 4518 judicabuntur,
2582 4455 2912 4518 cognoscent
2962 4461 3084 4501 eum
3117 4445 3213 4515 qui
3242 4444 3456 4513 iudicat
3491 4450 3549 4504 in

1971 4540 2204 4611 iustitia.

2051 4634 2219 4689 Vens.
2261 4631 2348 4688 18.
2391 4631 2783 4686 Convertuntur
2816 4641 3113 4699 peccatores
3164 4630 3221 4684 in
3262 4631 3556 4702 infernum,

1979 4734 2087 4781 etc.
2125 4725 2277 4779 Sicut
2305 4722 2590 4792 paradisus
2610 4722 2881 4790 justorum
2916 4730 3001 4776 est
3039 4720 3434 4788 habitaculum,
3478 4724 3557 4779 sic

1979 4815 2226 4870 internus
2256 4822 2603 4884 peccatorum
2650 4820 2737 4867 est
2771 4812 2839 4865 ad
2882 4811 3104 4866 ferenda
3155 4811 3420 4880 supplicia
3451 4811 3552 4865 do-

1979 4909 2265 4964 micilium.
2295 4906 2733 4974 Concludantur,
2770 4903 2968 4973 inquit,
3005 4917 3075 4957 ne
3107 4901 3257 4958 intus
3304 4902 3554 4958 conversi

1979 5000 2198 5055 videant
2258 4999 2495 5052 animam
2554 4996 2683 5051 Jesu
2757 4993 3182 5050 descendentem
3239 5000 3295 5048 et
3357 5007 3554 5048 ascen-

1980 5093 2218 5146 dentem.
2264 5090 2364 5157 Qui
2394 5089 2540 5144 enim
2590 5087 2735 5141 illam
2780 5092 3189 5156 exSpeclarunt,
3239 5084 3294 5139 in
3338 5083 3551 5138 inferno

1977 5184 2203 5249 detenti,
2242 5193 2500 5251 tauquam
2542 5186 2700 5234 extra
2734 5178 3024 5242 viderunt,
3062 5178 3297 5248 primum
3333 5175 3548 5247 quidem

2046 5437 2159 5509 (74)
2195 5430 2699 5509 Πύλαιβανὰτορ,
2714 5439 2824 5486 etc.
2849 5427 3366 5509 Cord_erit_ts,.Barba
3378 5451 3493 5495 ms.

2043 5499 2156 5578 (75)
2188 5502 2611 5578 ,Ἑνεπάγῃσαν
2634 5502 2801 5578 egra.
2828 5509 2932 5554 etc.
2960 5499 3272 5578 Corderius.

2043 5567 2157 5649 (76')
2182 5567 2482 5649 ’Ὠσπερξᾷ
2503 5570 2865 5649 παράδεισος
2883 5609 2897 5634 ,
2926 5577 3032 5621 etc.
3072 5567 3311 5649 Schem).
3342 5577 3552 5639 Graliii,

1976 5661 2030 5707 et
2049 5639 2394 5710 ‘Co'tuhclisii',
2420 5642 2715 5709 Barbarus,
2753 5652 3058 5709 partimque
3083 5639 3411 5705 Cordcrius,

3418 5739 3585 5763 ε...ιό
