4020 6152
512 258 646 317 11111

1923 249 2014 306 EX
2048 248 2351 305 ORIGENE

3642 238 3771 295 11ςὲ

513 386 810 451 prophetae,
852 379 1044 435 deinde
1081 377 1276 447 reliqui
1312 391 1502 432 omnes
1525 376 1652 445 justi
1682 392 1695 429 :
1726 376 2079 445 autprimum

2203 373 2285 427 ,ιὲν
2329 372 2379 424 οἱ
2418 369 2728 442 προφῆται,
2775 366 2966 420 ἔπειτα
2998 366 3046 418 οἱ
3078 364 3256 417 λοιποὶ
3301 362 3506 424 πάντες
3536 358 3767 412 δίκαιοι⁸

513 473 732 543 quidem
778 471 872 542 qui
928 471 1070 525 inter
1122 484 1222 524 nos
1268 483 1429 524 erant
1490 477 1845 537 peccatores,
1898 476 2086 537 postea

513 574 721 636 gentes.

584 657 748 712 Vitas.
793 654 878 710 19.
926 653 1192 707 Patientia
1232 669 1522 723 pauperum
1572 667 1677 705 non
1718 652 1903 720 peribit
1933 653 1989 706 in
2022 651 2090 721 ﬁ-

522 765 660 811 nem,
727 756 834 802 etc.
898 747 1364 814 Quemadmodum
1422 745 1648 814 spiritus
1709 761 1813 800 non
1881 746 2091 800 exstin-

516 841 720 911 guitur,
765 841 845 894 sic
896 839 1158 907 patientia
1211 854 1318 894 non
1366 839 1531 907 perit.
1580 856 1598 889 ι
1635 837 1900 893 Dominus
1931 837 2088 911 enim

517 932 742 1002 spiritus
771 942 854 987 est
884 931 905 962 ⁵
937 948 952 997 ;
991 950 1011 984 ι
1035 940 1087 986 et
1108 949 1126 982 ι
1147 929 1411 984 Patientia
1462 944 1581 983 mea
1623 928 1881 983 Dominus
1924 908 2093 983 ἀηδία

518 1037 576 1080 et
613 1025 668 1079 in
709 1024 917 1079 Galatis
970 1022 1235 1077 formatur
1269 1021 1521 1077 Christus
1547 1021 1638 1091 qui
1670 1020 1817 1074 omni
1849 1029 2000 1074 caret
2025 1020 2090 1073 li-

520 1131 653 1187 gura
695 1115 739 1169 '.
794 1114 895 1169 llic
936 1123 1122 1168 autem
1176 1114 1379 1170 dicitur
1423 1113 1663 1169 dormire

521 1208 651 1279 quid
683 1205 893 1261 dormis
923 1206 947 1259 ?
977 1223 997 1256 ι

593 1298 759 1353 Vens.
800 1296 890 1352 20.
936 1296 1218 1368 Exsurge,
1281 1296 1541 1360 Domine,
1610 1312 1715 1349 non
1770 1293 2096 1363 confortetur

525 1391 702 1456 homo,
739 1398 843 1443 etc.
880 1388 1089 1444 Dicenti
1124 1388 1306 1460 igitur,
1331 1389 1517 1444 Robur
1550 1403 1752 1451 meum,
1785 1402 2013 1456 repones
2038 1397 2094 1437 lu

525 1478 695 1532 Deum
724 1492 846 1534 esse
877 1479 967 1548 qui
1002 1479 1292 1535 conﬁrmat
1333 1479 1561 1548 justum,
1614 1478 1804 1533 deletis
1846 1478 1964 1546 ejus
1999 1478 2098 1530 ltu-

526 1569 702 1625 manis
733 1569 1153 1640 COgitatiouibus
1188 1580 1242 1626 et
1275 1570 1446 1625 animi
1484 1568 1742 1625 motibus.

1709 1129 1723 1165 :
1764 1131 1783 1159 σ
1825 1111 2090 1180 Exsurge,

1092 1892 1414 1951 PSALMUS
1460 1892 1530 1948 Χ.

1025 1985 1358 2057 (Secundum
1413 1987 1607 2058 Hebr.)

606 2081 766 2138 Vens.
809 2081 862 2135 1.
903 2078 1123 2151 thuid,
1171 2079 1415 2145 Domine,
1473 2078 1732 2133 recessisti
1758 2077 1956 2148 longe?
1993 2086 2098 2133 etc.

527 2171 891 2242 lnterroganti
948 2170 1278 2240 respondere
1333 2168 1528 2238 aliquis
1575 2169 1774 2238 poterit
1833 2168 1964 2222 illud
2014 2167 2037 2201 ⁸
2084 2185 2099 2223 :

536 2279 557 2314 ι
599 2260 757 2327 Ecce,
789 2260 879 2331 qui
911 2260 1172 2329 elongant
1197 2274 1256 2314 se
1286 2274 1317 2312 a
1350 2270 1401 2314 te
1431 2259 1722 2328 peribunt;
1753 2278 1771 2310 ι
1803 2267 1858 2314 et
1884 2258 2012 2312 illud
2035 2259 2056 2291 ⁹
2086 2275 2101 2313 :

534 2373 555 2406 ι
601 2355 739 2409 Deus
790 2352 1181 2423 approximans
1233 2365 1334 2421 ego
1392 2366 1533 2415 sum,
1577 2359 1633 2405 et
1683 2365 1788 2404 non
1852 2350 1993 2404 Deus
2036 2349 2104 2403 de

531 2443 710 2513 longe,
744 2459 765 2494 ι
795 2442 929 2496 dicit
972 2440 1232 2494 Dominus
1257 2438 1311 2491 in
1348 2437 1656 2509 prophetis.
1680 2435 1954 2491 Auxilium
1998 2450 2102 2488 nou

532 2536 714 2589 ferens
740 2533 823 2588 bis
842 2533 935 2602 qui
966 2532 1164 2603 injuria
1193 2530 1520 2594 afﬁciuntur,
1541 2528 1749 2584 videris
1776 2543 1883 2582 non
1913 2528 2106 2582 adesse

531 2625 618 2679 his
642 2639 764 2694 quae
796 2624 950 2689 ﬁunt,
980 2624 1073 2678 sed
1101 2635 1248 2678 stare
1283 2620 1475 2692 procul
1505 2629 1560 2674 et
1586 2635 1697 2674 non
1725 2619 1934 2675 videre.
1976 2618 2105 2684 Quae

533 2714 808 2771 resmalis
836 2714 1245 2785 improbitatem
1292 2721 1478 2781 auget,
1530 2719 1681 2765 tuum
1732 2724 1861 2766 vero
1897 2722 2105 2779 paupe-

534 2818 649 2859 rem
677 2804 916 2859 incendit
948 2814 1003 2858 et
1033 2804 1086 2859 in
1118 2805 1554 2874 desperationem
1587 2800 1775 2855 mittit.

605 3006 774 3061 Vsus.
811 3007 867 3061 5.
906 3003 1171 3069 Quoniam
1200 3001 1459 3055 laudatur
1475 3010 1716 3069 peccator
1746 3000 1801 3052 in
1829 2997 2107 3052 desideriis

534 3099 729 3153 anima:
780 3112 919 3160 sua),
966 3105 1073 3149 etc.
1124 3093 1279 3163 Saepe
1319 3093 1574 3147 usuvenit
1622 3101 1682 3145 ut
1724 3098 2014 3159 peccantes
2051 3090 2103 3142 in

538 3189 738 3243 mundo
785 3186 1012 3241 feliciter
1046 3194 1228 3255 agant.
1264 3184 1378 3239 Hoc
1402 3185 1547 3238 enim
1595 3191 1651 3238 et
1691 3182 1981 3253 Apostolus
2019 3180 2101 3234 di-

533 3281 610 3335 cit
645 3280 686 3312 ¹⁰
719 3298 733 3334 :
772 3297 791 3331 ι
828 3278 949 3332 Mali
981 3279 1255 3344 homines,
1288 3287 1342 3332 et
1377 3278 1698 3332 seductores
1729 3248 2014 3346 proﬁcient
2046 3274 2098 3327 in
2128 3248 2171 3307 θ

535 3373 705 3443 pejus,
737 3379 986 3425 errantes
1035 3379 1092 3424 et
1129 3371 1182 3424 in
1237 3382 1481 3424 errorem
1523 3369 1817 3423 mittentes.
1871 3385 1891 3420 ι
1943 3366 2011 3420 Ει
2049 3366 2101 3419 iu

536 3463 645 3518 alio
669 3462 877 3533 psalmo
908 3462 1124 3515 canitur
1151 3461 1195 3493 ¹¹
1224 3479 1238 3515 :
1303 3478 1322 3511 ι
1363 3460 1467 3529 Ipsi
1504 3469 1826 3529 peccatores
1858 3469 1913 3513 et
1936 3458 2106 3512 abun-

537 3557 728 3611 dantes
775 3555 829 3610 in
887 3553 1116 3618 smeulo,
1171 3553 1526 3608 obtinuerunt
1577 3550 1744 3622 588
1796 3550 2031 3606 divitias.
2081 3570 2100 3602 ι

536 3650 834 3706 Peccantes
865 3647 1029 3719 igitur
1057 3657 1115 3702 et
1145 3645 1352 3714 injusti,
1393 3655 1504 3699 tum
1543 3659 1571 3697 a
1605 3644 1824 3713 seipsis,
1878 3652 1989 3696 tttm
2038 3643 2108 3696 ab

536 3741 911 3797 adulatoribus
961 3749 1015 3796 et
1066 3738 1324 3810 parasitis
1368 3736 1482 3793 suis
1527 3735 1842 3799 laudantur,
1889 3744 1946 3789 et
1983 3749 2104 3789 cum

537 3833 955 3901 benedicuntur,
986 3831 1158 3902 magis
1189 3830 1258 3885 ad
1295 3838 1580 3899 peccatum
1609 3827 1927 3882 incitantur.

609 4032 774 4088 Vens.
816 4031 872 4086 4.
912 4029 1212 4085 Secundum
1257 4027 1647 4081 multitudinem
1692 4027 1792 4081 ira:
1844 4041 1955 4080 sua:
2006 4042 2108 4079 non

535 4135 754 4197 qureret,
784 4133 893 4177 etc.
926 4120 1056 4188 Quis
1081 4122 1105 4174 ‘I
1138 4137 1205 4175 an
1238 4121 1519 4183 Dominus,
1548 4134 1614 4173 an
1646 4118 1942 4188 peccator?
1970 4118 2110 4172 forte

540 4225 820 4287 peccator.
853 4213 1038 4284 Neque
1065 4214 1209 4268 enim
1246 4214 1313 4268 de
1347 4213 1427 4267 ira
1453 4210 1543 4266 Dei
1571 4210 1835 4265 sollicitus
1870 4220 1974 4274 est,
2011 4224 2109 4265 nec

537 4319 696 4363 curat
721 4323 780 4362 se
804 4304 1154 4361 multitudine
1187 4313 1536 4375 peccatorum
1555 4301 1900 4374 prmgravari.
1931 4301 2110 4368 Quare

535 4409 591 4456 et
617 4399 905 4471 plurimum
935 4406 1142 4467 peccat.

614 4490 781 4545 Vens.
822 4488 876 4543 5.
916 4486 1219 4557 Inqttt'nala:
1257 4494 1379 4538 sunt
1407 4484 1505 4538 uia:
1533 4482 1678 4537 illius
1708 4484 1765 4537 in
1790 4482 1933 4537 omni
1980 4490 2111 4536 tom-

538 4598 685 4653 pore,
721 4592 827 4637 etc.
865 4556 1049 4635 Justus
1074 4577 1365 4632 'benedicit
1394 4576 1680 4630 Dominum
1712 4575 1765 4629 in
1802 4574 1950 4629 onmi
1978 4583 2104 4629 tem-

2213 4581 2267 4619 κ.
2297 4578 2347 4616 τ.
2381 4563 2427 4614 ὲ.
2468 4561 2526 4613 Ὀ
2568 4558 2664 4630 μὲν
2704 4556 2906 4618 δίκαιος

538 4689 690 4743 pore,
718 4681 979 4743 peccator
1018 4678 1200 4724 autem
1249 4668 1497 4738 inquinat
1535 4668 1652 4723 vias
1695 4680 1823 4723 suas
1864 4667 1917 4722 in
1958 4666 2106 4720 omni

538 4776 802 4833 tempore.
837 4782 856 4815 ι
892 4764 1195 4833 luquinata:
1231 4771 1383 4829 sunt,
1420 4779 1439 4813 ι
1487 4759 1643 4830 quasi
1673 4760 1819 4814 dicat
1856 4776 1869 4812 :
1901 4758 1956 4813 ln
1991 4773 2108 4812 ma-

541 4857 657 4911 litia
687 4858 948 4912 demersa:
983 4868 1134 4912 sunt.

613 4949 862 5004 Omnium
896 4951 1232 5004 inimicorum
1291 4962 1507 5002 suorum
1558 4944 1956 5008 dominabitur,
1999 4950 2108 4996 etc.

540 5043 924 5099 Tentationum
955 5042 1074 5095 alite
1104 5040 1343 5110 corpori,
1387 5038 1507 5092 alia:
1537 5037 1753 5099 auimte,
1786 5034 1907 5088 alia:
1950 5034 2113 5088 rebus

614 5140 636 5172 “
662 5138 821 5195 Joan.
853 5155 927 5203 ιν,
956 5137 1048 5192 24.
1126 5137 1146 5168 ⁸
1167 5108 1310 5194 Psal.
1332 5133 1539 5201 Lxx,5.
1614 5134 1633 5165 '
1664 5132 1840 5188 Galat.
1869 5145 1945 5185 tv.
2021 5129 2042 5161 ⁸
2077 5126 2220 5181 Psal.
2244 5138 2414 5187 Lxxu,
2441 5120 2530 5174 27,
2605 5116 2627 5148 ⁹
2654 5114 3033 5177 Jerem.xxm,
3066 5108 3157 5163 23.

545 5212 587 5243 “
624 5210 766 5265 Psal.
797 5225 965 5275 Lxxu,
1001 5207 1086 5262 l2.

544 5373 584 5425 Β
614 5301 725 5427 (7b7)
759 5301 982 5367 Ὥσπερ
1022 5296 1089 5351 τὸ
1143 5292 1398 5360 πνεῦμα,
1454 5294 1559 5340 etc.
1626 5283 1854 5339 Sclieda:
1904 5280 2113 5343 Grabii,

589 5389 649 5427 ar
692 5386 841 5424 arus.
1990 5418 2025 5427 η

589 5386 841 5427 amarus.

614 5418 740 5513 δέ)
864 5436 978 5495 οὖν
1004 5436 1265 5506 λέγοντι,
1289 5438 1397 5484 etc.
1428 5426 1643 5481 Eaedem
1665 5420 1966 5485 schedaa,et
1987 5418 2117 5472 Bar-

543 5512 725 5566 barus.

748 5579 1145 5647 Ἀποκρίνεται
1170 5573 1247 5627 ἄν
1278 5587 1388 5635 τις,
1408 5577 1515 5622 etc.
1543 5563 1769 5619 Schedte
1808 5560 1993 5617 Grabii
2018 5598 2033 5624 ,
2063 5568 2117 5613 et
2218 5557 2404 5651 ὺειςὲιὲἶ

546 5651 1054 5783 Βάίιὸιῖδΐῗιῗλλάκις
1074 5706 1515 5779 ἀμαρτάνοντές
1544 5722 1701 5771 τινες
1717 5745 1732 5769 ,
1758 5712 1866 5760 etc.
1900 5699 2112 5756 Eacdciu

2187 464 2220 535 ἢ
2271 464 2485 537 πρῶτον
2535 462 2632 534 μὲν
2690 463 2739 514 οἱ
2798 461 2855 514 ὲν
2918 461 3051 531 ⁴ἡμῖν
3110 454 3434 529 ἁμαρτωλοὶ
3459 493 3472 517 ,
3532 447 3653 505 εἶτα
3705 450 3764 504 τὲ

2164 555 2336 626 ρὲθνη.

2272 645 2344 699 Ἠ
2374 643 2649 714 ὑπομονὴ
2694 640 2814 696 τῶν
2867 639 3140 707 πενήτων
3178 641 3292 693 οὐκ
3336 636 3649 691 ἀπολεῖται
3682 636 3767 700 εἰς

2189 735 2297 789 τὸν
2322 735 2527 799 αἰῶνα,
2561 753 2613 789 κ.
2645 752 2695 787 τ.
2724 734 2769 786 ὲ.
2807 732 3017 802 ’Ὠσπερ
3045 730 3106 783 τὸ
3128 729 3348 800 πνεῦμα
3380 728 3495 799 (77)
3530 727 3590 779 οὐ
3617 726 3764 781 σϐέν-

2190 846 2376 893 νυται,
2431 828 2603 892 οὕτως
2638 830 2671 897 ἡ
2720 825 2964 897 ὑπομονὴ
3007 825 3108 877 οὐκ
3158 823 3476 877 ἀπόλλυται.
3540 823 3597 874 '0
3655 821 3762 893 γάρ

2203 940 2221 970 ι
2262 921 2466 993 Κύριος
2498 920 2559 973 τὸ
2588 918 2807 990 πνεῦμά
2836 920 2978 970 ἐστι·
3013 936 3031 969 ι
3068 916 3193 981 καί,
3220 933 3239 967 ι
3276 915 3341 968 Ἠ
3371 914 3621 985 ὑπομονὴ
3667 931 3764 984 μου

2193 1012 2415 1085 Κύριος.
2434 1033 2451 1065 ι
2491 1011 2647 1065 Οῦτω
2679 1012 2774 1064 καὶ
2795 1012 2852 1063 ἐν
2870 1009 3133 1072 Γαλάταις
3183 1004 3495 1079 μορφοῦται
3537 1005 3764 1076 Χριστος

2192 1103 2436 1175 ἄμορφος
2455 1103 2549 1157 ὢν.
2587 1101 2845 1157 Ἐνταῦθα
2878 1101 3091 1169 λέγεται
3119 1100 3213 1153 καὶ
3239 1097 3571 1170 κοιμᾶσθαι⁸
3613 1115 3632 1149 ι
3665 1098 3761 1163 Ἐξ-

2193 1196 2468 1268 εγέρθητι,
2504 1196 2591 1249 ἵνα
2622 1196 2673 1249 τί
2703 1196 2919 1258 ὑπνοῖς;
2956 1212 2974 1245 ι

2274 1287 2602 1356 Ἀνάστηθι,
2639 1288 2817 1356 Κύριε
2837 1327 2852 1351 ,
2881 1284 2967 1355 μὴ
2999 1284 3409 1352 κραταιούσθω
3441 1281 3762 1349 ἅνθρωπος,

2195 1399 2248 1434 κ.
2267 1399 2316 1434 τ.
2338 1383 2384 1435 ὲ.
2407 1380 2496 1451 Τῷ
2511 1376 2604 1435 οῦν
2623 1380 2831 1449 λέγοντι
2848 1376 2979 1451 (78),
3002 1376 3341 1448 Κραταίωμά
3365 1391 3490 1445 μου,
3520 1374 3663 1443 ἐρεῖς
3686 1373 3763 1431 σὺ,

2195 1472 2276 1524 ὅτι
2308 1473 2336 1523 ὁ
2367 1472 2497 1535 Θεὸς
2521 1474 2667 1525 ἐστιν
2694 1470 2795 1540 ἤδη
2819 1471 2846 1523 ὁ
2875 1467 3299 1540 κραταιούμενος
3329 1466 3505 1533 ἆγιον,
3539 1463 3647 1515 τῶν
3680 1464 3766 1514 ἁν-

2197 1563 2482 1633 θρωπίνων
2515 1563 2676 1619 αὐτοῦ
2706 1562 2978 1634 λογισμῶν
3004 1562 3096 1616 καὶ
3128 1562 3442 1631 κινημάτων
3465 1554 3769 1628 ἀναιρεθέν-

2199 1670 2327 1707 των-

2793 1891 3085 1946 ΨΑΛΜΟΣ
3116 1892 3172 1943 1'.

2766 1981 2961 2054 (Κατὰ
3013 1978 3203 2051 Ἑόρ.)

2275 2080 2409 2134 Ἵνα
2447 2078 2504 2132 τί
2522 2118 2536 2143 ,
2586 2077 2762 2144 Κύριε
2781 2115 2796 2139 ,
2833 2072 3180 2144 ἀφέστηκας
3200 2070 3532 2141 μακρόθεν,
3565 2085 3622 2121 κ.
3650 2084 3699 2119 τ.
3723 2068 3768 2119 ἑ.

2214 2172 2589 2244 Ἀποκρίνεται
2610 2169 2673 2223 ἄν
2695 2186 2779 2231 τις
2801 2166 2913 2239 (79)
2946 2164 3083 2237 πρὸς
3106 2165 3198 2218 τὸν
3229 2162 3657 2233 ὲπαπορήσαντα
3684 2160 3759 2217 τὺ.

2208 2284 2228 2316 ι
2274 2265 2402 2318 Ἰδοὺ
2421 2265 2470 2316 οἱ
2495 2261 2858 2336 μακρύνοντες
2886 2258 3112 2336 ἑαυτοὺς
3132 2254 3240 2309 ἀπὸ
3266 2253 3361 2306 σοῦ
3380 2251 3726 2308 ἀπολοῦνται·
3748 2271 3765 2300 ι

2203 2352 2295 2407 κα)⁵
2319 2351 2400 2416 τὸ,
2434 2368 2454 2402 ι
2484 2349 2616 2413 Θεὸς
2638 2347 2872 2417 ὲγγίζων
2900 2345 3011 2415 ἐγώ
3036 2348 3169 2416 εἰμι,
3194 2344 3288 2398 καὶ
3316 2344 3377 2396 οὺ
3407 2342 3541 2405 Θεὸς
3572 2343 3774 2414 πόρρω-

2168 2470 2171 2473 -
2203 2443 2324 2507 θεν,
2363 2460 2382 2493 ι
2435 2441 2581 2509 λέγει
2612 2438 2817 2508 Κύριος
2849 2438 2907 2491 ὲν
2934 2440 3048 2499 τοῖς
3077 2436 3402 2507 προφήταις.
3433 2433 3528 2504 Μὴ
3568 2431 3774 2504 βοηθῶν

2202 2539 2315 2599 τοῖς
2358 2531 2728 2603 ἀδικουμένοις
2747 2572 2763 2598 ,
2799 2530 2976 2594 δοκεῖς
3016 2528 3089 2600 μὴ
3125 2530 3379 2599 παρεῖναι
3407 2529 3522 2590 τοῖς
3556 2524 3771 2595 γινομέ-

2203 2643 2335 2690 νοις,
2363 2625 2537 2688 δοκεῖς
2569 2621 2704 2675 ἀλλὰ
2734 2620 3015 2693 πόρρωθεν
3043 2618 3261 2672 ἑστάναι
3307 2618 3400 2670 καὶ
3438 2617 3575 2687 μηδὲ
3607 2617 3771 2687 ὀρᾷνο

2203 2719 2340 2789 ὅπερ
2369 2718 2482 2779 τοῖς
2524 2714 2620 2786 μὲν
2657 2714 2914 2784 πονηροῖς
2954 2709 3106 2774 αὔξει
3141 2710 3239 2780 τὴν
3270 2708 3537 2779 πονηρίαν
3556 2747 3572 2772 ,
3600 2708 3692 2761 τὸν
3719 2706 3775 2760 δὲ

2206 2810 2297 2864 σὺν
2329 2808 2533 2879 πένητα
2559 2804 2850 2879 ὲμπυρὶξει
2879 2806 2974 2859 καὶ
3004 2804 3262 2874 ἀθυμίαις
3291 2800 3570 2871 ὲμόἀλλει.

2279 2991 2409 3045 Ὀτι
2434 2988 2758 3043 ἐπαινεῖται
2775 2988 2808 3041 d
2834 2983 3182 3053 ἁμαρτωλὸς
3205 2983 3274 3037 ἐν
3290 2981 3421 3047 ταῖς
3445 2979 3771 3049 ἐπιθυμίαις

2205 3082 2315 3151 τῆς
2340 3080 2548 3152 ψυχῆς
2571 3078 2789 3140 αὐτοῦ,
2824 3093 2876 3129 κ.
2907 3094 2955 3128 τ.
2990 3074 3036 3127 ἐ.
3076 3072 3343 3135 Πολλάκις
3374 3068 3770 3143 ἁμαρτάνοντες

2205 3194 2349 3240 τινες
2379 3174 2489 3247 (80)
2525 3170 2841 3243 εὐθηνοῦσιν
2869 3173 2928 3224 ὲν
2959 3169 3038 3239 τῷ
3084 3168 3292 3238 κόσμῳ.
3328 3165 3502 3218 Τοῦτο
3528 3163 3637 3235 γὰρ
3674 3162 3770 3231 εφη

2205 3270 2298 3323 καὶ
2346 3269 2375 3320 ὁ
2413 3264 2730 3327 Ἀπόστολος
2752 3279 2766 3292 ο
2818 3281 2837 3315 ι
2870 3260 3106 3334 Πονηροὶ
3148 3260 3420 3330 ἄνθρωποι
3453 3256 3549 3310 καὶ
3586 3255 3770 3324 γόητες

2209 3360 2570 3433 προκόψουσιν
2599 3358 2690 3410 ἐπὶ
2716 3356 2778 3409 τὸ
2805 3358 3005 3427 χεῖρον,
3034 3351 3339 3415 πλανῶντες
3372 3350 3466 3403 καὶ
3500 3346 3771 3415 πλανώμεο

2207 3472 2304 3507 νοι.
2350 3473 2369 3504 ι
2406 3452 2516 3506 Καὶ
2564 3453 2621 3504 ὲν
2663 3449 2832 3521 ἑτέρῳ
2861 3446 3059 3519 ψαλμῷ
3088 3447 3303 3517 ᾄδεται·
3339 3462 3358 3494 ι
3393 3437 3551 3495 Οὗτοι
3596 3441 3767 3509 ἁμαρο

2207 3544 2364 3598 τωλοὶ
2393 3544 2488 3597 καὶ
2516 3540 2864 3613 εὐθηνοῦντες
2899 3542 2978 3603 εἰς
3007 3538 3098 3591 τὸν
3128 3535 3298 3590 αἰῶνα
3322 3534 3587 3602 κατέσχον
3616 3529 3768 3584 πλού-

2207 3657 2350 3703 τους.
2403 3657 2422 3691 »
2490 3635 2866 3691 Ἐπαινοῦνται
2926 3631 3019 3687 οὖν
3064 3632 3168 3685 ὑπό
3211 3647 3271 3683 τε
3323 3626 3533 3681 ἑαυτῶν
3585 3626 3766 3695 ἁμαρ-

2208 3732 2366 3785 τωλοὶ
2394 3730 2487 3784 καὶ
2519 3729 2692 3782 ἄδικοι
2720 3728 2813 3781 καὶ
2850 3725 3000 3797 παρὰ
3032 3725 3141 3777 τῶν
3177 3722 3424 3778 κολάκων
3463 3720 3560 3773 καὶ
3601 3734 3768 3788 παρα-

2211 3824 2371 3878 σίτων
2407 3821 2586 3875 αὐτῶν
2609 3861 2622 3886 ,
2653 3821 2747 3874 καὶ
2788 3817 3165 3888 εὐλογοῦμενοι
3208 3814 3368 3868 πλέον
3397 3811 3668 3866 κινοῦνται
3696 3809 3769 3871 εἰς

2211 3917 2499 3990 ἁμαρτίαν.

2278 4009 2439 4066 Κατὰ
2481 4008 2548 4061 τὸ
2580 4005 2813 4075 πλῆθος
2838 4003 2949 4072 τῆς
2980 4000 3163 4071 ὀργῆς
3184 3998 3374 4053 αὑτοῦ
3404 3999 3517 4052 οὐκ
3545 3992 3767 4061 ἐκζητή-

2209 4116 2322 4166 σει,
2354 4119 2407 4155 κ.
2432 4117 2482 4153 τ.
2516 4100 2559 4151 ὲ.
2598 4097 2723 4162 Τις;
2748 4096 2976 4166 πότερον
3011 4095 3038 4145 ὁ
3068 4090 3430 4163 Κύριος.(81),
3466 4088 3500 4159 ἢ
3532 4089 3768 4158 ἁμαρτω-

2210 4192 2298 4256 λός
2324 4208 2338 4257 ;
2364 4193 2459 4245 καὶ
2494 4190 2705 4261 μήποτε
2733 4188 2761 4239 ὁ
2789 4184 3132 4259 ἁμαρτωλός.
3173 4185 3248 4236 Οὐ
3272 4181 3379 4253 γὰρ
3401 4180 3623 4250 ἑκζητεῖ
3652 4175 3765 4246 περὶ

2209 4283 2379 4354 ὀργῆς
2408 4280 2500 4334 τοῦ
2531 4278 2666 4333 Θεοῦ
2687 4319 2700 4342 ,
2727 4276 2834 4330 οὐδ’
2866 4277 2948 4328 ὅτι
2982 4274 3184 4344 πλῆθος
3213 4270 3495 4345 ἁμαρτιῶν
3524 4269 3657 4341 ἔχει.
3684 4265 3764 4319 Διὸ

2211 4376 2304 4428 καὶ
2337 4374 2476 4427 κατὰ
2498 4371 2699 4443 πλῆθος
2723 4368 3046 4440 ἁμαρτάνει.

2286 4462 2687 4533 Βεϐηλοῦνται
2736 4462 2796 4514 αὶ
2843 4457 2969 4513 ὁδοὶ
3001 4454 3187 4510 αὑτοῦ
3226 4455 3296 4508 ὲν
3341 4452 3522 4507 παντὶ
3575 4447 3762 4520 καιρῷ,

2939 4552 3048 4623 (82)
3101 4552 3308 4619 εὐλογεί
3353 4549 3445 4603 τὸν
3489 4547 3692 4618 Κύριον
3713 4546 3764 4596 ἐν

2213 4654 2373 4707 παντὶ
2404 4650 2581 4724 καιρῷ
2602 4667 2615 4680 ⁸
2648 4651 2676 4702 ὁ
2701 4648 2758 4702 δὲ
2791 4644 3109 4718 ἁμαρτωλὸς
3138 4641 3352 4713 βεϐηλοῖ
3381 4639 3481 4701 τάς
3501 4639 3654 4700 ὁδοὺς
3680 4636 3770 4689 αὖ·

2214 4744 2305 4799 τοῦ
2340 4745 2398 4797 ἐν
2421 4743 2581 4796 παντὶ
2609 4737 2804 4811 καιρῷ.
2843 4758 2860 4789 ι
2890 4733 3248 4808 Βεϐηλοῦνται
3274 4732 3350 4797 δὲ,
3382 4750 3401 4782 ι
3425 4731 3549 4785 ἀντὶ
3578 4728 3767 4796 τοῦ,Τῇ

2215 4836 2383 4908 κακία
2416 4834 2740 4907 βυθίζονται.

2286 4930 2534 4985 Πάντων
2552 4927 2674 4982 τῶν
2687 4924 2913 4997 ἐχθρῶν
2930 4920 3114 4977 αὑτοῦ
3127 4916 3575 4986 κατακυριεύσει
3585 4931 3710 4977 ,κ.τ.
3726 4912 3769 4966 ὲ.

2221 5021 2341 5075 Τῶν
2372 5018 2691 5092 πειρασμῶν
2721 5013 2833 5088 (85)
2861 5014 2911 5066 οἱ
2957 5013 3053 5084 μὲν
3078 5009 3158 5081 τῷ
3196 5007 3405 5078 σώματι
3434 5004 3770 5077 προάγονται,

3262 5104 3307 5137 ⁸⁸
3333 5102 3378 5158 11
3409 5101 3550 5159 Tim.
3578 5117 3661 5168 tu,
3689 5100 3767 5155 15.

2214 5276 2450 5339 εοιιείὶω,
2476 5283 2529 5326 et
2562 5270 2856 5326 Barbarus.

2311 5345 2399 5416 8|)
2435 5333 2563 5410 Τίς;
2585 5344 2836 5411 πότερον
2863 5343 2895 5395 ό
2924 5340 3156 5409 Κύριος,
3179 5348 3289 5392 etc.
3312 5334 3524 5391 Eadem
3550 5333 3771 5396 seltedar,

2217 5426 2270 5472 el
2292 5417 2641 5553 (ligfftiuzer
2670 5481 2919 5549 δίκαιος,
2945 5490 3053 5537 etc.
3083 5480 3295 5535 Eaedem
3319 5476 3554 5544 schedae,
3578 5486 3630 5531 et
3656 5474 3774 5531 Bar-

2293 5625 2403 5696 (85)

2221 5698 2404 5752 ba‘rus.

3813 5570 3821 5609 ι

2437 5624 2556 5680 Τῶν
2572 5619 2940 5693 πειρασμῶν,
2969 5632 3074 5678 etc.
3100 5618 3310 5676 Eaedem
3337 5617 3572 5681 schedaa,
3597 5626 3651 5670 et
3662 5613 3773 5668 Bar-
3809 5642 3823 5677 ι
