  <div class='ocr_page' id='page_1' title='image "/cluster/home/n/w/nwhite01/storage/ocr_20150623/12/mdp.39015028786690/606.png"; bbox 0 0 4020 6152; ppageno 0'>
   <div class='ocr_carea' id='block_1_1' title="bbox 333 320 479 377">
    <p class='ocr_par' dir='ltr' id='par_1_1' title="bbox 333 320 479 377">
     <span class='ocr_line' id='line_1_1' title="bbox 333 320 479 377; baseline 0.007 -2"><span class='ocrx_word' id='word_1_1' title='bbox 333 320 479 377; x_wconf 66' lang='lat'><strong>“95</strong></span> 
     </span>
    </p>
   </div>
   <div class='ocr_carea' id='block_1_2' title="bbox 1335 316 2581 377">
    <p class='ocr_par' dir='ltr' id='par_1_2' title="bbox 1335 316 2581 377">
     <span class='ocr_line' id='line_1_2' title="bbox 1335 316 2581 377; baseline -0.002 0"><span class='ocrx_word' id='word_1_2' title='bbox 1335 318 1647 377; x_wconf 81' lang='lat' dir='ltr'><strong>SELECTA</strong></span> <span class='ocrx_word' id='word_1_3' title='bbox 1676 317 1745 375; x_wconf 84' lang='lat' dir='ltr'><strong>IN</strong></span> <span class='ocrx_word' id='word_1_4' title='bbox 1781 316 2117 375; x_wconf 76' lang='lat' dir='ltr'><strong>PSALMOS.</strong></span> <span class='ocrx_word' id='word_1_5' title='bbox 2157 352 2227 363; x_wconf 90' lang='lat'><strong>-—</strong></span> <span class='ocrx_word' id='word_1_6' title='bbox 2262 320 2457 377; x_wconf 79' lang='lat' dir='ltr'><strong>PSAL.</strong></span> <span class='ocrx_word' id='word_1_7' title='bbox 2517 317 2581 375; x_wconf 73' lang='grc' dir='ltr'>Χ.</span> 
     </span>
    </p>
   </div>
   <div class='ocr_carea' id='block_1_3' title="bbox 3433 317 3570 374">
    <p class='ocr_par' dir='ltr' id='par_1_3' title="bbox 3433 317 3570 374">
     <span class='ocr_line' id='line_1_3' title="bbox 3433 317 3570 374; baseline 0.022 -3"><span class='ocrx_word' id='word_1_8' title='bbox 3433 317 3461 371; x_wconf 74' lang='grc' dir='ltr'><strong>ί</strong></span> <span class='ocrx_word' id='word_1_9' title='bbox 3475 317 3570 374; x_wconf 66' lang='lat'><strong>19-!</strong></span> 
     </span>
    </p>
   </div>
   <div class='ocr_carea' id='block_1_4' title="bbox 327 434 1902 514">
    <p class='ocr_par' dir='ltr' id='par_1_4' title="bbox 327 436 1902 514">
     <span class='ocr_line' id='line_1_4' title="bbox 327 436 1902 514; baseline -0.001 -20"><span class='ocrx_word' id='word_1_10' title='bbox 327 440 387 494; x_wconf 74' lang='grc' dir='ltr'><strong>οἱ</strong></span> <span class='ocrx_word' id='word_1_11' title='bbox 408 437 467 493; x_wconf 81' lang='grc' dir='ltr'><strong>δὲ</strong></span> <span class='ocrx_word' id='word_1_12' title='bbox 499 436 665 510; x_wconf 72' lang='grc' dir='ltr'>ψυχῇ,</span> <span class='ocrx_word' id='word_1_13' title='bbox 699 439 748 493; x_wconf 82' lang='grc' dir='ltr'>οἱ</span> <span class='ocrx_word' id='word_1_14' title='bbox 776 438 833 492; x_wconf 81' lang='grc' dir='ltr'>δὲ</span> <span class='ocrx_word' id='word_1_15' title='bbox 859 441 971 503; x_wconf 79' lang='grc' dir='ltr'>τοῖς</span> <span class='ocrx_word' id='word_1_16' title='bbox 1002 439 1157 504; x_wconf 79' lang='grc' dir='ltr'>ἐκτός</span> <span class='ocrx_word' id='word_1_17' title='bbox 1181 457 1195 471; x_wconf 69' lang='grc'><strong>⁸</strong></span> <span class='ocrx_word' id='word_1_18' title='bbox 1230 441 1323 494; x_wconf 73' lang='grc' dir='ltr'><strong>καὶ</strong></span> <span class='ocrx_word' id='word_1_19' title='bbox 1346 441 1396 494; x_wconf 73' lang='lat' dir='ltr'><strong>ot</strong></span> <span class='ocrx_word' id='word_1_20' title='bbox 1421 442 1518 514; x_wconf 86' lang='grc' dir='ltr'>μέν</span> <span class='ocrx_word' id='word_1_21' title='bbox 1547 443 1651 496; x_wconf 86' lang='grc' dir='ltr'>εἰσι</span> <span class='ocrx_word' id='word_1_22' title='bbox 1687 440 1902 512; x_wconf 78' lang='grc' dir='ltr'><strong>πληγῶν</strong></span> 
     </span>
    </p>
   </div>
   <div class='ocr_carea' id='block_1_5' title="bbox 2001 434 3569 514">
    <p class='ocr_par' dir='ltr' id='par_1_5' title="bbox 2012 434 3569 509">
     <span class='ocr_line' id='line_1_5' title="bbox 2012 434 3569 509; baseline -0.003 -14"><span class='ocrx_word' id='word_1_23' title='bbox 2012 441 2253 497; x_wconf 86' lang='lat' dir='ltr'><strong>externis</strong></span> <span class='ocrx_word' id='word_1_24' title='bbox 2297 442 2620 508; x_wconf 87' lang='lat' dir='ltr'><strong>inferuntur,</strong></span> <span class='ocrx_word' id='word_1_25' title='bbox 2659 448 2714 495; x_wconf 91' lang='lat' dir='ltr'><strong>et</strong></span> <span class='ocrx_word' id='word_1_26' title='bbox 2759 437 2878 494; x_wconf 69' lang='lat' dir='ltr'><strong>alia:</strong></span> <span class='ocrx_word' id='word_1_27' title='bbox 2911 438 2964 492; x_wconf 93' lang='lat' dir='ltr'><strong>in</strong></span> <span class='ocrx_word' id='word_1_28' title='bbox 3008 449 3171 493; x_wconf 85' lang='lat' dir='ltr'><strong>causa</strong></span> <span class='ocrx_word' id='word_1_29' title='bbox 3212 442 3340 492; x_wconf 88' lang='lat' dir='ltr'><strong>sunt</strong></span> <span class='ocrx_word' id='word_1_30' title='bbox 3381 434 3569 509; x_wconf 66' lang='lat' dir='ltr'><strong>plaga-</strong></span> 
     </span>
    </p>
   </div>
   <div class='ocr_carea' id='block_1_6' title="bbox 304 526 1906 600">
    <p class='ocr_par' dir='ltr' id='par_1_6' title="bbox 304 526 1906 600">
     <span class='ocr_line' id='line_1_6' title="bbox 304 526 1906 600; baseline 0.001 -18"><span class='ocrx_word' id='word_1_31' title='bbox 304 527 428 593; x_wconf 49' lang='grc' dir='ltr'>,καὶ</span> <span class='ocrx_word' id='word_1_32' title='bbox 454 526 834 598; x_wconf 78' lang='grc' dir='ltr'>στρεϐλώσεων</span> <span class='ocrx_word' id='word_1_33' title='bbox 856 528 948 582; x_wconf 78' lang='grc' dir='ltr'><strong>καὶ</strong></span> <span class='ocrx_word' id='word_1_34' title='bbox 967 528 1219 600; x_wconf 81' lang='grc' dir='ltr'><strong>διωγμῶν</strong></span> <span class='ocrx_word' id='word_1_35' title='bbox 1242 530 1336 583; x_wconf 64' lang='grc' dir='ltr'><strong>καλ⁸</strong></span> <span class='ocrx_word' id='word_1_36' title='bbox 1363 530 1617 600; x_wconf 77' lang='grc' dir='ltr'>φυλακῶν</span> <span class='ocrx_word' id='word_1_37' title='bbox 1633 528 1828 585; x_wconf 86' lang='grc' dir='ltr'>αἴτιοι·</span> <span class='ocrx_word' id='word_1_38' title='bbox 1855 532 1906 583; x_wconf 80' lang='grc' dir='ltr'><strong>οἱ</strong></span> 
     </span>
    </p>
   </div>
   <div class='ocr_carea' id='block_1_7' title="bbox 327 619 1907 695">
    <p class='ocr_par' dir='ltr' id='par_1_7' title="bbox 327 619 1907 695">
     <span class='ocr_line' id='line_1_7' title="bbox 327 619 1907 695; baseline 0.004 -23"><span class='ocrx_word' id='word_1_39' title='bbox 327 619 389 673; x_wconf 80' lang='grc' dir='ltr'>δέ</span> <span class='ocrx_word' id='word_1_40' title='bbox 429 622 563 673; x_wconf 86' lang='grc' dir='ltr'>εἰσιν</span> <span class='ocrx_word' id='word_1_41' title='bbox 587 620 886 692; x_wconf 81' lang='grc' dir='ltr'><strong>ἀκάθαρτοι</strong></span> <span class='ocrx_word' id='word_1_42' title='bbox 912 623 1162 692; x_wconf 74' lang='grc' dir='ltr'>λογισμοὶ</span> <span class='ocrx_word' id='word_1_43' title='bbox 1188 622 1486 692; x_wconf 81' lang='grc' dir='ltr'>γεννῶντες</span> <span class='ocrx_word' id='word_1_44' title='bbox 1508 623 1779 695; x_wconf 81' lang='grc' dir='ltr'><strong>ἁμαρτίαν</strong></span> <span class='ocrx_word' id='word_1_45' title='bbox 1812 624 1907 678; x_wconf 73' lang='grc' dir='ltr'>καὶ</span> 
     </span>
    </p>
   </div>
   <div class='ocr_carea' id='block_1_8' title="bbox 326 710 1908 789">
    <p class='ocr_par' dir='ltr' id='par_1_8' title="bbox 326 710 1908 789">
     <span class='ocr_line' id='line_1_8' title="bbox 326 710 1908 789; baseline 0.001 -24"><span class='ocrx_word' id='word_1_46' title='bbox 326 710 574 782; x_wconf 76' lang='grc' dir='ltr'><strong>δόγματα</strong></span> <span class='ocrx_word' id='word_1_47' title='bbox 604 712 774 784; x_wconf 72' lang='grc' dir='ltr'>ψευδῆ</span> <span class='ocrx_word' id='word_1_48' title='bbox 797 730 810 743; x_wconf 75' lang='grc' dir='ltr'><strong>ο</strong></span> <span class='ocrx_word' id='word_1_49' title='bbox 835 714 885 767; x_wconf 78' lang='grc' dir='ltr'>οἱ</span> <span class='ocrx_word' id='word_1_50' title='bbox 915 713 973 766; x_wconf 81' lang='grc' dir='ltr'>δὲ</span> <span class='ocrx_word' id='word_1_51' title='bbox 1004 714 1206 786; x_wconf 81' lang='grc' dir='ltr'>ζημίας</span> <span class='ocrx_word' id='word_1_52' title='bbox 1227 714 1407 786; x_wconf 76' lang='grc' dir='ltr'>ἔχουσι</span> <span class='ocrx_word' id='word_1_53' title='bbox 1436 715 1753 789; x_wconf 86' lang='grc' dir='ltr'>χρημάτων,</span> <span class='ocrx_word' id='word_1_54' title='bbox 1779 715 1908 768; x_wconf 91' lang='grc' dir='ltr'>ἀπο-</span> 
     </span>
    </p>
   </div>
   <div class='ocr_carea' id='block_1_9' title="bbox 328 803 1906 880">
    <p class='ocr_par' dir='ltr' id='par_1_9' title="bbox 328 803 1906 880">
     <span class='ocr_line' id='line_1_9' title="bbox 328 803 1906 880; baseline 0.004 -25"><span class='ocrx_word' id='word_1_55' title='bbox 328 803 492 867; x_wconf 76' lang='grc' dir='ltr'>ϐολάς</span> <span class='ocrx_word' id='word_1_56' title='bbox 534 804 771 868; x_wconf 87' lang='grc' dir='ltr'>τέκνων,</span> <span class='ocrx_word' id='word_1_57' title='bbox 805 806 899 859; x_wconf 79' lang='grc' dir='ltr'><strong>καὶ</strong></span> <span class='ocrx_word' id='word_1_58' title='bbox 938 806 1213 875; x_wconf 83' lang='grc' dir='ltr'>γυναικῶν</span> <span class='ocrx_word' id='word_1_59' title='bbox 1242 809 1591 880; x_wconf 54' lang='grc' dir='ltr'>ἀφαιρέσεις</span> <span class='ocrx_word' id='word_1_60' title='bbox 1626 808 1720 862; x_wconf 74' lang='grc' dir='ltr'><strong>καὶ</strong></span> <span class='ocrx_word' id='word_1_61' title='bbox 1750 806 1906 879; x_wconf 84' lang='grc' dir='ltr'>δῆλον</span> 
     </span>
    </p>
   </div>
   <div class='ocr_carea' id='block_1_10' title="bbox 328 894 1901 970">
    <p class='ocr_par' dir='ltr' id='par_1_10' title="bbox 328 894 1901 970">
     <span class='ocr_line' id='line_1_10' title="bbox 328 894 1901 970; baseline 0.002 -19"><span class='ocrx_word' id='word_1_62' title='bbox 328 897 396 951; x_wconf 79' lang='grc' dir='ltr'>ὲκ</span> <span class='ocrx_word' id='word_1_63' title='bbox 422 894 626 952; x_wconf 84' lang='grc' dir='ltr'>τούτων</span> <span class='ocrx_word' id='word_1_64' title='bbox 644 938 660 962; x_wconf 88' lang='grc'><strong>,</strong></span> <span class='ocrx_word' id='word_1_65' title='bbox 688 896 772 951; x_wconf 82' lang='grc' dir='ltr'>ὅτι</span> <span class='ocrx_word' id='word_1_66' title='bbox 799 897 1083 970; x_wconf 78' lang='grc' dir='ltr'>ἐκυρίευσε</span> <span class='ocrx_word' id='word_1_67' title='bbox 1111 900 1310 963; x_wconf 86' lang='grc' dir='ltr'>παντὸς</span> <span class='ocrx_word' id='word_1_68' title='bbox 1340 900 1547 954; x_wconf 76' lang='grc' dir='ltr'>δικαίου</span> <span class='ocrx_word' id='word_1_69' title='bbox 1582 902 1611 953; x_wconf 93' lang='lat'><strong>6</strong></span> <span class='ocrx_word' id='word_1_70' title='bbox 1640 902 1901 965; x_wconf 80' lang='grc' dir='ltr'>Σατανᾶς.</span> 
     </span>
    </p>
   </div>
   <div class='ocr_carea' id='block_1_11' title="bbox 327 988 1906 1064">
    <p class='ocr_par' dir='ltr' id='par_1_11' title="bbox 327 988 1906 1064">
     <span class='ocr_line' id='line_1_11' title="bbox 327 988 1906 1064; baseline 0.002 -21"><span class='ocrx_word' id='word_1_71' title='bbox 327 988 393 1043; x_wconf 74' lang='lat' dir='ltr'><strong>Et</strong></span> <span class='ocrx_word' id='word_1_72' title='bbox 432 989 543 1061; x_wconf 88' lang='grc' dir='ltr'><strong>γάρ</strong></span> <span class='ocrx_word' id='word_1_73' title='bbox 593 989 808 1042; x_wconf 84' lang='grc' dir='ltr'>πάντων</span> <span class='ocrx_word' id='word_1_74' title='bbox 844 989 953 1043; x_wconf 83' lang='grc' dir='ltr'><strong>τῶν</strong></span> <span class='ocrx_word' id='word_1_75' title='bbox 992 989 1202 1063; x_wconf 78' lang='grc' dir='ltr'>ἐχθρῶν</span> <span class='ocrx_word' id='word_1_76' title='bbox 1229 990 1393 1045; x_wconf 80' lang='grc' dir='ltr'>αὑτοῦ</span> <span class='ocrx_word' id='word_1_77' title='bbox 1433 992 1846 1064; x_wconf 78' lang='grc' dir='ltr'>κατακυριεύσει</span> <span class='ocrx_word' id='word_1_78' title='bbox 1876 996 1906 1046; x_wconf 93' lang='lat'><strong>6</strong></span> 
     </span>
    </p>
   </div>
   <div class='ocr_carea' id='block_1_12' title="bbox 326 1078 1903 1156">
    <p class='ocr_par' dir='ltr' id='par_1_12' title="bbox 326 1078 1903 1156">
     <span class='ocr_line' id='line_1_12' title="bbox 326 1078 1903 1156; baseline 0.004 -24"><span class='ocrx_word' id='word_1_79' title='bbox 326 1078 594 1146; x_wconf 79' lang='grc' dir='ltr'>Σατανᾶς,</span> <span class='ocrx_word' id='word_1_80' title='bbox 630 1079 725 1134; x_wconf 74' lang='grc' dir='ltr'><strong>καὶ</strong></span> <span class='ocrx_word' id='word_1_81' title='bbox 751 1079 948 1134; x_wconf 86' lang='grc' dir='ltr'>δίκαιοι</span> <span class='ocrx_word' id='word_1_82' title='bbox 977 1082 1176 1145; x_wconf 87' lang='grc' dir='ltr'>πάντες</span> <span class='ocrx_word' id='word_1_83' title='bbox 1203 1081 1367 1135; x_wconf 82' lang='grc' dir='ltr'>αὐτοῦ</span> <span class='ocrx_word' id='word_1_84' title='bbox 1390 1083 1572 1156; x_wconf 73' lang='grc' dir='ltr'>ἐχθροί</span> <span class='ocrx_word' id='word_1_85' title='bbox 1602 1086 1728 1147; x_wconf 75' lang='grc' dir='ltr'>εἱσι,</span> <span class='ocrx_word' id='word_1_86' title='bbox 1767 1084 1903 1138; x_wconf 85' lang='grc' dir='ltr'>πάν-</span> 
     </span>
    </p>
   </div>
   <div class='ocr_carea' id='block_1_13' title="bbox 322 1171 1905 1247">
    <p class='ocr_par' dir='ltr' id='par_1_13' title="bbox 322 1171 1905 1247">
     <span class='ocr_line' id='line_1_13' title="bbox 322 1171 1905 1247; baseline 0.002 -22"><span class='ocrx_word' id='word_1_87' title='bbox 322 1188 435 1225; x_wconf 86' lang='grc' dir='ltr'><strong>των</strong></span> <span class='ocrx_word' id='word_1_88' title='bbox 466 1171 574 1243; x_wconf 78' lang='grc' dir='ltr'>ἄρα</span> <span class='ocrx_word' id='word_1_89' title='bbox 618 1171 1056 1243; x_wconf 79' lang='grc' dir='ltr'>κατακυριεύσει.</span> <span class='ocrx_word' id='word_1_90' title='bbox 1090 1172 1165 1226; x_wconf 82' lang='grc' dir='ltr'><strong>Οὐ</strong></span> <span class='ocrx_word' id='word_1_91' title='bbox 1216 1173 1314 1244; x_wconf 80' lang='grc' dir='ltr'>μὲν</span> <span class='ocrx_word' id='word_1_92' title='bbox 1364 1174 1526 1229; x_wconf 76' lang='grc' dir='ltr'>παντὶ</span> <span class='ocrx_word' id='word_1_93' title='bbox 1564 1174 1621 1228; x_wconf 84' lang='grc' dir='ltr'>δὲ</span> <span class='ocrx_word' id='word_1_94' title='bbox 1664 1174 1905 1247; x_wconf 89' lang='grc' dir='ltr'>δηλονότι</span> 
     </span>
    </p>
   </div>
   <div class='ocr_carea' id='block_1_14' title="bbox 326 1262 1906 1338">
    <p class='ocr_par' dir='ltr' id='par_1_14' title="bbox 326 1262 1906 1338">
     <span class='ocr_line' id='line_1_14' title="bbox 326 1262 1906 1338; baseline 0.003 -23"><span class='ocrx_word' id='word_1_95' title='bbox 326 1262 615 1333; x_wconf 81' lang='grc' dir='ltr'>πράγματι</span> <span class='ocrx_word' id='word_1_96' title='bbox 642 1264 941 1335; x_wconf 78' lang='grc' dir='ltr'>κυριεύσει,</span> <span class='ocrx_word' id='word_1_97' title='bbox 970 1263 1082 1316; x_wconf 75' lang='grc' dir='ltr'>ἀλλ’</span> <span class='ocrx_word' id='word_1_98' title='bbox 1116 1263 1174 1317; x_wconf 75' lang='grc' dir='ltr'>ἐν</span> <span class='ocrx_word' id='word_1_99' title='bbox 1201 1282 1306 1317; x_wconf 88' lang='grc' dir='ltr'>τινι</span> <span class='ocrx_word' id='word_1_100' title='bbox 1330 1281 1344 1295; x_wconf 75' lang='grc' dir='ltr'><strong>ο</strong></span> <span class='ocrx_word' id='word_1_101' title='bbox 1383 1264 1541 1336; x_wconf 81' lang='grc' dir='ltr'>μόνος</span> <span class='ocrx_word' id='word_1_102' title='bbox 1563 1266 1671 1338; x_wconf 85' lang='grc' dir='ltr'>γὰρ</span> <span class='ocrx_word' id='word_1_103' title='bbox 1712 1267 1741 1318; x_wconf 98' lang='lat'><strong>6</strong></span> <span class='ocrx_word' id='word_1_104' title='bbox 1774 1265 1906 1338; x_wconf 81' lang='grc' dir='ltr'>Χρι-</span> 
     </span>
    </p>
   </div>
   <div class='ocr_carea' id='block_1_15' title="bbox 326 1355 1904 1430">
    <p class='ocr_par' dir='ltr' id='par_1_15' title="bbox 326 1355 1904 1430">
     <span class='ocr_line' id='line_1_15' title="bbox 326 1355 1904 1430; baseline 0.002 -22"><span class='ocrx_word' id='word_1_105' title='bbox 326 1355 450 1419; x_wconf 84' lang='grc' dir='ltr'>στὸς</span> <span class='ocrx_word' id='word_1_106' title='bbox 476 1356 748 1427; x_wconf 84' lang='grc' dir='ltr'>ἁμαρτίαν</span> <span class='ocrx_word' id='word_1_107' title='bbox 777 1357 878 1410; x_wconf 84' lang='grc' dir='ltr'><strong>οὐκ</strong></span> <span class='ocrx_word' id='word_1_108' title='bbox 906 1357 1185 1429; x_wconf 74' lang='grc' dir='ltr'>ἐποίησεν,</span> <span class='ocrx_word' id='word_1_109' title='bbox 1207 1357 1316 1411; x_wconf 77' lang='grc' dir='ltr'>οὐδ’</span> <span class='ocrx_word' id='word_1_110' title='bbox 1348 1357 1544 1430; x_wconf 84' lang='grc' dir='ltr'>εὑρέθη</span> <span class='ocrx_word' id='word_1_111' title='bbox 1572 1358 1721 1423; x_wconf 84' lang='grc' dir='ltr'>δόλος</span> <span class='ocrx_word' id='word_1_112' title='bbox 1744 1361 1802 1412; x_wconf 84' lang='grc' dir='ltr'>ὲν</span> <span class='ocrx_word' id='word_1_113' title='bbox 1825 1356 1904 1429; x_wconf 84' lang='grc' dir='ltr'>τῷ</span> 
     </span>
    </p>
   </div>
   <div class='ocr_carea' id='block_1_16' title="bbox 328 1446 1903 1521">
    <p class='ocr_par' dir='ltr' id='par_1_16' title="bbox 328 1446 1903 1521">
     <span class='ocr_line' id='line_1_16' title="bbox 328 1446 1903 1521; baseline 0.003 -22"><span class='ocrx_word' id='word_1_114' title='bbox 328 1446 555 1517; x_wconf 84' lang='grc' dir='ltr'>στόματι</span> <span class='ocrx_word' id='word_1_115' title='bbox 600 1446 787 1501; x_wconf 77' lang='grc' dir='ltr'>αὐτοῦ.</span> <span class='ocrx_word' id='word_1_116' title='bbox 818 1449 888 1501; x_wconf 91' lang='grc' dir='ltr'><em>Ἢ</em></span> <span class='ocrx_word' id='word_1_117' title='bbox 930 1448 1070 1520; x_wconf 82' lang='grc' dir='ltr'>τάχα</span> <span class='ocrx_word' id='word_1_118' title='bbox 1117 1449 1177 1503; x_wconf 83' lang='grc' dir='ltr'><strong>τὸ</strong></span> <span class='ocrx_word' id='word_1_119' title='bbox 1209 1448 1451 1521; x_wconf 82' lang='grc' dir='ltr'>βούλημα</span> <span class='ocrx_word' id='word_1_120' title='bbox 1495 1450 1660 1504; x_wconf 78' lang='grc' dir='ltr'>αὐτοῦ</span> <span class='ocrx_word' id='word_1_121' title='bbox 1693 1450 1903 1521; x_wconf 86' lang='grc' dir='ltr'>τίθησιν</span> 
     </span>
    </p>
   </div>
   <div class='ocr_carea' id='block_1_17' title="bbox 326 1537 1907 1612">
    <p class='ocr_par' dir='ltr' id='par_1_17' title="bbox 326 1537 1907 1612">
     <span class='ocr_line' id='line_1_17' title="bbox 326 1537 1907 1612; baseline 0.003 -22"><span class='ocrx_word' id='word_1_122' title='bbox 326 1537 362 1609; x_wconf 80' lang='grc' dir='ltr'>ἡ</span> <span class='ocrx_word' id='word_1_123' title='bbox 379 1537 496 1591; x_wconf 89' lang='grc' dir='ltr'>θεία</span> <span class='ocrx_word' id='word_1_124' title='bbox 517 1538 727 1610; x_wconf 81' lang='grc' dir='ltr'>Γραφὴ,</span> <span class='ocrx_word' id='word_1_125' title='bbox 757 1539 892 1611; x_wconf 84' lang='grc' dir='ltr'>ὅπερ</span> <span class='ocrx_word' id='word_1_126' title='bbox 923 1541 1039 1593; x_wconf 71' lang='grc' dir='ltr'>ἐστὶ</span> <span class='ocrx_word' id='word_1_127' title='bbox 1070 1542 1150 1604; x_wconf 82' lang='grc' dir='ltr'><strong>εἰς</strong></span> <span class='ocrx_word' id='word_1_128' title='bbox 1171 1541 1343 1612; x_wconf 84' lang='grc' dir='ltr'>πέρας</span> <span class='ocrx_word' id='word_1_129' title='bbox 1365 1542 1592 1611; x_wconf 78' lang='grc' dir='ltr'>ἀγαγεῖν</span> <span class='ocrx_word' id='word_1_130' title='bbox 1618 1541 1680 1595; x_wconf 81' lang='grc' dir='ltr'><strong>τὸ</strong></span> <span class='ocrx_word' id='word_1_131' title='bbox 1697 1541 1797 1595; x_wconf 77' lang='grc' dir='ltr'>οὐκ</span> <span class='ocrx_word' id='word_1_132' title='bbox 1825 1543 1907 1594; x_wconf 84' lang='grc' dir='ltr'><strong>ὲν-</strong></span> 
     </span>
    </p>
   </div>
   <div class='ocr_carea' id='block_1_18' title="bbox 326 1627 1904 1704">
    <p class='ocr_par' dir='ltr' id='par_1_18' title="bbox 326 1627 1904 1704">
     <span class='ocr_line' id='line_1_18' title="bbox 326 1627 1904 1704; baseline 0.003 -22"><span class='ocrx_word' id='word_1_133' title='bbox 326 1627 631 1700; x_wconf 78' lang='grc' dir='ltr'><strong>δεχόμενον⁸</strong></span> <span class='ocrx_word' id='word_1_134' title='bbox 663 1629 717 1682; x_wconf 75' lang='grc' dir='ltr'><strong>εἴ</strong></span> <span class='ocrx_word' id='word_1_135' title='bbox 737 1646 801 1699; x_wconf 89' lang='grc' dir='ltr'><strong>γε</strong></span> <span class='ocrx_word' id='word_1_136' title='bbox 838 1650 855 1682; x_wconf 79' lang='grc' dir='ltr'><strong>ι</strong></span> <span class='ocrx_word' id='word_1_137' title='bbox 890 1630 1257 1700; x_wconf 85' lang='grc' dir='ltr'>διελογίσαντο</span> <span class='ocrx_word' id='word_1_138' title='bbox 1283 1632 1474 1703; x_wconf 83' lang='grc' dir='ltr'>βουλὰς</span> <span class='ocrx_word' id='word_1_139' title='bbox 1511 1628 1599 1699; x_wconf 80' lang='grc' dir='ltr'>αἶς</span> <span class='ocrx_word' id='word_1_140' title='bbox 1625 1635 1686 1687; x_wconf 84' lang='grc' dir='ltr'><strong>οὑ</strong></span> <span class='ocrx_word' id='word_1_141' title='bbox 1719 1634 1794 1704; x_wconf 78' lang='grc' dir='ltr'>μὴ</span> <span class='ocrx_word' id='word_1_142' title='bbox 1819 1632 1904 1687; x_wconf 82' lang='grc' dir='ltr'>δύ-</span> 
     </span>
    </p>
   </div>
   <div class='ocr_carea' id='block_1_19' title="bbox 324 1722 1902 1797">
    <p class='ocr_par' dir='ltr' id='par_1_19' title="bbox 324 1722 1902 1797">
     <span class='ocr_line' id='line_1_19' title="bbox 324 1722 1902 1797; baseline 0.005 -25"><span class='ocrx_word' id='word_1_143' title='bbox 324 1736 521 1774; x_wconf 86' lang='grc' dir='ltr'>νωνται</span> <span class='ocrx_word' id='word_1_144' title='bbox 561 1722 763 1793; x_wconf 80' lang='grc' dir='ltr'>στῆναι.</span> <span class='ocrx_word' id='word_1_145' title='bbox 798 1742 816 1774; x_wconf 78' lang='grc' dir='ltr'><strong>ι</strong></span> <span class='ocrx_word' id='word_1_146' title='bbox 858 1722 967 1777; x_wconf 77' lang='grc' dir='ltr'><strong>Καὶ</strong></span> <span class='ocrx_word' id='word_1_147' title='bbox 1004 1723 1113 1794; x_wconf 74' lang='grc' dir='ltr'>γὰρ</span> <span class='ocrx_word' id='word_1_148' title='bbox 1154 1725 1212 1779; x_wconf 82' lang='grc' dir='ltr'>ὲν</span> <span class='ocrx_word' id='word_1_149' title='bbox 1244 1723 1321 1796; x_wconf 83' lang='grc' dir='ltr'><strong>τῷ</strong></span> <span class='ocrx_word' id='word_1_150' title='bbox 1371 1725 1489 1779; x_wconf 82' lang='grc' dir='ltr'><strong>Ἰὼϐ</strong></span> <span class='ocrx_word' id='word_1_151' title='bbox 1512 1726 1842 1797; x_wconf 74' lang='grc' dir='ltr'>ψευδόμενος</span> <span class='ocrx_word' id='word_1_152' title='bbox 1872 1727 1902 1780; x_wconf 93' lang='lat'><strong>6</strong></span> 
     </span>
    </p>
   </div>
   <div class='ocr_carea' id='block_1_20' title="bbox 2011 527 3567 601">
    <p class='ocr_par' dir='ltr' id='par_1_20' title="bbox 2011 527 3567 601">
     <span class='ocr_line' id='line_1_20' title="bbox 2011 527 3567 601; baseline -0.004 -13"><span class='ocrx_word' id='word_1_153' title='bbox 2011 549 2168 599; x_wconf 87' lang='lat' dir='ltr'><strong>rum,</strong></span> <span class='ocrx_word' id='word_1_154' title='bbox 2223 543 2659 596; x_wconf 88' lang='lat' dir='ltr'><strong>tormentorum,</strong></span> <span class='ocrx_word' id='word_1_155' title='bbox 2714 527 3193 601; x_wconf 71' lang='lat' dir='ltr'><strong>persecutionum,</strong></span> <span class='ocrx_word' id='word_1_156' title='bbox 3261 541 3567 582; x_wconf 83' lang='lat' dir='ltr'><strong>carcerum.</strong></span> 
     </span>
    </p>
   </div>
   <div class='ocr_carea' id='block_1_21' title="bbox 2006 620 3571 695">
    <p class='ocr_par' dir='ltr' id='par_1_21' title="bbox 2006 620 3571 695">
     <span class='ocr_line' id='line_1_21' title="bbox 2006 620 3571 695; baseline -0.003 -15"><span class='ocrx_word' id='word_1_157' title='bbox 2006 626 2140 681; x_wconf 73' lang='lat' dir='ltr'><strong>Alia:</strong></span> <span class='ocrx_word' id='word_1_158' title='bbox 2170 640 2299 681; x_wconf 89' lang='lat' dir='ltr'><strong>vero</strong></span> <span class='ocrx_word' id='word_1_159' title='bbox 2331 627 2555 695; x_wconf 71' lang='lat' dir='ltr'><strong>impurae</strong></span> <span class='ocrx_word' id='word_1_160' title='bbox 2579 633 2706 679; x_wconf 92' lang='lat' dir='ltr'><strong>sunt</strong></span> <span class='ocrx_word' id='word_1_161' title='bbox 2733 620 3090 693; x_wconf 78' lang='lat' dir='ltr'><strong>cogitationes</strong></span> <span class='ocrx_word' id='word_1_162' title='bbox 3117 635 3235 690; x_wconf 69' lang='lat' dir='ltr'><strong>qua:</strong></span> <span class='ocrx_word' id='word_1_163' title='bbox 3265 629 3489 692; x_wconf 87' lang='lat' dir='ltr'><strong>peccata</strong></span> <span class='ocrx_word' id='word_1_164' title='bbox 3514 632 3571 676; x_wconf 88' lang='lat' dir='ltr'><strong>et</strong></span> 
     </span>
    </p>
   </div>
   <div class='ocr_carea' id='block_1_22' title="bbox 2009 711 3569 786">
    <p class='ocr_par' dir='ltr' id='par_1_22' title="bbox 2009 711 3569 786">
     <span class='ocr_line' id='line_1_22' title="bbox 2009 711 3569 786; baseline -0.001 -17"><span class='ocrx_word' id='word_1_165' title='bbox 2009 716 2141 772; x_wconf 86' lang='lat' dir='ltr'><strong>falsa</strong></span> <span class='ocrx_word' id='word_1_166' title='bbox 2190 717 2443 786; x_wconf 79' lang='lat' dir='ltr'><strong>dogmata</strong></span> <span class='ocrx_word' id='word_1_167' title='bbox 2486 725 2774 785; x_wconf 76' lang='lat' dir='ltr'><strong>generant.</strong></span> <span class='ocrx_word' id='word_1_168' title='bbox 2819 712 3077 781; x_wconf 60' lang='lat' dir='ltr'><strong>Quaedam</strong></span> <span class='ocrx_word' id='word_1_169' title='bbox 3127 711 3323 767; x_wconf 89' lang='lat' dir='ltr'><strong>damna</strong></span> <span class='ocrx_word' id='word_1_170' title='bbox 3384 728 3569 768; x_wconf 90' lang='lat' dir='ltr'><strong>rerum</strong></span> 
     </span>
    </p>
   </div>
   <div class='ocr_carea' id='block_1_23' title="bbox 2008 805 3568 875">
    <p class='ocr_par' dir='ltr' id='par_1_23' title="bbox 2008 805 3568 875">
     <span class='ocr_line' id='line_1_23' title="bbox 2008 805 3568 875; baseline -0.001 -14"><span class='ocrx_word' id='word_1_171' title='bbox 2008 808 2234 873; x_wconf 89' lang='lat' dir='ltr'><strong>habent,</strong></span> <span class='ocrx_word' id='word_1_172' title='bbox 2260 807 2556 863; x_wconf 87' lang='lat' dir='ltr'><strong>liberorum</strong></span> <span class='ocrx_word' id='word_1_173' title='bbox 2591 807 2961 870; x_wconf 87' lang='lat' dir='ltr'><strong>amissionem,</strong></span> <span class='ocrx_word' id='word_1_174' title='bbox 2999 821 3233 862; x_wconf 81' lang='lat' dir='ltr'><strong>uxorum</strong></span> <span class='ocrx_word' id='word_1_175' title='bbox 3273 805 3568 875; x_wconf 73' lang='lat' dir='ltr'><strong>iacturam.</strong></span> 
     </span>
    </p>
   </div>
   <div class='ocr_carea' id='block_1_24' title="bbox 2006 892 3569 967">
    <p class='ocr_par' dir='ltr' id='par_1_24' title="bbox 2006 892 3569 967">
     <span class='ocr_line' id='line_1_24' title="bbox 2006 892 3569 967; baseline -0.004 -12"><span class='ocrx_word' id='word_1_176' title='bbox 2006 898 2182 967; x_wconf 81' lang='lat' dir='ltr'><strong>Atque</strong></span> <span class='ocrx_word' id='word_1_177' title='bbox 2206 897 2331 951; x_wconf 92' lang='lat' dir='ltr'><strong>hinc</strong></span> <span class='ocrx_word' id='word_1_178' title='bbox 2361 897 2536 966; x_wconf 82' lang='lat' dir='ltr'><strong>palam</strong></span> <span class='ocrx_word' id='word_1_179' title='bbox 2587 903 2672 950; x_wconf 88' lang='lat' dir='ltr'><strong>est</strong></span> <span class='ocrx_word' id='word_1_180' title='bbox 2713 896 2862 951; x_wconf 93' lang='lat' dir='ltr'><strong>omni</strong></span> <span class='ocrx_word' id='word_1_181' title='bbox 2899 893 3047 964; x_wconf 89' lang='lat' dir='ltr'><strong>justo</strong></span> <span class='ocrx_word' id='word_1_182' title='bbox 3096 894 3364 950; x_wconf 83' lang='lat' dir='ltr'><strong>dominari</strong></span> <span class='ocrx_word' id='word_1_183' title='bbox 3411 892 3569 948; x_wconf 89' lang='lat' dir='ltr'><strong>Sata-</strong></span> 
     </span>
    </p>
   </div>
   <div class='ocr_carea' id='block_1_25' title="bbox 2007 983 3571 1043">
    <p class='ocr_par' dir='ltr' id='par_1_25' title="bbox 2007 983 3571 1043">
     <span class='ocr_line' id='line_1_25' title="bbox 2007 983 3571 1043; baseline -0.003 -2"><span class='ocrx_word' id='word_1_184' title='bbox 2007 1003 2154 1043; x_wconf 88' lang='lat' dir='ltr'><strong>nam.</strong></span> <span class='ocrx_word' id='word_1_185' title='bbox 2197 985 2255 1041; x_wconf 91' lang='lat' dir='ltr'><strong>Si</strong></span> <span class='ocrx_word' id='word_1_186' title='bbox 2283 987 2427 1041; x_wconf 91' lang='lat' dir='ltr'><strong>enim</strong></span> <span class='ocrx_word' id='word_1_187' title='bbox 2452 985 2694 1041; x_wconf 90' lang='lat' dir='ltr'><strong>omnium</strong></span> <span class='ocrx_word' id='word_1_188' title='bbox 2742 986 3087 1041; x_wconf 89' lang='lat' dir='ltr'><strong>inimicorum</strong></span> <span class='ocrx_word' id='word_1_189' title='bbox 3133 1000 3353 1040; x_wconf 90' lang='lat' dir='ltr'><strong>suorum</strong></span> <span class='ocrx_word' id='word_1_190' title='bbox 3394 983 3571 1040; x_wconf 89' lang='lat' dir='ltr'><strong>domi-</strong></span> 
     </span>
    </p>
   </div>
   <div class='ocr_carea' id='block_1_26' title="bbox 2007 1077 3566 1148">
    <p class='ocr_par' dir='ltr' id='par_1_26' title="bbox 2007 1077 3566 1148">
     <span class='ocr_line' id='line_1_26' title="bbox 2007 1077 3566 1148; baseline -0.004 -13"><span class='ocrx_word' id='word_1_191' title='bbox 2007 1080 2226 1135; x_wconf 88' lang='lat' dir='ltr'><strong>nabitur</strong></span> <span class='ocrx_word' id='word_1_192' title='bbox 2265 1078 2520 1142; x_wconf 89' lang='lat' dir='ltr'><strong>Satanas,</strong></span> <span class='ocrx_word' id='word_1_193' title='bbox 2546 1078 2753 1148; x_wconf 89' lang='lat' dir='ltr'><strong>etjusti</strong></span> <span class='ocrx_word' id='word_1_194' title='bbox 2785 1093 2974 1133; x_wconf 89' lang='lat' dir='ltr'><strong>omnes</strong></span> <span class='ocrx_word' id='word_1_195' title='bbox 3011 1078 3132 1148; x_wconf 87' lang='lat' dir='ltr'><strong>ejus</strong></span> <span class='ocrx_word' id='word_1_196' title='bbox 3176 1077 3381 1132; x_wconf 89' lang='lat' dir='ltr'><strong>inimici</strong></span> <span class='ocrx_word' id='word_1_197' title='bbox 3416 1084 3566 1141; x_wconf 89' lang='lat' dir='ltr'><strong>sunt,</strong></span> 
     </span>
    </p>
   </div>
   <div class='ocr_carea' id='block_1_27' title="bbox 2006 1167 3566 1239">
    <p class='ocr_par' dir='ltr' id='par_1_27' title="bbox 2006 1167 3566 1239">
     <span class='ocr_line' id='line_1_27' title="bbox 2006 1167 3566 1239; baseline -0.001 -15"><span class='ocrx_word' id='word_1_198' title='bbox 2006 1169 2255 1224; x_wconf 90' lang='lat' dir='ltr'><strong>omnibus</strong></span> <span class='ocrx_word' id='word_1_199' title='bbox 2300 1183 2435 1239; x_wconf 82' lang='lat' dir='ltr'><strong>ergo</strong></span> <span class='ocrx_word' id='word_1_200' title='bbox 2497 1167 2734 1223; x_wconf 82' lang='lat' dir='ltr'><strong>Satanas</strong></span> <span class='ocrx_word' id='word_1_201' title='bbox 2782 1168 3174 1225; x_wconf 84' lang='lat' dir='ltr'><strong>dominabitur.</strong></span> <span class='ocrx_word' id='word_1_202' title='bbox 3233 1169 3304 1223; x_wconf 86' lang='lat' dir='ltr'><strong>At</strong></span> <span class='ocrx_word' id='word_1_203' title='bbox 3354 1184 3459 1224; x_wconf 89' lang='lat' dir='ltr'><strong>non</strong></span> <span class='ocrx_word' id='word_1_204' title='bbox 3512 1169 3566 1223; x_wconf 92' lang='lat' dir='ltr'><strong>in</strong></span> 
     </span>
    </p>
   </div>
   <div class='ocr_carea' id='block_1_28' title="bbox 2004 1255 3564 1326">
    <p class='ocr_par' dir='ltr' id='par_1_28' title="bbox 2004 1255 3564 1326">
     <span class='ocr_line' id='line_1_28' title="bbox 2004 1255 3564 1326; baseline 0.001 -17"><span class='ocrx_word' id='word_1_205' title='bbox 2004 1256 2151 1310; x_wconf 89' lang='lat' dir='ltr'><strong>omni</strong></span> <span class='ocrx_word' id='word_1_206' title='bbox 2195 1269 2254 1310; x_wconf 87' lang='lat' dir='ltr'><strong>re</strong></span> <span class='ocrx_word' id='word_1_207' title='bbox 2282 1255 2668 1320; x_wconf 82' lang='lat' dir='ltr'><strong>dominabitur,</strong></span> <span class='ocrx_word' id='word_1_208' title='bbox 2701 1256 2795 1311; x_wconf 85' lang='lat' dir='ltr'><strong>sed</strong></span> <span class='ocrx_word' id='word_1_209' title='bbox 2833 1256 2887 1310; x_wconf 87' lang='lat' dir='ltr'><strong>in</strong></span> <span class='ocrx_word' id='word_1_210' title='bbox 2924 1257 3183 1326; x_wconf 85' lang='lat' dir='ltr'><strong>quadam.</strong></span> <span class='ocrx_word' id='word_1_211' title='bbox 3228 1255 3389 1312; x_wconf 90' lang='lat' dir='ltr'><strong>Solus</strong></span> <span class='ocrx_word' id='word_1_212' title='bbox 3416 1258 3564 1312; x_wconf 88' lang='lat' dir='ltr'><strong>enim</strong></span> 
     </span>
    </p>
   </div>
   <div class='ocr_carea' id='block_1_29' title="bbox 2004 1346 3565 1415">
    <p class='ocr_par' dir='ltr' id='par_1_29' title="bbox 2004 1346 3565 1415">
     <span class='ocr_line' id='line_1_29' title="bbox 2004 1346 3565 1415; baseline 0.001 -14"><span class='ocrx_word' id='word_1_213' title='bbox 2004 1346 2255 1401; x_wconf 86' lang='lat' dir='ltr'><strong>Christus</strong></span> <span class='ocrx_word' id='word_1_214' title='bbox 2295 1352 2577 1415; x_wconf 86' lang='lat' dir='ltr'><strong>peccatum</strong></span> <span class='ocrx_word' id='word_1_215' title='bbox 2624 1362 2729 1401; x_wconf 92' lang='lat' dir='ltr'><strong>non</strong></span> <span class='ocrx_word' id='word_1_216' title='bbox 2779 1346 2939 1412; x_wconf 87' lang='lat' dir='ltr'><strong>fecit,</strong></span> <span class='ocrx_word' id='word_1_217' title='bbox 2976 1363 3075 1404; x_wconf 89' lang='lat' dir='ltr'><strong>nec</strong></span> <span class='ocrx_word' id='word_1_218' title='bbox 3100 1357 3185 1403; x_wconf 91' lang='lat' dir='ltr'><strong>est</strong></span> <span class='ocrx_word' id='word_1_219' title='bbox 3215 1350 3465 1404; x_wconf 86' lang='lat' dir='ltr'><strong>inventus</strong></span> <span class='ocrx_word' id='word_1_220' title='bbox 3510 1350 3565 1403; x_wconf 90' lang='lat' dir='ltr'><strong>in</strong></span> 
     </span>
    </p>
   </div>
   <div class='ocr_carea' id='block_1_30' title="bbox 2004 1435 3567 1508">
    <p class='ocr_par' dir='ltr' id='par_1_30' title="bbox 2004 1435 3567 1508">
     <span class='ocr_line' id='line_1_30' title="bbox 2004 1435 3567 1508; baseline 0.001 -19"><span class='ocrx_word' id='word_1_221' title='bbox 2004 1450 2099 1490; x_wconf 91' lang='lat' dir='ltr'><strong>ore</strong></span> <span class='ocrx_word' id='word_1_222' title='bbox 2125 1436 2240 1506; x_wconf 86' lang='lat' dir='ltr'><strong>ejus</strong></span> <span class='ocrx_word' id='word_1_223' title='bbox 2256 1436 2430 1491; x_wconf 89' lang='lat' dir='ltr'><strong>dolus.</strong></span> <span class='ocrx_word' id='word_1_224' title='bbox 2460 1435 2553 1491; x_wconf 84' lang='lat' dir='ltr'><strong>Vel</strong></span> <span class='ocrx_word' id='word_1_225' title='bbox 2583 1436 2815 1491; x_wconf 80' lang='lat' dir='ltr'><strong>fortasse</strong></span> <span class='ocrx_word' id='word_1_226' title='bbox 2846 1438 3024 1492; x_wconf 87' lang='lat' dir='ltr'><strong>divina</strong></span> <span class='ocrx_word' id='word_1_227' title='bbox 3058 1438 3334 1508; x_wconf 83' lang='lat' dir='ltr'><strong>Scriptura</strong></span> <span class='ocrx_word' id='word_1_228' title='bbox 3361 1439 3430 1493; x_wconf 90' lang='lat' dir='ltr'><strong>ad</strong></span> <span class='ocrx_word' id='word_1_229' title='bbox 3450 1439 3567 1506; x_wconf 83' lang='lat' dir='ltr'><strong>ejus</strong></span> 
     </span>
    </p>
   </div>
   <div class='ocr_carea' id='block_1_31' title="bbox 2004 1526 3567 1595">
    <p class='ocr_par' dir='ltr' id='par_1_31' title="bbox 2004 1526 3567 1595">
     <span class='ocr_line' id='line_1_31' title="bbox 2004 1526 3567 1595; baseline 0.001 -15"><span class='ocrx_word' id='word_1_230' title='bbox 2004 1526 2242 1595; x_wconf 80' lang='lat' dir='ltr'><strong>respexit</strong></span> <span class='ocrx_word' id='word_1_231' title='bbox 2301 1526 2629 1581; x_wconf 82' lang='lat' dir='ltr'><strong>voluntatem</strong></span> <span class='ocrx_word' id='word_1_232' title='bbox 2689 1541 2810 1595; x_wconf 70' lang='lat' dir='ltr'><strong>quae</strong></span> <span class='ocrx_word' id='word_1_233' title='bbox 2865 1535 2948 1582; x_wconf 88' lang='lat' dir='ltr'><strong>est</strong></span> <span class='ocrx_word' id='word_1_234' title='bbox 2999 1527 3066 1581; x_wconf 83' lang='lat' dir='ltr'><strong>ad</strong></span> <span class='ocrx_word' id='word_1_235' title='bbox 3128 1527 3290 1582; x_wconf 83' lang='lat' dir='ltr'><strong>ﬁnem</strong></span> <span class='ocrx_word' id='word_1_236' title='bbox 3363 1527 3567 1583; x_wconf 86' lang='lat' dir='ltr'><strong>ducere</strong></span> 
     </span>
    </p>
   </div>
   <div class='ocr_carea' id='block_1_32' title="bbox 2004 1617 3565 1688">
    <p class='ocr_par' dir='ltr' id='par_1_32' title="bbox 2004 1617 3565 1688">
     <span class='ocr_line' id='line_1_32' title="bbox 2004 1617 3565 1688; baseline 0.001 -17"><span class='ocrx_word' id='word_1_237' title='bbox 2004 1618 2148 1688; x_wconf 85' lang='lat' dir='ltr'><strong>quod</strong></span> <span class='ocrx_word' id='word_1_238' title='bbox 2184 1633 2288 1673; x_wconf 91' lang='lat' dir='ltr'><strong>non</strong></span> <span class='ocrx_word' id='word_1_239' title='bbox 2324 1625 2522 1686; x_wconf 81' lang='lat' dir='ltr'><strong>potest,</strong></span> <span class='ocrx_word' id='word_1_240' title='bbox 2553 1617 2596 1670; x_wconf 92' lang='lat' dir='ltr'><strong>si</strong></span> <span class='ocrx_word' id='word_1_241' title='bbox 2624 1618 2844 1686; x_wconf 86' lang='lat' dir='ltr'><strong>quidem</strong></span> <span class='ocrx_word' id='word_1_242' title='bbox 2880 1636 2899 1669; x_wconf 85' lang='grc'><strong>‹</strong></span> <span class='ocrx_word' id='word_1_243' title='bbox 2928 1618 3308 1687; x_wconf 80' lang='lat' dir='ltr'><strong>cogitaverunt</strong></span> <span class='ocrx_word' id='word_1_244' title='bbox 3339 1618 3565 1673; x_wconf 90' lang='lat' dir='ltr'><strong>consilia</strong></span> 
     </span>
    </p>
   </div>
   <div class='ocr_carea' id='block_1_33' title="bbox 2005 1706 3566 1780">
    <p class='ocr_par' dir='ltr' id='par_1_33' title="bbox 2005 1706 3566 1780">
     <span class='ocr_line' id='line_1_33' title="bbox 2005 1706 3566 1780; baseline -0.001 -16"><span class='ocrx_word' id='word_1_245' title='bbox 2005 1725 2127 1780; x_wconf 81' lang='lat' dir='ltr'><strong>quae</strong></span> <span class='ocrx_word' id='word_1_246' title='bbox 2159 1724 2264 1764; x_wconf 92' lang='lat' dir='ltr'><strong>non</strong></span> <span class='ocrx_word' id='word_1_247' title='bbox 2310 1718 2604 1779; x_wconf 90' lang='lat' dir='ltr'><strong>potuerunt</strong></span> <span class='ocrx_word' id='word_1_248' title='bbox 2655 1708 2903 1764; x_wconf 88' lang='lat' dir='ltr'><strong>stabilire</strong></span> <span class='ocrx_word' id='word_1_249' title='bbox 2928 1708 2993 1764; x_wconf 84' lang='grc'>¹².</span> <span class='ocrx_word' id='word_1_250' title='bbox 3033 1727 3054 1761; x_wconf 74' lang='grc' dir='ltr'><strong>ι</strong></span> <span class='ocrx_word' id='word_1_251' title='bbox 3088 1709 3219 1762; x_wconf 86' lang='lat' dir='ltr'><strong>Nam</strong></span> <span class='ocrx_word' id='word_1_252' title='bbox 3256 1718 3312 1763; x_wconf 89' lang='lat' dir='ltr'><strong>et</strong></span> <span class='ocrx_word' id='word_1_253' title='bbox 3360 1709 3414 1763; x_wconf 92' lang='lat' dir='ltr'><strong>in</strong></span> <span class='ocrx_word' id='word_1_254' title='bbox 3463 1706 3566 1763; x_wconf 88' lang='lat' dir='ltr'><strong>Job</strong></span> 
     </span>
    </p>
   </div>
   <div class='ocr_carea' id='block_1_34' title="bbox 322 1788 1902 1892">
    <p class='ocr_par' dir='ltr' id='par_1_34' title="bbox 322 1788 1902 1892">
     <span class='ocr_line' id='line_1_34' title="bbox 322 1788 1902 1892; baseline 0.006 -28"><span class='ocrx_word' id='word_1_255' title='bbox 322 1810 565 1876; x_wconf 79' lang='grc' dir='ltr'>διάϐολός</span> <span class='ocrx_word' id='word_1_256' title='bbox 598 1788 763 1884; x_wconf 82' lang='grc' dir='ltr'>φησι·</span> <span class='ocrx_word' id='word_1_257' title='bbox 798 1832 817 1866; x_wconf 84' lang='grc' dir='ltr'><strong>ι</strong></span> <span class='ocrx_word' id='word_1_258' title='bbox 847 1788 1152 1889; x_wconf 57' lang='grc' dir='ltr'>Περιελθξυν</span> <span class='ocrx_word' id='word_1_259' title='bbox 1330 1819 1432 1889; x_wconf 81' lang='grc' dir='ltr'>γῆν</span> <span class='ocrx_word' id='word_1_260' title='bbox 1472 1788 1564 1873; x_wconf 77' lang='grc' dir='ltr'><strong>καὶ</strong></span> <span class='ocrx_word' id='word_1_261' title='bbox 1590 1788 1902 1892; x_wconf 78' lang='grc' dir='ltr'>ἐμπεριπα-</span> 
     </span>
    </p>
   </div>
   <div class='ocr_carea' id='block_1_35' title="bbox 2001 1788 3568 1892">
    <p class='ocr_par' dir='ltr' id='par_1_35' title="bbox 2001 1801 3568 1872">
     <span class='ocr_line' id='line_1_35' title="bbox 2001 1801 3568 1872; baseline -0.001 -15"><span class='ocrx_word' id='word_1_262' title='bbox 2001 1804 2257 1872; x_wconf 89' lang='lat' dir='ltr'><strong>deceptor</strong></span> <span class='ocrx_word' id='word_1_263' title='bbox 2293 1803 2542 1858; x_wconf 85' lang='lat' dir='ltr'><strong>diabolus</strong></span> <span class='ocrx_word' id='word_1_264' title='bbox 2572 1804 2647 1858; x_wconf 89' lang='lat' dir='ltr'><strong>ait</strong></span> <span class='ocrx_word' id='word_1_265' title='bbox 2674 1803 2718 1834; x_wconf 82' lang='grc'><strong>¹³</strong></span> <span class='ocrx_word' id='word_1_266' title='bbox 2746 1819 2760 1856; x_wconf 90' lang='lat'>:</span> <span class='ocrx_word' id='word_1_267' title='bbox 2817 1819 2839 1854; x_wconf 78' lang='grc' dir='ltr'><strong>ι</strong></span> <span class='ocrx_word' id='word_1_268' title='bbox 2872 1801 3108 1857; x_wconf 83' lang='lat' dir='ltr'><strong>Circuivi</strong></span> <span class='ocrx_word' id='word_1_269' title='bbox 3148 1811 3372 1867; x_wconf 85' lang='lat' dir='ltr'><strong>terram,</strong></span> <span class='ocrx_word' id='word_1_270' title='bbox 3396 1809 3454 1856; x_wconf 87' lang='lat' dir='ltr'><strong>et</strong></span> <span class='ocrx_word' id='word_1_271' title='bbox 3483 1802 3568 1855; x_wconf 91' lang='lat' dir='ltr'><strong>in-</strong></span> 
     </span>
    </p>
   </div>
   <div class='ocr_carea' id='block_1_36' title="bbox 324 1905 1901 1983">
    <p class='ocr_par' dir='ltr' id='par_1_36' title="bbox 324 1905 1901 1983">
     <span class='ocr_line' id='line_1_36' title="bbox 324 1905 1901 1983; baseline 0.005 -26"><span class='ocrx_word' id='word_1_272' title='bbox 324 1905 496 1976; x_wconf 70' lang='grc' dir='ltr'>τήσας</span> <span class='ocrx_word' id='word_1_273' title='bbox 522 1905 621 1976; x_wconf 84' lang='grc' dir='ltr'>τὴν</span> <span class='ocrx_word' id='word_1_274' title='bbox 651 1907 741 1960; x_wconf 73' lang='grc' dir='ltr'>ὑπ’</span> <span class='ocrx_word' id='word_1_275' title='bbox 767 1907 1013 1979; x_wconf 80' lang='grc' dir='ltr'>οὐρανὸν,</span> <span class='ocrx_word' id='word_1_276' title='bbox 1043 1909 1293 1981; x_wconf 88' lang='grc' dir='ltr'>πάρειμι,</span> <span class='ocrx_word' id='word_1_277' title='bbox 1326 1931 1345 1963; x_wconf 81' lang='grc' dir='ltr'><strong>ι</strong></span> <span class='ocrx_word' id='word_1_278' title='bbox 1385 1912 1561 1965; x_wconf 86' lang='grc' dir='ltr'>καίτοι</span> <span class='ocrx_word' id='word_1_279' title='bbox 1590 1912 1757 1983; x_wconf 81' lang='grc' dir='ltr'>μηδὲν</span> <span class='ocrx_word' id='word_1_280' title='bbox 1783 1913 1901 1967; x_wconf 84' lang='grc' dir='ltr'>πεί-</span> 
     </span>
    </p>
   </div>
   <div class='ocr_carea' id='block_1_37' title="bbox 327 1997 1309 2071">
    <p class='ocr_par' dir='ltr' id='par_1_37' title="bbox 327 1997 1309 2071">
     <span class='ocr_line' id='line_1_37' title="bbox 327 1997 1309 2071; baseline 0.005 -21"><span class='ocrx_word' id='word_1_281' title='bbox 327 2014 427 2061; x_wconf 75' lang='grc' dir='ltr'><strong>σας</strong></span> <span class='ocrx_word' id='word_1_282' title='bbox 453 1997 532 2069; x_wconf 82' lang='grc' dir='ltr'>τῷ</span> <span class='ocrx_word' id='word_1_283' title='bbox 568 1997 687 2052; x_wconf 80' lang='grc' dir='ltr'><strong>Ἰὼϐ</strong></span> <span class='ocrx_word' id='word_1_284' title='bbox 719 1997 917 2052; x_wconf 81' lang='grc' dir='ltr'>ἄτοπον</span> <span class='ocrx_word' id='word_1_285' title='bbox 951 2001 1309 2071; x_wconf 83' lang='grc' dir='ltr'>πεπραχέναι.</span> 
     </span>
    </p>
   </div>
   <div class='ocr_carea' id='block_1_38' title="bbox 404 2091 1904 2165">
    <p class='ocr_par' dir='ltr' id='par_1_38' title="bbox 404 2091 1904 2165">
     <span class='ocr_line' id='line_1_38' title="bbox 404 2091 1904 2165; baseline 0.003 -21"><span class='ocrx_word' id='word_1_286' title='bbox 404 2091 513 2146; x_wconf 87' lang='grc' dir='ltr'><strong>Τοῦ</strong></span> <span class='ocrx_word' id='word_1_287' title='bbox 550 2092 757 2146; x_wconf 85' lang='grc' dir='ltr'>αὑτοῦ.</span> <span class='ocrx_word' id='word_1_288' title='bbox 792 2092 856 2145; x_wconf 69' lang='lat' dir='ltr'><strong>Et</strong></span> <span class='ocrx_word' id='word_1_289' title='bbox 895 2092 945 2144; x_wconf 83' lang='grc' dir='ltr'>οἱ</span> <span class='ocrx_word' id='word_1_290' title='bbox 989 2093 1388 2164; x_wconf 80' lang='grc' dir='ltr'>προκόπτοντες</span> <span class='ocrx_word' id='word_1_291' title='bbox 1420 2093 1531 2164; x_wconf 73' lang='grc'><strong>(84)</strong></span> <span class='ocrx_word' id='word_1_292' title='bbox 1564 2093 1705 2149; x_wconf 85' lang='grc' dir='ltr'>κατὰ</span> <span class='ocrx_word' id='word_1_293' title='bbox 1740 2093 1904 2165; x_wconf 85' lang='grc' dir='ltr'>μείω-</span> 
     </span>
    </p>
   </div>
   <div class='ocr_carea' id='block_1_39' title="bbox 329 2180 1901 2252">
    <p class='ocr_par' dir='ltr' id='par_1_39' title="bbox 329 2180 1901 2252">
     <span class='ocr_line' id='line_1_39' title="bbox 329 2180 1901 2252; baseline 0.002 -17"><span class='ocrx_word' id='word_1_294' title='bbox 329 2196 412 2235; x_wconf 86' lang='grc' dir='ltr'><strong>σιν</strong></span> <span class='ocrx_word' id='word_1_295' title='bbox 447 2181 645 2244; x_wconf 85' lang='grc' dir='ltr'>κακίας</span> <span class='ocrx_word' id='word_1_296' title='bbox 672 2180 1074 2252; x_wconf 83' lang='grc' dir='ltr'>προκόπτουσι,</span> <span class='ocrx_word' id='word_1_297' title='bbox 1108 2181 1304 2237; x_wconf 86' lang='grc' dir='ltr'>δίκαιοι</span> <span class='ocrx_word' id='word_1_298' title='bbox 1332 2182 1581 2250; x_wconf 82' lang='grc' dir='ltr'>λέγονται</span> <span class='ocrx_word' id='word_1_299' title='bbox 1613 2183 1663 2236; x_wconf 72' lang='lat' dir='ltr'><strong>oi</strong></span> <span class='ocrx_word' id='word_1_300' title='bbox 1693 2182 1901 2238; x_wconf 87' lang='grc' dir='ltr'>τελείαν</span> 
     </span>
    </p>
   </div>
   <div class='ocr_carea' id='block_1_40' title="bbox 322 2270 1902 2346">
    <p class='ocr_par' dir='ltr' id='par_1_40' title="bbox 322 2270 1902 2346">
     <span class='ocr_line' id='line_1_40' title="bbox 322 2270 1902 2346; baseline 0.001 -20"><span class='ocrx_word' id='word_1_301' title='bbox 322 2270 439 2340; x_wconf 72' lang='grc' dir='ltr'>ῑξιν</span> <span class='ocrx_word' id='word_1_302' title='bbox 457 2273 555 2343; x_wconf 83' lang='grc' dir='ltr'><strong>τῆς</strong></span> <span class='ocrx_word' id='word_1_303' title='bbox 578 2272 919 2345; x_wconf 83' lang='grc' dir='ltr'>δικαιοσύνης</span> <span class='ocrx_word' id='word_1_304' title='bbox 945 2275 1294 2346; x_wconf 78' lang='grc' dir='ltr'>κτησάμενοι,</span> <span class='ocrx_word' id='word_1_305' title='bbox 1314 2275 1405 2328; x_wconf 79' lang='grc' dir='ltr'><strong>καὶ</strong></span> <span class='ocrx_word' id='word_1_306' title='bbox 1430 2277 1477 2328; x_wconf 86' lang='grc' dir='ltr'>οἱ</span> <span class='ocrx_word' id='word_1_307' title='bbox 1499 2275 1902 2346; x_wconf 84' lang='grc' dir='ltr'>ἀνεμποδίστως</span> 
     </span>
    </p>
   </div>
   <div class='ocr_carea' id='block_1_41' title="bbox 327 2362 1903 2437">
    <p class='ocr_par' dir='ltr' id='par_1_41' title="bbox 327 2362 1903 2437">
     <span class='ocr_line' id='line_1_41' title="bbox 327 2362 1903 2437; baseline 0.001 -20"><span class='ocrx_word' id='word_1_308' title='bbox 327 2362 741 2435; x_wconf 83' lang='grc' dir='ltr'>προκόπτοντες.</span> <span class='ocrx_word' id='word_1_309' title='bbox 775 2381 795 2413; x_wconf 73' lang='grc' dir='ltr'><strong>ι</strong></span> <span class='ocrx_word' id='word_1_310' title='bbox 819 2364 1037 2428; x_wconf 84' lang='grc' dir='ltr'>Δίκαιος</span> <span class='ocrx_word' id='word_1_311' title='bbox 1075 2363 1204 2436; x_wconf 85' lang='grc' dir='ltr'>γὰρ,</span> <span class='ocrx_word' id='word_1_312' title='bbox 1231 2366 1415 2436; x_wconf 79' lang='grc' dir='ltr'>φησὶν,</span> <span class='ocrx_word' id='word_1_313' title='bbox 1449 2365 1637 2419; x_wconf 79' lang='grc' dir='ltr'>ἑαυτοῦ</span> <span class='ocrx_word' id='word_1_314' title='bbox 1666 2367 1903 2437; x_wconf 79' lang='grc' dir='ltr'>κατήγο-</span> 
     </span>
    </p>
   </div>
   <div class='ocr_carea' id='block_1_42' title="bbox 326 2454 1897 2531">
    <p class='ocr_par' dir='ltr' id='par_1_42' title="bbox 326 2454 1897 2531">
     <span class='ocr_line' id='line_1_42' title="bbox 326 2454 1897 2531; baseline 0.006 -26"><span class='ocrx_word' id='word_1_315' title='bbox 326 2470 419 2528; x_wconf 77' lang='grc' dir='ltr'><strong>ρος</strong></span> <span class='ocrx_word' id='word_1_316' title='bbox 445 2457 502 2507; x_wconf 82' lang='grc' dir='ltr'>ὲν</span> <span class='ocrx_word' id='word_1_317' title='bbox 522 2454 881 2528; x_wconf 74' lang='grc' dir='ltr'>πρωτολογίᾳ.</span> <span class='ocrx_word' id='word_1_318' title='bbox 914 2476 933 2509; x_wconf 74' lang='grc' dir='ltr'><strong>ι</strong></span> <span class='ocrx_word' id='word_1_319' title='bbox 961 2456 1070 2510; x_wconf 68' lang='grc' dir='ltr'><strong>Καὶ</strong></span> <span class='ocrx_word' id='word_1_320' title='bbox 1101 2458 1150 2510; x_wconf 81' lang='grc' dir='ltr'><strong>εί</strong></span> <span class='ocrx_word' id='word_1_321' title='bbox 1180 2455 1407 2521; x_wconf 87' lang='grc' dir='ltr'>δίκαιος,</span> <span class='ocrx_word' id='word_1_322' title='bbox 1425 2457 1542 2521; x_wconf 83' lang='grc' dir='ltr'><strong>πῶς</strong></span> <span class='ocrx_word' id='word_1_323' title='bbox 1560 2460 1897 2531; x_wconf 75' lang='grc' dir='ltr'>κατήγοροςς</span> 
     </span>
    </p>
   </div>
   <div class='ocr_carea' id='block_1_43' title="bbox 326 2547 1901 2620">
    <p class='ocr_par' dir='ltr' id='par_1_43' title="bbox 326 2547 1901 2620">
     <span class='ocr_line' id='line_1_43' title="bbox 326 2547 1901 2620; baseline 0.003 -21"><span class='ocrx_word' id='word_1_324' title='bbox 326 2547 437 2600; x_wconf 71' lang='grc' dir='ltr'>Καὶ</span> <span class='ocrx_word' id='word_1_325' title='bbox 477 2549 525 2599; x_wconf 83' lang='grc' dir='ltr'><strong>εί</strong></span> <span class='ocrx_word' id='word_1_326' title='bbox 546 2548 872 2620; x_wconf 83' lang='grc' dir='ltr'>κατήγορος,</span> <span class='ocrx_word' id='word_1_327' title='bbox 909 2549 1128 2612; x_wconf 85' lang='grc' dir='ltr'>πάντως</span> <span class='ocrx_word' id='word_1_328' title='bbox 1154 2548 1216 2602; x_wconf 76' lang='grc' dir='ltr'>οὐ</span> <span class='ocrx_word' id='word_1_329' title='bbox 1249 2547 1455 2613; x_wconf 84' lang='grc' dir='ltr'>δίκαιος</span> <span class='ocrx_word' id='word_1_330' title='bbox 1479 2549 1699 2614; x_wconf 81' lang='grc' dir='ltr'>τέλειος.</span> <span class='ocrx_word' id='word_1_331' title='bbox 1736 2570 1756 2603; x_wconf 73' lang='grc' dir='ltr'><strong>ι</strong></span> <span class='ocrx_word' id='word_1_332' title='bbox 1789 2551 1901 2605; x_wconf 72' lang='grc' dir='ltr'><strong>Καὶ</strong></span> 
     </span>
    </p>
   </div>
   <div class='ocr_carea' id='block_1_44' title="bbox 326 2636 1899 2712">
    <p class='ocr_par' dir='ltr' id='par_1_44' title="bbox 326 2636 1899 2712">
     <span class='ocr_line' id='line_1_44' title="bbox 326 2636 1899 2712; baseline 0.004 -23"><span class='ocrx_word' id='word_1_333' title='bbox 326 2636 555 2706; x_wconf 74' lang='grc' dir='ltr'>γνὼριζε</span> <span class='ocrx_word' id='word_1_334' title='bbox 571 2638 786 2709; x_wconf 85' lang='grc' dir='ltr'>δικαίῳ,</span> <span class='ocrx_word' id='word_1_335' title='bbox 811 2640 905 2695; x_wconf 79' lang='grc' dir='ltr'><strong>καὶ</strong></span> <span class='ocrx_word' id='word_1_336' title='bbox 928 2638 1228 2712; x_wconf 86' lang='grc' dir='ltr'>προσθήσει</span> <span class='ocrx_word' id='word_1_337' title='bbox 1246 2638 1340 2692; x_wconf 78' lang='grc' dir='ltr'>τοῦ</span> <span class='ocrx_word' id='word_1_338' title='bbox 1361 2639 1631 2709; x_wconf 81' lang='grc' dir='ltr'>δέχεσθαι.</span> <span class='ocrx_word' id='word_1_339' title='bbox 1659 2659 1680 2693; x_wconf 74' lang='grc' dir='ltr'><strong>ι</strong></span> <span class='ocrx_word' id='word_1_340' title='bbox 1704 2641 1899 2708; x_wconf 83' lang='grc' dir='ltr'>Καλῶς</span> 
     </span>
    </p>
   </div>
   <div class='ocr_carea' id='block_1_45' title="bbox 324 2725 1898 2804">
    <p class='ocr_par' dir='ltr' id='par_1_45' title="bbox 324 2725 1898 2804">
     <span class='ocr_line' id='line_1_45' title="bbox 324 2725 1898 2804; baseline 0.002 -19"><span class='ocrx_word' id='word_1_341' title='bbox 324 2725 417 2786; x_wconf 77' lang='grc' dir='ltr'><strong>οὖν</strong></span> <span class='ocrx_word' id='word_1_342' title='bbox 453 2730 666 2799; x_wconf 82' lang='grc' dir='ltr'>λέγεται</span> <span class='ocrx_word' id='word_1_343' title='bbox 708 2733 737 2784; x_wconf 88' lang='lat'><strong>6</strong></span> <span class='ocrx_word' id='word_1_344' title='bbox 777 2731 1021 2794; x_wconf 78' lang='grc' dir='ltr'>διάϐολος</span> <span class='ocrx_word' id='word_1_345' title='bbox 1071 2731 1287 2785; x_wconf 87' lang='grc' dir='ltr'>πάντων</span> <span class='ocrx_word' id='word_1_346' title='bbox 1334 2729 1446 2783; x_wconf 86' lang='grc' dir='ltr'><strong>τῶν</strong></span> <span class='ocrx_word' id='word_1_347' title='bbox 1482 2731 1693 2804; x_wconf 77' lang='grc' dir='ltr'>ἐχθρῶν</span> <span class='ocrx_word' id='word_1_348' title='bbox 1732 2733 1898 2789; x_wconf 81' lang='grc' dir='ltr'>αὐτοῦ</span> 
     </span>
    </p>
   </div>
   <div class='ocr_carea' id='block_1_46' title="bbox 327 2820 1899 2893">
    <p class='ocr_par' dir='ltr' id='par_1_46' title="bbox 327 2820 1899 2893">
     <span class='ocr_line' id='line_1_46' title="bbox 327 2820 1899 2893; baseline 0.002 -17"><span class='ocrx_word' id='word_1_349' title='bbox 327 2822 742 2893; x_wconf 59' lang='grc' dir='ltr'>ητακυριεύειν</span> <span class='ocrx_word' id='word_1_350' title='bbox 765 2865 780 2888; x_wconf 92' lang='grc'><strong>,</strong></span> <span class='ocrx_word' id='word_1_351' title='bbox 814 2823 875 2876; x_wconf 82' lang='grc' dir='ltr'><strong>οὐ</strong></span> <span class='ocrx_word' id='word_1_352' title='bbox 903 2821 1013 2876; x_wconf 82' lang='grc' dir='ltr'><strong>τῶν</strong></span> <span class='ocrx_word' id='word_1_353' title='bbox 1053 2820 1271 2874; x_wconf 85' lang='grc' dir='ltr'>τελείων</span> <span class='ocrx_word' id='word_1_354' title='bbox 1298 2820 1538 2892; x_wconf 85' lang='grc' dir='ltr'>δηλονότι</span> <span class='ocrx_word' id='word_1_355' title='bbox 1557 2861 1573 2886; x_wconf 93' lang='grc'><strong>,</strong></span> <span class='ocrx_word' id='word_1_356' title='bbox 1614 2822 1748 2876; x_wconf 87' lang='grc' dir='ltr'><strong>ἀλλά</strong></span> <span class='ocrx_word' id='word_1_357' title='bbox 1789 2822 1899 2881; x_wconf 83' lang='grc' dir='ltr'><strong>τῶν</strong></span> 
     </span>
    </p>
   </div>
   <div class='ocr_carea' id='block_1_47' title="bbox 328 2911 1900 2987">
    <p class='ocr_par' dir='ltr' id='par_1_47' title="bbox 328 2911 1900 2987">
     <span class='ocr_line' id='line_1_47' title="bbox 328 2911 1900 2987; baseline 0.001 -20"><span class='ocrx_word' id='word_1_358' title='bbox 328 2915 661 2969; x_wconf 83' lang='grc' dir='ltr'>σπευδόντων</span> <span class='ocrx_word' id='word_1_359' title='bbox 694 2916 788 2969; x_wconf 76' lang='grc' dir='ltr'>ἐπὶ</span> <span class='ocrx_word' id='word_1_360' title='bbox 819 2915 917 2986; x_wconf 83' lang='grc' dir='ltr'>τὴν</span> <span class='ocrx_word' id='word_1_361' title='bbox 950 2912 1283 2985; x_wconf 82' lang='grc' dir='ltr'>τελειότητα.</span> <span class='ocrx_word' id='word_1_362' title='bbox 1319 2915 1382 2967; x_wconf 82' lang='grc' dir='ltr'><strong>Εἰ</strong></span> <span class='ocrx_word' id='word_1_363' title='bbox 1403 2913 1512 2985; x_wconf 89' lang='grc' dir='ltr'><strong>γάρ</strong></span> <span class='ocrx_word' id='word_1_364' title='bbox 1543 2915 1616 2986; x_wconf 85' lang='grc' dir='ltr'>μὴ</span> <span class='ocrx_word' id='word_1_365' title='bbox 1644 2911 1713 2987; x_wconf 81' lang='grc' dir='ltr'>ἦν</span> <span class='ocrx_word' id='word_1_366' title='bbox 1745 2917 1900 2987; x_wconf 75' lang='grc' dir='ltr'>μῖσος</span> 
     </span>
    </p>
   </div>
   <div class='ocr_carea' id='block_1_48' title="bbox 326 3005 1901 3076">
    <p class='ocr_par' dir='ltr' id='par_1_48' title="bbox 326 3005 1901 3076">
     <span class='ocr_line' id='line_1_48' title="bbox 326 3005 1901 3076; baseline 0.002 -18"><span class='ocrx_word' id='word_1_367' title='bbox 326 3006 462 3076; x_wconf 80' lang='grc' dir='ltr'>πρὸς</span> <span class='ocrx_word' id='word_1_368' title='bbox 486 3006 574 3061; x_wconf 86' lang='grc' dir='ltr'><strong>τὸν</strong></span> <span class='ocrx_word' id='word_1_369' title='bbox 594 3006 836 3061; x_wconf 82' lang='grc' dir='ltr'>Σατανᾶν</span> <span class='ocrx_word' id='word_1_370' title='bbox 867 3007 962 3061; x_wconf 78' lang='grc' dir='ltr'><strong>καὶ</strong></span> <span class='ocrx_word' id='word_1_371' title='bbox 985 3005 1171 3070; x_wconf 81' lang='grc' dir='ltr'>ἀτελὲς</span> <span class='ocrx_word' id='word_1_372' title='bbox 1195 3007 1290 3059; x_wconf 76' lang='grc' dir='ltr'>καὶ</span> <span class='ocrx_word' id='word_1_373' title='bbox 1318 3005 1541 3069; x_wconf 81' lang='grc' dir='ltr'>τέλειον,</span> <span class='ocrx_word' id='word_1_374' title='bbox 1566 3007 1665 3061; x_wconf 77' lang='grc' dir='ltr'><strong>οὐκ</strong></span> <span class='ocrx_word' id='word_1_375' title='bbox 1691 3006 1757 3063; x_wconf 79' lang='grc' dir='ltr'>ἂν</span> <span class='ocrx_word' id='word_1_376' title='bbox 1785 3007 1901 3062; x_wconf 81' lang='grc' dir='ltr'>ἔλε-</span> 
     </span>
    </p>
   </div>
   <div class='ocr_carea' id='block_1_49' title="bbox 327 3081 1967 3197">
    <p class='ocr_par' dir='ltr' id='par_1_49' title="bbox 327 3081 1967 3197">
     <span class='ocr_line' id='line_1_49' title="bbox 327 3081 1967 3197; baseline 0.001 -50"><span class='ocrx_word' id='word_1_377' title='bbox 327 3110 422 3163; x_wconf 86' lang='grc' dir='ltr'><strong>γεν</strong></span> <span class='ocrx_word' id='word_1_378' title='bbox 449 3097 477 3149; x_wconf 88' lang='grc' dir='ltr'>ὁ</span> <span class='ocrx_word' id='word_1_379' title='bbox 498 3095 660 3149; x_wconf 77' lang='grc' dir='ltr'><strong>Δαυῖδ</strong></span> <span class='ocrx_word' id='word_1_380' title='bbox 679 3113 693 3126; x_wconf 89' lang='grc'><strong>·</strong></span> <span class='ocrx_word' id='word_1_381' title='bbox 727 3113 746 3146; x_wconf 76' lang='grc' dir='ltr'><strong>ι</strong></span> <span class='ocrx_word' id='word_1_382' title='bbox 779 3093 994 3147; x_wconf 81' lang='grc' dir='ltr'>Τέλειον</span> <span class='ocrx_word' id='word_1_383' title='bbox 1023 3096 1177 3164; x_wconf 86' lang='grc' dir='ltr'>μῖσος</span> <span class='ocrx_word' id='word_1_384' title='bbox 1201 3092 1421 3163; x_wconf 81' lang='grc' dir='ltr'>ἐμίσουν</span> <span class='ocrx_word' id='word_1_385' title='bbox 1449 3081 1646 3159; x_wconf 82' lang='grc' dir='ltr'>αὑτοῦς</span> <span class='ocrx_word' id='word_1_386' title='bbox 1667 3110 1678 3124; x_wconf 92' lang='grc'><strong>·</strong></span> <span class='ocrx_word' id='word_1_387' title='bbox 1703 3095 1784 3158; x_wconf 86' lang='grc' dir='ltr'><strong>είς</strong></span> <span class='ocrx_word' id='word_1_388' title='bbox 1808 3095 1899 3165; x_wconf 77' lang='grc' dir='ltr'><strong>ἐχ·</strong></span> <span class='ocrx_word' id='word_1_389' title='bbox 1922 3137 1967 3197; x_wconf 70' lang='lat' dir='ltr'>c</span> 
     </span>
    </p>
   </div>
   <div class='ocr_carea' id='block_1_50' title="bbox 327 3184 969 3258">
    <p class='ocr_par' dir='ltr' id='par_1_50' title="bbox 327 3184 969 3258">
     <span class='ocr_line' id='line_1_50' title="bbox 327 3184 969 3258; baseline -0.008 -19"><span class='ocrx_word' id='word_1_390' title='bbox 327 3185 487 3258; x_wconf 84' lang='grc' dir='ltr'>θροὺς</span> <span class='ocrx_word' id='word_1_391' title='bbox 521 3184 767 3255; x_wconf 66' lang='grc' dir='ltr'>ἐγένοντό</span> <span class='ocrx_word' id='word_1_392' title='bbox 802 3201 909 3256; x_wconf 85' lang='grc' dir='ltr'>μοι.</span> <span class='ocrx_word' id='word_1_393' title='bbox 948 3201 969 3234; x_wconf 68' lang='grc' dir='ltr'><strong>ι</strong></span> 
     </span>
    </p>
   </div>
   <div class='ocr_carea' id='block_1_51' title="bbox 399 3353 1896 3432">
    <p class='ocr_par' dir='ltr' id='par_1_51' title="bbox 399 3353 1896 3432">
     <span class='ocr_line' id='line_1_51' title="bbox 399 3353 1896 3432; baseline -0.005 -14"><span class='ocrx_word' id='word_1_394' title='bbox 399 3356 482 3418; x_wconf 87' lang='grc' dir='ltr'>οὗ</span> <span class='ocrx_word' id='word_1_395' title='bbox 507 3359 657 3432; x_wconf 73' lang='grc' dir='ltr'>ἀρᾶς</span> <span class='ocrx_word' id='word_1_396' title='bbox 684 3358 750 3413; x_wconf 88' lang='grc' dir='ltr'>τὸ</span> <span class='ocrx_word' id='word_1_397' title='bbox 772 3359 967 3428; x_wconf 83' lang='grc' dir='ltr'>στόμα</span> <span class='ocrx_word' id='word_1_398' title='bbox 989 3356 1175 3412; x_wconf 84' lang='grc' dir='ltr'>αὐτοῦ</span> <span class='ocrx_word' id='word_1_399' title='bbox 1199 3354 1380 3427; x_wconf 75' lang='grc' dir='ltr'>γέμει,</span> <span class='ocrx_word' id='word_1_400' title='bbox 1407 3355 1505 3411; x_wconf 77' lang='grc' dir='ltr'><strong>καί</strong></span> <span class='ocrx_word' id='word_1_401' title='bbox 1529 3355 1767 3424; x_wconf 81' lang='grc' dir='ltr'>πικρίας</span> <span class='ocrx_word' id='word_1_402' title='bbox 1795 3353 1896 3411; x_wconf 71' lang='grc' dir='ltr'>καὶ</span> 
     </span>
    </p>
   </div>
   <div class='ocr_carea' id='block_1_52' title="bbox 322 3446 1896 3521">
    <p class='ocr_par' dir='ltr' id='par_1_52' title="bbox 322 3446 1896 3521">
     <span class='ocr_line' id='line_1_52' title="bbox 322 3446 1896 3521; baseline -0.004 -12"><span class='ocrx_word' id='word_1_403' title='bbox 322 3454 543 3520; x_wconf 78' lang='grc' dir='ltr'>δόλου,</span> <span class='ocrx_word' id='word_1_404' title='bbox 577 3470 632 3506; x_wconf 89' lang='grc' dir='ltr'><strong>κ.</strong></span> <span class='ocrx_word' id='word_1_405' title='bbox 677 3468 729 3505; x_wconf 89' lang='grc' dir='ltr'><strong>τ.</strong></span> <span class='ocrx_word' id='word_1_406' title='bbox 760 3452 807 3505; x_wconf 83' lang='grc' dir='ltr'>ἑ.</span> <span class='ocrx_word' id='word_1_407' title='bbox 833 3447 957 3502; x_wconf 81' lang='grc' dir='ltr'><strong>-Τοῦ</strong></span> <span class='ocrx_word' id='word_1_408' title='bbox 999 3447 1232 3521; x_wconf 81' lang='grc' dir='ltr'>πονηροῦ</span> <span class='ocrx_word' id='word_1_409' title='bbox 1275 3446 1335 3501; x_wconf 81' lang='grc' dir='ltr'>τὸ</span> <span class='ocrx_word' id='word_1_410' title='bbox 1384 3447 1555 3518; x_wconf 85' lang='grc' dir='ltr'>στόμα</span> <span class='ocrx_word' id='word_1_411' title='bbox 1595 3447 1707 3519; x_wconf 82' lang='lat'><strong>(85)</strong></span> <span class='ocrx_word' id='word_1_412' title='bbox 1746 3446 1896 3502; x_wconf 81' lang='grc' dir='ltr'>οὐδὲν</span> 
     </span>
    </p>
   </div>
   <div class='ocr_carea' id='block_1_53' title="bbox 327 3539 1897 3618">
    <p class='ocr_par' dir='ltr' id='par_1_53' title="bbox 327 3539 1897 3618">
     <span class='ocr_line' id='line_1_53' title="bbox 327 3539 1897 3618; baseline -0.006 -18"><span class='ocrx_word' id='word_1_413' title='bbox 327 3545 625 3618; x_wconf 80' lang='grc' dir='ltr'>προσφέρει</span> <span class='ocrx_word' id='word_1_414' title='bbox 654 3540 971 3613; x_wconf 74' lang='grc' dir='ltr'>εὔχρηστον,</span> <span class='ocrx_word' id='word_1_415' title='bbox 1008 3540 1120 3593; x_wconf 89' lang='grc' dir='ltr'>ἀλλ’</span> <span class='ocrx_word' id='word_1_416' title='bbox 1148 3540 1250 3593; x_wconf 81' lang='grc' dir='ltr'>ὅσα</span> <span class='ocrx_word' id='word_1_417' title='bbox 1281 3540 1442 3593; x_wconf 89' lang='grc' dir='ltr'>πόνον</span> <span class='ocrx_word' id='word_1_418' title='bbox 1474 3539 1567 3593; x_wconf 77' lang='grc' dir='ltr'>καὶ</span> <span class='ocrx_word' id='word_1_419' title='bbox 1606 3539 1772 3593; x_wconf 88' lang='grc' dir='ltr'>κόπον</span> <span class='ocrx_word' id='word_1_420' title='bbox 1798 3540 1897 3610; x_wconf 80' lang='grc' dir='ltr'><strong>ὲμ-</strong></span> 
     </span>
    </p>
   </div>
   <div class='ocr_carea' id='block_1_54' title="bbox 326 3632 1897 3711">
    <p class='ocr_par' dir='ltr' id='par_1_54' title="bbox 326 3632 1897 3711">
     <span class='ocr_line' id='line_1_54' title="bbox 326 3632 1897 3711; baseline -0.003 -17"><span class='ocrx_word' id='word_1_421' title='bbox 326 3642 470 3694; x_wconf 82' lang='grc' dir='ltr'>ποιεῖ</span> <span class='ocrx_word' id='word_1_422' title='bbox 500 3641 610 3703; x_wconf 88' lang='grc' dir='ltr'>τοϊς</span> <span class='ocrx_word' id='word_1_423' title='bbox 645 3637 972 3711; x_wconf 78' lang='grc' dir='ltr'>δεχομένοις.</span> <span class='ocrx_word' id='word_1_424' title='bbox 1001 3637 1111 3691; x_wconf 76' lang='grc' dir='ltr'>Καὶ</span> <span class='ocrx_word' id='word_1_425' title='bbox 1155 3636 1226 3691; x_wconf 86' lang='grc' dir='ltr'><strong>τά</strong></span> <span class='ocrx_word' id='word_1_426' title='bbox 1273 3633 1382 3688; x_wconf 86' lang='grc' dir='ltr'>τῶν</span> <span class='ocrx_word' id='word_1_427' title='bbox 1410 3634 1612 3704; x_wconf 77' lang='grc' dir='ltr'>ἑτέρων</span> <span class='ocrx_word' id='word_1_428' title='bbox 1652 3632 1897 3704; x_wconf 84' lang='grc' dir='ltr'>στόματα</span> 
     </span>
    </p>
   </div>
   <div class='ocr_carea' id='block_1_55' title="bbox 325 3723 1898 3803">
    <p class='ocr_par' dir='ltr' id='par_1_55' title="bbox 325 3723 1898 3803">
     <span class='ocr_line' id='line_1_55' title="bbox 325 3723 1898 3803; baseline -0.005 -18"><span class='ocrx_word' id='word_1_429' title='bbox 325 3732 485 3803; x_wconf 84' lang='grc' dir='ltr'>γέμει</span> <span class='ocrx_word' id='word_1_430' title='bbox 511 3731 648 3801; x_wconf 70' lang='grc' dir='ltr'>ἀρᾶς</span> <span class='ocrx_word' id='word_1_431' title='bbox 673 3727 783 3782; x_wconf 83' lang='grc' dir='ltr'><strong>τῶν</strong></span> <span class='ocrx_word' id='word_1_432' title='bbox 812 3727 1248 3797; x_wconf 74' lang='grc' dir='ltr'>κακολογοῦντων</span> <span class='ocrx_word' id='word_1_433' title='bbox 1270 3727 1362 3781; x_wconf 76' lang='grc' dir='ltr'><strong>τὸν</strong></span> <span class='ocrx_word' id='word_1_434' title='bbox 1389 3724 1729 3797; x_wconf 84' lang='grc' dir='ltr'>Δημιουργδν</span> <span class='ocrx_word' id='word_1_435' title='bbox 1746 3765 1761 3790; x_wconf 93' lang='grc'><strong>,</strong></span> <span class='ocrx_word' id='word_1_436' title='bbox 1790 3723 1898 3777; x_wconf 84' lang='grc' dir='ltr'>λοι-</span> 
     </span>
    </p>
   </div>
   <div class='ocr_carea' id='block_1_56' title="bbox 323 3807 1895 3893">
    <p class='ocr_par' dir='ltr' id='par_1_56' title="bbox 323 3807 1895 3893">
     <span class='ocr_line' id='line_1_56' title="bbox 323 3807 1895 3893; baseline -0.008 -20"><span class='ocrx_word' id='word_1_437' title='bbox 323 3819 506 3893; x_wconf 87' lang='grc' dir='ltr'>δορίας</span> <span class='ocrx_word' id='word_1_438' title='bbox 527 3819 631 3873; x_wconf 82' lang='grc' dir='ltr'><strong>τῶν</strong></span> <span class='ocrx_word' id='word_1_439' title='bbox 653 3817 924 3890; x_wconf 87' lang='grc' dir='ltr'>λοιδόρων,</span> <span class='ocrx_word' id='word_1_440' title='bbox 947 3816 1170 3887; x_wconf 86' lang='grc' dir='ltr'>πικρίας</span> <span class='ocrx_word' id='word_1_441' title='bbox 1196 3815 1304 3869; x_wconf 85' lang='grc' dir='ltr'><strong>τῶν</strong></span> <span class='ocrx_word' id='word_1_442' title='bbox 1326 3813 1592 3886; x_wconf 86' lang='grc' dir='ltr'>θυμικῶν,</span> <span class='ocrx_word' id='word_1_443' title='bbox 1626 3810 1720 3864; x_wconf 69' lang='grc' dir='ltr'><strong>καὶ</strong></span> <span class='ocrx_word' id='word_1_444' title='bbox 1747 3807 1895 3862; x_wconf 77' lang='grc' dir='ltr'>δόλου</span> 
     </span>
    </p>
   </div>
   <div class='ocr_carea' id='block_1_57' title="bbox 326 3910 675 3966">
    <p class='ocr_par' dir='ltr' id='par_1_57' title="bbox 326 3910 675 3966">
     <span class='ocr_line' id='line_1_57' title="bbox 326 3910 675 3966; baseline 0.003 -2"><span class='ocrx_word' id='word_1_445' title='bbox 326 3910 432 3965; x_wconf 83' lang='grc' dir='ltr'>τῶν</span> <span class='ocrx_word' id='word_1_446' title='bbox 464 3911 675 3966; x_wconf 87' lang='grc' dir='ltr'>δολίων.</span> 
     </span>
    </p>
   </div>
   <div class='ocr_carea' id='block_1_58' title="bbox 401 4079 1898 4161">
    <p class='ocr_par' dir='ltr' id='par_1_58' title="bbox 401 4079 1898 4161">
     <span class='ocr_line' id='line_1_58' title="bbox 401 4079 1898 4161; baseline 0.001 -17"><span class='ocrx_word' id='word_1_447' title='bbox 401 4088 511 4144; x_wconf 85' lang='grc' dir='ltr'><strong>Τοῦ</strong></span> <span class='ocrx_word' id='word_1_448' title='bbox 548 4088 753 4145; x_wconf 82' lang='grc' dir='ltr'>αὑτοῦ.</span> <span class='ocrx_word' id='word_1_449' title='bbox 810 4089 869 4145; x_wconf 86' lang='grc' dir='ltr'>Ὀ</span> <span class='ocrx_word' id='word_1_450' title='bbox 897 4090 998 4161; x_wconf 79' lang='grc' dir='ltr'>τῆς</span> <span class='ocrx_word' id='word_1_451' title='bbox 1042 4089 1324 4160; x_wconf 81' lang='grc' dir='ltr'>ἁγιότητος</span> <span class='ocrx_word' id='word_1_452' title='bbox 1353 4082 1601 4140; x_wconf 76' lang='grc' dir='ltr'>ἐκπεσὼν</span> <span class='ocrx_word' id='word_1_453' title='bbox 1632 4080 1765 4155; x_wconf 58' lang='grc'>(86).</span> <span class='ocrx_word' id='word_1_454' title='bbox 1795 4079 1898 4152; x_wconf 79' lang='grc' dir='ltr'><strong>τῆς</strong></span> 
     </span>
    </p>
   </div>
   <div class='ocr_carea' id='block_1_59' title="bbox 326 4170 1898 4254">
    <p class='ocr_par' dir='ltr' id='par_1_59' title="bbox 326 4170 1898 4254">
     <span class='ocr_line' id='line_1_59' title="bbox 326 4170 1898 4254; baseline -0.008 -18"><span class='ocrx_word' id='word_1_455' title='bbox 326 4180 581 4254; x_wconf 78' lang='grc' dir='ltr'>ἀληθείας</span> <span class='ocrx_word' id='word_1_456' title='bbox 623 4182 717 4236; x_wconf 82' lang='grc' dir='ltr'><strong>καὶ</strong></span> <span class='ocrx_word' id='word_1_457' title='bbox 749 4181 998 4250; x_wconf 81' lang='grc' dir='ltr'>εὐλογίας</span> <span class='ocrx_word' id='word_1_458' title='bbox 1039 4180 1227 4253; x_wconf 76' lang='grc' dir='ltr'>πόρρω</span> <span class='ocrx_word' id='word_1_459' title='bbox 1258 4176 1449 4232; x_wconf 76' lang='grc' dir='ltr'>ἑαυτὸν</span> <span class='ocrx_word' id='word_1_460' title='bbox 1478 4174 1799 4242; x_wconf 87' lang='grc' dir='ltr'>ἀπαγαγὼν,</span> <span class='ocrx_word' id='word_1_461' title='bbox 1836 4170 1898 4224; x_wconf 76' lang='grc' dir='ltr'><strong>τὸ</strong></span> 
     </span>
    </p>
   </div>
   <div class='ocr_carea' id='block_1_60' title="bbox 328 4262 1898 4347">
    <p class='ocr_par' dir='ltr' id='par_1_60' title="bbox 328 4262 1898 4347">
     <span class='ocr_line' id='line_1_60' title="bbox 328 4262 1898 4347; baseline -0.007 -19"><span class='ocrx_word' id='word_1_462' title='bbox 328 4274 501 4345; x_wconf 83' lang='grc' dir='ltr'>στόμα</span> <span class='ocrx_word' id='word_1_463' title='bbox 530 4274 956 4347; x_wconf 81' lang='grc' dir='ltr'>πεπληρωμένον</span> <span class='ocrx_word' id='word_1_464' title='bbox 990 4273 1128 4343; x_wconf 81' lang='grc' dir='ltr'>ἀρᾶς</span> <span class='ocrx_word' id='word_1_465' title='bbox 1154 4271 1289 4343; x_wconf 74' lang='grc' dir='ltr'>ἔχει.</span> <span class='ocrx_word' id='word_1_466' title='bbox 1326 4270 1391 4323; x_wconf 85' lang='grc' dir='ltr'>δι’</span> <span class='ocrx_word' id='word_1_467' title='bbox 1418 4262 1493 4323; x_wconf 81' lang='grc' dir='ltr'>ὧν</span> <span class='ocrx_word' id='word_1_468' title='bbox 1520 4267 1666 4337; x_wconf 83' lang='grc' dir='ltr'>λέγει</span> <span class='ocrx_word' id='word_1_469' title='bbox 1696 4262 1898 4337; x_wconf 85' lang='grc' dir='ltr'>πειρώ-</span> 
     </span>
    </p>
   </div>
   <div class='ocr_carea' id='block_1_61' title="bbox 330 4356 1895 4438">
    <p class='ocr_par' dir='ltr' id='par_1_61' title="bbox 330 4356 1895 4438">
     <span class='ocr_line' id='line_1_61' title="bbox 330 4356 1895 4438; baseline -0.005 -20"><span class='ocrx_word' id='word_1_470' title='bbox 330 4383 489 4437; x_wconf 88' lang='grc' dir='ltr'>μενος</span> <span class='ocrx_word' id='word_1_471' title='bbox 530 4366 635 4419; x_wconf 84' lang='grc' dir='ltr'>ὑπὸ</span> <span class='ocrx_word' id='word_1_472' title='bbox 676 4366 896 4420; x_wconf 84' lang='grc' dir='ltr'>κόλασιν</span> <span class='ocrx_word' id='word_1_473' title='bbox 930 4367 1023 4420; x_wconf 73' lang='grc' dir='ltr'><strong>καὶ</strong></span> <span class='ocrx_word' id='word_1_474' title='bbox 1051 4363 1191 4438; x_wconf 85' lang='grc' dir='ltr'><strong>ἀράν</strong></span> <span class='ocrx_word' id='word_1_475' title='bbox 1225 4364 1398 4417; x_wconf 84' lang='grc' dir='ltr'>ποιεῖν</span> <span class='ocrx_word' id='word_1_476' title='bbox 1446 4360 1572 4425; x_wconf 79' lang='grc' dir='ltr'>τοὺς</span> <span class='ocrx_word' id='word_1_477' title='bbox 1600 4356 1895 4429; x_wconf 84' lang='grc' dir='ltr'>ἀπατωμέ-</span> 
     </span>
    </p>
   </div>
   <div class='ocr_carea' id='block_1_62' title="bbox 2001 1890 3566 1963">
    <p class='ocr_par' dir='ltr' id='par_1_62' title="bbox 2001 1890 3566 1963">
     <span class='ocr_line' id='line_1_62' title="bbox 2001 1890 3566 1963; baseline 0 -17"><span class='ocrx_word' id='word_1_478' title='bbox 2001 1891 2284 1946; x_wconf 84' lang='lat' dir='ltr'><strong>ambulans</strong></span> <span class='ocrx_word' id='word_1_479' title='bbox 2316 1900 2482 1946; x_wconf 86' lang='lat' dir='ltr'><strong>totam</strong></span> <span class='ocrx_word' id='word_1_480' title='bbox 2518 1906 2642 1962; x_wconf 67' lang='lat' dir='ltr'><strong>qua:</strong></span> <span class='ocrx_word' id='word_1_481' title='bbox 2674 1892 2775 1948; x_wconf 88' lang='lat' dir='ltr'><strong>sub</strong></span> <span class='ocrx_word' id='word_1_482' title='bbox 2801 1892 2942 1948; x_wconf 61' lang='lat' dir='ltr'><strong>caelo</strong></span> <span class='ocrx_word' id='word_1_483' title='bbox 2976 1902 3080 1955; x_wconf 91' lang='lat' dir='ltr'><strong>est,</strong></span> <span class='ocrx_word' id='word_1_484' title='bbox 3099 1891 3311 1946; x_wconf 88' lang='lat' dir='ltr'><strong>adsum.</strong></span> <span class='ocrx_word' id='word_1_485' title='bbox 3342 1910 3363 1944; x_wconf 75' lang='grc' dir='ltr'><strong>ι</strong></span> <span class='ocrx_word' id='word_1_486' title='bbox 3401 1890 3566 1963; x_wconf 81' lang='lat' dir='ltr'><strong>Atqui</strong></span> 
     </span>
    </p>
   </div>
   <div class='ocr_carea' id='block_1_63' title="bbox 2002 1980 3396 2052">
    <p class='ocr_par' dir='ltr' id='par_1_63' title="bbox 2002 1980 3396 2052">
     <span class='ocr_line' id='line_1_63' title="bbox 2002 1980 3396 2052; baseline 0.001 -16"><span class='ocrx_word' id='word_1_487' title='bbox 2002 1980 2210 2039; x_wconf 86' lang='lat' dir='ltr'><strong>elIicere</strong></span> <span class='ocrx_word' id='word_1_488' title='bbox 2237 1998 2344 2036; x_wconf 90' lang='lat' dir='ltr'><strong>non</strong></span> <span class='ocrx_word' id='word_1_489' title='bbox 2374 1982 2553 2051; x_wconf 87' lang='lat' dir='ltr'><strong>potuit</strong></span> <span class='ocrx_word' id='word_1_490' title='bbox 2587 1990 2645 2036; x_wconf 88' lang='lat' dir='ltr'><strong>ut</strong></span> <span class='ocrx_word' id='word_1_491' title='bbox 2667 1980 2772 2036; x_wconf 80' lang='lat' dir='ltr'><strong>Job</strong></span> <span class='ocrx_word' id='word_1_492' title='bbox 2799 1983 3093 2052; x_wconf 82' lang='lat' dir='ltr'><strong>quidquam</strong></span> <span class='ocrx_word' id='word_1_493' title='bbox 3125 1991 3396 2050; x_wconf 89' lang='lat' dir='ltr'><strong>peccaret.</strong></span> 
     </span>
    </p>
   </div>
   <div class='ocr_carea' id='block_1_64' title="bbox 2072 2071 3563 2142">
    <p class='ocr_par' dir='ltr' id='par_1_64' title="bbox 2072 2071 3563 2142">
     <span class='ocr_line' id='line_1_64' title="bbox 2072 2071 3563 2142; baseline -0.001 -14"><span class='ocrx_word' id='word_1_494' title='bbox 2072 2072 2345 2142; x_wconf 82' lang='lat' dir='ltr'><strong>Ejusdem.</strong></span> <span class='ocrx_word' id='word_1_495' title='bbox 2392 2071 2450 2127; x_wconf 92' lang='lat' dir='ltr'><strong>Si</strong></span> <span class='ocrx_word' id='word_1_496' title='bbox 2487 2073 2577 2141; x_wconf 89' lang='lat' dir='ltr'><strong>qui</strong></span> <span class='ocrx_word' id='word_1_497' title='bbox 2623 2071 2934 2142; x_wconf 85' lang='lat' dir='ltr'><strong>proficiunt,</strong></span> <span class='ocrx_word' id='word_1_498' title='bbox 3000 2086 3097 2140; x_wconf 86' lang='lat' dir='ltr'><strong>per</strong></span> <span class='ocrx_word' id='word_1_499' title='bbox 3158 2075 3563 2126; x_wconf 85' lang='lat' dir='ltr'><strong>decrementum</strong></span> 
     </span>
    </p>
   </div>
   <div class='ocr_carea' id='block_1_65' title="bbox 2003 2162 3561 2234">
    <p class='ocr_par' dir='ltr' id='par_1_65' title="bbox 2003 2162 3561 2234">
     <span class='ocr_line' id='line_1_65' title="bbox 2003 2162 3561 2234; baseline -0.004 -11"><span class='ocrx_word' id='word_1_500' title='bbox 2003 2165 2223 2223; x_wconf 71' lang='lat' dir='ltr'><strong>malitia:</strong></span> <span class='ocrx_word' id='word_1_501' title='bbox 2273 2164 2583 2233; x_wconf 84' lang='lat' dir='ltr'><strong>proficiunt,</strong></span> <span class='ocrx_word' id='word_1_502' title='bbox 2624 2163 2758 2234; x_wconf 88' lang='lat' dir='ltr'><strong>justi</strong></span> <span class='ocrx_word' id='word_1_503' title='bbox 2807 2163 3067 2218; x_wconf 88' lang='lat' dir='ltr'><strong>dicuntur</strong></span> <span class='ocrx_word' id='word_1_504' title='bbox 3120 2164 3213 2232; x_wconf 90' lang='lat' dir='ltr'><strong>qui</strong></span> <span class='ocrx_word' id='word_1_505' title='bbox 3262 2162 3561 2232; x_wconf 84' lang='lat' dir='ltr'><strong>perfectum</strong></span> 
     </span>
    </p>
   </div>
   <div class='ocr_carea' id='block_1_66' title="bbox 2001 2253 3563 2326">
    <p class='ocr_par' dir='ltr' id='par_1_66' title="bbox 2001 2253 3563 2326">
     <span class='ocr_line' id='line_1_66' title="bbox 2001 2253 3563 2326; baseline -0.003 -15"><span class='ocrx_word' id='word_1_506' title='bbox 2001 2257 2245 2311; x_wconf 87' lang='lat' dir='ltr'><strong>habitum</strong></span> <span class='ocrx_word' id='word_1_507' title='bbox 2271 2255 2495 2326; x_wconf 70' lang='lat' dir='ltr'><strong>justitiaa</strong></span> <span class='ocrx_word' id='word_1_508' title='bbox 2523 2255 2820 2324; x_wconf 85' lang='lat' dir='ltr'><strong>possident,</strong></span> <span class='ocrx_word' id='word_1_509' title='bbox 2850 2263 2904 2310; x_wconf 89' lang='lat' dir='ltr'><strong>et</strong></span> <span class='ocrx_word' id='word_1_510' title='bbox 2929 2255 3022 2324; x_wconf 91' lang='lat' dir='ltr'><strong>qui</strong></span> <span class='ocrx_word' id='word_1_511' title='bbox 3064 2254 3273 2324; x_wconf 87' lang='lat' dir='ltr'><strong>absque</strong></span> <span class='ocrx_word' id='word_1_512' title='bbox 3315 2253 3425 2308; x_wconf 91' lang='lat' dir='ltr'><strong>ullo</strong></span> <span class='ocrx_word' id='word_1_513' title='bbox 3459 2253 3563 2308; x_wconf 87' lang='lat' dir='ltr'><strong>itn-</strong></span> 
     </span>
    </p>
   </div>
   <div class='ocr_carea' id='block_1_67' title="bbox 2000 2344 3559 2417">
    <p class='ocr_par' dir='ltr' id='par_1_67' title="bbox 2000 2344 3559 2417">
     <span class='ocr_line' id='line_1_67' title="bbox 2000 2344 3559 2417; baseline -0.001 -16"><span class='ocrx_word' id='word_1_514' title='bbox 2000 2346 2311 2416; x_wconf 87' lang='lat' dir='ltr'><strong>pedimento</strong></span> <span class='ocrx_word' id='word_1_515' title='bbox 2342 2346 2650 2417; x_wconf 82' lang='lat' dir='ltr'><strong>proficiunt.</strong></span> <span class='ocrx_word' id='word_1_516' title='bbox 2706 2362 2727 2396; x_wconf 76' lang='grc' dir='ltr'><strong>ι</strong></span> <span class='ocrx_word' id='word_1_517' title='bbox 2765 2344 2951 2401; x_wconf 79' lang='lat' dir='ltr'><strong>Justus</strong></span> <span class='ocrx_word' id='word_1_518' title='bbox 2992 2346 3157 2411; x_wconf 86' lang='lat' dir='ltr'><strong>enim,</strong></span> <span class='ocrx_word' id='word_1_519' title='bbox 3205 2346 3380 2416; x_wconf 89' lang='lat' dir='ltr'><strong>inquit</strong></span> <span class='ocrx_word' id='word_1_520' title='bbox 3408 2345 3474 2414; x_wconf 62' lang='grc' dir='ltr'>ιδ,</span> <span class='ocrx_word' id='word_1_521' title='bbox 3505 2346 3559 2400; x_wconf 91' lang='lat' dir='ltr'><strong>in</strong></span> 
     </span>
    </p>
   </div>
   <div class='ocr_carea' id='block_1_68' title="bbox 2001 2436 3559 2509">
    <p class='ocr_par' dir='ltr' id='par_1_68' title="bbox 2001 2436 3559 2509">
     <span class='ocr_line' id='line_1_68' title="bbox 2001 2436 3559 2509; baseline -0.001 -17"><span class='ocrx_word' id='word_1_522' title='bbox 2001 2438 2269 2509; x_wconf 88' lang='lat' dir='ltr'><strong>principio</strong></span> <span class='ocrx_word' id='word_1_523' title='bbox 2295 2437 2559 2492; x_wconf 89' lang='lat' dir='ltr'><strong>sermonis</strong></span> <span class='ocrx_word' id='word_1_524' title='bbox 2594 2446 2878 2492; x_wconf 90' lang='lat' dir='ltr'><strong>accusator</strong></span> <span class='ocrx_word' id='word_1_525' title='bbox 2900 2446 2985 2493; x_wconf 91' lang='lat' dir='ltr'><strong>est</strong></span> <span class='ocrx_word' id='word_1_526' title='bbox 3011 2438 3115 2493; x_wconf 90' lang='lat' dir='ltr'><strong>sui.</strong></span> <span class='ocrx_word' id='word_1_527' title='bbox 3147 2454 3167 2488; x_wconf 77' lang='grc' dir='ltr'><strong>ι</strong></span> <span class='ocrx_word' id='word_1_528' title='bbox 3201 2436 3267 2490; x_wconf 86' lang='lat' dir='ltr'><strong>Et</strong></span> <span class='ocrx_word' id='word_1_529' title='bbox 3293 2436 3559 2505; x_wconf 83' lang='lat' dir='ltr'><strong>sijustus,</strong></span> 
     </span>
    </p>
   </div>
   <div class='ocr_carea' id='block_1_69' title="bbox 1999 2529 3564 2607">
    <p class='ocr_par' dir='ltr' id='par_1_69' title="bbox 1999 2529 3564 2607">
     <span class='ocr_line' id='line_1_69' title="bbox 1999 2529 3564 2607; baseline -0.003 -20"><span class='ocrx_word' id='word_1_530' title='bbox 1999 2531 2270 2607; x_wconf 87' lang='lat' dir='ltr'><strong>quomodo</strong></span> <span class='ocrx_word' id='word_1_531' title='bbox 2316 2529 2660 2585; x_wconf 79' lang='lat' dir='ltr'><strong>accusator?</strong></span> <span class='ocrx_word' id='word_1_532' title='bbox 2716 2529 2773 2584; x_wconf 92' lang='lat' dir='ltr'><strong>Si</strong></span> <span class='ocrx_word' id='word_1_533' title='bbox 2833 2540 3013 2585; x_wconf 87' lang='lat' dir='ltr'><strong>autem</strong></span> <span class='ocrx_word' id='word_1_534' title='bbox 3091 2538 3398 2592; x_wconf 86' lang='lat' dir='ltr'><strong>accusator,</strong></span> <span class='ocrx_word' id='word_1_535' title='bbox 3455 2543 3564 2583; x_wconf 89' lang='lat' dir='ltr'><strong>non</strong></span> 
     </span>
    </p>
   </div>
   <div class='ocr_carea' id='block_1_70' title="bbox 2000 2620 3560 2696">
    <p class='ocr_par' dir='ltr' id='par_1_70' title="bbox 2000 2620 3560 2696">
     <span class='ocr_line' id='line_1_70' title="bbox 2000 2620 3560 2696; baseline -0.003 -18"><span class='ocrx_word' id='word_1_536' title='bbox 2000 2625 2161 2696; x_wconf 87' lang='lat' dir='ltr'><strong>plane</strong></span> <span class='ocrx_word' id='word_1_537' title='bbox 2197 2624 2472 2695; x_wconf 87' lang='lat' dir='ltr'><strong>perfectus</strong></span> <span class='ocrx_word' id='word_1_538' title='bbox 2500 2629 2584 2676; x_wconf 90' lang='lat' dir='ltr'><strong>est</strong></span> <span class='ocrx_word' id='word_1_539' title='bbox 2609 2621 2806 2691; x_wconf 89' lang='lat' dir='ltr'><strong>justus.</strong></span> <span class='ocrx_word' id='word_1_540' title='bbox 2837 2639 2857 2672; x_wconf 73' lang='grc' dir='ltr'><strong>ι</strong></span> <span class='ocrx_word' id='word_1_541' title='bbox 2895 2620 3036 2676; x_wconf 89' lang='lat' dir='ltr'><strong>Doce</strong></span> <span class='ocrx_word' id='word_1_542' title='bbox 3061 2621 3288 2691; x_wconf 86' lang='lat' dir='ltr'><strong>justum,</strong></span> <span class='ocrx_word' id='word_1_543' title='bbox 3320 2630 3373 2677; x_wconf 91' lang='lat' dir='ltr'><strong>et</strong></span> <span class='ocrx_word' id='word_1_544' title='bbox 3404 2620 3560 2675; x_wconf 84' lang='lat' dir='ltr'><strong>festi-</strong></span> 
     </span>
    </p>
   </div>
   <div class='ocr_carea' id='block_1_71' title="bbox 2000 2713 3562 2788">
    <p class='ocr_par' dir='ltr' id='par_1_71' title="bbox 2000 2713 3562 2788">
     <span class='ocr_line' id='line_1_71' title="bbox 2000 2713 3562 2788; baseline -0.003 -16"><span class='ocrx_word' id='word_1_545' title='bbox 2000 2716 2153 2772; x_wconf 86' lang='lat' dir='ltr'><strong>nabit</strong></span> <span class='ocrx_word' id='word_1_546' title='bbox 2182 2715 2432 2788; x_wconf 86' lang='lat' dir='ltr'><strong>accipere</strong></span> <span class='ocrx_word' id='word_1_547' title='bbox 2479 2713 2546 2766; x_wconf 80' lang='lat'><strong>“.</strong></span> <span class='ocrx_word' id='word_1_548' title='bbox 2585 2731 2606 2766; x_wconf 70' lang='grc' dir='ltr'><strong>ι</strong></span> <span class='ocrx_word' id='word_1_549' title='bbox 2658 2715 2828 2769; x_wconf 81' lang='lat' dir='ltr'><strong>Recte</strong></span> <span class='ocrx_word' id='word_1_550' title='bbox 2873 2716 3041 2785; x_wconf 84' lang='lat' dir='ltr'><strong>igitur</strong></span> <span class='ocrx_word' id='word_1_551' title='bbox 3071 2714 3317 2769; x_wconf 84' lang='lat' dir='ltr'><strong>diabolus</strong></span> <span class='ocrx_word' id='word_1_552' title='bbox 3359 2714 3562 2769; x_wconf 89' lang='lat' dir='ltr'><strong>dicitur</strong></span> 
     </span>
    </p>
   </div>
   <div class='ocr_carea' id='block_1_72' title="bbox 2001 2805 3559 2876">
    <p class='ocr_par' dir='ltr' id='par_1_72' title="bbox 2001 2805 3559 2876">
     <span class='ocr_line' id='line_1_72' title="bbox 2001 2805 3559 2876; baseline -0.003 -13"><span class='ocrx_word' id='word_1_553' title='bbox 2001 2806 2241 2863; x_wconf 88' lang='lat' dir='ltr'><strong>omnium</strong></span> <span class='ocrx_word' id='word_1_554' title='bbox 2275 2806 2621 2862; x_wconf 90' lang='lat' dir='ltr'><strong>inimicorum</strong></span> <span class='ocrx_word' id='word_1_555' title='bbox 2667 2820 2892 2860; x_wconf 88' lang='lat' dir='ltr'><strong>suorum</strong></span> <span class='ocrx_word' id='word_1_556' title='bbox 2936 2805 3225 2869; x_wconf 82' lang='lat' dir='ltr'><strong>dominari,</strong></span> <span class='ocrx_word' id='word_1_557' title='bbox 3274 2820 3378 2859; x_wconf 92' lang='lat' dir='ltr'><strong>nou</strong></span> <span class='ocrx_word' id='word_1_558' title='bbox 3433 2821 3559 2876; x_wconf 89' lang='lat' dir='ltr'><strong>per-</strong></span> 
     </span>
    </p>
   </div>
   <div class='ocr_carea' id='block_1_73' title="bbox 2002 2895 3556 2966">
    <p class='ocr_par' dir='ltr' id='par_1_73' title="bbox 2002 2895 3556 2966">
     <span class='ocr_line' id='line_1_73' title="bbox 2002 2895 3556 2966; baseline 0 -13"><span class='ocrx_word' id='word_1_559' title='bbox 2002 2897 2266 2955; x_wconf 80' lang='lat' dir='ltr'><strong>fectorum</strong></span> <span class='ocrx_word' id='word_1_560' title='bbox 2300 2898 2574 2962; x_wconf 83' lang='lat' dir='ltr'><strong>videlicet,</strong></span> <span class='ocrx_word' id='word_1_561' title='bbox 2607 2897 2699 2952; x_wconf 87' lang='lat' dir='ltr'><strong>sed</strong></span> <span class='ocrx_word' id='word_1_562' title='bbox 2723 2912 2910 2951; x_wconf 91' lang='lat' dir='ltr'><strong>eorum</strong></span> <span class='ocrx_word' id='word_1_563' title='bbox 2938 2899 3031 2966; x_wconf 90' lang='lat' dir='ltr'><strong>qui</strong></span> <span class='ocrx_word' id='word_1_564' title='bbox 3062 2897 3129 2951; x_wconf 89' lang='lat' dir='ltr'><strong>ad</strong></span> <span class='ocrx_word' id='word_1_565' title='bbox 3170 2895 3556 2966; x_wconf 73' lang='lat' dir='ltr'><strong>perfectionem</strong></span> 
     </span>
    </p>
   </div>
   <div class='ocr_carea' id='block_1_74' title="bbox 2003 2987 3558 3056">
    <p class='ocr_par' dir='ltr' id='par_1_74' title="bbox 2003 2987 3558 3056">
     <span class='ocr_line' id='line_1_74' title="bbox 2003 2987 3558 3056; baseline -0.003 -9"><span class='ocrx_word' id='word_1_566' title='bbox 2003 2993 2249 3048; x_wconf 87' lang='lat' dir='ltr'><strong>tendunt.</strong></span> <span class='ocrx_word' id='word_1_567' title='bbox 2269 2989 2402 3045; x_wconf 84' lang='lat' dir='ltr'><strong>Nam</strong></span> <span class='ocrx_word' id='word_1_568' title='bbox 2429 2991 2472 3045; x_wconf 91' lang='lat' dir='ltr'><strong>si</strong></span> <span class='ocrx_word' id='word_1_569' title='bbox 2492 3006 2599 3045; x_wconf 94' lang='lat' dir='ltr'><strong>non</strong></span> <span class='ocrx_word' id='word_1_570' title='bbox 2620 2998 2767 3044; x_wconf 86' lang='lat' dir='ltr'><strong>esset</strong></span> <span class='ocrx_word' id='word_1_571' title='bbox 2788 2988 3046 3043; x_wconf 82' lang='lat' dir='ltr'><strong>adversus</strong></span> <span class='ocrx_word' id='word_1_572' title='bbox 3077 2987 3333 3043; x_wconf 86' lang='lat' dir='ltr'><strong>Satanam</strong></span> <span class='ocrx_word' id='word_1_573' title='bbox 3352 2989 3558 3056; x_wconf 85' lang='lat' dir='ltr'><strong>odium,</strong></span> 
     </span>
    </p>
   </div>
   <div class='ocr_carea' id='block_1_75' title="bbox 2001 3080 3563 3155">
    <p class='ocr_par' dir='ltr' id='par_1_75' title="bbox 2001 3080 3563 3155">
     <span class='ocr_line' id='line_1_75' title="bbox 2001 3080 3563 3155; baseline -0.004 -15"><span class='ocrx_word' id='word_1_574' title='bbox 2001 3094 2057 3141; x_wconf 89' lang='lat' dir='ltr'><strong>et</strong></span> <span class='ocrx_word' id='word_1_575' title='bbox 2083 3083 2457 3155; x_wconf 87' lang='lat' dir='ltr'><strong>imperfectum</strong></span> <span class='ocrx_word' id='word_1_576' title='bbox 2485 3093 2541 3138; x_wconf 91' lang='lat' dir='ltr'><strong>et</strong></span> <span class='ocrx_word' id='word_1_577' title='bbox 2574 3081 2899 3151; x_wconf 88' lang='lat' dir='ltr'><strong>perfectum,</strong></span> <span class='ocrx_word' id='word_1_578' title='bbox 2947 3096 3053 3135; x_wconf 93' lang='lat' dir='ltr'><strong>non</strong></span> <span class='ocrx_word' id='word_1_579' title='bbox 3108 3081 3298 3150; x_wconf 87' lang='lat' dir='ltr'><strong>utique</strong></span> <span class='ocrx_word' id='word_1_580' title='bbox 3338 3080 3563 3135; x_wconf 78' lang='lat' dir='ltr'><strong>dixisset</strong></span> 
     </span>
    </p>
   </div>
   <div class='ocr_carea' id='block_1_76' title="bbox 2002 3171 3559 3239">
    <p class='ocr_par' dir='ltr' id='par_1_76' title="bbox 2002 3171 3559 3239">
     <span class='ocr_line' id='line_1_76' title="bbox 2002 3171 3559 3239; baseline -0.004 -7"><span class='ocrx_word' id='word_1_581' title='bbox 2002 3177 2172 3232; x_wconf 84' lang='lat' dir='ltr'><strong>David</strong></span> <span class='ocrx_word' id='word_1_582' title='bbox 2199 3176 2242 3207; x_wconf 79' lang='lat'><strong>“</strong></span> <span class='ocrx_word' id='word_1_583' title='bbox 2274 3194 2290 3232; x_wconf 88' lang='lat'><strong>:</strong></span> <span class='ocrx_word' id='word_1_584' title='bbox 2335 3192 2355 3227; x_wconf 81' lang='grc' dir='ltr'><strong>ι</strong></span> <span class='ocrx_word' id='word_1_585' title='bbox 2387 3174 2636 3230; x_wconf 88' lang='lat' dir='ltr'><strong>Perfecto</strong></span> <span class='ocrx_word' id='word_1_586' title='bbox 2665 3173 2789 3229; x_wconf 88' lang='lat' dir='ltr'><strong>odio</strong></span> <span class='ocrx_word' id='word_1_587' title='bbox 2815 3174 3038 3229; x_wconf 92' lang='lat' dir='ltr'><strong>oderam</strong></span> <span class='ocrx_word' id='word_1_588' title='bbox 3069 3171 3212 3239; x_wconf 90' lang='lat' dir='ltr'><strong>illos,</strong></span> <span class='ocrx_word' id='word_1_589' title='bbox 3257 3181 3311 3226; x_wconf 89' lang='lat' dir='ltr'><strong>et</strong></span> <span class='ocrx_word' id='word_1_590' title='bbox 3351 3171 3559 3226; x_wconf 88' lang='lat' dir='ltr'><strong>inimici</strong></span> 
     </span>
    </p>
   </div>
   <div class='ocr_carea' id='block_1_77' title="bbox 1998 3265 2520 3324">
    <p class='ocr_par' dir='ltr' id='par_1_77' title="bbox 1998 3265 2520 3324">
     <span class='ocr_line' id='line_1_77' title="bbox 1998 3265 2520 3324; baseline -0.01 -2"><span class='ocrx_word' id='word_1_591' title='bbox 1998 3269 2127 3323; x_wconf 85' lang='lat' dir='ltr'><strong>facti</strong></span> <span class='ocrx_word' id='word_1_592' title='bbox 2153 3277 2280 3324; x_wconf 84' lang='lat' dir='ltr'><strong>sunt</strong></span> <span class='ocrx_word' id='word_1_593' title='bbox 2313 3265 2467 3322; x_wconf 91' lang='lat' dir='ltr'><strong>mihi.</strong></span> <span class='ocrx_word' id='word_1_594' title='bbox 2500 3284 2520 3317; x_wconf 75' lang='grc' dir='ltr'><strong>ι</strong></span> 
     </span>
    </p>
   </div>
   <div class='ocr_carea' id='block_1_78' title="bbox 2066 3355 3559 3427">
    <p class='ocr_par' dir='ltr' id='par_1_78' title="bbox 2066 3355 3559 3427">
     <span class='ocr_line' id='line_1_78' title="bbox 2066 3355 3559 3427; baseline -0.004 -12"><span class='ocrx_word' id='word_1_595' title='bbox 2066 3359 2232 3416; x_wconf 65' lang='lat' dir='ltr'><strong>Vsus.</strong></span> <span class='ocrx_word' id='word_1_596' title='bbox 2272 3358 2326 3414; x_wconf 86' lang='lat'><strong>7.</strong></span> <span class='ocrx_word' id='word_1_597' title='bbox 2363 3358 2530 3427; x_wconf 74' lang='lat' dir='ltr'><strong>Cujus</strong></span> <span class='ocrx_word' id='word_1_598' title='bbox 2575 3356 2942 3413; x_wconf 79' lang='lat' dir='ltr'><strong>maledictione</strong></span> <span class='ocrx_word' id='word_1_599' title='bbox 2982 3373 3038 3411; x_wconf 75' lang='lat' dir='ltr'><strong>os</strong></span> <span class='ocrx_word' id='word_1_600' title='bbox 3092 3355 3302 3425; x_wconf 83' lang='lat' dir='ltr'><strong>plenum</strong></span> <span class='ocrx_word' id='word_1_601' title='bbox 3347 3364 3447 3422; x_wconf 75' lang='lat' dir='ltr'><strong>est,</strong></span> <span class='ocrx_word' id='word_1_602' title='bbox 3507 3364 3559 3409; x_wconf 76' lang='lat' dir='ltr'><strong>et</strong></span> 
     </span>
    </p>
   </div>
   <div class='ocr_carea' id='block_1_79' title="bbox 1998 3447 3560 3520">
    <p class='ocr_par' dir='ltr' id='par_1_79' title="bbox 1998 3447 3560 3520">
     <span class='ocr_line' id='line_1_79' title="bbox 1998 3447 3560 3520; baseline -0.003 -13"><span class='ocrx_word' id='word_1_603' title='bbox 1998 3451 2353 3509; x_wconf 76' lang='lat' dir='ltr'><strong>amaritudine</strong></span> <span class='ocrx_word' id='word_1_604' title='bbox 2377 3461 2426 3507; x_wconf 82' lang='lat' dir='ltr'><strong>et</strong></span> <span class='ocrx_word' id='word_1_605' title='bbox 2464 3450 2608 3516; x_wconf 86' lang='lat' dir='ltr'><strong>dolo,</strong></span> <span class='ocrx_word' id='word_1_606' title='bbox 2637 3460 2744 3506; x_wconf 88' lang='lat' dir='ltr'><strong>etc.</strong></span> <span class='ocrx_word' id='word_1_607' title='bbox 2778 3448 2859 3505; x_wconf 88' lang='lat' dir='ltr'><strong>Ex</strong></span> <span class='ocrx_word' id='word_1_608' title='bbox 2878 3463 2975 3504; x_wconf 89' lang='lat' dir='ltr'><strong>ore</strong></span> <span class='ocrx_word' id='word_1_609' title='bbox 2999 3448 3241 3520; x_wconf 87' lang='lat' dir='ltr'><strong>perversi</strong></span> <span class='ocrx_word' id='word_1_610' title='bbox 3266 3447 3399 3502; x_wconf 85' lang='lat' dir='ltr'><strong>nihil</strong></span> <span class='ocrx_word' id='word_1_611' title='bbox 3430 3447 3560 3503; x_wconf 87' lang='lat' dir='ltr'><strong>boni</strong></span> 
     </span>
    </p>
   </div>
   <div class='ocr_carea' id='block_1_80' title="bbox 1996 3536 3562 3615">
    <p class='ocr_par' dir='ltr' id='par_1_80' title="bbox 1996 3536 3562 3615">
     <span class='ocr_line' id='line_1_80' title="bbox 1996 3536 3562 3615; baseline -0.005 -16"><span class='ocrx_word' id='word_1_612' title='bbox 1996 3545 2204 3615; x_wconf 84' lang='lat' dir='ltr'><strong>prodit,</strong></span> <span class='ocrx_word' id='word_1_613' title='bbox 2236 3543 2331 3600; x_wconf 88' lang='lat' dir='ltr'><strong>sed</strong></span> <span class='ocrx_word' id='word_1_614' title='bbox 2357 3556 2693 3613; x_wconf 66' lang='lat' dir='ltr'><strong>quaecunque</strong></span> <span class='ocrx_word' id='word_1_615' title='bbox 2727 3540 2970 3596; x_wconf 88' lang='lat' dir='ltr'><strong>dolorem</strong></span> <span class='ocrx_word' id='word_1_616' title='bbox 3021 3548 3077 3593; x_wconf 92' lang='lat' dir='ltr'><strong>et</strong></span> <span class='ocrx_word' id='word_1_617' title='bbox 3120 3538 3362 3593; x_wconf 89' lang='lat' dir='ltr'><strong>laborem</strong></span> <span class='ocrx_word' id='word_1_618' title='bbox 3394 3536 3562 3610; x_wconf 66' lang='lat'><strong>589</strong></span> 
     </span>
    </p>
   </div>
   <div class='ocr_carea' id='block_1_81' title="bbox 1997 3630 3558 3707">
    <p class='ocr_par' dir='ltr' id='par_1_81' title="bbox 1997 3630 3558 3707">
     <span class='ocr_line' id='line_1_81' title="bbox 1997 3630 3558 3707; baseline -0.006 -16"><span class='ocrx_word' id='word_1_619' title='bbox 1997 3634 2426 3707; x_wconf 88' lang='lat' dir='ltr'><strong>percipientibus</strong></span> <span class='ocrx_word' id='word_1_620' title='bbox 2476 3635 2712 3703; x_wconf 82' lang='lat' dir='ltr'><strong>pariunt.</strong></span> <span class='ocrx_word' id='word_1_621' title='bbox 2777 3630 3023 3685; x_wconf 85' lang='lat' dir='ltr'><strong>Aliorum</strong></span> <span class='ocrx_word' id='word_1_622' title='bbox 3074 3644 3310 3700; x_wconf 89' lang='lat' dir='ltr'><strong>quoque,</strong></span> <span class='ocrx_word' id='word_1_623' title='bbox 3367 3645 3558 3685; x_wconf 85' lang='lat' dir='ltr'><strong>eorum</strong></span> 
     </span>
    </p>
   </div>
   <div class='ocr_carea' id='block_1_82' title="bbox 1999 3720 3561 3796">
    <p class='ocr_par' dir='ltr' id='par_1_82' title="bbox 1999 3720 3561 3796">
     <span class='ocr_line' id='line_1_82' title="bbox 1999 3720 3561 3796; baseline -0.004 -15"><span class='ocrx_word' id='word_1_624' title='bbox 1999 3740 2193 3796; x_wconf 86' lang='lat' dir='ltr'><strong>nempe</strong></span> <span class='ocrx_word' id='word_1_625' title='bbox 2239 3725 2330 3796; x_wconf 91' lang='lat' dir='ltr'><strong>qui</strong></span> <span class='ocrx_word' id='word_1_626' title='bbox 2376 3726 2446 3779; x_wconf 88' lang='lat' dir='ltr'><strong>de</strong></span> <span class='ocrx_word' id='word_1_627' title='bbox 2493 3724 2757 3779; x_wconf 80' lang='lat' dir='ltr'><strong>Creatore</strong></span> <span class='ocrx_word' id='word_1_628' title='bbox 2789 3722 2934 3776; x_wconf 87' lang='lat' dir='ltr'><strong>male</strong></span> <span class='ocrx_word' id='word_1_629' title='bbox 2980 3720 3295 3791; x_wconf 88' lang='lat' dir='ltr'><strong>loquuntur,</strong></span> <span class='ocrx_word' id='word_1_630' title='bbox 3330 3721 3561 3776; x_wconf 65' lang='lat' dir='ltr'><strong>maledi~</strong></span> 
     </span>
    </p>
   </div>
   <div class='ocr_carea' id='block_1_83' title="bbox 1998 3811 3560 3883">
    <p class='ocr_par' dir='ltr' id='par_1_83' title="bbox 1998 3811 3560 3883">
     <span class='ocr_line' id='line_1_83' title="bbox 1998 3811 3560 3883; baseline -0.004 -12"><span class='ocrx_word' id='word_1_631' title='bbox 1998 3817 2181 3871; x_wconf 83' lang='lat' dir='ltr'><strong>ctione</strong></span> <span class='ocrx_word' id='word_1_632' title='bbox 2210 3833 2226 3882; x_wconf 89' lang='lat'><strong>;</strong></span> <span class='ocrx_word' id='word_1_633' title='bbox 2253 3829 2437 3870; x_wconf 91' lang='lat' dir='ltr'><strong>eorum</strong></span> <span class='ocrx_word' id='word_1_634' title='bbox 2466 3813 2556 3883; x_wconf 90' lang='lat' dir='ltr'><strong>qui</strong></span> <span class='ocrx_word' id='word_1_635' title='bbox 2588 3812 2986 3878; x_wconf 84' lang='lat' dir='ltr'><strong>conviciantur,</strong></span> <span class='ocrx_word' id='word_1_636' title='bbox 3003 3811 3266 3866; x_wconf 87' lang='lat' dir='ltr'><strong>conviciis</strong></span> <span class='ocrx_word' id='word_1_637' title='bbox 3291 3827 3307 3875; x_wconf 90' lang='lat'><strong>;</strong></span> <span class='ocrx_word' id='word_1_638' title='bbox 3341 3811 3560 3866; x_wconf 89' lang='lat' dir='ltr'><strong>iracun-</strong></span> 
     </span>
    </p>
   </div>
   <div class='ocr_carea' id='block_1_84' title="bbox 2001 3898 3558 3968">
    <p class='ocr_par' dir='ltr' id='par_1_84' title="bbox 2001 3898 3558 3968">
     <span class='ocr_line' id='line_1_84' title="bbox 2001 3898 3558 3968; baseline -0.003 -10"><span class='ocrx_word' id='word_1_639' title='bbox 2001 3905 2192 3960; x_wconf 89' lang='lat' dir='ltr'><strong>dorum</strong></span> <span class='ocrx_word' id='word_1_640' title='bbox 2228 3902 2613 3966; x_wconf 87' lang='lat' dir='ltr'><strong>amaritudine,</strong></span> <span class='ocrx_word' id='word_1_641' title='bbox 2646 3909 2700 3957; x_wconf 93' lang='lat' dir='ltr'><strong>et</strong></span> <span class='ocrx_word' id='word_1_642' title='bbox 2743 3899 3050 3955; x_wconf 83' lang='lat' dir='ltr'><strong>dolosoruut</strong></span> <span class='ocrx_word' id='word_1_643' title='bbox 3091 3914 3154 3954; x_wconf 89' lang='lat' dir='ltr'><strong>os</strong></span> <span class='ocrx_word' id='word_1_644' title='bbox 3192 3898 3314 3954; x_wconf 88' lang='lat' dir='ltr'><strong>dolo</strong></span> <span class='ocrx_word' id='word_1_645' title='bbox 3339 3898 3558 3968; x_wconf 86' lang='lat' dir='ltr'><strong>plenum</strong></span> 
     </span>
    </p>
   </div>
   <div class='ocr_carea' id='block_1_85' title="bbox 1998 4006 2107 4052">
    <p class='ocr_par' dir='ltr' id='par_1_85' title="bbox 1998 4006 2107 4052">
     <span class='ocr_line' id='line_1_85' title="bbox 1998 4006 2107 4052; baseline -0.018 0"><span class='ocrx_word' id='word_1_646' title='bbox 1998 4006 2107 4052; x_wconf 89' lang='lat' dir='ltr'><strong>est.</strong></span> 
     </span>
    </p>
   </div>
   <div class='ocr_carea' id='block_1_86' title="bbox 2069 4081 3559 4159">
    <p class='ocr_par' dir='ltr' id='par_1_86' title="bbox 2069 4081 3559 4159">
     <span class='ocr_line' id='line_1_86' title="bbox 2069 4081 3559 4159; baseline -0.006 -15"><span class='ocrx_word' id='word_1_647' title='bbox 2069 4087 2347 4159; x_wconf 80' lang='lat' dir='ltr'><strong>Ejusdem.</strong></span> <span class='ocrx_word' id='word_1_648' title='bbox 2388 4085 2493 4154; x_wconf 85' lang='lat' dir='ltr'><strong>Qui</strong></span> <span class='ocrx_word' id='word_1_649' title='bbox 2533 4100 2564 4139; x_wconf 90' lang='lat' dir='ltr'><strong>a</strong></span> <span class='ocrx_word' id='word_1_650' title='bbox 2597 4085 2887 4139; x_wconf 88' lang='lat' dir='ltr'><strong>sanctitate</strong></span> <span class='ocrx_word' id='word_1_651' title='bbox 2914 4081 3150 4148; x_wconf 81' lang='lat' dir='ltr'><strong>excidit,</strong></span> <span class='ocrx_word' id='word_1_652' title='bbox 3181 4091 3236 4138; x_wconf 88' lang='lat' dir='ltr'><strong>et</strong></span> <span class='ocrx_word' id='word_1_653' title='bbox 3266 4096 3297 4135; x_wconf 92' lang='lat' dir='ltr'><strong>a</strong></span> <span class='ocrx_word' id='word_1_654' title='bbox 3330 4081 3559 4137; x_wconf 81' lang='lat' dir='ltr'><strong>veritate</strong></span> 
     </span>
    </p>
   </div>
   <div class='ocr_carea' id='block_1_87' title="bbox 2000 4174 3553 4247">
    <p class='ocr_par' dir='ltr' id='par_1_87' title="bbox 2000 4174 3553 4247">
     <span class='ocr_line' id='line_1_87' title="bbox 2000 4174 3553 4247; baseline -0.008 -8"><span class='ocrx_word' id='word_1_655' title='bbox 2000 4197 2066 4239; x_wconf 89' lang='lat' dir='ltr'><strong>ac</strong></span> <span class='ocrx_word' id='word_1_656' title='bbox 2088 4180 2464 4238; x_wconf 88' lang='lat' dir='ltr'><strong>benedictione</strong></span> <span class='ocrx_word' id='word_1_657' title='bbox 2492 4177 2843 4247; x_wconf 89' lang='lat' dir='ltr'><strong>semetipsum</strong></span> <span class='ocrx_word' id='word_1_658' title='bbox 2886 4174 3130 4241; x_wconf 83' lang='lat' dir='ltr'><strong>abduxit,</strong></span> <span class='ocrx_word' id='word_1_659' title='bbox 3159 4174 3205 4229; x_wconf 91' lang='lat' dir='ltr'><strong>is</strong></span> <span class='ocrx_word' id='word_1_660' title='bbox 3235 4188 3297 4228; x_wconf 92' lang='lat' dir='ltr'><strong>os</strong></span> <span class='ocrx_word' id='word_1_661' title='bbox 3336 4174 3553 4243; x_wconf 84' lang='lat' dir='ltr'><strong>plenum</strong></span> 
     </span>
    </p>
   </div>
   <div class='ocr_carea' id='block_1_88' title="bbox 1997 4265 3555 4338">
    <p class='ocr_par' dir='ltr' id='par_1_88' title="bbox 1997 4265 3555 4338">
     <span class='ocr_line' id='line_1_88' title="bbox 1997 4265 3555 4338; baseline -0.01 -7"><span class='ocrx_word' id='word_1_662' title='bbox 1997 4272 2164 4331; x_wconf 85' lang='lat' dir='ltr'><strong>habet</strong></span> <span class='ocrx_word' id='word_1_663' title='bbox 2200 4269 2595 4335; x_wconf 88' lang='lat' dir='ltr'><strong>maledictione,</strong></span> <span class='ocrx_word' id='word_1_664' title='bbox 2633 4281 2733 4338; x_wconf 87' lang='lat' dir='ltr'><strong>per</strong></span> <span class='ocrx_word' id='word_1_665' title='bbox 2753 4282 2815 4321; x_wconf 88' lang='lat' dir='ltr'><strong>ea</strong></span> <span class='ocrx_word' id='word_1_666' title='bbox 2841 4280 2962 4336; x_wconf 82' lang='lat' dir='ltr'><strong>quae</strong></span> <span class='ocrx_word' id='word_1_667' title='bbox 2989 4265 3157 4331; x_wconf 91' lang='lat' dir='ltr'><strong>dicit,</strong></span> <span class='ocrx_word' id='word_1_668' title='bbox 3188 4272 3403 4318; x_wconf 87' lang='lat' dir='ltr'><strong>tentans</strong></span> <span class='ocrx_word' id='word_1_669' title='bbox 3428 4278 3555 4333; x_wconf 78' lang='lat' dir='ltr'><strong>sup-</strong></span> 
     </span>
    </p>
   </div>
   <div class='ocr_carea' id='block_1_89' title="bbox 1997 4353 3561 4439">
    <p class='ocr_par' dir='ltr' id='par_1_89' title="bbox 1997 4353 3561 4439">
     <span class='ocr_line' id='line_1_89' title="bbox 1997 4353 3561 4439; baseline -0.006 -19"><span class='ocrx_word' id='word_1_670' title='bbox 1997 4365 2161 4439; x_wconf 90' lang='lat' dir='ltr'><strong>plicio</strong></span> <span class='ocrx_word' id='word_1_671' title='bbox 2207 4372 2264 4419; x_wconf 89' lang='lat' dir='ltr'><strong>et</strong></span> <span class='ocrx_word' id='word_1_672' title='bbox 2311 4361 2677 4418; x_wconf 86' lang='lat' dir='ltr'><strong>maledictioni</strong></span> <span class='ocrx_word' id='word_1_673' title='bbox 2727 4361 2982 4429; x_wconf 86' lang='lat' dir='ltr'><strong>deceptos</strong></span> <span class='ocrx_word' id='word_1_674' title='bbox 3030 4357 3317 4428; x_wconf 80' lang='lat' dir='ltr'><strong>subjicere.</strong></span> <span class='ocrx_word' id='word_1_675' title='bbox 3386 4353 3561 4411; x_wconf 83' lang='lat' dir='ltr'><strong>Habet</strong></span> 
     </span>
    </p>
   </div>
   <div class='ocr_carea' id='block_1_90' title="bbox 326 4447 1902 4539">
    <p class='ocr_par' dir='ltr' id='par_1_90' title="bbox 326 4447 1895 4528">
     <span class='ocr_line' id='line_1_90' title="bbox 326 4447 1895 4528; baseline -0.006 -18"><span class='ocrx_word' id='word_1_676' title='bbox 326 4473 466 4520; x_wconf 83' lang='grc' dir='ltr'>νους.</span> <span class='ocrx_word' id='word_1_677' title='bbox 505 4459 658 4528; x_wconf 87' lang='grc' dir='ltr'>Ἔχει</span> <span class='ocrx_word' id='word_1_678' title='bbox 690 4458 747 4511; x_wconf 79' lang='grc' dir='ltr'>δὲ</span> <span class='ocrx_word' id='word_1_679' title='bbox 774 4456 937 4512; x_wconf 79' lang='grc' dir='ltr'>αὑτοῦ</span> <span class='ocrx_word' id='word_1_680' title='bbox 974 4459 1003 4511; x_wconf 93' lang='lat'><strong>6</strong></span> <span class='ocrx_word' id='word_1_681' title='bbox 1027 4456 1184 4525; x_wconf 86' lang='grc' dir='ltr'>λόγος</span> <span class='ocrx_word' id='word_1_682' title='bbox 1223 4454 1320 4507; x_wconf 80' lang='grc' dir='ltr'><strong>σὺν</strong></span> <span class='ocrx_word' id='word_1_683' title='bbox 1356 4451 1436 4522; x_wconf 88' lang='grc' dir='ltr'>τῷ</span> <span class='ocrx_word' id='word_1_684' title='bbox 1471 4449 1671 4523; x_wconf 83' lang='grc' dir='ltr'>δολερῷ</span> <span class='ocrx_word' id='word_1_685' title='bbox 1695 4447 1895 4521; x_wconf 81' lang='grc' dir='ltr'>πολλὴν</span> 
     </span>
    </p>
   </div>
   <div class='ocr_carea' id='block_1_91' title="bbox 2001 4447 3562 4539">
    <p class='ocr_par' dir='ltr' id='par_1_91' title="bbox 2001 4448 3562 4524">
     <span class='ocr_line' id='line_1_91' title="bbox 2001 4448 3562 4524; baseline -0.008 -11"><span class='ocrx_word' id='word_1_686' title='bbox 2001 4468 2179 4514; x_wconf 89' lang='lat' dir='ltr'><strong>autem</strong></span> <span class='ocrx_word' id='word_1_687' title='bbox 2225 4468 2402 4511; x_wconf 90' lang='lat' dir='ltr'><strong>sermo</strong></span> <span class='ocrx_word' id='word_1_688' title='bbox 2440 4454 2557 4524; x_wconf 88' lang='lat' dir='ltr'><strong>ejus</strong></span> <span class='ocrx_word' id='word_1_689' title='bbox 2600 4468 2705 4507; x_wconf 89' lang='lat' dir='ltr'><strong>una</strong></span> <span class='ocrx_word' id='word_1_690' title='bbox 2739 4466 2861 4507; x_wconf 90' lang='lat' dir='ltr'><strong>cum</strong></span> <span class='ocrx_word' id='word_1_691' title='bbox 2890 4449 3102 4505; x_wconf 78' lang='lat' dir='ltr'><strong>fallacia</strong></span> <span class='ocrx_word' id='word_1_692' title='bbox 3135 4462 3380 4517; x_wconf 81' lang='lat' dir='ltr'><strong>magnam</strong></span> <span class='ocrx_word' id='word_1_693' title='bbox 3420 4448 3562 4502; x_wconf 84' lang='lat' dir='ltr'><strong>acri-</strong></span> 
     </span>
    </p>
   </div>
   <div class='ocr_carea' id='block_1_92' title="bbox 326 4540 1895 4621">
    <p class='ocr_par' dir='ltr' id='par_1_92' title="bbox 326 4540 1895 4621">
     <span class='ocr_line' id='line_1_92' title="bbox 326 4540 1895 4621; baseline -0.005 -21"><span class='ocrx_word' id='word_1_694' title='bbox 326 4546 630 4618; x_wconf 74' lang='grc' dir='ltr'>δεινότηταο</span> <span class='ocrx_word' id='word_1_695' title='bbox 670 4548 750 4602; x_wconf 73' lang='grc' dir='ltr'>διὸ</span> <span class='ocrx_word' id='word_1_696' title='bbox 774 4550 870 4603; x_wconf 83' lang='grc' dir='ltr'><strong>σὺν</strong></span> <span class='ocrx_word' id='word_1_697' title='bbox 903 4551 970 4620; x_wconf 78' lang='grc' dir='ltr'>τῇ</span> <span class='ocrx_word' id='word_1_698' title='bbox 1001 4548 1111 4621; x_wconf 80' lang='grc' dir='ltr'>ἀρᾷ</span> <span class='ocrx_word' id='word_1_699' title='bbox 1142 4547 1235 4601; x_wconf 79' lang='grc' dir='ltr'><strong>καὶ</strong></span> <span class='ocrx_word' id='word_1_700' title='bbox 1278 4543 1504 4616; x_wconf 86' lang='grc' dir='ltr'>πικρίας</span> <span class='ocrx_word' id='word_1_701' title='bbox 1550 4542 1644 4596; x_wconf 74' lang='grc' dir='ltr'><strong>καὶ</strong></span> <span class='ocrx_word' id='word_1_702' title='bbox 1681 4540 1832 4595; x_wconf 89' lang='grc' dir='ltr'>δόλου</span> <span class='ocrx_word' id='word_1_703' title='bbox 1866 4540 1895 4592; x_wconf 88' lang='lat'><strong>6</strong></span> 
     </span>
    </p>
   </div>
   <div class='ocr_carea' id='block_1_93' title="bbox 326 4637 1067 4712">
    <p class='ocr_par' dir='ltr' id='par_1_93' title="bbox 326 4637 1067 4712">
     <span class='ocr_line' id='line_1_93' title="bbox 326 4637 1067 4712; baseline 0.003 -20"><span class='ocrx_word' id='word_1_704' title='bbox 326 4637 482 4709; x_wconf 83' lang='grc' dir='ltr'>λόγος</span> <span class='ocrx_word' id='word_1_705' title='bbox 503 4638 666 4693; x_wconf 82' lang='grc' dir='ltr'>αὐτοῦ</span> <span class='ocrx_word' id='word_1_706' title='bbox 696 4640 1067 4712; x_wconf 77' lang='grc' dir='ltr'>πεπλήρωται.</span> 
     </span>
    </p>
   </div>
   <div class='ocr_carea' id='block_1_94' title="bbox 413 4724 1898 4801">
    <p class='ocr_par' dir='ltr' id='par_1_94' title="bbox 413 4724 1898 4801">
     <span class='ocr_line' id='line_1_94' title="bbox 413 4724 1898 4801; baseline -0.004 -17"><span class='ocrx_word' id='word_1_707' title='bbox 413 4728 760 4801; x_wconf 76' lang='grc' dir='ltr'>Ἑγκιὶθηται</span> <span class='ocrx_word' id='word_1_708' title='bbox 780 4729 993 4799; x_wconf 82' lang='grc' dir='ltr'>ἐνέδρα</span> <span class='ocrx_word' id='word_1_709' title='bbox 1016 4728 1166 4799; x_wconf 82' lang='grc' dir='ltr'>μετὰ</span> <span class='ocrx_word' id='word_1_710' title='bbox 1203 4727 1520 4783; x_wconf 75' lang='grc' dir='ltr'>πλουσίων</span> <span class='ocrx_word' id='word_1_711' title='bbox 1546 4725 1616 4780; x_wconf 81' lang='grc' dir='ltr'><strong>ἐν</strong></span> <span class='ocrx_word' id='word_1_712' title='bbox 1642 4724 1898 4793; x_wconf 83' lang='grc' dir='ltr'>ἀποκρύ-</span> 
     </span>
    </p>
   </div>
   <div class='ocr_carea' id='block_1_95' title="bbox 328 4814 1897 4892">
    <p class='ocr_par' dir='ltr' id='par_1_95' title="bbox 328 4814 1897 4892">
     <span class='ocr_line' id='line_1_95' title="bbox 328 4814 1897 4892; baseline -0.005 -16"><span class='ocrx_word' id='word_1_713' title='bbox 328 4839 484 4892; x_wconf 73' lang='grc' dir='ltr'>φοις,</span> <span class='ocrx_word' id='word_1_714' title='bbox 520 4838 575 4875; x_wconf 84' lang='grc' dir='ltr'><strong>κ.</strong></span> <span class='ocrx_word' id='word_1_715' title='bbox 616 4838 667 4874; x_wconf 86' lang='grc' dir='ltr'><strong>τ.</strong></span> <span class='ocrx_word' id='word_1_716' title='bbox 721 4822 769 4877; x_wconf 73' lang='grc' dir='ltr'>ὲ.</span> <span class='ocrx_word' id='word_1_717' title='bbox 836 4822 923 4876; x_wconf 89' lang='grc' dir='ltr'>Ἐν</span> <span class='ocrx_word' id='word_1_718' title='bbox 973 4822 1072 4892; x_wconf 84' lang='grc' dir='ltr'>μὲν</span> <span class='ocrx_word' id='word_1_719' title='bbox 1116 4823 1228 4883; x_wconf 87' lang='grc' dir='ltr'>τοῖς</span> <span class='ocrx_word' id='word_1_720' title='bbox 1271 4819 1455 4891; x_wconf 80' lang='grc' dir='ltr'>ἔχουσι</span> <span class='ocrx_word' id='word_1_721' title='bbox 1504 4816 1614 4889; x_wconf 88' lang='grc'><strong>(87)</strong></span> <span class='ocrx_word' id='word_1_722' title='bbox 1667 4814 1897 4869; x_wconf 80' lang='grc' dir='ltr'>πλοῦτον</span> 
     </span>
    </p>
   </div>
   <div class='ocr_carea' id='block_1_96' title="bbox 329 4906 1896 4983">
    <p class='ocr_par' dir='ltr' id='par_1_96' title="bbox 329 4906 1896 4983">
     <span class='ocr_line' id='line_1_96' title="bbox 329 4906 1896 4983; baseline -0.006 -14"><span class='ocrx_word' id='word_1_723' title='bbox 329 4912 601 4983; x_wconf 82' lang='grc' dir='ltr'>ἀγνωσίας</span> <span class='ocrx_word' id='word_1_724' title='bbox 633 4913 728 4968; x_wconf 79' lang='grc' dir='ltr'><strong>καὶ</strong></span> <span class='ocrx_word' id='word_1_725' title='bbox 758 4911 968 4977; x_wconf 87' lang='grc' dir='ltr'>ἀδικίας</span> <span class='ocrx_word' id='word_1_726' title='bbox 994 4915 1022 4967; x_wconf 88' lang='grc' dir='ltr'>ὁ</span> <span class='ocrx_word' id='word_1_727' title='bbox 1059 4910 1300 4975; x_wconf 79' lang='grc' dir='ltr'>διάϐολος</span> <span class='ocrx_word' id='word_1_728' title='bbox 1326 4906 1679 4980; x_wconf 77' lang='grc' dir='ltr'>ὲγκαθέζεται</span> <span class='ocrx_word' id='word_1_729' title='bbox 1698 4924 1712 4939; x_wconf 73' lang='grc' dir='ltr'><strong>ο</strong></span> <span class='ocrx_word' id='word_1_730' title='bbox 1753 4908 1812 4961; x_wconf 81' lang='grc' dir='ltr'>ὲν</span> <span class='ocrx_word' id='word_1_731' title='bbox 1838 4906 1896 4959; x_wconf 83' lang='grc' dir='ltr'>δὲ</span> 
     </span>
    </p>
   </div>
   <div class='ocr_carea' id='block_1_97' title="bbox 328 4994 1897 5073">
    <p class='ocr_par' dir='ltr' id='par_1_97' title="bbox 328 4994 1897 5073">
     <span class='ocr_line' id='line_1_97' title="bbox 328 4994 1897 5073; baseline -0.007 -15"><span class='ocrx_word' id='word_1_732' title='bbox 328 5005 439 5068; x_wconf 78' lang='grc' dir='ltr'>τοῖς</span> <span class='ocrx_word' id='word_1_733' title='bbox 480 5001 840 5073; x_wconf 83' lang='grc' dir='ltr'>κεκτημένοις</span> <span class='ocrx_word' id='word_1_734' title='bbox 866 5000 1067 5070; x_wconf 80' lang='grc' dir='ltr'>γνῶσιν</span> <span class='ocrx_word' id='word_1_735' title='bbox 1100 5001 1195 5055; x_wconf 74' lang='grc' dir='ltr'><strong>καὶ</strong></span> <span class='ocrx_word' id='word_1_736' title='bbox 1224 4999 1422 5072; x_wconf 77' lang='grc' dir='ltr'>ἀρετὴν</span> <span class='ocrx_word' id='word_1_737' title='bbox 1453 4998 1511 5052; x_wconf 74' lang='grc' dir='ltr'>αἱ</span> <span class='ocrx_word' id='word_1_738' title='bbox 1546 4996 1696 5066; x_wconf 83' lang='grc' dir='ltr'>ἆγιαι</span> <span class='ocrx_word' id='word_1_739' title='bbox 1736 4994 1897 5050; x_wconf 84' lang='grc' dir='ltr'>δυνά-</span> 
     </span>
    </p>
   </div>
   <div class='ocr_carea' id='block_1_98' title="bbox 332 5085 1898 5168">
    <p class='ocr_par' dir='ltr' id='par_1_98' title="bbox 332 5085 1898 5168">
     <span class='ocr_line' id='line_1_98' title="bbox 332 5085 1898 5168; baseline -0.007 -18"><span class='ocrx_word' id='word_1_740' title='bbox 332 5113 451 5168; x_wconf 85' lang='grc' dir='ltr'>μεις</span> <span class='ocrx_word' id='word_1_741' title='bbox 477 5093 933 5158; x_wconf 72' lang='grc' dir='ltr'>ὲπαναπαύονται,</span> <span class='ocrx_word' id='word_1_742' title='bbox 953 5085 1028 5148; x_wconf 79' lang='grc' dir='ltr'>ὧν</span> <span class='ocrx_word' id='word_1_743' title='bbox 1056 5090 1300 5163; x_wconf 75' lang='grc' dir='ltr'>σύμϐολά</span> <span class='ocrx_word' id='word_1_744' title='bbox 1325 5091 1440 5142; x_wconf 76' lang='grc' dir='ltr'>ἐστι</span> <span class='ocrx_word' id='word_1_745' title='bbox 1463 5088 1533 5147; x_wconf 82' lang='grc' dir='ltr'>τὰ</span> <span class='ocrx_word' id='word_1_746' title='bbox 1557 5085 1777 5141; x_wconf 89' lang='grc' dir='ltr'>πετεινά</span> <span class='ocrx_word' id='word_1_747' title='bbox 1801 5085 1898 5140; x_wconf 76' lang='grc' dir='ltr'>τοῦ</span> 
     </span>
    </p>
   </div>
   <div class='ocr_carea' id='block_1_99' title="bbox 329 5182 1894 5263">
    <p class='ocr_par' dir='ltr' id='par_1_99' title="bbox 329 5182 1894 5263">
     <span class='ocr_line' id='line_1_99' title="bbox 329 5182 1894 5263; baseline -0.007 -20"><span class='ocrx_word' id='word_1_748' title='bbox 329 5188 560 5261; x_wconf 80' lang='grc' dir='ltr'>οὐρανοῦ</span> <span class='ocrx_word' id='word_1_749' title='bbox 599 5185 1042 5258; x_wconf 84' lang='grc' dir='ltr'>κατασκηνοῢντα</span> <span class='ocrx_word' id='word_1_750' title='bbox 1079 5188 1136 5240; x_wconf 80' lang='grc' dir='ltr'>ὲν</span> <span class='ocrx_word' id='word_1_751' title='bbox 1177 5188 1289 5249; x_wconf 78' lang='grc' dir='ltr'>τοῖς</span> <span class='ocrx_word' id='word_1_752' title='bbox 1335 5183 1549 5247; x_wconf 82' lang='grc' dir='ltr'>κλάδοις</span> <span class='ocrx_word' id='word_1_753' title='bbox 1591 5182 1860 5263; x_wconf 86' lang='grc' dir='ltr'>σινάπεως</span> <span class='ocrx_word' id='word_1_754' title='bbox 1880 5197 1894 5210; x_wconf 73' lang='grc' dir='ltr'><strong>ο</strong></span> 
     </span>
    </p>
   </div>
   <div class='ocr_carea' id='block_1_100' title="bbox 330 5270 1900 5352">
    <p class='ocr_par' dir='ltr' id='par_1_100' title="bbox 330 5270 1900 5352">
     <span class='ocr_line' id='line_1_100' title="bbox 330 5270 1900 5352; baseline -0.006 -18"><span class='ocrx_word' id='word_1_755' title='bbox 330 5280 358 5334; x_wconf 86' lang='grc' dir='ltr'><strong>ὃ</strong></span> <span class='ocrx_word' id='word_1_756' title='bbox 386 5279 637 5352; x_wconf 88' lang='grc' dir='ltr'>σημαίνει</span> <span class='ocrx_word' id='word_1_757' title='bbox 665 5278 762 5351; x_wconf 82' lang='grc' dir='ltr'>τὴν</span> <span class='ocrx_word' id='word_1_758' title='bbox 790 5277 1197 5350; x_wconf 74' lang='grc' dir='ltr'>ἐνυπάρχουσαν</span> <span class='ocrx_word' id='word_1_759' title='bbox 1224 5278 1352 5349; x_wconf 80' lang='grc' dir='ltr'>ἡμῖν</span> <span class='ocrx_word' id='word_1_760' title='bbox 1384 5274 1526 5332; x_wconf 85' lang='grc' dir='ltr'><strong>κατά</strong></span> <span class='ocrx_word' id='word_1_761' title='bbox 1547 5273 1774 5345; x_wconf 82' lang='grc' dir='ltr'>δύναμιν</span> <span class='ocrx_word' id='word_1_762' title='bbox 1802 5270 1900 5342; x_wconf 88' lang='grc' dir='ltr'><strong>βα-</strong></span> 
     </span>
    </p>
   </div>
   <div class='ocr_carea' id='block_1_101' title="bbox 332 5371 827 5445">
    <p class='ocr_par' dir='ltr' id='par_1_101' title="bbox 332 5371 827 5445">
     <span class='ocr_line' id='line_1_101' title="bbox 332 5371 827 5445; baseline -0.004 -19"><span class='ocrx_word' id='word_1_763' title='bbox 332 5372 533 5428; x_wconf 87' lang='grc' dir='ltr'>σιλείαν</span> <span class='ocrx_word' id='word_1_764' title='bbox 565 5371 827 5445; x_wconf 85' lang='grc' dir='ltr'>οὐρανῶν.</span> 
     </span>
    </p>
   </div>
   <div class='ocr_carea' id='block_1_102' title="bbox 402 5458 1923 5533">
    <p class='ocr_par' dir='ltr' id='par_1_102' title="bbox 402 5458 1923 5533">
     <span class='ocr_line' id='line_1_102' title="bbox 402 5458 1923 5533; baseline -0.008 -8"><span class='ocrx_word' id='word_1_765' title='bbox 402 5472 446 5502; x_wconf 84' lang='grc'>¹¹</span> <span class='ocrx_word' id='word_1_766' title='bbox 479 5470 619 5525; x_wconf 89' lang='lat' dir='ltr'><strong>Psal.</strong></span> <span class='ocrx_word' id='word_1_767' title='bbox 661 5486 752 5533; x_wconf 81' lang='lat' dir='ltr'><strong>xx,</strong></span> <span class='ocrx_word' id='word_1_768' title='bbox 791 5468 879 5522; x_wconf 74' lang='grc'><strong>12.</strong></span> <span class='ocrx_word' id='word_1_769' title='bbox 953 5466 998 5498; x_wconf 86' lang='grc'>¹⁸</span> <span class='ocrx_word' id='word_1_770' title='bbox 1023 5463 1147 5522; x_wconf 86' lang='lat' dir='ltr'><strong>Job.</strong></span> <span class='ocrx_word' id='word_1_771' title='bbox 1177 5480 1216 5530; x_wconf 81' lang='grc' dir='ltr'><strong>ι,</strong></span> <span class='ocrx_word' id='word_1_772' title='bbox 1247 5464 1300 5519; x_wconf 87' lang='lat'><strong>7.</strong></span> <span class='ocrx_word' id='word_1_773' title='bbox 1378 5463 1424 5495; x_wconf 70' lang='lat'>“</span> <span class='ocrx_word' id='word_1_774' title='bbox 1447 5461 1611 5518; x_wconf 88' lang='lat' dir='ltr'><strong>Prov.</strong></span> <span class='ocrx_word' id='word_1_775' title='bbox 1643 5473 1796 5522; x_wconf 82' lang='lat' dir='ltr'><strong>xvm,</strong></span> <span class='ocrx_word' id='word_1_776' title='bbox 1832 5458 1923 5513; x_wconf 80' lang='grc'><strong>17.</strong></span> 
     </span>
    </p>
   </div>
   <div class='ocr_carea' id='block_1_103' title="bbox 354 5553 1892 5636">
    <p class='ocr_par' dir='ltr' id='par_1_103' title="bbox 354 5553 1892 5636">
     <span class='ocr_line' id='line_1_103' title="bbox 354 5553 1892 5636; baseline -0.01 -14"><span class='ocrx_word' id='word_1_777' title='bbox 354 5621 362 5630; x_wconf 86' lang='grc'><strong>,</strong></span> <span class='ocrx_word' id='word_1_778' title='bbox 406 5565 518 5636; x_wconf 74' lang='grc'><strong>(84)</strong></span> <span class='ocrx_word' id='word_1_779' title='bbox 541 5567 682 5621; x_wconf 77' lang='grc' dir='ltr'>Ειοι</span> <span class='ocrx_word' id='word_1_780' title='bbox 705 5563 1168 5633; x_wconf 72' lang='grc' dir='ltr'>προκόπτοντες,</span> <span class='ocrx_word' id='word_1_781' title='bbox 1196 5568 1301 5615; x_wconf 93' lang='lat' dir='ltr'><strong>etc.</strong></span> <span class='ocrx_word' id='word_1_782' title='bbox 1343 5557 1555 5614; x_wconf 61' lang='lat' dir='ltr'><strong>Eaedem</strong></span> <span class='ocrx_word' id='word_1_783' title='bbox 1590 5553 1805 5610; x_wconf 71' lang='lat' dir='ltr'><strong>schedte</strong></span> <span class='ocrx_word' id='word_1_784' title='bbox 1837 5559 1892 5606; x_wconf 91' lang='lat' dir='ltr'><strong>et</strong></span> 
     </span>
    </p>
   </div>
   <div class='ocr_carea' id='block_1_104' title="bbox 333 5637 1892 5778">
    <p class='ocr_par' dir='ltr' id='par_1_104' title="bbox 333 5637 1892 5778">
     <span class='ocr_line' id='line_1_104' title="bbox 333 5637 1892 5778; baseline -0.021 2"><span class='ocrx_word' id='word_1_785' title='bbox 333 5637 663 5778; x_wconf 25' lang='grc' dir='ltr'><strong>ἓξὲξ..ιᾶῗῦ</strong></span> <span class='ocrx_word' id='word_1_786' title='bbox 687 5702 953 5778; x_wconf 61' lang='grc' dir='ltr'>πονηροῦ</span> <span class='ocrx_word' id='word_1_787' title='bbox 978 5700 1044 5778; x_wconf 67' lang='grc' dir='ltr'><strong>εὐ</strong></span> <span class='ocrx_word' id='word_1_788' title='bbox 1062 5701 1276 5778; x_wconf 68' lang='grc' dir='ltr'>στόμα,</span> <span class='ocrx_word' id='word_1_789' title='bbox 1288 5705 1392 5756; x_wconf 90' lang='lat' dir='ltr'><strong>etc.</strong></span> <span class='ocrx_word' id='word_1_790' title='bbox 1423 5696 1637 5756; x_wconf 68' lang='lat' dir='ltr'><strong>Eaedem</strong></span> <span class='ocrx_word' id='word_1_791' title='bbox 1657 5691 1892 5763; x_wconf 71' lang='lat' dir='ltr'><strong>schedae,</strong></span> 
     </span>
    </p>
   </div>
   <div class='ocr_carea' id='block_1_105' title="bbox 336 5771 1260 5844">
    <p class='ocr_par' dir='ltr' id='par_1_105' title="bbox 336 5771 1260 5844">
     <span class='ocr_line' id='line_1_105' title="bbox 336 5771 1260 5844; baseline -0.008 -13"><span class='ocrx_word' id='word_1_792' title='bbox 336 5771 627 5840; x_wconf 74' lang='lat' dir='ltr'><strong>Barbarus,</strong></span> <span class='ocrx_word' id='word_1_793' title='bbox 655 5771 959 5844; x_wconf 86' lang='lat' dir='ltr'><strong>partimque</strong></span> <span class='ocrx_word' id='word_1_794' title='bbox 981 5771 1260 5827; x_wconf 83' lang='lat' dir='ltr'><strong>Eusebius.</strong></span> 
     </span>
    </p>
   </div>
   <div class='ocr_carea' id='block_1_106' title="bbox 647 5861 1239 5926">
    <p class='ocr_par' dir='ltr' id='par_1_106' title="bbox 647 5861 1239 5926">
     <span class='ocr_line' id='line_1_106' title="bbox 647 5861 1239 5926; baseline -0.003 0"><span class='ocrx_word' id='word_1_795' title='bbox 647 5866 920 5926; x_wconf 67' lang='grc' dir='ltr'>ΡΑτιιοι..</span> <span class='ocrx_word' id='word_1_796' title='bbox 943 5862 1063 5926; x_wconf 84' lang='lat' dir='ltr'><strong>Gtt.</strong></span> <span class='ocrx_word' id='word_1_797' title='bbox 1094 5861 1239 5925; x_wconf 82' lang='lat' dir='ltr'><strong>XII.</strong></span> 
     </span>
    </p>
   </div>
   <div class='ocr_carea' id='block_1_107' title="bbox 1994 4537 3560 4617">
    <p class='ocr_par' dir='ltr' id='par_1_107' title="bbox 1994 4537 3560 4617">
     <span class='ocr_line' id='line_1_107' title="bbox 1994 4537 3560 4617; baseline -0.01 -11"><span class='ocrx_word' id='word_1_798' title='bbox 1994 4549 2262 4615; x_wconf 38' lang='lat' dir='ltr'><strong>.moniam,</strong></span> <span class='ocrx_word' id='word_1_799' title='bbox 2301 4548 2527 4617; x_wconf 87' lang='lat' dir='ltr'><strong>ideoque</strong></span> <span class='ocrx_word' id='word_1_800' title='bbox 2566 4560 2746 4601; x_wconf 86' lang='lat' dir='ltr'><strong>sermo</strong></span> <span class='ocrx_word' id='word_1_801' title='bbox 2788 4543 2908 4613; x_wconf 89' lang='lat' dir='ltr'><strong>ejus</strong></span> <span class='ocrx_word' id='word_1_802' title='bbox 2946 4542 3087 4596; x_wconf 87' lang='lat' dir='ltr'><strong>ultra</strong></span> <span class='ocrx_word' id='word_1_803' title='bbox 3121 4537 3560 4594; x_wconf 87' lang='lat' dir='ltr'><strong>maledictionem</strong></span> 
     </span>
    </p>
   </div>
   <div class='ocr_carea' id='block_1_108' title="bbox 2000 4635 2942 4708">
    <p class='ocr_par' dir='ltr' id='par_1_108' title="bbox 2000 4635 2942 4708">
     <span class='ocr_line' id='line_1_108' title="bbox 2000 4635 2942 4708; baseline -0.011 -11"><span class='ocrx_word' id='word_1_804' title='bbox 2000 4638 2364 4697; x_wconf 84' lang='lat' dir='ltr'><strong>amaritudine</strong></span> <span class='ocrx_word' id='word_1_805' title='bbox 2397 4645 2452 4691; x_wconf 92' lang='lat' dir='ltr'><strong>et</strong></span> <span class='ocrx_word' id='word_1_806' title='bbox 2475 4635 2597 4691; x_wconf 91' lang='lat' dir='ltr'><strong>dolo</strong></span> <span class='ocrx_word' id='word_1_807' title='bbox 2618 4635 2810 4708; x_wconf 88' lang='lat' dir='ltr'><strong>plenus</strong></span> <span class='ocrx_word' id='word_1_808' title='bbox 2837 4643 2942 4689; x_wconf 89' lang='lat' dir='ltr'><strong>est.</strong></span> 
     </span>
    </p>
   </div>
   <div class='ocr_carea' id='block_1_109' title="bbox 2070 4719 3562 4788">
    <p class='ocr_par' dir='ltr' id='par_1_109' title="bbox 2070 4719 3562 4788">
     <span class='ocr_line' id='line_1_109' title="bbox 2070 4719 3562 4788; baseline -0.011 0"><span class='ocrx_word' id='word_1_809' title='bbox 2070 4733 2234 4788; x_wconf 69' lang='lat' dir='ltr'><strong>Vnus.</strong></span> <span class='ocrx_word' id='word_1_810' title='bbox 2269 4731 2322 4787; x_wconf 89' lang='lat'><strong>8.</strong></span> <span class='ocrx_word' id='word_1_811' title='bbox 2365 4729 2521 4786; x_wconf 85' lang='lat' dir='ltr'><strong>Sedet</strong></span> <span class='ocrx_word' id='word_1_812' title='bbox 2547 4730 2601 4782; x_wconf 78' lang='lat' dir='ltr'><strong>in</strong></span> <span class='ocrx_word' id='word_1_813' title='bbox 2625 4727 2834 4780; x_wconf 75' lang='lat' dir='ltr'><strong>insidiis</strong></span> <span class='ocrx_word' id='word_1_814' title='bbox 2880 4740 2996 4779; x_wconf 83' lang='lat' dir='ltr'><strong>cum</strong></span> <span class='ocrx_word' id='word_1_815' title='bbox 3023 4722 3267 4778; x_wconf 75' lang='lat' dir='ltr'><strong>divitibus</strong></span> <span class='ocrx_word' id='word_1_816' title='bbox 3298 4720 3356 4775; x_wconf 76' lang='lat' dir='ltr'><strong>in</strong></span> <span class='ocrx_word' id='word_1_817' title='bbox 3384 4719 3562 4775; x_wconf 87' lang='lat' dir='ltr'><strong>occul-</strong></span> 
     </span>
    </p>
   </div>
   <div class='ocr_carea' id='block_1_110' title="bbox 1997 4813 3560 4894">
    <p class='ocr_par' dir='ltr' id='par_1_110' title="bbox 1997 4813 3560 4894">
     <span class='ocr_line' id='line_1_110' title="bbox 1997 4813 3560 4894; baseline -0.01 -13"><span class='ocrx_word' id='word_1_818' title='bbox 1997 4828 2083 4893; x_wconf 71' lang='grc' dir='ltr'>ιὶε,</span> <span class='ocrx_word' id='word_1_819' title='bbox 2113 4837 2220 4881; x_wconf 90' lang='lat' dir='ltr'><strong>etc.</strong></span> <span class='ocrx_word' id='word_1_820' title='bbox 2262 4821 2319 4879; x_wconf 80' lang='lat' dir='ltr'><strong>In</strong></span> <span class='ocrx_word' id='word_1_821' title='bbox 2344 4822 2427 4879; x_wconf 89' lang='lat' dir='ltr'><strong>his</strong></span> <span class='ocrx_word' id='word_1_822' title='bbox 2456 4823 2554 4894; x_wconf 60' lang='grc' dir='ltr'>,ιιιιί</span> <span class='ocrx_word' id='word_1_823' title='bbox 2580 4834 2788 4877; x_wconf 89' lang='lat' dir='ltr'><strong>summa</strong></span> <span class='ocrx_word' id='word_1_824' title='bbox 2840 4817 3141 4889; x_wconf 87' lang='lat' dir='ltr'><strong>ignorantia</strong></span> <span class='ocrx_word' id='word_1_825' title='bbox 3184 4826 3241 4871; x_wconf 93' lang='lat' dir='ltr'><strong>et</strong></span> <span class='ocrx_word' id='word_1_826' title='bbox 3294 4813 3560 4882; x_wconf 82' lang='lat' dir='ltr'><strong>injustitia</strong></span> 
     </span>
    </p>
   </div>
   <div class='ocr_carea' id='block_1_111' title="bbox 2000 4907 3562 4982">
    <p class='ocr_par' dir='ltr' id='par_1_111' title="bbox 2000 4907 3562 4982">
     <span class='ocr_line' id='line_1_111' title="bbox 2000 4907 3562 4982; baseline -0.009 -9"><span class='ocrx_word' id='word_1_827' title='bbox 2000 4917 2296 4982; x_wconf 90' lang='lat' dir='ltr'><strong>abundant,</strong></span> <span class='ocrx_word' id='word_1_828' title='bbox 2328 4914 2527 4970; x_wconf 85' lang='lat' dir='ltr'><strong>insidet</strong></span> <span class='ocrx_word' id='word_1_829' title='bbox 2550 4911 2795 4971; x_wconf 87' lang='lat' dir='ltr'><strong>diabolus</strong></span> <span class='ocrx_word' id='word_1_830' title='bbox 2829 4929 2844 4966; x_wconf 92' lang='lat'><strong>:</strong></span> <span class='ocrx_word' id='word_1_831' title='bbox 2874 4912 2928 4967; x_wconf 91' lang='lat' dir='ltr'><strong>in</strong></span> <span class='ocrx_word' id='word_1_832' title='bbox 2971 4911 3055 4965; x_wconf 90' lang='lat' dir='ltr'><strong>his</strong></span> <span class='ocrx_word' id='word_1_833' title='bbox 3092 4922 3222 4964; x_wconf 87' lang='lat' dir='ltr'><strong>vero</strong></span> <span class='ocrx_word' id='word_1_834' title='bbox 3261 4908 3352 4977; x_wconf 90' lang='lat' dir='ltr'><strong>qui</strong></span> <span class='ocrx_word' id='word_1_835' title='bbox 3379 4907 3562 4962; x_wconf 78' lang='lat' dir='ltr'><strong>scicn-</strong></span> 
     </span>
    </p>
   </div>
   <div class='ocr_carea' id='block_1_112' title="bbox 1999 5005 3559 5074">
    <p class='ocr_par' dir='ltr' id='par_1_112' title="bbox 1999 5005 3559 5074">
     <span class='ocr_line' id='line_1_112' title="bbox 1999 5005 3559 5074; baseline -0.009 -10"><span class='ocrx_word' id='word_1_836' title='bbox 1999 5009 2131 5064; x_wconf 89' lang='lat' dir='ltr'><strong>tiam</strong></span> <span class='ocrx_word' id='word_1_837' title='bbox 2162 5017 2216 5061; x_wconf 90' lang='lat' dir='ltr'><strong>et</strong></span> <span class='ocrx_word' id='word_1_838' title='bbox 2243 5007 2493 5063; x_wconf 85' lang='lat' dir='ltr'><strong>virtutem</strong></span> <span class='ocrx_word' id='word_1_839' title='bbox 2519 5005 2621 5061; x_wconf 89' lang='lat' dir='ltr'><strong>sibi</strong></span> <span class='ocrx_word' id='word_1_840' title='bbox 2644 5010 3029 5074; x_wconf 82' lang='lat' dir='ltr'><strong>compararunt</strong></span> <span class='ocrx_word' id='word_1_841' title='bbox 3048 5043 3064 5064; x_wconf 88' lang='lat'><strong>,</strong></span> <span class='ocrx_word' id='word_1_842' title='bbox 3088 5007 3288 5055; x_wconf 72' lang='lat' dir='ltr'><strong>sanctze</strong></span> <span class='ocrx_word' id='word_1_843' title='bbox 3317 5006 3559 5069; x_wconf 84' lang='lat' dir='ltr'><strong>potesta-</strong></span> 
     </span>
    </p>
   </div>
   <div class='ocr_carea' id='block_1_113' title="bbox 2001 5089 3560 5171">
    <p class='ocr_par' dir='ltr' id='par_1_113' title="bbox 2001 5089 3560 5171">
     <span class='ocr_line' id='line_1_113' title="bbox 2001 5089 3560 5171; baseline -0.01 -15"><span class='ocrx_word' id='word_1_844' title='bbox 2001 5110 2082 5156; x_wconf 82' lang='lat' dir='ltr'><strong>tes</strong></span> <span class='ocrx_word' id='word_1_845' title='bbox 2111 5099 2496 5171; x_wconf 82' lang='lat' dir='ltr'><strong>requiescunt,</strong></span> <span class='ocrx_word' id='word_1_846' title='bbox 2551 5111 2781 5167; x_wconf 90' lang='lat' dir='ltr'><strong>quorum</strong></span> <span class='ocrx_word' id='word_1_847' title='bbox 2852 5092 3092 5166; x_wconf 74' lang='lat' dir='ltr'><strong>symbola</strong></span> <span class='ocrx_word' id='word_1_848' title='bbox 3131 5098 3258 5147; x_wconf 90' lang='lat' dir='ltr'><strong>sunt</strong></span> <span class='ocrx_word' id='word_1_849' title='bbox 3307 5089 3560 5143; x_wconf 84' lang='lat' dir='ltr'><strong>volucres</strong></span> 
     </span>
    </p>
   </div>
   <div class='ocr_carea' id='block_1_114' title="bbox 1998 5180 3561 5259">
    <p class='ocr_par' dir='ltr' id='par_1_114' title="bbox 1998 5180 3561 5259">
     <span class='ocr_line' id='line_1_114' title="bbox 1998 5180 3561 5259; baseline -0.01 -13"><span class='ocrx_word' id='word_1_850' title='bbox 1998 5191 2121 5247; x_wconf 73' lang='lat' dir='ltr'><strong>cmli</strong></span> <span class='ocrx_word' id='word_1_851' title='bbox 2152 5192 2202 5245; x_wconf 88' lang='lat' dir='ltr'><strong>in</strong></span> <span class='ocrx_word' id='word_1_852' title='bbox 2252 5192 2418 5246; x_wconf 91' lang='lat' dir='ltr'><strong>ramis</strong></span> <span class='ocrx_word' id='word_1_853' title='bbox 2469 5188 2644 5259; x_wconf 87' lang='lat' dir='ltr'><strong>sinapi</strong></span> <span class='ocrx_word' id='word_1_854' title='bbox 2691 5188 3019 5244; x_wconf 81' lang='lat' dir='ltr'><strong>habitantes.</strong></span> <span class='ocrx_word' id='word_1_855' title='bbox 3060 5183 3178 5250; x_wconf 88' lang='lat' dir='ltr'><strong>Ouo</strong></span> <span class='ocrx_word' id='word_1_856' title='bbox 3215 5180 3561 5252; x_wconf 75' lang='lat' dir='ltr'><strong>significatur</strong></span> 
     </span>
    </p>
   </div>
   <div class='ocr_carea' id='block_1_115' title="bbox 2004 5273 3345 5353">
    <p class='ocr_par' dir='ltr' id='par_1_115' title="bbox 2004 5273 3345 5353">
     <span class='ocr_line' id='line_1_115' title="bbox 2004 5273 3345 5353; baseline -0.01 -17"><span class='ocrx_word' id='word_1_857' title='bbox 2004 5294 2228 5353; x_wconf 75' lang='lat' dir='ltr'><strong>regnum</strong></span> <span class='ocrx_word' id='word_1_858' title='bbox 2259 5282 2545 5347; x_wconf 73' lang='lat' dir='ltr'><strong>ccelorum,</strong></span> <span class='ocrx_word' id='word_1_859' title='bbox 2581 5278 2721 5349; x_wconf 76' lang='lat' dir='ltr'><strong>quod</strong></span> <span class='ocrx_word' id='word_1_860' title='bbox 2754 5277 2952 5331; x_wconf 89' lang='lat' dir='ltr'><strong>virtute</strong></span> <span class='ocrx_word' id='word_1_861' title='bbox 2983 5277 3036 5329; x_wconf 92' lang='lat' dir='ltr'><strong>in</strong></span> <span class='ocrx_word' id='word_1_862' title='bbox 3069 5273 3223 5328; x_wconf 88' lang='lat' dir='ltr'><strong>nobis</strong></span> <span class='ocrx_word' id='word_1_863' title='bbox 3245 5280 3345 5325; x_wconf 84' lang='lat' dir='ltr'><strong>est.</strong></span> 
     </span>
    </p>
   </div>
   <div class='ocr_carea' id='block_1_116' title="bbox 1995 5448 3134 5521">
    <p class='ocr_par' dir='ltr' id='par_1_116' title="bbox 1995 5448 3134 5521">
     <span class='ocr_line' id='line_1_116' title="bbox 1995 5448 3134 5521; baseline -0.011 -8"><span class='ocrx_word' id='word_1_864' title='bbox 1995 5458 2040 5491; x_wconf 76' lang='lat'><strong>&quot;</strong></span> <span class='ocrx_word' id='word_1_865' title='bbox 2069 5456 2229 5512; x_wconf 85' lang='lat' dir='ltr'><strong>Prov.</strong></span> <span class='ocrx_word' id='word_1_866' title='bbox 2262 5473 2339 5521; x_wconf 81' lang='lat' dir='ltr'><strong>Ix,</strong></span> <span class='ocrx_word' id='word_1_867' title='bbox 2368 5455 2422 5511; x_wconf 87' lang='lat'><strong>9.</strong></span> <span class='ocrx_word' id='word_1_868' title='bbox 2500 5456 2545 5488; x_wconf 77' lang='lat'>“</span> <span class='ocrx_word' id='word_1_869' title='bbox 2577 5453 2722 5509; x_wconf 88' lang='lat' dir='ltr'><strong>Psal.</strong></span> <span class='ocrx_word' id='word_1_870' title='bbox 2754 5465 3014 5513; x_wconf 82' lang='lat' dir='ltr'><strong>cxxxvnt,</strong></span> <span class='ocrx_word' id='word_1_871' title='bbox 3041 5448 3134 5502; x_wconf 71' lang='lat'><strong>22.</strong></span> 
     </span>
    </p>
   </div>
   <div class='ocr_carea' id='block_1_117' title="bbox 2069 5535 3555 5624">
    <p class='ocr_par' dir='ltr' id='par_1_117' title="bbox 2069 5535 3555 5624">
     <span class='ocr_line' id='line_1_117' title="bbox 2069 5535 3555 5624; baseline -0.014 -15"><span class='ocrx_word' id='word_1_872' title='bbox 2069 5551 2180 5624; x_wconf 80' lang='lat'><strong>(86)</strong></span> <span class='ocrx_word' id='word_1_873' title='bbox 2222 5551 2281 5605; x_wconf 72' lang='grc' dir='ltr'>Ὀ</span> <span class='ocrx_word' id='word_1_874' title='bbox 2313 5549 2423 5620; x_wconf 82' lang='grc' dir='ltr'>τῆς</span> <span class='ocrx_word' id='word_1_875' title='bbox 2449 5549 2760 5619; x_wconf 80' lang='grc' dir='ltr'>ἁγιότητος</span> <span class='ocrx_word' id='word_1_876' title='bbox 2783 5541 3079 5607; x_wconf 78' lang='grc' dir='ltr'>ἐκπεσών,</span> <span class='ocrx_word' id='word_1_877' title='bbox 3107 5549 3214 5596; x_wconf 91' lang='lat' dir='ltr'><strong>etc.</strong></span> <span class='ocrx_word' id='word_1_878' title='bbox 3245 5535 3555 5596; x_wconf 86' lang='lat' dir='ltr'><strong>Corderius.</strong></span> 
     </span>
    </p>
   </div>
   <div class='ocr_carea' id='block_1_118' title="bbox 1996 5628 3559 5772">
    <p class='ocr_par' dir='ltr' id='par_1_118' title="bbox 1996 5628 3559 5772">
     <span class='ocr_line' id='line_1_118' title="bbox 1996 5628 3559 5772; baseline -0.021 -60"><span class='ocrx_word' id='word_1_879' title='bbox 1996 5713 2039 5772; x_wconf 71' lang='grc' dir='ltr'><strong><em>Β</em></strong></span> <span class='ocrx_word' id='word_1_880' title='bbox 2069 5642 2182 5769; x_wconf 57' lang='grc' dir='ltr'><strong>(ἓξ)</strong></span> <span class='ocrx_word' id='word_1_881' title='bbox 2224 5643 2320 5697; x_wconf 78' lang='grc' dir='ltr'><strong><em>Ἐν</em></strong></span> <span class='ocrx_word' id='word_1_882' title='bbox 2340 5638 2597 5713; x_wconf 75' lang='grc' dir='ltr'>μὲντοῖς</span> <span class='ocrx_word' id='word_1_883' title='bbox 2622 5638 2856 5709; x_wconf 76' lang='grc' dir='ltr'>ἔχουσι,</span> <span class='ocrx_word' id='word_1_884' title='bbox 2883 5643 2991 5692; x_wconf 86' lang='lat' dir='ltr'><strong>etc.</strong></span> <span class='ocrx_word' id='word_1_885' title='bbox 3020 5633 3245 5692; x_wconf 65' lang='lat' dir='ltr'><strong>Schedae</strong></span> <span class='ocrx_word' id='word_1_886' title='bbox 3270 5628 3475 5696; x_wconf 85' lang='lat' dir='ltr'><strong>Grabii,</strong></span> <span class='ocrx_word' id='word_1_887' title='bbox 3502 5628 3559 5680; x_wconf 72' lang='lat' dir='ltr'><strong>et</strong></span> 
     </span>
     <span class='ocr_line' id='line_1_119' title="bbox 2043 5726 2292 5770; baseline -0.012 0"><span class='ocrx_word' id='word_1_888' title='bbox 2043 5729 2104 5770; x_wconf 87' lang='lat' dir='ltr'><strong>ar</strong></span> <span class='ocrx_word' id='word_1_889' title='bbox 2147 5726 2292 5768; x_wconf 72' lang='lat' dir='ltr'><strong>atus.</strong></span> 
     </span>
    </p>
   </div>
   <div class='ocr_carea' id='block_1_119' title="bbox 2043 5726 2292 5770">
    <p class='ocr_par' dir='ltr' id='par_1_119' title="bbox 2043 5726 2292 5770">
     <span class='ocr_line' id='line_1_120' title="bbox 2043 5726 2292 5770; baseline -0.012 0"><span class='ocrx_word' id='word_1_890' title='bbox 2043 5726 2292 5770; x_wconf 80' lang='lat' dir='ltr'><strong>amarus.</strong></span> 
     </span>
    </p>
   </div>
   <div class='ocr_carea' id='block_1_120' title="bbox 3171 5836 3252 5898">
    <p class='ocr_par' dir='ltr' id='par_1_120' title="bbox 3171 5836 3252 5898">
     <span class='ocr_line' id='line_1_121' title="bbox 3171 5836 3252 5898; baseline 0 0"><span class='ocrx_word' id='word_1_891' title='bbox 3171 5836 3252 5898; x_wconf 81' lang='lat'><strong>38</strong></span> 
     </span>
    </p>
   </div>
  </div>
