4020 6152
490 300 629 356 H95

558 417 706 472 Vens
742 415 795 471 9.
837 412 1133 468 Insidiatur
1168 420 1225 467 ut
1280 413 1452 482 rapiat
1494 427 1773 483 pauperem
1814 428 1831 466 :
1868 426 2055 477 rapere
2091 413 2128 468 Α

489 523 767 578 pauperem
800 506 925 559 dum
965 507 1186 559 attrahit
1214 521 1356 572 eum,
1409 514 1515 560 etc.
1572 504 1684 560 Hoc
1716 504 1861 559 dicto
1896 513 2053 559 uten-

491 605 616 655 dum
651 608 733 655 est
758 597 1019 653 adversus
1049 597 1264 652 divites.

562 689 723 745 Vens.
765 688 854 746 14.
905 686 1064 741 Vides
1101 688 1353 758 quoniam
1386 697 1442 742 tu
1469 686 1701 743 laborem
1736 695 1785 741 et
1820 686 2053 741 dolorem

491 781 790 837 consideras
814 818 830 844 ,
857 786 915 833 ut
946 778 1127 833 tradas
1164 793 1252 831 eos
1282 779 1337 831 in
1367 794 1554 833 manus
1584 787 1738 843 tuas,
1779 787 1885 832 etc.
1918 776 2052 832 Cum

488 873 720 948 labores.
760 879 815 927 et
866 870 1083 927 dolores
1115 882 1373 942 operatur
1401 871 1668 936 Satanas,
1711 868 1919 925 animas
1947 883 2052 933 pu-

489 962 915 1021 niendas'tradit
942 961 1137 1030 judici.
1167 961 1317 1019 «Tibi
1349 963 1639 1019 derelictus
1673 969 1759 1017 est
1792 972 2047 1029 pauper,»

488 1059 557 1113 ab
600 1058 690 1113 his
731 1060 822 1127 qui
872 1055 940 1110 ad
996 1063 1170 1109 sortes
1203 1055 1469 1109 veniunt:
1500 1068 1625 1108 nam
1666 1050 1830 1107 stulta
1870 1048 2052 1103 mundi

488 1150 644 1221 eligit
675 1150 837 1205 Deus.
875 1168 893 1200 ‹
929 1148 1189 1217 Orphano
1216 1153 1271 1199 tu
1299 1159 1423 1201 eras
1455 1144 1687 1216 adiutor.
1720 1161 1738 1194 ι
1764 1142 2053 1212 Orphanus

490 1252 577 1297 est
622 1242 713 1313 qui
767 1234 1057 1310 malignum
1108 1250 1313 1305 patrem
1346 1236 1593 1307 abjccitn
1623 1254 1641 1286 ι
1671 1233 1779 1289 Vos
1829 1252 1850 1286 ο
1881 1233 2051 1299 enim,

487 1334 669 1405 inquit
696 1332 946 1389 Salvator
981 1331 1049 1396 ",
1085 1348 1105 1382 ι
1141 1345 1208 1385 ex
1236 1340 1389 1400 patre
1415 1327 1625 1383 diabolo
1663 1326 1813 1383 estis.
1852 1344 1871 1378 ι

558 1514 726 1569 Vens.
769 1510 855 1566 15.
881 1509 1103 1565 Contere
1127 1508 1396 1563 brachium
1415 1506 1705 1577 peccatoris
1732 1514 1780 1559 et
1810 1503 2051 1575 maligni,

488 1613 598 1662 etc.
642 1604 699 1660 Si
751 1602 1009 1658 contritio
1070 1600 1279 1655 brachii
1336 1597 1479 1653 delet
1536 1606 1779 1667 peccata,
1830 1596 2052 1652 liberari

487 1713 619 1754 vero
649 1715 679 1752 a
720 1696 961 1767 peccatis
995 1691 1352 1751 beneﬁcentia
1379 1701 1501 1756 est,
1535 1691 1606 1744 ita
1646 1690 1777 1745 mihi
1823 1703 2051 1760 persua-

1890 291 1983 349 EX
2016 290 2315 350 ORIGENE

3594 292 3729 351 “98

2236 391 2558 479 Ἐνεᾶρεῦει
2622 409 2728 465 τοῦ
2796 409 3063 479 ἁρπάσαι
3127 406 3387 478 πτωχὸν,
3459 408 3726 477 ἁρπάσαι

2154 502 2395 572 πτωχὸν
2431 504 2501 557 ἐν
2530 502 2609 569 τῷ
2646 503 2900 557 ἐλκῦσαι
2926 503 3131 569 αὑτὸν,
3172 518 3225 554 κ.
3260 518 3312 554 τ.
3349 502 3397 554 ἐ.
3436 501 3627 572 Τούτῳ
3655 504 3730 575 τῷ

2156 593 2303 665 ρητῷ
2327 594 2441 666 (88)
2482 594 2743 666 χρηστέον
2769 595 2907 665 πρὸς
2934 595 3058 657 τοὺς
3086 593 3394 657 πλουσίους.

2223 685 2497 751 Βλέπεις,
2537 686 2626 741 ὅτι
2665 683 2745 740 σὺ
2781 686 2971 740 πόνον
3014 685 3114 738 καί
3158 685 3352 755 θυμὸν
3396 686 3725 753 κατανοεῖς,

2153 775 2260 830 τοῦ
2295 778 2663 847 παραδοῦναι
2696 775 2918 844 αὐτοὺς
2954 781 3040 844 είς
3083 777 3286 847 χεῖράς
3311 794 3465 843 σου,
3508 796 3564 831 κ.
3600 796 3650 833 τ.

2154 870 2358 935 Πόνους
2384 872 2478 926 καὶ
2507 872 2710 944 θυμοὺς
2738 873 2851 945 (89)
2880 874 2908 926 6
2937 872 3179 934 Σατανᾶς
3211 872 3604 943 ἐργαζόμενος,
3627 889 3727 925 τεα-

2156 963 2403 1035 ραδίδωσι
2439 964 2553 1028 ,τὰς
2593 964 2771 1036 ψυχὰς
2807 966 2888 1029 είς
2926 964 3145 1017 κόλασιν
3187 963 3265 1034 τῷ
3310 966 3496 1034 κριτῇ.
3554 983 3576 1014 ι
3640 964 3724 1017 Σοὶ

2153 1055 2633 1123 ἐγκαταλέλειπται
2662 1059 2691 1110 6
2717 1056 2950 1127 πτωχὸς,
2996 1075 3015 1109 ι
3052 1056 3163 1109 ἀπὸ
3197 1054 3307 1108 τῶν
3332 1057 3412 1119 είς
3438 1057 3568 1120 τοὺς
3597 1056 3723 1127 κλή-

2158 1162 2282 1216 ρους
2314 1148 2619 1219 ἐρχομένων
2639 1166 2652 1179 ·
2682 1149 2762 1202 διὸ
2791 1148 2860 1202 τὰ
2889 1148 3046 1220 μωρὰ
3074 1148 3168 1202 τοῦ
3198 1147 3407 1217 κόσμου
3440 1148 3722 1216 ἐκλέγεται

2152 1240 2181 1292 6
2206 1238 2358 1303 Θεός.
2392 1258 2411 1291 r
2462 1240 2711 1312 Ὀρφανῷ
2739 1241 2803 1294 σὺ
2826 1236 2967 1312 ἦσθα
2991 1239 3201 1311 βοηθός.
3233 1257 3255 1292 ι
3295 1240 3563 1312 Ὀρφανός
3580 1241 3721 1293 ἐστιν

2153 1331 2181 1384 6
2219 1331 2507 1386 ἀποϐαλὼν
2539 1333 2630 1387 τὸν
2674 1334 2908 1405 πονηρὸν
2953 1336 3183 1407 πατέρα.
3234 1353 3254 1387 t
3310 1333 3500 1404 Ὑμεῖς
3538 1351 3558 1385 ι
3594 1331 3718 1404 γὰρ,

2154 1423 2316 1493 φησὶν
2341 1425 2369 1476 6
2393 1424 2602 1496 Σωτὴρ,
2631 1444 2651 1477 t
2687 1428 2752 1479 ἐκ
2771 1426 2865 1479 τοῦ
2887 1428 3091 1497 πατρὸς
3117 1425 3212 1479 τοῦ
3235 1423 3660 1479 διαϐόλουὲστέ.
3694 1440 3715 1474 ι

2222 1514 2558 1582 Σύντριψον
2604 1514 2711 1567 τὸν
2748 1515 3045 1584 βραχίονα
3088 1514 3198 1569 τοῦ
3237 1512 3591 1584 ἁμαρτωλυῦ
3624 1514 3717 1566 καί

2153 1604 2438 1673 πονηροῦ,
2468 1622 2520 1659 κ.
2556 1623 2604 1658 τ.
2639 1607 2685 1659 ἐ.
2715 1605 2838 1679 Είή
2875 1606 3131 1678 συντριϐὴ
3166 1606 3279 1678 (90)
3305 1604 3401 1658 τοῦ
3436 1605 3718 1678 βραχίονος

2152 1698 2400 1767 ἀφανίζει
2423 1698 2522 1763 τὰς
2543 1700 2836 1772 ἁμαρτίας,
2866 1700 2926 1754 τὸ
2949 1700 3006 1754 δὲ
3031 1699 3414 1771 ἀπαλλαγῆναι
3438 1697 3720 1769 ἀμαρτιιῖιν

488 1808 610 1848 sum
640 1758 738 1847 est.
755 1790 919 1845 Deum
958 1790 1171 1861 punire.
1209 1785 1498 1841 Brachiun:
1539 1792 1717 1837 autem
1750 1758 1883 1837 dicit
1929 1781 2047 1836 ani-

2153 1758 2457 1862 εύεργεσία,
2493 1758 3083 1864 οὕτωςέγὼψπείθομαι
3114 1758 3364 1855 κολάζειν
3396 1758 3722 1862 Θεόν.’Βρα-

488 1897 634 1936 mam
672 1896 796 1951 qua:
821 1879 960 1935 mala
994 1888 1221 1949 Operata
1258 1885 1363 1931 est.
1408 1892 1427 1927 ι
1453 1872 1737 1940 ρυιετειιιι·
1770 1880 2047 1943 peccatum

488 1973 652 2038 illius,
687 1980 741 2027 et
768 1986 874 2026 non
900 1970 1230 2025 invenietur.
1255 1986 1274 2019 ι
1302 1965 1397 2023 Vel
1418 1981 1541 2021 cum
1567 1972 1840 2033 quaeretur
1863 1976 2052 2033 pecca-

488 2072 601 2118 tum
656 2061 959 2131 peccatoris
994 2069 1051 2114 et
1104 2057 1347 2129 maligni,
1396 2070 1502 2111 non
1566 2054 1869 2110 invenietur
1912 2053 2049 2123 ipse,

488 2157 686 2227 quippe
713 2156 805 2226 qui
836 2162 979 2209 totus
1010 2152 1187 2208 factus
1218 2151 1291 2206 sit
1333 2157 1612 2220 peccatum
1658 2156 1713 2203 et
1757 2146 2049 2216 iniquitas;

486 2249 597 2316 vel,
627 2249 840 2319 quando
870 2256 1143 2319 queretur
1167 2244 1310 2300 illius
1341 2252 1647 2315 peccatum,
1678 2255 1785 2296 non
1812 2240 2056 2295 invenie-

484 2353 600 2408 tur,
632 2355 698 2397 eo
724 2340 864 2411 quod
894 2340 1006 2409 ipse
1040 2338 1327 2394 mundatus
1362 2336 1451 2392 sit.

560 2522 725 2577 Vens.
771 2518 853 2574 16.
896 2517 1152 2571 Dominus
1186 2513 1421 2585 regnabit
1466 2513 1523 2567 in
1563 2522 1849 2579 wlernum,
1902 2522 1951 2567 et
1994 2514 2050 2567 in

488 2610 739 2668 mentum
764 2608 967 2672 sa'culi,
993 2616 1097 2662 etc.
1146 2623 1166 2657 t
1196 2605 1421 2675 Oportet
1451 2604 1595 2658 enim
1623 2601 1911 2658 Dominum
1941 2622 1961 2657 ι
1997 2606 2049 2659 in

488 2712 749 2759 aeternum
771 2717 793 2750 ι
817 2713 1069 2771 regnare,
1105 2697 1278 2752 donec
1314 2705 1480 2766 ponat
1518 2694 1766 2750 inimicos
1791 2710 1919 2752 suos
1952 2696 2054 2752 sub

490 2796 714 2867 pedibus
764 2791 946 2861 eius.»
1007 2789 1140 2844 Nam
1184 2804 1409 2860 regnum
1462 2789 1627 2858 ipsius
1670 2788 2053 2859 contemplatio

486 2896 573 2941 est
606 2885 847 2940 omnium
871 2883 1271 2951 praeteritorum
1295 2890 1349 2937 et
1382 2879 1683 2935 futurorum
1712 2881 2050 2947 saeculorum,

486 2993 584 3048 per
639 2990 801 3047 quam
856 2973 1362 3043 contemplationem
1433 2974 1598 3027 etiam
1655 2972 1860 3028 inimici
1919 2971 2055 3029 ﬁunt

2152 1883 2303 1954 χίονα
2338 1883 2394 1936 δὲ
2432 1883 2579 1953 λέγει
2616 1884 2715 1956 τὴν
2754 1883 2966 1956 πονηρά
3004 1884 3493 1957 κατεργασαμένην
3521 1883 3716 1955 ψυχήν.

2158 1992 2176 2025 ι
2206 1973 2574 2047 Ζητηθήσεται
2596 1978 2629 2046 ἡ
2660 1975 2900 2049 ἀμαρτία
2920 1974 3105 2038 αὑτοῦ,
3129 1976 3223 2030 καὶ
3252 1977 3312 2028 o6
3346 1976 3422 2047 μὴ
3446 1975 3662 2048 εὑρεθῇ.
3686 1993 3717 2027 θ

2155 2063 2309 2115 Ἤτοι
2343 2063 2677 2136 ζητουμένης
2703 2066 2798 2136 τῆς
2829 2065 3102 2136 ἁμαρτίας
3136 2065 3234 2119 τοῦ
3269 2065 3596 2137 ἀμαρτωλοῦ
3624 2066 3719 2117 καὶ

2152 2154 2409 2225 πονηροῦ,
2460 2155 2627 2218 αὐτὸς
2675 2157 2773 2226 οὐχ
2829 2155 3202 2227 εὑρεθήσεται,
3253 2154 3373 2218 ὅλος
3430 2155 3719 2225 γενόμενος

2150 2246 2395 2319 ἁμαρτία
2437 2247 2528 2318 καὶ
2556 2248 2815 2319 πονηρία’
2851 2248 2883 2319 ἢ
2916 2247 3066 2301 ἔσται
3107 2248 3196 2300 ὅτε
3225 2246 3593 2319 ζητηθήσεται
3616 2248 3719 2301 a6-

2151 2338 2243 2393 τοῦ
2272 2341 2306 2411 ἡ
2337 2340 2597 2412 ἁμαρτία,
2633 2341 2725 2393 καὶ
2748 2340 2848 2412 ούχ
2879 2340 3252 2412 εὑρεθήσεται,
3277 2338 3356 2409 τῷ
3383 2338 3718 2411 κεκαθαρθαι

2151 2430 2331 2485 αὐτόν.

2218 2524 2579 2578 Βασιλεύσει
2609 2524 2822 2592 Κύριος
2854 2526 2942 2591 είς
2977 2522 3085 2577 τὸν
3121 2522 3327 2588 αὶὼνα,
3360 2521 3464 2578 καί
3497 2524 3586 2589 εις
3614 2521 3719 2577 τὸν

2150 2608 2335 2663 αὶῶνα
2355 2609 2462 2664 τοῦ
2490 2610 2724 2679 αἰῶνος,
2757 2629 2810 2665 κ.
2842 2629 2893 2665 τ.
2924 2613 2969 2665 ὲ.
3009 2631 3028 2664 ι
3065 2614 3157 2665 Δεῖ
3195 2631 3214 2665 ι
3247 2612 3359 2685 γὰρ
3410 2631 3430 2663 ι
3473 2614 3564 2668 τὸν
3604 2611 3716 2666 Κύ-

2156 2714 2268 2771 ριον
2300 2699 2411 2772 (91)
2454 2700 2755 2772 βασιλεύειν
2792 2722 2811 2755 ι
2841 2702 2931 2756 διά
2957 2703 3066 2757 τῶν
3103 2702 3331 2769 αἰώνων,
3376 2722 3396 2755 ι
3442 2704 3603 2774 ἄχρις
3651 2703 3719 2756 ἂν

2153 2792 2218 2864 θῇ
2257 2792 2461 2858 πάντας
2496 2796 2621 2859 τοὺς
2648 2795 2875 2867 ἐχθροὺς
2899 2796 3064 2850 αὑτοῦ
3109 2797 3215 2849 ὑπὸ
3257 2798 3380 2861 τοὺς
3419 2796 3585 2862 πόδας
3620 2795 3717 2850 αὐ-

2151 2883 2267 2939 τοῦ.
2298 2903 2317 2935 ι
2357 2884 2422 2937 Ἡ
2447 2884 2555 2957 γὰρ
2586 2886 2827 2956 βασιλεία
2850 2885 3015 2940 αὑτοῦ
3042 2889 3187 2942 ἐστιν
3217 2889 3249 2957 ή
3276 2887 3479 2960 θεωρία
3506 2888 3715 2945 πάντων

2152 2978 2261 3032 τῶν
2283 2978 2578 3047 γεγονότων
2614 2980 2707 3032 καὶ
2734 2981 3114 3051 γενησομένων
3140 2979 3371 3043 αἰώνων,
3399 2979 3466 3032 δι’
3496 2974 3564 3051 ἧς
3588 2979 3716 3033 θεω-

488 3067 673 3123 amici.
712 3065 825 3122 Hoc
857 3065 1001 3120 enim
1043 3073 1127 3119 est
1161 3062 1307 3132 quod
1338 3062 1468 3118 dicit
1512 3063 1640 3119 illud
1669 3081 1685 3118 :
1721 3083 1740 3115 ι
1771 3063 2053 3131 ρυιενειυι·

2156 3071 2277 3145 ρίας
2301 3072 2395 3126 καὶ
2419 3073 2467 3126 oi
2492 3071 2677 3145 ἐχθροὶ
2699 3073 2840 3142 φίλοι
2864 3073 3121 3142 γίνονται.
3150 3074 3215 3127 Ὃ
3244 3074 3343 3145 μὲν
3365 3074 3521 3143 φησὶ,
3558 3092 3579 3125 t
3612 3075 3713 3143 Ζη-

487 3165 774 3225 peccatum
825 3155 992 3218 illius,
1046 3164 1101 3212 et
1153 3170 1259 3209 non
1304 3154 1623 3209 invenietur.
1653 3171 1672 3204 ι
1740 3153 1953 3225 Regnat
1996 3154 2051 3209 in

2154 3164 2446 3237 τηθήσεται
2478 3167 2512 3237 ἡ
2545 3166 2785 3237 ἁμαρτία
2817 3164 3001 3229 αὐτοῦ,
3032 3166 3127 3219 καὶ
3147 3167 3244 3236 οὐχ
3275 3165 3647 3237 εὑρεθήσεται.
3688 3184 3710 3217 ι

487 3258 748 3305 aeternum
776 3246 1056 3311 Dominus,
1085 3247 1360 3316 proprium
1396 3255 1576 3300 autem
1601 3260 1785 3316 regum
1812 3256 1895 3301 est
1920 3246 2051 3302 sub-

484 3338 832 3411 jectis59o
859 3339 970 3394 suis
993 3338 1335 3408 prospicere.
1377 3356 1395 3389 ι
1421 3336 1697 3401 Peribitis,
1732 3344 1923 3406 gentes
1941 3376 1960 3403 ,
1987 3337 2054 3393 de

486 3443 637 3490 terra
681 3433 846 3489 illius.
879 3449 898 3482 ι
945 3428 1112 3485 Terra
1158 3426 1374 3482 Domini
1410 3436 1490 3483 est
1525 3428 1905 3498 contemplatio
1933 3444 2053 3485 om-

488 3527 640 3581 nium
672 3524 1095 3595 praeteritorum,
1120 3537 1282 3595 quam
1316 3532 1371 3578 et
1400 3536 1625 3592 regnum
1648 3520 1909 3576 caelorum
1932 3535 2054 3576 esse

491 3618 744 3673 dicimus.
775 3615 980 3673 Gentes
1012 3624 1172 3681 sunt,
1202 3629 1324 3685 qua:
1356 3614 1547 3669 salutis
1581 3612 1910 3684 prmconium
1944 3627 2051 3667 non

491 3708 779 3776 admisere,
806 3708 899 3763 sed
929 3707 982 3761 in
1007 3721 1199 3763 omnes
1225 3707 1410 3762 divisa:
1439 3716 1581 3762 sunt.
1610 3705 1895 3772 Peribitis,
1923 3718 2055 3776 gen-

491 3815 595 3869 ιεε,
621 3812 887 3873 quatenus
912 3810 1099 3870 gentes
1118 3800 1273 3857 estis.
1318 3799 1431 3856 Una
1471 3801 1612 3857 enim
1654 3815 1787 3869 gens
1818 3809 1901 3855 est
1934 3796 2053 3852 uni-

491 3910 646 3950 versa
683 3905 851 3961 terra,
873 3893 917 3947 si
947 3894 999 3948 in
1031 3907 1195 3948 unum
1219 3895 1577 3949 consenserit.

562 3986 725 4042 Vsus.
768 3985 857 4039 17.
898 3984 1228 4040 Desiderium
1281 4002 1571 4056 pauperum
1612 3985 1881 4040 exaudivit
1936 3984 2048 4039 Do-

488 4080 683 4143 minus,
710 4089 815 4133 etc.
852 4076 1190 4131 Desiderium
1219 4086 1349 4132 tunc
1371 4077 1591 4132 exaudit
1619 4076 1900 4140 Dominus,
1922 4092 2049 4132 cum

492 4170 822 4227 desideranti
845 4168 1041 4223 anima).
1069 4169 1249 4238 cupita
1283 4169 1529 4239 largitur.
1556 4166 1877 4224 Desiderant
1905 4169 2051 4223 enim

489 4269 552 4315 ut
602 4258 886 4315 brachium
945 4258 1248 4324 peccatoris
1302 4268 1646 4323 conteratur,
1713 4266 1765 4313 et
1820 4259 1887 4314 ab
1935 4258 2052 4326 ejus

491 4351 779 4423 tyrannide
810 4350 1133 4405 liberentur.
1170 4347 1321 4414 Quod
1360 4360 1415 4407 et
1456 4350 1658 4405 factum
1690 4358 1791 4405 est.
1834 4350 2055 4406 Deside-

2153 3259 2435 3315 Βασιλεύει
2454 3260 2510 3314 δέ
2532 3262 2612 3325 είς
2630 3260 2721 3314 τὸν
2746 3259 2914 3313 αἰῶνα
2934 3261 2962 3313 6
2983 3260 3201 3331 Κύριος·
3225 3258 3354 3313 ἴδιον
3376 3260 3433 3313 δὲ
3456 3258 3714 3329 βασιλέων

2152 3351 2213 3406 τὸ
2242 3355 2484 3425 προνοεῖν
2503 3353 2609 3406 τῶν
2633 3352 2739 3406 ὑπὸ
2766 3353 2863 3424 τὴν
2889 3355 3067 3425 χεῖρα.
3092 3370 3111 3404 t
3134 3351 3467 3418 Ἀπολεῖσθε,
3484 3352 3633 3423 ἔθνη,
3655 3353 3712 3404 ἐκ

2150 3444 2249 3515 τῆς
2273 3444 2378 3514 γῆς
2416 3444 2599 3497 αὐτοῦ.
2640 3463 2658 3496 ι
2698 3445 2773 3516 Γῆ
2820 3445 3025 3517 Κυρίου
3061 3446 3094 3516 ἠ
3127 3443 3327 3515 θεωρία
3366 3444 3583 3499 πάντων
3612 3443 3713 3498 τῶν

2151 3536 2470 3603 γεγονότων,
2507 3535 2574 3607 ἢν
2616 3536 2711 3589 καὶ
2754 3536 3026 3606 βασιλείαν
3064 3536 3306 3609 οὐρανῶν
3344 3534 3484 3589 εἷναί
3516 3553 3709 3607 φαμεν.

2155 3628 2322 3700 Ἐθνη
2357 3628 2427 3683 τὰ
2459 3629 2534 3700 μὴ
2581 3628 2847 3700 δεξάμενα
2877 3629 2939 3682 τὸ
2972 3630 3237 3701 σωτήριον
3267 3630 3558 3701 κήρυγμα,
3603 3627 3712 3682 ἀλλ’

2151 3722 2232 3783 είς
2256 3721 2462 3784 πάντας
2504 3721 2967 3792 κατατεμνόμενα.
3034 3720 3364 3787 ’Δπολεῖσθε,
3394 3721 3544 3792 ἔθνη,
3585 3719 3714 3776 καθὸ

2151 3809 2278 3882 ἔθνη
2305 3811 2446 3865 ἐστέ.
2475 3812 2569 3865 Ἓν
2591 3811 2700 3883 γὰρ
2725 3811 2873 3875 ἔθνος
2896 3813 3041 3866 πᾶσα
3062 3814 3097 3884 ἡ
3124 3811 3216 3882 γῆ,
3244 3811 3338 3866 ἐὰν
3361 3812 3578 3883 ὁμονοῇ.

2226 3984 2345 4053 Τὴν
2365 3985 2682 4054 ἐπιθυμίαν
2696 3984 2815 4039 τῶν
2834 3984 3109 4053 πενήτων
3126 3985 3456 4055 είσήκουσε
3480 3987 3710 4054 Κύριος.

2151 4096 2202 4133 κ,
2222 4095 2274 4132 τ.
2296 4079 2341 4131 ἐ.
2370 4077 2681 4150 Τηνικαῦτα
2707 4079 2980 4132 εἰσακούει
3002 4077 3114 4151 (92)
3129 4078 3228 4147 τῆς
3251 4076 3543 4148 ἐπιθυμίας
3570 4079 3599 4130 ό
3616 4079 3717 4132 Κύ-

2154 4186 2288 4241 ριος,
2321 4168 2558 4240 ὁπηνίκα
2591 4168 2655 4223 ἂν
2686 4169 2747 4222 τὸ
2777 4169 3108 4241 ἐπιθυμητὸν
3144 4168 3402 4240 παράσχῃ
3427 4172 3495 4241 τῇ
3535 4169 3715 4223 ἐπιθυ-

2154 4265 2329 4339 μούσῃ
2380 4264 2544 4336 ψυχῇ.
2608 4263 2962 4336 Ἐπιθυμοῦσι
3030 4265 3138 4336 γὰρ
3206 4263 3557 4334 συντριόῆναι
3626 4261 3714 4317 τοῦ

2151 4356 2475 4429 ἀμαρτωλοῦ
2511 4356 2601 4410 τὸν
2645 4356 2903 4427 βραχίονα
2940 4356 3033 4409 καὶ
3063 4357 3161 4427 τῆς
3203 4355 3367 4410 αὐτοῦ
3408 4356 3715 4428 τυραννίδος

481 4446 632 4500 rium
666 4444 811 4500 enim
854 4444 1011 4499 bona:
1055 4442 1254 4497 mentis
1305 4452 1389 4497 est
1431 4441 1619 4498 elﬁcax
1660 4444 1857 4511 oratio,
1886 4458 2049 4513 quam

2154 4448 2601 4521 ἐλευθερωθῆναι.
2644 4450 2708 4501 Ὃ
2741 4449 2835 4500 καὶ
2869 4448 3109 4516 γέγονεν.
3154 4445 3447 4518 Ἑπιθυμία
3481 4447 3590 4518 γάρ
3614 4446 3716 4500 δια·

485 4539 679 4594 videns
712 4538 759 4592 is
792 4536 885 4606 qui
925 4534 1087 4590 corda
1134 4535 1322 4599 novit,
1380 4536 1656 4604 adimplet.
1698 4533 1812 4591 Non
1867 4543 2049 4590 autem

481 4629 675 4683 .Olnllia
705 4628 973 4683 desideria
1021 4626 1198 4681 audiri
1242 4626 1614 4681 arbitrandum
1653 4637 1770 4694 est,
1797 4629 1892 4682 sed
1928 4641 2051 4697 qua:

483 4722 717 4777 honesta
739 4731 885 4775 sunt.
909 4740 928 4772 ι
951 4719 1406 4791 Prteparationem
1428 4721 1608 4775 cordis
1631 4736 1817 4777 eorum
1842 4722 2052 4777 audivit

483 4816 640 4869 auris
698 4824 810 4871 tua.
843 4831 864 4865 ι
928 4813 1383 4884 Prmparationem
1464 4814 1642 4867 cordis
1714 4815 2049 4870 beandorum

484 4922 788 4978 pauperum
821 4908 974 4961 audit
1000 4906 1149 4960 auris
1172 4904 1404 4969 Domini,
1451 4920 1555 4959 non
1597 4907 1827 4961 attendit
1869 4917 2050 4962 autem

484 5003 558 5057 iis
593 5001 685 5072 qui
731 4999 1015 5070 praeparati
1054 5013 1161 5052 non
1212 5005 1354 5049 sunt.
1406 4995 1540 5060 lloc,
1597 4997 1805 5066 inquit,
1849 5000 2054 5067 appetit

484 5096 717 5166 quilibet
749 5109 936 5150 eorum
957 5092 1050 5163 qui
1074 5091 1283 5161 injuriis
1308 5090 1634 5145 alltciuntur.
1662 5090 1792 5143 Nam
1824 5091 1867 5145 si
1892 5092 2051 5147 modo

492 5191 636 5245 Deus
678 5200 943 5259 pauperes
968 5194 1023 5241 et
1056 5185 1345 5241 destitutos
1376 5183 1697 5247 vindicaret,
1748 5198 1908 5237 nemo
1938 5200 2053 5238 am-

489 5282 631 5351 plius
666 5281 1012 5351 gloriaretur,
1035 5280 1128 5333 sed
1157 5286 1211 5334 et
1232 5277 1322 5347 qui
1354 5275 1582 5346 injurias
1614 5275 1875 5338 inferunt,
1907 5277 2045 5333 male

566 5374 604 5407 "
640 5371 795 5427 Joan.
837 5385 951 5434 vm,
1011 5370 1100 5423 44.

562 5466 673 5534 (88)
729 5465 919 5528 Τούτῳ
964 5463 1045 5531 τῷ
1089 5461 1273 5532 ῥητῷ,
1324 5469 1429 5516 etc.
1473 5460 1682 5517 Eaedem
1725 5461 1958 5528 schedae,
1992 5472 2049 5519 et

489 5537 931 5677 ΒθῖέέἶἨόνους
960 5605 1056 5659 καὶ
1080 5606 1325 5675 θυμούς,
1352 5612 1455 5659 etc.
1495 5601 1715 5658 Schetlm
1736 5600 1946 5670 Grabii,
1984 5618 2047 5659 ac

496 5679 785 5819 Βδῶδῶηὲί
806 5746 845 5816 ἡ
879 5744 1187 5816 σωτριϐή,
1216 5755 1318 5802 etc.
1352 5745 1557 5801 Eandem
1594 5742 1801 5801 schedaz
1838 5742 2048 5811 Graliii,

2154 4541 2303 4605 νοίας
2329 4540 2537 4612 ἀγαθῆς
2566 4540 2793 4612 ἐνεργής
2822 4540 2937 4591 ἐστι
2963 4537 3255 4608 προσευχὴ,
3286 4538 3352 4609 ῆν
3388 4536 3513 4591 ἰδὼν
3535 4540 3565 4591 6
3590 4553 3715 4609 καρ-

2154 4632 2483 4705 διογνώστης
2508 4632 2815 4702 ἐπλήρωσε.
2849 4630 2925 4683 O6
2970 4629 3150 4693 πάσας
3179 4627 3471 4700 ἐπιθυμίας
3504 4629 3610 4702 χρὴ
3639 4646 3714 4683 νο-

2159 4725 2335 4797 μίζειν
2366 4721 2675 4789 ἀκούεσθαι,
2704 4721 2838 4776 ἀλλά
2863 4722 2962 4785 τὰς
2998 4721 3242 4783 ἀστείας.
3278 4738 3299 4773 t
3333 4720 3412 4791 Τῇ
3440 4720 3718 4792 ἑτοιμασίᾳ

2155 4818 2256 4888 τῆς
2292 4816 2518 4888 καρδίας
2546 4813 2724 4869 αὐτῶν
2754 4813 3027 4885 προσέσχε
3056 4814 3117 4866 τὸ
3141 4809 3233 4876 οὖς
3260 4829 3372 4865 σου.
3415 4831 3434 4865 ι
3480 4813 3718 4884 Έτοιμό-

2154 4927 2278 4982 τητι
2319 4909 2546 4981 καρδίας
2593 4906 3041 4979 μακαριζομένων
3081 4908 3326 4977 πενήτων
3366 4906 3624 4977 προσέχει
3658 4905 3715 4959 τὺ

2157 5000 2248 5068 οὖς
2272 5001 2364 5055 τοῦ
2390 5001 2615 5074 Κυρίου,
2644 5001 2705 5054 οὐ
2732 5000 2986 5072 προσέχει
3016 4999 3071 5051 δέ
3102 5001 3213 5062 τοῖς
3239 4999 3566 5068 ἀνετοίμοις.
3592 4997 3717 5051 T06-

2157 5113 2271 5160 του,
2292 5096 2475 5166 φησὶν,
2497 5094 2723 5157 ἕκαστος
2748 5094 2959 5163 ἐφίεται
2980 5091 3085 5145 τῶν
3110 5090 3499 5162 ἀδικουμένων.
3530 5093 3593 5146 El
3615 5092 3715 5163 γὰρ

2158 5188 2216 5239 ἐν
2244 5185 2322 5257 τῷ
2350 5185 2574 5257 παρόντι
2595 5185 2815 5254 γένηται
2845 5184 2995 5255 παρὰ
3019 5182 3113 5235 τοῦ
3145 5183 3280 5235 Θεοῦ
3307 5182 3588 5255 ἐκδίκησις
3613 5184 3715 5236 τῶν

2159 5278 2531 5348 ἀπεριστὰτων
2557 5279 2649 5330 καὶ
2676 5274 2965 5341 ταπεινῶν,
2991 5276 3163 5339 οὐδεὶς
3188 5275 3267 5328 ἐτι
3295 5274 3714 5347 μεγαλαυχήσει,

2156 5471 2212 5517 ει
2242 5457 2533 5512 Barbarus.
3215 5457 3229 5470 '

2157 5524 2603 5655 θῐξῐὰρ
2652 5522 2757 5576 τὸν
2797 5523 3035 5592 Κύρων,
3084 5532 3190 5578 etc.
3231 5520 3442 5577 Eaedem
3486 5522 3714 5619 schedae.

2229 5668 2340 5737 (92)
2367 5666 2701 5736 Τηνικαῦτα
2712 5664 3033 5730 είσακούει,
3050 5675 3157 5721 etc.
3183 5664 3391 5721 Eisdem
3415 5664 3647 5731 schedaz,
3666 5668 3717 5718 et

2158 5738 2448 5793 Barbarus.
