4020 6152
315 286 464 342 H97

1348 280 1654 339 SELECTA
1691 280 1760 339 IN
1792 278 2136 338 PSALMOS.
2172 312 2242 326 --
2277 281 2473 339 PSAL.
2498 283 2568 340 Χ.

3420 286 3559 343 1198

310 379 457 433 ἀλλὰ
488 377 581 432 καὶ
623 381 672 432 οἱ
712 377 1026 441 ἀδικοῦντες
1070 377 1489 432 παύσονταιτοῦ
1523 377 1707 443 κακῶς
1738 375 1888 448 δρᾷν,

1993 389 2173 442 agere,
2206 386 2261 433 et
2297 377 2335 433 ii
2376 378 2572 449 quibus
2621 376 2830 449 injuria:
2871 376 3207 460 inferuntur,
3259 377 3400 435 male
3448 381 3558 451 pati

311 469 418 524 καὶ
445 470 491 523 oi
519 469 863 541 ἀδικούμενοι
886 469 981 525 τοῦ
1010 470 1258 542 πάσχειν.

916 648 1204 703 ΨΔΛΜΟΣ
1240 651 1297 704 I’.

390 738 511 792 Ὅτι
536 737 666 793 ὶδοὺ
695 742 750 793 οἱ
786 739 1120 809 ἁμαρτωλοὶ
1163 743 1467 797 ἐνέτειναν
1500 744 1700 809 τόξον,
1734 744 1895 812 ἡτοί-

305 843 522 899 μασαν
552 827 712 897 ,βέλη
748 830 835 894 εἰς
866 829 1183 899 φαρέτραν,
1211 831 1318 885 τοῦ
1354 832 1784 897 κατατοξεῦσαι
1824 834 1895 888 ἐν

310 919 664 990 σκοτομήνῃ
698 920 838 988 τοὺς
864 921 1059 988 ὠθεῖς
1086 922 1162 991 τῇ
1184 923 1416 993 καρδίᾳ,
1447 943 1501 978 κ.
1530 942 1581 980 τ.
1609 927 1657 979 ὲ.
1680 925 1772 995 Μὴ
1799 926 1893 997 ἀρ-

312 1011 595 1082 κούμενοι,
638 1014 792 1085 φησὶ,
841 1017 906 1086 τῇ
945 1014 1057 1086 (95)
1091 1015 1298 1068 ἑαυτῶν
1332 1016 1577 1090 ἀπωλείᾳ
1617 1020 1668 1071 οἱ
1713 1019 1925 1089 ἁμαρ-ρ

309 1103 497 1168 τωλοὶ,
544 1104 660 1158 ἀλλ’
700 1105 1068 1179 ἐπισπώμενοι
1109 1108 1208 1173 τὰς
1246 1110 1521 1181 ἁμαρτίας
1562 1110 1638 1175 ὡς
1670 1112 1889 1183 σχοινίῳ

316 1195 538 1268 μακρῷ,
583 1198 696 1261 τοῖς
740 1197 834 1251 τοῦ
866 1196 1001 1251 Θεοῦ
1043 1198 1369 1270 πολεμοῦσιν
1414 1200 1738 1273 ἀνθρώποις,
1791 1204 1887 1255 καί⁵

311 1286 697 1353 κατατοξεύειν
738 1290 935 1354 αὐτοὺς
967 1291 1263 1364 πειρῶνται
1298 1296 1412 1357 τοῖς
1441 1294 1540 1365 τῆς
1570 1293 1750 1347 αὐτῶν
1788 1312 1887 1348 κα-

312 1380 443 1445 κίας
478 1382 596 1446 ἰοῖς,
630 1382 722 1434 καὶ
756 1380 834 1452 τῷ
867 1381 1177 1453 βασκαίνειν
1208 1384 1386 1439 αὐτῶν
1417 1386 1483 1457 τῇ
1512 1385 1751 1461 τοσαύτῃ
1789 1386 1883 1440 τοῦ

312 1474 644 1546 ἡγεμονικοῦ
671 1474 1018 1547 καθαρότητι,
1044 1476 1104 1529 τὸ
1132 1476 1321 1541 σκότος
1354 1476 1742 1548 προϐάλλονται
1765 1480 1885 1533 κατ’

312 1566 517 1633 αὐτῶν,
551 1567 627 1632 ὡς
663 1568 720 1622 αἱ
757 1566 947 1639 σηπίαι
991 1569 1053 1621 τὸ
1100 1568 1293 1638 μέλαν.
1338 1568 1448 1622 Καὶ
1477 1568 1648 1623 ταῦτα
1693 1569 1903 1643 δρῶσι,

308 1657 415 1722 τὰς
436 1659 668 1728 φυσικὰς
695 1659 947 1714 καὶκατὰ
968 1658 1128 1728 φύσιν
1148 1658 1314 1731 ὀρθάς
1334 1658 1653 1725 καθελόντες
1677 1662 1885 1726 ἐννοίας
1916 1680 1960 1737 Β

311 1749 377 1815 ἐξ
405 1749 631 1814 ἑαυτῶν,
663 1750 730 1815 ἃς
756 1751 820 1823 δὴ
862 1749 995 1815 Θεδς
1017 1750 1399 1823 κατηρτίσατο.

393 1840 505 1894 Τοῦ
551 1840 759 1895 αὑτοῦ.
813 1840 978 1909 Τόξον
1043 1842 1190 1894 ἐστὶν
1227 1841 1536 1914 ἀκάθαρτος
1587 1842 1711 1907 νοῦς
1752 1844 1885 1916 (94).

327 1929 492 1999 Ἐγὼ,
524 1932 708 2003 φησὶν,
741 1932 834 1985 ἐπὶ
862 1930 940 2003 τῷ
974 1931 1164 2002 Κυρίῳ
1206 1932 1457 1987 πέποιθα.
1503 1935 1567 1987 Οἱ
1595 1933 1891 2005 πολεμοῦν-

312 2038 406 2086 τες
461 2022 794 2094 άμαρτωλοί.
837 2023 934 2087 Τίς
979 2023 1047 2079 ἂν
1093 2017 1185 2078 οὖν
1233 2024 1385 2096 δείσῃ
1431 2026 1525 2078 καὶ
1580 2025 1725 2098 φύγῃ
1757 2025 1889 2080 Θεὸν

312 2110 454 2182 ἔχων
501 2111 714 2182 βοηθὸν,
749 2114 845 2166 καὶ
877 2113 1168 2183 πολεμίους
1203 2112 1585 2185 ἁμαρτωλούς;
1627 2133 1647 2167 ι
1711 2115 1887 2169 Ἠτοί-

317 2219 500 2274 μασαν
547 2203 673 2277 βέλη
706 2193 1109 2277 εῐςκφαρέτραν.
1172 2224 1192 2257 s
1244 2204 1405 2270 Βέλος
1445 2206 1592 2260 ἐστὶν
1636 2206 1890 2278 ἐμπαθὴς

312 2293 594 2365 λογισμὸς,
641 2296 887 2368 φαρέτρα
918 2297 974 2350 δὲ
1015 2295 1127 2361 ἕξις
1168 2296 1415 2367 χειρίστη
1445 2295 1722 2369 λογισμῶν
1750 2301 1888 2353 ἀκα-

316 2386 532 2459 θάρτων
581 2387 1007 2460 πεπληρωμένη.
1060 2387 1246 2442 Ταῦτα
1284 2387 1378 2441 ἐπὶ
1419 2388 1685 2461 δαιμόνων
1733 2390 1888 2445 πολε-

318 2475 562 2547 μούντων
612 2477 977 2549 λαμϐάνονται
1021 2476 1246 2547 νοητῶς.
1297 2477 1558 2550 Νοηθεῖεν
1603 2478 1647 2532 δ’
1680 2477 1746 2533 ἂν
1792 2479 1888 2533 καὶ

316 2569 593 2642 αἰσθητῶς
633 2571 726 2624 ἐπὶ
757 2568 1029 2642 αἰσθητῶν
1055 2569 1281 2641 ἐχθρῶν.
1324 2589 1342 2622 ι
1379 2571 1467 2624 Ἐν
1491 2572 1818 2645 σκοτομήνῃ.
1859 2590 1880 2623 ι

317 2658 632 2731 Σκοτομήνη
680 2661 825 2712 ἐστὶν
870 2659 1061 2727 ἄγνοια
1106 2659 1283 2729 ψυχῆς
1330 2657 1572 2730 λογικῆς.
1628 2658 1716 2713 Ἐν
1763 2660 1888 2713 άσε-

321 2749 466 2821 λήνῳ
503 2750 658 2805 νυκτί
691 2767 854 2822 φησιν
897 2751 1093 2813 αὐτοὺς
1125 2748 1444 2821 ἐνεδρεύειν,
1488 2748 1661 2820 δηλῶν
1695 2749 1756 2804 τὸ
1786 2749 1883 2802 λα-

318 2840 506 2913 θραῖον
535 2842 636 2913 τῆς
676 2842 984 2914 ἐπιϐουλῆς.
1029 2837 1221 2904 Εὑθεῖς
1248 2840 1305 2893 δὲ
1345 2843 1411 2912 τῇ
1455 2840 1653 2912 καρδίᾳ
1692 2841 1886 2894 ἑαυτὸν

316 2932 464 3003 λέγει
511 2935 605 2988 καὶ
641 2934 766 2997 τοὺς
798 2935 914 3005 μετ’
965 2930 1153 2999 αὑτοῦ,
1185 2933 1247 2986 οὐ
1284 2931 1605 3002 κομπάζων,
1639 2931 1755 2987 ἀλλ’
1784 2933 1884 3004 ὲμ-

2000 467 2347 524 desisterent.

2563 652 2883 714 PSALMUS
2921 656 2988 711 X.

2068 743 2231 798 Vsus.
2283 748 2336 801 5.
2380 744 2643 811 Quoniam
2692 763 2809 801 ecce
2862 756 3162 818 peccatores
3220 749 3557 806 intenderunt

1994 850 2198 900 arcum,
2248 846 2566 902 parauerunt
2625 838 2849 907 sagittas
2899 853 3025 892 suas
3075 838 3132 891 in
3181 840 3454 907 pharetra,
3498 849 3559 896 ut

1991 925 2240 993 sagittent
2268 925 2325 979 in
2351 926 2571 982 obscuro
2598 936 2763 982 rectos
2785 928 2961 993 corde,
2991 936 3101 984 etc.
3139 928 3253 983 Non
3286 930 3553 994 contenti,

1992 1014 2191 1083 inquit,
2224 1025 2544 1084 peccatores
2587 1019 2794 1086 seipsos
2836 1032 2956 1073 esse
2993 1019 3272 1088 perditos,
3306 1022 3399 1076 sed
3431 1037 3556 1091 pec-

1993 1114 2112 1160 cata
2164 1107 2316 1175 quasi
2366 1105 2490 1163 fune
2546 1109 2702 1178 longo
2751 1109 3110 1174 attrahentes,
3161 1109 3257 1164 Dei
3311 1111 3558 1169 homines

1993 1194 2288 1264 infestant,
2349 1211 2549 1268 eosque
2597 1201 2878 1255 venenatis
2933 1200 3154 1255 malitia:
3200 1215 3310 1255 suae
3361 1200 3557 1270 iaculis

1990 1284 2276 1352 perfodere
2316 1287 2589 1353 nituntur,
2619 1297 2674 1342 et
2705 1301 2890 1343 eorum
2925 1290 3138 1344 eximia:
3164 1289 3383 1359 puritati
3419 1291 3559 1346 invi-

1992 1379 2200 1443 dentes,
2225 1380 2474 1434 tenebras
2500 1380 2629 1450 ipsis
2655 1378 2961 1445 oﬁundunt,
2992 1395 3101 1435 non
3126 1396 3282 1436 secus
3305 1396 3370 1437 ac
3391 1382 3556 1452 sepiae

1992 1475 2375 1524 atramentum.
2454 1469 2636 1540 Atque
2696 1471 2800 1526 hoc
2854 1471 3101 1537 faciunt,
3170 1472 3446 1528 naturales
3501 1482 3558 1529 et

1991 1560 2287 1615 secundum
2335 1570 2583 1616 naturam
2629 1573 2827 1630 rectas,
2872 1579 3007 1635 quas
3048 1562 3191 1620 Deus
3227 1565 3553 1632 inseruerat,

1990 1651 2346 1722 cogitationes
2371 1669 2436 1709 ex
2469 1655 2660 1726 seipsis
2696 1655 2978 1711 abolendo.

2062 1827 2332 1898 Ejusdem.
2375 1831 2551 1888 Arcus
2604 1841 2949 1902 peccatorum
2992 1843 3076 1889 est
3112 1834 3323 1904 impura
3374 1850 3549 1892 mens.

1989 1919 2123 1990 Ego,
2188 1922 2385 1991 inquit,
2450 1923 2504 1977 in
2557 1923 2787 1980 Domino
2836 1926 3068 1981 conﬁdo.
3126 1925 3228 1993 Qui
3284 1936 3548 1996 pugnant,

1987 2022 2300 2082 peccatores
2331 2023 2478 2069 sunt.
2512 2012 2643 2083 Quis
2678 2023 2858 2070 autem
2893 2016 3104 2071 timebit
3130 2029 3185 2072 et
3218 2017 3424 2088 fugiet,
3456 2018 3552 2089 qui

1987 2100 2342 2171 opitulantem
2370 2102 2562 2168 Deum,
2592 2112 2645 2161 et
2666 2114 2969 2175 pugnantes
2990 2105 3187 2162 habeat
3213 2109 3553 2178 peccatores?

1993 2211 2012 2245 ι
2055 2192 2395 2251 Paraverunt
2448 2196 2673 2267 sagittas
2718 2197 2773 2250 in
2815 2198 3090 2267 pharetra.
3123 2218 3142 2251 ι
3208 2199 3413 2269 Sagitta
3466 2210 3553 2256 est

1988 2284 2152 2338 animi
2216 2283 2496 2342 aﬂectibus
2557 2287 2870 2358 perturbata
2926 2289 3217 2359 cogitatio;
3294 2291 3551 2361 pharetra

1987 2375 2162 2432 malus
2210 2377 2427 2433 habitus
2460 2388 2543 2434 est
2584 2380 2811 2450 impuris
2860 2381 3277 2452 cogitationibus
3335 2383 3548 2453 plenus.

1986 2467 2114 2525 Hmc
2141 2470 2499 2540 spiritualiter
2539 2471 2608 2527 de
2644 2471 2974 2527 daemonibus
3006 2474 3368 2543 pugnantibus
3390 2473 3551 2528 intel-

1987 2565 2246 2633 liguntur.
2277 2564 2477 2623 Verum
2520 2569 2566 2624 si
2604 2568 2670 2623 ad
2700 2583 2915 2624 sensum
2954 2568 3281 2635 referantur,
3320 2568 3550 2626 sensiles

1985 2655 2168 2713 hostes
2198 2658 2444 2715 innuent.
2479 2680 2500 2714 ι
2532 2660 2590 2716 In
2615 2661 2866 2716 obscuro.
2897 2681 2916 2716 ι
2942 2661 3098 2734 591
3122 2658 3433 2716 Obscuritas
3463 2668 3550 2715 est

1986 2748 2296 2818 ignorantia
2330 2752 2606 2809 rationalis
2627 2754 2842 2810 animae.
2886 2752 2943 2807 ln
2986 2754 3132 2808 illum
3166 2761 3326 2809 nocte
3355 2754 3431 2808 ait
3453 2768 3547 2809 eos

1986 2840 2258 2909 insidiari,
2292 2843 2606 2915 signiﬁcans
2628 2845 2856 2902 latentes
2882 2845 3127 2902 insidias.
3157 2844 3353 2902 Rectos
3381 2847 3550 2901 corde

1986 2933 2136 2999 dicit,
2162 2943 2217 2990 et
2242 2950 2321 3001 se,
2359 2945 2414 2992 et
2441 2951 2539 2994 eos
2572 2938 2661 3008 qui
2691 2952 2872 2994 secum
2906 2946 3082 3004 erant,
3112 2952 3284 3006 neque
3314 2938 3364 2992 id
3395 2951 3550 2992 arro-

316 3026 519 3094 φαίνων
551 3027 650 3099 τὴν
694 3025 887 3080 ἑαυτοῦ
920 3024 1147 3089 ἔννοιαν,
1195 3024 1289 3079 καὶ
1334 3023 1499 3095 μηδὲν
1548 3023 1885 3097 ἐργάσασθαι

1988 3036 2184 3095 genter
2207 3028 2371 3094 dicit,
2402 3030 2496 3085 sed
2526 3039 2586 3085 ut
2614 3039 2848 3085 mentem
2882 3043 3037 3083 suam
3072 3030 3355 3093 ostendat,
3405 3030 3549 3099 quod

315 3117 394 3179 είς
417 3113 619 3186 βλάϐην
648 3114 742 3168 τοῦ
774 3113 964 3167 Σαούλ.

386 3209 601 3275 Κύριος
621 3208 692 3260 ἐν
723 3204 849 3272 ναῷ
884 3206 1031 3277 ἁγίῳ
1063 3205 1272 3260 αὐτοῦ’
1299 3208 1534 3274 Κύριος,
1558 3205 1627 3257 ἐν
1650 3204 1885 3273 οὐρανῷ

316 3301 350 3353 ό
381 3298 590 3367 θρόνος
628 3297 833 3350 αὐτοῦ.
872 3300 936 3351 Οἱ
979 3296 1271 3366 ὀφθαλμοὶ
1316 3295 1502 3351 αὑτοῦ
1528 3296 1616 3360 εὶς
1648 3294 1757 3349 τὸν
1781 3294 1886 3349 πέ-

314 3405 467 3458 νητα
507 3387 919 3444 ἀποϐλέπουσι
938 3426 954 3453 ,
992 3388 1064 3442 τὰ
1095 3386 1376 3457 ,ϐλέφαρα
1407 3386 1593 3442 αὐτοῦ
1630 3385 1885 3451 ἐξετάζει

312 3481 454 3548 τοὺς
478 3479 645 3545 υἱοὺς
673 3479 791 3533 τῶν
810 3477 1156 3549 ἀνθρώπων,
1188 3496 1242 3533 κ.
1270 3496 1322 3532 τ.
1352 3480 1400 3532 ὲ.
1437 3480 1591 3532 Οὶκεί
1612 3477 1744 3538 Θεὸς
1769 3477 1883 3549 (95)

315 3577 371 3630 ὲν
400 3574 531 3644 ἁγίᾳ
556 3573 648 3626 καὶ
670 3571 906 3645 οὐρανίῳ
937 3572 1140 3643 νοήσει,
1166 3569 1435 3642 οὐρανίως
1463 3567 1761 3640 βασιλεύων
1788 3569 1884 3621 καὶ

316 3664 528 3728 θεῖκῶς.
574 3665 641 3717 Δί
679 3664 736 3717 δὲ
773 3662 1068 3717 ὲποπτικαὶ
1099 3660 1264 3717 αὑτοῦ
1296 3662 1553 3732 δυνάμεις
1588 3658 1883 3733 φρουροῦσι
1927 3699 1930 3702 .

315 3756 405 3811 τὸν
449 3756 677 3827 πένητα.
739 3755 824 3819 Ὠς
871 3754 1074 3824 ἀγαθὸς
1106 3754 1165 3807 δὲ
1212 3753 1500 3826 βλεφάροις
1541 3752 1782 3820 ἐξετάζει
1814 3750 1883 3805 τά

320 3846 436 3901 καθ’
470 3848 638 3919 ἡμᾶς,
676 3846 790 3901 ἀλλ’
823 3847 924 3901 οὐκ
962 3845 1279 3917 ὀφθαλμοῖς,
1313 3845 1389 3910 ὡς
1427 3844 1494 3899 ἂν
1528 3844 1603 3918 μὴ
1634 3862 1882 3916 παρατη-

322 3935 577 4008 ρούμενος
612 3936 791 3990 αὐτῶν
823 3936 1000 3993 πάντα
1042 3936 1110 3990 τὰ
1144 3936 1546 4007 ἁμαρτήματα·
1589 3933 1748 3988 τοῦτο
1775 3936 1883 4008 γὰρ

317 4027 618 4100 ἀνθρώποις
658 4029 945 4100 ἀφόρητον.
1008 4028 1332 4100 Ὀφθαλμοῖς
1358 4027 1415 4081 δὲ
1447 4025 1633 4097 βλέπει
1664 4027 1755 4080 τὸν
1787 4026 1884 4079 πέ-

317 4136 469 4191 νητα,
505 4119 698 4191 δαψιλῆ
742 4120 840 4192 τὴν
877 4118 1193 4192 εὐεργεσίαν
1230 4117 1573 4188 ποιούμενος,
1607 4116 1707 4171 κᾶν
1749 4111 1829 4180 εἷς
1853 4118 1882 4169 ὁ

315 4210 482 4283 πένης
510 4211 760 4285 ὑπάρχῃο
798 4211 906 4266 τῶν
935 4211 994 4265 δὲ
1023 4209 1232 4264 πολλῶν
1256 4209 1355 4273 τὰς
1378 4208 1626 4274 κολάσεις
1658 4209 1879 4263 συστέλ-

312 4299 435 4367 λων,
468 4302 526 4355 αἳ
556 4303 649 4357 καὶ
678 4302 813 4357 πολὺ
839 4303 900 4356 τὸ
928 4301 1308 4374 κεκρυμμένον
1336 4300 1566 4372 ἔχουσιν.
1611 4301 1701 4354 Ἐν
1727 4300 1784 4353 δὲ
1808 4302 1876 4372 τῇ

314 4393 443 4447 Θεοῦ
495 4393 737 4461 ἐξετάσει
796 4395 1079 4467 παρρησία
1136 4392 1245 4448 τῶν
1301 4392 1524 4462 ἀγαθῶν
1582 4392 1878 4463 γινομένων

315 4487 499 4558 πολλή.
539 4506 558 4538 ι
609 4487 700 4558 Τῷ
752 4487 955 4559 βήματι
1011 4506 1031 4539 ι
1082 4488 1191 4559 γὰρ
1223 4505 1243 4539 ι
1291 4484 1455 4540 αὑτοῦ
1502 4485 1879 4556 φανερωθῆναι

316 4578 519 4642 πάντας
547 4579 647 4644 δεῖ,
683 4578 769 4632 ἵνα
806 4579 1099 4650 κομίσηται
1140 4579 1371 4642 ἕκαστος
1411 4577 1481 4631 τὰ.
1509 4576 1615 4630 ίδια
1642 4576 1736 4630 τοῦ
1770 4575 1876 4630 σώ-

319 4686 501 4741 ματος,
525 4671 561 4724 ἃ.
592 4671 848 4744 ἔπραξεν,
874 4673 983 4726 εῐτε
1007 4670 1209 4740 άγαθδν
1231 4669 1341 4724 εἴτε
1364 4670 1551 4724 κακόν.
1598 4687 1615 4720 ι

394 4764 503 4818 Τοῦ
540 4763 746 4818 αὐτοῦ.
781 4761 1072 4833 Γενὼμεθα
1111 4763 1341 4834 πένητες
1370 4760 1504 4832 (96),
1542 4761 1629 4815 ἵνα
1663 4759 1873 4830 βλέπω-

315 4879 394 4917 σιν
423 4861 571 4933 ἡμᾶς
605 4859 654 4911 οἱ
690 4855 784 4910 τοῦ
813 4856 1021 4929 Κυρίου
1048 4854 1336 4927 ὀφθαλμοί.
1377 4855 1442 4909 Εἰ
1470 4854 1527 4908 δὲ
1554 4854 1601 4906 οἱ
1635 4851 1878 4906 πλούσιοι

310 4955 404 5009 οὐκ
445 4951 553 5006 εἰσὶ
598 4949 850 5020 πένητες,
880 4947 983 5002 ούκ
1021 4947 1304 5002 ὲπιϐλέπει
1353 4947 1480 5011 τοὺς
1524 4944 1811 5007 πλουσίους
1849 4944 1879 4996 ό

312 5046 527 5117 Κύριος.
564 5042 689 5106 Τοῖς
718 5040 1012 5112 ὀφθαλμοῖς
1039 5038 1222 5111 βλέπει
1270 5038 1362 5091 τὸν
1409 5037 1636 5108 πένητα,
1683 5034 1876 5105 δαψιλῆ

312 5140 402 5213 τὴν
427 5135 741 5210 εὐεργεσίαν
774 5133 1113 5204 ποιούμενος,
1148 5130 1250 5185 κᾶν
1278 5127 1356 5194 εἷς
1379 5132 1409 5183 ὁ
1430 5128 1724 5200 πενόμενος
1747 5143 1877 5195 τυγ-

313 5229 478 5300 χάνει.

383 5372 424 5405 ⁸⁸
461 5370 502 5423 ll
539 5367 666 5424 Cor.
706 5381 761 5433 v,
796 5365 883 5421 10.

396 5505 488 5572 95)
515 5502 613 5572 Μὴ
643 5502 1019 5573 ἀρκούμενοι,
1067 5498 1241 5570 φησὶ,
1282 5495 1379 5567 τῇ,
1410 5505 1515 5552 etc.
1554 5492 1871 5556 Corderius,

314 5575 710 5718 el
738 5640 911 5718 (ἐστὶν
930 5639 1262 5710 ἀκάθαρτος
1307 5636 1474 5705 νοῦς,
1514 5644 1620 5693 etc.
1651 5629 1876 5690 Schedte

317 5711 514 5783 Grabii,
547 5723 601 5770 et
637 5711 930 5768 Barbarus.

1988 3121 2123 3176 nihil
2157 3137 2390 3189 unquam
2423 3120 2474 3176 in
2502 3122 2755 3177 damnum
2783 3121 2911 3178 Sanl
2940 3123 3231 3193 paraverit.

2058 3212 2222 3268 Vsus.
2245 3213 2300 3268 5.
2340 3212 2596 3268 Dominus
2629 3215 2683 3268 in
2711 3213 2900 3283 templo
2925 3223 3105 3269 sancto
3124 3228 3246 3278 suo;
3271 3212 3545 3278 Dominus,

1984 3304 2040 3359 in
2079 3304 2204 3358 caelo
2264 3305 2410 3359 sedes
2463 3307 2601 3375 ejus.
2634 3303 2789 3360 Oculi
2830 3305 2946 3372 ejus
2978 3305 3033 3357 in
3060 3319 3340 3374 pauperem
3379 3303 3545 3365 respi-

1983 3396 2150 3462 ciunt,
2204 3395 2463 3467 palpebra:
2511 3397 2627 3465 eius
2673 3397 2997 3466 interrogant
3053 3393 3195 3465 ﬁlios
3256 3394 3543 3460 lanuuinum,

1983 3498 2089 3546 etc.
2131 3487 2352 3544 Habitat
2383 3490 2526 3545 Deus
2558 3489 2611 3543 in
2642 3497 2829 3543 sancta
2869 3497 2925 3542 et
2951 3485 3158 3541 caelesti
3190 3485 3544 3556 cogitatione,

1982 3578 2189 3634 caelesti
2233 3594 2298 3634 ac
2327 3579 2509 3633 divino
2543 3578 2702 3633 modo
2737 3570 2995 3648 regnans.
3036 3575 3387 3644 lnspectrices
3426 3576 3546 3646 ejus

1982 3671 2127 3726 vires
2158 3668 2452 3726 defendunt
2484 3684 2797 3739 pauperem.
2836 3669 2906 3722 At
2948 3681 3078 3721 vero
3117 3675 3175 3720 ut
3202 3668 3398 3733 bonus,
3426 3664 3547 3734 pal-

1982 3760 2186 3831 pebris,
2236 3775 2341 3815 non
2399 3759 2572 3814 oculis
2617 3758 2897 3814 examinat
2935 3770 3021 3810 res
3050 3763 3302 3820 nostras,
3348 3756 3546 3825 quippe

1982 3852 2073 3920 qui
2121 3865 2229 3904 non
2275 3850 2455 3904 omnia
2484 3860 2669 3903 earum
2701 3847 2893 3902 delicta
2934 3845 3228 3901 observet:
3260 3844 3362 3899 hoc
3399 3845 3543 3897 enim

1982 3942 2287 3998 hominibus
2360 3939 2696 3996 intolerabile
2764 3937 2925 3993 foret.
3003 3934 3188 3993 Oculis
3253 3948 3544 4005 pauperem

1982 4033 2227 4104 respicit,
2259 4034 2479 4089 uberem
2503 4031 2917 4087 beneﬁcentiam
2943 4030 3226 4092 exhibens,
3257 4035 3546 4098 quantum-

1979 4127 2062 4183 vis
2108 4126 2302 4182 unicus
2355 4126 2400 4180 is
2450 4139 2655 4194 pauper
2706 4121 2907 4186 fuerit;
2957 4120 3309 4190 plurimorum
3364 4128 3544 4173 autem

1980 4218 2242 4289 supplicia
2282 4216 2562 4281 cohibens,
2597 4228 2719 4284 qua:
2749 4213 2910 4269 etiam
2947 4211 3107 4266 valde
3137 4207 3357 4266 occulta
3394 4218 3540 4264 sunt.

1979 4310 2246 4367 Caeterum
2276 4308 2330 4362 in
2369 4306 2551 4362 divino
2595 4304 2841 4360 examine
2879 4316 3071 4371 magna
3124 4300 3230 4354 erit
3276 4301 3543 4354 bonorum

1982 4402 2264 4460 securitas.
2299 4418 2320 4454 ι
2349 4398 2576 4455 Omnes»
2606 4397 2748 4452 enim
2786 4392 3146 4450 «manifestari
3183 4400 3395 4462 oportet
3416 4398 3543 4445 ante

1981 4495 2218 4553 tribunal
2259 4494 2394 4564 ejus,
2444 4501 2503 4548 ut
2533 4491 2730 4548 referat
2759 4489 3127 4560 unusquisque
3171 4485 3386 4557 propria
3419 4499 3543 4540 cor-

1978 4590 2147 4661 poris,
2174 4595 2335 4657 prout
2360 4586 2548 4657 gessit,
2575 4585 2689 4640 sive
2715 4583 2939 4648 bonum,
2973 4580 3089 4641 sive
3119 4577 3317 4632 malum
3348 4574 3412 4630 ⁸⁸.
3446 4593 3465 4628 ι

2046 4767 2321 4837 Eiusdem.
2374 4763 2596 4818 Fiamus
2620 4773 2883 4830 pauperes
2922 4766 2983 4814 ut
3026 4772 3125 4814 nos
3152 4755 3293 4812 oculi
3327 4755 3544 4810 Domini

1979 4855 2297 4928 respiciant.
2328 4852 2384 4909 Si
2407 4850 2603 4907 divites
2633 4863 2738 4902 non
2768 4853 2895 4903 sunt
2920 4858 3208 4915 pauperes,
3231 4856 3335 4896 non
3370 4840 3545 4909 respi-

1979 4950 2056 5006 cit
2084 4948 2277 5004 divites
2305 4943 2583 5001 Dominus.
2615 4939 2800 4997 Oculis
2828 4951 3119 5006 pauperem
3161 4933 3382 5002 respicit
3408 4932 3545 4986 ube-

1979 5055 2094 5096 rem
2143 5035 2551 5094 beneﬁccntiam
2591 5031 2883 5096 exhibens,
2941 5026 3189 5100 quamvis
3237 5024 3427 5079 unicus
3471 5022 3547 5076 sit

1979 5144 2202 5201 pauper.

2046 5480 2350 5567 (95L013cs'i
2381 5478 2545 5544 Θεός,
2574 5483 2681 5528 etc.
2721 5470 2902 5528 Codex
2928 5460 3311 5528 Coislinianus,
3342 5458 3546 5514 Corde-
3630 5554 3640 5567 κ

1977 5553 2534 5696 Ἲτῑέἷιῖιὶὲθα
2570 5612 2844 5681 πένητες,
2901 5616 3006 5666 etc.
3057 5557 3289 5659 Schedat
3335 5594 3545 5661 Grabii,

1982 5694 2277 5753 Barbarus.
