4020 6152
502 244 640 300 1199

1913 240 2007 296 EX
2037 240 2340 300 ORIGENE

3630 252 3762 310 1200

570 360 739 416 Vens.
778 359 829 414 6.
872 357 1129 413 Dominus
1168 359 1459 428 interrogat
1488 356 1697 427 justum
1737 363 1787 412 et
1818 356 2063 426 impium;

2244 360 2461 429 Κύριος
2484 360 2743 427 ἐξετάζει
2782 362 2891 418 τὸν
2920 363 3155 419 δίκαιον
3191 364 3298 420 καὶ
3328 366 3440 421 τὸν
3468 368 3665 439 ἀσεϐῆ
3686 389 3699 402 ·
3730 377 3761 428 ὁ

499 457 593 529 qui
635 465 809 511 autem
846 453 1022 524 diligit
1066 452 1403 524 iniquitatem
1442 452 1553 506 odit
1596 452 1836 505 animum
1895 466 2073 514 suam,

500 557 608 604 etc.
645 545 992 614 Quapropter
1027 542 1203 597 omnis
1236 543 1328 612 qui
1371 549 1565 610 peccat
1595 556 1702 596 non
1731 555 1894 597 secus
1924 556 1989 596 ac
2026 543 2073 596 si

500 640 696 703 oderit,
749 637 1039 693 insidiatur
1078 636 1311 706 propriae
1352 634 1548 690 anima:
1574 657 1587 691 :
1617 634 2073 704 quemadmodum

498 741 555 788 et
584 731 674 802 qui
698 730 843 799 juste
873 729 1005 801 agit,
1042 729 1282 801 seipsum
1314 728 1513 800 diligit,
1554 727 1682 784 dum
1722 735 1777 781 et
1802 726 1870 783 de
1892 729 2075 797 seipso

498 836 554 884 et
589 829 654 882 de
695 826 947 898 proximo
993 823 1131 881 bene
1170 832 1431 891 meretur,
1477 832 1770 894 utrumque
1806 822 1971 878 simul
2007 822 2071 876 ad

494 922 750 977 virtutem
781 918 1119 975 adducendo.
1163 915 1393 988 Impinm
1436 925 1618 972 autem
1663 915 1797 971 dicit
1824 928 1948 969 eum
1979 914 2072 983 qui

494 1012 773 1085 peccando
798 1011 969 1066 Deum
999 1009 1322 1076 contemnit,
1361 1009 1454 1078 qui
1485 1016 1539 1061 et
1569 1020 1694 1063 cum
1735 1006 1885 1078 justo
1922 1004 2073 1077 judi-

495 1116 671 1170 catur,
723 1112 782 1158 ut
825 1111 973 1173 patet
1000 1117 1067 1157 ex
1099 1100 1345 1172 pluribus
1392 1100 1552 1167 locis,
1604 1107 1717 1155 tum
1761 1098 2070 1170 prtesertim

496 1214 563 1253 ex
596 1197 687 1253 illo
729 1195 985 1252 Geneseos
1015 1195 1059 1228 ¹⁹
1090 1212 1105 1250 :
1143 1213 1162 1247 ι
1190 1191 1259 1248 Ει
1296 1194 1402 1249 erit
1417 1193 1604 1264 justus
1627 1193 1769 1248 sicut
1799 1190 2013 1262 impius.
2046 1209 2066 1244 ι

493 1290 630 1346 Nam
673 1288 765 1359 qui
812 1303 1035 1360 prorsus
1073 1288 1191 1344 sine
1236 1286 1349 1342 Deo
1405 1294 1510 1351 est,
1565 1298 1673 1340 non
1727 1292 1975 1354 resurget
2016 1281 2071 1338 in

489 1383 717 1456 judicio.

563 1475 840 1548 Ejusdem.
887 1473 1131 1529 Tametsi
1159 1472 1282 1542 quis
1328 1472 1474 1528 dicat
1503 1483 1563 1527 se
1604 1486 1713 1526 non
1744 1470 1925 1526 odisse
1954 1469 2073 1525 ani-

494 1585 638 1633 mam
669 1584 846 1633 suam,
881 1567 1152 1623 evincitur
1183 1575 1365 1620 tamen
1400 1565 1570 1633 ipsam
1609 1564 1808 1630 odisse,
1837 1578 1901 1617 eo
1926 1562 2071 1633 quod

494 1632 835 1731 iniquitatem
875 1659 1063 1729 diligat
1100 1675 1114 1712 :
1145 1657 1399 1712 similiter
1422 1632 1591 1712 etiam
1622 1656 1668 1711 is
1699 1656 1792 1726 qui
1834 1632 2072 1711 inconti-

493 1754 734 1810 nentiam
761 1751 960 1822 diligit,
991 1750 1076 1804 vel
1113 1750 1410 1817 ignaviam,
1436 1748 1522 1804 vel
1552 1747 1883 1803 vecordiam.

562 1843 726 1898 Vsus.
767 1845 821 1898 7.
882 1840 1036 1897 Pluet
1094 1857 1253 1911 super
1305 1850 1599 1910 peccatores
1651 1838 1886 1910 laqueos,
1953 1847 2060 1894 etc.

491 1937 563 1994 Ut
582 1950 676 1992 eos
706 1935 913 2005 laqueis
941 1933 1054 1989 suis
1094 1933 1347 1988 irretiens
1376 1942 1431 1988 et
1456 1931 1735 2002 subjectos
1766 1929 2061 2002 accipiens,

485 2032 736 2099 disponat
772 2038 1026 2099 tanquam
1055 2026 1214 2082 ﬁlios.

558 2122 725 2179 Vens.
763 2122 819 2178 8.
863 2121 1129 2188 Quoniam
1165 2118 1346 2189 justus
1402 2115 1664 2172 Dominus
1729 2126 1779 2171 et
1822 2116 2061 2188 justitias

488 2217 694 2283 dilexit,
716 2224 824 2270 etc.
876 2212 1147 2276 Justitias,
1179 2211 1231 2266 id
1263 2218 1349 2265 est
1380 2210 1556 2278 justus
1581 2221 1717 2278 quos
1749 2207 1817 2262 ab
1848 2208 2063 2264 actione

486 2308 566 2363 sic
590 2304 841 2377 appellat.
873 2300 1190 2373 Hujnsmodi
1218 2311 1301 2355 est
1337 2299 1469 2355 illud
1498 2299 1544 2330 ¹⁶
1577 2317 1594 2354 :
1626 2319 1645 2351 ι
1673 2297 1924 2353 Charitas
1952 2310 2059 2354 non

485 2400 597 2472 agit
627 2412 931 2472 perperam,
962 2416 982 2449 ι
1014 2395 1066 2451 id
1104 2401 1211 2460 est,
1244 2393 1337 2465 qui
1368 2393 1535 2449 habet
1568 2392 1918 2449 cbaritatem.

1039 2733 1363 2793 PSALMUS
1402 2733 1494 2793 XI.

558 2834 720 2907 592
744 2832 908 2888 Vens.
938 2831 994 2886 2.
1028 2828 1247 2885 Saluum
1278 2843 1361 2881 me
1386 2825 1495 2896 fac,
1536 2824 1779 2893 Domine,
1804 2825 2058 2896 quoniam

485 2928 671 2997 defecit
737 2932 986 2988 sanctus,
1056 2927 1161 2975 etc.
1220 2915 1518 2972 Dellciente
1561 2927 1773 2981 sancto,
1834 2916 2059 2971 salutem

482 3026 763 3091 precatur,
791 3023 851 3070 ut
886 3012 979 3084 qui
1004 3009 1277 3067 difﬁcilius
1310 3021 1575 3065 evasurus
1612 3007 1704 3063 sit.
1746 3025 1768 3060 ι
1791 3005 2061 3076 Quoniam

485 3115 770 3171 diminuta!
794 3118 923 3167 sunt
941 3108 1200 3163 veritates
1233 3121 1262 3160 a
1282 3103 1409 3160 [iiiis
1435 3104 1774 3160 hominum.s
1806 3103 1863 3160 Si
1887 3103 2062 3160 sancti

484 3205 822 3269 deiecerunt,
860 3210 917 3256 et
949 3200 1215 3255 veritates
1240 3194 1518 3252 diminutae
1548 3203 1705 3263 sunt,
1736 3210 1845 3250 non
1875 3197 2063 3264 utique

483 3296 540 3352 in
577 3294 706 3352 solis
750 3290 955 3348 sanctis
992 3290 1287 3354 veritates,
1345 3300 1447 3343 nec
1492 3288 1545 3343 in
1572 3289 1719 3343 veris
1778 3289 2058 3345 sanctitas.

484 3388 558 3443 At
590 3386 848 3458 quoniam
878 3383 1055 3440 sancti
1088 3378 1425 3448 defecerunt,
1472 3388 1760 3450 propterea
1805 3381 2062 3437 veritates

484 3479 764 3535 diminutae
814 3483 960 3532 sunt.
1030 3471 1099 3527 Et
1145 3469 1381 3527 fortasse
1431 3479 1746 3526 sanctorum
1812 3470 2060 3541 paucitas

483 3585 650 3627 causa
712 3569 814 3624 fuit
859 3567 1053 3623 harum
1108 3562 1403 3619 multarum
1468 3561 1795 3621 haereseum.
1864 3561 2060 3619 Dolosa

483 3671 672 3719 mutuo
715 3661 1124 3732 colloquuntur,
1156 3667 1213 3713 et
1239 3669 1336 3727 per
1379 3654 1616 3727 maligna
1670 3653 1813 3710 labia
1853 3654 1906 3709 in
1960 3668 2058 3710 sua

483 3755 713 3812 invicem
737 3753 904 3809 corda
927 3750 1227 3807 immittunt
1254 3746 1391 3803 falsa
1417 3764 1431 3801 :
1459 3761 1583 3803 cum
1609 3755 1790 3801 autem
1816 3746 2059 3804 scientia:

481 3862 589 3903 non
616 3845 918 3910 studemus,
957 3853 1084 3899 tunc
1118 3840 1377 3897 veritates
1407 3838 1829 3895 imminnuntur.

550 4017 716 4075 Vens.
756 4018 811 4072 '5.
866 4016 1013 4071 Vana
1035 4016 1199 4071 locuti
1232 4024 1354 4070 sunt
1392 4015 1747 4087 unusquisque
1772 4015 1841 4070 ad
1876 4018 2058 4085 proxi-

478 4128 623 4168 mum
668 4127 844 4175 suum,
880 4118 988 4164 etc.
1029 4107 1319 4180 Propterea
1353 4122 1529 4176 neque
1564 4115 1768 4163 temere
1821 4109 2057 4165 otiosum

2174 451 2243 505 δὲ
2293 453 2541 523 ἀγαπῶν
2586 454 2826 510 ἀδικίαν
2866 455 3037 526 μισεῖ
3084 455 3204 525 τὴν
3252 458 3482 513 ἑαυτοῦ
3528 460 3758 529 ψυχὴν,

2172 560 2228 597 κ.
2263 561 2314 597 τ.
2347 545 2394 597 ὲ.
2428 544 2521 598 Διὸ
2553 547 2662 610 πᾶς
2693 548 2722 600 6
2749 548 3075 620 ἁμαρτάνων
3107 548 3221 621 (97)
3257 549 3336 613 ὡς
3372 551 3443 605 ἄν
3474 568 3566 615 τις
3595 554 3760 622 μισῶν

2173 636 2509 691 ἐπιϐουλεύει
2536 641 2601 711 τῇ
2642 639 2748 711 ἰδίᾳ
2776 638 2945 711 ψυχῇ.
2984 642 3194 714 ’Ὠσπερ
3222 640 3318 697 οὖν
3345 646 3375 697 6
3412 645 3674 716 πράττων
3701 648 3759 701 τὸ

2171 729 2378 785 δίκαιον
2424 731 2586 787 αὐτὸν
2635 733 2847 805 ἀγαπᾷ,
2894 735 3086 789 ἑαυτόν
3135 754 3197 790 τε
3239 736 3335 791 καὶ
3382 738 3480 792 τὸν
3535 739 3759 809 nimias

2172 823 2496 896 εὐεργετῶν,
2544 825 2623 897 τῷ
2652 828 2732 889 είς
2763 826 2965 898 ἀρετὴν
3012 828 3176 882 αὐτὸν
3222 830 3376 898 ἄγειν
3417 830 3497 895 ὡς
3546 832 3754 886 ἑαυτὸν.

2183 914 2380 987 ’Δσεϐἧ
2402 915 2459 970 δὲ
2486 916 2582 971 νῦν
2612 916 2759 987 λέγει
2788 918 2880 973 τὸν
2902 917 2990 972 διὰ
3015 918 3078 971 τὸ
3105 920 3446 990 ἁμαρτάνειν
3478 940 3759 995 καταφρο-

2170 1005 2367 1063 νοῦντα
2395 1008 2552 1075 Θεοῦ,
2594 1009 2655 1072 ὃς
2697 1010 2791 1064 καὶ
2824 1011 3065 1084 κρίνεται
3106 1012 3244 1082 μετὰ
3269 1012 3365 1066 τοῦ
3410 1013 3661 1079 δικαίου,
3684 1016 3756 1081 ὡς

2171 1099 2502 1172 πολλαχόθεν
2548 1101 2730 1173 δῆλον,
2770 1104 2866 1156 καὶ
2909 1105 2974 1157 ὲκ
3020 1103 3114 1157 τοῦ
3145 1106 3203 1157 ὲν
3258 1104 3509 1160 Γενέσει
3531 1122 3551 1138 -
3589 1125 3610 1157 s
3651 1109 3755 1161 Καὶ

2173 1191 2327 1246 ἔσται
2357 1193 2563 1258 δίκαιος
2599 1194 2675 1259 ὡς
2718 1196 2748 1248 6
2796 1196 3033 1268 ἀσεϐήςο
3089 1215 3110 1250 ι
3157 1199 3187 1251 6
3220 1195 3331 1270 γὰρ
3376 1197 3563 1270 πάντη
3606 1199 3755 1262 ἄθεος

2170 1284 2271 1338 οὐκ
2300 1287 2661 1359 ἀναστήσεται
2686 1291 2745 1343 ἐν
2772 1288 2972 1361 κρίσει.

2246 1466 2356 1522 Τοῦ
2385 1467 2592 1523 αὐτοῦ.
2633 1468 2754 1523 Κάν
2795 1467 2872 1540 μὴ
2910 1467 3043 1543 λέγῃ
3075 1486 3159 1532 τις
3187 1467 3317 1539 (98),
3351 1469 3433 1522 ὅτι
3473 1470 3630 1539 μισεῖ
3658 1469 3751 1541 τὴν

2170 1559 2364 1615 ἑαυτοῦ
2396 1560 2597 1635 ψυχὴν,
2654 1562 2937 1633 ἐλέγχεται
2984 1562 3071 1617 διὰ
3122 1562 3216 1617 τοῦ
3264 1562 3480 1616 ἀδικίαν
3529 1563 3749 1633 ἀγαπᾷν

2173 1652 2347 1724 μισῶν
2393 1654 2586 1725 αὑτήν·
2631 1654 2831 1726 ὁμοίως
2877 1655 2935 1709 δὲ
2971 1656 3065 1710 καὶ
3091 1657 3120 1710 6
3163 1655 3457 1710 ἀκολασίαν
3493 1654 3749 1724 ἀγαπῶν,

2098 1721 2203 1818 Βῆ
2236 1747 2453 1815 δειλίαν,
2485 1721 2529 1821 ἦ
2554 1721 2886 1822 ἀφροσύνην.

2251 1840 2578 1909 Ἐπιϐρέξει
2613 1842 2714 1896 ἐπὶ
2760 1843 3150 1913 ἁμαρτωλοὺς
3192 1842 3468 1912 παγίδας,
3504 1859 3560 1895 κ.
3612 1859 3666 1894 τ.
3700 1838 3748 1892 ὲ.

2171 1931 2287 1984 Ἵνα
2328 1931 2432 1985 ὑπὸ
2477 1934 2575 1998 τὰς
2614 1933 2810 1990 ἑαυτοῦ
2850 1935 3084 2004 παγίδας
3111 1934 3222 2005 (99)
3253 1936 3486 2006 ποιήσας
3528 1934 3749 1997 αὐτοὺς,

2168 2020 2261 2075 καὶ
2288 2021 2465 2077 λαϐὼν
2490 2025 2858 2097 ὑποχειρίους,
2885 2027 3218 2099 οἱκονομήσῃ
3244 2025 3321 2088 ὡς
3348 2025 3535 2088 ἰδίους.

2238 2113 2367 2167 Ὀτι
2413 2114 2644 2183 δίκαιος
2688 2117 2905 2187 Κύριος
2936 2117 3034 2173 καὶ
3076 2118 3468 2183 δικαιοσύνας
3516 2115 3748 2186 ἠγάπη-

2166 2218 2300 2269 σεν,
2340 2223 2395 2261 κ.
2446 2225 2498 2261 τ.
2547 2208 2595 2261 ὲ.
2646 2208 3003 2272 Δικαιοσύνας
3036 2206 3113 2279 (l)
3152 2209 3279 2272 τοὺς
3323 2207 3567 2271 δικαίους
3601 2206 3745 2275 λέγει

2165 2296 2276 2352 ἀπὸ
2327 2298 2427 2370 τῆς
2472 2298 2726 2371 πράξεως
2773 2300 2971 2363 αὐτοὺς
3016 2300 3310 2372 ὀνομάσας.
3354 2300 3609 2355 Τοιοῦτον
3631 2301 3743 2355 καί·

2172 2402 2193 2441 ι
2252 2390 2319 2443 Ἦ
2350 2390 2539 2463 ἀγάπη
2560 2392 2620 2445 οὐ
2652 2390 3055 2463 περισσεύεται,
3090 2408 3110 2443 ι
3135 2392 3258 2446 ἀντὶ
3282 2391 3399 2457 τοῦ,
3420 2394 3451 2446 6
3479 2391 3623 2463 ἔχων
3647 2389 3744 2462 τὴν

2168 2480 2408 2554 ἀγάπην.

2736 2734 3028 2791 ΨΑΛΜΟΣ
3072 2737 3175 2790 IA’.
3238 2744 3247 2753 '

2235 2825 2447 2881 Σῶσόν
2469 2843 2565 2897 με,
2594 2828 2792 2896 Κύριε,
2818 2827 2905 2881 ὅτι
2922 2826 3281 2883 ἐκλέλοιπεν
3302 2828 3493 2896 ὅσιος,
3521 2847 3580 2883 κ.
3612 2848 3663 2886 τ.
3693 2832 3739 2884 ὲ.

2175 2916 2548 2983 Ἐκλείποντος
2569 2918 2716 2973 ὁσίου
2752 2918 2852 2991 (2),
2888 2919 3162 2992 σωτηρίας
3192 2920 3364 2975 δεῖται
3394 2921 3472 2986 ὡς
3496 2921 3741 2994 χαλεπώ-

2160 3024 2323 3083 τερον
2346 3012 2788 3085 περιγενόμενος.
2822 3031 2842 3064 ι
2878 3014 2998 3067 Ὅτι
3021 3011 3377 3085 ὠλιγώθησαν
3410 3018 3468 3068 αἱ
3499 3015 3739 3086 άλήθειαι

2163 3101 2271 3156 ἀπὸ
2303 3102 2410 3158 τῶν
2438 3102 2568 3157 υίῶν
2590 3102 2698 3160 τῶν
2729 3102 3051 3176 ἀνθρώπων.
3089 3125 3109 3159 s
3142 3107 3206 3160 Ei
3225 3107 3276 3160 oi
3305 3105 3407 3176 μὲν
3435 3108 3576 3161 ὅσιοι
3595 3104 3741 3160 ἐκλε-

2161 3194 2432 3261 λοίπασιν,
2467 3198 2524 3251 αἱ
2552 3195 2611 3251 δὲ
2640 3195 2892 3268 ἀλήθειαι
2918 3196 3298 3268 ὠλιγὼθησαν,
3323 3199 3427 3252 οὐκ
3461 3200 3522 3253 ὲν
3562 3199 3739 3270 μόνοις

2161 3291 2274 3352 τοῖς
2321 3289 2494 3353 ὁσίοις
2545 3290 2603 3343 αἱ
2648 3289 2919 3361 ἀλήθειαι,
2965 3290 3062 3345 καὶ
3105 3290 3205 3345 οὐκ
3236 3292 3294 3344 ὲν
3331 3294 3445 3354 τοῖς
3489 3291 3738 3364 ἀληθέσιν

2160 3382 2400 3455 ὁσιότης.
2442 3382 2552 3436 Καὶ
2584 3381 2771 3453 ἐπειδὴ
2804 3383 2855 3435 oi
2885 3382 3020 3435 ὅσιοι
3063 3381 3427 3449 ἐκλελοίπασι,
3460 3382 3549 3437 διὰ
3586 3383 3738 3437 τοῦτο

2160 3472 2519 3545 ὤλιγώθησαν
2564 3473 2622 3526 αἱ
2659 3472 2927 3545 ἀλήθειαι.
2973 3474 3084 3527 Καὶ
3115 3473 3255 3544 τάχα
3306 3476 3341 3547 ἡ
3388 3476 3587 3540 σπάνις
3633 3475 3736 3529 τῶν

2160 3566 2322 3620 ὁσίων
2376 3564 2524 3620 αίτία
2555 3565 2747 3635 γέγονε
2799 3566 2907 3622 τῶν
2950 3566 3162 3622 πολλῶν
3209 3567 3415 3623 τούτων
3452 3570 3731 3642 αἱρέσεων.

2160 3657 2312 3715 Μετά
2341 3658 2493 3712 δὸλου
2538 3659 2788 3732 ἀλλήλοις
2819 3660 3319 3732 προσδιαλέγονται,
3358 3660 3448 3716 διὰ
3487 3661 3733 3734 πονηρῶν

2158 3750 2384 3823 χειλέων
2424 3752 2504 3815 είς
2547 3750 2645 3822 τὴν
2680 3751 2925 3824 ἀλλήλων
2973 3752 3199 3825 καρδίαν
3236 3753 3305 3806 τὰ
3346 3753 3519 3824 ψευδῆ
3565 3770 3733 3824 παραυ

2160 3843 2505 3915 πέμποντεςυ
2548 3844 2641 3897 ὅτε
2683 3842 2739 3897 δὲ
2777 3844 2905 3917 περί⁵
2947 3843 3145 3913 γνῶσιν
3192 3845 3292 3898 οὐκ
3336 3844 3727 3916 ἀσχολούμεθα,

2156 3931 2464 4002 δλιγοῦνται
2496 3934 2553 3987 αἱ
2577 3933 2848 4007 ἀλήθειαι.

2229 4023 2460 4079 Μάταια
2498 4022 2807 4094 ἐλάλησεν
2839 4025 3100 4093 ἕκαστος
3134 4028 3287 4097 πρὸς
3325 4028 3435 4082 τὸν·
3466 4031 3728 4100 πλησίον

2157 4117 2366 4182 αὑτοῦ,
2391 4134 2446 4171 κ.
2473 4135 2523 4173 τ.
2561 4118 2608 4173 ὲ.
2637 4117 2737 4170 Διὰ
2759 4116 2917 4172 τοῦτο
2942 4117 3017 4190 (ὅ)
3044 4120 3181 4191 μήτε
3212 4119 3370 4189 λόγον
3392 4121 3564 4192 ἀργὸν
3592 4123 3723 4193 εἰκῆ,

477 4220 804 4272 sermonem,
831 4216 1003 4272 neque
1035 4202 1409 4272 blasphemum
1437 4240 1453 4267 ,
1485 4215 1661 4271 neque
1694 4202 1916 4259 omnino
1961 4205 2053 4274 qui

2166 4209 2299 4280 μήτε
2323 4207 2660 4279 βλάσφημον,
2686 4207 2721 4279 ἢ
2743 4207 2878 4273 ὅλως
2899 4208 3194 4280 ἐπίληπτον
3226 4211 3594 4283 προσάγωμεν
3622 4218 3726 4277 τοῖς

478 4300 630 4370 carpi
658 4297 849 4367 possit,
875 4293 1125 4366 proximo
1158 4294 1491 4366 ingeramus.
1529 4313 1549 4347 ι
1577 4292 1746 4352 Labia
1781 4296 1965 4353 dolosa
1998 4299 2053 4353 in

475 4394 641 4448 corde
660 4399 718 4447 et
736 4389 901 4445 corde
927 4386 1092 4443 locuti
1124 4394 1271 4441 sunt.
1304 4405 1325 4439 ι
1364 4388 1634 4455 Quoniam
1679 4389 1865 4446 dolosa
1900 4389 2050 4461 θοαί.

477 4492 750 4548 tavorunt,
788 4490 1076 4553 propterea
1104 4492 1242 4533 vana
1268 4478 1432 4538 locuti
1459 4492 1609 4539 sunt.

551 4577 714 4631 Vens.
732 4574 787 4629 4.
816 4573 1096 4644 Disperdat
1122 4573 1379 4629 Dominus
1404 4576 1646 4631 universa
1673 4573 1816 4630 labia
1842 4575 2049 4643 dolosa,

473 4679 525 4725 et
558 4670 792 4740 linguam
829 4666 1241 4740 magniloquam,
1268 4678 1376 4726 etc.
1404 4669 1538 4725 Dum
1571 4669 1716 4726 enim
1758 4685 1879 4741 quae
1903 4672 2052 4728 dele-

478 4761 622 4815 riora
653 4768 802 4827 sunt,
844 4757 1104 4817 Dominus
1144 4760 1326 4824 delet,
1386 4761 1503 4830 ipsa
1557 4761 1835 4834 dispertiit,
1887 4773 1948 4818 ut
1988 4763 2056 4820 iis

476 4867 599 4922 «litae
630 4852 1025 4922 superveniunt
1049 4853 1265 4922 deletis,
1316 4856 1493 4925 prima
1532 4854 1629 4912 Dei
1670 4867 1922 4913 creatura
1964 4859 2051 4916 cui

474 4944 748 4999 deteriora
776 4955 1232 5014 supervenerant,
1263 4946 1455 5001 altiora
1482 4948 1764 5019 suscipiat.

551 5187 597 5221 "
629 5186 765 5244 Gen.
808 5202 964 5256 svnt,
1002 5189 1094 5245 25.
1169 5189 1215 5222 ²⁰
1254 5187 1276 5243 1
1313 5190 1438 5246 Cor.
1474 5206 1594 5257 xm,
1635 5190 1691 5251 4.

550 5346 665 5430 (9η
696 5348 796 5430 Διρ
816 5344 936 5428 πᾶς
971 5352 1004 5403 ό
1044 5348 1417 5420 ἁμαρτάνων,
1444 5358 1550 5405 etc.
1592 5349 1793 5406 Catena
1834 5351 2045 5424 collegii

477 5434 600 5473 Ιιονι
625 5433 973 5473 υκοιιιειιειε.

549 5488 660 5560 (98)
682 5488 810 5542 Κᾶν
828 5486 916 5559 μὴ
942 5489 1090 5560 λέγῃ
1118 5506 1230 5557 τις,
1251 5502 1352 5548 etc.
1378 5491 1690 5549 Corderius.

548 5559 659 5634 (99)
686 5561 958 5634 Ἵνα-ὑπο
976 5559 1097 5634 eae
1129 5561 1349 5634 ἑαυτοῦ
1378 5562 1649 5634 παγίδας,
1677 5572 1784 5620 etc.
1818 5561 2045 5621 Schedte

482 5625 685 5691 omni.
714 5642 768 5683 et
801 5630 988 5701 Daniel
1016 5625 1306 5687 Barbarus.

546 5701 1067 5773 (1)Δικαιοσύνας,
1120 5713 1226 5758 etc.
1258 5703 1471 5760 Eaedem
1516 5705 1748 5773 schedae,
1794 5719 1859 5762 ac
1903 5704 2039 5761 Bar-

2160 4297 2408 4369 πλησίον.
2467 4315 2488 4351 ι
2540 4296 2708 4369 Χείλη
2751 4296 2903 4351 δόλια
2948 4298 3006 4352 ὲν
3059 4298 3259 4370 καρδίᾳ
3289 4299 3384 4352 καὶ
3432 4303 3493 4355 ὲν
3539 4303 3724 4375 καρδίᾳ

2157 4390 2445 4463 ἐλάλησαν.
2471 4409 2490 4443 ι
2511 4391 2729 4464 Ἐπειδὴ
2758 4390 2908 4447 δόλια
2949 4393 3259 4467 ὲνενόησαν,
3302 4393 3391 4448 διὰ
3421 4394 3583 4449 τοῦτο
3608 4397 3722 4451 ἐλά-

2157 4482 2328 4555 λησαν
2356 4485 2742 4556 ματαιότητας.

2241 4576 2694 4646 Ἐξολοθρεύσαι
2732 4578 2950 4647 Κύριος
2986 4578 3183 4633 πάντα
3218 4579 3290 4634 τὰ
3325 4581 3505 4651 χείλη
3536 4581 3609 4637 τὰ
3633 4580 3722 4634 δύο

2156 4672 2279 4735 λια,
2306 4670 2404 4724 καὶ
2438 4670 2728 4741 γλῶσσαν
2746 4671 3258 4742 μεγαλορῤήμονα,
3291 4691 3343 4727 κ.
3369 4690 3421 4727 τ.
3452 4675 3501 4728 ὲ.
3545 4675 3603 4729 ὐ
3622 4675 3719 4745 γὰρ

2153 4760 2359 4832 Κύριος
2386 4758 2462 4831 (4)
2489 4760 2826 4832 ἐξαφανίζων
2846 4762 2916 4816 τά
2939 4763 3182 4835 χείρονα,
3208 4763 3542 4836 ὲξολοθρεύει
3567 4765 3717 4831 αὐτὰ,

2153 4848 2240 4903 ἵνα
2279 4851 2554 4927 ἀνακύψῃ,
2601 4851 3003 4923 ἀφανισθέντων
3041 4853 3155 4911 τῶν
3184 4856 3719 4927 ἐπισυμϐεϐηκότων,

2149 4941 2212 4996 τὺ
2256 4943 2471 5016 πρῶτον
2515 4946 2722 5018 κτίσμα
2770 4946 2866 5002 τοῦ
2913 4946 3073 5012 Θεοῦ,
3112 4940 3158 5015 ᾧ
3202 4947 3610 5029 ὲπισυμσέὸηκε
3654 4947 3721 5001 τὰ

2148 5036 2368 5110 χείρονα

2148 5356 2761 5553 ἓῖζῇἒέξέλείποντος
2790 5430 2985 5498 ὁσίου,
3028 5440 3134 5487 etc.
3170 5431 3395 5489 Schedaa
3430 5433 3633 5496 Grabii.
3660 5440 3714 5492 et

2220 5568 2295 5638 (ὅ)
2319 5569 2421 5623 Διά
2442 5569 2637 5632 τοῦτο,
2669 5580 2774 5625 etc.
2802 5571 3014 5626 Ezedem
3042 5571 3273 5627 schedte.

2217 5637 2293 5709 (⁵)
2334 5638 2388 5693 Ὁ
2417 5640 2529 5711 γὰρ
2560 5642 2796 5711 Κύριος,
2837 5653 2943 5700 etc.
2973 5642 3183 5698 Eadem
3215 5642 3453 5711 schedae,
3489 5659 3551 5700 ac
3582 5644 3709 5701 Bar-

2142 5707 2333 5763 barus.
