4020 6152
521 235 657 291 19.03

1064 351 1381 410 PSALMUS
1420 350 1535 407 XII.

594 464 755 521 Vens.
806 465 859 522 1.
912 464 1207 535 Usquequo,
1264 463 1507 531 Domine,
1557 463 1875 518 obliviscaris
1914 479 1994 517 me
2032 462 2089 515 in

517 561 679 628 ﬁnem
697 559 724 612 .9
746 569 856 615 etc.
883 558 1047 613 Forte
1069 573 1174 612 non
1201 554 1516 627 simpliciter
1536 556 1668 610 dicit
1683 554 1950 620 oblivisci,
1968 554 2084 617 sed,

516 648 571 704 in
619 649 779 704 ﬁnem
829 648 1097 703 oblivisci.
1148 648 1213 701 Et
1262 648 1316 701 in
1369 646 1477 703 alio
1520 645 1730 716 psalmo
1776 646 2087 700 nominatur

516 735 773 796 oblivioni
819 739 1034 793 tradita.
1084 757 1103 790 ι
1139 739 1428 810 Usquequo
1471 747 1685 794 avertes
1716 736 1906 792 faciem
1941 746 2086 790 tuam

515 847 547 885 a
595 832 715 887 me?
748 852 767 886 ι
826 831 976 887 Hanc
1025 831 1221 886 faciem
1283 846 1498 901 semper
1550 831 1729 900 angeli
1785 830 2083 885 intuentur.

515 924 740 992 Quando
797 925 939 979 enim
984 923 1168 992 capaci
1206 924 1399 978 anima:
1451 932 1724 992 aspectum
1769 920 1926 976 faciei
1973 934 2086 975 suae

516 1016 754 1071 ostendit
782 1016 942 1081 Deus,
968 1024 1097 1070 tunc
1119 1015 1186 1068 ab
1206 1029 1268 1069 ea
1301 1022 1478 1070 cessat
1506 1025 1755 1070 avertere
1779 1021 1834 1067 et
1860 1013 2088 1068 abscon-

519 1110 647 1165 dere
686 1107 880 1162 faciem
910 1122 1085 1162 suam.
1116 1106 1267 1173 Quod
1295 1115 1349 1161 ct
1372 1121 1498 1176 erga
1529 1106 1764 1177 Moysem
1797 1104 2086 1174 aliquando

515 1201 775 1266 faciebat,
808 1216 913 1256 non
940 1201 1122 1255 sinens
1151 1200 1336 1254 faciem
1365 1214 1517 1254 suam
1545 1198 1613 1254 ab
1639 1214 1704 1255 eo
1718 1198 1883 1253 videri
1912 1212 2085 1268 quan-

517 1295 608 1349 diu
637 1294 796 1348 homo
828 1302 964 1348 erat.
982 1293 1193 1347 Avertit
1216 1292 1354 1347 Deus
1375 1292 1569 1347 faciem
1599 1307 1753 1347 suam
1785 1291 2085 1348 (economia

516 1385 775 1455 quadam,
795 1385 1008 1455 quando
1023 1385 1237 1456 indigna
1254 1384 1369 1455 ejus
1381 1384 1660 1455 praeceptis
1674 1385 2084 1440 committimus.

516 1475 632 1531 Hoc
659 1485 836 1530 autem
860 1475 1010 1542 facit,
1041 1485 1096 1529 ut
1122 1492 1221 1531 nos
1249 1475 1315 1530 ad
1333 1490 1392 1531 se
1422 1484 1658 1531 revocet.
1690 1476 1806 1541 Vel,
1830 1477 2086 1545 quoniam

516 1567 687 1623 facies
735 1566 933 1632 Patris,
963 1567 1131 1622 Filius
1174 1578 1276 1631 est,
1329 1575 1385 1621 et
1430 1567 1567 1637 petit
1599 1582 1761 1637 quam
1806 1566 2088 1624 celerrime

518 1661 693 1731 ipsum
715 1673 929 1715 carnem
952 1673 1186 1726 sumere,
1223 1659 1345 1716 ideo
1370 1661 1486 1716 haec
1510 1662 1674 1716 verba
1709 1661 1911 1731 posuit.

588 1943 752 2001 Vens.
781 1945 836 2000 2.
867 1945 1117 2012 Quandiu
1150 1962 1344 2016 ponam
1386 1946 1606 2002 consilia
1636 1947 1691 2001 in
1728 1948 1907 2003 anima
1931 1952 2087 2005 mea?

515 2047 625 2094 etc.
675 2037 910 2094 Consilia
962 2039 1127 2093 multa
1188 2040 1418 2107 primum
1463 2040 1517 2094 in
1554 2040 1734 2094 anima
1778 2055 1873 2095 sua
1924 2040 2088 2114 594

514 2127 784 2200 quispiam
828 2131 996 2200 ponit,
1033 2131 1225 2186 deinde
1248 2132 1299 2185 in
1328 2132 1434 2186 line
1458 2147 1709 2203 magnum
1749 2132 1802 2186 in
1832 2135 2085 2189 omnibus

519 2222 610 2277 Dei
662 2222 969 2292 consilium,
1004 2222 1156 2293 cujus
1200 2224 1423 2295 spiritus
1479 2225 1533 2279 in
1592 2226 1740 2295 virga
1800 2222 1953 2281 Jesse
1998 2240 2084 2281 re-

472 2352 475 2355 -
514 2313 736 2383 quievit.

590 2425 752 2483 Vens.
783 2428 837 2482 4.
884 2428 1143 2483 [Numina
1174 2430 1352 2485 oculos
1384 2447 1545 2500 meos,
1570 2448 1633 2485 ne
1655 2430 1867 2503 quando
1903 2429 2088 2484 obdor-

515 2521 675 2575 miam
719 2521 774 2575 in
820 2534 1007 2590 morte,
1049 2532 1153 2577 etc.
1198 2540 1217 2574 ι
1250 2523 1548 2579 Accendite
1596 2524 1650 2579 in
1698 2524 1854 2579 vobis
1901 2523 2084 2577 lumen

514 2611 756 2666 scientiae
779 2612 841 2664 ³¹.
886 2632 905 2664 ›
942 2613 994 2667 In
1032 2615 1274 2670 tenebris
1312 2624 1389 2670 tot
1419 2616 1820 2671 calamitatibus
1843 2630 2080 2686 premor,

515 2711 572 2755 ut
601 2703 647 2757 si
673 2703 929 2758 auxilium
955 2717 1100 2759 tuum
1125 2705 1420 2772 distuleris,
1443 2715 1495 2763 et
1518 2708 1913 2779 desperationis
1952 2721 2085 2761 meae

514 2794 769 2850 tenebras
823 2810 928 2848 non
977 2795 1245 2865 abegeris,
1300 2800 1351 2852 in
1404 2808 1631 2854 mortem
1688 2799 1976 2855 vertendus
2014 2799 2085 2853 sit

1929 229 2019 285 EX
2056 226 2365 285 ORIGENE

2120 352 2170 411 Α

3655 215 3775 273 ιω

2760 341 3052 396 ΨΑΛΜΟΣ
3085 341 3186 394 IB'.

2178 453 2189 463 ’
2268 460 2423 525 Ἕως
2440 458 2602 522 πότε,
2619 456 2811 525 Κύριε,
2827 453 3091 522 ἐπιλήσῃ
3109 469 3233 522 μου
3248 452 3343 516 εις
3359 447 3546 514 τέλος
3562 462 3581 510 ;
3600 464 3655 500 κ.
3671 463 3716 500 τ.
3732 448 3772 499 ὲ.

2193 552 2420 622 Μήποτε
2469 550 2545 613 ὡς
2587 548 2723 621 πρὸς
2760 548 2822 600 τὸ
2876 546 3025 609 τέλος
3065 544 3177 617 (ιο)
3227 542 3384 610 λέγει
3436 537 3773 609 ἐταλελῆσθαι

2193 642 2357 697 αὑτοῦ
2388 642 2478 696 τὸν
2505 642 2639 695 Θεὸν
2660 681 2675 706 ,
2704 641 2798 694 καὶ
2824 640 2923 709 οὐχ
2952 636 3136 700 ἁπλῶς
3168 632 3557 705 ἐπιλελῆσθαι.
3588 631 3697 685 Καὶ
3724 633 3774 682 ὲν

2193 735 2337 806 ἄλλῳ
2366 733 2566 806 ψαλμῷ
2613 731 3010 804 ὲπιλελησμένη
3038 729 3375 800 ὠνόμασται.
3428 725 3617 787 «Ἕως
3656 723 3773 775 πότε

2191 825 2551 899 ἀποστρέψεις
2579 825 2641 878 τὸ
2679 824 2969 897 πρόσωπόν
2997 840 3090 875 σου
3120 820 3216 875 ἀπ’
3250 817 3385 890 ἐμοῦ
3414 834 3432 883 ;
3471 835 3492 867 ι
3520 814 3696 869 Τοῦτο
3722 813 3776 868 τὸ

2193 918 2481 988 πρόσωπον
2500 919 2550 971 οἱ
2581 917 2800 987 ἄγγελοι
2836 915 3089 987 βλέπουσι
3123 911 3440 974 διαπαντός.
3473 911 3651 962 Ὅταν
3679 907 3778 979 γὰρ

2191 1011 2383 1064 ἑαυτὸν
2427 1008 2700 1083 ἐμφανίζῃ
2734 1008 2813 1080 τῷ
2858 1004 3148 1078 χωρητικῷ
3183 1004 3281 1073 τῆς
3313 1002 3445 1065 θέας
3483 1000 3586 1055 τοῦ
3616 1015 3775 1073 προσ-

2192 1101 2342 1156 ώπου
2382 1103 2545 1157 αὑτοῦ
2581 1104 2609 1156 ὁ
2644 1103 2796 1166 Θεὸς,
2845 1099 3111 1154 παύσεται
3142 1096 3508 1167 ἀποστρέφων
3549 1096 3650 1147 ἀπ’
3686 1095 3774 1148 αὖ·

2192 1193 2314 1261 τοῦ,
2359 1194 2451 1246 καὶ
2484 1193 2742 1264 κρύπτων
2770 1193 2833 1245 τὸ
2858 1190 3148 1264 πρόσωπον
3173 1188 3397 1243 ἑαυτοῦ·
3430 1189 3579 1258 ὅπερ
3611 1188 3773 1239 ἐποίει

2192 1286 2322 1339 ποτὲ
2349 1285 2442 1338 καὶ
2470 1286 2562 1338 ἐπὶ
2594 1284 2893 1349 Μωῦσέως,
2938 1282 3250 1353 φειδόμενος
3276 1280 3445 1335 αὐτοῦ
3466 1322 3483 1347 ,
3524 1280 3643 1343 Em;
3691 1282 3775 1333 ἀν-

2194 1377 2411 1451 θρωπος
2444 1373 2533 1448 ἦν.
2571 1376 2928 1448 Ἀποστρέφει
2954 1377 2982 1430 ὁ
3006 1376 3138 1438 Θεὸς
3174 1375 3236 1428 τὸ
3286 1375 3588 1446 πρόσωπον
3616 1372 3771 1435 αὑτοῦ

2196 1467 2586 1540 κηδεμονικῶς,
2614 1469 2739 1521 ὅταν
2777 1467 2972 1534 ἀνάξια
2998 1466 3107 1521 τῶν
3140 1465 3368 1520 ἐντολῶν
3403 1464 3579 1518 αὐτοῦ
3610 1466 3772 1536 πράτ-

2192 1577 2395 1631 τωμεν.
2440 1561 2593 1613 Ποιεῖ
2633 1560 2690 1613 δὲ
2732 1559 2891 1612 τοῦτο
2944 1560 3031 1615 ἵνα
3066 1560 3214 1630 ἡμᾶς
3258 1559 3663 1627 ἐπισπάσηται.
3707 1559 3770 1610 Ἢ

2193 1652 2314 1705 ἐπεὶ
2346 1652 2633 1723 πρόσωπον
2674 1650 2768 1705 τοῦ
2804 1652 3014 1723 Πατρὸς
3052 1651 3183 1714 Υἱὸς
3205 1692 3220 1717 ,
3269 1651 3411 1703 αἰτεῖ
3477 1649 3770 1721 ταχύτερον

2192 1744 2356 1798 αὐτοῦ
2399 1744 2651 1814 γενέσθαι
2676 1742 2774 1815 τὴν
2801 1744 3094 1815 σάρκωσιν,
3139 1744 3200 1797 τὸ
3232 1740 3440 1796 τοιοῦτο
3486 1743 3659 1814 ῥητὸν
3691 1744 3772 1795 τέο

2142 1856 2145 1861 λ
2193 1834 2394 1890 θεικεν.

2265 1947 2414 2014 Ἕως
2450 1947 2617 2014 τίνος
2665 1945 2923 2016 θήσομαι
2968 1944 3209 2012 ,ϐουλὰς
3263 1946 3333 1999 ἐν
3385 1944 3562 2014 ψυχῇ
3617 1962 3765 2014 μου,

2192 2054 2248 2093 κ.
2291 2054 2342 2089 τ.
2390 2036 2437 2090 ἑ.
2477 2035 2681 2102 Βουλάς
2709 2036 2917 2090 τίθεται
2944 2053 3027 2099 τις
3049 2036 3160 2105 (Η)
3196 2035 3409 2107 πρῶτον
3434 2034 3691 2098 πλείονας
3713 2038 3768 2088 ἐν

2190 2130 2256 2201 τῇ
2289 2129 2431 2200 ψυχῇ
2465 2128 2632 2183 αὐτοῦ
2651 2169 2666 2193 ,
2698 2124 2817 2181 εἶτα
2837 2128 2930 2181 ἐπὶ
2954 2128 3097 2181 τέλει
3129 2127 3226 2197 τὴν
3249 2126 3339 2180 ἐπὶ
3359 2129 3495 2179 πᾶσι
3526 2127 3766 2198 μεγάλην

2192 2218 2381 2290 βουλὴν
2414 2219 2513 2291 τὴν
2550 2218 2646 2273 τοῦ
2680 2218 2838 2283 Θεοῦ,
2890 2214 2958 2291 ἧς
2988 2219 3050 2273 τὸ
3088 2218 3304 2289 πνεῦμα
3352 2217 3767 2272 ὲπανεπαύσατο

2190 2313 2283 2366 ἐπὶ
2313 2312 2413 2383 τὴν
2446 2310 2506 2377 ἐξ
2549 2312 2747 2366 Ἰεσσαὶ
2780 2312 2992 2383 ῥάϐδον.

2260 2427 2525 2483 Φώτισον
2545 2428 2688 2495 τοὺς
2712 2428 3056 2499 ὀφθαλμούς
3076 2445 3217 2497 μου,
3230 2425 3315 2497 μή
3337 2439 3483 2480 ποτε
3512 2424 3763 2481 tim-tim

2189 2522 2277 2586 εὶς
2310 2519 2590 2586 θάνατον,
2627 2538 2683 2576 κ.
2714 2539 2764 2575 τ.
2803 2520 2849 2574 ὲ.
2893 2540 2912 2572 ι
2945 2519 3218 2573 Φωτίσατε
3259 2520 3472 2582 ἑαυτοῖς
3513 2518 3622 2589 (12)
3654 2517 3764 2588 φῶς

2193 2610 2466 2678 γνώσεως.
2496 2631 2513 2661 ι
2556 2612 2645 2674 Ὠς
2685 2612 2744 2664 ὲν
2782 2611 2962 2664 σκότει
2994 2611 3113 2674 ταῖς
3149 2613 3458 2681 συμφοραῖς
3510 2608 3761 2681 περιέχο-

2192 2717 2326 2771 μαι,
2376 2701 2471 2754 καὶ
2502 2703 2549 2755 εἰ
2583 2701 2657 2773 μὴ
2703 2701 2801 2773 μοῦ
2835 2707 2896 2754 τὸ
2921 2702 3017 2773 τῆς
3055 2701 3288 2773 ἀθυμίας
3330 2700 3610 2772 ἀπελάσῃς
3640 2701 3763 2754 σκό-

2188 2810 2300 2859 τος,
2329 2793 2442 2847 ἀλλ’
2477 2794 2690 2866 ὑπερϐῇ
2744 2794 2841 2866 τὴν
2877 2793 3147 2865 βοήθειαν,
3178 2796 3259 2858 εἰς
3285 2793 3516 2848 θάνατον
3544 2797 3574 2847 ὀ
3602 2792 3763 2857 ὕπνος

516 2902 758 2954 somnus,
796 2905 918 2945 cum
945 2891 1161 2946 tristitia
1196 2907 1420 2962 prorsus
1446 2893 1683 2947 animam
1715 2908 1889 2949 meam
1912 2907 2081 2948 occu-

2193 2885 2686 2958 μεταὸληθήσεται,
2723 2886 2820 2957 τῆς
2855 2885 3031 2957 λύπης
3069 2884 3345 2949 παντελῶς
3378 2885 3475 2938 τοῦ
3506 2884 3759 2956 λογισμοῦ

516 2980 745 3047 paverit.

589 3091 753 3147 Vens.
777 3092 830 3147 5.
856 3091 941 3147 Ne
956 3095 1164 3163 quando
1186 3094 1328 3149 dicat
1352 3095 1594 3150 inimicus
1618 3112 1762 3151 meus
1781 3112 1800 3151 :
1823 3095 2084 3152 Prwoalui

516 3184 767 3239 adversus
803 3200 941 3238 eum.
993 3185 1219 3252 Quoties
1256 3201 1564 3257 peccamus,
1608 3190 1768 3244 toties
1797 3189 1928 3245 dicit
1980 3189 2084 3244 ini-

515 3272 690 3328 micus
716 3291 735 3327 εν
760 3294 779 3327 ι
818 3274 1077 3329 Prtevalui
1106 3274 1366 3332 adversus
1400 3291 1547 3331 eum.
1580 3278 1681 3344 Qui
1711 3278 1972 3334 tribulant
1998 3293 2085 3335 me

516 3365 929 3422 exsultabunt.si
961 3374 1142 3421 motus
1172 3364 1349 3422 fuero.
1388 3385 1409 3419 ι
1440 3368 1629 3437 Angeli
1659 3369 1895 3437 gaudent
1923 3385 2085 3441 super

515 3456 923 3525 paenitentibus,
949 3456 1222 3513 daemones
1238 3472 1398 3528 super
1419 3462 1770 3528 peccantibus
1788 3462 2082 3519 exsultant.

517 3544 597 3599 Illi
627 3546 770 3602 enim
803 3548 1039 3613 virtutis,
1070 3547 1125 3602 hi
1166 3549 1389 3604 malitiae
1427 3560 1699 3606 amatores
1732 3562 1880 3608 sunt.
1902 3552 1957 3607 In
1985 3566 2082 3608 ex-

517 3637 807 3694 sultatione
840 3650 896 3695 et
923 3640 1110 3696 laetitia
1145 3651 1324 3706 erunt,
1359 3642 1404 3697 si
1429 3643 1587 3698 modo
1611 3643 1844 3699 viderint
1877 3660 1964 3700 me
2014 3645 2084 3700 ab

514 3742 580 3784 ea
613 3744 732 3800 quae
752 3730 806 3785 in
843 3741 894 3787 te
921 3742 1026 3799 est,
1052 3748 1148 3804 spe
1168 3733 1374 3805 lapsum
1393 3744 1449 3791 et
1479 3735 1878 3806 desperantem.

586 3929 866 4001 Ejusdem.
894 3932 1044 3989 Licet
1071 3949 1176 3989 non
1213 3933 1435 3990 omnino
1460 3933 1676 4001 cadam,
1708 3933 1868 3989 modo
1905 3944 2082 3990 tamen

519 4034 699 4079 motus
736 4022 909 4088 fuero,
954 4024 1303 4080 exsultabant
1326 4027 1416 4094 qui
1452 4022 1711 4079 tribulant
1750 4039 1859 4093 me,
1909 4024 2084 4093 inquit

511 4113 799 4183 Propheta.
858 4112 926 4167 Et
982 4123 1042 4167 ut
1083 4116 1346 4183 Propheta
1398 4115 1531 4170 dicit
1585 4115 1638 4169 in
1685 4115 2082 4184 septuagesimo

2191 2993 2364 3049 κράτη
2373 2976 2562 3048 σάσης.

2263 3090 2359 3161 Μή
2380 3107 2523 3145 ποτε
2553 3091 2710 3145 εἴποι
2742 3095 2776 3146 ὀ
2799 3092 3012 3162 ἐχθρός
3033 3109 3173 3161 μου·
3208 3094 3465 3162 Ἰσχυσα
3484 3093 3635 3161 πρὸς
3656 3094 3757 3147 αὐ-

2189 3183 2312 3237 τόν.
2362 3183 2580 3248 Ὁσάκις
2608 3185 3013 3256 ἁμαρτάνομεν,
3062 3184 3384 3248 τοσαυτάκις
3425 3184 3576 3254 λέγει
3610 3185 3759 3239 τοῦτο

2186 3272 2217 3326 ὁ
2265 3274 2477 3346 ἐχθρός·
2531 3294 2549 3328 t
2581 3277 2805 3346 Ἴσχυσα
2841 3277 2977 3348 πρὸς
3018 3277 3197 3330 αὐτόν.
3254 3279 3318 3330 Οἱ
3376 3277 3649 3342 θλίϐοντες
3697 3295 3757 3348 με

2187 3365 2627 3434 ἀγαλλιάσονται,
2660 3365 2755 3419 ἐὰν
2784 3364 3050 3418 σαλευθῶ.
3086 3384 3104 3416 ›
3140 3365 3201 3418 Οἱ
3230 3364 3454 3434 ἄγγελοι
3487 3366 3758 3438 χαίρουσιν

2191 3457 2287 3512 ἐπὶ
2320 3461 2434 3523 τοῖς
2478 3457 2850 3530 μετανοοῦσιν,
2883 3459 2932 3511 oi
2976 3457 3226 3529 δαίμονες
3255 3459 3351 3510 ἐπὶ
3376 3460 3491 3521 τοῖς
3515 3457 3759 3529 ἁμαρτάο

2187 3565 2367 3605 νουσιν
2398 3550 2736 3619 ἀγάλλονται.
2769 3553 2831 3604 Οἱ
2864 3550 2963 3621 μὲν
2990 3550 3099 3621 γάρ
3126 3549 3184 3605 τέ
3212 3550 3352 3604 εἰσιν
3386 3550 3611 3621 ἀρετῆς,
3638 3552 3685 3603 οἱ
3705 3550 3758 3603 ἓ

2186 3638 2387 3703 κακίας
2419 3639 2666 3712 ἐρασταί.
2712 3641 2799 3694 Ἐν
2822 3640 3140 3709 ἀγαλλιάσει
3173 3638 3389 3693 ἔσονται
3424 3642 3522 3695 καὶ
3568 3642 3756 3712 εὐφρο-

2188 3729 2345 3802 σύνῃ,
2376 3731 2471 3785 ἐὰν
2494 3731 2653 3802 μόνον
2676 3730 2824 3785 ἴδωσί
2853 3748 2921 3802 με
2943 3732 3041 3804 τῆς
3069 3733 3149 3795 εἰς
3176 3731 3235 3784 σὲ
3255 3730 3470 3795 ἐλπίδος
3490 3734 3759 3786 ἐκπεπω-

2193 3821 2326 3876 κότα
2353 3823 2447 3876 καὶ
2479 3821 2875 3877 ἀπελπίσαντα.

2260 3932 2369 3987 Τοῦ
2395 3933 2603 3988 αὐτοῦ.
2636 3934 2754 3989 Κᾶν
2782 3934 2857 4007 μὴ
2887 3934 3164 3997 παντελῶς
3190 3934 3362 3999 πέσω,
3393 3934 3554 4006 μόνον
3581 3935 3641 3989 δὲ
3667 3952 3756 3989 σα-

2184 4027 2379 4096 λευθῶ,
2406 4031 2453 4084 οἰ
2489 4028 2760 4095 θλίϐοντες
2795 4047 2863 4102 με
2900 4029 3339 4100 ἀγαλλιάσονται,
3374 4030 3543 4100 φησὶν
3568 4032 3599 4083 ὁ
3627 4033 3756 4102 Προ-

2185 4122 2380 4191 φήτης.
2415 4122 2524 4175 Καὶ
2543 4120 2619 4185 ὡς
2644 4122 2673 4174 ὀ
2696 4112 2984 4195 Προφήτης
3016 4123 3179 4193 φησὶν
3201 4123 3257 4175 ὲν
3283 4120 3362 4192 τῷ
3382 4121 3757 4194 ἑϐδομηκοστῷ

515 4203 759 4260 secundo
802 4202 1011 4273 psalmo
1034 4203 1079 4237 ³³
1113 4222 1129 4258 :
1158 4227 1177 4255 ι
1216 4205 1315 4259 Mei
1364 4216 1542 4260 autem
1597 4216 1735 4274 pens
1784 4205 1912 4259 moti
1959 4213 2085 4260 sunt

2190 4210 2419 4282 δευτέρῳ
2444 4211 2661 4284 ψαλμῷ·
2708 4231 2727 4264 t
2772 4213 2936 4285 Ἐμοῦ
2973 4215 3032 4268 δὲ
3057 4212 3207 4286 παρά
3239 4214 3434 4287 μικρὸν
3472 4214 3756 4284 ἐσαλεύθη-

516 4295 701 4365 pedes.

587 4408 863 4480 Ejusdem.
906 4408 1148 4481 Magnam
1177 4412 1256 4465 eis
1283 4411 1520 4465 laetitiam
1552 4408 1709 4465 affert
1740 4410 1969 4464 aliorum
2000 4410 2084 4463 la-

514 4517 666 4573 psus,
694 4503 786 4573 qui
813 4503 1083 4558 tristitiam
1108 4502 1286 4573 potius
1308 4517 1498 4572 parere
1520 4502 1759 4557 deberet.
1793 4502 1942 4569 Quod
1965 4502 2086 4571 qui-

516 4597 639 4652 dem
680 4604 768 4650 tua
804 4595 977 4651 fretus
1004 4595 1377 4651 misericordia
1407 4610 1513 4649 non
1542 4595 1739 4664 patiar.
1767 4593 1898 4647 Nam
1939 4594 2088 4649 salu-

518 4700 636 4743 tare
660 4699 809 4744 tuum
834 4697 1108 4758 exspecto.
1129 4688 1182 4742 in
1204 4702 1310 4757 quo
1331 4686 1542 4741 laetatur
1557 4688 1646 4756 qui
1667 4686 1894 4742 salutem
1918 4702 1947 4741 a
1973 4686 2084 4742 Deo

517 4790 776 4850 expertus
806 4790 907 4836 est.
933 4779 1198 4834 Caeterum
1224 4779 1503 4848 prophetia
1534 4779 1604 4833 de
1640 4779 1856 4834 Christo
1886 4778 1938 4833 id
1963 4793 2088 4834 esse

516 4880 727 4942 potest,
764 4872 1016 4942 quoniam
1063 4886 1182 4926 cum
1228 4871 1298 4925 ad
1348 4870 1529 4925 mundi
1571 4873 1797 4926 salutem
1827 4871 2083 4938 venisset,

517 4963 863 5028 illuminavit,
886 4965 960 5018 'et
990 4963 1255 5018 destruxit
1299 4975 1423 5016 eum
1459 4962 1549 5029 qui
1596 4961 1827 5031 superbe
1859 4963 1924 5017 de
1952 4961 2088 5018 alio-

476 5100 479 5105 .
518 5075 635 5114 Fllln
668 5057 1068 5113 calamitatibus
1099 5057 1387 5129 gaudebat.
1420 5056 1739 5127 Respiciens
1756 5057 2088 5114 enimadve-

588 5245 632 5277 ⁸³
660 5248 813 5301 Osee.
848 5260 902 5308 ι,
935 5244 1025 5298 12.
1095 5243 1140 5275 ³⁸
1168 5242 1311 5301 Psal.
1336 5260 1505 5311 Lxxu,
1528 5243 1581 5299 9..

436 5512 448 5521 .
532 5524 555 5527 _
590 5454 703 5527 (l0)
744 5455 989 5523 Μήποτε
1034 5457 1115 5523 ὡς
1164 5456 1312 5526 πρὸς
1343 5456 1411 5511 τὸ
1456 5456 1650 5524 τέλος,
1697 5467 1805 5513 etc.
1860 5456 2085 5513 Schedae

518 5524 723 5591 Grabii,
756 5542 821 5582 ac
848 5527 1136 5582 Barbarus.

591 5596 633 5667 (I
650 5597 701 5666 1)
723 5595 1199 5669 Βουζζὶιςτίθεταί
1220 5617 1327 5667 τις,
1352 5606 1453 5655 etc.
1480 5596 1701 5656 Scheda:
1720 5598 2082 5669 Grabii,C0r-

521 5665 724 5737 durius,
763 5680 817 5723 et
849 5665 1135 5725 Barbarus.

2190 4319 2289 4356 σαν
2314 4305 2363 4356 οἱ
2393 4303 2569 4367 πόδες.
2607 4323 2626 4355 ι

2264 4414 2374 4469 Τοῦ
2402 4416 2609 4471 αὑτοῦ.
2653 4417 3024 4490 Ἐπιχαίρουσι
3055 4418 3163 4490 γὰρ
3206 4417 3464 4473 πίπτουσι
3500 4420 3612 4488 (13)
3633 4459 3649 4481 ,
3678 4420 3754 4471 λυ-

2191 4505 2405 4559 πεῖσθαι
2441 4506 2579 4562 δέον.
2607 4507 2786 4580 Ὅπερ
2812 4509 2872 4561 οὐ
2897 4509 3156 4578 πείσομαι
3185 4507 3322 4562 ἐλέει
3350 4509 3429 4581 τῷ
3459 4509 3559 4580 σῷ.
3584 4510 3749 4581 Προσ-

2186 4596 2328 4651 δοκῶ
2367 4598 2477 4671 γάρ
2523 4615 2617 4653 σου
2657 4600 2718 4652 τὸ
2759 4600 3025 4671 σωτήριον
3047 4639 3062 4664 ,
3098 4600 3183 4668 ἐφ’
3218 4592 3262 4667 ᾧ
3289 4618 3374 4664 τις
3413 4601 3749 4673 εὐφραίνεται

2190 4691 2384 4760 πεῖραν
2412 4689 2544 4743 Θεοῦ
2573 4691 2846 4763 σωτηρίας
2883 4691 3041 4762 ἔχων.
3068 4691 3300 4747 Δύναται
3331 4692 3390 4746 δὲ
3423 4694 3518 4746 καὶ
3554 4709 3750 4764 προεξη-

2188 4781 2311 4834 τεία
2358 4777 2495 4835 εἶναι
2528 4782 2657 4854 περὶ
2687 4782 2946 4854 Χριστοῦ·
2995 4781 3163 4838 ἐλθὼν
3194 4784 3304 4856 γὰρ
3347 4783 3440 4837 ἐπὶ
3490 4784 3747 4855 σιν-ξηρὴν

2191 4874 2417 4946 κόσμου,
2445 4877 2677 4946 ἐφώτισε
2705 4896 2763 4932 τε
2785 4879 2881 4933 καὶ
2906 4879 3121 4934 καθεῖλε
3142 4880 3234 4934 τὸν
3253 4881 3615 4954 ὑπερηφάνως
3640 4883 3749 4933 ἐπι-

2190 4966 2449 5039 χαίροντα
2481 4973 2596 5034 τοῖς
2626 4971 3023 5044 κλονουμένοις.
3072 4972 3396 5042 Ἐπιϐλέψας
3435 4974 3544 5044 γὰρ
3571 4968 3749 5041 ἐπεδή-

2197 5080 2388 5134 μησεν.
2426 5065 2486 5117 Ὀ
2520 5066 2576 5119 δὲ
2608 5067 2860 5122 εὐπαθῶν
2887 5068 3147 5122 ἐπινίκιον
3176 5066 3343 5137 ὕμνον
3371 5068 3633 5138 προσάγει
3671 5065 3750 5116 λέ-

2263 5451 2377 5525 (12)
2405 5452 2702 5525 Φωτιοναζε
2727 5447 2979 5525 ἑαυτοῖς,
3025 5456 3129 5504 etc.
3164 5444 3206 5500 E
3229 5446 3419 5503 codice
3460 5447 3750 5519 Anglicano

2191 5520 2308 5579 hare
2332 5520 2617 5590 exscripsit
2633 5520 2892 5590 ,Grahius.

2289 5586 2816 5674 βλςιίπὶχιέρουρί
2859 5587 2969 5669 γὰρ
2999 5589 3304 5653 πίπτουσι,
3334 5599 3439 5643 etc.
3469 5586 3514 5641 E
3559 5587 3748 5646 Catena

2263 5594 2389 5718 S15).
2400 5594 2816 5675 ,Ἐπιχαιρουρί
2859 5594 2938 5669 γὼ

2191 5681 2264 5722 .eo
2290 5664 2414 5737 legit
2439 5677 2561 5719 novt
2593 5660 2938 5718 Oxomensw.
