4020 6152
386 204 525 259 Ξὲοὸ
1404 213 1711 272 SELECTA
1744 217 1813 272 IN
1841 218 1973 276 PSA

2032 222 2176 278 δίΟᾶ
2204 255 2276 266 -
2307 224 2501 284 PSAL.
2533 228 2669 286 XIII.
3483 238 3619 295 I206

380 343 513 394 γων·
546 346 565 378 ι
590 325 740 399 ’ᾼσω
780 326 858 399 τῷ
900 328 1087 400 Κυρίῳ
1133 328 1211 403 τῷ
1260 333 1678 407 εὐεργετήσαντι
1729 357 1818 410 με,
1855 342 1955 396 καὶ

2053 344 2155 401 ait.
2190 345 2341 403 Unde
2369 349 2629 419 propheta
2664 348 2926 407 beneﬁcio
2957 350 3181 409 affectus
3215 353 3457 411 victoriae
3487 371 3619 413 can-

376 416 531 487 ψαλῶ
582 416 661 489 τῷ
707 418 929 489 ὀνόματι
979 421 1183 493 Κυρίου
1217 423 1310 478 τοῦ
1351 426 1594 496 ὑψίστου,
1633 448 1652 480 ι
1688 447 1948 502 πραγμα-

2054 437 2216 494 ticum
2245 416 2394 494 canit
2425 416 2608 497 dicens
2641 459 2658 500 :
2686 461 2717 494 γι
2764 440 3006 500 Cantabo
3040 445 3293 513 Domino,
3334 446 3428 516 qui
3480 449 3621 507 bona

376 508 546 574 τικῶς
596 508 781 581 μαθὼν
820 513 882 565 τὸ
924 515 1060 586 πρὸς
1109 517 1235 581 τοὺς
1289 518 1612 590 εὐχομένους
1641 521 1820 588 καλῶς
1846 524 1952 578 ὑπὸ

2051 530 2238 585 tribuit
2266 532 2418 600 milii,
2448 543 2503 588 et
2547 535 2769 604 psallam
2807 537 3010 591 nomini
3040 508 3551 597 Domini/altissimi.
3593 562 3614 597 ι

375 598 472 653 τοῦ
518 599 722 671 Κυρίου
761 601 1079 675 λεγόμενον·
1142 625 1160 656 ι
1187 606 1306 661 Ἔτι
1361 624 1452 660 σου
1495 608 1780 675 λαλοῦντος
1818 613 1945 684 ἐρῶ·

2049 618 2245 691 Reipsa
2280 598 2423 678 enim
2460 598 2797 681 didiceratct
2833 635 3087 697 expertus
3119 636 3257 695 erat,
3293 628 3435 700 quod
3460 644 3490 683 a
3513 628 3621 685 Do-

391 690 521 745 Ἰδοὺ
550 692 803 764 πάρειμι.
845 714 864 748 ι
901 696 1066 766 Λέγει
1095 700 1209 763 τοῖς
1239 698 1485 755 συνοῦσιν
1525 700 1601 766 ὠς
1645 696 1720 758 ὧν
1758 704 1950 776 ἢθελεν

2049 690 2195 768 ιιιὶιιο
2236 726 2383 771 recte
2432 718 2781 786 precantibus
2810 717 3011 773 dictum
3042 727 3124 774 est
3154 718 3238 773 ’δε
3275 737 3294 773 ι
3340 718 3534 777 Adhuc
3568 731 3619 778 te

375 778 566 852 ἔτυχε·
630 783 710 838 διὸ
758 787 851 840 καὶ
905 788 1084 858 ὑμνεῖ.
1144 790 1300 846 Οὕτω
1358 792 1438 846 δεῖ
1490 795 1584 848 καὶ
1635 797 1784 867 ἡμᾶς
1827 799 1948 854 καθ’

2047 806 2302 875 loquente
2330 778 2507 863 dicam
2540 827 2554 864 :
2583 808 2722 866 Ecce
2772 809 2981 866 adsum.
3016 829 3036 862 ι
3072 811 3278 868 Amicis
3324 822 3509 869 narrat
3557 828 3618 869 se

375 873 613 947 ἑκάστην
643 876 787 949 ᾄδειν
811 879 1128 952 εὐεργεσίαν
1156 886 1222 955 τῇ
1253 883 1474 958 θεωρίᾳ,
1502 887 1596 941 καὶ
1624 888 1701 960 τῷ
1726 888 1948 960 ψάλλειν

2050 873 2157 952 voti
2210 907 2513 968 compotem
2562 915 2702 965 esse,
2740 916 2909 970 quare
2942 911 2997 957 et
3037 902 3295 974 hymnum
3323 906 3489 961 canit.
3538 903 3617 960 Ita

375 966 574 1037 πρᾶξιν
597 969 920 1039 ἐπάγοντας.

2046 1006 2145 1046 nos
2172 966 2384 1062 quoque
2430 993 2588 1048 decet
2633 966 2844 1064 singula
2892 994 2985 1049 Dei
3020 966 3278 1052 beneficia
3330 997 3617 1054 recolendo

2046 1094 2235 1138 mente
2260 1097 2476 1149 canere,
2507 1093 2561 1139 et
2586 1099 2750 1154 opera
2787 1087 3093 1154 pra-stando
3122 1086 3373 1157 psallere.

452 1164 605 1238 Ἐγὼ
628 1167 697 1223 δὲ
717 1171 815 1224 ἐπὶ
842 1170 922 1238 τῷ
950 1174 1108 1229 ἐλέει
1142 1192 1259 1232 σου
1304 1177 1556 1247 ἤλπισα·
1579 1183 1942 1252 ἀγαλλιάσε-

2118 1174 2278 1229 Vens.
2308 1174 2361 1228 6.
2396 1175 2506 1246 Ego
2533 1185 2706 1230 autem
2746 1179 2800 1232 in
2842 1179 3205 1232 misericordia
3245 1189 3338 1235 tua
3372 1183 3615 1252 speravi;

369 1275 465 1313 ται
518 1261 559 1329 ἡ
603 1262 820 1331 καρδία
853 1283 974 1335 μου
1023 1267 1094 1321 ἐν
1127 1268 1207 1334 τῷ
1239 1274 1508 1340 σωτηρίῳ
1535 1289 1672 1343 σου,
1709 1294 1763 1330 κ.
1806 1294 1860 1331 τ.
1893 1279 1941 1333 ὲ.

2044 1264 2324 1320 exsultabit
2357 1283 2446 1320 cor
2473 1283 2644 1320 meum
2681 1268 2733 1321 in
2774 1267 2995 1322 salutari
3019 1277 3130 1334 tito,
3156 1278 3263 1323 etc.
3294 1269 3368 1326 lIIi
3396 1272 3613 1341 quidem

382 1350 609 1406 Ἐκεῖνοι
641 1354 739 1425 μὲν
769 1357 1143 1430 ὲπιχαίροντες
1168 1361 1278 1433 (Η)
1312 1366 1378 1435 τῇ
1415 1363 1618 1420 πτώσει
1642 1384 1743 1438 μου
1777 1386 1944 1441 προσ-

2045 1361 2112 1413 de
2152 1357 2302 1427 lapsu
2349 1372 2469 1412 meo
2508 1360 2803 1428 gaudentes
2847 1370 3167 1429 exspectant
3198 1361 3314 1417 fore
3346 1370 3405 1417 ut
3434 1363 3614 1419 exsul-

365 1441 597 1499 δοκῶσιν
630 1447 1076 1522 ἀγαλλιασθῆναι’
1122 1452 1236 1523 ἐγὼ
1262 1454 1318 1509 δὲ
1347 1457 1440 1510 ἐπὶ
1473 1459 1555 1512 σοὶ¹
1579 1461 1671 1514 καὶ
1696 1459 1774 1532 τῷ
1802 1461 1942 1516 ἐλέει

2046 1460 2181 1517 tent,
2234 1466 2333 1523 ego
2367 1466 2496 1508 vero
2547 1453 2603 1506 in
2658 1463 2709 1508 te
2751 1462 2806 1509 et
2853 1457 2907 1507 in
2953 1453 3322 1511 misericordia
3365 1463 3457 1511 tua
3485 1469 3612 1526 spe-

366 1532 446 1605 τῷ
478 1535 556 1607 σῷ
580 1537 804 1608 ἤλπισα.

595 1537 804 1608 ὴλπισα.
2044 1562 2101 1600 ra
2111 1546 2182 1599 vi.

440 1628 505 1697 ’ᾼ
514 1643 603 1682 σω
623 1628 702 1696 τῷ
725 1632 920 1701 Κυρίῳ
943 1634 1024 1702 τῷ
1045 1637 1505 1708 εὐεργετήσαντι
1515 1658 1611 1711 με,
1639 1642 1737 1696 καὶ
1762 1641 1938 1710 ψαλῶ
1970 1698 2008 1711 ,ι

2112 1636 2348 1692 Cantaba
2383 1635 2601 1692 Domino
2629 1637 2719 1708 qui
2751 1637 2882 1692 bona
2913 1636 3094 1692 tribuit
3130 1638 3278 1703 mihi,
3318 1648 3367 1694 et
3388 1640 3613 1709 psallam

364 1716 445 1783 τῷ
473 1721 712 1790 ὀνόματι
743 1698 964 1792 [iambon
992 1698 1098 1780 τοῦ
1122 1698 1389 1797 isti-larva:
1409 1770 1423 1797 ,
1448 1698 1671 1786 κ.’τ.-ὲ.
1703 1698 1936 1805 Ὀἐὺερ-

2042 1728 2243 1783 nomini
2273 1726 2487 1782 Domini
2510 1698 2775 1793 altissimi,
2811 1736 2916 1782 etc.
2954 1725 3054 1793 Qui
3087 1727 3351 1784 beneﬁcio
3387 1728 3612 1785 an‘ecius

363 1811 612 1883 γετηθεὶς
643 1815 753 1886 (IS)
792 1817 996 1887 ᾀδέτω,
1027 1821 1122 1874 καὶ
1145 1822 1174 1874 ό
1201 1821 1451 1893 εὐθυμῶν
1495 1823 1761 1893 ψαλλέτω.
1798 1826 1936 1898 Φησὶ

2041 1829 2147 1885 est,
2187 1828 2370 1885 canat,
2405 1829 2459 1875 et
2494 1820 2584 1890 qui
2618 1835 2774 1889 aequo
2809 1818 2992 1875 animo
3024 1828 3127 1884 est,
3173 1820 3367 1890 psallat
3404 1821 3469 1878 ³³.
3523 1823 3614 1877 Ait

362 1904 490 1978 γάρ’
526 1926 544 1958 ι
580 1908 819 1981 Εύθυμεῖ
842 1930 925 1976 τις
949 1915 1005 1967 ὲν
1042 1917 1209 1986 ήμῖν;
1236 1917 1504 1988 ψαλλέτω.
1533 1938 1551 1970 ι
1571 1920 1717 1987 ’Έξω
1740 1922 1834 1976 καὶ
1855 1923 1934 1986 είς

2040 1911 2184 1968 enim
2215 1927 2228 1962 :
2267 1930 2288 1964 ι
2335 1911 2516 1981 Equo
2547 1912 2671 1981 quis
2697 1911 2876 1966 animo
2909 1910 3025 1965 est?
3065 1911 3282 1981 psallat.
3323 1932 3340 1966 ι
3375 1911 3613 1969 Manebit

360 1994 451 2049 τὸν
495 1996 620 2070 ἑξῆς
671 2000 863 2071 χρόνον
900 2004 1254 2078 ἀνεπίληστον
1292 2009 1350 2062 έν
1379 2011 1445 2080 τῇ
1479 2007 1623 2082 ψυχῇ
1657 2011 1755 2082 τῆς
1785 2012 1935 2084 εὐερ-

2041 2012 2098 2061 et
2135 2004 2186 2059 in
2213 2012 2488 2074 posterum
2527 2011 2737 2072 tempus
2771 2003 2824 2056 in
2869 2002 3046 2057 anima
3087 2017 3205 2057 mea
3244 2002 3613 2059 beneﬁcentiae

358 2087 549 2155 γεσίας
578 2089 639 2144 τὸ
677 2091 905 2162 μέγεθος

2039 2105 2147 2153 tuae
2169 2096 2504 2168 magnitudo,
2528 2110 2689 2166 quam
2719 2095 2863 2151 nulla
2890 2110 3126 2165 unquam
3162 2095 3364 2152 delebit
3386 2096 3612 2152 oblivio.

903 2319 1195 2377 ΨΑΛΜΟΣ
1233 2326 1329 2379 II".
2472 2325 2490 2396 ι

2472 2323 2632 2398 595
2672 2320 2994 2380 PSALMUS
3040 2319 3176 2378 xui.

430 2399 615 2460 Εἶπεν
638 2406 842 2478 ἄφρων
867 2410 940 2466 ἐν
972 2414 1186 2485 καρδίᾳ
1216 2416 1423 2471 αὐτοῦ·
1457 2420 1578 2474 Οὐκ
1606 2419 1739 2476 ἐστι
1767 2423 1931 2493 Θεός.

2106 2423 2274 2479 Vens.
2324 2420 2376 2475 I.
2432 2418 2578 2474 Dixit
2617 2417 2869 2488 insipiens
2921 2416 2976 2470 in
3015 2415 3175 2470 corde
3202 2431 3298 2470 suo
3329 2431 3348 2469 :
3388 2415 3509 2472 Non
3533 2428 3608 2473 est

357 2496 771 2567 Δίεφθιὴρησαν
798 2502 897 2557 καὶ
916 2504 1371 2576 ἐϐδελύχθησαν
1395 2510 1466 2564 ἐν
1483 2510 1930 2584 ἐπιτηδεύμασι,

2037 2518 2196 2573 Deus.
2212 2513 2460 2582 Corrupti
2480 2521 2599 2566 sunt
2612 2520 2658 2565 et
2676 2507 3048 2564 abominabiles
3071 2506 3199 2577 facti
3215 2518 3333 2563 sunt
3354 2509 3407 2566 in
3421 2511 3608 2568 studiis

358 2600 412 2638 κ.
445 2602 495 2638 τ.
533 2586 580 2639 ὲ.
642 2587 704 2640 Εἰ
723 2590 781 2644 ὲν
806 2594 918 2656 τοῖς
949 2595 1342 2669 ἐπιτηδεύμασι
1369 2598 1479 2671 (16)
1506 2600 1929 2675 διαφθείρονται,

2031 2609 2166 2674 suis,
2207 2613 2318 2661 etc.
2362 2602 2425 2659 Si
2452 2603 2506 2657 in
2540 2600 2737 2657 studiis
2770 2608 3218 2669 corrumpuntur,
3266 2614 3374 2654 non
3423 2601 3609 2671 utique

356 2677 454 2749 οὐχ
481 2679 514 2748 ἡ
538 2677 715 2750 φαύλη
740 2679 915 2737 ἔννοια
941 2682 1243 2759 διαφθείρει
1276 2688 1427 2754 τινὰ,
1470 2688 1606 2743 ἀλλὰ
1634 2690 1695 2744 τὸ
1727 2690 1932 2765 ταύτης

2032 2696 2176 2755 mala
2205 2693 2462 2766 cogitatio
2510 2689 2815 2760 corrumpit
2849 2689 3178 2759 quempiam,
3218 2690 3310 2745 sed
3340 2690 3457 2760 ejus
3481 2689 3609 2747 επε-

357 2767 707 2842 ἀποτέλεσμα
753 2772 787 2842 ἡ
833 2776 1021 2830 κακία.
1109 2778 1240 2832 Ἀπὸ
1287 2779 1577 2846 διαθέσεως
1633 2782 1931 2855 καρδιακῆς

2033 2797 2154 2845 ctus
2180 2786 2409 2842 malitia.
2463 2782 2600 2842 Cum
2640 2797 2708 2837 ex
2751 2781 2933 2837 cordis
2969 2781 3168 2836 allectu
3203 2781 3467 2837 dixissent
3498 2797 3608 2839 non

355 2860 599 2926 είπόντες
623 2862 697 2933 μὴ
722 2857 861 2919 εἶναι
892 2866 1026 2921 Θεὸν
1045 2909 1060 2935 ,
1098 2871 1404 2938 ἀκολούθως
1447 2874 1633 2930 λοιπὸν
1674 2876 1750 2940 ὡς
1781 2875 1929 2931 ἄθεοι

2031 2892 2151 2936 esse
2173 2879 2368 2942 Deum,
2398 2881 2793 2943 consequenter
2809 2872 3027 2927 utathei
3056 2872 3330 2938 vixerunt,
3354 2883 3410 2928 et
3438 2873 3604 2928 vitam

336 2943 607 3009 ·ὲ’ὅίωσαν,
635 2950 729 3001 καὶ
753 2950 844 3005 τὸν
872 2951 984 3022 βίον
1005 2952 1161 3026 ἔσχον
1185 2956 1578 3031 διεφθαρμένον
1612 2960 1707 3013 καὶ
1746 2960 1923 3035 πάσης

1910 2961 1994 3027 :C
2028 2981 2260 3043 egerunt
2285 2977 2597 3039 corruptam
2632 2976 2688 3022 et
2713 2966 2861 3022 omni
2889 2964 3233 3021 immunditia
3260 2964 3497 3036 plenam.

352 3036 690 3111 ἀκαθαρσίας
719 3042 1022 3098 ἀνάπλεων.

418 3130 650 3199 Πάντες
675 3132 995 3199 ἐξέκλιναν
1013 3176 1027 3201 ,
1063 3136 1184 3207 ἅμα
1208 3137 1624 3210 ἡχρειώθησαν
1641 3184 1657 3211 ,
1705 3162 1761 3199 κ.
1789 3163 1842 3201 τ.
1872 3146 1921 3201 ὲ.

2101 3151 2340 3208 Υιιιε.5.
2374 3149 2569 3206 Omnes
2608 3147 3021 3213 declinaverunt,
3061 3146 3220 3202 simul
3259 3148 3475 3203 inutiles
3521 3150 3627 3217 fa»

350 3220 412 3274 Oi
436 3220 683 3291 λέγοντες
710 3225 843 3296 (17)·
867 3245 885 3278 ι
910 3227 1094 3282 Δοῦλοι
1116 3230 1323 3302 ἀχρεῖοί
1347 3232 1533 3302 ἐσμεν,
1557 3253 1575 3285 ι
1596 3234 1818 3308 δυνάμει
1839 3238 1926 3292 λέο

2027 3245 2096 3297 cti
2117 3250 2264 3308 sunt,
2291 3249 2397 3297 etc.
2429 3239 2529 3307 Qui
2552 3237 2774 3292 dicunt:
2803 3255 2821 3288 ι
2848 3234 3000 3291 Servi
3029 3235 3247 3294 inutiles
3273 3253 3464 3294 sumus
3484 3238 3553 3306 ³⁸,
3578 3259 3602 3293 ι

350 3328 557 3381 γουσιν,
601 3315 901 3390 Ἦχρειὼθη
911 3337 1029 3389 μεν.

2025 3335 2224 3390 virtute
2249 3333 2458 3399 dicunt,
2490 3330 2714 3386 Inutiles
2736 3329 2867 3386 facti
2893 3345 3101 3386 sumus.

426 3405 521 3471 Τίς
555 3404 734 3460 δώσει
763 3408 831 3461 ἐκ
862 3410 1016 3463 Σιὼν
1054 3412 1120 3465 τὸ
1166 3413 1464 3484 σωτήριον
1492 3418 1598 3473 τοῦ
1650 3420 1923 3490 Ἰσραήλ;

2099 3426 2263 3481 Vitas.
2298 3426 2349 3480 7.
2376 3424 2507 3489 Quis
2534 3424 2680 3477 dabit
2704 3439 2772 3477 ex
2808 3422 2941 3477 Sion
2984 3422 3222 3478 salutare
3249 3422 3423 3481 Israel
3442 3425 3470 3479 3
3494 3433 3600 3481 etc.

350 3514 406 3551 κ.
437 3515 487 3551 τ.
526 3499 573 3551 ἑ.
634 3517 652 3549 ι
677 3499 832 3565 Ἥξει
861 3504 925 3555 ὲκ
954 3501 1092 3556 Σιὼν
1122 3505 1231 3577 (I8)
1254 3509 1282 3560 ὁ
1305 3508 1600 3580 ῥυόμενος,
1655 3513 1751 3566 καὶ
1784 3515 1923 3567 ἀπο-

2030 3538 2048 3569 ¢
2082 3516 2270 3571 Veniet
2295 3531 2360 3570 ex
2399 3515 2528 3571 Sion
2580 3515 2673 3585 qui
2716 3515 2934 3581 liberat,
2968 3523 3020 3568 et
3051 3523 3261 3570 avertet
3294 3515 3602 3585 impietates

352 3588 576 3659 στρέψει
609 3590 865 3656 ἀσεϐείας
894 3593 1000 3646 ἀπὺ
1040 3594 1252 3652 Ἰακώϐ.
1286 3618 1304 3651 ι
1359 3600 1423 3653 Et
1459 3601 1516 3653 δὲ
1557 3604 1623 3656 ὲκ
1656 3603 1793 3657 Σιὼν
1828 3605 1921 3677 ἕρ-

2024 3623 2054 3662 a
2086 3607 2253 3663 Jacob
2283 3607 2351 3665 ³⁷.
2389 3626 2407 3659 ι
2442 3607 2498 3661 Si
2544 3621 2611 3662 ex
2663 3606 2792 3663 Sion
2830 3606 2979 3663 venit
3010 3606 3284 3671 Salvator,
3318 3607 3437 3677 ipse
3475 3623 3602 3664 vero

347 3695 504 3749 χεται
537 3682 565 3733 ό
590 3682 811 3754 Σωτὴρ,
861 3685 1023 3748 αὐτὸς
1046 3686 1104 3740 δὲ
1136 3689 1200 3742 ἐκ
1241 3689 1334 3743 τοῦ
1368 3693 1580 3764 Πατρὺς
1610 3694 1798 3768 ἐξῆλθε
1827 3700 1922 3752 καὶ¹

2039 3716 2092 3755 2x
2113 3699 2274 3758 Patre
2291 3699 2428 3755 exiit
2456 3707 2511 3754 et
2539 3699 2707 3765 venit,
2740 3697 2869 3753 Sion
2901 3698 3001 3754 hoc
3027 3699 3081 3752 in
3109 3699 3228 3754 loco
3251 3697 3430 3756 Patris
3455 3700 3626 3773 εγω-⁷

344 3762 517 3843 ¹ἧκεν,
552 3774 586 3844 ἡ
630 3773 769 3829 Σιὼν
819 3776 912 3831 νῦν
950 3778 1215 3851 σύμϐολόν
1252 3784 1367 3837 ἐστι
1405 3762 1499 3838 τού
1546 3762 1782 3860 Πατρός.
1846 3792 1920 3844 Οὐ

2022 3792 2204 3847 bolum
2230 3801 2334 3848 est.
2358 3791 2660 3845 Annuntiat
2689 3799 2870 3846 autem
2914 3789 3140 3845 salutem
3179 3805 3288 3846 non
3330 3791 3400 3847 iis
3425 3793 3599 3848 solum

346 3863 449 3934 τὴν
500 3866 797 3938 γενομένην
855 3872 1127 3944 σωτηρίαν
1174 3877 1289 3939 τοῖς
1334 3878 1427 3932 ἐπὶ
1477 3877 1718 3951 Ἐζεχίου
1763 3882 1922 3953 μόνον

2024 3884 2117 3954 qui
2148 3892 2392 3952 tempore
2409 3882 2654 3938 Ezechias
2682 3891 2862 3948 erant,
2890 3882 2986 3938 sed
3013 3892 3069 3938 et
3103 3890 3223 3953 post
3254 3883 3421 3939 multa
3457 3892 3600 3941 tem,

347 3958 776 4029 προσαγορεύει,
828 3961 964 4016 ἀλλὰ
992 3966 1086 4018 καὶ
1129 3965 1228 4037 τὴν
1275 3968 1490 4033 πολλοῖς
1533 3969 1759 4044 ὕστερον
1797 3975 1924 4046 χρό-

2025 3989 2152 4043 pora
2198 3972 2325 4030 inde
2354 3974 2595 4030 futurum
2623 3975 2807 4031 multis
2838 3973 3129 4030 saiutarem
3159 3973 3458 4032 Salvatoris
3499 3992 3600 4033 no-

347 4065 462 4113 νοις
491 4053 788 4125 γενομένην
820 4055 1026 4110 ἐκεῖθεν
1057 4057 1151 4111 τοῦ
1183 4060 1433 4132 Σωτῆρος
1459 4063 1617 4134 ἡμῶν
1650 4067 1918 4138 σωτήριον

2024 4067 2120 4121 stri
2152 4067 2462 4121 adventum.
2499 4063 2634 4120 Nam
2674 4080 2799 4122 cum
2837 4080 3028 4123 omnes
3073 4065 3459 4133 declinassent,
3499 4084 3600 4125 ne-

347 4142 684 4210 ἐπιφάνειαν.
748 4146 973 4201 Πάντων
1010 4149 1120 4220 γάρ
1171 4151 1568 4219 ἐκκλινάντων,
1607 4158 1920 4227 ἀναγκαίως

2023 4172 2176 4215 cesse
2200 4168 2319 4215 erat
2350 4168 2409 4214 ut
2434 4161 2651 4216 adesset
2688 4160 2777 4229 qui
2799 4169 3025 4229 peccata
3051 4159 3357 4217 dimitteret
3383 4170 3440 4216 et
3462 4160 3604 4218 libe-

346 4231 452 4286 ἔδει
485 4232 666 4288 λοιπὸν
716 4241 971 4310 παρεῖναι
1013 4241 1102 4293 τὸν
1142 4241 1440 4314 δυνάμενον
1485 4247 1702 4316 ἀφεῖναι
1735 4249 1917 4324 ἁμαρ-

2024 4261 2192 4307 raret.
2239 4252 2445 4308 Dicitur
2473 4260 2677 4319 autem,
2719 4270 2739 4304 ι
2775 4267 2843 4308 ex
2885 4252 3040 4320 Sion,
3082 4273 3103 4307 ι
3137 4253 3265 4325 quia
3293 4269 3359 4310 ex
3385 4255 3598 4311 semine

310 4338 313 4345 '
343 4324 465 4389 τίας
497 4327 591 4379 καὶ
622 4303 812 4383 σῶσαι.
873 4348 892 4381 ι
917 4331 1011 4384 Ἐκ
1050 4330 1188 4384 Σιὼν
1218 4352 1236 4385 ι
1270 4303 1348 4398 δὲ,
1394 4335 1476 4389 ὅτι
1514 4303 1579 4391 ex
1606 4303 1897 4411 arrepti:an

2240 4303 2434 4308 _--_-__
2475 4303 2677 4319 πηω,
2728 4303 2737 4304 κ
2781 4303 2842 4308 ν-
2886 4303 3040 4320 φη,
3082 4303 3096 4307 -
3142 4303 3265 4325 γ--
3298 4303 3596 4311 "mm---

2026 4344 2215 4411 Israel,
2242 4354 2296 4398 et
2334 4345 2459 4413 quia
2491 4360 2558 4400 ex
2597 4343 2729 4400 Sion
2766 4347 2946 4401 veniet
2977 4345 3067 4416 qni
3098 4357 3359 4404 venturus
3386 4359 3490 4413 est,
3536 4358 3600 4404 ut

356 4414 604 4487 Ἰσραὴλ,
648 4419 743 4471 καὶ
777 4419 859 4472 ὅτι
897 4421 963 4473 ὲκ
997 4420 1132 4477 Σιὼν
1154 4422 1335 4494 ἦξειοό
1372 4426 1685 4498 ἐρχόμενος,
1717 4430 1794 4494 ὡς
1822 4432 1917 4500 γέ-

2020 4436 2285 4506 scriptum
2304 4444 2407 4492 est.
2440 4455 2459 4489 ι
2490 4434 2628 4492 Cum
2659 4438 2919 4493 averterit
2943 4414 3202 4496 Dominus
3222 4440 3592 4510 captivitatem

341 4520 604 4578 γραπται.
646 4528 665 4560 ι
703 4510 788 4565 Ἐν
819 4511 897 4582 τῷ
926 4514 1249 4586 ἐπιστρέψαι
1276 4516 1479 4589 Κύριον
1511 4520 1607 4592 τὴν
1640 4522 1917 4594 αἰχμαλω-

2041 4526 2192 4583 ilebis
2221 4543 2352 4584 suae.
2385 4547 2408 4581 r
2429 4526 2726 4598 Captivitas
2751 4540 2836 4585 εει
2866 4529 3198 4587 voluntarius
3223 4546 3252 4586 a
3283 4532 3512 4588 scientia
3540 4543 3596 4590 et
3620 4576 3628 4584 ε

346 4594 467 4649 σίαν
510 4596 603 4650 τοῦ
650 4598 779 4653 λαοῦ
821 4601 1006 4657 αὐτοῦ.
1034 4623 1053 4656 s
1103 4606 1464 4677 Αἰχμαλωσία
1510 4610 1656 4663 ἐστὶν
1714 4612 1747 4684 ἡ
1807 4616 1916 4670 ἀπὸ

2021 4594 2221 4691 virtute
2249 4619 2314 4675 ad
2339 4594 2700 4688 ignorantiam
2724 4630 2777 4676 et
2812 4622 3072 4679 malitiam
3102 4625 3384 4681 transitus.
3418 4644 3439 4678 ι
3482 4624 3594 4681 Ex-

343 4684 595 4753 γνώσεως
620 4689 711 4740 καὶ
734 4690 934 4763 ἀρετῆς
957 4694 1049 4747 ἐπὶ
1077 4696 1350 4763 ἀγνωσίαν
1393 4700 1486 4753 καὶ
1523 4700 1718 4756 κακίαν
1755 4704 1917 4758 ἀκού-

2043 4684 2445 4778 ultabitJacob,
2476 4721 2531 4767 et
2563 4713 2834 4769 laetabitur
2865 4713 3053 4771 Israel.
3092 4736 3112 4770 ι
3153 4717 3459 4774 Exsultabit
3499 4719 3591 4789 qui
3624 4762 3630 4767 .

344 4793 457 4841 σιος
500 4780 820 4849 μετάϐασις.
876 4803 896 4836 ι
950 4787 1360 4855 Ἀγαλλιάσεται
1411 4791 1640 4859 Ἰακὼϐ,
1692 4796 1786 4850 καὶ
1824 4798 1915 4851 εύ-

2053 4801 2277 4857 ctricem
2319 4803 2668 4860 aﬂ‘ectionum
2717 4808 3017 4863 carentiam
3071 4811 3329 4879 possidet,
3375 4810 3593 4867 laetatur
3636 4839 3640 4845 ε

342 4869 711 4942 φρανθήσεται
759 4875 994 4948 Ἰσραήλ.
1022 4896 1041 4929 ι
1094 4880 1504 4949 Ἀγαλλιάσεται
1536 4885 1635 4956 μὲν
1678 4888 1706 4940 ὁ
1736 4904 1913 4960 πρατ-

2017 4901 2199 4948 autem
2239 4894 2329 4965 qui
2358 4896 2426 4951 ad
2449 4897 2811 4969 cognitionem
2835 4908 2890 4954 et
2918 4869 3433 4972 contemplationem
3467 4918 3591 4974 per-

338 4962 494 5035 τικὴν
525 4965 792 5021 ἀπάθειαν
817 4970 1156 5040 κτησάμενος
1175 4990 1189 5003 °
1237 4974 1585 5046 εὐφραίνεται
1612 4978 1675 5032 δὲ
1708 4981 1735 5032 ό
1767 4996 1911 5049 γνω-
2013 4986 2183 5041 venit.

341 5055 530 5125 στικῆς
558 5054 789 5129 θεωρίας
814 5059 1189 5126 καταξιωθείς.

416 5148 525 5202 Τοῦ
560 5151 767 5204 αὐτοῦ.
804 5153 1032 5225 Μυρίων
1055 5156 1148 5209 ἐπὶ
1196 5157 1294 5230 τὴς
1327 5159 1652 5234 οἰκουμένης
1673 5163 1782 5237 (19)
1825 5181 1915 5218 κυ-

2092 5163 2365 5234 Ejusdem.
2410 5165 2645 5225 lnﬁnitis
2668 5175 2782 5225 toto
2806 5168 2940 5225 orbe
2980 5169 3382 5227 dominantibus
3406 5172 3588 5245 malis,

409 5239 456 5274 “
494 5243 597 5299 Isa.
626 5261 779 5310 LVIII,
802 5246 856 5303 9.
932 5249 976 5282 ³⁸
997 5249 1189 5308 Iacob.
1216 5269 1268 5319 ν,
1298 5255 1386 5310 15.
1463 5257 1508 5288 ³⁸
1536 5257 1666 5313 an.
1687 5275 1820 5328 xvn,
1844 5260 1932 5316 I0.

932 5249 976 5282 ³⁸
997 5249 1189 5308 Jacob.
1216 5269 1268 5319 ν,
1298 5255 1386 5310 15.
1463 5257 1508 5288 ³⁸
1536 5257 1666 5313 an.
1687 5275 1820 5328 xvn,
1844 5260 1932 5316 I0.
2007 5260 2052 5293 ³⁷
2083 5261 2192 5317 Isa.
2217 5279 2330 5330 uir,
2358 5262 2450 5319 20.

340 5334 548 5462 εἴρῃ.
587 5338 830 5396 Ἐκεῖνοι
881 5341 999 5413 μὲν
1046 5344 1480 5417 ἐπιχαίροντες,
1526 5362 1634 5405 etc.
1688 5352 1914 5409 Scliedie

2017 5425 2053 5480 ᾗ
2091 5355 2204 5425 (l8)
2259 5355 2419 5421 Ἥξει
2449 5357 2520 5411 ἐκ
2549 5355 2722 5424 Σιών,
2756 5367 2868 5415 etc.
2915 5358 3140 5415 Schedie
3196 5358 3406 5428 Grabii,
3441 5360 3600 5418 Bar-L

2058 5441 2203 5479 ariis.

409 5475 523 5570 ςεξι
550 5478 613 5570 ἰ.ίῖ
636 5482 1189 5570 ξὺερῖετῑπθείςιθεο·
1223 5486 1446 5544 Schema
1466 5489 1673 5570 Erabii-
1707 5562 1739 5570 _
1812 5564 1824 5570 _
1851 5566 1881 5570 __

2017 5475 2201 5570 "insi
2247 5499 2487 5570 Μυρίων
2511 5499 2610 5570 ἐπὶ
2653 5497 2765 5566 τῆς
2808 5499 3183 5570 οεκουμένηςέ
3213 5509 3317 5557 ⁸⁸⁸·
3367 5502 3590 5562 Em”

411 5548 522 5643 (l
539 5548 838 5643 ἐξισοῖς
860 5548 1437 5643 ἐπιτήδεύέιαισι,ιειςε
1462 5559 1685 5643 sciretis:
1700 5562 1904 5643 Qrabii.

2015 5548 2226 5622 scl‘ied’a:
2495 5548 2755 5643 AIIilariu's,
2771 5584 2897 5643 vero
2927 5548 3244 5643 ιτῖξειαίῖίίιι
3269 5576 3414 5628 hunc
3435 5577 3585 5643 psal-

476 5616 522 5691 7)
560 5624 622 5678 Οἱ
650 5616 953 5693 λέτοκτες,
988 5616 1096 5686 εἰς.
1135 5616 1368 5687 Scbeda:
1393 5616 1681 5702 Grabii,et
1710 5616 1908 5692 ιιόήιὲξ

2014 5616 2367 5711 inanimis.“
2376 5616 2445 5702 '5',
2464 5616 2759 5711 ἒῑέξὲἑίίῖᾞ
2776 5616 2919 5711 ιῙίῖε
2943 5616 3193 5710 {gilii-Tia
3212 5616 3583 5711 grassandi.

343 5686 512 5745 ι’ἱιιε.⁷
729 5686 740 5693 ’
1272 5686 1307 5687 δέ
1532 5775 1538 5783 _
1587 5686 1601 5702 ’
1633 5686 1679 5689 Π
1719 5686 1883 5692 “HW
2012 5686 3040 5782 iiiii‘é,’éi"ibi3'o¥i}e'Hénii'na'ﬁiibiié;
3056 5686 3603 5784 coiisc'Iu-suSpi'ri-tn;
