4020 6152
276 253 415 310 1209

1293 258 1606 317 SELECTA
1642 259 1710 315 ΙΝ
1743 260 2083 320 PSALMOS.
2117 291 2189 304 --
2225 261 2428 318 PSAL.
2467 260 2586 317 XV.

3395 264 3530 323 ιειο

350 376 461 431 Τοῦ
491 372 699 430 αὑτοῦ.
751 374 811 429 Ὁ
837 375 979 431 κατὰ
1014 376 1107 432 τὸν
1142 376 1252 451 (24)
1286 381 1437 446 ἐντὸς
1455 421 1475 447 ,
1516 383 1681 454 φησὶν
1700 425 1714 450 ,
1758 385 1831 439 ἄν·

2026 383 2299 456 Ejusdem.
2346 382 2474 452 Qui,
2522 382 2718 453 inquit,
2763 391 2819 439 et
2862 385 3159 441 secundum
3213 388 3527 444 interiorem

274 468 490 542 θρωπον
527 468 622 521 καὶ
669 467 810 521 κατὰ
846 466 938 520 τὸν
985 468 1139 532 ἐκτὸς
1192 471 1611 544 ἀπηλλαγμένος
1666 476 1847 548 πάσης

273 559 471 624 κακίας
503 560 595 613 καὶ
627 557 817 631 μώμου
841 568 1068 624 παντὸς,
1096 561 1277 617 πᾶσαν
1309 563 1366 617 δὲ
1398 566 1599 639 ἀρετὴν
1623 565 1842 638 μετιών.

349 825 456 890 Ὃς
503 825 615 879 οὐκ
647 823 952 881 ἐδόλωσεν
995 827 1065 880 ἐν
1125 825 1378 898 γλώσσῃ
1431 830 1650 896 αὐτοῦ,
1706 830 1850 888 οὐδὲ

269 916 522 983 ἐποίησε
552 916 633 982 τῷ
672 918 942 985 πλησίον
972 917 1160 973 αὐτοῦ
1185 918 1406 987 κακὸν,
1458 940 1513 977 κ.
1544 940 1595 977 τ.
1632 925 1679 978 ὲ.
1761 927 1850 990 Ὠς

268 1010 365 1064 καὶ
388 1012 437 1063 οἱ
464 1009 700 1064 διάκονοι
735 1011 845 1083 (25)
878 1010 972 1066 τοῦ
1004 1014 1247 1083 Σατανᾶ,
1297 1018 1391 1071 ὅτε
1437 1019 1849 1090 μετασχηματί-

270 1100 454 1165 ζονται
494 1102 569 1164 ὼς
615 1101 851 1155 διάκονοι
893 1103 1261 1178 δικαιοσύνης.
1309 1126 1329 1161 ι
1354 1109 1466 1161 Καὶ
1496 1109 1596 1162 οὐκ
1624 1110 1846 1182 ἐποίησε

266 1190 348 1263 τῷ
380 1191 606 1264 πλησίον
633 1193 796 1247 αὐτοῦ
831 1195 1021 1250 κακόν.
1056 1216 1075 1249 ι
1147 1197 1274 1252 Ἐὰν
1305 1199 1380 1272 μὴ
1406 1200 1607 1265 πάντες
1638 1200 1847 1273 ἄνθρω-

268 1303 363 1341 ποι
385 1281 488 1341 ὦσι
518 1287 761 1359 πλησίον,
794 1289 892 1342 οὐκ
924 1289 1259 1362 ἀπαγορεύει
1285 1294 1319 1363 ἡ
1349 1291 1495 1359 λέξις
1534 1295 1706 1346 ποιεῖν
1732 1297 1845 1358 τοῖς

274 1380 349 1451 μὴ
380 1378 605 1452 πλησίον
643 1380 829 1435 κακόν.
893 1381 967 1435 Τὸ
991 1382 1038 1435 δ’
1083 1382 1266 1454 ὅμοιον
1300 1384 1392 1436 καὶ
1423 1383 1516 1437 ἐπὶ
1547 1383 1641 1438 τοῦ
1660 1425 1675 1451 ,
1736 1405 1753 1437 ι
1787 1387 1846 1439 '0

267 1470 486 1543 ὀμνύων
532 1471 611 1543 τῷ
665 1472 888 1544 πλησίον
933 1473 1121 1542 αὐτοῦ,
1155 1476 1251 1529 καὶ
1301 1477 1401 1530 οὐκ
1443 1477 1670 1532 ἀθετῶν.
1733 1479 1846 1532 Καὶ

264 1562 568 1633 ὀνειδισμὸν
595 1563 694 1618 οὐκ
724 1563 912 1619 ἔλαϐεν
944 1566 1036 1619 ἐπὶ
1065 1567 1191 1630 τοὺς
1218 1565 1446 1637 ἔγγιστα
1472 1568 1663 1622 αὑτοῦ.
1691 1588 1710 1621 ι
1786 1569 1844 1624 Ὁ

264 1656 648 1727 ἀνεπιλήπτως
710 1656 859 1728 βιοὺς
908 1657 1244 1731 ὀνειδισμοὺς
1304 1661 1364 1714 ού
1422 1661 1688 1732 λαμϐάνει
1750 1663 1843 1716 ἐπὶ

1952 476 2225 530 hominem
2252 488 2307 528 et
2328 474 2623 530 secundum
2655 477 3006 543 exteriorem,
3038 477 3105 531 ab
3137 479 3284 532 omni
3320 480 3527 533 malitia

1950 576 2004 621 et
2029 566 2147 619 labe
2176 565 2388 619 alienus
2417 577 2597 631 est,et
2620 582 2837 622 omnem
2864 568 3117 621 virtutem
3151 580 3450 633 assecutus,
3482 570 3528 624 is

1950 668 2035 711 est
2066 655 2156 726 qui
2207 657 2511 727 ingreditur
2547 658 2667 712 sine
2716 658 2930 714 macula
2972 668 3029 714 et
3064 668 3325 730 operatur
3372 660 3529 729 justi—

1952 749 2105 803 tiam.

2024 836 2188 890 Vens.
2221 834 2276 889 5.
2309 835 2414 900 Qui
2438 852 2540 889 non
2589 837 2693 906 egit
2721 836 2902 890 dolum
2933 838 2989 892 in
3040 838 3221 908 lingua
3269 855 3390 901 sua,
3434 855 3526 893 nec

1951 926 2074 996 [erit
2097 928 2337 996 proximo
2360 943 2455 981 suo
2482 926 2699 993 malum,
2732 939 2837 983 etc.
2870 928 3027 984 Sicut
3050 931 3257 985 iaciunt
3289 931 3522 986 ministri

1952 1018 2187 1080 Satanae,
2224 1019 2439 1084 quando
2470 1018 2929 1072 transformamur
2963 1021 3017 1074 in
3060 1023 3338 1078 ministros
3362 1023 3525 1091 justi-

1951 1111 2057 1164 tize.
2095 1126 2114 1161 ι
2146 1107 2254 1164 Nec
2287 1109 2415 1163 fecit
2448 1110 2698 1178 proximo
2735 1125 2834 1165 suo
2864 1111 3086 1168 malum.
3129 1130 3148 1163 ι
3185 1113 3298 1167 Nisi
3333 1131 3524 1170 omnes

1948 1201 2196 1257 homines
2245 1201 2353 1256 sint
2395 1201 2653 1270 proximi,
2701 1216 2807 1255 non
2847 1213 2993 1256 vetat
3028 1204 3127 1257 hoc
3168 1204 3288 1259 loco
3319 1207 3521 1262 malum

1949 1293 2017 1349 iis
2039 1293 2152 1347 tieri
2182 1293 2274 1361 qui
2308 1307 2412 1345 non
2436 1300 2562 1346 sunt
2593 1292 2845 1361 proximi.
2881 1293 3025 1347 Idem
3058 1295 3343 1348 dicendum
3373 1306 3427 1351 et
3456 1299 3522 1352 de

1949 1387 2032 1441 bis
2071 1402 2084 1439 :
2121 1403 2140 1435 ι
2173 1383 2273 1450 Qui
2301 1381 2451 1451 jnrat
2498 1384 2747 1454 proximo
2786 1400 2905 1452 suo,
2953 1393 3007 1439 et
3040 1401 3145 1439 non
3180 1388 3401 1456 decipit.
3455 1389 3521 1445 Et

1946 1476 2297 1547 opprobrium
2334 1491 2438 1529 non
2470 1476 2679 1545 accepit
2702 1477 2964 1532 adversus
2997 1479 3274 1547 proximos
3304 1495 3449 1535 suos.
3494 1501 3514 1535 ι

1946 1570 2107 1642 597
2139 1569 2239 1637 QUi
2274 1568 2544 1637 illﬂtlpate
2573 1568 2725 1630 vivit,
2749 1572 3038 1638 opprobria
3073 1568 3404 1640 non'accipit
3427 1573 3521 1628 ad.

1944 1677 2133 1718 versus
2192 1662 2470 1730 proximos
2524 1675 2672 1716 suos.
2704 1659 2804 1727 Qui
2838 1660 2890 1714 in
2941 1662 3173 1731 proximi
3210 1661 3520 1719 calamitate

262 1748 391 1811 τοὺς
441 1746 668 1817 ἔγγιστα
718 1747 882 1802 αὐτοῦ
906 1764 920 1780 ο
974 1750 1003 1802 ὁ
1054 1752 1113 1804 ὲν
1167 1750 1423 1824 συμφορᾷ
1467 1752 1561 1806 τοῦ
1612 1753 1831 1826 πλησίον

1940 1769 2047 1809 non
2071 1763 2379 1822 exasperat,
2408 1765 2507 1806 nec
2536 1750 2751 1805 laetatur
2774 1753 2840 1806 de
2868 1751 3046 1807 alieno
3065 1752 3238 1822 lapsu,
3268 1753 3363 1807 sed
3386 1769 3521 1808 c0n-

268 1838 345 1910 μὴ
375 1841 842 1912 ἐπικερτομήσας,
903 1841 1038 1913 μηδὲ
1086 1843 1371 1915 ὲπιχαρεὶς
1404 1843 1655 1917 πτώματι
1689 1846 1844 1900 ἀλλο-

261 1929 417 2002 τρίῳ,
449 1932 586 1985 ἀλλὰ
617 1933 927 2004 συναλγῶν
960 1936 996 2006 ἦ
1020 1936 1050 1988 ὁ
1081 1933 1155 2007 μὴ
1179 1935 1445 2001 ὀνειδίσας
1471 1938 1564 1991 τὸν
1592 1937 1837 2008 ἔγγιστα,

260 2021 338 2086 ὡς
375 2025 404 2077 ὁ
434 2025 724 2097 Φαρισαῖος
767 2026 858 2081 τὸν
886 2025 1145 2098 τελώνην,
1174 2026 1207 2098 ἢ
1242 2030 1270 2081 ὁ
1297 2027 1371 2100 μὴ
1397 2029 1710 2094 ὀνειδισθεὶς
1747 2030 1841 2083 ἐπὶ

258 2116 374 2178 τοῖς
419 2112 643 2183 ἔγγιστα
662 2156 676 2180 ,
722 2116 797 2180 ὡς
838 2117 868 2170 ὁ
910 2118 1060 2173 Ἠλεὶ
1109 2120 1203 2174 ἐπὶ
1242 2122 1353 2183 τοῖς
1400 2119 1641 2187 τέκνοις,
1686 2118 1838 2193 ἢκαὶ

259 2205 449 2271 ἁπλῶς
481 2211 509 2261 ὁ
543 2209 922 2281 ἀνεπιλήπτως
954 2210 1121 2283 βιούς.

810 2372 1103 2445 armato:
1144 2390 1249 2446 ιε’.

331 2482 611 2547 Φύλαξόν
631 2501 728 2552 με,
769 2484 965 2552 Κύριε,
1003 2483 1092 2536 ὅτι
1125 2483 1224 2537 ἐπὶ
1254 2483 1352 2538 σοὶ
1397 2482 1654 2552 ἤλπισα.
1687 2479 1843 2537 Εἷπα

260 2574 343 2641 τῷ
358 2575 571 2642 Κυρίῳ·
589 2577 802 2644 Κύριός
812 2595 932 2647 μου
952 2575 1011 2632 εἴ
1026 2577 1128 2641 σὺ,
1153 2576 1242 2630 ὅτι
1256 2577 1374 2631 τῶν
1388 2576 1625 2647 ἀγαθῶν
1633 2593 1752 2646 μου
1768 2577 1841 2630 οὐ

258 2669 468 2738 χρείαν
491 2668 672 2737 ἔχεις,
698 2686 752 2723 κ.
786 2685 837 2722 τ.
877 2671 923 2723 ἑ.
973 2670 1061 2734 Ὦς
1102 2667 1377 2740 πολεμίων
1413 2667 1526 2740 (26)
1556 2667 1840 2738 ἐπικειμέ-

1940 1846 2103 1901 dolet.
2139 1844 2259 1910 Vel,
2295 1844 2386 1912 qui
2420 1859 2526 1898 non
2562 1843 2853 1911 exprobrat
2890 1844 3138 1913 proximo
3165 1845 3522 1914 quemadmo-

1939 1936 2065 1992 dum
2102 1937 2449 2006 exprobravit
2488 1936 2794 1991 Pharisaens
2833 1935 3141 2003 publicano,
3182 1935 3265 1989 vel
3304 1936 3396 2006 qui
3444 1937 3518 1991 ob

1934 2029 2242 2100 proximum
2273 2043 2378 2084 non
2416 2029 2630 2098 accepit
2655 2027 3029 2098 opprobrium,
3057 2028 3509 2097 quemadmodum

1936 2117 2054 2174 lleli
2093 2119 2163 2173 ob
2190 2118 2329 2174 ﬁlios
2358 2133 2509 2185 suos,
2556 2117 2640 2173 vel
2665 2119 2827 2174 etiam
2852 2117 3199 2188 simpliciter,
3223 2117 3316 2189 qui
3343 2118 3528 2191 incul-l

1936 2220 2060 2282 pate
2093 2211 2251 2266 vixit.

2485 2386 2806 2447 PSALMUS
2846 2388 2965 2445 XV.

1998 2481 2166 2539 Vens.
2185 2483 2232 2545 I,
2246 2481 2303 2536 2.
2319 2480 2579 2537 Conserva
2597 2497 2697 2546 me,
2722 2480 2957 2544 Domine,
2976 2479 3223 2548 quoniam
3237 2483 3442 2548 speravi
3457 2484 3511 2539 in

1938 2586 2007 2630 te.
2031 2575 2390 2631 DixiDomino
2412 2593 2433 2630 :
2459 2575 2600 2630 Deus
2629 2590 2772 2628 meus
2796 2590 2850 2628 es
2883 2588 2962 2640 tu,
2980 2575 3228 2644 quoniam
3254 2575 3512 2632 bonorum

1934 2685 2167 2724 meorum
2195 2686 2298 2724 non
2315 2687 2454 2741 eges,
2478 2679 2584 2726 etc.
2610 2669 2890 2738 Tanquam
2920 2668 3154 2723 inimicis
3183 2668 3513 2724 instantibus

257 2776 365 2813 νων
392 2760 537 2829 λέγει
556 2776 569 2790 ·
602 2780 620 2811 ι
647 2760 883 2827 Φύλαξόν
915 2780 1002 2833 με.
1030 2781 1050 2814 ι
1090 2761 1369 2833 Ἰησοῦςδὲ
1393 2762 1451 2813 ὲν
1475 2760 1555 2832 τῷ
1580 2760 1831 2833 προφήτῃ

1940 2762 2014 2816 ait
2052 2783 2066 2818 :
2107 2780 2127 2813 ι
2162 2761 2437 2817 Conserva
2473 2777 2578 2816 me.
2615 2779 2637 2814 ο
2673 2758 2833 2816 Jesus
2872 2770 3050 2814 autem
3095 2762 3234 2829 apud
3277 2763 3512 2831 prophe-

255 2852 424 2921 λέγει’
443 2853 500 2907 '0
530 2854 621 2906 ἐπὶ
641 2853 717 2924 τῷ
743 2855 932 2927 Κυρίῳ
956 2855 1188 2921 ἐλπίζων
1212 2855 1307 2910 καὶ
1328 2854 1420 2906 ἐπὶ
1449 2852 1637 2925 μηδενὶ
1663 2851 1830 2923 ἄλλῳ,

261 2946 593 3017 φυλάσσεται
621 2948 712 3001 ὑπ’
743 2948 928 3002 αὑτοῦ.
962 2949 1152 3013 Οὐδεὶς
1172 2949 1229 3003 δὲ
1260 2946 1589 3020 ἁμαρτάνων
1612 2945 1831 2999 δύναται

256 3038 623 3111 ἐπαληθεῦσαι
643 3041 709 3113 τῇ
741 3042 914 3111 φωνῇ.
940 3039 1135 3102 Δοῦλος
1154 3037 1265 3111 γὰρ
1287 3038 1362 3091 ὢν
1386 3033 1454 3110 ἦς
1481 3039 1626 3090 ποιεῖ
1655 3037 1833 3108 ἀμαρ-

251 3133 395 3196 τίας,
431 3133 490 3186 ού
528 3132 746 3186 δύναται
778 3131 1048 3186 δουλεύειν
1077 3130 1216 3202 Θεῷ.
1255 3132 1313 3185 '0
1343 3131 1399 3184 δὲ
1431 3129 1510 3201 τῷ
1546 3126 1831 3200 πραττικῷ

254 3226 351 3278 καὶ
380 3224 638 3298 θεωρητῷ
687 3225 786 3296 βίῳ
829 3226 1036 3297 στήσας
1073 3223 1275 3296 στήλην
1329 3224 1453 3296 βοᾷ·
1516 3241 1534 3275 ι
1569 3219 1716 3278 Εἷπα
1752 3221 1830 3295 τῷ

251 3317 467 3390 Κυρίῳν
489 3318 693 3390 Κύριός
722 3336 823 3389 μου
851 3315 902 3371 εἷ
934 3317 1020 3371 σύ·
1052 3337 1071 3369 ι
1098 3319 1192 3372 καὶ
1219 3320 1283 3371 ὲκ
1310 3317 1418 3371 τῶν
1448 3316 1555 3370 σῶν
1584 3316 1829 3388 δομάτων

256 3412 518 3482 προσάγω
552 3428 633 3464 σοι
678 3411 849 3482 δῶρα,
885 3412 983 3481 οὐχ
1013 3411 1088 3474 ὼς
1126 3408 1312 3463 ἐνδεεῖ.
1361 3407 1550 3472 Οὐδεὶς
1579 3407 1688 3478 γὰρ
1718 3406 1830 3460 τῶν

256 3502 551 3574 αίρετικῶν
579 3504 738 3557 τοῦτο
776 3503 950 3572 λέγων
979 3501 1288 3574 ἀληθεύσει.
1322 3502 1396 3555 Οὐ
1441 3501 1599 3572 μόνον
1637 3501 1694 3554 δὲ
1734 3500 1829 3553 ἐπὶ

249 3592 359 3646 τῶν
384 3593 656 3665 αἰσθητῶς
681 3593 1124 3668 προσαγομένων,
1150 3591 1285 3644 ἀλλὰ
1304 3591 1400 3645 καλ¹
1420 3590 1826 3663 πνευματικῶς,

251 3686 618 3757 προσενεκτέα
651 3688 682 3755 ἡ
727 3686 899 3756 φωνή.
925 3682 1057 3749 Κᾶν]
1079 3682 1186 3755 γὰρ
1210 3683 1410 3755 ἀρετὰς
1432 3682 1822 3754 ίερουργῶμεψ

250 3780 353 3833 κᾶν
378 3780 446 3833 τὰ
486 3778 690 3833 ἑαυτῶν
734 3778 961 3850 σώματα
997 3776 1085 3831 διὰ
1118 3776 1415 3841 παντελοῦς
1447 3776 1823 3848 σωφροσύνης,

250 3870 432 3940 τσμεν,
469 3870 551 3923 ὃτι
583 3868 796 3940 δέχεται
830 3869 987 3924 τοῦτο
1018 3871 1047 3924 ὁ
1086 3868 1220 3932 Θεὸς
1253 3870 1354 3922 οὐκ
1388 3870 1467 3933 εἰς
1503 3869 1637 3923 ἰδίαν
1678 3869 1825 3938 ὼφέ-

247 3960 418 4026 λειαν,
449 3961 561 4015 ἀλλ’
594 3963 743 4026 ὅπως
784 3964 911 4035 ἡμῖν
939 3960 1016 4032 δῷ
1046 3960 1117 4015 τὰ
1162 3959 1222 4029 ἐξ
1258 3959 1489 4033 οὐρανοῦ
1521 3959 1702 4030 ἀγαθὰ
1741 3962 1826 4014 αί-

246 4050 434 4108 τοῦσῗν
458 4054 616 4110 αὐτά.

324 4231 434 4287 Τοῦ
465 4232 674 4288 αὐτοῦ.
708 4234 771 4287 El
800 4231 981 4302 ἀγαθὰ
1024 4234 1196 4287 πᾶσαι
1230 4232 1421 4303 ἀρεταὶ
1452 4229 1583 4304 (27),
1632 4231 1823 4304 χρῄζει

245 4324 303 4378 δὲ
330 4327 363 4397 ἡ
392 4326 590 4394 γνῶσις
607 4325 717 4379 τῶν
739 4327 971 4398 ἀρετῶν,
991 4326 1208 4379 πάντων
1234 4326 1341 4396 ἄρα
1357 4325 1546 4397 χρῄζει
1569 4323 1676 4378 τῶν
1693 4326 1825 4393 ἁγα-

245 4416 407 4490 θῶνὴ
430 4418 649 4488 γνῶσις.
676 4419 784 4472 Καὶ
805 4420 1010 4490 μήποτε
1036 4418 1219 4487 ἀγαθὰ
1238 4419 1451 4490 εἴρηται
1467 4417 1537 4471 τὰ
1569 4419 1730 4489 μέσα,
1747 4414 1823 4473 ὧν

242 4509 278 4581 ἠ
312 4509 493 4563 δικαία
520 4511 713 4581 χρῆσις
744 4511 891 4581 ἡμᾶς
930 4509 1171 4579 ἀγαθοὺς
1197 4509 1291 4562 καὶ
1330 4508 1391 4561 οὐ
1425 4509 1517 4562 τὸν
1558 4509 1691 4564 Θεὸν
1724 4510 1820 4580 ὲρ-

241 4599 491 4670 γάζεται.
524 4620 542 4652 ι
571 4601 635 4653 Ei
663 4620 682 4651 ι
713 4601 821 4671 γὰρ
854 4619 872 4652 ι
900 4600 970 4654 τὰ
995 4600 1197 4670 ἀγαθὰ,
1229 4619 1246 4652 ι
1282 4601 1446 4671 φησὶν
1481 4599 1622 4667 Ἰὼϐ,
1659 4620 1678 4650 ο
1709 4601 1823 4655 ἐδε-

244 4690 454 4760 ξάμεθα
483 4693 546 4745 ὲκ
569 4692 749 4763 χειρὸς
783 4693 1008 4764 Κυρίου,
1034 4693 1103 4747 τὰ
1132 4692 1278 4746 κακὰ
1304 4693 1401 4763 οὐχ
1423 4692 1717 4763 ὑποίσομεν
1741 4709 1756 4756 ;
1793 4711 1813 4745 ι

255 4777 520 4832 Ἐνταῦθα
549 4780 658 4850 γὰρ
688 4780 867 4848 ἀγαθὰ
897 4780 965 4833 τὰ
990 4781 1299 4853 ὑπάρχοντα
1328 4782 1628 4852 ὠνόμασεν,
1673 4782 1817 4855 ἅπερ

242 4870 394 4941 παρὰ
425 4870 522 4942 τὴν
551 4872 745 4942 χρῆσιν
774 4872 870 4942 τὴν
899 4872 1069 4943 καλὴν
1095 4874 1303 4940 γίνεται
1337 4873 1538 4942 ἀγαθά.

317 4960 447 5026 Τοῖς
473 4963 662 5031 ἁγίοις
702 4962 824 5029 τοῖς
849 4962 918 5015 ἐν
947 4961 1022 5030 τῇ
1058 4962 1136 5032 τῇ
1160 4963 1347 5017 αὐτοῦ
1383 4964 1815 5034 ἐθαυμάστωσε

239 5051 439 5107 πάντα
467 5052 540 5106 τὰ
578 5051 879 5121 θελήματα
902 5052 1086 5107 αὑτοῦ
1110 5054 1179 5106 ἐν
1216 5054 1437 5121 αὐτοῖς.
1484 5056 1816 5123 Ἔπληθύν-

240 5147 439 5211 θησαν
456 5147 516 5197 αἱ
539 5144 843 5199 ἀσθένειαι
867 5144 1086 5210 αὐτῶν,
1104 5146 1255 5215 μετὰ
1281 5145 1470 5200 ταῦτα
1489 5147 1810 5217 ἐτάχυναν,

240 5250 295 5287 κ.
335 5250 387 5287 τ.
434 5235 480 5287 ὲ.
530 5235 587 5287 '0
630 5234 950 5307 ἁμαρτωλὸς
981 5235 1092 5306 (28)
1139 5235 1244 5302 ἔξω
1281 5236 1382 5305 τῆς
1420 5238 1524 5308 γῆς
1557 5240 1672 5291 ἐστι
1717 5239 1812 5293 τοῦ

310 5347 357 5381 δ’
386 5346 506 5403 Job.
545 5364 582 5402 ll
609 5388 625 5415 ,
661 5349 748 5403 10.

334 5438 425 5509 εξ)
464 5437 521 5509 Ὁ
551 5439 700 5492 κατὰ
729 5438 859 5509 τόν,
886 5447 993 5493 etc.
1019 5438 1198 5493 Codex
1231 5438 1581 5509 Anglicanus.

249 5561 279 5581 η
458 5508 552 5581 ᾨς
576 5509 671 5562 καὶ
697 5512 749 5562 οι
766 5507 1051 5581 διάκονοι,
1079 5518 1191 5581 ειςἐ
1215 5507 1394 5581 Codex
1427 5507 1810 5566 Coislinianus.

313 5577 562 5700 gap).'o¢
616 5580 950 5649 πολεμίων,
992 5589 1098 5634 etc.
1152 5575 1482 5645 Corderius,
1533 5589 1590 5634 et
1639 5581 1809 5636 codex

313 5666 363 5699 ‘IS
388 5664 616 5701 ιηιιδιιιιε.

239 5649 733 5793 Ιὲἳιίὶῗίαθὰ
753 5718 942 5779 πᾶσαι
968 5721 1192 5794 ἀρεταί,
1217 5728 1324 5779 etc.
1352 5719 1576 5805 Sciteda:
1597 5718 1803 5779 Grabii.

1941 2863 2049 2908 tam
2074 2854 2206 2909 dicit
2243 2873 2257 2909 :
2291 2855 2392 2921 Qui
2430 2855 2482 2909 in
2526 2854 2771 2916 Domino,
2807 2868 2908 2909 nec
2948 2853 3003 2907 in
3038 2852 3146 2907 ullo
3173 2852 3277 2908 alio
3310 2862 3510 2924 sperat,

1939 2948 2242 3003 custoditur
2270 2947 2338 3002 ab
2364 2946 2479 3001 illo.
2511 2947 2582 3000 At
2608 2946 2787 3001 nullus
2815 2956 3066 3016 peccator
3088 2961 3217 3001 vere
3251 2946 3391 3002 hanc
3417 2963 3512 3003 vo-

1938 3055 2054 3096 cem
2098 3039 2454 3109 pronuntiare
2497 3046 2696 3109 potest.
2725 3038 2856 3092 Cum
2882 3037 3029 3091 enim
3070 3051 3262 3091 servus
3301 3037 3512 3106 sitejus

1937 3133 2078 3202 quod
2108 3133 2259 3197 facit,
2283 3132 2511 3203 peccati,
2539 3146 2645 3186 non
2673 3139 2846 3200 potest
2874 3131 2982 3183 Deo
3009 3131 3237 3187 servire.
3256 3129 3305 3185 Is
3328 3142 3509 3187 autem

1937 3223 2026 3292 qui
2059 3225 2316 3292 practice:
2347 3232 2402 3279 et
2431 3224 2867 3293 contemplativa
2891 3223 3017 3277 vitae
3047 3220 3354 3275 columnam
3387 3239 3512 3279 ere-

1938 3316 2038 3380 xit,
2065 3315 2301 3370 clamat:
2340 3333 2361 3369 ι
2395 3315 2514 3370 Dixi
2546 3317 2775 3370 Domino
2804 3333 2818 3369 :
2852 3317 2990 3369 Deus
3018 3329 3170 3368 meus
3196 3329 3256 3369 es
3287 3324 3375 3380 tu;
3410 3334 3429 3366 ι
3459 3325 3514 3372 et

1938 3412 2004 3465 de
2036 3408 2193 3463 donis
2224 3410 2327 3463 tuis
2360 3423 2584 3463 munera
2614 3408 2709 3462 tibi
2745 3407 2913 3462 offero
2934 3449 2950 3476 ,
3004 3423 3110 3461 non
3143 3418 3399 3477 tanquam
3432 3409 3512 3463 in-

1935 3500 2156 3571 digenti.
2190 3500 2358 3556 Nemo
2387 3502 2530 3555 enim
2556 3501 2933 3555 haereticorum
2963 3502 3065 3555 hoc
3097 3501 3298 3563 dicens,
3323 3517 3511 3557 verum

1933 3592 2193 3662 proferet.
2223 3591 2339 3646 Non
2365 3593 2539 3648 solum
2569 3603 2747 3648 autem
2781 3594 2883 3648 hoc
2915 3592 2982 3647 de
3016 3592 3386 3660 sensibilibus,
3416 3596 3511 3651 sed

1933 3689 2096 3743 etiam
2138 3689 2204 3743 de
2248 3687 2583 3757 spiritalibus
2625 3687 2994 3742 oblationibus
3037 3687 3512 3757 pronuntiandum

1932 3791 2035 3835 εει.
2064 3779 2197 3833 Nam
2232 3779 2357 3834 licet
2384 3779 2709 3833 sacriﬁcium
2739 3778 2998 3832 virtutum
3032 3779 3418 3840 obtulerimus,
3445 3776 3512 3832 li-

1932 3881 2020 3927 cet
2058 3887 2286 3940 corpora
2323 3881 2507 3926 nostra
2557 3886 2654 3939 per
2699 3870 3063 3925 omnimodam
3117 3872 3513 3926 continentiam

1931 3962 2445 4027 saeriticaverimns,
2480 3963 2680 4015 scimus
2708 3962 2758 4015 id
2788 3977 2894 4015 non
2926 3976 3151 4032 propter
3174 3978 3326 4017 suam
3362 3961 3509 4016 utili-

1934 4063 2096 4108 tatem
2129 4054 2295 4109 Demn
2326 4056 2571 4118 accipere
2599 4093 2613 4119 ,
2640 4054 2734 4108 sed
2768 4062 2826 4108 ut
2862 4054 3018 4109 uobis
3047 4055 3361 4125 petentibus
3391 4068 3513 4109 cm-

1850 4165 1902 4223 ι)
1931 4144 2084 4201 testia
2118 4145 2259 4200 bona
2282 4145 2548 4200 conferat.

1996 4237 2274 4306 Ejusdem.
2317 4237 2373 4292 Si
2411 4238 2554 4292 inter
2597 4239 2738 4293 bona
2781 4246 3124 4293 snntomnes
3155 4237 3404 4301 virtutes,
3448 4246 3511 4293 et:

1922 4331 2151 4386 scientia
2185 4331 2387 4401 indiget
2417 4329 2730 4396 virtutibus,
2760 4330 3014 4385 omnibus
3058 4340 3209 4385 certe
3245 4330 3403 4385 bonis
3426 4329 3509 4383 in-

1923 4423 2068 4493 diget
2093 4423 2342 4478 scientia.
2388 4423 2453 4479 Et
2483 4425 2604 4478 vide
2636 4438 2702 4478 ne
2740 4434 2889 4478 certe
2919 4423 3006 4477 hic
3037 4423 3184 4476 dicta
3223 4424 3332 4476 sint
3361 4422 3507 4476 bona

1924 4515 2098 4569 media
2147 4531 2377 4585 quorum
2421 4514 2567 4583 justa
2613 4517 2885 4584 possessio
2928 4531 3028 4570 nos
3065 4513 3249 4583 justos
3290 4521 3344 4568 et
3393 4531 3507 4571 non

1924 4604 2094 4661 Deum
2115 4606 2321 4676 justum
2356 4608 2550 4663 reddit.
2584 4626 2604 4660 ι
2642 4607 2700 4663 Si
2730 4608 2873 4663 enim
2905 4607 3070 4673 bona,
3106 4606 3280 4678 inquit
3301 4604 3404 4662 Job
3431 4606 3508 4676 ⁸³,

1922 4701 2268 4769 suscepimus
2296 4702 2363 4755 de
2391 4717 2550 4755 manu
2597 4700 2834 4768 Domini,
2865 4700 3003 4754 mala
3052 4717 3159 4755 non
3210 4699 3504 4755 sustinebi-

1921 4793 2084 4847 mus?
2117 4813 2137 4845 ι
2173 4794 2261 4849 ubi
2299 4795 2562 4849 bonorum
2586 4794 2804 4849 nomine
2829 4795 3042 4849 vocavit
3069 4792 3356 4849 facultates
3384 4809 3505 4864 qua

1918 4898 1982 4937 ex
2018 4883 2159 4938 bono
2189 4901 2286 4938 usu
2319 4885 2455 4939 tinnt
2483 4888 2659 4939 bonae.

1991 4974 2153 5029 Vens.
2179 4976 2233 5042 '5,
2267 4977 2320 5031 4.
2361 4975 2572 5032 Sanctis
2599 4976 2690 5047 qui
2728 4985 2849 5030 sunt
2882 4977 2937 5031 in
2972 4987 3115 5031 terra
3160 4976 3279 5045 ejus
3310 4974 3503 5036 miriﬁ-

1918 5067 2052 5120 cavit
2083 5083 2260 5121 omnes
2287 5068 2580 5123 voluntates
2611 5087 2737 5123 suas
2764 5069 2816 5122 in
2845 5069 2944 5122 eis.
2976 5067 3350 5135 Multiplicatw
3380 5077 3503 5121 sunt

1922 5156 2263 5225 inﬁrmitates
2294 5175 2506 5227 eorum,
2540 5170 2720 5230 postea
2744 5160 3197 5222 acceleraverunt,
3229 5166 3337 5213 etc.
3369 5157 3503 5212 Pec-

1924 5257 2078 5303 cator
2100 5262 2183 5306 est
2210 5261 2367 5306 extra
2395 5262 2593 5308 terram
2626 5250 2743 5320 Dei,
2789 5261 2847 5305 ut
2888 5250 2974 5305 cui
3007 5266 3113 5305 non
3144 5249 3381 5304 ostendit
3407 5248 3504 5302 nIi-

1991 5445 2104 5516 (εδ)
2146 5449 2202 5501 ’0
2228 5448 2571 5518 ἁμαρτωλός
2599 5487 2614 5512 ,
2664 5457 2768 5502 etc.
2819 5446 3032 5501 Initium
3086 5445 3247 5518 habet
3293 5445 3499 5518 corde-

1920 5508 2035 5572 rius
2059 5508 2231 5588 usque
2262 5508 2471 5573 adimo
2507 5508 2668 5573 verba
2709 5535 2723 5572 :
2755 5518 3013 5588 ζητήσεις
3038 5518 3085 5569 εί
3116 5508 3298 5588 οὗτοιᾷ
3342 5514 3489 5588 Beli»

1917 5603 2031 5659 qua
2046 5585 2271 5659 O'rigeni
2298 5585 3083 5659 tribuiticodexpCoislinianus,
3113 5602 3234 5659 qua:
3258 5585 3495 5644 Eusebio

1917 5656 1971 5719 ἐι
1994 5656 2284 5718 Theodoro
2309 5658 2532 5717 ascribit
2560 5657 2749 5716 Daniel
2773 5656 3069 5714 Barbarus.
