4020 6152
577 206 709 264 1211

1959 198 2051 254 EX
2089 195 2388 255 ORIGENE

3694 187 3813 241 1219.

488 382 493 387 .
575 326 785 384 rabilis.
822 323 1070 381 Christus
1098 329 1278 378 autem
1306 323 1372 377 de
1391 320 1523 375 viris
1543 317 1801 390 perfectis
1829 317 1924 387 qui
1951 332 2010 371 se
2045 317 2125 387 ips

2246 309 2408 372 Θεοῦ,
2502 308 2601 361 οὑκ
2622 306 2821 374 ἔδειξεν
2842 305 2908 359 τά
2932 305 3228 376 θαυμάσια.
3269 304 3327 358 Ὁ
3351 305 3592 376 Χριστὸς
3617 304 3675 358 δὲ
3700 307 3809 374 περὶ

573 420 1005 479 conformarunt,
1038 415 1178 469 dicet
1205 434 1219 469 :
1252 412 1453 469 Omnes
1482 412 1783 467 voluntates
1813 426 1945 466 mea;
1977 411 2029 464 in
2065 411 2145 465 eis

573 520 718 565 sunt.
756 510 821 564 Et
850 506 1223 577 multiplicata:
1258 507 1475 576 quidem
1519 513 1644 558 sunt
1673 503 2018 558 inﬁrmitates
2048 517 2141 557 eo-

574 618 694 657 rum
722 601 812 671 qui
835 616 900 655 ex
929 600 1182 671 gentibus
1216 610 1393 667 erant,
1426 601 1519 656 scd
1550 599 2019 660 acceleraverunt,
2048 610 2145 666 per

572 691 942 761 paenitentiam
974 692 1375 762 resipiscentes.
1405 691 1625 759 Quaeres
1649 705 1778 745 vero
1802 704 1869 743 an
1903 688 1956 742 bi
1979 686 2140 757 juxta

571 784 803 853 aliquem
834 798 1053 839 sensum
1096 785 1268 839 sancti
1316 784 1610 853 aliquando
1656 782 1862 837 fuerint
1900 781 1954 835 in
1999 792 2141 837 terra

571 875 665 930 Dei
701 877 1029 941 habitantes,
1052 876 1368 947 priusquam
1404 874 1775 943 multiplicatae
1806 875 1915 928 sint
1945 873 2139 943 iniqui-

569 975 710 1021 tates
735 982 962 1032 eorum;
992 967 1073 1021 vel
1105 968 1322 1037 quidam
1356 982 1543 1022 eorum
1575 966 1739 1021 lsrael
1766 965 1895 1028 sint,
1936 965 1991 1018 in
2022 965 2140 1034 qui-

571 1059 671 1113 bus
699 1070 854 1115 erant
889 1060 1178 1128 aliquando
1208 1059 1510 1114 voluntates
1546 1058 1639 1113 Dei
1681 1059 1811 1125 ;vel
1846 1058 1925 1113 sic
1963 1059 2140 1113 sancti

569 1153 661 1221 qui
698 1152 748 1206 in
788 1151 955 1222 598
980 1152 1118 1207 cado
1146 1153 1616 1207 conversationem
1651 1150 1875 1219 habent,
1908 1150 1960 1203 in
1997 1161 2137 1205 terra

569 1240 686 1307 ejus
708 1254 1010 1300 versentur.
1043 1243 1172 1296 licet
1195 1242 1371 1296 adhuc
1389 1242 1496 1296 sint
1523 1241 1576 1294 in
1612 1242 1712 1295 hac
1737 1251 1908 1297 terra.
1938 1239 2140 1296 Volun-

570 1338 711 1387 tates
738 1333 832 1388 Dei
858 1334 1082 1403 singulae
1116 1343 1241 1387 sunt
1268 1335 1519 1399 virtutes,
1554 1343 1611 1387 ut
1638 1332 1806 1402 liquet
1834 1349 1900 1388 ex
1932 1334 2018 1389 his
2048 1334 2095 1365 ”
2120 1352 2132 1388 :

573 1444 593 1476 ι
631 1425 812 1480 Inveni
854 1425 1023 1480 David
1073 1427 1238 1480 ﬁlium
1281 1425 1433 1481 Jesse
1457 1466 1471 1489 ,
1496 1424 1670 1479 virum
1714 1427 2015 1480 secundum
2041 1441 2139 1482 cor

568 1533 772 1584 meum,
799 1518 889 1586 qui
912 1518 1074 1573 faciet
1097 1533 1289 1573 omnes
1311 1517 1618 1573 voluntates
1650 1531 1818 1574 meas.
1850 1537 1868 1569 ι
1896 1516 2002 1571 llas
2033 1517 2136 1571 mi-

569 1611 747 1667 rificat
776 1612 916 1666 Deus
939 1610 993 1666 in
1027 1614 1230 1668 sanctis
1249 1613 1383 1680 suis,
1409 1612 1503 1681 qui
1527 1613 1717 1667 melius
1743 1626 1906 1681 quam
1941 1612 2131 1682 reliqui

2245 403 2350 456 τῶν
2383 400 2501 455 κατ’
2528 400 2689 453 αὑτὸν
2726 416 2792 470 με
2802 398 3170 471 μορφωμένων
3197 396 3420 450 τελείων
3462 398 3602 469 ἐρεῖ·
3643 397 3808 451 Πάντα

2243 495 2310 547 τά
2341 492 2621 564 θελήματά
2659 508 2760 563 μου
2793 493 2849 557 ἐν
2889 490 3087 553 αὐτοῖς.
3131 489 3243 542 Καὶ
3276 486 3701 559 ἐπληθύνθησαν
3727 488 3808 557 μὲν

2243 587 2300 639 αἱ
2329 584 2603 639 ἀσθένειαι
2647 580 2755 636 τῶν
2801 580 2909 634 ἀπὸ
2949 580 3054 633 τῶν
3087 578 3294 633 ἐθνῶνσ
3345 580 3619 650 ἐτάχυναν
3656 576 3712 630 δὲ
3752 581 3804 648 τῇ

2246 675 2501 748 μετανοίᾳ
2540 672 2986 746 μεταϐάλλοντες.
3035 672 3297 743 Ζητήσεις
3331 671 3391 725 δὲ
3423 672 3475 724 εἱ
3504 667 3654 725 οὗτοι
3684 670 3810 723 κατά

2240 786 2360 822 τινα
2402 767 2627 837 ἐκδοχὴν
2661 765 2804 834 ἆγιοί
2834 782 2963 817 ποτε
2992 759 3131 834 ἦσαν
3159 766 3215 817 ἐν
3251 766 3318 834 τῇ
3347 765 3417 834 γῇ
3450 762 3550 816 τοῦ
3581 762 3717 815 Θεοῦ
3736 764 3805 814 οξ-

2241 858 2482 922 κοῠντες,
2528 858 2657 930 πρὶν
2708 855 3076 927 πληθυνθῆναι
3100 853 3199 917 τάς
3244 852 3476 925 ἀνομίας
3532 852 3733 907 αὐτῶν·
3776 853 3805 923 ἡ

2239 970 2384 1017 τινες
2434 950 2612 1004 αὐτῶν
2640 952 2669 1004 ὁ
2711 948 2925 1021 Ἰσραήλ
2957 949 3115 1012 εἰσιν,
3149 949 3207 1001 ἐν
3244 941 3326 1011 οἷς
3359 942 3428 1019 ἦν
3459 964 3598 1000 ποτε
3640 945 3709 1015 τά
3733 945 3807 999 θε-

2239 1041 2455 1113 λήματα
2500 1040 2595 1094 τοῦ
2635 1038 2801 1092 Θεοῦ’
2838 1038 2871 1109 ἢ
2903 1037 3074 1101 οὕτως
3125 1039 3183 1091 ἐν
3228 1036 3442 1108 οὐρανῷ
3483 1037 3535 1089 οἱ
3574 1036 3718 1103 ἅγιοι
3756 1033 3807 1089 τὺ

2239 1133 2538 1204 πολίτευμα
2567 1131 2781 1204 ἔχοντες
2815 1132 2908 1186 ἐπὶ
2950 1129 3053 1201 τῆς
3083 1129 3186 1201 γῆς
3233 1128 3397 1182 αὑτοῦ
3425 1126 3804 1198 διατρίϐουσιν,

2239 1226 2340 1280 κᾶν
2368 1226 2448 1279 ἔτι
2473 1221 2606 1280 ὦσιν
2634 1228 2692 1279 ἐν
2720 1226 2892 1296 ταύτῃ
2935 1227 3001 1296 τῇ
3044 1228 3136 1295 γῇ.
3170 1223 3307 1293 Θελή
3318 1240 3463 1294 ματα
3507 1220 3568 1274 δὲ
3595 1219 3730 1273 Θεοῦ
3758 1223 3804 1273 1i

2238 1318 2356 1370 κατ’
2383 1314 2521 1380 εἶδος
2549 1318 2759 1389 ἀρεταὶ,
2791 1318 2866 1381 ὡς
2909 1318 2965 1370 ἐν
2994 1316 3097 1388 τῷ·
3137 1336 3154 1368 ι
3187 1311 3360 1389 Εὗρον
3398 1313 3572 1370 Δαυῖδ
3596 1315 3692 1367 τὸν
3722 1314 3802 1368 τοῦ

2250 1410 2447 1462 Ἰεσσαὶ
2489 1410 2659 1481 ἄνδρα
2706 1408 2849 1463 κατά
2894 1408 2992 1479 τὴν
3043 1408 3270 1481 καρδίαν
3316 1425 3442 1480 μου,
3488 1407 3555 1471 ὃς
3606 1407 3803 1477 ποιήσει

2238 1503 2415 1555 πάντα
2446 1501 2513 1555 τά
2541 1499 2822 1574 θελήματά
2854 1519 2978 1573 μου.
3027 1522 3045 1553 ι
3078 1500 3262 1554 Ταῦτα
3288 1500 3603 1573 θαυμαστοί
3634 1502 3665 1552 ὁ
3688 1498 3804 1562 Θεὸς

2238 1596 2294 1647 ἐν
2327 1599 2438 1657 τοῖς
2478 1594 2655 1663 ἁγίοις
2679 1593 2844 1649 αὐτοῦ
2881 1594 2987 1647 τῶν
3018 1593 3220 1647 λοιπῶν
3246 1592 3559 1665 ἀνθρώπων
3597 1594 3805 1663 ἄμεινον

566 1702 814 1757 homines
856 1702 1087 1757 virtutes
1128 1712 1405 1758 exercent.
1440 1703 1945 1772 lncomparabiliter
1987 1703 2125 1758 enini

2236 1686 2464 1740 ἀσκοῦσι
2511 1686 2608 1751 τὰς
2660 1687 2887 1756 ἀρετάς·
2943 1685 3285 1758 ἀσυγκρίτως
3338 1686 3448 1758 γὰρ
3511 1683 3804 1755 ὑπερέσχΰν

565 1792 882 1848 fortitudine
905 1793 1285 1862 praecellebant
1311 1793 1563 1863 apostoli,
1588 1794 1865 1864 propheta:
1908 1802 1961 1849 et
1992 1807 2136 1847 mar-

567 1896 747 1956 tyres,
792 1886 1125 1941 continentia
1167 1901 1297 1942 vero
1323 1885 1524 1956 Ioseph
1567 1897 1622 1943 et
1664 1886 1938 1952 Susanna,
1971 1898 2137 1941 caete-

564 1981 747 2048 risque
777 1981 1069 2035 virtutibus
1116 1980 1387 2035 similiter.
1421 1977 1515 2035 Sic
1564 1990 1749 2035 autem
1787 1980 1911 2051 quis
1942 1978 2135 2035 mirifi-

559 2080 738 2138 catus,
776 2072 1050 2141 propriam
1081 2073 1357 2129 erubescit
1387 2071 1778 2138 infirmitatem,
1805 2072 2004 2141 quippe
2039 2073 2133 2142 qui

567 2163 799 2219 multum
830 2179 861 2218 a
893 2164 983 2218 Dei
1010 2164 1328 2219 fortitudine
1354 2164 1545 2219 abesse
1574 2177 1635 2219 se
1672 2164 1890 2219 sentiat.
1929 2163 2131 2219 Verum

560 2257 825 2328 ejusmodi
851 2256 1213 2321 infirmitates,
1237 2257 1288 2313 in
1314 2258 1468 2329 ipsis,
1489 2257 1662 2312 donec
1678 2271 1773 2311 eas
1790 2259 2129 2328 agnoverint,

563 2356 876 2413 manentes,
913 2348 1018 2403 cito
1053 2349 1288 2415 abeunt,
1328 2360 1613 2420 propterea
1644 2352 1787 2422 quod
1823 2352 1923 2406 viri
1956 2352 2130 2406 sancti

560 2456 589 2493 a
623 2439 840 2495 Christo
885 2438 1256 2495 confortentur
1286 2441 1532 2497 dicentes
1554 2442 1638 2496 ’δι
1677 2461 1697 2495 ι
1738 2443 1793 2498 In
1828 2443 1936 2499 Deo
1963 2442 2132 2499 facie-

560 2546 682 2585 mus
713 2530 992 2586 virtutem.
1019 2549 1040 2582 ›

634 2644 794 2702 Vnus.
821 2646 877 2701 4.
916 2643 1041 2700 Non
1074 2644 1400 2718 congregabo
1436 2645 1795 2701 conventicula
1841 2665 2021 2703 eorum
2065 2649 2131 2706 de

557 2738 925 2807 sanguinibus.
956 2754 1047 2792 nec
1070 2755 1268 2792 memor
1292 2756 1382 2794 ero
1416 2742 1683 2796 nominum
1717 2758 1897 2797 eorum
1922 2760 2016 2813 per
2047 2743 2129 2797 la-

556 2833 642 2884 bia
670 2847 804 2895 mea,
834 2840 941 2887 etc.
976 2830 1258 2886 Manifeste
1289 2833 1405 2888 haec
1434 2832 1570 2888 dicit
1610 2836 1958 2905 praestantior
1988 2833 2129 2889 mul-

558 2925 629 2978 tis
657 2938 755 2977 nec
792 2923 930 2977 alius
962 2938 1120 2992 quam
1167 2922 1418 2978 Christus
1442 2964 1459 2990 ,
1514 2925 1606 2994 qui
1652 2941 1777 2982 cum
1805 2935 2121 3006 congregat,

2236 1778 2375 1831 κατὰ
2400 1779 2498 1850 μὲν
2525 1778 2778 1851 ἀνδρείαν
2806 1778 3089 1832 ἀπόστολοι
3114 1794 3196 1843 τε,
3225 1778 3501 1851 προφῆται
3532 1777 3631 1830 καὶ
3683 1776 3804 1846 μάρ-

2234 1887 2418 1940 τυρες,
2471 1870 2612 1924 κατά
2652 1870 2708 1923 δὲ
2738 1869 3089 1942 σωφροσύνην
3147 1870 3343 1941 Ἰωσὴφ
3391 1870 3487 1922 καὶ
3522 1868 3797 1930 Σωσάννα.

2236 1961 2327 2014 καὶ
2355 1960 2495 2014 κατά
2522 1960 2621 2024 τὰς
2647 1962 2839 2033 ἐτέρας
2858 1960 3079 2032 ὁμοίως.
3111 1959 3265 2016 Οὕτω
3289 1961 3346 2014 δέ
3368 1979 3452 2025 τις
3478 1960 3803 2032 θαυμαστω-

2235 2052 2347 2116 θεὶς
2378 2054 2691 2125 αἰσχύνεται
2718 2054 2817 2124 τῆς
2852 2053 2985 2117 ἰδίας
3020 2051 3321 2119 ἀσθενείας,
3360 2052 3496 2108 πολὺ
3526 2055 3630 2125 τῆς
3667 2053 3805 2117 θείας

2235 2143 2417 2216 ίσχύος
2461 2145 2909 2215 ἀπολειπόμενος.
2953 2145 3017 2196 Αἱ
3060 2143 3117 2196 δέ
3165 2142 3470 2209 ἀσθένειαι,
3510 2146 3681 2216 μέχρι
3718 2144 3803 2198 τοῦ

2232 2237 2483 2307 ἐννοῆσαι
2519 2237 2677 2308 μόνον
2707 2235 2877 2300 αύτάς
2912 2235 3344 2307 παραμένουσαι,
3371 2237 3588 2305 ταχέως
3616 2238 3804 2290 ἀπίασι

2229 2328 2316 2382 διά
2347 2330 2408 2382 τὸ
2456 2327 2884 2399 ἐνδυναμοῦσθαι
2922 2329 3047 2392 τοὺς
3073 2328 3261 2398 ἁγίους
3297 2328 3404 2381 ὑπὸ
3442 2328 3691 2399 Χριστοῦ
3726 2329 3804 2383 λέσ

2229 2435 2442 2487 γοντας·
2478 2439 2497 2473 ι
2544 2421 2633 2475 Ἐν
2655 2419 2733 2492 τῷ
2757 2418 2875 2491 Θεῷ
2902 2421 3199 2493 ποιήσομεν
3234 2420 3485 2493 δύναμιν.
3527 2440 3549 2474 ι

2283 2649 2365 2703 οὐ
2397 2648 2485 2718 μὴ
2517 2648 2837 2720 aur-ardre)
2862 2646 2973 2715 τὰς
3003 2646 3359 2717 curare.ka
3384 2642 3591 2700 αὐτῶν
3614 2643 3687 2709 ἐξ
3717 2646 3793 2698 αι

2213 2736 2435 2807 μάτων·
2480 2739 2624 2794 οὐδὲ
2664 2740 2750 2810 μὴ
2791 2739 3047 2810 μνησθῶ
3080 2737 3197 2792 τῶν
3243 2737 3556 2807 ὀνομάτων
3596 2735 3793 2791 αὐτῶν

2217 2828 2316 2884 διὰ
2358 2830 2604 2897 χειλέων
2626 2848 2767 2900 μου,
2799 2847 2851 2883 κ.
2879 2847 2924 2883 τ.
2956 2831 3003 2883 ἐ.
3054 2830 3350 2899 Ἀντικρυς
3394 2826 3649 2900 μείζονος
3680 2828 3788 2899 (ﬁ)

2217 2921 2365 2992 παρά
2388 2923 2514 2985 τοὺς
2543 2922 2766 2987 πολλοὺς
2793 2923 2850 2977 αἱ
2889 2923 3085 2992 φωναὶ,
3124 2922 3218 2976 καὶ
3260 2922 3367 2974 οὐκ
3395 2920 3555 2974 ἄλλου
3590 2920 3626 2990 ἢ
3664 2922 3790 2991 Χρι-

557 3030 662 3068 ιιοιι
695 3026 986 3084 congregat
1010 3014 1379 3069 conventicula
1404 3016 1470 3071 de
1493 3018 1868 3088 sanguinibus,
1888 3034 1988 3074 nec
2007 3033 2122 3074 me-

2225 3014 2376 3067 στοῦ’
2420 3009 2573 3079 οὗτος
2616 3015 2725 3087 γὰρ
2768 3014 3015 3084 συνάγων
3058 3015 3118 3068 οὐ
3168 3014 3391 3083 συνάγει
3436 3013 3500 3078 ἐξ
3543 3014 3787 3085 αἱμάτων

558 3122 678 3162 ιιιοι·
708 3113 791 3160 est
821 3106 1093 3159 nominum
1133 3106 1309 3161 adhuc
1341 3121 1409 3161 ex
1438 3109 1812 3179 sanguinibus.
1862 3109 1957 3165 Vel
2001 3111 2121 3166 sic:

554 3196 672 3250 Non
702 3196 1154 3265 quemadmodum
1185 3196 1359 3253 Graaci
1389 3210 1445 3253 et
1472 3200 1642 3255 Judaei
1665 3240 1681 3266 ,
1712 3202 1784 3256 ita
1812 3218 1913 3273 ego
1945 3203 2124 3259 libabo

555 3287 808 3342 libamina
839 3290 904 3342 de
933 3289 1306 3358 sanguinibus.
1354 3290 1446 3347 Sic
1477 3294 1625 3347 enim
1670 3293 1809 3350 alius
1853 3296 2123 3366 interpres

553 3380 753 3435 habet:
790 3397 810 3431 ι
851 3379 964 3433 Νοιι
999 3380 1178 3434 libabo
1212 3382 1470 3437 libamina
1514 3400 1700 3440 eorum
1737 3387 1804 3441 de
1842 3390 2117 3459 sanguini-

554 3474 674 3540 hus,
705 3492 724 3526 ι
754 3475 850 3530 sed
881 3491 1015 3530 nova
1050 3477 1256 3530 tradam
1285 3482 1539 3550 mysteria
1566 3482 1817 3540 omnibus
1858 3494 1912 3541 et
1947 3488 2121 3543 sacri-

554 3565 735 3620 ficium
783 3568 1153 3634 incruentum.
1198 3588 1374 3642 neque
1411 3584 1594 3628 vetera
1640 3576 1859 3631 illorum
1904 3582 2122 3637 nomina

554 3661 882 3717 memorabo.
920 3663 1245 3720 Dicebantur
1277 3668 1419 3720 enim
1461 3666 1671 3736 profani
1700 3679 1755 3725 et
1781 3670 2120 3745 idolothyta',

552 3756 646 3809 sed
680 3753 905 3811 efﬁciam
937 3766 996 3811 ut
1028 3758 1251 3814 audiant
1292 3760 1367 3831 pii
1402 3776 1465 3816 ac
1491 3762 1687 3816 sancti.
1722 3761 1817 3817 Vel
1851 3766 1930 3821 sic
1960 3791 1971 3823 ;
2001 3767 2117 3823 Non

550 3846 792 3901 absolute
825 3848 956 3903 dicit
988 3864 1046 3904 se
1093 3865 1199 3905 non
1247 3863 1700 3922 congregaturum
1746 3859 2117 3915 conventicula

549 3952 734 3992 eorum
757 3978 770 4001 ,
799 3940 891 3994 sed
926 3958 946 3991 r
984 3941 1051 3995 de
1084 3944 1469 4013 sanguinibus;
1506 3965 1526 3998 ι
1563 3963 1739 4014 neque
1771 3950 2015 4006 absolute
2042 3953 2120 4007 ait

549 4044 609 4083 se
652 4030 924 4084 nominum
963 4046 1148 4087 eorum
1198 4051 1303 4089 non
1333 4051 1629 4092 memorem
1661 4039 1801 4105 fore,
1836 4042 1930 4097 sed
1966 4062 1985 4095 ι
2021 4058 2118 4112 per

547 4120 715 4174 labia.
751 4140 769 4174 ι
801 4120 961 4176 Forte
990 4123 1155 4191 igitur
1185 4127 1307 4195 quia
1341 4138 1467 4183 sunt
1497 4131 1739 4185 nonnulli
1770 4134 1860 4201 qui
1888 4150 2116 4206 congre-

548 4219 675 4281 gant
700 4213 1073 4266 conventicula
1100 4214 1166 4268 de
1190 4218 1452 4287 sanguine
1482 4234 1640 4287 quem
1666 4219 1972 4288 effundunt,
1996 4224 2115 4279 vul-

547 4300 785 4356 nerando
813 4318 905 4357 eos
924 4318 1060 4372 quos
1090 4319 1442 4378 congregant,
1468 4310 1582 4379 ipse
1605 4310 1868 4381 juvando,
1897 4324 1989 4369 aut
2016 4332 2114 4387 po-

2221 3107 2560 3176 συναγωγὰς,
2586 3107 2705 3160 ούδὲ
2731 3108 3000 3179 μέμνηται
3018 3107 3294 3177 ὀνομάτων
3326 3106 3407 3160 ἔτι
3429 3106 3491 3170 ἐξ
3520 3106 3782 3177 αἱμάτων.

2220 3198 2291 3250 Ἦ
2318 3197 2489 3263 οὕτως
2513 3217 2526 3231 ο
2565 3200 2678 3269 Οὐχ
2710 3200 2786 3262 ὡς
2818 3199 3076 3272 ’Έλληνες
3113 3200 3207 3252 καὶ
3236 3200 3288 3252 οἱ
3340 3198 3609 3262 Ἰουδαῖοι,
3640 3197 3785 3265 κάγὼ

2219 3289 2426 3343 σπείσω
2464 3289 2561 3352 τάς
2602 3290 2831 3353 σπονδὰς
2865 3290 2923 3357 ἐξ
2963 3292 3228 3362 αἱμάτων.
3279 3290 3438 3344 Οὕτω
3464 3291 3577 3362 γὰρ
3605 3292 3782 3361 ἕτερος

2215 3382 2585 3454 ἡρμήνευσεν·
2625 3402 2643 3432 ι
2680 3382 2754 3436 Ού
2786 3384 2991 3438 σπείσω
3030 3383 3129 3446 τὰς
3164 3383 3394 3446 σπονδάς
3415 3382 3594 3437 αὐτῶν
3620 3382 3679 3447 ἐξ
3705 3384 3782 3435 αξ-

2219 3473 2423 3543 μάτων,
2457 3492 2474 3526 ι
2508 3472 2643 3527 άλλά
2673 3474 2976 3545 παραδώσω
3008 3474 3167 3529 καινά
3197 3476 3471 3546 μυστήρια
3515 3477 3653 3528 πᾶσι
3693 3476 3779 3528 καὶ

2215 3564 2405 3617 θυσίαν
2438 3564 2773 3634 ἀναίμακτον
2795 3583 2808 3596 ·
2841 3566 2956 3619 ἀλλ’
2979 3567 3099 3621 οὐδὲ
3141 3566 3524 3639 μνησθήσομαι
3548 3568 3656 3621 τῶν
3684 3585 3778 3621 πα-

2215 3656 2379 3709 λαιῶν
2414 3656 2691 3727 ὀνομάτων
2725 3657 2936 3713 αὐτῶνθ
2988 3659 3234 3728 ἐλέγοντο
3272 3658 3383 3731 γὰρ
3425 3658 3643 3731 βέϐηλοι
3693 3661 3779 3713 καὶ

2213 3745 2573 3800 είδωλοθύται·
2616 3747 2752 3800 ἀλλά
2786 3747 2940 3803 δώσω
2982 3750 3165 3814 αὐτοῖς
3189 3748 3409 3804 ἀκούειν
3444 3751 3491 3803 οἱ
3539 3750 3775 3815 εύσεϐεξ

2214 3839 2306 3892 καὶ
2331 3838 2493 3907 ἀγιοι.
2526 3840 2595 3891 Ἢ
2622 3840 2717 3893 καὶ
2747 3837 2940 3904 οὓτως
2973 3842 3049 3895 Οὐ
3078 3840 3333 3906 καθάπαξ
3359 3841 3509 3909 λέγει
3541 3841 3615 3913 μὴ
3658 3860 3774 3896 συν-

2212 3927 2360 3994 άξειν
2391 3929 2491 3995 τὰς
2541 3933 2859 4002 συναγωγὰς
2891 3931 3091 4001 αὐτῶν,
3124 3932 3331 3999 ἀλλἰἐξ
3363 3935 3773 4005 αἱμάτων-»σαὒᾶ

2215 4022 2289 4093 μὴ
2326 4023 2625 4093 μνησθῆναι
2660 4026 2770 4078 τῶν
2811 4025 3088 4096 ὀνομάτων
3127 4025 3302 4079 αὐτῶν
3347 4026 3768 4098 ἀπολελυμένως,

2211 4109 2324 4164 ἀλλ’
2347 4111 2492 4183 ἣιδιά
2519 4112 3016 4187 χειλέων.›Μήποτ’
3048 4110 3143 4169 οὖν
3168 4114 3289 4168 ἐπεί
3320 4117 3428 4169 εἰσί
3469 4135 3616 4181 τινες
3659 4134 3767 4170 συν-

2210 4200 2436 4270 άγοντες
2476 4204 2795 4274 συναγωγὰς
2833 4205 2892 4270 ἐξ
2912 4205 3159 4277 αἱμάτων
3195 4206 3477 4277 ἐκχέοντες
3524 4208 3663 4262 αύτά
3693 4206 3770 4260 διὰ

2208 4292 2301 4346 τοῦ
2366 4294 2623 4365 βλάπτειν
2672 4299 2798 4361 τοὺς
2842 4297 3264 4369 συναγομένους,
3313 4299 3475 4363 αὐτὸς
3522 4299 3766 4369 ὠφελῶν,

547 4393 653 4446 tius
675 4393 995 4450 vivificando
1013 4408 1357 4466 convocatos,
1383 4418 1486 4456 non
1511 4417 1578 4456 ex
1601 4406 1977 4475 sanguinibus,
2014 4382 2110 4465 sed

2225 4382 2411 4450 adllov
2452 4384 2508 4437 δέ
2545 4385 2822 4450 ζωοποιῶν
2861 4388 2988 4452 τοὺς
3034 4389 3527 4460 προκαλουμένους,
3581 4391 3677 4443 οὐκ
3717 4388 3767 4453 ἐξ

541 4498 610 4537 ex
646 4485 1049 4541 immortalitate
1081 4489 1200 4543 illos
1226 4502 1558 4561 congregat,
1590 4508 1800 4549 memor
1829 4499 2106 4555 nominum

543 4589 754 4642 eorum,
773 4591 877 4631 non
897 4580 1184 4648 superficie
1218 4589 1395 4647 tenus,
1423 4583 1516 4639 sed
1535 4584 1728 4639 intimo
1754 4586 1976 4654 affectu,
2006 4605 2109 4646 ne-

478 4730 485 4735 ,
542 4683 649 4738 que
675 4668 1000 4737 prolatione.
1021 4671 1113 4725 sed
1135 4672 1399 4739 profundo
1429 4674 1724 4731 intellectu.
1749 4675 1841 4733 Vel
1872 4679 1979 4736 sic:
2012 4680 2107 4737 Li-

539 4771 629 4814 cet
655 4761 806 4815 multi
832 4761 1102 4818 interfecti
1135 4764 1337 4820 fuerint
1361 4770 1558 4832 sancti,
1591 4781 1966 4829 verumtamen
1998 4790 2105 4830 non

541 4851 595 4905 in
627 4852 820 4908 horum
869 4856 1221 4926 sanguinibus
1244 4899 1259 4925 ,
1293 4860 1390 4915 sed
1439 4877 1547 4917 uno
1580 4862 1782 4921 Christi
1826 4869 1951 4937 agni
1980 4884 2106 4924 san-

540 4946 700 5013 guine
730 4955 906 5002 cintus
934 4959 1357 5021 congregantur.

618 5037 778 5094 Vsus.
811 5039 867 5093 5.
898 5040 1153 5097 Dominus
1173 5060 1298 5111 pars
1320 5046 1649 5103 hwredilatis
1690 5066 1818 5106 mea:
1845 5062 1893 5105 et
1922 5052 2102 5109 salicis

539 5130 674 5184 mei:
700 5130 779 5186 Tu
792 5148 846 5187 es
867 5134 957 5204 qui
975 5135 1215 5190 restitues
1238 5136 1599 5193 hereditatem
1624 5156 1790 5195 nteant
1816 5144 1966 5210 mihi,
1991 5154 2097 5202 etc.

614 5275 659 5308 “
688 5276 809 5335 Act.
834 5294 968 5349 xm,
992 5276 1084 5336 22.
1151 5281 1199 5316 ⁸⁸
1229 5282 1374 5340 Psal.
1410 5300 1523 5355 ux,
1554 5286 1638 5342 14.

607 5433 721 5519 (2?)
748 5438 1090 5519 ..A"mpvq
1120 5441 1435 5519 wgfoypc,
1481 5455 1587 5519 etc.
1631 5448 1809 5519 codex
1863 5449 1998 5515 Roe,
2047 5460 2103 5507 et

535 5501 924 5590 Coisli'nianus,
952 5501 1260 5590 partiti-tque
1294 5501 1612 5590 Cdrderius,
1643 5501 1883 5589 plurima
1895 5501 2102 5590 Vq'u'oa'd

534 5588 757 5659 sensum
785 5578 1270 5659 liabet’Eusebi'us;
1306 5578 1861 5659 pmsterioreim'autcm
1893 5578 2102 5659 partem

2208 4475 2472 4547 αἱμάτων,
2496 4476 2609 4530 ἀλλ’
2634 4479 2699 4532 ἐκ
2728 4479 2827 4549 τῆς
2851 4478 3150 4543 ἀθανασίας
3175 4481 3394 4549 συνάγει
3416 4482 3617 4545 αὐτοὺς
3633 4521 3647 4544 ,
3672 4480 3765 4532 τῶν

2204 4567 2580 4639 προσηγοριῶν
2624 4569 2804 4623 αὐτῶν
2850 4571 3193 4643 μεμνημένος
3231 4572 3333 4626 ούκ
3382 4572 3441 4638 ἐξ
3495 4572 3762 4641 ἐπιπολῆς,

2202 4657 2318 4712 ἀλλ’
2353 4660 2417 4712 ἐκ
2448 4658 2738 4725 διαθέσεως
2765 4661 2927 4733 βάθος
2967 4663 3219 4734 ἐχούσης,
3264 4665 3357 4717 καὶ
3401 4664 3465 4717 ού
3519 4665 3762 4738 προφρᾷ,

2204 4751 2339 4806 ἀλλὰ
2369 4751 2559 4825 βαθείᾳ
2586 4748 2785 4827 νοήσει.
2823 4757 2913 4809 Ἤ·
2941 4757 3002 4810 Εί
3038 4757 3130 4810 καὶ
3158 4757 3339 4811 πολλοὶ
3362 4758 3765 4830 ἀπεκτάνθησαν

2205 4841 2371 4911 ἅγιοι,
2408 4843 2545 4898 ἀλλὰ
2571 4846 2671 4900 ούκ
2702 4849 2761 4901 ἐν
2802 4847 3005 4902 τούτων
3040 4852 3153 4913 τοῖς
3180 4850 3408 4921 αἴμασιν
3443 4853 3505 4905 αἱ
3538 4868 3759 4919 συναγωο

2205 4935 2319 5003 γαὶ,
2354 4936 2489 4990 ἀλλά
2521 4938 2599 5009 τῷ
2625 4941 2706 4992 ἑνὶ
2737 4939 2973 5011 Χριστοῦ
3002 4941 3094 4994 τοῦ
3122 4941 3318 5013 ἀμνοῦ.

2273 5063 2486 5132 Κύριος
2517 5064 2690 5135 μερὶς
2719 5063 2831 5136 τῆς
2858 5067 3259 5137 κληρονομίας
3278 5084 3397 5138 μου
3417 5064 3645 5121 καὶτοῦ
3666 5080 3766 5120 πο-

2203 5158 2410 5226 τηρίου
2432 5177 2573 5229 μουο
2610 5161 2691 5215 σὺ
2734 5157 2793 5216 εἴ
2815 5165 2849 5216 ό
2876 5160 3294 5217 ἀποκαθιστᾶν
3328 5162 3444 5231 τὴν
3484 5165 3762 5231 κληρονο-

2208 5472 2314 5581 Bst,
2349 5466 2453 5540 etc.
2485 5456 2710 5529 Didymo
2763 5458 2956 5542 tribuit
3013 5459 3321 5522 Barbarus,
3369 5467 3422 5511 at
3481 5457 3765 5540 Corderius

2263 5542 2461 5581 rttzems
2504 5544 2723 5581 nuouue
2774 5545 2991 5581 nomine
3042 5530 3298 5581 nonnulla
3337 5543 3399 5581 ex
3450 5528 3534 5581 bts
3579 5541 3764 5581 insen-

2209 5527 2461 5651 Orilgenis
2504 5527 2723 5600 quoque
2774 5532 2991 5588 nomine
3042 5530 3298 5587 nonnulla
3337 5543 3399 5584 ex
3450 5528 3534 5584 bis
3579 5527 3764 5583 inscri-

2206 5610 2290 5668 psi
2319 5637 2334 5653 .

534 5648 603 5699 ab
658 5646 743 5703 bis
789 5650 970 5708 verbis
1016 5667 1032 5706 :
1072 5649 1145 5709 Ἦ
1182 5655 1275 5709 καὶ
1306 5646 1525 5725 ὀὕτως’
1581 5658 1655 5715 Οὐ
1718 5646 1969 5733 καθάπαξ
2012 5646 2102 5716 λέέ
2200 5709 2207 5715 .
