4020 6152
277 244 418 302 ιειε

277 444 503 517 λογικῆς
525 445 672 497 ἐστιν
703 443 736 513 ἡ
782 439 985 511 θεωρία
1017 437 1127 493 τῶν
1156 437 1459 507 γεγονότων
1500 438 1594 491 καὶ
1627 436 1734 490 τῶν
1761 453 1853 504 γε-

272 536 587 609 νησομένων
609 532 820 587 αἰώνων
845 528 857 561 ³
891 531 1223 603 κληρονομία
1246 529 1304 583 δὲ
1326 527 1563 600 Χριστοῦ
1592 531 1625 599 ἡ
1652 528 1851 598 γνῶσις

274 629 368 686 τοῦ
405 625 564 681 Θεοῦ.
613 626 701 690 Ὠς
726 624 1016 696 ἀρχιερεὺς
1041 622 1216 677 ταῦτά
1246 638 1411 693 φησιν
1442 624 1471 675 6
1506 621 1759 693 Χριστὸς,
1788 615 1850 675 οῦ

278 722 437 795 μερὶς
477 718 699 791 Κύριος.
730 716 795 769 Εἰ
830 716 986 788 μερὶς
1011 715 1271 786 ποτηρίου
1302 715 1525 788 Κύριος,
1566 715 1601 787 ἢ
1643 710 1851 779 οὗτινος

273 815 303 867 6
335 811 559 883 Κύριος,
586 809 822 881 Χριστοῦ
856 808 1011 880 μερὶς
1046 806 1143 879 μὲν
1164 806 1266 876 τῆς
1291 806 1655 879 κληρονομίας
1682 810 1711 860 6
1740 807 1850 861 Πα-

272 906 399 976 τὴρ,
428 906 461 975 ὴ
496 903 727 974 μείνασα
764 900 940 971 αὐτῷ’
984 900 1166 954 λοιπὸν
1195 899 1252 953 δὲ
1291 900 1390 971 τῆς
1419 899 1785 971 κληρονομίας
1821 899 1850 951 6

274 994 784 1065 ἀποκαθιστάμενος
824 991 973 1063 αύτῷ
1014 992 1140 1056 λαὸς
1176 992 1285 1046 ἀπὸ
1308 990 1398 1045 τοῦ
1426 991 1582 1045 Θεοῦ.
1615 992 1848 1045 Δύναται

272 1088 330 1141 δὲ
354 1086 483 1159 περὶ
511 1084 605 1139 τοῦ
648 1085 856 1157 Πατρὸς
884 1086 1171 1157 ἀμφότερα
1199 1084 1474 1154 λέγεσθαι,
1506 1084 1598 1137 καὶ
1626 1082 1684 1136 τὸ
1710 1080 1847 1137 εἶναι

274 1180 436 1235 αὐτὸν
465 1178 904 1232 ἀποκαθιστάντα
940 1176 1302 1250 κληρονομίαν
1351 1175 1527 1247 ἑαυτῷ
1565 1173 1704 1246 μετὰ
1748 1174 1847 1243 τὴν

275 1270 525 1324 κένωσιν.
578 1270 671 1322 Ἤ·
724 1269 998 1340 ’Υπερϐἀς
1035 1266 1273 1322 διαθέσει
1321 1267 1411 1320 τὸν
1453 1266 1678 1336 κόσμον,
1726 1264 1847 1317 τίνα

276 1365 411 1434 σχῇς
456 1362 649 1433 μερίδα
682 1360 821 1432 πλὴν
852 1360 946 1415 τοῦ
977 1359 1217 1431 κυρίους
1248 1357 1355 1411 Τοῦ
1386 1357 1494 1429 γάρ
1524 1359 1688 1411 πᾶσιν
1715 1358 1847 1410 ἀπο-

269 1454 606 1526 τασσομένου
650 1454 711 1507 τὸ
752 1453 949 1522 λέγειν’
999 1471 1017 1504 ι
1056 1452 1233 1522 Μερίς
1278 1467 1380 1521 μου
1408 1450 1435 1501 6
1466 1449 1598 1513 Θεὸς
1640 1449 1719 1511 είς
1754 1447 1846 1501 τὸν

270 1546 463 1601 αἰῶνα.
508 1565 525 1597 ι
560 1545 769 1599 Γίνεται
801 1544 857 1598 δὲ
884 1546 976 1598 καὶ
1002 1544 1165 1615 ἄρτος
1189 1544 1217 1595 6
1236 1540 1458 1613 Κύριος,
1485 1539 1742 1610 παρέχων
1769 1539 1847 1592 δι-

267 1639 587 1703 δασκαλίαν,
623 1639 718 1693 καὶ
745 1636 1015 1710 στηρίζων
1041 1634 1135 1689 τοῦ
1168 1633 1435 1696 ἐσθίοντος
1460 1631 1559 1702 τὴν
1593 1630 1838 1703 καρδίαν’

1278 230 1589 289 SELECTA
1627 229 1693 285 IN
1728 229 2155 287 PSALMOS.—
2178 227 2371 285 PSAL.
2412 223 2523 282 XV.

132 404 149 419 .
262 359 420 432 μίαν
452 373 571 426 μου
621 350 771 424 ἐμοὶ,
833 369 887 405 κ.
935 367 986 405 τ.
1022 351 1069 404 έ.
1109 346 1462 420 Κληρονομία
1488 346 1703 416 φύσεως
1744 346 1844 418 (50]

1960 346 2258 402 llaereditas
2303 353 2509 400 naturae
2535 341 2747 398 ratione
2787 337 2987 393 utentis
3013 346 3096 391 est
3119 334 3521 405 praeteritorum

3385 220 3522 276 l2”

1952 445 2007 490 et
2050 435 2354 489 futurorum
2404 431 2723 489 saeculorum
2757 426 3184 497 contemplatio;
3228 424 3522 479 harreditas

1953 541 2079 581 vero
2109 525 2316 581 Christi
2349 533 2432 580 est
2463 521 2701 594 cognitio
2729 520 2843 575 Dei.
2874 517 2991 572 Hoc
3020 517 3147 571 dicit
3168 515 3417 571 Christus
3461 523 3523 569 ut

1950 633 2195 673 summus
2231 619 2508 682 sacerdos,
2543 616 2697 683 cujus
2727 627 2852 683 pars
2880 609 3141 665 Dominus
3172 617 3276 663 est.
3312 605 3369 661 Si
3396 621 3524 676 pars

1950 708 2137 764 calicis
2167 720 2247 765 est
2276 709 2559 773 Dominus,
2593 707 2677 760 vel
2710 706 2755 760 is
2786 701 2941 771 cujus
2976 708 3059 757 est
3089 699 3381 764 Dominus,
3412 698 3522 753 hae-

1952 800 2196 855 reditatis
2215 801 2431 872 quidem
2450 798 2649 856 Christi
2668 812 2794 868 pars
2818 809 2938 864 qua:
2969 793 3036 848 ab
3070 794 3185 863 ipso
3220 790 3385 862 599
3414 804 3521 844 non

1949 890 2245 954 divellitur,
2268 899 2348 944 εει
2378 887 2536 941 Pater
2559 903 2575 950 ;
2600 885 2816 941 residua
2836 896 3015 940 autem
3044 883 3375 938 haereditatis
3399 883 3541 951 pars'

1948 991 2033 1037 est
2062 981 2289 1050 populus
2311 980 2400 1049 qui
2439 978 2487 1033 ei
2517 994 2546 1032 a
2576 975 2745 1031 Patre
2768 975 3090 1029 restituitur.
3122 972 3307 1028 Potest
3337 981 3521 1025 autem

1948 1077 2014 1130 de
2043 1073 2204 1127 Patre
2236 1082 2524 1139 utrumque
2553 1070 2682 1132 dici,
2712 1068 2997 1143 ipsun‘rqne
3024 1079 3146 1119 esse
3181 1065 3272 1134 qui
3302 1063 3402 1120 sibi
3436 1076 3523 1117 re-

1952 1166 2128 1222 stituit
2161 1165 2554 1228 haureditatem,
2578 1170 2861 1231 postquam
2889 1159 2980 1213 illa
3013 1157 3273 1228 spoliatus
3295 1164 3395 1212 est.
3423 1154 3521 1211 Vel

1948 1261 2027 1314 sic
2053 1279 2064 1314 :
2096 1259 2228 1314 Cum
2260 1267 2311 1312 te
2336 1270 2499 1325 supra
2529 1254 2785 1308 mundum
2806 1250 3003 1307 aﬂ'ectu
3023 1249 3304 1313 extuleris,
3331 1261 3523 1316 quam-

1947 1368 2070 1408 nam
2105 1350 2331 1405 habebis
2364 1357 2592 1417 partem,
2620 1347 2723 1400 nisi
2752 1342 3070 1399 Dominum?
3095 1341 3223 1411 Ejus
3255 1340 3397 1395 enim
3428 1339 3521 1409 qui
3638 1374 3645 1383 .

1945 1444 2197 1500 omnibus
2230 1442 2477 1496 nuntium
2519 1438 2759 1503 remisit,
2791 1448 2874 1492 est
2906 1439 3130 1492 dicere:
3169 1452 3189 1487 ι
3232 1433 3365 1488 Pars
3397 1448 3522 1487 mea

1947 1535 2090 1589 Deus
2120 1532 2173 1586 in
2202 1540 2484 1586 aeternum.
2519 1548 2537 1581 ι
2568 1527 2656 1582 Fit
2695 1536 2877 1581 autem
2930 1526 3093 1581 etiam
3136 1525 3290 1593 panis
3338 1522 3521 1577 Domi-

1947 1639 2076 1687 nus,
2109 1622 2370 1677 exhibens
2415 1618 2757 1683 doctrinam,
2792 1625 2849 1671 et
2882 1613 3214 1670 conﬁrmans
3244 1626 3339 1666 cor
3365 1624 3521 1664 man-

271 1732 409 1801 ποτή
421 1748 531 1803 ριον
552 1694 607 1783 δὲ
634 1729 774 1784 κατά
796 1694 1026 1801 θεωρίαν
1058 1727 1157 1797 τῆς
1186 1694 1461 1797 ἀληθείας,
1494 1694 1730 1793 παρέχον
1756 1722 1836 1774 εύ-

1947 1715 2253 1780 ducantis;
2306 1712 2448 1767 calix
2497 1723 2628 1764 vero
2665 1708 2961 1764 secundum
3008 1702 3522 1773 contemplationem

272 1824 549 1897 φροσύνην
595 1824 692 1894 τῆς
735 1821 988 1892 γνώσεως
1027 1819 1106 1891 τῷ
1143 1819 1232 1873 διὰ
1264 1815 1713 1887 συγκαταθέσεως
1748 1813 1842 1866 πί-

271 1933 437 1969 νοντι.
480 1916 719 1986 Χορηγεί
745 1914 800 1967 δὲ
828 1911 987 1966 τοῦτο
1027 1910 1270 1983 ἄμπελος
1309 1912 1343 1981 ἡ
1370 1906 1618 1980 ἀληθινὴ,
1645 1906 1720 1971 ὡς
1752 1906 1843 1960 τὸν

273 2007 464 2062 πιόντα
498 2007 676 2082 λέγειν
730 2006 1118 2079 χειριστηρίως⁸
1169 2023 1187 2057 ι
1227 2004 1473 2066 Ἔδωκας
1505 2000 1844 2075 εὐφροσύνην

269 2101 348 2164 είς
375 2100 471 2171 τὴν
501 2100 725 2172 καρδίαν
757 2116 878 2171 μου.
906 2117 925 2150 ι

342 2194 587 2262 Σχοινία
611 2190 919 2246 ἐπέπεσάν
941 2209 1043 2261 μοι
1076 2190 1147 2244 ἐν
1176 2189 1300 2255 τοῖς
1329 2187 1699 2253 καλλίστοις,
1742 2186 1841 2240 καὶ

273 2288 382 2355 γὰρ
410 2285 448 2353 ἡ
471 2285 836 2354 κληρονομία
854 2301 972 2353 μου
987 2282 1286 2348 καλλίστη
1298 2299 1402 2349 μοι
1418 2280 1611 2342 ἐστὶν,
1638 2296 1693 2332 κ.
1715 2295 1767 2331 τ.
1793 2278 1841 2330 ἑ.

272 2375 335 2428 Εἰ
366 2374 430 2429 τὸ
473 2374 700 2446 σχοινίον
736 2372 847 2446 (51)
880 2372 1076 2445 μέτρον
1115 2373 1252 2438 ἐστὶ,
1288 2370 1406 2434 πῶς
1449 2370 1756 2441 γέγραπται
1784 2369 1845 2421 ὲν

270 2464 348 2534 τῷ
379 2464 518 2519 κατά
553 2464 803 2535 Ἰωάννην
831 2463 1180 2533 Εὑαγγελίῳ”
1230 2481 1248 2513 ι
1280 2461 1353 2514 Οὐ
1383 2459 1492 2531 γάρ
1536 2462 1600 2513 ὲκ
1645 2458 1842 2530 μέτρου

273 2556 484 2609 δίδωσιν
510 2558 539 2610 6
566 2555 700 2619 Θεὸς
723 2556 784 2608 τὸ
805 2554 1039 2626 πνεῦμα·
1072 2573 1091 2605 ι
1124 2555 1218 2607 καὶ
1240 2553 1320 2618 τὸ,
1346 2572 1364 2605 ι
1401 2552 1606 2623 Ἐκχεῶ
1624 2551 1732 2605 ἀπὸ
1748 2548 1844 2603 τοῦ

273 2648 578 2719 πνεύματός
614 2666 713 2719 μου
738 2665 753 2713 ;
788 2666 806 2699 ι
839 2648 911 2701 Ἦ
939 2646 1079 2717 τάχα
1106 2646 1167 2700 τὸ
1197 2645 1393 2717 μέτρον
1417 2645 1479 2697 οὐ
1507 2644 1643 2716 πρὸς
1673 2642 1843 2713 αὐτὴν

270 2741 369 2812 τὴν
389 2739 586 2809 γνῶσιν
613 2738 953 2809 ὀνομάζεται,
973 2737 1109 2792 ἀλλά
1132 2736 1285 2809 παρά
1308 2737 1398 2791 τὸν
1430 2736 1842 2808 ὑποδεχόμενον,

273 2831 353 2903 τῷ
379 2832 452 2903 μὴ
479 2827 615 2885 εἶναι
632 2830 793 2884 αὐτὸν
822 2830 1067 2901 μείζονος
1087 2828 1354 2883 δεκτικόν.
1374 2829 1484 2883 Καὶ
1502 2827 1608 2901 γάρ
1634 2829 1662 2881 6
1689 2828 1844 2893 ὑετὸς

272 2923 433 2987 αὐτὸς
460 2922 557 2994 μὲν
590 2922 826 2994 ἀμετρός
857 2923 992 2986 ἐστι,
1032 2922 1309 2990 μετρεῖται
1331 2919 1388 2973 δὲ
1425 2922 1482 2973 ὲν
1514 2921 1628 2983 τοῖς
1652 2919 1845 2973 ὑποδε-

1945 1807 2214 1873 veritatis,
2245 1804 2490 1876 praebens
2524 1802 2765 1857 laetitiam
2793 1799 3039 1854 scientiae
3073 1797 3148 1851 illi
3180 1797 3272 1867 qui
3298 1810 3366 1849 ex
3394 1793 3524 1849 affe-

1944 1909 2034 1954 ctu
2070 1897 2225 1955 bibit.
2259 1894 2491 1951 Calicem
2521 1893 2668 1948 hnnc
2706 1890 2959 1961 pr0pinat
2990 1888 3117 1942 vitis
3142 1901 3306 1951 vera,
3341 1884 3522 1956 utqui

1944 1992 2102 2056 bibit,
2139 2004 2261 2044 cum
2295 1987 2595 2059 gratiarum
2627 1982 2843 2038 actione
2870 1981 3054 2036 dicat:
3094 1997 3113 2031 ι
3155 1978 3354 2034 Dedisti
3385 1976 3524 2033 laeti-

1948 2082 2076 2136 tiam
2108 2080 2163 2135 in
2198 2078 2366 2135 corde
2397 2090 2534 2132 meo.
2568 2093 2588 2127 ι

2014 2172 2179 2227 Vens.
2216 2172 2269 2227 6.
2309 2167 2487 2223 Funes
2521 2166 2822 2221 ceciderunt
2860 2164 2987 2218 mihi
3032 2163 3084 2216 in
3111 2160 3402 2232 prmclaris,
3444 2170 3523 2215 et-

1944 2265 2079 2318 enim
2108 2262 2387 2318 hwredilas
2418 2275 2534 2313 mea
2556 2257 2816 2327 precium
2857 2266 2932 2310 est
2958 2253 3106 2318 mihi,
3138 2264 3244 2308 etc.
3287 2252 3342 2307 Si
3373 2251 3518 2307 funis

1945 2372 2199 2413 mensura
2240 2366 2358 2423 est,
2402 2352 2671 2425 quomodo
2714 2349 2978 2418 scriptum
3018 2358 3104 2403 est
3137 2348 3189 2401 in
3223 2344 3518 2415 Evangelia

1946 2448 2240 2515 secundum
2266 2444 2532 2502 Joannem
2557 2442 2604 2475 δ’
2632 2460 2644 2496 :
2689 2457 2708 2490 ι
2734 2437 2850 2493 Non
2880 2440 3022 2494 enim
3055 2453 3122 2493 ex
3152 2449 3403 2491 mensura
3426 2436 3518 2489 dat

1945 2539 2086 2594 Deus
2124 2540 2397 2608 spiritum,
2433 2555 2453 2589 ι
2486 2545 2543 2591 ει
2582 2533 2711 2589 illud
2734 2532 2817 2585 “:
2859 2552 2878 2585 ι
2918 2530 3201 2587 Effundam
3229 2528 3296 2583 de
3322 2527 3515 2597 spiritu

1947 2631 2100 2686 meo?
2132 2650 2150 2683 ι
2174 2630 2270 2685 Vel
2305 2628 2446 2684 forte
2479 2643 2729 2683 mensura
2756 2643 2859 2681 non
2892 2634 3111 2696 propter
3137 2624 3307 2692 ipsam
3338 2620 3516 2675 scien-

1947 2720 2074 2775 tiam
2108 2720 2449 2786 nominatur,
2482 2720 2576 2774 sed
2606 2729 2826 2791 propter
2848 2732 2972 2772 eum
3006 2715 3099 2785 qui
3143 2714 3291 2769 illam
3333 2711 3515 2767 susci-

1944 2813 2042 2884 pit,
2067 2815 2208 2883 quod
2233 2827 2428 2882 nempe
2453 2812 2674 2881 majoris
2706 2827 2811 2866 non
2840 2811 2911 2864 sit
2942 2823 3135 2877 capax.
3160 2806 3369 2860 Etenim
3395 2803 3515 2874 ipsa

1943 2907 2125 2976 pluvia
2175 2921 2485 2961 mensuram
2529 2905 2788 2971 excedit,
2841 2902 3140 2958 metiuntur
3184 2907 3358 2952 tamen
3389 2911 3510 2951 eam

271 2988 516 3084 xopévo‘tc;
542 2988 705 3067 αὑτὸν
734 2988 997 3081 ἀγγείοις.
1034 2988 1466 3082 -Ἑκληροδοτήθη
1494 3009 1552 3064 δέ
1588 3028 1698 3081 μοι,
1734 3028 1841 3082 φη-

1946 3011 2074 3051 vasa
2140 2996 2193 3050 in
2255 2997 2452 3065 quibus
2507 2997 2785 3066 recipitur.
2838 2994 2966 3051 Mihi
3032 3002 3253 3055 autem,
3306 2988 3512 3058 inquit,

272 3100 375 3165 alv,
405 3099 593 3171 ὥσπερ
621 3103 684 3154 ὲκ
718 3100 916 3172 μέτρου
955 3100 1029 3170 γῆ
1150 3100 1244 3153 καὶ
1283 3099 1578 3172 ἀρκοῦμαι,
1621 3101 1716 3154 καὶ¹
1753 3101 1840 3154 διὰ

270 3192 379 3247 τῶν
416 3193 715 3247 καλλίστων
754 3210 878 3263 μου,
917 3190 1011 3245 τοῦ
1052 3209 1112 3245 τε
1171 3191 1345 3263 Ἰησοῦ
1388 3193 1483 3246 καὶ
1513 3192 1604 3247 τοῦ
1637 3193 1838 3248 Χάλεσ.

343 3366 455 3423 ποῦ
490 3366 696 3420 αὐτοῦ.
731 3364 917 3429 Οῦτως
940 3363 1171 3437 ἐγενήθη
1195 3363 1305 3435 (52)
1332 3363 1622 3435 σχοίνισμα
1650 3364 1843 3436 κληροο

267 3455 461 3528 νομίας
495 3454 658 3508 αὐτοῦ
717 3454 952 3526 Ἰσραήλ.
984 3454 1232 3508 Εύδοκῶν
1265 3454 1323 3507 δὲ
1342 3456 1409 3525 τῇ
1440 3454 1547 3526 ἰδία
1585 3454 1843 3526 κληρονο-

272 3550 392 3622 μίᾳ,
423 3548 498 3612 ὡς
531 3546 819 3619 κρατίστῃ,
851 3544 1022 3601 ταῦτά
1052 3563 1205 3618 φησι.

338 3640 670 3711 Εὐλογήσω
692 3639 800 3693 τὸν
825 3640 1042 3707 Κύριον
1063 3638 1168 3692 τὸν
1187 3635 1596 3692 συνετίσαντά
1625 3654 1722 3707 με·
1751 3638 1841 3693 ἔτι

266 3732 334 3786 δὲ
362 3732 461 3786 καὶ
490 3731 602 3798 ἕως
625 3731 845 3797 νυκτός
880 3729 1249 3785 ἐποίδευσάν
1279 3747 1356 3800 με
1380 3733 1434 3784 οὶ
1467 3731 1676 3800 νεφροί
1695 3748 1836 3800 μου,

268 3841 322 3878 κ.
346 3841 397 3879 τ.
427 3824 476 3877 ὲ.
505 3822 731 3892 Εὐλογεῖ
749 3838 834 3885 τις
858 3821 951 3875 τὸν
981 3820 1184 3892 Κύριον
1213 3821 1323 3891 (55)
1349 3820 1651 3889 φαντασίας
1683 3821 1841 3890 ἐγγε-

265 3915 497 3987 νομένης
529 3914 609 3986 τῷ
650 3913 746 3986 νῷ.
791 3913 923 3968 Ἀπὸ
958 3912 1252 3985 προσώπου
1289 3911 1399 3985 γὰρ
1431 3913 1596 3967 αὐτοῦ
1636 3913 1842 3983 γνῶσις

267 4008 365 4063 καὶ
392 4007 625 4072 σύνεσις.
658 4006 815 4061 Οὕτω
841 4007 931 4060 τὸν
955 4005 1055 4070 τάς
1086 4004 1305 4068 ὲντολάς
1332 4003 1605 4077 τηροῦντα
1634 4005 1839 4059 συνετί-

267 4101 351 4169 ζει
386 4104 416 4156 6
464 4102 686 4175 Κύριος.
735 4103 871 4174 Περὶ
915 4101 1126 4173 νεφρῶν
1169 4100 1227 4155 δὲ
1272 4100 1442 4169 λέγει,
1478 4098 1588 4154 τῶν
1631 4098 1727 4154 σὺν
1769 4101 1837 4171 τῇ

265 4196 462 4269 καρδία
503 4196 915 4269 ὀνομαζομένων
961 4196 1018 4247 ὲν
1074 4192 1181 4264 τῷ·
1247 4212 1267 4245 ι
1327 4191 1565 4255 Ἐτάζων
1616 4190 1841 4263 καρδίας

263 4289 358 4343 καὶ
392 4290 620 4361 νεφροὺς
650 4289 679 4341 6
711 4287 861 4351 Θεός,
898 4306 917 4338 ι
955 4276 1137 4350 Οὗτοι,
1188 4283 1567 4346 τελειωθέντες
1598 4282 1687 4336 διά
1715 4282 1840 4353 νοή-

1943 3103 2044 3144 ceu
2091 3088 2143 3143 in
2193 3103 2445 3143 mensura
2495 3089 2785 3144 haereditas
2828 3098 3022 3151 term,
3069 3100 3174 3153 qua
3226 3092 3515 3139 contentus

1943 3192 2084 3244 sum,
2124 3179 2249 3234 data
2289 3188 2372 3235 est
2405 3194 2504 3250 per
2540 3180 2831 3251 praeclaros
2870 3192 3019 3232 meos
3051 3174 3238 3232 Iesum
3279 3181 3335 3231 et
3370 3173 3515 3229 Cha-

1941 3270 2050 3325 leb.

2016 3361 2288 3431 Ejusdem.
2314 3361 2406 3419 Sic
2422 3362 2598 3419 factus
2630 3360 3007 3419 est-funiculus
3035 3359 3374 3416 hzereditatis
3395 3358 3515 3430 eius

1941 3454 2129 3511 Israel.
2163 3456 2279 3511 Sibi
2322 3464 2501 3511 autem
2533 3455 2877 3525 complacens
2925 3456 2979 3510 in
3024 3453 3246 3525 propria
3280 3451 3514 3508 haeredi-

1942 3557 2054 3603 tate
2083 3556 2141 3602 ut
2167 3546 2448 3616 prmclara,
2481 3548 2596 3602 haec
2624 3549 2718 3603 ait.

2022 3639 2186 3695 Vnus.
2217 3640 2270 3695 7.
2295 3637 2609 3692 Benedicam
2636 3637 2914 3693 Dominum
2937 3638 3028 3707 qui
3058 3637 3244 3692 tribuit
3274 3637 3402 3691 mihi
3432 3637 3514 3690 in-

1941 3733 2202 3789 tellectum
2225 3746 2245 3786 :
2271 3733 2484 3802 insuper
2510 3740 2557 3783 et
2599 3748 2763 3801 usque
2806 3732 2874 3784 ad
2908 3742 3107 3785 noctem
3143 3731 3514 3799 increpuerunt

1941 3841 2022 3881 me
2051 3840 2197 3878 renes
2226 3824 2346 3889 mei,
2368 3831 2472 3879 etc.
2503 3822 2786 3879 Benedicit
2814 3822 3006 3891 aliquis
3040 3822 3351 3889 Dominum,
3384 3839 3508 3877 cum

1939 3912 2057 3983 ejus
2099 3914 2266 3969 menti
2320 3915 2530 3983 species
2565 3914 2854 3984 ingeritur.
2890 3913 2932 3967 A
2981 3913 3118 3969 facie
3160 3915 3303 3969 enim
3336 3916 3507 3985 ipsius

1940 4006 2169 4062 scientia
2203 4014 2259 4061 et
2292 4005 2623 4061 intellectus.
2662 4005 2755 4061 Sic
2789 4007 2835 4061 ei
2866 4006 2957 4076 qui
2982 4006 3220 4061 custodit
3249 4008 3507 4061 mandata

1937 4098 2057 4170 eius
2090 4097 2429 4153 intellectum
2454 4098 2643 4153 tribuit
2667 4097 2827 4154 Deus.
2864 4098 2939 4153 De
2975 4100 3195 4154 renibus
3221 4107 3399 4153 autem
3424 4096 3505 4152 lo-

1936 4190 2163 4260 quitur,
2203 4190 2296 4260 qui
2333 4203 2440 4243 una
2490 4203 2614 4246 cum
2650 4190 2813 4244 corde
2861 4189 3213 4244 nominantur
3253 4188 3340 4243 his
3379 4202 3506 4241 ver-

1936 4282 2023 4337 bis
2042 4281 2127 4337 ":
2165 4299 2185 4334 ι
2219 4282 2484 4338 Scrutans
2531 4282 2693 4335 corda
2735 4290 2791 4337 et
2827 4298 2984 4337 renes
3021 4282 3183 4337 Deus.
3225 4300 3243 4332 ι
3283 4279 3343 4334 lli
3375 4266 3503 4333 cum-

261 4397 419 4445 σεως,
457 4378 767 4433 παιδεύουσι
799 4378 891 4432 τὸν
922 4377 1298 4447 ὲφιστάνοντα,
1350 4375 1467 4445 φῶς
1499 4374 1835 4446 παρέχοντες

1945 4372 2165 4444 perfecti
2194 4372 2397 4429 fuerint
2426 4373 2806 4445 intelligentia,
2828 4374 3087 4430 erudiunt
3114 4375 3505 4436 attendentem,

258 4470 533 4542 γνώσεως,
567 4470 726 4542 μέχρι
758 4470 893 4541 λυθῇ
916 4470 1015 4540 τῆς
1039 4467 1260 4538 ἀγνοίας
1288 4469 1322 4539 ἡ
1352 4465 1468 4534 νύξ.
1502 4467 1566 4520 Ei
1598 4466 1655 4519 δὲ
1686 4465 1838 4537 δηλοῖ

259 4562 357 4618 καὶ
392 4561 462 4615 τά
498 4560 767 4632 βαθύτερα
805 4560 914 4616 τῶν
960 4558 1247 4632 νοημάτων
1292 4561 1326 4629 ἡ
1359 4556 1476 4623 νὺξ,
1516 4556 1650 4611 καθὸ
1679 4556 1836 4625 λόγος

260 4655 472 4728 εἴρηται
507 4654 778 4716 σκοτεινὸς
802 4652 830 4705 6
865 4652 1143 4723 μυστικὸς,
1176 4650 1428 4722 φανερὸν,
1463 4650 1545 4703 ὅτι
1572 4649 1677 4713 ἕως
1701 4648 1836 4703 ταύ-

258 4765 360 4818 της
389 4744 701 4801 παιδεύουσι
729 4744 829 4816 τῆς
856 4744 1049 4807 νυκτὸς
1093 4745 1143 4797 οἱ
1179 4743 1388 4815 νεφροὶ,
1430 4742 1500 4796 τά
1540 4743 1835 4813 ἀπόκρυφα

236 4840 353 4894 “καὶ
385 4835 754 4909 αἰνιγματώδη
792 4834 1198 4905 σαφηνίζοντες.
1234 4834 1604 4907 Μετείληπται
1632 4833 1689 4888 δὲ
1722 4833 1832 4887 ἀπὸ

1937 4473 1991 4519 ει
2020 4463 2199 4519 lumen
2239 4464 2482 4520 scientiae
2516 4466 2793 4535 praebent,
2832 4467 3006 4522 donec
3044 4466 3360 4537 ignorantiae
3397 4478 3508 4519 nox

1935 4555 2284 4611 dissolvatur.
2312 4554 2465 4622 Quod
2490 4556 2533 4611 si
2564 4572 2661 4627 per
2693 4567 2909 4613 noctem
2937 4559 3102 4613 etiam
3131 4556 3506 4628 profundiores

1936 4647 2296 4715 cogitationes
2320 4647 2708 4718 designantur,
2744 4664 2848 4718 qua
2890 4649 3288 4720 signiﬁcatione
3316 4647 3510 4719 mysti-

1935 4753 2031 4792 cus
2062 4752 2240 4792 sermo
2264 4749 2494 4794 vocatur
2532 4740 2823 4806 obscurus,
2865 4741 3035 4810 liquet
3068 4739 3134 4794 ad
3168 4739 3309 4795 hanc
3336 4752 3507 4808 usque

1935 4837 2148 4882 noctem
2179 4845 2335 4887 renes
2366 4831 2604 4899 erudire,
2637 4846 2761 4887 cum
2792 4832 3009 4888 occulta
3034 4841 3090 4887 et
3116 4832 3297 4885 abdita
3324 4830 3506 4886 deela-

258 4930 364 4985 τῶν
397 4928 631 5001 νεφρῶν,
665 4929 723 4982 ὲν
754 4923 836 4992 οἷς
864 4927 1020 4997 γοναὶ
1049 4926 1145 4979 καὶ
1173 4927 1546 4999 σπερματικαὶ
1572 4925 1830 4996 δυνάμεις

1945 4927 2080 4973 rant.
2113 4918 2425 4989 Metaphora
2458 4933 2636 4979 autem
2669 4925 2831 4979 ducta
2863 4932 2946 4979 est
2983 4937 3013 4976 a
3047 4921 3268 4977 renibus
3305 4923 3506 4992 quibus

259 5020 624 5084 συνίστανται,
685 5021 798 5083 τοῖς
848 5020 1186 5089 γεννητικοϊς
1236 5017 1568 5090 χορηγοῦσαι
1618 5017 1825 5087 πόροις.

1945 5011 2136 5066 semina
2166 5024 2221 5067 et
2242 5014 2534 5071 seminales
2557 5017 2701 5073 vires
2727 5017 2932 5083 insunt,
2956 5030 3079 5086 qua:
3105 5016 3248 5071 vasis
3271 5029 3505 5085 genera-

257 5112 379 5165 Κάν
410 5114 475 5182 τῇ
507 5110 650 5181 ψυχῇ
676 5110 854 5163 τοίνυν
881 5106 1001 5161 ἐστὶ
1024 5107 1272 5179 νοήματά
1293 5124 1415 5161 τινα
1442 5109 1554 5171 τοῖς
1581 5106 1829 5177 σπέρμα-

1945 5104 2065 5158 ιίοιιὶ
2107 5106 2251 5174 aptis
2292 5106 2621 5165 inserviunt.
2658 5110 2801 5165 Sunt
2849 5110 3015 5179 igitur
3044 5108 3204 5163 etiam
3238 5107 3289 5161 in
3324 5106 3503 5160 anima

260 5220 344 5258 σιν
370 5202 631 5272 ἀνάλογα,
675 5200 819 5256 κατὰ
862 5200 931 5254 τά
962 5200 1108 5255 ἔνδον
1132 5201 1449 5272 γεννήματα
1480 5202 1538 5253 ὲν
1593 5198 1828 5267 ἀγαθαῖς

1945 5212 2128 5256 sensus
2158 5202 2375 5271 quidam
2406 5202 2499 5275 qui
2533 5203 2831 5260 seminibus
2858 5203 3093 5274 quadam
3121 5199 3332 5257 ratione
3354 5213 3507 5255 com-

323 5344 371 5378 “
396 5342 553 5400 Joan.
580 5357 776 5411 χχχιιι,
802 5341 891 5397 54.
968 5340 1015 5373 ⁸⁸
1046 5338 1185 5398 Joel.
1215 5356 1276 5408 ιι,
1306 5340 1397 5397 28.
1474 5339 1519 5372 "’
1550 5337 1692 5395 Psal.
1714 5353 1815 5406 vn,
1844 5337 1931 5403 10.

2004 5484 2117 5558 (“5-2)
2139 5487 2338 5553 Οὕτως
2370 5484 2646 5558 ἐγενήθη,
2670 5494 2777 5558 etc.
2803 5483 3114 5539 Corderius.

1935 5629 1974 5685 Β
2153 5550 2663 5629 Εὐλογεῗτιςτὸν
2692 5557 2932 5627 Κύριον,
2980 5563 3091 5611 etc.
3134 5550 3312 5610 Codex
3365 5550 3500 5618 Bne,

1979 5647 2005 5686 a
2078 5644 2225 5686 atus.

333 5485 444 5554 (50)
473 5487 853 5557 κληρονομία
886 5486 1148 5557 φύσεως,
1208 5495 1316 5542 etc.
1342 5486 1586 5544 ‘Schedte
1618 5484 1828 5553 Grabii,

266 5557 570 5625 partimque
603 5556 897 5621 Barbarus,
917 5566 971 5612 et
1002 5556 1319 5612 Corderius.

266 5709 326 5751 tu
331 5624 450 5752 b(:51)
483 5624 636 5681 Ειτὸ
663 5628 960 5697 σχοινίον,
990 5634 1097 5685 etc.
1127 5627 1354 5686 Scheda:
1387 5626 1599 5700 Grabii,
1632 5626 1831 5685 Barba-
