4020 6152
255 274 394 330 ’ΞΠ

1212 275 1520 333 SELECTA
1550 275 1617 332 IN
1651 278 1991 338 PSALMOS.’
2031 314 2097 325 -ρ
2135 281 2332 338 PSAL.
2358 281 2498 338 XVI.

3387 283 3523 359 ms

246 411 372 464 μου
391 393 503 447 οὐκ
523 390 595 446 ἐν
616 391 846 460 χείλεσι
862 390 1108 458 δολίοις,
1125 409 1179 446 κ.
1195 409 1245 446 τ.
1266 393 1312 449 ἐ.
1329 394 1444 457 Πᾶς
1457 395 1487 447 6
1506 394 1712 458 δίκαιος
1726 394 1830 467 (37)

1943 413 2056 451 nem
2086 415 2254 453 meam
2297 416 2401 455 non
2448 399 2502 453 in
2544 397 2697 455 labiis
2730 399 2962 465 dolosis,
2997 410 3106 456 etc.
3136 400 3295 473 σοι
3333 399 3523 458 Omnis

252 487 446 550 δοῦλος
491 484 839 555 δικαιοσύνης
883 484 1051 539 ἐστίν·
1095 487 1123 540 ὁ
1167 485 1225 539 δὲ
1256 485 1390 550 Θεὸς
1437 486 1598 558 μόνος
1634 487 1841 552 δίκαιος

244 580 525 649 Δεσπότης
547 576 915 649 δικαιοσύνης.
951 577 1009 629 '0
1034 576 1195 630 Δαυῖδ
1225 574 1338 641 οὖν,
1368 575 1625 641 συνειδὼς
1647 578 1839 633 ἑαυτὸν

249 669 581 743 καθαρεύειν
621 669 730 724 ἀπὸ
766 668 965 733 παντὸς
1000 669 1175 734 δόλου,
1228 668 1365 740 μετά
1405 670 1503 741 τῆς
1532 670 1668 742 πρὸς
1707 670 1840 725 Θεὸν

246 761 568 834 παρρησίας
580 759 754 815 ταῦτα
780 761 929 830 λέγει
958 761 1271 833 εὐχόμενος.

336 854 429 908 Ἐκ
449 852 773 921 προσώπου
792 867 909 907 σου
934 853 1001 906 τὸ
1026 852 1203 923 κρῖμα
1220 870 1341 924 μου
1360 855 1616 923 ἐξέλθοι,
1643 874 1698 912 κ.
1717 875 1768 911 τ.
1785 859 1834 912 έ.

243 941 318 997 Εἰ
351 944 533 997 πᾶσαν
561 942 659 1015 τὴν
699 943 880 1014 κρίσιν
910 942 1023 1015 (58)
1051 943 1284 999 δέδωκεν
1318 946 1347 997 6
1374 946 1565 1020 Πατὴρ
1593 947 1672 1021 τῷ
1698 936 1835 1019 Υἰῴ,

243 1036 317 1089 ὲκ
349 1034 640 1108 προσώπου
687 1035 745 1089 δὲ
775 1035 940 1089 αὐτοῦ
979 1037 1040 1090 τὸ
1079 1040 1251 1109 κρῖμα
1293 1036 1593 1111 ἐξέρχεται,
1639 1043 1704 1096 ἐκ
1743 1042 1838 1096 τοῦ

244 1128 386 1183 Υἰοῦ
423 1128 550 1202 ἄρα’
587 1128 752 1184 εἰκὼν
781 1130 890 1203 γάρ
913 1133 1029 1185 ἐστι
1054 1131 1147 1185 τοῦ
1175 1132 1387 1206 Πατρὺς
1419 1136 1448 1189 6
1479 1136 1733 1208 Χριστός.

330 1220 441 1274 Τοῦ
470 1221 678 1274 αὐτοῦ.
713 1239 733 1271 ι
771 1221 1032 1294 Ἐπείπερ
1070 1223 1099 1276 6
1130 1223 1402 1278 πιστεύων
1426 1225 1536 1299 ('59)
1559 1229 1638 1291 εἰς
1665 1228 1787 1299 ἐμὲ,
1816 1248 1835 1280 ι

244 1312 420 1384 φησὶν
451 1314 479 1366 6
505 1311 728 1384 Κύριος,
773 1331 793 1364 ι
827 1312 889 1366 ού
920 1313 1188 1386 κρίνεται,
1226 1335 1245 1368 ι
1284 1315 1381 1369 τοῦ
1409 1317 1752 1383 πιστεύοντος
1780 1320 1841 1374 τὸ

247 1407 431 1477 κρῖμα
462 1403 743 1476 ἐξέρχεται
769 1405 834 1458 ὲκ
864 1404 1158 1477 προσώπου
1188 1405 1281 1460 τοῦ
1305 1406 1462 1462 Θεοῦ.

320 1499 386 1551 Ol
414 1497 713 1567 ὀφθαλμοί
735 1514 855 1567 μου
908 1497 1199 1553 ἰδέτωσαν
1224 1501 1574 1569 εὐθύτητος,
1616 1518 1671 1557 κ.
1705 1519 1755 1555 τ.
1790 1503 1835 1556 ἐ.

248 1586 392 1659 Περὶ
418 1587 516 1659 τῆς
554 1587 1051 1654 ἀποκαταστάσεως
1088 1590 1199 1664 (40)
1235 1590 1331 1644 τοῦ
1372 1592 1570 1656 παντὸς
1598 1591 1838 1663 εὔχεται,

250 1679 343 1732 ἶνα
377 1679 573 1750 μηκέτι
683 1680 985 1752 σκολιότης,
1036 1682 1282 1752 πλαγίως
1312 1685 1427 1747 τοῖς
1467 1684 1839 1757 ἁμαρτάνουσι

247 1771 620 1844 πορευομένου
671 1770 765 1825 τοῦ
792 1772 949 1828 Θεοῦ.

337 1863 729 1934 Ἐδοκίμασας
762 1864 879 1935 τὴν
908 1866 1160 1936 καρδίαν
1183 1886 1325 1938 μου,
1376 1868 1697 1939 ἐπεσκέψω
1722 1888 1832 1925 νυ-

244 1958 410 2026 κτὸς*
433 1959 751 2029 ἐπύρωσάς
777 1980 877 2032 με,
919 1963 1017 2018 καὶ
1058 1966 1172 2035 οὐχ
1204 1965 1414 2036 εὑρέθη
1444 1967 1514 2021 ἐν
1548 1968 1677 2038 ἐμοὶ
1704 1968 1832 2023 ἀδι-

236 2052 369 2106 κία.
402 2053 590 2120 Ὅπως
612 2052 691 2108 ἂν
719 2053 807 2125 μὴ
843 2055 1091 2126 λαλήσῃ
1121 2056 1189 2111 τὸ
1223 2059 1418 2128 στόμα
1445 2077 1566 2129 μου
1594 2061 1665 2115 τὰ
1689 2060 1835 2131 ἔργα

243 2142 369 2196 τῶν
385 2142 730 2213 ἀνθρώπων-⁸
755 2144 854 2200 διὰ
883 2146 1026 2213 τοὺς
1055 2149 1278 2218 λόγους
1308 2149 1427 2203 τῶν
1446 2150 1697 2221 χειλέων
1714 2167 1833 2208 σου

241 2233 365 2303 ἐγὼ
414 2235 691 2305 ἐφύλαξα
744 2236 926 2304 ὀδοὺς
970 2240 1267 2309 σκληρὰς,
1321 2258 1376 2295 κ.
1414 2258 1466 2295 τ.
1508 2243 1555 2295 ἑ.
1597 2242 1835 2314 Σημειω-

241 2324 371 2377 τέον
402 2325 513 2397 (41)
541 2326 623 2392 τὸ,
664 2344 685 2379 ε
730 2327 1043 2399 ἐπεσκέψω,
1083 2348 1102 2381 ι
1146 2331 1248 2384 οὑκ
1280 2332 1374 2386 ἐπὶ
1413 2332 1686 2388 κολάσεων
1715 2334 1832 2388 κεί-

244 2432 432 2487 μενον.
466 2417 635 2472 Πάλιν
684 2419 881 2484 ἰστέον,
912 2420 995 2474 ὃτι
1023 2422 1283 2488 ἐναντίως
1318 2425 1347 2478 6
1388 2424 1631 2490 διάϐολος
1673 2429 1836 2498 πυροῖ

240 2507 328 2580 τῷ
354 2508 492 2580 Θεῷ.
522 2509 655 2574 Θεὸς
702 2511 760 2565 δὲ
807 2511 1017 2584 πυρῶν,
1061 2513 1181 2585 ἦτοι
1226 2514 1323 2587 τὴν
1372 2518 1834 2590 προϋπάρχουσαν

243 2602 491 2672 εὑρίσκει
520 2602 750 2671 ἀδικίαν,
776 2606 809 2678 ἢ
839 2606 961 2660 ἐπεὶ
975 2606 1037 2660 ού
1055 2607 1419 2681 προῦπάρχει,
1449 2609 1548 2680 οὐχ
1567 2610 1830 2681 εὑρίσκει.

251 2710 278 2745 e
318 2693 398 2747 Τὰ
431 2692 565 2766 ἔργα
615 2695 726 2751 τῶν
763 2697 1062 2770 ἀνθρώπων
1110 2718 1129 2751 ι
1189 2699 1310 2753 ἀντὶ
1369 2699 1464 2753 τοῦ
1504 2720 1523 2753 ι
1565 2702 1693 2772 περὶ
1723 2701 1834 2757 τῶν

244 2782 426 2855 ἔργων
456 2785 563 2839 τῶν
595 2786 920 2860 ἀνθρώπων.
957 2809 977 2842 ι
1024 2791 1096 2843 Ἦ
1122 2790 1261 2862 ἔργα
1291 2790 1399 2844 τῶν
1430 2792 1743 2865 ἀνθρώπων
1758 2796 1834 2847 εἰ-

247 2877 338 2931 σὶν
381 2879 431 2932 οἰ
463 2880 537 2951 μὴ
564 2880 695 2934 θεῖοι
720 2881 890 2952 λόγοι,
924 2882 1017 2949 οὒς
1055 2884 1334 2959 ἄνθρωποι
1361 2888 1481 2951 ταῖς
1511 2887 1671 2953 ἰδίαις
1710 2889 1833 2945 ἐπι-

245 2966 420 3031 νοίαις
446 2968 788 3037 εἰργάσαντο.

328 3059 436 3115 Τοῦ
461 3063 668 3117 αὑτοῦ.
701 3063 892 3119 Νύκτα
909 3066 1008 3139 τὴν
1031 3065 1206 3138 θλίψιν
1234 3065 1345 3140 (42)
1365 3067 1534 3139 λέγει,
1558 3071 1618 3124 ὲν
1709 3087 1834 3126 σκο-

247 3149 456 3215 τίζεται
484 3154 517 3225 ἡ
545 3153 709 3227 ψυχή.
746 3156 1109 3228 Δοκιμάζεταί
1138 3177 1221 3224 τις
1251 3161 1515 3228 γενναίως
1546 3159 1833 3233 ὑπομένων

246 3241 321 3296 τὰ
351 3243 604 3317 δυσχερῆ.
638 3247 825 3301 Νύκτα
856 3248 911 3302 δὲ
936 3250 1187 3321 ὠνόμασε
1212 3251 1281 3305 τά
1303 3252 1540 3325 δυσχερῆ
1573 3252 1661 3306 διά
1690 3253 1750 3307 τὸ
1775 3254 1833 3323 ἐξ

249 3333 494 3406 ἀθυμίας
530 3339 737 3402 σκότος.
761 3341 832 3393 Ἦ
861 3342 1052 3407 νυκτὸς
1076 3344 1345 3415 ἐμνήσθη,
1375 3346 1562 3418 ἐπειδὴ
1596 3347 1654 3400 ὲν
1678 3350 1834 3403 νυκτὶ

248 3425 581 3481 καθεύδοντα
623 3429 758 3484 ἑλὼν
808 3431 1116 3505 ὑποχείριον
1148 3434 1239 3488 τὸν
1271 3435 1442 3490 Σαοὺλ
1474 3438 1831 3508 περιέσωσεν,

248 3516 315 3572 οὐ
359 3520 518 3589 μόνον
558 3522 720 3587 αὐτὸς
748 3526 848 3578 οὐκ
878 3527 1106 3593 ἀνελὼν,
1150 3527 1287 3582 ἀλλὰ
1327 3530 1582 3596 καὶτοὺς
1623 3532 1832 3587 ἀνελεῖν

251 3608 609 3684 βουλομένους
644 3616 914 3682 κωλύσας.

326 3819 439 3874 Τοῦ
470 3818 678 3876 αὐτοῦ.
721 3835 741 3869 ι
778 3818 1064 3873 Εἰσέλθετε
1090 3819 1178 3873 διὰ
1212 3822 1309 3893 τῆς
1350 3824 1545 3896 στενῆς
1579 3825 1691 3898 (45)
1728 3829 1829 3883 πύ-

250 3908 351 3981 λης
372 3916 464 3969 καὶ
480 3912 849 3985 τεθλιμμένης
877 3911 1019 3977 ὀδοῦ,
1062 3933 1081 3965 ι
1103 3914 1346 3967 τουτέστι
1372 3916 1470 3987 τῆς
1501 3921 1825 3992 πραττικῆς,

249 4003 394 4076 ἥτις,
442 4009 491 4061 εἰ
520 4008 612 4061 καὶ
640 4007 735 4062 νῦν
761 4006 954 4081 ὀδύνης
987 4007 1082 4060 καὶ
1110 4006 1171 4060 ού
1217 4010 1412 4080 χαρᾶς,
1445 4009 1560 4064 ἀλλ’
1600 4011 1828 4085 ὕστερον

248 4096 479 4168 καρπῶν
509 4096 851 4169 δικαιοσύνης
884 4096 1091 4166 γίνεται
1131 4096 1388 4169 πρόξενος
1423 4103 1536 4164 τοῖς
1562 4101 1629 4154 δι’
1657 4104 1829 4177 αὐτῆς

246 4190 737 4261 γεγυμνασμένοις.

334 4280 473 4353 Ἐγὼ
487 4280 798 4350 ἐκέκραξα,
823 4279 913 4334 ὅτι
938 4278 1288 4349 emittat)on
1300 4298 1441 4350 μου,
1460 4284 1493 4336 ὀ
1518 4285 1678 4350 Θεός.
1694 4285 1828 4340 Κλῖ-

246 4390 358 4430 νον
396 4375 462 4429 τὸ
510 4370 621 4441 οὖς
649 4390 765 4427 σου
816 4371 965 4442 ἐμοὶ,
1023 4372 1120 4425 καί
1163 4371 1531 4427 εἰσάκουσον
1582 4376 1701 4428 τῶν
1722 4379 1827 4445 ρη-

1937 489 2115 559 justus
2145 505 2334 546 servus
2355 501 2439 546 est
2461 491 2689 561 iustitia!
2716 511 2731 547 :
2763 492 2905 547 Deus
2927 502 3104 547 autem
3140 496 3290 549 solus
3309 495 3520 563 justus,

1942 580 2205 635 Dominus
2249 590 2334 636 est
2380 581 2626 650 justitim.
2661 581 2829 636 David
2873 582 3057 652 itaque
3090 598 3213 637 cum
3244 599 3304 639 se
3338 588 3518 644 omnis

1941 669 2050 725 doli
2092 682 2371 741 expertem
2401 674 2668 739 sentiret,
2699 689 2820 728 cum
2856 672 3050 728 ﬁducia
3083 674 3151 728 ad
3192 674 3364 730 Deum
3406 677 3525 735 haec

1939 755 2073 811 dicit
2113 760 2406 827 precando.

2012 849 2175 907 Vens.
2201 849 2257 904 2.
2299 851 2377 905 De
2428 850 2574 906 vultu
2619 862 2710 907 tuo
2759 851 3023 922 judicium
3062 870 3233 907 meum
3273 856 3519 923 prodent,

1941 947 2047 996 etc.
2093 939 2149 996 Si
2195 943 2360 998 Pater
2392 958 2553 998 omne
2597 943 2857 1011 judicium
2890 945 3036 998 dedit
3068 944 3226 1005 Filio.
3275 948 3343 1002 de
3374 949 3524 1003 vultu

1941 1030 2059 1100 ejus
2100 1034 2366 1104 judicium
2417 1036 2621 1106 prodit,
2684 1035 2944 1091 videlicet
3005 1051 3073 1091 ex
3120 1035 3279 1092 Filio.
3343 1038 3524 1108 luiago

1942 1125 2085 1180 enim
2112 1126 2292 1182 Patris
2322 1125 2572 1182 Christus
2603 1135 2705 1183 est.

2017 1217 2290 1288 Ejusdem.
2319 1239 2337 1272 ι
2365 1220 2630 1285 Quoniam
2657 1221 2748 1292 qui
2777 1222 2951 1277 credit
2983 1223 3035 1277 in
3069 1238 3174 1287 me,
3200 1241 3220 1275 ο
3244 1221 3318 1275 ait
3338 1221 3523 1277 Domi-

1942 1325 2045 1364 nus
2066 1310 2134 1376 “,
2165 1329 2184 1361 ι
2211 1326 2314 1366 non
2340 1311 2643 1381 judicatur,
2671 1334 2691 1366 ι
2714 1317 2984 1370 credentis
3015 1315 3283 1384 judicium
3310 1314 3425 1369 exit
3456 1315 3524 1368 de

1939 1402 2091 1456 vultu
2126 1402 2243 1461 Dei.

2012 1492 2169 1548 Oculi
2202 1494 2303 1549 mei
2333 1495 2544 1551 videant
2576 1499 2876 1569 a'quitales,
2908 1510 3018 1558 etc.
3077 1500 3153 1555 De
3178 1497 3522 1571 restitutione

1939 1587 2322 1642 universorum
2358 1599 2632 1659 precatur,
2688 1602 2744 1644 ut
2777 1592 2923 1646 nulla
2975 1594 3211 1663 amplius
3266 1595 3337 1648 sit
3379 1591 3520 1645 ohli-

1941 1678 2145 1749 quitas.
2200 1679 2344 1737 Deus
2399 1681 2541 1735 enim
2572 1682 2792 1753 oblique
2823 1701 2946 1739 cum
2972 1688 3358 1756 petcatoribus
3386 1688 3520 1758 agit.

2014 1859 2178 1916 Vens.
2202 1858 2258 1925 5,
2286 1858 2342 1917 4.
2385 1857 2638 1916 Probasti
2668 1879 2762 1916 cor
2795 1880 2966 1918 meum
3005 1874 3055 1920 et
3092 1867 3314 1921 visitain
3340 1876 3519 1934 nocte;

1942 1956 2061 2026 igne
2080 1972 2161 2009 mc
2185 1955 2589 2018 examinasti,et
2631 1975 2734 2013 non
2763 1970 2838 2014 est
2879 1962 3088 2017 inventa
3136 1964 3188 2016 in
3214 1981 3294 2018 me
3328 1964 3522 2035 iniqui-

1941 2059 2044 2103 tas.
2089 2044 2158 2100 Ut
2186 2064 2287 2101 non
2311 2046 2559 2118 loquatur
2582 2066 2640 2103 os
2664 2066 2835 2104 meum
2859 2069 3015 2119 opera
3043 2057 3314 2111 hominum
3342 2071 3362 2109 :
3395 2071 3522 2125 pro-

1938 2150 2055 2211 pter
2082 2141 2237 2195 verba
2268 2140 2529 2195 labiorum
2574 2155 2784 2197 tuorum
2831 2161 2924 2216 ego
2963 2149 3219 2203 custodivi
3268 2152 3378 2205 vias
3416 2151 3521 2205 du-

1941 2251 2050 2300 ras,
2084 2242 2191 2289 etc.
2254 2232 2570 2289 Notandum
2617 2246 2700 2291 est
2716 2238 2835 2292 'hoc
2878 2240 3129 2308 Verbum,
3169 2243 3465 2313 cvisitasti,
3491 2266 3512 2302 ι

1941 2339 2048 2379 non
2088 2325 2156 2380 de
2186 2324 2467 2395 suppliciis
2516 2325 2721 2380 dictum
2773 2342 2914 2383 esse.
2975 2328 3189 2388 Rursus
3232 2336 3517 2394 sciendum

1941 2426 2044 2483 eat,
2074 2416 2351 2472 diabolum
2395 2418 2676 2474 contrario
2705 2433 2929 2487 prorsus
2963 2424 3124 2477 modo
3157 2422 3280 2494 igne
3313 2429 3521 2483 exami-

1942 2523 2092 2564 nare.
2135 2508 2268 2565 Cum
2295 2511 2438 2564 enim
2475 2510 2617 2566 Deus
2646 2512 2769 2579 igne
2812 2514 3107 2578 examinat,
3141 2517 3327 2586 utique
3357 2533 3518 2590 repe-

1943 2600 2013 2654 rit
2041 2601 2508 2669 prmexsistentem
2559 2600 2848 2666 malitiam,
2886 2602 2967 2656 vel
3004 2605 3127 2674 quia
3175 2622 3281 2662 non
3308 2623 3518 2678 praees-

1941 2692 2104 2762 sistit,
2134 2709 2238 2748 non
2272 2695 2494 2763 reperit.
2534 2695 2682 2750 Dixit
2710 2704 2892 2751 autem
2929 2715 2949 2749 ι
2976 2712 3140 2768 opera
3171 2699 3467 2765 hominum,
3491 2720 3512 2754 ι

1941 2799 2064 2856 pro,
2099 2802 2119 2838 ι
2145 2786 2209 2841 de
2237 2786 2491 2857 operibus
2521 2786 2819 2842 hominum.
2850 2807 2869 2842 ι
2916 2790 3011 2846 Vel
3040 2806 3201 2860 Opera
3233 2792 3514 2849 hominum

1941 2887 2069 2933 sunt
2102 2892 2385 2934 sermones
2432 2878 2657 2934 minime
2703 2880 2895 2947 divini,
2924 2896 3062 2951 quos
3105 2884 3353 2941 homines
3385 2902 3518 2958 spro-

1940 2968 2075 3039 priis
2097 2970 2516 3039 cogitationibus
2541 2973 2834 3027 commenti
2865 2984 3012 3028 sunt.

2011 3061 2289 3132 Ejusdem.
2327 3063 2554 3119 Noctem
2604 3065 3003 3122 tribulationem
3033 3068 3167 3125 dicit
3197 3070 3249 3125 in
3281 3085 3386 3140 qua
3417 3073 3515 3130 ob-

1938 3154 2253 3210 tenebratur
2281 3155 2483 3209 anima.
2521 3154 2791 3212 Probatur
2822 3158 2968 3228 quis,
3000 3174 3124 3214 cum
3171 3162 3296 3215 forti
3328 3163 3513 3221 animo

1935 3244 2041 3302 fert
2067 3245 2223 3300 dura.
2289 3244 2474 3302 Noctis
2531 3256 2711 3301 autem
2766 3250 2982 3304 nomine
3036 3252 3328 3320 appellavit
3376 3254 3512 3309 dura

1933 3347 2156 3408 propter
2184 3338 2439 3394 tenebras
2479 3352 2615 3408 quas
2650 3340 2959 3409 desperatio
2991 3341 3239 3398 oﬂundit.
3288 3342 3380 3399 Vel
3417 3361 3515 3400 no-

1929 3439 2076 3486 ctem
2106 3430 2450 3495 memoravit,
2480 3430 2605 3502 quia
2638 3429 2854 3486 Saulem
2882 3448 3043 3501 quem
3104 3434 3158 3488 in
3193 3444 3354 3491 nocte
3383 3436 3513 3491 dor-

1932 3524 2189 3584 mientem
2239 3534 2483 3595 ceperat,
2536 3525 2862 3580 incolumem
2918 3527 3172 3593 servavit,
3226 3542 3351 3583 cum
3404 3543 3511 3585 non

1933 3614 2107 3670 solum
2139 3614 2253 3685 ipse
2283 3630 2387 3669 non
2417 3615 2638 3681 occidit,
2692 3615 2787 3670 sed
2818 3616 2955 3671 alios
2987 3616 3079 3686 qui
3109 3630 3233 3670 eum
3264 3618 3513 3673 occidere

1932 3705 2209 3772 volebant,
2244 3705 2540 3776 prohibuit.

2000 3796 2280 3869 Ejusdem.
2344 3815 2363 3849 ι
2387 3796 2590 3853 Intrate
2635 3811 2733 3867 per
2763 3805 3048 3867 angustam
3096 3806 3310 3867 portam
3334 3807 3390 3855 et
3419 3815 3512 3855 ar-

1927 3899 2072 3946 ctam
2095 3892 2238 3946 viam
2258 3890 2327 3955 ⁸⁸,
2352 3909 2371 3942 ι
2393 3890 2498 3945 hoc.
2528 3899 2611 3945 est
2639 3890 3082 3961 actricem,qua2,
3111 3891 3212 3946 etsi
3244 3905 3385 3946 nunc
3416 3894 3511 3947 do-

1928 3982 2061 4038 loris
2107 3992 2164 4036 et
2212 3997 2320 4038 non
2362 3981 2562 4037 lmtitiaa
2610 3982 2773 4051 plena
2822 3991 2929 4047 est,
2963 3992 3021 4036 at
3061 3992 3246 4052 postea
3285 3982 3511 4052 justiti:

1929 4073 2139 4131 [ructus
2174 4073 2316 4130 feret
2343 4075 2411 4130 iis
2437 4074 2529 4144 qui
2555 4074 2608 4129 in
2635 4088 2701 4130 ea
2735 4075 3021 4130 exercitati
3049 4074 3277 4131 fuerint.

2000 4273 2165 4330 Vens.
2193 4275 2248 4339 6,
2277 4274 2329 4329 7.
2376 4273 2491 4346 Ego
2537 4272 2762 4327 clamavi
2808 4273 3063 4342 quoniam
3110 4271 3373 4327 exaudiin
3401 4288 3505 4341 nte,

1928 4368 2090 4423 Deus.
2154 4366 2365 4421 Incliua
2402 4381 2585 4418 aurem
2624 4375 2768 4417 tuam
2817 4363 2968 4428 mihi,
3025 4372 3075 4416 et
3115 4365 3311 4418 exaudi
3353 4363 3503 4417 verba

239 4463 446 4536 μάτων
487 4481 627 4533 μου.
659 4461 1104 4531 Θαυμάστωσον
1128 4459 1198 4514 τὰ
1228 4458 1370 4527 ὲλέη
1398 4476 1538 4525 σου,
1568 4465 1601 4516 ό
1626 4461 1827 4523 σώζων

1942 4477 2063 4515 nea.
2126 4459 2359 4527 Miriﬁca
2400 4457 2793 4511 misericordias
2849 4466 2989 4523 tuas,
3015 4456 3106 4526 qui
3150 4454 3321 4509 salt-os
3369 4454 3505 4522 facta

244 4556 389 4621 τοὺς
415 4552 762 4618 ἐλπίζοντας
801 4552 901 4606 ἐπὶ
926 4551 1019 4615 σὲ,
1067 4569 1120 4605 κ.
1169 4569 1221 4607 τ.
1255 4552 1301 4604 ἑ.
1335 4552 1547 4624 Ὥσπερ
1582 4554 1818 4608 ἐπακου-

245 4647 467 4710 σθέντες
508 4645 617 4716 (44)
651 4646 781 4716 πρὶν
813 4642 1071 4708 εῦξασθαι
1113 4643 1394 4714 εὐχόμενοι
1444 4644 1818 4716 κεκράγαμεν.

244 4740 320 4795 Ἢ
351 4740 400 4791 εἰ
432 4737 594 4792 καλὸν
623 4738 685 4791 τὸ
711 4736 1038 4808 κεκραγέναι
1065 4734 1140 4806 μὴ
1167 4734 1340 4806 μικρά
1368 4735 1461 4789 καὶ
1484 4736 1823 4808 εὐκαταφρό-

244 4848 382 4903 νητα
404 4830 602 4899 λέγειν,
622 4828 756 4883 ἀλλὰ
777 4827 987 4900 μεγάλα
1011 4826 1298 4897 εὐξάμενοι
1322 4827 1418 4881 καὶ
1446 4828 1816 4900 ἐπιτυχόντες,

244 4922 598 4995 κεκράγαμεν
617 4921 703 4975 ὅτε
730 4919 873 4974 οὕτω
899 4918 1268 4990 κεκράγαμεν.
1286 4916 1476 4972 Πολλοί
1493 4918 1551 4972 δὲ
1571 4918 1712 4974 έλεοι
1736 4922 1821 4989 γί-

243 5031 425 5069 νονται
452 5011 611 5080 Θεοῦ,
640 5012 729 5067 διά
778 5011 839 5066 τὸ
864 5009 1153 5082 ἀκολουθίᾳ
1190 5010 1297 5063 τιν)¹
1336 5008 1652 5084 ἀνθρωπίνῃ
1676 5030 1817 5085 συμ..

245 5104 471 5171 σαίνειν,
513 5104 575 5158 ού
624 5101 1097 5175 θαυμαστούμενοι
1142 5100 1247 5154 ὑπὸ
1288 5099 1383 5153 τοῦ
1412 5100 1688 5167 ποιοῦντος
1718 5105 1818 5159 αύ-

315 5219 367 5252 ⁸⁸
422 5216 581 5273 Joan.
616 5235 709 5286 In,
741 5218 828 5274 18.
939 5217 988 5251 ⁸³
1016 5216 1200 5271 Matth.
1229 5231 1322 5271 vn.
1346 5216 1434 5271 15.

461 5333 586 5401 Πᾶς
616 5336 649 5388 ό
675 5334 928 5400 δίκαιος,
980 5341 1086 5387 etc.
1134 5329 1446 5389 Corderius.
1499 5340 1554 5383 et
1599 5328 1812 5387 schedte

242 5403 520 5539 ϐτίὲἒίἘί
548 5473 755 5530 πᾶσαν
780 5473 895 5541 τὴν
923 5472 1153 5541 κρίσιν,
1190 5480 1296 5525 etc.
1356 5470 1583 5526 Schcdat
1626 5469 1813 5527 Grabii

246 5544 466 5611 Origeni
505 5546 772 5604 trihuuut.
802 5544 1097 5599 Corderius
1121 5543 1369 5596 Eusebio.

311 5610 425 5683 (39)
464 5615 734 5682 Ἐπείπερ
763 5618 797 5669 ό
825 5614 1147 5674 πιστεύων,
1178 5622 1283 5683 etc.
1315 5611 1493 5666 Codex
1524 5610 1659 5683 lioe.

242 5752 287 5809 Β
314 5680 426 5756 (40)
470 5683 612 5755 Περί
666 5680 778 5754 τῆς
833 5681 1414 5749 ἀποκαταστάσεως,
1466 5692 1573 5737 etc.
1625 5680 1811 5739 Codex

292 5770 379 5810 uc.

1926 4561 2194 4623 sperantes
2240 4554 2295 4607 in
2336 4559 2406 4616 te,
2436 4562 2545 4606 etc.
2589 4548 2868 4618 Tanquam
2898 4548 3139 4603 exauditi
3189 4550 3504 4617 priusquam

1927 4662 2236 4710 oraremus,
2274 4645 2552 4714 precando
2585 4644 2966 4699 clamavimus.
2994 4642 3093 4696 Vel
3124 4642 3169 4696 si
3194 4642 3391 4696 bonum
3422 4651 3508 4696 cst

1927 4740 2187 4803 clamare,
2228 4752 2335 4791 non
2372 4750 2538 4805 parva
2578 4751 2754 4805 neque
2776 4734 2923 4799 vilia,
2960 4734 3053 4788 sed
3089 4749 3279 4804 magna
3320 4741 3507 4804 p0stu-

1927 4832 2100 4886 iantes
2124 4838 2180 4885 et
2207 4830 2535 4891 obtinentes.
2557 4828 2911 4884 clamavimus
2938 4827 3154 4897 quando
3184 4826 3265 4881 sic
3294 4826 3502 4880 clama-

1925 4924 2128 4977 vimus.
2202 4921 2374 4977 Fiunt
2414 4930 2592 4979 autem
2639 4921 2885 4992 plurimae
2946 4919 3332 4975 misericordia:
3383 4920 3499 4981 Dei,

1924 5031 2064 5086 qua’,
2080 5017 2203 5085 quia
2228 5016 2466 5071 humana
2489 5015 2722 5085 quadam
2751 5011 3139 5082 consequentia
3158 5010 3501 5079 contingunt,

1916 5108 2086 5181 602
2116 5124 2223 5164 non
2258 5097 2626 5163 miriﬁcantur
2670 5105 2738 5160 ab
2770 5119 2838 5160 eo
2867 5104 2961 5175 qui
2996 5103 3119 5159 illas
3162 5100 3318 5157 facit.
3357 5100 3502 5157 Pau-

1992 5335 2104 5405 (41)
2132 5330 2507 5403 Σημειωτέον
2538 5328 2628 5388 τό.
2660 5337 2766 5383 etc.
2785 5326 3101 5384 Corderius.

1991 5428 2107 5498 (42)
2139 5428 2345 5481 Νύκτα
2364 5423 2485 5492 τὴν
2508 5422 2740 5491 θλίψιν,
2762 5429 2870 5478 etc.
2916 5419 3141 5474 Schedae
3164 5415 3374 5473 Grabii.

1991 5519 2103 5585 (45)
2144 5516 2467 5573 Εἰσέλθετε
2509 5512 2607 5568 διὰ
2646 5512 2789 5585 τῆς.
2811 5508 3071 5585 στενῆς,
3122 5517 3229 5565 etc.
3288 5508 3498 5563 Eandem

1918 5582 2166 5650 schedia;
2198 5588 2397 5642 similia
2426 5587 2537 5640 fere
2569 5584 2732 5639 habet
2758 5582 3052 5637 Barbarus.

1990 5680 2104 5753 tu;
2130 5680 2357 5753 Ὣσίιερ
2378 5672 2906 5753 cauendae-reg
2960 5680 3069 5729 etc.
3123 5669 3304 5727 Codex
3360 5667 3495 5730 ἰὶοε,

1919 5746 2225 5825 partimque
2244 5746 2571 5805 Corderius.
