4020 6152
544 276 683 332 5219
1924 273 2016 341 EX
2056 274 2359 331 ORIGENE
3680 280 3807 337 {2'20

540 419 621 459 ca:
651 415 779 460 sunt
807 415 929 473 quae
956 398 1339 463 miriticantur,
1373 400 1593 468 quando
1619 415 1696 455 ea:
1729 388 1963 455 mirabili
1996 416 2105 471 quo

2224 400 2370 463 τούς.
2415 398 2610 470 Ὀλίγοι
2638 400 2695 454 δέ
2723 402 2858 455 εἰσιν
2885 403 2931 454 οἱ
2967 399 3465 473 θαυμαστούμενοι,
3493 399 3587 453 ὅτε
3615 402 3683 454 ὲκ
3720 401 3802 455 τοῦ

541 497 666 550 dam
700 511 765 551 ac
806 497 1116 567 prodigiose
1147 493 1306 549 modo
1335 495 1629 548 accidunt:
1667 493 1916 564 exemplo
1945 495 2052 548 sint
2082 494 2105 546 i‘

2224 491 2524 563 παραδόξου
2566 492 2659 546 καὶ
2688 493 2989 562 τεραστίως
3023 491 3284 561 γίνονται·
3315 488 3430 546 οἷον
3467 491 3715 544 εστωσαν
3757 494 3801 545 οἱ

541 588 633 653 qui
662 588 1092 644 misericorditer
1119 606 1147 643 a
1177 590 1417 645 febribus
1450 589 1533 644 vel
1557 590 1705 656 lepra
1733 585 1946 640 liberati
1971 595 2116 640 sunt.

541 675 597 730 Si
637 677 919 732 medicinae
953 679 1036 732 via
1069 681 1244 734 curati
1299 679 1522 744 fuerint,
1564 693 1593 731 a
1624 677 1729 730 Deo
1770 676 1988 744 quidem
2018 676 2120 729 mi—

539 769 890 824 sericordiam
940 773 1218 826 consecuti
1255 781 1401 837 sunt,
1450 787 1556 827 non
1591 782 1770 826 tamen
1816 770 1984 840 ipsius
2014 769 2119 822 mi-

537 860 834 914 sericordia
882 861 936 915 in
964 862 1045 916 eis
1078 861 1371 917 miriﬁcata
1403 872 1519 929 est;
1559 864 1603 917 si
1635 875 1765 917 vero
1808 868 1951 915 tactu
1986 857 2115 914 Jesu

535 953 731 1009 febrim
772 956 1106 1024 increpantis
1153 956 1235 1024 (ut
1263 959 1353 1027 qui
1386 956 1569 1011 statim
1615 955 1782 1010 robur
1804 970 1869 1010 ac
1913 954 2118 1009 valetu-

535 1045 718 1099 dinem
754 1046 1042 1102 restituere
1084 1046 1308 1117 valeat),
1359 1048 1445 1102 vel
1484 1055 1737 1116 tangente
1788 1047 1904 1116 ipso
1942 1060 2005 1100 ac
2035 1045 2115 1100 di-

533 1145 694 1191 cente
714 1135 762 1168 ⁸⁸
794 1154 808 1190 :
862 1155 881 1188 ι
908 1136 1062 1201 Volo,
1110 1138 1397 1200 mundare,
1422 1156 1444 1191 ι
1477 1137 1689 1193 liberati
1726 1135 1928 1192 fuerint
1960 1151 1989 1190 a
2035 1135 2116 1190 le-

533 1245 656 1298 pra,
699 1237 809 1283 tum
842 1229 986 1286 Deus
1015 1230 1418 1300 quodammodo
1451 1229 1861 1286 misericordias
1905 1243 2032 1285 suas
2060 1229 2111 1282 in

534 1322 639 1375 illis
670 1319 943 1375 mirificat.

605 1414 767 1467 Vens.
793 1413 847 1469 8.
888 1413 932 1467 A
980 1415 1341 1469 resistentibus
1375 1413 1604 1468 dexterae
1643 1422 1749 1468 tua:
1789 1412 1997 1467 custodi
2031 1427 2112 1465 me

531 1515 586 1558 ut
615 1504 874 1574 pupillum
918 1507 1081 1573 oculi,
1111 1516 1218 1560 etc.
1280 1505 1382 1572 Qui
1436 1504 1646 1560 resistit
1692 1504 1935 1570 Christo,
1975 1505 2112 1560 resi-

529 1596 624 1649 stit
653 1596 889 1649 dextcrzr
915 1596 1031 1650 Dei.
1073 1596 1295 1662 Quaeres
1328 1611 1396 1649 an
1425 1595 1589 1650 liceat
1617 1595 1734 1666 ejus
1765 1595 2000 1650 sinistra:
2025 1609 2111 1649 re-

2220 583 2546 655 ὲλεούμενοι,
2583 587 2630 639 οἱ
2666 584 2915 657 πυρετῶν
2946 588 3043 640 καὶ
3083 585 3293 657 λέπρας
3340 584 3799 656 ὲλευθερούμενοι.

2219 671 2376 730 Οὗτοι
2423 677 2479 730 δὲ
2513 680 2561 730 εἰ
2590 679 2686 749 μὲν
2714 677 2818 748 ὁδῷ
2847 678 3095 750 ἰατρικῆς
3140 677 3556 749 θεραπεύοιντο,
3590 676 3796 748 ὲλεήθη-

2221 782 2319 819 σαν
2355 767 2452 837 μὲν
2476 767 2581 821 ὑπὸ
2606 768 2761 829 Θεοῦ,
2790 770 2850 822 οὐ
2874 771 2975 840 μὲν
3005 768 3448 840 θαυμαστοῦντος
3477 769 3609 832 τοὺς
3630 769 3797 833 ἐλέους

2218 858 2409 912 ἑαυτοῦ
2443 861 2644 926 αὐτοῖς·
2690 863 2739 915 εἰ
2775 862 2833 916 δὲ
2878 862 2996 934 μεθ’
3034 863 3180 933 ἁφῆς
3230 862 3409 933 Ἰησοῦ
3444 863 3799 933 ἐπιτιμῶντος

2217 948 2293 1020 τῷ
2309 951 2529 1023 πυρετῷ
2547 953 2642 1022 (ὡς
2659 955 3001 1028 παραχρῆμα
3019 955 3279 1010 δύνασθαι
3299 955 3616 1008 ἀποδιδόναι
3634 956 3799 1027 ὑγιαι-

2215 1045 2412 1098 νόντων
2438 1045 2531 1099 καὶ
2553 1047 2918 1103 εὐεκτούντων
2944 1048 3267 1122 ἐνεργείας),
3299 1051 3333 1121 ἢ
3370 1051 3683 1120 ἁπτομένου
3712 1048 3801 1104 καὶ

2212 1136 2483 1207 λέγοντος·
2527 1159 2546 1190 ι
2583 1140 2755 1204 Θέλω,
2780 1141 3165 1215 καθαρίσθητι,
3199 1163 3217 1194 ι
3254 1143 3689 1197 ἀπαλλάττοιντο
3707 1143 3799 1211 τῆς

2212 1230 2438 1304 λέπρας,
2482 1234 2557 1298 ὡς
2603 1234 3043 1306 θαυμαστοῦντος
3092 1235 3187 1289 τοῦ
3236 1236 3375 1291 Θεοῦ
3419 1239 3555 1301 τοὺς
3612 1234 3797 1290 ἑαυτοῦ

2211 1327 2394 1393 ἐλέους
2414 1329 2506 1383 ἐπὶ
2525 1330 2652 1394 τοὺς
2690 1328 2984 1394 τοιούτους.

2295 1423 2389 1476 Ἐκ
2411 1420 2529 1475 τῶν
2559 1423 3018 1491 ἀνθεστηκότων
3047 1421 3126 1490 τῇ
3165 1421 3335 1489 δεξιᾷ
3373 1436 3493 1477 σου
3525 1423 3799 1492 φύλαξόν

2204 1530 2282 1583 με
2300 1513 2380 1579 ὡς
2400 1513 2586 1581 κόρην
2606 1512 2940 1583 ὀφθαλμοῦ,
2974 1530 3029 1567 κ.
3064 1530 3117 1568 τ.
3150 1515 3197 1566 ὲ.
3228 1515 3287 1567 '0
3313 1511 3675 1583 ἀνθεστηκὼς
3691 1513 3798 1584 (45)

2208 1604 2450 1677 Χριστῷ,
2478 1604 2777 1676 ἀνθέστηκε
2809 1607 2873 1677 τῇ
2895 1605 3046 1678 δεξιᾷ
3072 1604 3165 1660 τοῦ
3191 1606 3345 1661 Θεοῦ.
3383 1608 3449 1661 Εἰ
3475 1606 3533 1660 δέ
3562 1609 3679 1660 ἐστι
3707 1626 3799 1661 και

529 1687 743 1741 sistere.
785 1687 888 1754 Qui
922 1703 1051 1743 vero
1102 1686 1610 1758 perspicacissimus
1640 1698 1741 1754 est,
1775 1687 1822 1743 is
1851 1696 2105 1757 tanquam

2208 1698 2316 1764 λῶς
2344 1700 2608 1771 ἀριστερᾷ
2640 1697 3030 1769 ἀνθεστηκέναι
3054 1697 3329 1769 ζητήσεις.
3377 1698 3438 1751 Ὀ
3469 1698 3530 1751 δὲ
3562 1698 3797 1770 διορατι-

529 1779 729 1849 pupilla
757 1779 899 1833 oruli
949 1780 1040 1849 qui
1096 1781 1149 1831 in
1203 1786 1317 1833 toto
1361 1777 1560 1832 Christi
1598 1792 1828 1846 corpore
1854 1785 1956 1843 est,
2006 1775 2105 1830 hoc

2211 1787 2472 1854 κώτατος,
2503 1790 2580 1854 ὡς
2611 1790 2748 1862 κόρη
2779 1788 2852 1844 ὣν
2878 1789 3154 1861 ὀφθαλμοῦ
3193 1789 3287 1845 τοῦ
3319 1791 3379 1844 ὲν
3408 1790 3489 1861 τῷ
3522 1790 3635 1861 ὅλῳ
3664 1792 3794 1863 Χρι-

530 1868 694 1923 dicet.
734 1867 888 1924 llunc
944 1879 1188 1938 tangere,
1245 1876 1328 1922 est
1378 1877 1599 1939 tangere
1648 1867 1906 1937 pupillam
1944 1866 2106 1923 oculi.

533 1959 734 2016 Videus
785 1971 962 2017 autem
997 1962 1117 2031 quis
1164 1959 1559 2015 multitudinem
1593 1958 1959 2015 resistentium
1993 1960 2111 2015 ani—

527 2069 630 2109 mae
657 2053 834 2120 oculo,
885 2053 1163 2126 confugiat
1217 2055 1280 2109 ad
1314 2055 1505 2119 Deum,
1540 2052 1887 2123 postuletque
1912 2055 1981 2108 ab
2010 2052 2110 2108 im-

527 2149 713 2202 missis
739 2147 936 2218 jaculis
962 2158 1119 2202 scuto
1148 2145 1342 2201 divinae
1369 2146 1485 2216 ejus
1508 2145 1860 2214 protectiouis
1886 2146 2106 2211 muniri,

526 2254 595 2293 ne
630 2240 802 2309 ipsum
852 2241 1108 2294 miserum
1157 2237 1469 2293 conficiant.
1508 2236 1776 2303 Quoniam
1811 2252 1940 2292 vero
1972 2238 2107 2292 dex-

525 2340 640 2385 tera
676 2330 888 2384 Domini
938 2340 1022 2385 est
1069 2330 1380 2400 unigenitus
1411 2327 1582 2382 Filius
1630 2327 1747 2393 Dei,
1795 2328 1934 2383 etei
1969 2329 2106 2383 resi-

525 2431 677 2475 stunt
720 2422 901 2476 hostes
937 2420 1218 2492 spiritales
1272 2429 1327 2475 et
1358 2418 1657 2474 invisibiles
1708 2433 1737 2472 a
1771 2417 1968 2489 quibus
2017 2433 2108 2473 ro-

525 2527 620 2585 gat
647 2530 712 2569 ne
742 2515 1058 2570 vulneretur
1091 2526 1294 2575 mente.
1331 2515 1451 2571 hate
1479 2528 1582 2568 vox
1616 2515 1717 2569 viri
1755 2523 1839 2570 est
1866 2515 1958 2584 qui
1992 2513 2107 2568 illu-

524 2604 759 2658 minatos
794 2604 956 2659 habet
984 2603 1178 2658 anima?
1204 2602 1414 2658 oculos.

599 2780 759 2837 Vens.
783 2782 837 2848 8,
865 2782 920 2838 9.
979 2780 1090 2837 Sub
1135 2781 1319 2835 umbra
1366 2780 1574 2836 alarum
1614 2790 1828 2835 tuarum
1871 2791 2105 2851 proteges

522 2888 628 2941 me,
652 2889 684 2925 a
718 2872 855 2941 facie
885 2872 1164 2941 impiorum
1199 2873 1288 2942 qui
1316 2887 1396 2925 me
1426 2871 1743 2943 afﬂixerunt,
1774 2878 1880 2926 etc.
1922 2870 2105 2926 Justus

2214 1881 2340 1936 στοῦ
2377 1881 2607 1953 σώματι,
2640 1881 2798 1935 τοῦτο
2826 1882 2958 1953 ὲρεί·
2990 1875 3051 1936 οὗ
3077 1881 3341 1936 ἅπτεσθαί
3364 1884 3481 1935 ἐστι
3498 1883 3600 1953 τῆς
3634 1883 3795 1954 κόρης

2208 1973 2303 2029 τοῦ
2336 1972 2615 2045 ὀφθαλμοῦ
2641 1972 2928 2028 ἅπτεσθαι.
2960 1973 3132 2045 Ὁρῶν
3165 1973 3226 2026 δέ
3257 1991 3342 2036 τις
3375 1972 3435 2026 τὺ
3464 1973 3679 2043 πλῆθος
3694 1976 3793 2026 τῶν

2210 2065 2617 2136 ἀνθεστηκότων
2655 2064 2733 2136 τῷ
2760 2067 2857 2137 τῆς
2887 2065 3066 2137 ψυχῆς
3088 2064 3374 2136 ὀφθαλμῷ,
3410 2066 3794 2139 προστρεχέτω

2208 2155 2286 2227 τῷ
2318 2154 2457 2226 Θεῷ,
2488 2157 2553 2208 ὲκ
2578 2153 2687 2209 τῶν
2728 2154 3093 2225 πεμπομένων
3128 2154 3289 2207 οἱονεὶ
3333 2153 3505 2223 βελῶν
3543 2154 3793 2223 καθάπερ

2208 2247 2358 2317 ὅπλῳ
2378 2248 2442 2318 τῇ
2472 2245 2592 2317 θείᾳ
2612 2244 2791 2318 σκέπῃ
2816 2244 3075 2316 ρυσθῆναι
3099 2243 3370 2315 δεόμενος,
3394 2243 3483 2298 ἵνα
3509 2244 3584 2317 μὴ
3610 2244 3793 2298 ταλαί-

2210 2356 2391 2410 πωρον
2420 2339 2580 2393 αὐτὸν
2612 2338 3052 2410 ἀπεργάσωνται.
3117 2338 3268 2390 Ἐπεὶ
3307 2337 3363 2389 δὲ
3396 2336 3549 2401 δεξιά
3586 2338 3787 2409 Κυρίου

2208 2433 2238 2484 ὀ
2292 2431 2583 2503 μονογενὴς
2621 2431 2750 2495 Υίὺς
2793 2429 2886 2483 τοῦ
2929 2428 3087 2495 Θεοῦ,
3133 2428 3481 2484 ἀνθίστανται
3519 2430 3577 2483 δὲ
3619 2429 3786 2501 ταύτῃ

2210 2524 2392 2598 ἐχθροὶ
2406 2522 2587 2595 νοητοί
2605 2540 2663 2576 τε
2686 2523 2781 2577 καὶ
2800 2522 3043 2594 ἀόρατοι,
3074 2522 3167 2591 ἀφ’
3194 2514 3269 2576 ὧν
3288 2521 3501 2593 ἀϐλαϐῆ
3519 2521 3787 2593 διαμένειν

2208 2615 2348 2666 αἰτεῖ
2370 2613 2459 2667 τὸν
2488 2613 2617 2667 ἴδιον
2649 2612 2796 2678 νοῦν,
2820 2612 3013 2685 ἀνδρὸς
3044 2611 3103 2665 δὲ
3131 2615 3164 2683 ἡ
3187 2611 3338 2684 φωνὴ
3370 2613 3783 2684 πεφωτισμένον.)

2207 2707 2331 2768 τοὺς
2352 2705 2450 2777 τῆς
2481 2704 2658 2777 ψυχῆς
2678 2704 3010 2777 ὀφθαλμούς.

2289 2796 2385 2850 Ἐν
2418 2795 2616 2866 σκέπῃ
2656 2795 2773 2849 τῶν
2807 2796 3114 2865 πτερύγων
3161 2812 3278 2850 σου
3324 2797 3665 2865 σκεπάσεις
3691 2814 3780 2867 με,

2205 2886 2323 2942 ἀπὸ
2376 2886 2699 2956 προσώπου
2766 2886 3002 2943 ἀσεϐῶν
3042 2886 3163 2942 τῶν
3201 2888 3783 2957 τωαιπωρησάντωι·

520 2967 594 3021 ab
629 2965 813 3036 impiis
859 2966 1029 3020 miser
1060 2972 1116 3017 et
1162 2963 1486 3019 miserabilis
1513 2964 1765 3029 habetur,
1815 2963 2105 3031 aliquando

2207 2997 2299 3051 με,
2336 2998 2389 3034 κ.
2423 2997 2476 3033 τ.
2509 2980 2556 3032 ὲ.
2601 2978 2660 3032 'O
2689 2979 2896 3043 δίκαιος
2930 2980 3037 3032 ἀπὸ
3079 2978 3188 3032 τῶν
3213 2978 3323 3049 (46)
3358 2978 3577 3032 ἀσεϐῶν
3606 2979 3781 3034 ταλαι-

522 3060 687 3115 etiam
721 3074 818 3115 ceu
842 3057 1102 3127 insipiens
1131 3057 1481 3111 miseratione
1511 3055 1705 3123 dignus
1733 3064 1978 3126 putatur,
2008 3070 2102 3110 ve-

2207 3073 2502 3148 πωρίζεται
2534 3074 2631 3128 καὶ
2660 3070 3025 3137 ταλανίζεται,
3056 3071 3169 3125 ἔσθ“
3197 3073 3287 3124 ὅτε
3319 3071 3415 3124 καὶ
3448 3071 3525 3135 ὡς
3568 3072 3781 3143 ἀνόητος

522 3169 644 3207 rum
680 3162 809 3206 tunc
861 3151 961 3205 sub
995 3150 1184 3203 umbra
1236 3149 1445 3202 alarum
1483 3146 1577 3204 Dei
1624 3147 1949 3217 protegitur,
1978 3156 2036 3202 ut
2068 3162 2098 3202 a

2207 3135 2542 3237 ἐλεούμενος·
2579 3162 2716 3231 ἀλλά
2728 3163 2851 3216 τότε
2864 3135 2935 3216 ήὲν
2952 3135 3019 3233 τῇ
3050 3161 3225 3234 σκέπῃ
3253 3161 3361 3215 τῶν
3389 3135 3778 3234 πτερύγων.τοῦ

521 3244 745 3301 miseria
779 3258 883 3298 non
917 3251 1317 3313 prosternatur.

597 3419 945 3488 VEBS.9,10.
999 3418 1220 3475 Inimici
1258 3419 1360 3474 mei
1397 3419 1631 3473 animam
1665 3433 1835 3472 meam
1873 3418 2099 3473 circum-

520 3515 798 3569 dederunt.
837 3513 1060 3583 Adipem
1098 3528 1251 3566 suum
1278 3509 1646 3565 concluserunt
1669 3525 1690 3564 :
1725 3526 1783 3565 os
1813 3526 1995 3565 eorum
2021 3512 2101 3565 lo-

521 3617 700 3662 cutum
727 3617 802 3661 est
828 3606 1149 3675 superbiam,
1192 3615 1302 3659 etc.
1344 3604 1479 3658 Cum
1514 3603 1566 3657 in
1601 3603 1756 3658 nobis
1789 3604 2100 3673 eXperimur

522 3697 882 3770 cogitationes
944 3710 1230 3767 perversas
1285 3710 1407 3766 quae
1467 3694 1807 3749 circumdant
1863 3694 2097 3749 animam

521 3800 787 3858 nostram,
860 3802 988 3845 tunc
1042 3789 1323 3845 dicimus:
1383 3805 1404 3840 ι
1441 3787 1649 3842 Inimici
1704 3787 1809 3841 mei
1863 3788 2097 3841 animam

520 3898 697 3938 meam
728 3882 1233 3949 circumdederunt;
1255 3900 1275 3933 ι
1316 3895 1440 3935 cum
1474 3886 1654 3935 autem
1684 3879 1753 3934 ab
1782 3879 1861 3934 eis
1895 3879 2100 3933 incras—

521 3983 673 4030 satus
719 3983 805 4029 est
852 3973 1167 4029 intellectus
1203 3982 1408 4037 noster,
1473 3982 1603 4027 tunc
1637 3971 1892 4041 «adipem
1941 3984 2096 4025 suum

523 4068 928 4124 concluserunt.
950 4084 970 4119 ι
1014 4064 1072 4121 ld
1103 4066 1244 4136 quod
1276 4063 1512 4119 ostendit
1544 4063 1878 4119 obsidionem
1915 4072 1968 4115 et
1998 4062 2098 4115 ho-

522 4162 684 4215 stium
717 4159 1092 4215 crudelitatem
1139 4158 1231 4228 qui
1260 4172 1358 4213 suo
1409 4170 1538 4224 erga
1573 4156 1859 4211 materiam
1896 4151 2095 4209 aﬂ'ectu

519 4250 732 4318 adipem
778 4264 936 4304 suum
989 4247 1398 4306 concluseruut.
1455 4246 1691 4302 Omnino
1744 4244 1889 4300 enim
1920 4252 1977 4299 et
2002 4243 2096 4298 toti

520 4357 581 4398 ea
591 4341 705 4397 ruei
739 4348 887 4395 sunt.

592 4451 870 4523 Ejusdem.
904 4449 1086 4523 Adcps
1131 4448 1393 4521 spiritalis
1420 4464 1481 4503 ea
1509 4456 1611 4512 est,
1645 4461 1766 4518 quae
1792 4460 1860 4502 ex
1893 4446 2095 4502 malitia

522 4546 823 4602 intellectui
854 4545 1095 4613 obvenit,
1145 4545 1468 4599 crassitudo.
1527 4542 1753 4612 Adipem
1788 4540 1922 4595 mihi
1949 4541 2098 4596 vide-

521 4649 613 4692 tur
644 4638 825 4692 dicere
860 4636 1290 4693 benevolentiam
1314 4646 1370 4692 et
1399 4637 1832 4699 humanitatem;
1869 4633 2096 4700 aitergo

520 4744 616 4784 eos
646 4743 859 4784 onmem
887 4729 1199 4799 deposuisse
1227 4725 1785 4790 commiserationem,
1810 4732 1865 4778 et
1888 4722 2093 4776 nullum

521 4822 847 4880 humanitati
876 4823 1052 4878 locum
1084 4822 1137 4876 in
1173 4820 1593 4893 cogitationibus
1632 4819 1747 4874 suis
1785 4816 2089 4887 reliquisse.

520 4915 773 4972 Nonnulli
806 4925 934 4971 sunt
962 4914 1056 4986 qui
1085 4915 1260 4985 adipis
1297 4913 1515 4968 nomine
1540 4911 1851 4968 felicitatem
1883 4920 1936 4964 et
1967 4925 2095 4980 pro-

520 5025 734 5080 speram
768 5008 1130 5063 valetudinem
1166 5013 1386 5061 vocant.

589 5098 752 5171 603
787 5098 951 5154 Vsus.
977 5099 1063 5152 M.
1105 5094 1453 5166 Projicientes
1498 5108 1579 5148 me
1613 5109 1753 5147 nunc
1798 5091 2093 5147 circumde-

521 5192 711 5247 derunt
741 5207 844 5259 me,
872 5189 1053 5245 oculos
1092 5204 1214 5244 suos
1260 5194 1559 5242 statuerunt
1593 5183 1856 5240 declinare
1896 5185 1954 5239 in
1990 5193 2097 5239 ter-

617 5354 639 5385 ⁸
659 5352 847 5410 Matth.
872 5369 993 5421 vm,
1015 5352 1067 5408 5.

596 5518 708 5591 (45)
747 5519 804 5591 '_0
842 5515 1247 5591 ᾀνθεστηκῴς,
1272 5526 1379 5591 etc.
1401 5513 1564 5591 [dein
1579 5522 1635 5570 et
1657 5511 1973 5591 Corderius.

598 5584 708 5663 (te)
751 5588 1060 5663 '0_§[9tat0c
1078 5584 1196 5644 ἀπὸ
1224 5585 1366 5656 τῶν,
1388 5597 1494 5647 etc.
1513 5586 1683 5652 Idem,
1715 5595 1770 5639 at
1800 5584 2091 5644 Corderius

525 5659 727 5716 Basilio
759 5661 967 5713 tribuit.

602 5728 711 5803 (47)
762 5730 938 5784 Ὅταν
999 5728 1442 5802 αἰσθανώμεθα,
1493 5737 1601 5787 etc.
1662 5725 1883 5799 Origeni
1928 5725 2094 5782 codex

2205 3259 2340 3315 Θεοῦ
2370 3261 2398 3312 ό
2422 3258 2569 3324 ἄξιος
2586 3256 2938 3322 σκεπάξεται,
2971 3256 3059 3309 ἵνα
3082 3255 3156 3326 μὴ
3196 3252 3383 3324 σεισθῇ
3417 3254 3530 3307 ἀπὸ
3556 3253 3653 3308 τοῦ
3693 3270 3780 3307 τα-

2204 3351 2538 3417 λανίζεσθαι.

2280 3449 2345 3500 Ol
2377 3444 2581 3516 ἐχθροί
2609 3462 2729 3516 μου
2773 3442 2888 3511 τὴν
2913 3441 3126 3512 ψυχήν
3165 3456 3285 3510 μου
3320 3438 3669 3507 περιέσχον.
3716 3439 3781 3492 Td

2205 3536 2387 3607 στέαρ
2425 3536 2625 3591 αὐτῶν
2657 3534 3081 3590 συνέκλεισαν·
3120 3532 3184 3585 τὸ
3206 3532 3400 3600 στόμα
3418 3528 3629 3584 αὐτῶν
3656 3528 3783 3583 ἐλά-

2205 3633 2403 3700 λησεν
2448 3629 2902 3699 ὑπερηφανίαν,
2956 3644 3012 3681 κ.
3067 3642 3120 3677 τ.
3183 3624 3231 3677 ὲ.
3294 3623 3466 3676 Ὅταν
3521 3621 3782 3676 αἰσθανώ-

2208 3722 2347 3794 μεθα
2383 3721 2495 3795 (47)
2524 3721 2888 3792 διαλογισμῶν
2909 3719 3165 3792 χειρόνων
3187 3716 3554 3790 περιεχόντων
3568 3717 3671 3788 τὴν
3691 3714 3783 3784 ψυ-

2203 3814 2304 3888 χὴν
2337 3813 2514 3886 ἡμῶν,
2546 3815 2667 3868 τότε
2695 3813 2946 3885 λέγομεν·
2991 3830 3010 3864 ι
3046 3812 3110 3865 Οἱ
3135 3808 3319 3882 ἐχθροί
3349 3825 3452 3881 μου
3477 3806 3578 3880 τὴν
3609 3806 3781 3879 ψυχήν

2208 3926 2309 3981 μου
2344 3907 2648 3979 περιέσχον·
2690 3926 2708 3958 ι
2746 3906 2841 3959 ὲάν
2876 3905 2932 3958 δὲ
2960 3903 3269 3975 παχύνωσιν
3297 3900 3452 3973 ἡμῶν
3483 3899 3546 3953 τὺ
3576 3899 3784 3970 διανοηο

2202 3993 2374 4058 τικὸν,
2413 4012 2431 4045 ι
2474 3994 2537 4047 τὸ
2571 3994 2737 4066 στέαρ
2766 3992 2943 4047 αὐτῶν
2983 3991 3351 4045 συνέκλεισαν.
3400 4008 3419 4041 ι
3459 3988 3783 4060 Πολιορκίαν

2202 4086 2260 4140 δὲ
2287 4085 2539 4158 ἐμφαίνει
2568 4087 2661 4139 καὶ
2692 4085 2800 4139 τῶν
2834 4082 3044 4158 ἐχθρῶν
3075 4083 3176 4156 τὴν
3207 4082 3493 4153 ὠμότητα,
3535 4080 3782 4150 συγκλει-

2205 4178 2412 4231 σάντων
2436 4179 2496 4232 τὸ
2530 4178 2695 4250 στέαρ
2726 4175 2903 4230 αὐτῶν
2925 4176 3013 4230 διά
3038 4175 3136 4247 τὴν
3166 4175 3302 4247 πρὸς
3325 4173 3423 4245 τὴν
3458 4172 3595 4246 ὓλην
3617 4190 3779 4246 προσ-

2203 4269 2452 4325 πάθειαν.
2489 4270 2639 4323 Ὅλοι
2670 4268 2781 4341 γὰρ
2805 4268 2871 4322 δι’
2901 4269 3023 4323 ὅλου
3053 4268 3299 4339 σάρκινοι
3324 4265 3680 4337 τυγχάνουσι.

2276 4452 2387 4507 Τοῦ
2429 4452 2634 4508 αὐτοῦ.
2672 4451 2848 4524 Στέαρ
2883 4453 2981 4524 μὲν
3005 4452 3193 4523 νοητὸν
3224 4451 3333 4521 (48)
3357 4452 3391 4521 ἡ
3422 4451 3488 4503 ὲκ
3534 4452 3637 4523 τῆς
3689 4468 3779 4504 κα-

2201 4545 2328 4608 κίας
2356 4543 2819 4614 ὲπισυμϐαίνουσα
2843 4543 2922 4614 τῷ
2950 4543 3262 4616 ἡγεμονικῷ
3288 4542 3559 4614 παχύτης.
3614 4544 3778 4614 Στὲαρ

2200 4636 2347 4690 δοκεῖ
2371 4654 2459 4707 μοι
2488 4636 2665 4704 λέγειν
2683 4637 2781 4709 τὴν
2801 4635 3010 4690 εὐνοιαν
3034 4637 3128 4691 καὶ
3149 4635 3516 4705 φιλαδελφίαν·
3558 4637 3655 4690 καί
3683 4653 3777 4706 φη-

2203 4744 2307 4793 σιν,
2336 4727 2418 4780 ὅτι
2443 4729 2620 4782 πᾶσαν
2644 4727 2874 4799 φυσικὴν
2902 4729 3227 4782 ἀπέκλεισαν
3249 4727 3776 4798 εὐσπλαγχνίαν,οὐο

2200 4819 2393 4889 δεμίαν
2423 4816 2605 4891 χώραν
2649 4820 2748 4891 τῆς
2780 4819 3128 4889 φιλαδελφίας
3156 4819 3436 4890 λογισμοῖς
3467 4820 3770 4882 δεδωκότες.

2202 4914 2358 4977 Τινὲς
2390 4914 2568 4983 μέντοι
2622 4912 2683 4966 τὸ
2729 4911 2894 4984 στέαρ
2941 4912 3240 4984 εὐημερίαν
3269 4912 3363 4966 καὶ
3393 4910 3609 4979 εὐεξίαν
3647 4911 3774 4965 ὠνό-

2206 5023 2404 5079 μασαν.

2284 5097 2668 5162 Ἐκϐιιλόντες
2701 5112 2778 5165 με
2812 5094 2952 5149 νυνὶ
2990 5092 3480 5164 περωκύκλωσὰν
3513 5111 3611 5163 με,
3642 5093 3774 5161 τοὺς

2203 5187 2547 5260 ὀφθαλμοὺς
2561 5185 2758 5241 αὐτῶν
2779 5186 2984 5241 ἔθεντο
2996 5183 3270 5239 ἐκκλῖναι
3284 5185 3353 5238 ἐν
3382 5183 3459 5254 τῇ
3483 5182 3585 5253 γῆ,
3598 5200 3652 5238 2e.
3664 5184 3771 5238 τ.ἑ.

2199 5509 2588 5574 Coislinianus,
2615 5522 2767 5565 num.
2791 5504 2924 5572 189;
2960 5502 3097 5558 alter
3128 5514 3259 5556 vero
3298 5514 3451 5554 num.
3492 5499 3585 5567 10,
3611 5497 3771 5554 Euse-

2204 5581 2597 5722 ι”ῖιέὖήέῗὲἐιρ
2613 5646 2992 5722 μὲννοητόν,
3015 5654 3125 5722 etc.
3163 5640 3361 5722 _Codex
3413 5638 3767 5698 Coisliuianus

2204 5715 2571 5778 Tlieodoretoi
2591 5715 2798 5786 tribuit,
2840 5717 2931 5771 alii
2955 5715 3199 5788 Origeni.
