4020 6152
240 332 386 412 λιεει

1206 349 1515 407 SELECTA
1547 349 1615 404 ΙΝ
1649 348 1991 406 PSALMOS.
2031 382 2100 393 -—
2138 350 2336 407 PSAL.
2374 351 2516 411 XVI.

3369 362 3508 419 1222

250 480 439 534 Ἐνδον
464 478 625 545 ὂντας
658 478 766 551 (49)
793 478 852 532 οὐ
884 477 1304 549 περικυκλοῦσιν
1329 484 1380 535 οἱ
1404 482 1608 553 ἐχθροὶ,
1639 481 1697 534 ού
1723 485 1816 557 γάε

1934 499 2073 545 ram.
2118 491 2224 539 etc.
2265 482 2373 539 Eos
2403 485 2495 553 qui
2529 483 2675 539 intus
2700 490 2846 549 sunt,
2883 495 2986 538 non
3032 484 3367 543 circumdant
3406 492 3508 546 ini-

242 572 516 637 δύνανται,
563 571 676 626 ἀλλ’
702 574 829 626 ὅταν
877 571 1076 626 ἔσωθεν
1107 572 1429 629 ἐκϐάλωσιν.
1462 574 1572 627 Καὶ
1621 572 1823 638 ἔθεντο,

245 666 432 737 φησὶν,
464 664 669 720 ἑαυτῶν
709 665 836 729 τοὺς
880 664 1189 736 ὀφθαλμοὺς
1218 667 1298 730 είς
1330 666 1391 719 τὸ
1433 664 1535 737 ἐμὲ
1581 665 1826 720 ἐκκλῖναι

240 758 342 810 ἀπ’
373 754 604 828 οὐρανοῦ
627 756 684 808 ἐν
707 757 772 826 τῇ
797 757 890 826 γῇ,
924 754 1199 809 τουτέστιν
1226 756 1285 809 ἐν
1302 758 1367 827 τῇ
1393 755 1512 830 ὕλῃ.
1557 757 1680 810 Ἐπὶ
1703 756 1828 827 βλά-

243 849 317 924 ᾷῃ
347 848 402 901 δὲ
436 846 854 921 περικυκλοῦσιν
887 847 1148 901 ἀπολέσαι
1190 849 1237 902 oi
1268 846 1556 919 ζητοῦντες
1592 848 1651 902 τὸ
1690 850 1828 920 πρὸς

239 939 350 1009 γῆν
372 940 508 1010 ὁρᾷν
534 939 624 992 καὶ
647 940 872 991 σκοπεῖν
899 937 1035 1009 μόνα
1062 937 1133 991 τὰ
1159 939 1488 1009 πρόσκαιρα,
1520 940 1824 994 ἐκκλίνουσι

235 1029 299 1084 δὲ
350 1028 790 1102 παρανομοῦντες
838 1029 936 1100 τὴν
983 1029 1200 1083 εὐθεῖαν
1251 1028 1369 1084 ὁδὸν
1394 1031 1488 1083 καὶ
1529 1031 1602 1102 μὴ
1637 1031 1824 1101 βουλό-

243 1138 420 1193 μενοι.

319 1198 428 1267 Τοῦ
462 1211 666 1266 αὐτοῦ.
702 1210 904 1265 Τοῦτον
922 1210 1213 1266 κυκλοῦσιν
1239 1214 1288 1266 οἱ
1335 1212 1585 1284 δαίμονες
1615 1213 1728 1287 (50)
1763 1214 1822 1271 ὃν

235 1303 562 1358 ἐκϐάλλουσι
589 1303 686 1374 τῆς
713 1303 931 1375 ἀρετῆς
966 1302 1047 1355 διὸ
1078 1302 1260 1368 καλῶς
1294 1302 1508 1372 λέγεται
1526 1305 1605 1357 τόο
1644 1323 1662 1356 ι
1698 1305 1822 1359 Ἐἀν

236 1395 460 1466 πνεῦμα
498 1395 591 1448 τοῦ
639 1393 1040 1460 ἐξουσιάζοντος
1070 1394 1242 1466 ἀναϐῇ
1275 1394 1369 1447 ἐπὶ
1412 1393 1493 1458 σὲ,
1535 1395 1697 1449 τόπον
1726 1414 1820 1451 σου

238 1487 320 1558 μὴ
351 1488 512 1556 ἀφῇς
553 1505 573 1539 ι
599 1485 693 1539 καὶ
724 1485 804 1538 τόο
842 1504 861 1536 ι
907 1485 1000 1557 Μὴ
1046 1482 1181 1537 δῶτε
1212 1485 1373 1539 τύπον
1399 1485 1478 1557 τῷ
1525 1484 1766 1558 πονηρῷ·
1796 1506 1814 1539 ι

234 1577 371 1631 ὡσεὶ
417 1577 616 1646 ἔλεγεν·
675 1576 800 1631 Ἐὰν
846 1576 1061 1648 πνεῦμα
1097 1578 1351 1649 πορνείας
1377 1578 1547 1649 ἀναϐῇ
1586 1578 1679 1631 ἐπὶ
1738 1578 1816 1641 σὲ,

236 1667 596 1741 σωφροσύνην
622 1684 715 1720 σου
749 1667 823 1739 μὴ
855 1668 1017 1738 ἀφῇς·
1048 1668 1142 1720 καὶ
1170 1667 1387 1739 πνεῦμα
1422 1667 1611 1738 μίσους
1644 1667 1816 1739 ἀναϐῇ

226 1760 335 1813 ἐπὶ
357 1761 434 1826 σὲ,
463 1761 680 1830 ἀγάπην
708 1777 799 1813 σου
825 1760 899 1830 μὴ
931 1761 1093 1832 ἀφῇς.
1118 1758 1267 1829 Πλὴν
1301 1759 1631 1831 προσεκτέον
1663 1759 1820 1812 πότε-

1930 571 2080 634 mici,
2117 588 2221 627 non
2248 575 2394 627 enim
2428 583 2672 643 possunt,
2699 576 2791 629 sed
2821 576 3043 643 quando
3078 587 3232 632 extra
3260 579 3504 648 ejiciunt.

1931 661 1998 716 Et
2021 673 2352 733 statuerunt,
2401 666 2598 736 inquit,
2630 666 2820 722 oculos
2850 681 2979 724 suos
3027 668 3081 722 in
3112 685 3198 725 me
3226 670 3506 730 declinare

1929 765 1959 805 a
1992 751 2133 807 ctelo
2162 753 2216 807 in
2246 762 2464 821 terram,
2501 756 2605 811 hoc
2638 764 2721 811 est
2746 757 2798 811 in
2850 757 3156 813 materiam.
3197 761 3274 815 Ad
3304 777 3506 819 nocen-

1927 844 2053 895 dum
2084 852 2260 897 autem
2290 853 2345 898 et
2372 845 2702 914 perdendum
2734 847 3073 902 circumdant
3103 851 3194 919 qui
3228 851 3365 907 nihil
3397 853 3504 908 nisi

1930 940 2147 988 terrena
2191 943 2251 988 et
2297 943 2639 1005 temporanea
2692 937 2872 993 videre
2916 948 3184 1007 quaerunt,
3230 941 3505 999 declinant

1924 1038 2057 1079 vero
2105 1025 2202 1094 qui
2252 1034 2460 1081 rectam
2512 1026 2654 1083 viam
2704 1038 3039 1097 pervertunt,
3083 1031 3245 1085 etiam
3289 1032 3500 1103 impru—

1926 1116 2142 1172 dentes.

1996 1206 2270 1278 Ejusdem.
2337 1209 2490 1266 Hunc
2537 1212 2885 1268 circumdant
2940 1214 3213 1271 daemones
3256 1230 3417 1286 quem
3470 1234 3502 1273 e

1923 1298 2124 1355 virtute
2160 1301 2438 1371 dejiciunt.
2478 1304 2845 1371 Quamobrem
2900 1307 3122 1376 pulchre
3177 1309 3378 1363 dicitur
3401 1309 3446 1343 ⁸⁷
3481 1329 3497 1365 :

1932 1409 1951 1443 ι
1982 1388 2037 1445 Si
2068 1391 2292 1460 Spiritus
2324 1403 2641 1462 potestatem
2674 1394 2928 1450 habentis
2975 1398 3287 1453 ascenderit
3337 1398 3390 1452 in
3420 1405 3498 1465 te,

1923 1483 2100 1538 locum
2156 1491 2304 1535 tuum
2361 1500 2430 1538 ne
2477 1485 2722 1541 deseras.
2763 1505 2783 1538 ι
2826 1484 2894 1541 Ει
2941 1486 3072 1542 illud
3096 1488 3142 1520 ⁸⁸
3187 1504 3203 1543 :
3261 1508 3279 1540 ι
3323 1488 3501 1546 Nolite

1922 1575 2050 1629 dare
2074 1576 2248 1631 locum
2276 1574 2533 1643 maligno.
2559 1594 2578 1626 ι
2602 1576 2766 1643 Quasi
2790 1578 2992 1633 diceret
3016 1596 3031 1632 :
3059 1579 3114 1632 Si
3143 1579 3365 1649 spiritus
3391 1579 3502 1636 for—

1922 1663 2210 1719 nicationis
2234 1665 2538 1719 ascenderit
2562 1665 2615 1719 in
2642 1675 2712 1728 te,
2736 1667 3122 1722 continentiam
3150 1680 3294 1723 tuam
3319 1685 3386 1725 ne
3406 1671 3499 1726 de-

1922 1771 2092 1813 seras.
2116 1757 2184 1811 Et
2203 1758 2247 1812 s2
2274 1758 2494 1826 spiritus
2515 1758 2627 1813 odii
2654 1761 2963 1816 ascenderit
2994 1762 3044 1816 in
3080 1772 3150 1831 te,
3174 1762 3497 1820 charitatem

236 1866 336 1921 ρον
362 1850 391 1903 6
420 1851 526 1905 ἀπὸ
558 1849 747 1905 πασῶν
777 1851 883 1904 τῶν
917 1850 1128 1922 ἀρετῶν
1162 1849 1409 1905 ἐκπεσὼν
1436 1850 1744 1917 κυκλοῦται,
1777 1852 1811 1924 ἢ

1919 1854 2064 1900 tuam
2098 1861 2165 1900 ne
2187 1849 2426 1903 deseras.
2443 1849 2706 1904 Cancrum
2731 1852 3178 1909 considerandum
3200 1864 3284 1908 est
3309 1870 3375 1909 an
3403 1854 3497 1925 qui

232 1940 349 1995 ἀπὸ
373 1940 600 2008 πολλῶν,
630 1941 662 2012 ἢ
692 1941 798 1995 ἀπὸ
837 1942 984 2013 μιᾶς.
1010 1942 1122 1995 Καὶ
1148 1940 1243 1995 ἐὰν
1270 1942 1368 2012 μὲν
1388 1940 1816 1995 άντακολουθοῦ-

236 2048 328 2086 σιν
359 2032 613 2105 ἀλλήλαις
640 2035 694 2086 αἱ
719 2032 906 2087 κακίαι
935 2033 1120 2106 ὥσπερ
1143 2033 1235 2086 καὶ
1256 2033 1467 2105 ἀρεταὶ,
1502 2035 1530 2086 6
1563 2033 1670 2087 ἀπὸ
1687 2035 1816 2104 μιᾶς

233 2124 489 2180 ἐκπεσὼν
538 2126 738 2197 ἀρετῆς
781 2125 1091 2180 κυκλοῦται·
1144 2126 1239 2179 ἐὰν
1286 2125 1341 2179 δὲ
1375 2126 1448 2196 μὴ
1491 2126 1816 2181 ἀντακολου-

234 2216 422 2270 θοῦσιν
447 2216 702 2289 ἀλλήλαις
736 2220 791 2272 αί
825 2218 1033 2282 κακίαι,
1062 2219 1159 2288 οὐχ
1192 2220 1221 2271 ὁ
1245 2219 1353 2272 ἀπὸ
1380 2219 1507 2288 μιᾶς
1534 2218 1817 2290 ἐκϐληθεὶς

235 2304 439 2375 ἀρετῆς
467 2304 778 2372 κυκλοῦται,
802 2306 914 2360 ἀλλ’
948 2309 976 2361 ὁ
1012 2309 1119 2362 ἀπὸ
1144 2306 1355 2362 πασῶν.
1393 2309 1464 2361 Ἢ
1492 2307 1636 2380 τάχα
1664 2305 1818 2383 ἧστι-

232 2395 329 2459 νός
349 2413 430 2460 τις
456 2397 652 2469 ἀρετῆς
684 2397 961 2471 ἐκπίπτει,
993 2400 1098 2453 ὑπὸ
1122 2399 1220 2471 τῆς
1247 2400 1628 2471 ἀντικειμένης
1642 2400 1812 2475 ταύτῃ

233 2489 435 2552 κακίας
468 2488 778 2544 κυκλοῦται.

321 2668 638 2724 Ὑπέλαϐὀν
653 2688 730 2740 με
760 2670 904 2725 ὡσεὶ
925 2670 1083 2726 ,λέων
1099 2670 1330 2741 ἕτοιμος
1354 2673 1443 2739 εἰς
1467 2670 1678 2742 θήραν,
1713 2672 1812 2726 καὶ

233 2763 382 2818 ὡσεὶ
410 2763 680 2833 σκύμνος
706 2760 885 2816 οἰκῶν
918 2763 990 2818 ἐν
1024 2763 1414 2833 ἀποκρύφοις,
1449 2782 1503 2819 κ.
1552 2783 1603 2818 τ.
1635 2765 1682 2823 ἐ.
1727 2766 1814 2820 Ἐν

231 2855 574 2928 ἀποκρύφοις
596 2856 705 2927 (5|)
738 2855 846 2927 γὰρ
869 2858 962 2911 καὶ
991 2855 1352 2929 ἀπροοράτως
1375 2858 1507 2929 ἡμῖν
1538 2855 1814 2913 ποιοῦνται

232 2943 337 3008 τὰς
362 2944 480 2998 καθ’
509 2945 665 3015 ἡμῶν
689 2944 908 3017 ἐνέδρας
926 2945 1001 3009 ὡς
1025 2945 1262 3017 σκύμνος
1284 2947 1335 2999 οἱ
1363 2946 1567 3018 ἐχθροί.

314 3034 422 3089 Τοῦ
473 3034 678 3089 αὐτοῦ.
736 3034 836 3088 Διά
893 3034 986 3088 τοῦ
1033 3036 1343 3109 ἀκαθάρτου
1394 3037 1506 3110 (52)
1554 3036 1813 3111 λογισμοῦ

234 3120 606 3197 ὑπολαμϐάνει
629 3125 719 3180 τὸν
732 3124 857 3180 νοῦν
879 3129 911 3197 ἡ
920 3126 1034 3197 μῶν
1052 3129 1080 3181 6
1103 3128 1478 3199 ἀντικείμενος
1507 3130 1639 3200 ἡμῖν
1654 3128 1811 3184 λέων.

232 3218 310 3272 Τὸ
337 3218 551 3288 λογικὸν
586 3218 689 3288 τῆς
710 3217 925 3288 φύσεως
960 3218 1365 3292 ἀπορρίψαντες
1391 3220 1557 3293 θηρία
1582 3222 1814 3293 μιμοῦν-

231 3326 325 3364 ται
355 3310 561 3383 τροφῆς
583 3309 865 3382 ἐφιέμενα,
897 3309 994 3366 καὶ
1013 3309 1221 3383 ταύτην
1259 3314 1695 3384 περισκοποῦντα
1719 3317 1813 3370 καὶ

233 3402 495 3474 ἐξαπίνης
523 3403 797 3474 ὁρμῶντα.

320 3491 647 3560 Ἀνάστηθι,
668 3493 863 3560 Κύριε,
888 3493 1242 3562 πρόφθασον
1264 3494 1508 3562 αὐτοὺς,
1539 3495 1637 3549 καί
1664 3499 1813 3552 ὑπο-

234 3576 531 3638 σκέλισόν
555 3581 795 3649 αὐτοὺς·
807 3583 994 3651 ῥῦσαι
1012 3584 1127 3654 τὴν
1147 3584 1357 3656 ψυχήν
1377 3604 1496 3656 μου
1528 3587 1646 3641 ἀπὸ
1674 3589 1816 3643 ἀσε-

236 3672 401 3739 ϐοῦς,
453 3674 761 3743 ῥομφαίαν
822 3690 937 3728 σου
996 3676 1114 3730 ἀπὸ
1167 3677 1398 3746 ἐχθρῶν
1456 3678 1568 3747 τῆς
1618 3682 1815 3750 χειρός

234 3779 377 3830 σου,
405 3780 460 3818 κ.
490 3781 542 3818 τ.
571 3765 620 3819 ἑ.
653 3763 762 3837 Τὴν
788 3767 1062 3837 ῥομφαίαν
1089 3767 1199 3839 (53)
1227 3766 1322 3821 τοῦ
1353 3768 1487 3823 Θεοῦ
1512 3769 1622 3822 ἔσθ’
1647 3773 1736 3824 ὅτε
1765 3774 1814 3825 οἱ

237 3858 426 3929 ἐχθροὶ
458 3859 557 3931 τῆς
603 3859 786 3931 χειρὸς
821 3859 985 3913 αὑτοῦ
1015 3860 1454 3931 ἀναλαμϐάνουσι
1480 3861 1601 3915 καθ’
1631 3864 1662 3933 ἡ
1673 3864 1811 3933 μῶν.

235 3950 456 4021 Ταύτην
482 3947 574 4005 οὖν
617 3951 879 4023 ρυσθῆναι
918 3952 1013 4005 καὶ
1065 3951 1297 4024 ἀρθῆναι
1332 3952 1440 4006 ἀπὸ
1469 3953 1576 4008 τῶν
1606 3955 1814 4026 ἐχθρῶν

236 4038 454 4112 εὔχεται
481 4041 558 4112 τῷ
574 4041 711 4114 Θεῷ.
1160 4025 1165 4031 ’

314 4130 425 4186 Τοῦ
453 4132 658 4187 αὐτοῦ.
697 4134 903 4204 ’Ὠσπερ
950 4131 1071 4187 Ἰὼϐ
1118 4131 1231 4205 (54)
1265 4133 1365 4205 τὴν
1409 4132 1694 4206 πλήξασαν
1728 4135 1816 4189 αὐ.

227 4222 329 4278 τδν
363 4223 592 4295 δύναμιν
617 4226 774 4296 χεῖρα
798 4224 945 4293 λέγει
986 4222 1142 4276 Θεοῦ·
1174 4241 1193 4274 ι
1231 4224 1324 4295 Μή
1362 4240 1431 4294 με
1462 4222 1754 4295 στροϐείτω
1789 4242 1808 4274 ι

232 4317 363 4390 γὰρ,
388 4318 572 4391 φησὶν,
618 4337 637 4370 ι
677 4319 711 4388 ἡ
746 4316 867 4389 χείρ
902 4333 1016 4370 σουο
1062 4336 1081 4369 ι
1136 4313 1280 4369 οὕτω
1311 4316 1552 4379 καὶτοὺς
1588 4315 1814 4386 ἐχθροὺς

233 4402 332 4481 τῆς
371 4411 721 4484 εὐεῃετικῆς
751 4410 933 4482 χειρὸς
972 4408 1065 4462 τοῦ
1091 4407 1247 4470 Θεοῦ,
1280 4408 1554 4480 ῥομφαίαν
1592 4411 1621 4463 6
1652 4407 1815 4461 Δαυῖδ

1920 1936 1988 1990 ab
2009 1936 2261 1991 omnibus
2290 1939 2581 1993 virtutibus
2604 1940 2821 2005 decidit,
2846 1942 3229 2007 eireumdetur,
3249 1959 3315 1999 an
3340 1946 3429 2014 qui
3464 1960 3496 2000 a

1917 2027 2121 2093 multis,
2157 2044 2223 2082 an
2270 2029 2363 2099 qui
2392 2030 2460 2085 ab
2494 2045 2621 2082 una.
2679 2030 2736 2086 Si
2769 2047 2887 2089 sese
2918 2034 3147 2091 invicem
3193 2044 3497 2106 sequuntur

1918 2114 2163 2181 malitiae,
2188 2118 2640 2184 quemadmodum
2672 2128 2725 2173 et
2758 2121 3008 2190 virtutes,
3037 2124 3127 2193 qui
3164 2125 3231 2179 ab
3259 2140 3361 2180 una
3395 2127 3498 2180 vir-

1918 2212 2031 2258 tute
2059 2206 2280 2272 exeidit,
2331 2206 2718 2262 circumdatur.
2781 2208 2839 2265 Si
2875 2221 3054 2266 autem
3089 2230 3213 2269 sese
3260 2215 3493 2271 invicem

1915 2310 2023 2350 non
2047 2306 2370 2366 sequuntur,
2400 2315 2506 2354 non
2536 2301 2628 2370 qui
2665 2302 2731 2356 ab
2756 2318 2860 2357 una
2890 2304 3091 2358 virtute
3121 2307 3346 2372 excidit,
3378 2308 3490 2362 cir-

1912 2387 2226 2457 cumdatur,
2265 2392 2356 2446 sed
2402 2393 2493 2462 qui
2526 2395 2594 2448 ab
2628 2396 2905 2449 omnibus.
2948 2396 3042 2451 Vel
3092 2398 3233 2453 forte
3277 2416 3307 2455 e
3350 2415 3491 2471 qua-

1914 2494 2127 2553 cunque
2165 2484 2370 2540 virtute
2417 2488 2542 2556 quis
2576 2489 2801 2555 excidit,
2830 2491 2899 2545 ab
2928 2506 2989 2546 ea
3033 2508 3153 2563 quae
3185 2492 3263 2548 illi
3298 2495 3490 2551 adver-

1914 2585 2090 2643 satur,
2121 2578 2327 2633 malitia
2356 2579 2747 2635 circumdatur.

1987 2666 2151 2723 Vens.
2187 2669 2275 2724 12.
2337 2669 2688 2740 Susceperunt
2735 2687 2816 2726 me
2863 2672 2996 2727 sicut
3039 2672 3118 2728 leo
3162 2682 3378 2743 paratus
3420 2676 3491 2730 ad

1911 2760 2149 2828 praedam
2179 2776 2198 2814 :
2227 2771 2273 2814 et
2295 2763 2432 2815 sicut
2465 2761 2674 2816 catulus
2704 2762 2869 2818 leonis
2904 2765 3147 2819 habitans
3188 2747 3246 2820 ini
3275 2767 3490 2833 abditis,

1914 2860 2023 2908 etc.
2061 2850 2120 2907 lu
2150 2851 2402 2909 obscuris
2432 2854 2582 2909 enim
2630 2864 2682 2910 ct
2719 2854 2874 2910 nobis
2919 2856 3326 2927 inapinantibus
3351 2859 3487 2915 insi-

1913 2943 2136 2998 diantur
2168 2942 2375 2999 inimici
2410 2943 2554 3000 sicut
2577 2944 2790 3000 catulus
2816 2945 3005 3002 leonis.

1986 3033 2263 3104 Ejusdem.
2341 3033 2447 3090 Per
2498 3037 2808 3095 immundas
2857 3040 3214 3111 cogitationes
3260 3043 3491 3113 suscipit

1916 3138 2158 3184 mentem
2195 3136 2438 3182 nostram
2487 3131 2832 3187 adversarius
2873 3140 3060 3187 noster
3104 3132 3207 3188 leo.
3260 3132 3488 3202 Abjecta

1915 3220 2148 3275 naturali
2196 3220 2411 3276 ratione
2462 3219 2612 3278 feras
2660 3222 2944 3278 imitantur
2975 3240 3094 3294 quae
3123 3224 3374 3280 alimenta
3414 3226 3487 3279 ita

1914 3322 2173 3383 appetunt
2221 3321 2281 3368 ut
2327 3314 2381 3369 in
2422 3329 2485 3369 ea
2521 3314 2690 3371 semel
2735 3326 3023 3387 conspecta
3073 3317 3253 3373 subito
3286 3318 3487 3388 impetu

1912 3406 2178 3462 ferantur.

1984 3496 2149 3553 Vens.
2180 3496 2380 3562 15,14.
2440 3497 2701 3568 Exsurge,
2752 3497 2997 3565 Domine,
3042 3498 3271 3569 praeveni
3311 3514 3398 3553 eos
3439 3506 3488 3552 et

1912 3588 2192 3657 supplanta
2226 3603 2352 3653 eos;
2383 3590 2523 3659 eripe
2549 3589 2782 3642 animam
2832 3604 3002 3642 meam
3044 3588 3110 3643 ab
3144 3591 3320 3656 impio,
3375 3589 3491 3659 fra-

1913 3697 2083 3734 meam
2116 3689 2261 3735 tuam
2300 3684 2364 3737 ab
2404 3681 2633 3736 inimicis
2672 3695 2863 3733 manus
2914 3690 3039 3744 tum,
3081 3689 3187 3735 etc.
3231 3679 3325 3733 Dei
3380 3679 3491 3734 τιτι-ι

1915 3786 2087 3826 meam
2109 3773 2398 3843 aliquando
2423 3771 2625 3826 inimici
2641 3784 2832 3825 manus
2856 3768 2972 3838 eius
2999 3779 3281 3824 assumunt
3297 3770 3489 3824 adver-

1913 3879 2032 3919 sum
2061 3879 2180 3919 nos.
2219 3864 2265 3919 A
2303 3864 2411 3920 Deo
2443 3864 2606 3933 igitur
2636 3861 2772 3932 petit
2810 3861 2953 3917 hanc
2984 3861 3053 3917 ab
3092 3860 3326 3917 inimicis
3349 3859 3487 3931 eripi

1914 3964 1969 4010 et
1996 3954 2221 4010 auferri.

1984 4134 2259 4206 Ejusdem.
2320 4131 2785 4201 Quemadmodum
2814 4130 2917 4188 Job
2949 4130 3059 4185 vim
3086 4131 3259 4202 ipsum
3300 4128 3484 4199 ﬂagel—

1913 4229 2113 4283 lantem
2151 4227 2245 4282 Dei
2289 4241 2506 4281 manum
2548 4224 2785 4295 appellat
2822 4242 2835 4279 :
2877 4242 2895 4276 ‹
2930 4222 3046 4279 Non
3077 4238 3189 4289 me,
3215 4224 3483 4294 inquit”,

1916 4328 2170 4390 torqueat
2196 4334 2384 4373 manus
2417 4327 2544 4384 tua;
2567 4335 2587 4369 ι
2619 4316 2697 4371 sic
2720 4325 2776 4371 et
2813 4316 3061 4371 inimicos
3089 4314 3348 4370 beneﬁcae
3377 4330 3489 4368 ma-

1917 4426 2016 4466 nus
2040 4410 2156 4476 Dei,
2193 4409 2453 4465 frameam
2486 4408 2581 4462 Dei
2612 4418 2771 4463 vocat
2795 4407 2984 4462 David.
3024 4405 3274 4462 Beneﬁca
3300 4416 3484 4461 autem

225 4498 393 4554 καλεῖ
414 4499 506 4553 τοῦ
531 4497 685 4552 Θεοῦ.
721 4498 1055 4570 Εὐεργετικὴ
1087 4497 1144 4550 δὲ
1173 4496 1294 4569 χεὶρ
1319 4499 1366 4551 οἱ
1394 4498 1538 4566 ἆγιοι
1570 4498 1809 4567 ἄγγελοι,

1919 4516 2108 4556 manus
2136 4500 2253 4565 Dei,
2281 4499 2453 4554 sancti
2483 4497 2660 4569 angeli
2693 4506 2840 4563 sunt,
2868 4512 2967 4566 per
2995 4511 3133 4566 quos
3164 4497 3304 4551 Deus
3338 4511 3489 4549 mun-

229 4589 302 4645 δι’
321 4580 396 4642 ὧν
424 4590 453 4642 6
475 4588 608 4652 Θεὸς
649 4590 954 4657 προνοεῖται
985 4586 1079 4641 τοῦ
1117 4587 1343 4659 κόσμου,
1370 4582 1452 4652 οἷς
1483 4587 1812 4643 ἀντίκεινται

229 4680 507 4752 δαίμονες,
537 4680 585 4732 οἱ
621 4679 696 4751 μὴ
732 4678 1041 4751 βουλόμενοι
1075 4680 1252 4733 πάντα
1275 4679 1558 4750 ἄνθρωπον
1589 4679 1814 4742 είςνέπί-

239 4786 435 4841 γνῶσιν
464 4769 718 4843 ἀληθείας
752 4768 944 4824 ἐλθεῖν.
977 4770 1117 4841 Χεὶρ
1136 4768 1272 4824 Θεοῦ
1288 4772 1317 4824 6
1341 4770 1635 4842 μονογενὴς
1660 4770 1809 4834 Υίός·

236 4864 483 4936 ῥομφαία
505 4864 560 4918 δὲ
592 4865 626 4935 ἡ
658 4865 832 4935 ίσχὺς,
871 4864 906 4936 ἡ
948 4863 1193 4935 δύναμις,
1230 4866 1263 4935 ἡ
1299 4863 1535 4928 ἐξουσία.
1577 4863 1814 4935 Ἐκάστη

228 4956 381 5030 ψυχὴ
399 4957 577 5011 δικαία
597 4956 828 5010 ἕλκουσα
854 4957 980 5020 τοὺς
1003 4956 1358 5027 ἁμαρτωλοὺς
1389 4955 1449 5020 ἐξ
1468 4956 1715 5022 ἀσεϐείας
1736 4958 1816 5021 είς

235 5050 566 5115 θεοσέϐειαν,
601 5049 842 5121 ῥομφαία
879 5049 995 5102 ἐστὶ¹
1028 5048 1163 5102 Θεοῦ
1189 5048 1502 5120 ὴκονημένη
1535 5049 1676 5103 κατὰ
1702 5047 1811 5101 τῶν

236 5132 561 5213 πνευμάτων
592 5141 692 5212 τῆς
722 5141 1007 5213 πονηρίας.
1047 5138 1264 5211 Ταύτην
1299 5136 1391 5194 οὖν
1417 5140 1514 5210 τὴν
1540 5137 1813 5211 ῥομφαίαν

237 5250 332 5288 σου
364 5235 524 5306 ῥῦσαι
560 5236 668 5289 ἀπὸ
693 5234 904 5307 ἐχθρῶν
946 5251 1040 5288 σου
1070 5234 1178 5287 τῶν
1210 5232 1618 5304 ἀνθισταμένων
1642 5234 1707 5303 τῇ
1733 5232 1815 5295 είς

232 5325 329 5382 τὸν
355 5327 631 5399 Μονογενῆ
656 5327 855 5383 πίστει.

308 5490 355 5526 ⁸⁷
376 5491 554 5547 Eccle.
589 5508 645 5557 ι,
670 5490 724 5545 4.
797 5490 843 5523 ³⁸
867 5489 1066 5562 Ephes.
1089 5503 1165 5555 tv,
1184 5487 1280 5543 27.
1356 5487 1400 5520 "
1424 5485 1547 5542 Job.
1570 5501 1648 5551 ιχ,
1671 5485 1760 5541 54.

308 5603 422 5676 (49)
452 5602 666 5676 Ἔκδον
691 5601 888 5669 ὄντας.
917 5611 1024 5676 etc.
1058 5599 1400 5676 Gotletekoe.

312 5603 400 5676 (49
452 5603 666 5658 "Ea-607'
691 5603 888 5669 ὄντας.
917 5611 1024 5656 etc.
1058 5603 1238 5656 Codex
1265 5603 1400 5653 Roe.

468 5672 686 5757 Τοῦτον
716 5671 1052 5727 κυκλοῦσιν
1076 5673 1132 5725 οἱ
1155 5670 1454 5741 δαίμονες,
1480 5676 1586 5726 etc.
1618 5668 1803 5727 Codex

239 5743 981 5889 cogily.”E'1r'odaoxptisaOtg-,
1007 5821 1114 5869 etc.
1142 5812 1321 5870 Codex
1355 5811 1490 5868 Roe.

1914 4592 1984 4646 do
2017 4591 2286 4662 providet,
2323 4599 2378 4645 et
2423 4591 2624 4659 quibus
2657 4590 2931 4645 daemones
2979 4589 3362 4654 adversantur,
3392 4587 3485 4657 qui

1917 4682 2110 4738 nolunt
2142 4696 2331 4737 omnes
2378 4683 2629 4738 homines
2662 4681 2729 4736 ad
2776 4680 3023 4735 veritatis
3057 4679 3305 4734 notitiam
3332 4692 3487 4733 acce-

1916 4777 2065 4831 dere.
2106 4774 2296 4830 Manus
2340 4773 2456 4839 Dei,
2508 4774 2822 4845 unigenitus
2869 4772 3039 4827 Filius
3090 4779 3202 4833 est;
3256 4769 3484 4833 framea,

1914 4867 2110 4933 virtus,
2154 4867 2237 4922 vis
2266 4875 2320 4921 et
2350 4875 2610 4937 potestas.
2666 4865 2934 4933 Quaelibet
2976 4862 3155 4916 anima
3188 4860 3330 4929 iusta
3369 4875 3489 4929 quae

1915 4969 2231 5030 peccatores
2279 4960 2450 5015 trahit
2492 4960 2560 5014 ab
2584 4959 2863 5028 impietate
2906 4956 2970 5010 ad
3018 4955 3296 5026 pietatem,
3324 4951 3490 5024 604

1914 5051 2117 5107 framea
2149 5052 2241 5107 Dei
2272 5060 2356 5106 est
2385 5059 2543 5105 acuta
2573 5057 2765 5105 contra
2796 5048 3021 5118 spiritus
3052 5043 3293 5100 malitiae.
3338 5043 3487 5096 Hane

1913 5141 2077 5212 igitur
2101 5141 2359 5197 frameam
2386 5149 2531 5195 tuam
2565 5140 2711 5209 eripe
2741 5139 2808 5194 ab
2835 5136 3069 5192 inimicis
3092 5133 3219 5199 tuis,
3243 5131 3333 5202 qui
3366 5130 3486 5185 ﬁdei

1917 5233 1970 5288 in
2010 5232 2357 5306 Unigenitum
2387 5232 2767 5290 adversantur.

1975 5592 2092 5662 (ΒΞ)
2119 5589 2221 5662 Διὰ
2239 5589 2345 5643 τοῦ
2374 5584 2736 5662 ἀκαθάρτου,
2759 5592 2864 5662 etc.
2888 5580 3067 5662 Codex
3088 5574 3483 5634 Coislinianus.

2009 5655 2098 5733 55)
2133 5660 2252 5728 Τὴν
2276 5659 2602 5733 ῥομφαίαν,
2635 5666 2743 5733 etc.
2767 5655 3080 5733 Qortlcrius.
3107 5718 3121 5731 .

2009 5667 2098 5730 55)
2133 5667 2252 5728 Τὴν
2276 5667 2602 5729 ῥομφαίαν,
2635 5667 2743 5711 etc.
2767 5667 3080 5733 uorucrtus.
3107 5718 3121 5731 θ

1916 5667 2359 5860 Βῧὲξιὲΐῦίέοπερ
2393 5727 2531 5797 Ἰὼϐ,
2565 5736 2672 5784 etc.
2696 5724 2877 5782 Codex
2903 5720 3266 5779 Consltntanus
3308 5717 3396 5784 l0,
3432 5718 3491 5770 et
