4020 6152
554 332 695 389 1225
1932 327 2028 385 EX
2061 326 2137 384 0F

2239 325 2368 381 ENE
2836 366 2841 371 ρ
3690 326 3818 383 ιεει

624 453 788 509 Vens.
813 450 900 508 Η.
938 449 1182 516 Domine,
1217 465 1251 503 a
1276 450 1457 518 paucis
1496 448 1561 502 de
1596 457 1736 502 terra
1762 446 1935 500 divide
1969 462 2057 501 eos
2080 445 2137 499 in

2308 443 2504 509 Κύριε,
2538 440 2657 497 ἀπὸ
2685 443 2900 513 ὀλίγων
2924 441 3044 496 ἀπὸ
3068 440 3179 512 γῆς
3216 440 3578 511 ὃιαμέρισον
3606 441 3816 509 αὐτοὺς

553 547 660 602 uita
689 559 890 608 eorum,
921 552 971 597 et
1004 541 1067 595 de
1100 541 1420 595 absconditis
1449 542 1552 593 tuis
1576 537 1892 607 adimpletus
1919 548 1995 593 est
2023 556 2136 593 uen-

2239 536 2306 589 ἐν
2325 534 2401 603 τῇ
2417 532 2530 603 ζωῇ
2549 532 2765 600 αὐτῶν,
2789 533 3021 589 καὶτῶν
3044 534 3476 604 κεκρυμμένων
3500 548 3621 586 σου
3643 534 3818 599 ἐπλή-

555 647 635 690 ter
665 650 868 699 eorum,
897 643 1000 686 etc.
1034 631 1245 695 Divide,
1277 646 1343 685 ne
1366 630 1726 685 consentiant.
1759 648 1779 681 ι
1815 630 1880 684 Ει
1908 631 1977 685 de
2005 630 2135 684 abs-

2239 635 2351 699 σθη
2405 631 2443 699 ἡ
2484 628 2717 699 γαστὴρ
2765 627 2982 693 αὐτῶν,
3032 645 3086 680 κ.
3143 646 3192 680 τ.
3250 627 3295 679 ὲ.
3334 625 3692 697 Διαμέρισον,
3741 628 3819 679 ἵνα

557 730 792 784 conditis
853 728 962 781 tuis
1006 724 1328 794 adimpletns
1376 732 1458 794 est
1501 733 1693 777 venter
1748 737 1958 777 eorum.
2000 739 2019 773 ι
2075 720 2132 775 Si

2239 723 2313 794 μὴ
2343 722 2456 791 (55)
2480 721 2765 793 ὁμονοῶσι.
2796 739 2815 771 t
2840 721 2947 774 Καὶ
2968 719 3076 772 τῶν
3104 718 3505 789 κεκρυμμένων
3540 735 3634 770 σου
3664 719 3820 791 ἐπλή-

553 821 772 890 quando
801 820 986 873 hostes
1020 815 1298 885 Evangelii
1328 814 1681 884 ριιὶιοεοιιιιοε
1714 812 1916 867 videris
1941 826 2132 881 magna

2239 813 2337 885 σθη
2378 816 2411 885 ἠ
2453 813 2667 886 γαστὴρ
2700 814 2898 866 αὐτῶν.
2944 832 2964 865 s
3003 814 3172 865 Ὅταν
3209 814 3258 865 οἱ
3298 812 3487 883 ἐχθροὶ
3520 811 3614 865 τοῦ
3646 813 3820 882 Εὐαγ-

554 923 609 968 et
634 913 944 979 excogitata
1003 909 1250 981 proferre
1300 908 1576 977 dogmata,
1623 905 1773 959 dices
1824 903 1935 958 Deo
1968 922 1982 958 :
2017 922 2037 954 ι
2062 904 2135 957 De

553 1006 891 1062 absconditis
941 1004 1045 1059 tuis
1104 1001 1433 1070 adimpletus
1490 1008 1575 1054 est
1626 1009 1817 1052 venter
1868 1012 2079 1062 eorum,
2109 1014 2129 1051 ι

554 1114 675 1171 quae
704 1099 920 1170 quidem
957 1095 1098 1151 forte
1128 1096 1431 1166 proferunt,
1477 1093 1602 1163 quia
1642 1100 1913 1145 noverunt
1941 1089 2053 1153 illa,
2080 1098 2135 1142 et

554 1209 676 1247 cum
711 1192 999 1246 obscuram
1044 1189 1260 1245 illorum
1309 1187 1557 1241 notitiam
1608 1185 1894 1248 baberent,
1948 1193 2132 1251 postea

552 1284 1042 1340 exercitationibus
1091 1292 1147 1335 et
1193 1279 1666 1349 disquisitionibus
1723 1277 1837 1331 suis
1889 1275 2133 1329 illustra-

553 1387 700 1431 runt.
744 1375 896 1429 Alius
926 1377 1001 1428 ait
1035 1392 1049 1427 :
1086 1392 1104 1425 ι
1128 1372 1264 1428 Pars
1292 1388 1479 1427 eorum
1505 1372 1556 1425 in
1584 1370 1916 1423 viventibus.
1941 1387 1961 1418 ι
2004 1366 2133 1422 0m-

552 1468 641 1522 nis
663 1466 806 1521 enim
839 1467 1182 1520 inimicorum
1218 1464 1311 1518 Dei
1342 1463 1633 1518 [hereditas
1681 1462 1781 1515 sita
1812 1467 1887 1515 est
1922 1460 1975 1513 in
2005 1473 2135 1528 prae-

553 1559 696 1615 senti
725 1559 831 1613 vita
865 1558 917 1612 in
959 1574 1065 1628 qua
1096 1558 1246 1611 omni
1287 1555 1561 1622 voluptate
1590 1552 1778 1623 repleti
1809 1560 1955 1607 sunt.

628 1736 875 1793 Saturati
911 1746 1033 1789 sunt
1067 1734 1217 1803 ﬁliis,
1268 1746 1314 1786 et
1360 1735 1673 1787 dimiserunt
1714 1732 1962 1804 reliquias
2007 1748 2131 1788 suas

2233 908 2413 976 γελίον
2461 907 2874 978 φιλοσοφοῦντες
2911 905 3121 978 μεγάλα
3154 906 3247 959 καὶ
3278 904 3711 976 ὲπιτετευγμένα
3735 906 3820 959 λέ-

2233 1017 2371 1068 γωσι
2403 1000 2647 1072 δόγματά
2680 1017 2827 1063 ποτε,
2859 1001 3004 1071 ὲρεῖς
3030 997 3109 1068 τῷ
3128 997 3265 1068 Θεῷ·
3296 1016 3317 1048 ε
3352 997 3477 1050 Τῶν
3510 997 3821 1068 κεκρυμμέ-

2232 1110 2338 1145 νων
2374 1110 2467 1145 σοι)
2491 1091 2735 1162 ἐπλήσθη
2768 1092 2801 1160 ἠ
2826 1090 3039 1161 γαστὴρ
3062 1090 3262 1152 αὐτῶν,
3299 1109 3319 1139 ι
3356 1090 3517 1143 ᾶτινα
3536 1091 3676 1160 τάχα
3698 1092 3819 1143 ἀνα-

2235 1186 2513 1256 φέρουσιν,
2551 1183 2673 1238 ἐπεὶ
2709 1182 2924 1253 ᾔδεισαν
2949 1184 3106 1238 αὑτά·
3143 1183 3238 1238 καὶ
3264 1184 3389 1246 τοὺς
3416 1183 3621 1246 rima;
3646 1183 3814 1236 αὑτῶν

2233 1276 2516 1349 ἀμαυροὺς
2573 1274 2807 1345 ἔχοντες,
2868 1276 2989 1337 ταῖς
3042 1274 3308 1345 ἀσκήσεσι
3375 1274 3474 1327 καὶ
3532 1272 3813 1343 ζητήσεσιν

2233 1367 2605 1439 ὲλάμπρυναν.
2649 1369 2877 1439 Ἕτερος
2913 1366 2971 1420 δέ
3000 1382 3183 1437 φησιν·
3223 1385 3243 1417 ι
3280 1367 3346 1419 Ἥ
3374 1365 3539 1437 μερὶς
3560 1366 3735 1418 αὐτῶν
3758 1368 3810 1419 ἐν

2232 1462 2345 1525 τοῖς
2375 1459 2561 1524 ζῶσιν.
2601 1479 2619 1511 ι
2665 1459 2731 1512 Ἦ
2760 1459 2870 1530 γὰρ
2909 1459 3057 1512 πᾶσα
3085 1458 3422 1530 κληρονομία
3450 1457 3563 1510 τῶν
3610 1457 3809 1527 ἐχθρῶν

2232 1547 2325 1602 τοῦ
2359 1548 2491 1602 Θεοῦ
2522 1548 2580 1602 ὲν
2622 1551 2689 1619 τῇ
2733 1546 2982 1619 παρούσῃ
3021 1546 3158 1619 ζωῇ,
3192 1549 3249 1600 ὲν
3342 1549 3439 1601 καὶ
3469 1547 3809 1619 ἐπλήσθησαν

2238 1640 2422 1710 πάσης
2446 1640 2676 1710 τρυφῆς.

2314 1733 2798 1802 Ἑχορτάσθησαν
2816 1730 2979 1798 υἱῶν,
2998 1733 3093 1787 καὶ
3117 1733 3360 1802 ἀφῆκαν
3383 1735 3455 1787 τὰ
3483 1733 3810 1787 mediae-ta

554 1828 793 1900 parvulis
846 1830 977 1890 suis,
1026 1839 1140 1881 etc.
1194 1825 1442 1896 Propriis
1476 1824 1676 1881 fetibus
1722 1824 1951 1880 saturati
1986 1834 2129 1888 sunt,

2239 1823 2642 1891 τοῗς’νηπίοις
2669 1822 2888 1888 αὐτῶν,
2925 1843 2978 1878 κ.
3010 1842 3061 1877 τ.
3106 1826 3151 1878 ὲ.
3197 1824 3317 1877 Τῶν
3365 1825 3512 1879 ἰδίων
3540 1826 3807 1896 γεννημά-

558 1934 789 1989 quorum
838 1916 1099 1986 reliquias
1149 1915 1393 1985 parvulis
1444 1914 1559 1968 suis
1610 1914 1968 1983 reliquerunt.
2019 1912 2132 1967 Hoc

552 2012 699 2066 enim
732 2011 894 2065 etiam
922 2010 976 2063 in
1031 2008 1502 2063 maledictionibus
1540 2006 1767 2061 Levitici
1801 2008 2018 2075 ponitur
2040 2005 2085 2037 ⁶⁰
2116 2018 2132 2058 :

562 2119 584 2155 ι
609 2101 918 2158 Comedetis
954 2114 1151 2155 carnes
1179 2099 1412 2154 ﬁliorum
1448 2110 1777 2152 vestrorum.
1805 2115 1823 2148 ι

628 2276 901 2347 Ejusdem.
945 2276 1183 2330 Saturati
1212 2283 1339 2328 sunt
1370 2272 1519 2338 ﬁliis,
1560 2272 1612 2327 id
1639 2280 1722 2328 est
1753 2268 2133 2334 immunditia;

556 2384 659 2424 nec
683 2371 854 2425 solum
887 2369 985 2439 ipsi
1016 2367 1279 2421 immundi
1311 2365 1439 2421 lacti
1467 2373 1612 2430 sunt,
1644 2364 1739 2419 sed
1766 2372 1820 2418 et
1846 2362 1984 2417 ﬁlios
2009 2376 2136 2417 suos

558 2457 913 2511 ἰιιηηιιιιιιίιίτο
941 2472 1051 2511 suae
1075 2456 1368 2526 participes
1400 2454 1667 2509 fecerunt.
1710 2451 1825 2507 Non
1852 2454 1996 2507 enim
2020 2464 2140 2519 per-

556 2551 825 2607 fectorum
853 2559 937 2604 est
966 2549 1241 2602 immunda
1280 2547 1494 2601 mundis
1523 2546 1797 2617 praeferre.

634 2646 796 2700 Vens.
825 2642 911 2698 15.
958 2639 1069 2713 Ego
1109 2652 1283 2695 autent
1313 2645 1366 2693 in
1401 2640 1613 2708 justitia
1642 2636 1905 2708 apparebo
1923 2651 2138 2704 conspe-

558 2739 666 2793 ctui
699 2749 810 2802 tuo,
862 2735 1104 2788 satiabor
1146 2750 1263 2787 cum
1307 2733 1608 2803 apparuerit
1655 2733 1828 2803 gloria
1876 2741 1989 2795 tua,
2028 2739 2134 2784 etc.

555 2827 617 2885 In
665 2828 877 2899 justitia
924 2836 1088 2895 atque
1142 2823 1289 2880 oumi
1341 2823 1544 2877 virtute
1595 2821 1877 2892 apparebit
1919 2830 2139 2877 sanctus

558 2929 689 2973 ante
716 2917 911 2971 faciem
949 2914 1069 2978 Dei,
1119 2914 1299 2968 nullus
1344 2924 1527 2970 autem
1561 2913 1783 2982 iniquus
1808 2910 1881 2978 ibi
1915 2926 2137 2982 compa-

559 3008 719 3065 rebit.
762 3006 928 3061 Beata
957 3006 1185 3060 satietas
1215 3004 1319 3059 erit
1352 3004 1404 3058 in
1438 3004 1776 3074 apparitione
1803 3012 1859 3059 et
1884 3004 2029 3059 clara
2057 3002 2137 3057 vi-

2232 1934 2342 1970 των
2378 1916 2489 1988 (56)
2524 1916 2950 1989 ἐχορτάσθησαν,
2988 1910 3062 1970 ὧν
3092 1917 3317 1987 λείψανα
3342 1921 3456 1980 τοῖς
3485 1918 3699 1971 ἑαυτῶν
3722 1937 3810 1988 νη-

2235 2006 2380 2070 πίοις
2407 2006 2849 2060 καταλελοίπασι.
2884 2005 3055 2060 Τοῦτο
3069 2006 3176 2077 γὰρ
3205 2006 3299 2059 καὶ
3320 2007 3378 2059 ἐν
3410 2007 3576 2077 ἀραῖς
3609 2007 3813 2059 Λευῖτι-

2236 2095 2335 2149 κοῦ
2390 2096 2741 2167 πρόσκειταιο
2802 2114 2823 2147 ι
2860 2095 3102 2165 Φάγεσθε
3150 2095 3251 2159 τὰς
3302 2096 3514 2167 σάρκας
3546 2096 3658 2149 τῶν
3690 2096 3812 2149 υἱῶν

2237 2186 2416 2259 ὑμῶν.
2457 2207 2477 2240 s

2312 2275 2422 2330 Τοῦ
2463 2275 2670 2330 αὑτοῦ.
2714 2276 2861 2329 Υίῶν
2902 2276 3023 2329 ἀντὶ
3048 2275 3141 2328 τοῦ
3169 2274 3305 2347 (57),
3332 2275 3700 2347 ἀκαθαρσίας.
3742 2274 3812 2330 Οὐ

2241 2368 2402 2441 μόνον
2433 2368 2487 2421 δὲ
2525 2368 2680 2422 αὐτοὶ
2711 2368 2994 2437 γεγόνασιν
3036 2366 3354 2438 ἀκάθαρτοι,
3401 2367 3535 2420 ἀλλά
3571 2369 3666 2421 καὶ
3708 2372 3816 2432 τοίς

2235 2459 2449 2523 τέκνοις
2511 2458 2688 2512 αὐτῶν
2752 2459 2852 2530 τῆς
2922 2458 3260 2529 ἀκαθαρσίας
3340 2460 3675 2529 μετέδωκαν.
3743 2459 3813 2512 Οὐ

2240 2549 2349 2621 γὰρ
2387 2549 2608 2604 τελείων
2644 2549 2706 2603 τὸ
2736 2549 3022 2622 ἀκάθαρτα
3044 2549 3152 2603 τῶν
3186 2549 3440 2622 καθαρῶν
3479 2552 3812 2622 προκρίνειν.

2317 2640 2460 2713 Ἐγὼ
2485 2641 2553 2695 δὲ
2580 2642 2650 2695 ἐν
2670 2641 3021 2711 δικαιοσύνῃ
3053 2639 3389 2710 ὀφθήσομαι
3416 2640 3498 2707 τῷ
3523 2641 3817 2710 προσώπῳ

2236 2751 2375 2802 σου,
2427 2734 2913 2806 χορτασθήσομαι
2938 2735 3009 2789 ἐν
3052 2735 3133 2801 τῷ
3177 2734 3430 2804 ὀφθῆναι
3473 2734 3591 2801 τὴν
3632 2734 3814 2797 δόξαν

2235 2842 2375 2890 σου,
2412 2844 2467 2880 κ.
2521 2843 2572 2879 τ.
2611 2828 2656 2880 ὲ.
2705 2827 2794 2879 Ἐν
2838 2826 3151 2899 δικαιοσύνῃ
3193 2824 3306 2897 (58)
3335 2827 3428 2878 καὶ
3456 2826 3610 2897 πάσῃ
3650 2826 3808 2895 ἀρετῇ

2238 2916 2533 2989 ὀφθήσεται
2562 2918 2591 2970 ό
2621 2918 2774 2986 ἆγιος
2799 2918 2876 2987 τῷ
2913 2916 3190 2990 προσώπῳ
3232 2915 3324 2970 τοῦ
3350 2916 3509 2982 Θεοῦ,
3547 2916 3720 2978 οὐδεὶς
3761 2915 3812 2969 δὲ

2237 3008 2417 3074 ἄδικος
2464 3008 2778 3080 ὀφθήσεται.
2833 3010 2893 3062 ὐ
2935 3009 2993 3063 δὲ
3026 3008 3461 3080 μακαριζόμενος
3505 3006 3810 3079 χορτασμὸς

557 3101 714 3157 sione
742 3098 930 3170 gloria:
959 3097 1074 3151 Dei.
1136 3096 1262 3151 lla-c
1302 3096 1446 3151 enim
1477 3104 1565 3150 est
1616 3095 1771 3150 cibus
1817 3096 1910 3167 qui
1970 3104 2135 3151 totam

2239 3101 2389 3156 ἔσται
2417 3102 2477 3154 ὲν
2508 3099 2587 3172 τῷ
2623 3101 2852 3173 ὀφθῆναι
2885 3103 2978 3156 καὶ
3007 3100 3345 3173 τρανωθῆναι
3375 3100 3474 3173 τὴν
3521 3100 3680 3166 δόξαν
3721 3102 3808 3155 τοῦ

560 3195 756 3249 animm
806 3205 1046 3245 mensam
1095 3189 1288 3260 replet,
1333 3203 1492 3257 quem
1540 3188 1631 3257 qui
1684 3189 1857 3242 esurit
1886 3197 1941 3243 et
1985 3187 2132 3243 salu-

2242 3193 2398 3248 Θεοῦ.
2437 3192 2588 3264 Αὕτη
2639 3195 2748 3266 γάρ
2799 3196 2947 3248 ἐστιν
2998 3196 3032 3267 ἡ
3078 3195 3185 3248 πᾶν
3211 3195 3272 3247 τὸ
3321 3192 3468 3248 ὲλεὸν
3510 3194 3612 3264 τῆς
3645 3193 3810 3265 ψυχῆς

560 3284 738 3341 briter
768 3280 998 3352 appetit,
1029 3280 1145 3351 ipso
1181 3280 1416 3350 repletus
1441 3281 1754 3335 satiabitur.

2248 3285 2640 3359 ἀναπληροῦσα
2696 3288 2893 3359 τροφὴ,
2951 3283 3018 3359 ἦς
3075 3289 3105 3339 ὁ
3157 3286 3376 3352 πεινῶν,
3427 3287 3522 3341 καὶ
3569 3286 3808 3355 ὑγιεινῶς

2249 3377 2572 3451 ὀρεγόμενος
2603 3377 3031 3450 χορτασθήσεται
3064 3376 3436 3449 πληρούμενος
3460 3379 3655 3449 αὐτῆς.

1094 3557 1415 3614 PSALMUS
1448 3557 1614 3615 XVII.

2811 3570 3102 3626 ΨΔΛΜΟΣ
3157 3572 3255 3627 IZ'.

636 3650 800 3707 Vens.
830 3650 887 3715 9.,
927 3650 982 3704 5.
1041 3649 1273 3720 Diligam
1308 3658 1378 3715 te,
1426 3648 1652 3705 Domine
1694 3649 1948 3720 fortitudo
2004 3671 2137 3713 mea.

2331 3658 2637 3730 ’A'paarﬁo'to
2671 3674 2777 3726 σε,
2820 3662 2998 3730 Κύριε
3031 3664 3210 3731 ἰσχύς
3241 3679 3380 3732 μου.
3416 3663 3634 3731 Κύρως
3685 3678 3810 3716 στει-

562 3743 818 3799 Dominus
851 3741 1239 3811 ﬁrmamentum
1281 3756 1456 3794 meum
1496 3751 1545 3794 et
1589 3740 1849 3811 refugium
1879 3760 2072 3808 meum,
2092 3757 2137 3799 et

2239 3750 2439 3820 ρέωμά
2460 3768 2601 3821 μου,
2633 3751 2733 3807 καὶ
2767 3753 3077 3823 καταφυγή
3106 3772 3248 3824 μου,
3274 3754 3371 3809 καί
3395 3755 3634 3822 ῥὺστης
3679 3770 3807 3826 μου·

566 3837 821 3889 liberator
854 3850 1036 3899 meus;
1068 3833 1208 3887 Deus
1231 3848 1377 3887 meus
1411 3833 1627 3902 adjutor
1652 3850 1818 3899 meus,
1844 3847 1891 3890 et
1921 3838 2137 3905 sperabo

2247 3844 2280 3897 ό
2316 3844 2459 3909 Θεός
2483 3861 2603 3913 μου
2628 3844 2859 3913 ,βοηθός
2882 3863 3023 3916 μου,
3050 3846 3237 3901 eam;
3264 3846 3357 3899 ἐπ’
3376 3847 3586 3900 αὐτόν.
3631 3848 3811 3915 Ὑπερ-

563 3928 622 3981 in
647 3942 784 3979 eum.
819 3925 1089 3979 Protector
1120 3940 1265 3978 meus
1299 3934 1346 3978 et
1377 3940 1542 3979 cornu
1567 3925 1754 3981 salutis
1780 3944 1930 3993 mea»,
1958 3941 2004 3983 et
2028 3946 2137 3983 sus-

2244 3934 2551 4003 ασπιστής
2584 3953 2703 4005 μου
2733 3937 2831 3991 καὶ
2854 3936 3030 4006 κέρας
3053 3936 3349 4005 σωτηρίας
3363 3954 3502 4005 μου,
3532 3936 3634 3991 καὶ
3665 3937 3810 3990 ἀντι-

561 4030 742 4086 ceptor
782 4033 948 4082 meus,
992 4026 1101 4071 etc.
1153 4017 1272 4085 Ipsa
1317 4031 1414 4087 per
1460 4032 1520 4073 se
1567 4017 1822 4073 fortitudo
1869 4029 1926 4074 et
1969 4022 2137 4091 ipsum

2244 4026 2489 4096 λήπτωρ
2533 4045 2674 4098 μου,
2707 4046 2761 4081 κ.
2787 4046 2836 4083 τ.
2878 4029 2926 4082 ὲ.
2974 4029 3038 4082 Ἦ
3067 4029 3355 4100 αὐτοῖσχὺς
3383 4028 3496 4100 (59)
3536 4029 3636 4083 καὶ
3668 4030 3808 4082 αὺτο-

564 4126 663 4184 per
688 4123 748 4164 se
771 4108 1170 4163 ﬁrmamentum
1196 4120 1532 4177 sanctorum,
1559 4111 1819 4168 Dominus
1841 4126 1943 4169 est.
1974 4113 2137 4170 Nemo

2247 4118 2533 4190 στερέωμα
2579 4117 2688 4171 τῶν
2731 4118 2923 4186 ἁγίων,
2968 4118 2998 4171 6
3036 4119 3261 4190 Κύριός·
3288 4120 3455 4172 ἔστιν.
3497 4118 3690 4182 Οὐδεὶς
3726 4114 3806 4171 οὖν

573 4202 744 4271 igitur
786 4214 974 4255 eorum
1004 4201 1095 4269 qui
1142 4211 1295 4256 extra
1327 4200 1616 4257 Dominum
1667 4214 1817 4271 sunt,
1853 4205 2007 4261 fortis
2059 4216 2137 4262 est

2246 4210 2467 4283 ἰσχυρὸς
2499 4211 2532 4282 ἢ
2566 4210 2785 4283 στερεὸς
2816 4210 2926 4265 τῶν
2950 4211 3051 4265 οὐκ
3082 4212 3141 4265 ὲν
3172 4212 3382 4283 Κυρίῳ.
3415 4211 3491 4264 Οὐ
3528 4210 3723 4264 ταύτὸν
3757 4209 3807 4263 δὲ

565 4304 664 4349 aut
706 4294 917 4347 ﬁrmus.
958 4290 1075 4347 Non
1109 4302 1287 4348 autem
1331 4294 1471 4351 idem
1513 4305 1597 4350 est
1623 4295 1836 4351 ﬁrmum
1873 4299 2014 4368 quod
2039 4299 2137 4353 du-

2243 4305 2307 4360 τὸ
2333 4305 2552 4377 στερεὸν
2573 4304 2651 4377 τῷ
2671 4302 2912 4377 σκληρῷ,
2945 4304 3067 4359 οὐδὲ
3097 4305 3160 4359 τὸ
3190 4304 3408 4376 ἰσχυρὸν
3433 4305 3612 4369 τόνοις
3636 4312 3805 4376 (ppsm-

567 4404 708 4450 rum,
750 4402 925 4457 neque
955 4384 1094 4441 lorte
1127 4386 1265 4441 idem
1300 4397 1385 4443 est
1424 4403 1488 4444 ac
1527 4391 1693 4444 robur
1733 4390 2138 4446 insanientium.

639 4478 914 4552 Ejusdem.
953 4479 995 4533 A
1022 4479 1186 4535 simili
1221 4480 1400 4535 simile
1442 4481 1840 4550 dignoscimus,
1874 4482 2038 4555 605
2062 4483 2143 4538 di-

567 4573 803 4629 lectione
832 4571 1200 4634 dilectionem,
1233 4571 1382 4641 justo
1406 4570 1693 4639 justitiam.
1740 4572 1853 4630 lloc
1880 4575 2024 4630 enim
2058 4583 2144 4629 est

569 4679 823 4735 magnum
854 4678 919 4718 ac
965 4662 1295 4732 praecipuum
1328 4665 1663 4720 mandatum.
1706 4664 1806 4733 Qui
1841 4676 2020 4723 autem
2060 4667 2144 4722 di-

569 4756 712 4825 ligit,
760 4755 1018 4810 dilectum
1065 4768 1285 4824 quoque
1331 4754 1481 4809 colit.
1542 4754 1934 4811 Fortitudinem
1987 4772 2142 4812 suam

571 4848 740 4903 Deum
772 4854 950 4910 vocat,
987 4844 1187 4913 quippe
1220 4843 1377 4913 cujus
1405 4859 1509 4914 ope
1537 4847 1604 4901 ab
1629 4847 1881 4902 omnibus
1908 4847 2143 4903 inimicis

567 4941 683 4997 suis
736 4948 847 4993 tam
901 4937 1210 4992 visibilibus
1260 4952 1426 5011 quam
1479 4938 1824 5008 spiritalibus
1882 4938 2143 4996 liberatus

569 5040 674 5086 est.

641 5121 915 5193 Ejusdem.
952 5119 1384 5176 Firmamentum
1426 5121 1565 5178 dixit
1608 5124 1813 5191 Deum,
1845 5134 2031 5196 utpote
2073 5126 2142 5182 ab

573 5217 688 5288 ipso
718 5222 904 5270 contra
934 5214 1119 5268 hostes
1150 5222 1461 5284 protectus;
1494 5215 1787 5288 refugium,
1815 5227 1873 5273 ut
1900 5220 1994 5290 qui
2026 5235 2145 5274 mu-

642 5339 688 5371 θ’
709 5336 886 5394 Levit.
911 5350 1063 5400 xxvt,
1082 5334 1173 5392 29.

577 5459 760 5589 “$55)
788 5458 1161 5532 Διαμέρισον,
1178 5457 1279 5512 ἵνα
1300 5454 1409 5527 μή,
1428 5462 1534 5510 etc.
1557 5451 1737 5509 Codex
1758 5450 2145 5519 Coislinianus,

648 5600 762 5671 (56)
793 5598 914 5655 Τῶν
936 5598 1100 5653 ἰδίων
1122 5598 1525 5669 γεννημάτων,
1561 5599 1670 5651 etc.
1690 5598 1872 5665 Origer

575 5671 1104 5749 ritt‘§_,_al_i.i_§usebiq
1139 5669 1403 5749 tribuunt.
1435 5735 1467 5749 ﬂ
1508 5735 1522 5749 ι
1595 5734 1610 5749 ⁸
1688 5731 1727 5749 η
1774 5730 1872 5749 Aw

647 5730 762 5811 (.5777)
794 5738 951 5811 rid»:
971 5739 1105 5793 ἀντὶ
1129 5737 1258 5811 τοῦ,
1284 5746 1393 5792 etc.
1435 5730 1897 5811 schedzecrsbii.

648 5804 767 5885 (58)
808 5810 904 5865 Ἐν
924 5807 1296 5878 δικαιοσύνῃ,
1328 5816 1439 5863 etc.
1464 5804 1775 5863 Corderius.

1420 5612 1525 5663 ων,
1561 5590 1907 5665 etc.0rigeni
1945 5591 2149 5649 Corde-

2249 4398 2441 4459 τικοῖς.

2325 4487 2435 4542 Τοῦ
2455 4487 2662 4544 αὐτοῦ.
2690 4488 2788 4543 Διά
2810 4487 2906 4543 τοῦ
2934 4487 3122 4560 ὁμοίου
3143 4486 3254 4561 (60)
3282 4488 3342 4542 τὸ
3372 4488 3558 4560 ὅμοιον
3572 4487 3806 4557 ἐπιγινώ-

2249 4595 2471 4651 σκομεν,
2506 4580 2599 4634 καὶ
2643 4580 2731 4635 διὰ
2774 4581 2877 4651 τῆς
2907 4581 3128 4653 ἀγάπης
3181 4581 3268 4653 θὴν
3305 4580 3548 4651 ἀγάπην,
3604 4581 3696 4634 καὶ
3731 4578 3804 4632 διὰ

2247 4669 2342 4724 τοῦ
2366 4670 2573 4725 δικαίου
2606 4672 2705 4743 τὴν
2728 4671 3093 4743 δικαιοσύνην.
3131 4669 3279 4744 Αὕτη
3306 4670 3416 4743 γὰρ
3446 4672 3481 4742 ἡ
3508 4671 3692 4743 ἐντολὴ
3720 4687 3803 4743 μευ

2248 4760 2388 4832 γάλη
2414 4761 2508 4815 καὶ
2553 4762 2763 4834 πρώτη.
2801 4763 2859 4816 ’0
2898 4761 3126 4831 ἀγαπῶν
3160 4762 3217 4816 δὲ
3250 4763 3346 4817 καὶ
3383 4760 3679 4835 θεραπεύει
3727 4761 3803 4814 τὸν

2246 4855 2629 4927 ἀγαπώμενον.
2673 4858 2848 4929 ’ἰσχὺν
2887 4855 3081 4911 ἑαυτοῦ
3122 4857 3280 4911 καλεῖ
3314 4858 3404 4912 τὸν
3448 4858 3605 4923 Θεὸν,
3650 4858 3723 4920 ὡς
3746 4854 3801 4909 δι’

2247 4945 2413 4999 αὑτοῦ
2440 4947 2655 5019 ρυσθεὶς
2680 4951 2743 5002 ὲκ
2769 4948 2986 5003 πάντων
3015 4946 3179 5003 αὐτοῦ
3196 4946 3305 5002 τῶν
3328 4947 3538 5021 ἐχθρῶν
3550 4946 3803 5019 αἰσθητῶν

2251 5037 2347 5089 καὶ
2370 5037 2597 5109 νοητῶν.

2326 5132 2436 5187 Τοῦ
2456 5135 2664 5189 αὐτοῦ.
2693 5136 2987 5209 Στερέωμα
3023 5135 3143 5192 εἷπε
3171 5137 3285 5208 (6t)
3317 5136 3410 5190 τὸν
3454 5134 3587 5189 Θεὸν
3623 5133 3697 5198 ὡς
3727 5130 3802 5186 ὑπ’

2250 5221 2414 5277 αὐτοῦ
2469 5224 2611 5279 κατά
2645 5226 2754 5283 τῶν
2795 5228 3071 5300 πολεμίων
3113 5228 3358 5301 ρυσθείς·
3394 5225 3711 5296 καταφυγὴν
3736 5221 3805 5287 δῖ.

2326 5458 2441 5532 (59)
2487 5463 2553 5521 Ἠ
2584 5467 2935 5540 αὑτοτσχύς,
2957 5477 3066 5525 etc.
3095 5466 3407 5525 Corderius.

2254 5562 2438 5690 ba((310)
2463 5561 2567 5616 Διὰ
2586 5562 2692 5618 τοῦ
2717 5560 2943 5634 ὁμοίου,
2970 5574 3078 5618 etc.
3114 5559 3341 5617 Schedze
3367 5557 3582 5626 Grabii,
3611 5565 3667 5610 et
3694 5553 3806 5608 Bar-

2330 5650 2353 5686 r
2393 5649 2441 5688 tt.

2330 5649 2441 5688 rus.

2255 5724 2441 5850 “(flag
2471 5723 2774 5796 Στερέωμα
2794 5719 2944 5795 εἶπε,
2979 5731 3082 5782 etc.
3116 5722 3329 5781 Eaedem
3350 5719 3588 5788 scheda,
3611 5726 3666 5774 et
3691 5714 3805 5771 Bsrc
