4020 6152
327 223 466 280 ηεξ

1235 220 1543 277 SELECTA
1578 222 1644 276 IN
1684 221 2020 280 PSALMOS.
2058 256 2129 265 —
2165 224 2362 283 PSAL.
2397 223 2559 283 XVII.

3430 236 3565 295 £226

323 336 400 397 ὡς
424 338 603 406 τεῖχος
643 332 792 404 αὐτῷ
833 333 1120 404 γενόμενον
1149 351 1161 365 ·
1204 335 1438 407 ρύστην,
1474 336 1550 400 ὡς
1591 337 1682 390 ὑπ’
1727 338 1878 391 αὐτοί

1995 354 2091 394 rus
2129 344 2181 396 ei
2243 342 2441 411 fuerit;
2505 346 2884 413 liberatorem,
2941 357 3001 404 ut
3059 349 3127 404 ab
3186 350 3300 420 ipso
3355 354 3565 409 redem-

321 427 635 499 λυτρωθείς.

398 521 508 573 Τοῦ
535 517 740 572 αὐτοῦ.
772 517 973 589 Βοηθὸν
1000 515 1120 573 εἷπε
1151 520 1261 592 (62)
1286 521 1377 576 τὸν
1399 521 1552 587 Θεὸν,
1577 523 1654 587 ὡς
1678 524 1894 576 ἐπικου-

324 612 590 682 ρήσαντα.

396 701 507 755 Τοῦ
531 701 737 755 αὑτοῦ.
777 701 1217 776 Ὑπερασπιστὴν
1249 704 1350 777 ἔφη
1378 705 1488 777 (63)
1510 706 1600 760 τὸν
1634 705 1787 771 Θεὸν,
1816 705 1891 771 ὡς

319 791 634 863 πρόμαχον·
670 792 837 864 κέρας
866 794 1172 867 σωτηρίας,
1209 796 1285 860 ὡς
1322 796 1387 850 δι’
1421 799 1586 852 αὐτοῦ
1638 801 1763 864 τοὺς
1802 801 1893 870 ἐχ·

319 881 481 954 θροὺς
505 885 706 956 τρόπον
749 887 871 941 τινὰ
925 889 1236 960 κερατίσας,
1278 892 1372 943 καὶ
1403 893 1467 962 τῇ
1520 892 1708 945 τούτου
1753 910 1891 965 προ⁸

322 976 522 1049 μηθείς.
543 977 847 1043 διασωθείς.
875 979 1058 1051 Κέρας
1110 983 1374 1054 σωτήριον
1422 986 1516 1037 καὶ
1571 985 1600 1036 ό
1630 986 1886 1056 Χριστὸς,

319 1068 459 1123 κατά
481 1069 572 1123 τὸν
598 1071 870 1143 Ζαχαρίαν
892 1071 1136 1141 λέγοντα·
1168 1093 1187 1125 t
1228 1074 1340 1128 Καὶ
1363 1074 1551 1146 ἤγειρε
1584 1076 1752 1147 κέρας
1784 1094 1888 1130 σω-

316 1157 512 1229 τηρίας
536 1159 688 1230 ἡμῖν.
720 1178 740 1210 s
774 1161 957 1232 Κέρας
979 1162 1074 1214 καὶ
1110 1162 1143 1232 ἡ
1201 1161 1474 1233 βασιλεία,
1512 1165 1587 1230 ὡς
1617 1165 1698 1229 τό,
1760 1184 1778 1217 ‹
1802 1167 1891 1219 ’Υ-

316 1248 488 1319 ψὼσει
518 1251 684 1324 κέρας
715 1252 950 1324 Χριστοῦ
992 1253 1177 1309 αὐτοῦ.
1211 1274 1231 1306 s

376 1340 571 1395 Αἰνῶν
598 1341 1033 1412 ἐπικαλέσομαι
1054 1344 1291 1411 Κύριον,
1313 1344 1413 1398 καὶ
1434 1345 1502 1399 ἐκ
1526 1346 1643 1399 τῶν
1660 1344 1889 1416 ἐχθρῶν

312 1449 430 1502 μου
460 1432 827 1504 σωθήσομαι,
859 1451 912 1487 κ.
937 1451 989 1492 τ.
1022 1436 1070 1489 ἐ.
1112 1434 1170 1488 '0
1202 1436 1339 1507 μετά
1397 1436 1492 1490 τοῦ
1555 1438 1743 1509 ὑμνεῖν
1774 1438 1884 1510 (64)

318 1523 631 1595 εὐχόμενος,
658 1525 823 1579 αἰνῶν
847 1527 1185 1581 ἐπικαλεῖται
1221 1529 1312 1581 τὸν
1342 1525 1556 1601 Κύριον.
1596 1530 1785 1596 Οὐδεὶς
1828 1531 1887 1585 δὲ

317 1616 492 1681 οὕτως
542 1618 760 1691 εὔχεται
796 1622 910 1684 τοῖς
967 1622 1321 1692 συμϐαίνουσι
1367 1623 1881 1696 δυσαρεστούμενος.

1993 440 2138 503 plus.

2063 521 2339 593 Ejusdem.
2366 526 2678 597 Adjulorem
2720 533 2855 589 dixit
2901 533 3112 600 Deum,
3140 542 3326 605 utpote
3375 551 3404 590 a
3455 552 3563 607 quo

1996 615 2252 670 auxilium
2281 622 2567 688 acceperit.

2063 704 2339 777 Ejusdem.
2378 713 2746 772 Protectorem
2771 718 2909 772 dixit
2939 720 3136 785 Deum,
3172 735 3237 775 ac
3280 723 3324 775 si
3358 722 3564 778 diceret

1998 812 2490 869 propugnatorem;
2513 821 2683 861 cornu
2717 808 2943 875 salutis,
2978 821 3036 867 ut
3067 811 3219 880 cujus
3245 829 3347 883 ope
3378 815 3562 871 inimi-

1994 905 2088 945 cos
2117 892 2513 960 quodammodo
2540 912 2707 952 cornu
2733 903 3093 970 prostraverit
3115 942 3128 967 ,
3154 912 3207 958 et
3231 905 3347 975 ejus
3378 908 3563 976 provi-

1992 982 2172 1037 dentia
2214 984 2476 1042 liberatus
2530 986 2712 1044 fuerit.
2755 990 2933 1046 Cornu
2972 994 3162 1050 salutis
3208 1006 3292 1052 est
3339 1008 3393 1053 et
3446 1001 3562 1069 ipse

1990 1070 2434 1142 Christus,juxta
2466 1076 2783 1134 Zachariam
2827 1081 3092 1139 dicentem
3121 1086 3198 1143 “z
3246 1107 3265 1140 ι
3298 1088 3363 1143 Et
3382 1092 3559 1146 erexit

1990 1174 2159 1213 cornu
2206 1161 2399 1219 salutis
2450 1165 2625 1222 nobis.
2662 1187 2682 1221 ι
2753 1170 2932 1225 Cornu
2992 1183 3075 1227 est
3100 1176 3263 1231 etiam
3306 1193 3555 1247 regnum,

1984 1249 2138 1321 juxta
2175 1253 2303 1309 illud
2325 1256 2408 1311 “z
2453 1275 2472 1310 ι
2506 1257 2833 1317 Sublimabit
2863 1277 3034 1318 cornu
3068 1265 3267 1322 Christi
3299 1271 3403 1324 sui.
3441 1289 3459 1321 ι

2046 1341 2208 1398 Vens.
2229 1344 2285 1398 4.
2308 1345 2557 1402 Laudans
2578 1349 2827 1407 invocabo
2843 1352 3143 1424 Dominum,
3165 1368 3214 1412 et
3239 1361 3303 1414 ab
3326 1361 3554 1418 inimicis

1991 1435 2120 1488 meis
2141 1435 2319 1492 salvus
2341 1454 2452 1505 cro,
2474 1451 2582 1496 etc.
2619 1442 2721 1508 Qui
2740 1460 2860 1499 cum
2888 1448 3102 1518 hymnis
3130 1463 3404 1519 precatur,
3438 1454 3555 1508 lau-

1987 1522 2122 1578 dans
2156 1524 2370 1581 invocat
2407 1528 2714 1587 Dominum.
2749 1533 2941 1591 Nullus
2970 1548 3153 1593 autem
3177 1542 3271 1609 qui
3304 1558 3399 1607 ea,
3433 1560 3555 1613 qua:

1987 1616 2265 1684 accidunt,
2288 1634 2429 1690 aegre
2451 1621 2576 1689 fert,
2609 1625 2686 1680 sic
2706 1636 2977 1694 precatur.
3005 1631 3139 1685 Cum
3164 1646 3292 1703 ergo
3313 1635 3552 1691 circum-

316 1710 429 1763 Καὶ
480 1709 590 1765 τῶν
653 1710 862 1783 ἐχθρῶν
920 1707 1013 1766 οῦν
1065 1715 1520 1785 περιεστηκότων,
1546 1715 1733 1780 ,οὕτως
1793 1718 1878 1771 εὑ-

1989 1706 2117 1761 dant
2150 1684 2373 1777 inimici,
2402 1711 2477 1766 ita
2507 1684 2835 1784 precandum
2862 1728 2963 1773 est.

316 1799 492 1855 κτέον.

387 1889 715 1962 Περιέσχον
731 1910 808 1962 με
859 1892 1067 1962 ὠδῖνες
1105 1895 1364 1950 θανάτου
1388 1937 1404 1962 ,
1442 1898 1542 1951 καί
1581 1900 1885 1969 χείμαρῤοι

312 1985 564 2055 ἀνομίας
621 1984 989 2055 ἐξετὰραξάν
1030 2005 1126 2058 με.
1166 1988 1387 2055 Ὠδῖνες
1430 1989 1578 2056 ᾅδου
1616 1993 1885 2060 περιεκύ-

314 2076 562 2131 κλωσὰν
599 2094 677 2148 με
696 2095 709 2108 ·
760 2078 1150 2148 προέφθασάν
1182 2099 1259 2151 με
1306 2081 1555 2151 παγίδες
1600 2083 1880 2148 θανάτου,

311 2185 363 2222 κ.
382 2186 436 2223 τ.
461 2170 488 2223 ἐ
525 2170 583 2223 '0
606 2169 838 2242 Χριστὸς
860 2170 991 2241 (65),
1008 2171 1192 2236 καθὼς
1212 2171 1515 2242 ἄνθρωπος,
1540 2172 1673 2243 φησί
1687 2171 1879 2226 ταῦτα.

311 2260 498 2332 Τούτῳ
524 2261 633 2335 γὰρ
655 2264 684 2316 ό
707 2261 937 2327 θάνατος
984 2264 1180 2328 ὠδῖνας
1206 2264 1380 2328 ἔτεκε,
1422 2263 1518 2317 καὶ
1563 2266 1613 2317 οἰ
1650 2264 1881 2331 ἀνομίας

310 2352 602 2425 χείμαρροι
628 2354 954 2428 ἐξετάραξαν
983 2355 1166 2420 αὐτὸν,
1204 2357 1291 2410 ὅτε
1330 2353 1482 2411 εἶπεν
1510 2374 1524 2388 ·
1562 2376 1581 2409 s
1625 2359 1690 2410 Ἦ
1732 2357 1879 2427 ψυχή

311 2462 414 2518 μου
449 2446 797 2518 τετάρακται*
824 2468 842 2499 ι
871 2449 932 2503 οὐ
965 2451 1071 2521 μὴν
1094 2450 1357 2520 κατέσχον
1380 2449 1590 2506 τοῦτον.
1617 2452 1727 2504 Καὶ
1752 2450 1879 2504 ὠδῖ-

308 2554 397 2602 νες
413 2537 539 2610 ᾅδου
568 2539 1034 2610 περιεκύκλωσαν,
1056 2540 1329 2611 οἰηθέντες
1348 2541 1510 2596 αὐτὸν
1528 2541 1877 2608 καταλαϐεῖν,

308 2631 369 2685 οὐ
406 2631 514 2704 μὴν
541 2630 656 2695 υἱὸς
676 2630 806 2703 ᾅδου
834 2631 1049 2700 ἐγένετό
1084 2648 1240 2686 ποτε.
1297 2632 1642 2704 Προέφθανον
1684 2631 1742 2687 δὲ
1779 2631 1879 2686 αὐ-

307 2723 418 2789 τὸν,
441 2724 606 2796 ἤγουν
626 2724 865 2796 προῆγον
887 2764 902 2789 ,
937 2724 1032 2779 καὶ
1060 2724 1117 2779 αἰ
1160 2723 1299 2797 πρὸς
1331 2724 1559 2780 θάνατον
1592 2724 1877 2797 ἁμαρτίαι,

305 2812 551 2867 τουτέστι
583 2812 805 2882 παγίδες
824 2829 838 2843 ·
882 2813 995 2866 ἀλλ’
1028 2812 1188 2867 αὐτὸν
1222 2814 1321 2885 οὐχ
1376 2813 1638 2872 ἑάλωσαν.
1669 2813 1878 2871 Οὐκοῦν

307 2904 639 2976 χειμάρρους
667 2903 894 2975 ἀνομίας
924 2905 1071 2975 ἐρεῖς
1112 2902 1181 2957 τὰ
1220 2904 1466 2976 ῥεύματα
1511 2906 1613 2977 τῆς
1655 2905 1875 2974 κακίας,

306 2996 401 3051 καὶ
437 2994 668 3051 θανάτου
701 2995 939 3065 παγίδας
956 2995 1057 3060 τὰς
1089 2996 1396 3068 πρακτικὰς
1431 2997 1727 3071 ἁμαρτίας.

378 3176 489 3231 Τοῦ
526 3176 732 3231 αὐτοῦ.
774 3177 969 3240 Ὠδῖνες
989 3176 1220 3232 θανάτου
1259 3177 1391 3249 (66),
1417 3180 1537 3252 ἦτοι
1566 3183 1621 3235 αἰ
1655 3184 1745 3237 τὸν
1779 3184 1877 3239 θά-

303 3284 461 3323 νατον
486 3268 786 3334 τίκτουσαι,
806 3271 840 3341 ἢ
874 3271 930 3325 αἰ
962 3270 1382 3342 συνειλημμέναι
1414 3274 1479 3327 ἐκ
1503 3273 1596 3327 τοῦ
1621 3274 1872 3341 θανάτου,

301 3359 448 3424 ὅστις
470 3359 695 3431 ἔσχατος
724 3360 916 3433 ἐχθρὸς
942 3360 1494 3434 καταργηθησόμενος
1522 3366 1626 3419 ὑπὸ
1659 3367 1874 3421 Παύλου

302 3453 659 3525 κεκήρυκται.

377 3544 489 3599 Τοῦ
520 3544 728 3599 αὐτοῦ.
770 3546 1072 3619 Χείμαρροι
1115 3547 1342 3618 ἀνομίας
1386 3546 1495 3619 (67)
1523 3548 1573 3602 οἰ
1635 3551 1873 3622 παράνο-

302 3652 394 3713 μοι
421 3635 690 3710 λογισμοὶ,
729 3639 924 3704 οἵτινες
973 3639 1159 3703 ὠδῖνες
1211 3638 1498 3694 καλοῦνται
1536 3641 1871 3714 χρονίζοντες

299 3727 359 3781 ἓν
384 3729 536 3800 ἡμῖν,
589 3730 684 3784 καὶ
715 3730 876 3785 πάλιν
918 3732 1144 3801 παγίδες
1177 3730 1532 3797 θανατοῦντες
1572 3735 1722 3805 ἡμᾶς
1783 3734 1871 3789 διὰ

299 3819 400 3892 τῆς
436 3824 559 3876 κατ’
584 3822 861 3895 ἐνέργειαν
894 3824 1185 3897 ἁμαρτίας.

372 3914 482 3969 Καὶ
534 3915 606 3970 ἐν
656 3915 736 3983 τῷ
782 3917 1090 3972 θλίϐεσθαι
1129 3935 1206 3987 με
1265 3916 1728 3985 ἑτεεκαλεσάμην
1766 3916 1872 3970 τὸν

301 4007 539 4076 Κύριον,
564 4007 663 4061 καὶ
699 4006 849 4077 πρὸς
878 4009 983 4062 τὸν
1017 4010 1165 4063 Θεόν
1181 4026 1301 4078 μου
1325 4008 1640 4077 ἐκέκραξα.
1664 4011 1873 4063 Ἤκου-

302 4113 417 4153 σεν
434 4099 504 4153 ἐκ
526 4100 674 4154 ναοῦ
697 4101 869 4171 ἁγίου
900 4100 1085 4156 αὐτοῦ
1117 4099 1228 4169 τῆς
1259 4099 1462 4169 φωνῆς
1499 4118 1640 4168 μου,
1679 4099 1777 4154 καὶ
1828 4101 1868 4168 ἡ

300 4191 527 4262 κραυγή
550 4211 666 4263 μου
715 4191 971 4246 ἐνώπιον
1011 4192 1197 4247 αὺτοῦ
1240 4192 1649 4246 εἰσελεύσεται
1676 4192 1762 4256 εἰς
1800 4193 1871 4244 τὰ

295 4278 415 4338 ὦτα
441 4285 648 4350 αὑτοῦ,
679 4302 731 4339 κ.
757 4302 809 4341 τ.
834 4286 884 4340 ἐ.
924 4286 1010 4337 Ἐν
1030 4285 1224 4356 μέσαις
1250 4287 1370 4347 ταῖς
1400 4283 1611 4352 θλίψεσι
1642 4284 1751 4353 (68)
1777 4283 1869 4337 καὶ

2060 1879 2219 1942 Vens.
2253 1884 2307 1949 5,
2335 1884 2386 1940 6.
2422 1886 2887 1948 Circumdederunt
2912 1911 2993 1950 me
3017 1897 3221 1953 dolores
3249 1904 3460 1970 mortis,
3504 1916 3553 1958 et

1988 1979 2241 2029 torrentes
2270 1977 2565 2046 iniquitatis
2595 1984 3027 2044 conturbauerunt
3078 2007 3177 2050 me.
3214 1992 3433 2049 Dolores
3470 1999 3552 2050 in-

1987 2065 2124 2133 ferni
2160 2068 2610 2125 circumdederunt
2653 2090 2764 2139 me;
2816 2094 3301 2150 prorat-cupaoeruut
3348 2104 3429 2141 me
3464 2091 3549 2141 la-

1983 2159 2102 2227 quei
2125 2161 2327 2224 mortis,
2360 2171 2467 2220 etc.
2502 2163 2774 2233 Christus,
2807 2180 3074 2237 quatenus
3104 2175 3266 2232 homo
3299 2191 3403 2246 est,
3433 2181 3551 2236 hmo

1986 2249 2136 2304 dicit.
2170 2248 2307 2306 Huic
2330 2254 2472 2308 enim
2506 2271 2653 2311 tuors
2681 2259 2896 2316 dolores
2927 2266 3159 2335 peperit,
3190 2279 3244 2322 et
3276 2280 3546 2326 torrentes

1985 2339 2292 2410 iniquitatis
2323 2345 2498 2414 ipsum
2527 2353 3019 2421 conturbaverunt,
3057 2360 3274 2426 quando
3306 2363 3439 2417 dixit
3465 2366 3542 2396 ⁸³·

1988 2450 2009 2483 ί
2042 2434 2234 2490 Anima
2265 2452 2385 2492 mea
2415 2441 2626 2496 turbata
2652 2452 2771 2511 est;
2801 2464 2820 2497 ι
2853 2449 2947 2502 sed
2968 2448 3139 2517 ipsum
3166 2466 3269 2505 non
3298 2467 3546 2522 compre-

1985 2523 2312 2581 henderunt.
2353 2528 2419 2583 Et
2461 2531 2675 2588 dolores
2720 2535 2917 2592 inferni
2961 2541 3133 2610 ipsum
3173 2546 3546 2605 circumdede-

1981 2626 2140 2684 runt,
2178 2627 2429 2688 putantes
2471 2623 2647 2693 ipsum
2679 2630 3117 2699 apprehendere,
3163 2652 3351 2694 verum
3400 2658 3543 2697 nun-

1974 2722 2143 2794 quam
2174 2710 2317 2766 ﬁlius
2346 2712 2545 2770 inferni
2578 2718 2805 2773 exstitit.
2855 2718 3396 2795 Praaoccupaverunt,
3426 2732 3546 2788 sive

1981 2812 2363 2867 praevenerunt
2396 2805 2560 2859 etiam
2597 2807 2773 2875 ipsum
2812 2822 3040 2879 peccata
3080 2829 3198 2884 qua:
3236 2820 3440 2875 ducunt
3474 2824 3543 2879 ad

1981 2899 2247 2957 mortem,
2283 2892 2336 2949 id
2386 2906 2467 2949 est
2526 2896 2734 2967 laquei;
2783 2902 2877 2955 sed
2920 2916 3045 2956 eum
3106 2921 3211 2959 non
3260 2921 3538 2978 ceperunt.

1979 2982 2167 3055 Itaque
2217 2995 2487 3046 torrentes
2534 2992 2837 3062 iniquitatis
2887 3006 3036 3053 recte
3092 3000 3298 3058 dixeris
3341 3004 3540 3062 ﬂuenta

1980 3078 2233 3146 malitiae;
2262 3091 2317 3137 et
2349 3084 2540 3140 mortis
2570 3084 2811 3154 laqueos,
2852 3092 3087 3159 practica
3121 3104 3363 3162 peccata.

2048 3170 2325 3242 Ejusdem.
2405 3177 2627 3235 Dolores
2662 3180 2857 3236 inferni
2890 3196 3047 3251 sunt,
3075 3188 3157 3240 vel
3193 3189 3284 3259 qui
3314 3202 3539 3249 mortem

1977 3265 2214 3331 pariunt,
2248 3266 2329 3321 vel
2358 3269 2449 3337 qui
2476 3273 2720 3339 concepti
2749 3282 2873 3327 sunt
2896 3289 2960 3328 ex
2998 3286 3198 3345 morte,
3230 3280 3418 3338 ultimo
3447 3287 3541 3353 qui

1976 3354 2307 3424 destruetur,
2345 3361 2585 3425 inimico,
2619 3373 2678 3416 ut
2708 3364 2786 3418 ait
2813 3363 3035 3421 Paulus.

2048 3536 2327 3607 Ejusdem.
2379 3540 2673 3599 Torrentes
2720 3544 3025 3616 iniquitatis
3082 3558 3208 3604 sunt
3273 3567 3541 3622 perversa;

1975 3629 2418 3688 ratiocinationes
2450 3649 2572 3704 quae
2597 3646 2861 3693 vocantur
2903 3640 3118 3697 dolores
3155 3643 3207 3697 in
3252 3645 3408 3701 nobis
3446 3648 3539 3703 diu

1974 3736 2389 3791 permanentes,
2428 3727 2555 3781 item
2596 3728 2774 3799 laquei
2806 3733 2897 3801 qui
2933 3741 3163 3789 mortem
3212 3737 3367 3792 nobis
3400 3738 3543 3794 infe-

1974 3823 2102 3868 runt
2134 3830 2229 3882 per
2254 3828 2535 3887 peccatum
2567 3834 2686 3875 actu
2717 3824 3089 3879 commissum.

2049 3905 2206 3961 Vens.
2226 3907 2278 3960 7.
2307 3906 2377 3960 In
2400 3908 2740 3964 tribulatione
2767 3926 2882 3965 mea
2903 3912 3137 3967 invocavi
3155 3914 3434 3972 Dominum
3453 3957 3469 3984 ,
3489 3928 3540 3973 et

1972 3998 2041 4049 ad
2057 3997 2219 4050 Deum
2240 4014 2411 4051 meum
2433 4000 2676 4058 clamavi.
2695 4000 2759 4055 Et
2782 4004 3044 4058 exaudivit
3061 4006 3125 4059 de
3151 4006 3340 4072 templo
3356 4023 3539 4065 sancto

1970 4106 2066 4143 suo
2097 4105 2264 4143 vocem
2299 4107 2468 4145 meam
2494 4133 2509 4156 ,
2540 4103 2588 4147 et
2624 4095 2823 4149 clamor
2850 4112 2991 4150 meus
3027 4098 3080 4151 in
3109 4111 3387 4167 conspectu
3421 4104 3537 4173 ejus

1971 4180 2206 4234 introibit
2235 4182 2290 4235 in
2320 4199 2475 4238 aures
2498 4184 2613 4253 ejus
2637 4225 2651 4249 ,
2693 4196 2801 4242 etc.
2833 4188 2888 4242 In
2935 4189 3131 4243 mediis
3166 4192 3537 4249 tribulationi-

1973 4272 2092 4336 bus,
2126 4273 2298 4343 iisque
2324 4274 2676 4343 ferventibus,
2709 4278 3222 4350 606invocaudus
3251 4291 3333 4338 est
3355 4285 3538 4339 Domi-

295 4373 669 4444 ἀκμαζούσαις
720 4375 928 4441 αὑταῖς,
976 4373 1292 4445 ἐπικλητέον
1337 4374 1428 4428 τὸν
1488 4373 1690 4446 Κύριον
1715 4417 1730 4439 ,
1771 4374 1864 4428 καὶ

1982 4380 2110 4433 nus,
2144 4375 2200 4421 et
2221 4365 2566 4423 clamandum
2601 4380 2685 4425 est
2716 4371 2781 4425 ad
2811 4373 2998 4425 Deum.
3067 4372 3160 4427 Sic.
3193 4375 3337 4428 enim
3368 4390 3539 4430 exau-

296 4466 559 4536 κρακτέον
585 4464 720 4536 πρὸς
766 4465 917 4520 Θεόν.
953 4464 1108 4519 Οῦτω
1140 4465 1249 4538 γὰρ
1288 4464 1447 4536 ἡμῶν
1503 4465 1865 4520 ἐπακούσεται

293 4555 359 4609 ἐκ
381 4555 473 4609 τοῦ
506 4554 634 4609 ναοῦ
672 4555 835 4610 αὐτοῦ
875 4557 1075 4625 λόγων·
1116 4558 1211 4610 καὶ
1264 4557 1372 4611 ἀπὸ
1402 4556 1656 4627 τοιαύτης
1688 4557 1865 4611 διαθέ-

294 4660 434 4707 σεως
452 4644 610 4714 ἡμῶν
648 4646 681 4716 ἡ
713 4646 845 4718 εὐχὴ
882 4647 1020 4718 μετά
1045 4648 1354 4718 παρρησίας
1375 4647 1761 4715 εἰσελεύσεται,
1786 4650 1863 4714 ὡς

292 4738 374 4801 εἰς
398 4738 593 4790 οἰκεῖον
608 4737 791 4805 τόπον,
822 4740 893 4794 τὰ
918 4740 1185 4811 λεγόμενα
1206 4734 1319 4793 ὦτα
1343 4739 1529 4795 αὑτοῦ.
1559 4742 1784 4811 Μήποτε
1804 4740 1863 4794 δὲ

292 4828 389 4882 καὶ
410 4825 739 4896 ὀπλιζόμεθα
776 4828 915 4883 κατὰ
949 4830 1055 4883 τῶν
1080 4828 1289 4901 ἐχθρῶν
1318 4832 1374 4884 ἐν
1402 4829 1552 4901 αὐτῷ
1582 4830 1659 4902 τῷ
1692 4832 1860 4886 αἰνεῖν

293 4918 387 4972 καί
414 4917 789 4972 ἐπικαλεῖσθαι
821 4918 1044 4993 Κύριον.

366 5011 479 5066 Τοῦ
519 5010 726 5065 αὑτοῦ.
759 5011 905 5075 Nato;
925 5008 1059 5063 Θεοῦ
1102 5009 1211 5080 (69)
1244 5013 1273 5065 ό
1305 5011 1568 5084 Χριστὸς,
1617 5007 1856 5081 Χριστοῦ

287 5102 345 5157 δὲ
378 5104 434 5158 αἰ
468 5103 649 5176 νοεραί¹
670 5102 762 5156 καὶ
795 5102 945 5172 ἅγιαι
971 5102 1247 5173 δυνάμεις.
1286 5103 1376 5157 Διὸ
1416 5104 1509 5157 καὶ
1554 5104 1584 5156 ὁ
1627 5101 1860 5174 Χριστὸς

1968 4455 2082 4511 diet
2124 4456 2287 4511 verba
2321 4467 2505 4513 nostra
2550 4459 2618 4515 de
2672 4461 2872 4528 templo
2900 4476 3031 4525 suo,
3078 4473 3136 4516 et
3169 4464 3238 4517 ab
3268 4466 3536 4534 ejusmodi

1967 4543 2163 4603 all'eclu
2193 4548 2437 4617 profecta
2461 4551 2637 4606 oratio
2662 4561 2849 4607 nostra
2878 4568 2998 4607 cum
3027 4551 3223 4607 ﬁducia
3259 4555 3535 4624 ingredie-

1966 4645 2078 4704 tur,
2111 4638 2260 4694 velut
2294 4638 2346 4694 in
2383 4639 2560 4695 locum
2604 4647 2906 4713 proprium,
2937 4643 2989 4697 in
3017 4659 3177 4700 aures
3204 4644 3341 4713 ejus.
3372 4646 3536 4705 Forte

1965 4729 2128 4783 etiam
2169 4740 2359 4785 contra
2412 4733 2661 4788 inimicos
2709 4749 3025 4800 armamur,
3069 4749 3195 4790 cum
3239 4736 3529 4794 Dominum

1966 4821 2247 4880 laudamus
2275 4834 2330 4881 et
2355 4826 2691 4884 invocamus.

2036 5005 2314 5077 Ejusdem.
2362 5009 2645 5083 Templum
2703 5013 2794 5068 Dei
2837 5013 3111 5082 Christus,
3139 5014 3342 5071 Christi
3375 5033 3534 5092 vero,

1966 5098 2236 5168 spiritales
2266 5111 2320 5157 et
2361 5114 2563 5160 sanctae
2595 5114 2908 5176 potestates.
2958 5108 3139 5176 Quare
3169 5120 3226 5166 et
3257 5126 3401 5167 nunc
3446 5113 3531 5167 di-

358 5219 400 5251 “
439 5217 573 5273 Luc.
608 5220 650 5284 t',
693 5215 780 5273 69.
857 5217 903 5248 “
935 5214 977 5270 Ι.
1016 5215 1149 5284 Reg.
1175 5230 1237 5280 ll,
1282 5214 1372 5270 10.
1440 5213 1484 5246 ⁸³
1515 5211 1712 5269 Joann.
1740 5226 1838 5278 xu,
1867 5208 1958 5263 27.

358 5335 475 5406 (62)
501 5335 734 5403 Βοηθὸν
754 5332 904 5397 εἷπε,
930 5344 1044 5406 etc.
1082 5333 1556 5406 Schedteicrabii.

358 5403 472 5487 (ρξ)
508 5405 997 5487 ξζπερασπιςτῂν
1020 5406 1160 5487 ἔφη,
1190 5405 1555 5487 ειοκβαξάειι(
1575 5403 1810 5459 schedze.

508 5476 563 5549 f0
584 5473 734 5546 μετὰ
762 5477 869 5549 τοῦ
896 5473 1146 5549 ὑμνεῖν,
1165 5475 1485 5549 etcLCotlex
1518 5473 1653 5529 Roe.

497 5547 564 5620 _'0
586 5543 1002 5620 Χριστόςνθίο.
1036 5546 1209 5603 Codd.
1253 5544 1619 5620 Cuislinianus
1640 5552 1696 5600 et
1718 5543 1852 5600 R08.

286 5615 968 5698 Corderit§_a_tttetn_hahct
991 5628 1249 5698 tauquam
1278 5615 1559 5698 anqnyrgi.
1596 5685 1608 5698 _
1632 5684 1667 5698 η

360 5687 472 5759 (ϐϋ)
517 5687 737 5754 Ὡδῖνες
765 5686 1044 5754 θανάτου,
1071 5700 1179 5743 etc.
1212 5686 1439 5743 Scltedte
1481 5685 1692 5742 Grabii.

601 5781 871 5843 Parnm.
916 5782 1035 5842 (in.
1083 5779 1226 5841 XII.

2047 5327 2140 5392 67)
2171 5326 2485 5397 Χείμαρῤοι
2515 5329 2786 5397 ἀνομίας,
2826 5339 2934 5384 etc.
2971 5329 3181 5383 Eadem
3205 5329 3439 5385 schedre.

2047 5327 2140 5392 67)
2171 5326 2485 5397 Χείμαρῤοι
2515 5329 2786 5397 ἀνομίας,
2826 5339 2934 5384 etc.
2971 5329 3181 5383 Eadem
3205 5329 3439 5385 schedre.

2023 5326 2136 5470 $68)
2180 5398 2276 5451 Ἐν
2298 5397 2514 5468 μέσαις
2554 5399 2684 5465 ταῖς
2739 5401 3007 5468 (uid-em,
3061 5409 3167 5455 etc.
3216 5399 3531 5466 Corderius,

1950 5468 2515 5611 Ὓθὺέἶίξᾷὸς-Θεοῦ.
2543 5546 2655 5611 etc_._
2704 5537 2886 5611 Codex
2937 5536 3347 5606 Coislittiauus,
3377 5553 3528 5595 num.

1953 5608 2043 5675 10;
2068 5609 2281 5666 schedte
2313 5608 2518 5673 Grabii,
2546 5619 2599 5663 et
2624 5608 2917 5667 Barbarus.

3145 5770 3226 5830 39
