4020 6152
512 205 654 258 1⁸2⁸27

1847 198 1937 253 EX
1973 197 2272 255 ORIGENE

3597 200 3734 257 i328

506 332 647 374 citur
682 307 928 373 Christus
972 315 1162 370 sedere
1202 329 1365 384 super
1407 314 1653 368 thronum
1700 314 1868 369 David
1916 317 2068 385 patrii

2183 314 2276 368 νῦν
2308 313 2521 383 λέγεται
2551 310 2873 376 καθέζεσθαι
2904 312 2996 366 ἐπὶ
3030 312 3219 385 θρόνου
3247 313 3521 370 Δαυῒδτοῦ
3534 308 3740 379 πατρὸς

582 500 750 557 Vens.
783 499 836 561 8,
861 498 914 553 9.
946 497 1217 553 Commota
1245 504 1319 551 est
1348 504 1398 549 et
1428 496 1740 550 contremuit
1756 505 1926 551 terra:
1954 497 2077 566 {un-

512 597 761 646 damenta
787 590 1041 644 montium
1065 586 1375 641 conturbata
1395 597 1548 653 sunt,
1576 596 1625 641 et
1651 599 1909 642 commota
1930 597 2073 650 sunt,

507 683 758 753 quoniam
792 681 960 733 iratus
992 688 1066 732 est
1098 678 1172 732 eis
1200 678 1358 733 Deus.
1390 678 1641 732 Ascendit
1684 678 1861 746 fumus
1894 681 1948 732 in
1994 682 2073 732 ira

506 772 643 840 eius,
668 779 717 824 et
748 770 885 840 ignis
908 786 941 823 a
972 769 1108 839 [acie
1137 767 1251 837 ejus
1278 769 1504 833 exarsit;
1541 770 1790 823 carbones
1840 771 2076 823 succensi

509 871 632 918 sunt
666 864 731 916 ab
760 877 851 924 eo,
902 870 1010 915 etc.
1063 858 1241 914 Stanli
1298 861 1514 928 quidem
1560 869 1668 915 stat
1712 861 1891 924 Deus,
1925 870 2073 916 moto

508 959 689 1006 autem
723 958 1002 1013 movetur,
1038 949 1115 1002 uti
1155 948 1220 1000 ad
1245 946 1482 1015 Moysem
1509 949 1711 1003 dictum
1753 958 1868 1003 est:
1912 966 1931 999 ι
1972 950 2067 1004 Sta

508 1058 692 1099 coram
727 1041 1030 1097 Pharaone.
1067 1059 1087 1092 ι
1138 1041 1368 1107 Quando
1396 1055 1526 1095 vero
1560 1041 1668 1095 Deo
1694 1056 1797 1094 non
1837 1041 2074 1095 obcdivit

506 1136 711 1197 Adam,
741 1133 835 1188 sed
865 1133 1043 1203 potius
1074 1133 1229 1186 uxori
1279 1146 1482 1186 morem
1514 1132 1712 1201 gessit,
1760 1139 1887 1185 tunc
1915 1131 2071 1185 audi-

512 1228 587 1281 vit
621 1225 907 1281 Dominum
940 1224 1110 1278 Deum
1150 1222 1618 1279 deambulantem:
1658 1223 1760 1293 ipsi
1790 1222 1932 1276 enim
1963 1238 2071 1277 non

508 1316 742 1387 amplius
796 1315 975 1370 stabat
1011 1314 1189 1380 Deus,
1225 1324 1387 1383 atque
1433 1323 1494 1368 ut
1519 1314 1693 1369 bonus
1742 1313 1905 1382 judex
1963 1328 2070 1368 non

512 1410 711 1465 stabat.
741 1408 1006 1464 Caeterum
1044 1406 1157 1461 Deo
1183 1420 1242 1461 se
1275 1414 1528 1462 movente
1555 1405 1932 1461 contremiscit
1965 1419 2071 1460 non

508 1502 734 1566 ctelum,
761 1499 856 1555 sed
888 1508 1063 1564 terra,
1091 1505 1147 1552 et
1176 1496 1529 1552 fundamenta
1556 1496 1822 1551 montium
1844 1505 2069 1550 contur-

507 1591 744 1656 bantur;
805 1604 925 1660 quze
987 1588 1248 1643 montium
1317 1587 1669 1643 fundamenta
1727 1586 2072 1641 conturbabit

508 1684 652 1755 ignis
683 1683 775 1753 qui
816 1698 886 1739 ex
932 1681 1111 1738 furore
1146 1679 1360 1734 Domini
1393 1681 1761 1734 succenditur.
1821 1697 1840 1731 ι
1879 1677 2069 1733 Vultus

508 1785 688 1830 autem
734 1775 946 1830 Domini
980 1788 1141 1845 super
1180 1775 1444 1828 facientes
1494 1771 1631 1825 mala
1663 1773 1742 1836 αις
1801 1790 1820 1824 ι
1860 1778 2075 1826 sanctos

507 1868 648 1922 enim
700 1867 1005 1932 illuminat,
1064 1864 1219 1935 juxta
1273 1864 1403 1918 illud
1432 1863 1477 1894 ⁸³⁵
1518 1880 1532 1918 :
1571 1882 1591 1915 ι
1653 1861 1935 1933 Signatum
1991 1870 2077 1917 est

508 1975 672 2031 super
699 1974 798 2015 nos
839 1958 1019 2014 lumen
1043 1957 1230 2012 vultus
1262 1956 1359 2010 tui.
1394 1975 1414 2009 ι

578 2137 850 2210 Ejusdem.
893 2154 913 2189 ι
948 2134 1016 2190 Ει
1047 2134 1188 2204 ignis
1215 2148 1244 2188 a
1277 2134 1415 2189 facie
1439 2134 1555 2204 ejus
1583 2133 1823 2199 exarsit,
1855 2152 1875 2186 ι
1925 2148 2075 2187 com-

507 2235 709 2288 burens
750 2230 928 2299 ligna,
979 2227 1220 2290 ftenum,
1251 2228 1538 2297 stipulam,
1571 2228 1674 2282 hoc
1714 2235 1833 2292 est,
1873 2243 2072 2282 consu-

508 2338 666 2380 mens
702 2321 873 2377 malos
902 2320 1141 2376 habitus.
1188 2318 1278 2374 Sic
1313 2319 1439 2374 olim
1497 2319 1790 2374 combussit
1830 2319 2073 2389 publica-

509 2428 637 2468 num
666 2410 996 2476 Mattbteum,
1028 2408 1252 2465 Paulum
1275 2418 1679 2480 persecutorem
1714 2418 1768 2465 et
1791 2418 2076 2464 contume-

508 2504 724 2560 liosum.

578 2595 851 2664 Ejusdem.
927 2593 1069 2650 Deus
1118 2599 1375 2665 tanquam
1440 2590 1615 2646 bonus
1668 2597 1945 2654 movetur,
2003 2602 2073 2645 ne

506 2687 738 2758 amplius
796 2695 942 2743 terra
997 2685 1171 2756 ipsum
1226 2691 1567 2750 contemnat,
1615 2680 1712 2737 sed
1760 2691 1819 2736 ut
1858 2688 2070 2751 patrem

509 2785 852 2844 revereatur,
890 2786 946 2832 et
1004 2791 1074 2832 ne
1119 2775 1347 2843 amplius
1404 2773 1753 2828 fundamenta
1801 2774 2068 2827 montium

505 2871 733 2927 immota
767 2871 910 2933 sint,
941 2869 1037 2924 sed
1079 2865 1489 2923 conturbentur.
1523 2866 1661 2932 Quin
1696 2865 1860 2920 etiam
1902 2864 2067 2930 Deus,

2176 418 2361 454 αυτου.

2245 491 2357 545 Καὶ
2390 490 2711 560 ἐσαλεύθη,
2737 491 2838 544 καὶ
2865 492 3148 563 ἔντρομος
3170 494 3427 565 ἐγενήθη
3455 496 3496 564 ἠ
3518 494 3616 565 τῆ,
3647 498 3742 553 καὶ

2174 582 2249 636 τὰ
2269 581 2510 650 θεμέλια
2545 581 2664 636 τῶν
2692 580 2875 649 ὀρέων
2897 582 3338 652 ἐταράχθησαν,
3366 587 3466 640 καὶ
3488 587 3739 642 ἐσαλεύ-

2175 674 2389 739 θηοτιν,
2408 670 2497 725 ὅτι
2521 672 2780 741 ὠργίσθη
2818 671 3022 738 αὐτοῖς
3052 676 3084 727 ό
3103 676 3264 741 Θεός.
3287 677 3487 743 Ἀνέϐη
3516 679 3740 744 καπνὸς

2173 763 2244 815 ἐν
2271 761 2419 832 ὀργῇ
2458 763 2672 828 αὐτοῦ,
2712 764 2809 817 καὶ
2852 764 2972 833 πῦρ
3025 765 3143 820 ἀπὸ
3186 767 3515 834 προσώπου
3560 768 3741 822 αὑτοῦ

2173 856 2639 924 κατεφλόγισεν·
2673 854 2965 923 ἄνθρακες
2988 857 3350 926 ἀνήφθησαν
3392 859 3496 913 ἀπ’
3535 859 3736 919 αὐτοῦ,

2173 962 2227 997 κ.
2250 961 2302 998 τ.
2330 947 2377 999 έ.
2415 945 2506 1016 Τῷ
2538 946 2634 1016 μὲν
2661 946 2911 1017 ἑστηκότι
2946 947 3057 1017 (70)
3083 947 3309 1016 ἕστηκεν
3348 951 3376 1001 ὁ
3403 949 3557 1012 Θεὸς,
3588 950 3663 1018 τῷ
3685 948 3740 1002 δὲ
3768 1017 3777 1022 ᾔ

2175 1036 2515 1107 σαλευομένῳ
2545 1036 2844 1100 σαλεύεται,
2880 1037 2956 1100 ὡς
2986 1039 3211 1091 Μωῦσεῖ
3240 1038 3457 1107 λέγεται
3478 1057 3492 1068 ο
3529 1061 3547 1089 ι
3582 1041 3736 1112 Στῆθι

2173 1129 2411 1183 ἐναντίον
2443 1128 2662 1199 Φαραώ.
2701 1147 2720 1180 ι
2755 1130 2882 1182 Ὅτε
2928 1130 3175 1199 μέντοιγε
3223 1131 3393 1201 Ἀδὰμ
3430 1134 3735 1203 παρήκουσε

2171 1220 2264 1273 τοῦ
2292 1219 2447 1286 Θεοῦ,
2475 1219 2672 1290 μᾶλλον
2688 1220 2743 1273 δὲ
2765 1221 2862 1290 τῆς
2886 1222 3139 1287 γυναικὸς
3163 1222 3384 1293 ῆκουσε,
3401 1224 3524 1276 τότε
3551 1226 3736 1294 ἢκουσε

2173 1311 2377 1382 Κυρίου
2418 1310 2514 1364 τοῦ
2548 1309 2681 1363 Θεοῦ
2722 1312 3172 1382 περιπατοῦντος·
3216 1315 3400 1368 οὐκέτι
3448 1314 3558 1386 γὰρ
3601 1315 3736 1387 αύτῷ

2174 1405 2389 1475 ἑστήκει
2408 1405 2436 1456 6
2462 1402 2613 1467 Θεὸς,
2642 1403 2736 1455 καὶ
2766 1404 2839 1467 ὡς
2870 1404 3070 1472 ἀγαθὸς
3090 1405 3146 1458 δὲ
3177 1407 3205 1459 6
3231 1407 3434 1478 κρίνων
3464 1409 3564 1478 οὐχ
3583 1408 3736 1478 ἕστη-

2172 1513 2257 1549 κε.
2280 1495 2644 1567 Σαλευομένου
2668 1497 2723 1550 δὲ
2748 1496 2881 1550 Θεοῦ
2914 1497 3171 1570 ἔντρομος
3202 1500 3408 1566 γίνεται
3447 1501 3550 1552 οὐκ
3586 1501 3737 1571 ούρα-

2172 1590 2281 1656 νὸς,
2308 1588 2442 1642 ἀλλὰ
2471 1591 2503 1659 ὴ
2538 1588 2629 1659 γῆ,
2664 1589 2759 1643 καὶ
2799 1589 3021 1659 θεμέλια
3048 1589 3156 1642 τῶν
3185 1591 3355 1660 ὀρέων
3386 1591 3737 1662 ταράσσεται,

2103 1661 2145 1714 Β
2175 1681 2316 1751 ἅπερ
2348 1679 2571 1751 Θεμέλια
2597 1678 2703 1733 τῶν
2730 1679 2898 1750 ὀρέων
2923 1680 3144 1751 ταράξει
3168 1681 3226 1732 τὸ
3246 1661 3602 1750 ἐκκαιόμενον
3634 1681 3739 1753 πῦρ

2176 1772 2241 1824 ὲκ
2267 1770 2360 1824 τοῦ
2391 1769 2563 1843 θυμοῦ
2585 1770 2679 1823 τοῦ
2711 1767 2868 1823 Θεοῦ.
2902 1788 2922 1820 ι
2961 1771 3257 1841 Πρόσωπον
3284 1770 3343 1823 δὲ
3389 1772 3602 1842 Κυρίου
3650 1769 3739 1825 ἐπὶ

2177 1861 2459 1926 ποιοῦντας
2516 1863 2664 1917 κακά
2694 1878 2708 1891 ·
2765 1881 2787 1914 ι
2857 1862 3045 1929 ἁγίους
3099 1861 3208 1933 γὰρ
3265 1863 3523 1932 φωτίζει,
3594 1859 3733 1918 οἷον·

2180 1971 2200 2005 ι
2254 1953 2591 2025 Ἐσημειώθη
2640 1955 2725 2023 ἐφ’
2785 1955 2932 2025 ἡμᾶς
2988 1953 3049 2006 τὸ
3109 1953 3223 2024 ῳῶς
3293 1953 3389 2008 τοῦ
3446 1956 3737 2028 προσώπου

2177 2056 2286 2092 σου.
2333 2058 2352 2091 ι

2250 2130 2360 2185 Τοῦ
2383 2131 2592 2186 αὐτοῦ.
2639 2149 2659 2184 ι
2691 2133 2802 2186 Καὶ
2825 2131 2936 2205 πῦρ
2967 2133 3074 2188 ἀπὸ
3103 2133 3395 2206 προσώπου
3424 2134 3540 2208 (71)
3572 2137 3735 2193 αὐτοῦ

2175 2224 2580 2294 κατεφλόγισεν,
2611 2244 2630 2277 ι
2680 2230 2973 2281 κατακαῐον
3009 2226 3137 2294 ξύλα
3155 2268 3170 2293 ,
3206 2229 3414 2299 χόρτον,
3465 2229 3732 2302 καλάμην,

2172 2317 2443 2369 τουτέστιν
2472 2316 2761 2373 ἀναλίσκον
2792 2319 2891 2383 τὰς
2918 2321 3158 2391 πονηρὰς
3192 2320 3352 2387 ἕξεις.
3386 2320 3543 2376 Οὕτω
3576 2324 3734 2377 κατέ·

2172 2406 2342 2459 καυσέ
2370 2424 2499 2461 ποτε
2529 2407 2767 2479 τελώνην
2803 2410 2900 2480 μὲν
2926 2408 3054 2463 ὄντα
3080 2411 3169 2464 τὸν
3196 2412 3494 2475 Ματθαίον,
3528 2413 3735 2469 Παῦλον

2170 2496 2227 2552 δὲ
2248 2496 2481 2569 διώκτην
2509 2503 2603 2553 καὶ
2632 2498 2915 2571 ὑϐριστήν.

2245 2589 2356 2643 Τοῦ
2387 2589 2594 2644 αὐτοῦ.
2628 2591 2714 2654 Ὠς
2743 2590 2943 2659 ἀγαθὸς
2971 2593 2998 2646 6
3017 2592 3148 2657 Θεὸς
3182 2591 3292 2663 (72)
3319 2593 3624 2658 σαλεύεται,
3650 2595 3736 2649 ἵνα

2174 2680 2369 2751 μηκέτι
2390 2682 2424 2751 ἡ
2452 2681 2524 2751 γῆ
2552 2680 2716 2735 αὑτοῦ
2746 2687 3061 2757 καταφρονῇ
3084 2724 3101 2751 ,
3143 2685 3254 2739 ἀλλ’
3283 2686 3360 2749 ὡς
3393 2688 3607 2757 πατέρα
3643 2704 3737 2757 φο-

2170 2767 2331 2839 ϐῆται
2364 2770 2524 2824 αὐτόν
2551 2787 2565 2801 ο
2618 2771 2712 2823 καὶ
2764 2771 2850 2824 ἵνα
2910 2774 3104 2844 μηκέτι
3148 2774 3378 2845 ἀκίνητα
3517 2777 3586 2830 τά
3629 2778 3733 2833 τῶν

2168 2857 2339 2931 ὀρέων
2383 2859 2631 2930 θεμέλια,
2658 2860 2772 2914 ἀλλ’
2810 2863 2867 2915 ὲν
2891 2866 3127 2935 ταραχῇ.
3176 2866 3289 2918 Καὶ
3331 2866 3408 2929 ὡς
3456 2867 3656 2935 ἀγαθὸς
3703 2866 3734 2919 ὁ

506 2974 778 3033 tamquam
828 2966 1036 3024 bonus,
1088 2968 1173 3015 est
1212 2958 1353 3027 ignis
1403 2972 1768 3024 consumens,
1811 2959 1905 3029 qui
1951 2956 2068 3027 pri-

2169 2950 2303 3015 Θεὸς
2351 2954 2503 3006 καῖον
2550 2953 2660 3024 πῦρ
2720 2954 3131 3021 καταναλίσκον,
3189 2958 3403 3027 πρῶτον
3448 2959 3732 3013 ἀναϐαῖνον

503 3070 651 3109 mum
681 3051 981 3108 ascendens
1024 3049 1229 3103 fumum
1263 3044 1522 3110 resolvit,
1560 3046 1758 3100 deinde
1799 3045 2067 3100 carbones

504 3142 814 3206 succendit,
845 3139 1080 3207 denique
1111 3138 1389 3193 descendit
1440 3135 1704 3191 inclinans
1732 3136 1969 3204 coelum;
2003 3151 2068 3192 ac

505 3241 693 3304 postea
746 3230 1083 3285 demonstrat
1123 3225 1413 3293 caliginem
1462 3241 1582 3296 quae
1609 3235 1692 3280 est
1718 3226 1818 3281 sub
1842 3226 2068 3296 pedibus

504 3323 644 3394 ejus.
675 3320 879 3375 Deinde
918 3332 1082 3388 super
1132 3316 1411 3371 cherubim
1460 3317 1762 3371 ascendens
1803 3316 1985 3383 volat,
2012 3327 2069 3372 et

506 3415 656 3470 volat
682 3426 845 3482 super
876 3424 1082 3481 pennas
1106 3415 1414 3462 ventorum.
1446 3405 1549 3460 Per
1571 3420 1853 3462 ascensum
1888 3417 2067 3463 autem

504 3516 561 3564 et
586 3507 905 3562 descensum
940 3497 1298 3567 intelligenda:
1337 3505 1464 3553 sunt
1492 3499 1658 3556 variae
1698 3497 1817 3564 ejus
1852 3498 2071 3567 dispen-

504 3598 782 3663 sationes;
825 3593 1080 3665 quoniam
1109 3592 1258 3648 Deus
1305 3590 1531 3647 cuilibet
1573 3598 1628 3645 et
1683 3589 1881 3660 ubique
1930 3606 2067 3660 prte-

507 3703 636 3745 SGIIS
659 3696 763 3742 est.

578 3778 852 3851 Ejusdem.
887 3778 1028 3833 Deus
1051 3776 1103 3831 in
1130 3774 1335 3831 sanctis
1349 3774 1660 3829 hominibus
1690 3772 1988 3842 inhabitat,
2013 3782 2068 3829 et

503 3873 813 3930 deambulat
837 3915 853 3943 ,
882 3871 1029 3928 volat
1056 3880 1234 3925 autem
1266 3883 1428 3939 super
1467 3868 1772 3924 cherubim.
1824 3868 1977 3935 Quod
2019 3867 2065 3922 si

502 3978 695 4022 ventos
734 3965 827 4035 qui
867 3962 1097 4020 sensiles
1120 3973 1246 4018 sunt
1293 3961 1565 4030 accipias,
1597 3961 1932 4031 providentia
1965 3974 2066 4017 sua

504 4058 751 4115 ascendit
778 4071 942 4126 super
965 4055 1121 4120 illos,
1151 4056 1358 4110 ducens
1389 4061 1553 4123 prout
1580 4052 1717 4109 vult.

575 4230 744 4286 Vnus.
780 4230 866 4285 12.
903 4228 971 4283 Et
999 4233 1170 4301 posuit
1212 4233 1448 4286 tenebras
1478 4231 1757 4287 latibulum
1791 4251 1945 4289 suum
1966 4272 1982 4300 ,
2012 4234 2064 4287 in

2169 3043 2394 3098 ἀπολύει
2421 3045 2647 3109 καπνὸν,
2682 3041 2799 3099 εἶτα
2822 3046 3049 3100 ἀνάπτει
3077 3047 3351 3120 ἄνθρακας
3370 3090 3385 3114 ,
3421 3046 3543 3105 εἶτα
3573 3069 3734 3105 κατα-

2169 3138 2340 3192 ϐαίνει
2371 3136 2556 3201 κλίνας
2588 3138 2835 3210 οὐρανὸν,
2866 3140 2960 3192 καὶ
2995 3140 3130 3210 μετά
3159 3140 3313 3195 τοῦτο
3352 3143 3593 3196 δείκνυσι
3644 3144 3731 3197 τὸν

2168 3230 2273 3284 ὑπὸ
2294 3231 2419 3294 τοὺς
2448 3229 2614 3293 πόδας
2640 3228 2804 3283 αὐτοῦ
2840 3231 3057 3301 γνόφον.
3089 3227 3223 3286 Εἶτα
3260 3232 3454 3297 ἐπιϐὰς
3494 3234 3603 3290 τῶν
3649 3253 3735 3305 χε-

2170 3320 2368 3392 ρουϐὶμ
2399 3319 2649 3382 πέταται,
2678 3318 2773 3373 καὶ
2807 3320 3031 3374 πέταται
3060 3323 3152 3375 ἐπὶ
3185 3323 3469 3395 πτερύγων
3498 3324 3731 3394 ἀνέμων.

2180 3410 2465 3465 Ἀνάϐασιν
2486 3411 2542 3464 δὲ
2560 3410 2656 3465 καὶ
2687 3410 2989 3466 κατάϐασιν
3021 3413 3104 3465 δεῖ
3135 3416 3273 3466 νοεῖν
3298 3414 3399 3477 τὰς
3445 3416 3731 3488 διαφόρους

2167 3502 2329 3556 αὐτοῦ
2353 3502 2661 3573 οἰκονομίας
2688 3518 2702 3532 ’
2737 3501 2861 3555 ἐπεὶ
2891 3504 2920 3556 6
2947 3502 3078 3567 Θεὸς
3112 3505 3272 3557 παντὶ
3319 3503 3412 3558 καὶ
3461 3504 3732 3577 πανταχοῦ

2168 3593 2454 3666 παρέστιν.
2560 3662 2567 3665 _

2242 3772 2354 3829 Τοῦ
2383 3775 2589 3831 αὑτοῦ.
2626 3775 2682 3830 '0
2706 3775 2838 3839 Θεὸς
2880 3776 2939 3829 ὲν
2987 3774 3085 3846 μὲν
3126 3776 3237 3838 τοῖς
3273 3771 3448 3842 ἁγίοις
3482 3772 3597 3842 (73)
3641 3772 3733 3824 ἀν-

2167 3860 2407 3936 θρώποις
2456 3863 2674 3928 ἐνοικεῖ,
2731 3863 2827 3918 καὶ
2881 3865 3269 3936 ὲμπεριπατεῖ,
3312 3863 3536 3916 ἴπταται
3570 3861 3627 3915 δὲ
3678 3865 3734 3916 ὲν

2164 3957 2277 4019 τοῖς
2303 3955 2589 4028 χερουϐίμ.
2620 3956 2734 4010 Καὶ
2775 3955 3010 4027 ἀνέμους
3055 3958 3105 4010 εἰ
3141 3956 3269 4019 τοὺς
3311 3954 3605 4025 αἰσθητοὺς
3642 3953 3735 4008 λά-

2166 4045 2300 4111 ϐοις,
2324 4044 2403 4117 τῷ
2432 4045 2574 4117 λόγῳ
2607 4046 2707 4118 τῆς
2760 4048 3016 4119 προνοίας
3044 4046 3310 4103 ἐπιϐαίνει
3339 4045 3542 4114 αὐτῶν,
3587 4045 3731 4115 ἄγων

2164 4139 2239 4205 ὡς
2272 4138 2539 4210 βούλεται.

2233 4230 2529 4285 Καὶέθετο
2580 4232 2802 4297 σκότος
2864 4227 3227 4300 ἀποκρυφὴν
3273 4229 3481 4294 αὑτοῦ,
3533 4231 3734 4294 κύκλῳ

499 4325 727 4379 circuitu
769 4325 932 4395 607
978 4326 1094 4394 ejus
1145 4325 1544 4379 tabernaculum
1590 4325 1705 4394 ejus
1747 4327 2066 4381 :tenebrosa

2169 4320 2354 4374 αὐτοῦ
2379 4322 2418 4389 ἠ
2443 4319 2641 4389 σκηνὴ
2676 4320 2863 4375 αὐτοῦ
2881 4335 2898 4353 δ
2938 4320 3254 4375 σκοτεινὸν
3273 4319 3429 4389 ὔδωρ
3460 4319 3531 4372 ἐν
3560 4318 3732 4389 νεφέ-

502 4431 641 4484 aqua
667 4415 722 4467 iu
752 4415 974 4468 nubibus
1008 4414 1167 4479 aeris,
1199 4424 1306 4469 etc.
1326 4415 1590 4480 Quoniam
1615 4414 1791 4483 posuit
1822 4418 2070 4474 tenebras

500 4505 782 4560 latibulum
804 4520 983 4571 suum,
1001 4515 1055 4559 et
1072 4506 1123 4558 in
1141 4504 1369 4561 circuitu
1385 4504 1502 4575 ejus
1524 4505 1926 4561 tabernaculum
1948 4509 2066 4577 ejus

499 4606 942 4668 est,propterea
982 4596 1269 4652 tenebrosa
1325 4612 1464 4666 aqua
1517 4598 1570 4652 iu
1617 4598 1849 4654 nubibus
1896 4601 2061 4666 aeris,

497 4688 605 4744 hoc
639 4696 723 4743 est
753 4688 809 4742 in
852 4686 1163 4757 prophetis:
1209 4704 1228 4739 ι
1257 4686 1522 4742 Mandabo
1563 4686 1742 4750 enim,
1766 4688 1942 4758 inquit
1978 4689 2059 4757 “,

497 4765 734 4833 nubibit's
762 4784 824 4831 ut
864 4789 972 4831 non
1000 4774 1188 4846 pluant
1221 4790 1388 4847 super
1427 4776 1547 4832 illos
1567 4775 1806 4846 pluviam
1830 4817 1847 4845 ,
1876 4787 1931 4833 et
1957 4781 2065 4836 erit

495 4866 706 4934 fames,
734 4882 840 4923 non
888 4867 1063 4922 fames
1103 4866 1295 4936 panis,
1327 4867 1421 4922 sed
1458 4866 1632 4924 fames
1652 4869 1911 4925 audiendi
1941 4886 2064 4928 ver—

496 4962 624 5017 bum
687 4957 900 5014 Domini
929 4958 998 5012 ".
1038 4976 1058 5010 ι
1094 4957 1154 5013 Si
1206 4957 1352 5013 Deus
1402 4970 1588 5016 noster
1643 4959 1736 5013 lux
1791 4971 1908 5028 est,
1938 4977 2067 5033 quo-

497 5051 665 5106 modo
696 5049 932 5105 tenebris
972 5049 1321 5105 occultatur?
1349 5047 1614 5105 Existimo
1652 5049 1803 5104 illum
1829 5051 2067 5107 tenebris

494 5143 759 5201 occultari
804 5142 1256 5213 quemadmodum
1290 5142 1343 5197 id
1388 5144 1533 5213 quod
1571 5142 2063 5212 cognoscitur,oc-

2167 4413 2303 4477 λαις
2338 4410 2545 4480 ἀέρων,
2572 4429 2624 4466 κ.
2649 4429 2703 4465 τ.
2731 4412 2779 4465 ὲ.
2820 4411 3036 4484 Ἐπειδὴ
3058 4406 3207 4465 έθετὸ
3234 4412 3422 4474 σκότος
3449 4410 3559 4482 (7b)
3605 4413 3734 4464 ἀπο-

2168 4500 2379 4572 κρυφὴν
2403 4499 2587 4564 αὐτοῦ,
2618 4501 2712 4555 καὶ
2737 4501 2849 4555 ἔστι
2878 4501 3060 4572 κύκλῳ
3090 4499 3256 4555 αὑτοῦ
3286 4503 3319 4572 ἡ
3347 4502 3521 4572 σκηνὴ
3550 4501 3729 4563 abavi,

2166 4590 2255 4646 διὰ
2275 4591 2430 4644 τοῦτο
2450 4592 2510 4645 τὸ
2538 4593 2807 4646 σκοτεινὸν
2832 4592 2974 4665 ὕδωρ
3005 4595 3061 4647 ὲν
3083 4594 3331 4662 νεφέλαις
3360 4593 3558 4664 ἀέρων,
3580 4611 3729 4648 τουτ-

2167 4683 2283 4738 έστι
2336 4683 2398 4737 τὸ
2454 4684 2512 4738 ὲν
2560 4688 2672 4749 τοῖς
2737 4687 3064 4757 προφήταιςο
3131 4705 3151 4738 ι
3203 4686 3548 4756 Ἐντελοῦμαι
3592 4686 3729 4756 γὰρ,

2166 4775 2319 4846 φησὶ,
2344 4778 2463 4839 ταῖς
2482 4776 2729 4845 νεφέλαις
2755 4776 2850 4830 τοῦ
2886 4777 2961 4848 μὴ
2990 4777 3174 4850 βρέξαι
3210 4780 3295 4832 ἐπ’
3324 4779 3521 4841 αὐτοὺς
3553 4777 3725 4837 ὑετὸν,

2162 4867 2255 4919 καὶ
2286 4864 2437 4919 ἔσται
2466 4867 2642 4938 λιμὸς,
2678 4868 2739 4920 οὐ
2775 4867 2933 4939 λιμὸς
2978 4868 3141 4939 ἄρτου
3169 4907 3187 4931 ,
3243 4867 3379 4922 ἀλλὰ
3433 4867 3590 4936 λιμὸς
3639 4866 3730 4920 τοῦ

2162 4956 2391 5012 ἀκοῦσαι
2411 4958 2567 5027 λόγον
2599 4960 2822 5031 Κυρίου.
2857 4978 2876 5011 ι
2904 4960 2966 5012 Εἰ
3004 4961 3033 5012 ὁ
3076 4958 3210 5021 Θεὸς
3250 4956 3409 5028 ἡμῶν
3441 4956 3558 5027 φῶς
3594 4958 3729 5023 ἐστι,

2165 5049 2281 5114 πῶς
2310 5049 2643 5105 καλύπτεται
2690 5050 2902 5116 σκότει;
2936 5045 3104 5121 Οἶμαι
3136 5050 3212 5113 δὲ,
3254 5050 3336 5103 ὅτι
3382 5049 3548 5103 αὐτὸν
3591 5048 3731 5103 οὕτω

2165 5139 2429 5194 καλύπτει
2456 5141 2664 5205 σκότος,
2696 5141 2773 5206 ὡς
2796 5142 2890 5196 καὶ
2915 5144 2981 5213 τῇ
3007 5142 3202 5212 ἀγνοίᾳ.
3238 5141 3301 5195 τὸ
3334 5141 3729 5212 γινωσκόμενον

570 5262 616 5295 ⁸⁸
640 5261 732 5319 Ps.
767 5275 967 5328 xum,
998 5260 1086 5316 l7.
1164 5260 1209 5292 “
1239 5258 1331 5315 Ps.
1368 5274 1443 5325 ιν,
1477 5259 1527 5313 7.
1603 5259 1649 5292 ⁸⁸
1680 5259 1779 5314 lsai
1819 5275 1870 5325 v,
1904 5258 1958 5315 6.
2033 5260 2077 5292 "
2114 5260 2279 5317 Amos
2332 5276 2451 5325 vni,
2492 5262 2578 5316 11,

585 5402 672 5472 70)
707 5403 793 5468 Τῷ
817 5403 934 5472 μὲν
964 5402 1262 5471 ἑστηκότι,
1293 5410 1397 5456 etc.
1431 5403 1746 5459 Corderius.

565 5407 679 5544 ξτι)
707 5475 817 5528 Kal
847 5474 966 5543 πῦρ
992 5473 1110 5528 ἀπὸ
1139 5471 1488 5541 προσώπου,
1518 5482 1625 5529 etc.
1663 5473 1746 5530 Sci

536 5471 679 5555 “(71)
707 5471 828 5528 Kal
847 5474 966 5543 πῦρ
992 5473 1110 5528 ἀπὸ
1139 5471 1488 5541 προσώπου,
1518 5482 1625 5529 etc.
1663 5473 1891 5533 Schedte
1920 5471 2059 5531 Gra-

491 5543 679 5684 hul'te)
718 5613 810 5679 Ὡς
842 5612 1061 5682 ἀγαθὸς
1089 5616 1119 5668 ὀ
1143 5615 1305 5681 Θεός,
1336 5623 1440 5670 etc.
1469 5612 1779 5673 Corderius.

2234 5404 2345 5475 (7'5)
2384 5405 2438 5458 Ὁ
2468 5405 2612 5474 Θεὸς
2649 5405 2718 5459 ἐν
2758 5405 2877 5474 μὲν
2919 5403 3046 5470 τοῖς
3090 5404 3312 5475 ἁγίοις,
3330 5412 3444 5475 etc.
3508 5398 3724 5454 Schedz

2163 5470 2375 5539 Grahi'i,
2405 5484 2460 5529 et
2486 5470 2659 5530 codex
2686 5470 3070 5538 Coisliniauus,
3098 5470 3248 5528 num.
3290 5470 3378 5525 i0.

2234 5537 2369 5615 (74)
2395 5544 2827 5615 Ἐπειδὴνέθετο
2857 5537 3097 5610 σκότος,
3133 5556 3249 5615 etc.
3304 5541 3488 5598 Codex
3532 5537 3717 5597 Coisli-

2167 5614 2379 5684 nianu’s,
2417 5632 2569 5677 num.
2599 5614 2688 5682 10,
2720 5626 2775 5672 et
2801 5617 3013 5672 schedai
3043 5614 3251 5671 Grabii.
