4020 6152
314 207 449 263 1229

1252 209 1559 267 SELECTA
1596 209 1665 267 ΙΝ
1696 208 2035 267 PSALMOS.
2066 239 2139 253 —
2160 210 2350 267 PSAL.
2383 210 2547 267 XVII.

3400 211 3538 266 1250

315 320 770 389 ὁνακαλύπτεται,
798 324 920 395 ἥτις
968 323 1043 388 ὡς
1094 324 1229 396 πρὸς
1262 325 1355 379 τὸν
1386 325 1743 394 γινώσκοντα,
1773 324 1868 378 καὶ

1976 324 2211 380 cultatur
2235 324 2535 396 ignorantia
2559 338 2680 394 qum
2707 323 2773 379 ad
2796 331 3228 395 cognoscentem,
3256 336 3362 377 non
3393 322 3458 376 ad
3483 323 3538 376 id

309 415 373 469 οὐ
395 414 610 486 πρὸς-τὸ
637 415 1032 485 γινωσκόμενον
1069 416 1304 484 λέγεται.
1345 418 1559 490 Σκηνὴν
1597 417 1655 471 δὲ
1704 415 1868 471 αὑτοῦ

310 507 410 581 τὴν
438 508 616 580 σάρκα
638 508 939 579 ὠνόμασεν,
965 512 1022 563 ὲν
1107 511 1339 582 Χριστὸς
1364 510 1682 575 ἐκαθέζετο·
1705 509 1784 562 ἔτι
1811 508 1869 563 δὲ

312 602 406 654 καὶ
432 599 492 653 τὸ
515 602 678 671 φάνκι
719 600 922 675 σκηνὴν
948 602 1034 656 διὰ
1063 605 1125 656 τὸ
1158 605 1487 677 πρόσκαιρον
1532 605 1630 675 τῆς
1665 601 1873 673 σαρκώ-

314 693 469 756 σεως.
519 710 537 744 ι
572 694 635 746 Εί
683 693 792 767 γὰρ
836 695 1177 765 ἐγνώκαμεν,
1231 698 1397 766 φησὶ,
1446 696 1676 768 Χριστὸν
1729 692 1870 748 κατὰ

313 782 508 855 σάρκα,
546 783 678 838 ἀλλὰ
699 785 794 839 νῦν
822 786 1004 841 οὐκέτι
1037 787 1395 857 γινώσκομεν.
1424 807 1443 837 ι
1480 789 1552 839 Ἢ
1582 787 1722 857 τάχα
1746 803 1873 856 σκη⁹

310 874 408 946 νὴν
433 876 494 928 τὸ
518 876 677 947 σῶμα
707 877 956 948 ὠνόμασε
992 878 1080 932 διὰ
1099 880 1198 949 τὴν
1225 879 1471 950 ἄμπελον
1511 878 1578 949 ἢν
1611 878 1670 946 ἐξ
1702 875 1869 945 Αίγύ-

312 982 446 1018 πτου
473 968 725 1038 μετῆρεν,
755 969 841 1022 ἵνα
866 968 1071 1043 φυλάξῃ
1100 969 1292 1042 αὐτὴν,
1336 971 1492 1043 ἄχρις
1521 962 1582 1025 οὗ
1620 970 1868 1042 πεπανθῇ

309 1059 340 1112 ὁ
366 1058 577 1129 βότρυς,
609 1060 702 1113 καὶ
746 1061 819 1131 μὴ
847 1061 1171 1132 λυμαίνηται
1205 1062 1374 1134 αὐτὴν
1421 1056 1485 1127 ὗς
1511 1064 1576 1117 ἐκ
1636 1062 1867 1134 δρυμοῦ.

312 1151 541 1205 Δύναται
560 1152 616 1205 δὲ
644 1152 843 1225 σκηνὴν
862 1152 1039 1222 λέγειν
1064 1156 1156 1208 καὶ
1204 1153 1301 1226 τὴν
1328 1155 1642 1226 σωματικὴν
1688 1155 1869 1223 φύσιν,

311 1238 422 1317 ὲνῇ
457 1244 588 1309 Θεὸς
615 1245 704 1300 διὰ
744 1245 836 1299 τοῦ
857 1245 1032 1316 Λόγου
1059 1248 1271 1317 ὁρᾶται,
1314 1247 1367 1299 εἴ
1390 1263 1453 1315 γε
1508 1247 1572 1300 ἐκ
1610 1246 1874 1318 καλλονῆς

311 1337 621 1407 κτισμάτων
655 1342 684 1392 ὁ
715 1340 1091 1412 γενεσιουργὺς
1137 1338 1441 1410 θεωρεῖται,
1492 1339 1587 1393 καὶ
1623 1340 1711 1394 διὰ
1761 1341 1870 1395 τῶν

312 1430 633 1503 ποιημάτων
653 1430 771 1485 νοού
780 1449 937 1500 μενος
962 1433 1278 1503 καθορᾶται.

379 1605 493 1661 Καὶ
546 1605 934 1672 ἐξαπέστειλε
977 1607 1156 1676 βέλη,
1212 1607 1310 1662 καὶ
1351 1607 1714 1677 ἐσκόρπισεν
1759 1610 1869 1664 αὺ-

311 1699 455 1765 τούς
476 1716 490 1729 ⁸
517 1699 615 1752 καί
648 1699 957 1767 ἀστραπὰς
979 1699 1300 1765 ἐπλήθυνε,
1334 1700 1431 1753 καὶ
1463 1699 1873 1769 συνετάραξεν

312 1792 551 1857 αὐτούς.
569 1792 678 1846 Καὶ
705 1790 993 1860 ὤφθησαν
1019 1795 1079 1845 αἱ
1104 1792 1284 1862 πηγαί
1315 1791 1433 1845 τῶν
1479 1791 1731 1855 ὑδάτων,
1774 1791 1875 1846 καὶ

312 1885 693 1953 ἁνεκαλύςρθη
736 1882 809 1938 τὰ
866 1884 1105 1952 θεμέλια
1159 1884 1271 1952 τῆς
1316 1884 1695 1954 οἰκουμένηςο
1755 1885 1875 1940 ἀπὸ

310 1974 704 2047 ἑπιτιμήσεώς
730 1992 869 2040 σου,
896 1977 1091 2044 Κύριε,
1118 1976 1235 2031 ἀπὸ
1279 1976 1660 2045 ἑμπνεύσεως
1689 1977 1873 2031 πνεύ-

308 2084 492 2137 ματος
523 2066 706 2137 ὀργῆς
761 2081 898 2130 σου,
955 2084 1010 2122 κ.
1051 2084 1100 2119 τ.
1130 2068 1177 2120 ὲ.
1238 2066 1370 2120 Ὅλα
1406 2068 1588 2120 ἐκεῖνα
1638 2066 1749 2138 (75)
1804 2064 1875 2120 τὰ

313 2158 612 2231 σκύθρωπα
637 2157 726 2212 διὰ
752 2157 908 2210 τοῦτο
936 2157 997 2210 τὸ
1028 2157 1282 2230 χρηστόν.
1315 2158 1571 2229 Ἐπιτιμᾷ
1608 2153 1700 2210 οὖν
1721 2196 1735 2220 ,
1778 2156 1875 2210 καὶ

310 2252 507 2323 ὲμπνεί
537 2249 751 2320 πνεῦμα
777 2249 963 2320 ὀργῆς,
1005 2250 1092 2303 ἵνα
1124 2248 1360 2318 ὀφθῶσιν
1415 2250 1471 2302 αἱ
1536 2249 1707 2320 πηγαὶ
1767 2248 1875 2302 τῶν

313 2344 540 2409 ὑδάτων,
569 2342 665 2395 καὶ
704 2340 1121 2410 ἁνακαλυφθῶσι
1153 2340 1223 2394 τὰ
1277 2340 1502 2411 θεμέλια
1554 2342 1652 2412 τῆς
1695 2343 1878 2395 οίκους
1920 2358 1923 2359 ⁷

316 2435 502 2505 μένης.
536 2434 600 2486 Ei
637 2431 840 2502 ἀγαθὸν
864 2430 924 2485 τὸ
948 2431 1175 2503 ὀφθῆναι
1205 2433 1298 2486 καὶ
1340 2432 1718 2503 φανερωθῆναι
1774 2432 1875 2496 τὰς

313 2524 497 2598 πηγὰς
516 2524 625 2580 τῶν
649 2526 854 2579 ὑδάτων
891 2520 965 2579 ὦν
1004 2526 1215 2596 ἡγεῖται
1246 2527 1277 2579 ὁ
1309 2525 1497 2579 εἰπών·
1554 2545 1573 2578 ‹
1608 2525 1737 2597 Ἐμὲ
1777 2527 1873 2594 ὲγ-

312 2618 631 2673 κατελίπετε
662 2618 841 2690 πηγὴν
876 2617 1064 2681 ὓδατος
1096 2617 1329 2683 ζῶντοςο
1370 2638 1389 2671 ι
1440 2619 1642 2688 ἀγαθὸν
1689 2618 1747 2672 δὲ
1779 2619 1875 2671 καὶ

311 2710 377 2764 τὸ
408 2711 851 2783 ἀποκαλυφθῆναι
885 2712 953 2765 τά
986 2711 1210 2782 θεμέλια
1261 2711 1363 2781 τῆς
1407 2710 1752 2781 οἰκουμένης,
1787 2711 1874 2763 ἵνα

312 2801 559 2875 θεωρηθῇ
619 2804 652 2873 ή
680 2802 810 2869 ἀγία
837 2800 1024 2873 Τριάς,
1057 2801 1177 2871 ἥτις
1209 2801 1433 2871 ἄρχεται
1471 2798 1579 2852 τῶν
1639 2798 1875 2869 κτισμά-

310 2909 438 2948 των·
476 2892 594 2956 πῶς
618 2893 688 2947 τὰ
716 2892 918 2947 τούτων
947 2891 1221 2964 ποιητικὰ,
1253 2891 1357 2945 κᾶν
1397 2889 1694 2961 σκυθρωπά
1734 2887 1874 2944 εἶναι

310 2987 464 3057 δοκῇ,
500 2986 734 3055 εὐλόγως
791 3001 873 3049 τις
924 2984 1259 3047 «inciderat;
1292 2982 1391 3053 τὴν
1455 2980 1714 3052 χάλαζαν,
1778 2980 1873 3034 καὶ

311 3078 438 3141 τοὺς
462 3077 737 3150 ἄνθρακας
763 3074 952 3148 πυρὸς,
983 3075 1080 3129 καὶ
1104 3074 1171 3128 τά
1198 3073 1349 3146 βέλη,
1380 3073 1474 3127 καὶ
1514 3073 1617 3136 τὰς
1664 3073 1872 3145 ἀστραιο

315 3173 444 3238 πάς,
478 3173 573 3227 καὶ
604 3171 945 3241 ἐπιτιμήσεις
970 3166 1065 3221 τοῦ
1105 3167 1262 3231 Θεοῦ,
1303 3168 1397 3220 καὶ
1426 3167 1523 3239 τὴν
1576 3165 1872 3237 ἔμπνευσιν

312 3265 406 3320 τοῦ
434 3263 739 3335 πνεύματος
770 3262 868 3333 τῆς
896 3259 1065 3332 ὀργῆς
1085 3258 1430 3330 αὐτοῦ.⁶Ἀμα
1453 3260 1509 3313 δὲ
1532 3259 1709 3332 τήρει,
1729 3261 1810 3313 ὅτι
1838 3260 1872 3330 ἡ

313 3356 627 3427 ἐπιτίμησις
674 3352 937 3426 θεραπεία
983 3352 1067 3416 τίς
1125 3354 1241 3405 ἐστι
1292 3350 1388 3404 τοῦ
1447 3350 1869 3423 ὲπιτιμωμένου,

314 3445 778 3518 ὲπιπλησσομένου
811 3446 897 3498 ἵνα
931 3444 1206 3516 παύσηται
1236 3443 1474 3514 ἐνεργῶν
1532 3442 1601 3496 τὰ
1634 3443 1870 3514 χείρονα.

316 3539 475 3594 Ὅθεν
496 3538 728 3609 πυρετὸν
751 3538 844 3591 καὶ
874 3537 1107 3607 ἀνέμους
1149 3537 1242 3590 καὶ
1293 3535 1567 3589 θάλασσαν
1611 3533 1875 3606 ἐπιτιμώ-

318 3648 454 3704 μενα
488 3632 592 3685 ὑπὸ
627 3629 800 3702 Ἰησοῦ
828 3629 1058 3694 ἀκούων,
1081 3630 1190 3683 νόει
1215 3629 1377 3694 ἀξίως
1396 3630 1492 3701 τῆς
1534 3629 1704 3702 Ἰησοῦ
1735 3646 1872 3702 χρη-

317 3725 587 3797 στότητος.
614 3726 684 3779 Ἢ
714 3723 903 3788 οὕτως⁹
936 3723 1271 3794 Οἰκουμένην
1295 3725 1573 3795 συνίστησι
1607 3726 1872 3797 νοήματα,

315 3817 408 3871 καί
438 3816 606 3885 λόγοι,
638 3816 730 3868 καὶ
755 3814 1002 3887 πράξεις,
1029 3814 1529 3886 ἐποικοδομούμενα
1573 3818 1692 3878 ταῖς
1728 3814 1874 3882 ἓξεσί

315 3924 376 3961 τε
405 3909 498 3961 καὶ
527 3907 848 3961 διαθέσεσιν.
889 3908 1054 3961 Ὅταν
1083 3902 1195 3970 οὖν,
1228 3908 1528 3978 σκορπίσας
1559 3910 1686 3971 τοὺς
1733 3907 1873 3978 φαύ-

316 3998 438 4063 λους
468 4001 578 4063 τοῖς
603 3999 797 4071 βέλεσι,
832 3999 1133 4071 συνταράξῃ
1157 4000 1250 4053 καὶ
1275 4002 1393 4063 ταῖς
1414 4000 1736 4071 ἀστραπαῖς,
1765 4000 1874 4055 τῶν

318 4090 573 4162 κρυπτῶν
598 4091 705 4144 τῶν
742 4090 1040 4163 ἀνθρώπων
1070 4094 1485 4166 φανερουμένων
1503 4136 1521 4164 ,
1554 4095 1875 4163 φωτίζοντος

315 4182 408 4237 τοῦ
429 4182 562 4237 Θεοῦ
607 4183 676 4237 τὰ
699 4182 917 4255 κρυπτὰ
941 4184 1033 4237 τοῦ
1061 4185 1303 4250 σκότους,
1362 4187 1455 4240 καὶ
1508 4185 1732 4258 θεμέλια
1775 4186 1877 4257 τῆς

314 4278 635 4349 οἰκουμένης
660 4276 1014 4347 ἀνακαλύψει,
1039 4279 1163 4343 τοὺς
1208 4279 1420 4342 ἀσεϐεῖς
1459 4278 1545 4332 διὰ
1603 4279 1874 4336 κολάσεων

1976 418 2120 487 quod
2149 417 2493 489 cognoscitur
2515 415 2768 487 pertinet.
2803 414 3156 469 Tabernaculi
3178 415 3394 468 nomine
3418 430 3537 469 car-

1977 523 2102 563 nem
2131 508 2362 571 vocavit,
2395 509 2451 562 in
2477 523 2582 577 qua
2613 505 2864 562 Christus
2891 506 3130 561 sedebat.
3160 505 3425 560 Prteterea
3455 516 3538 560 ta-

1976 602 2327 657 bernaculum
2349 601 2545 656 dicitur
2565 609 2787 671 propter
2806 599 3183 669 temporariam
3204 598 3320 667 ejus
3338 598 3392 651 in
3415 613 3537 651 car-

1977 708 2047 748 ne
2070 693 2544 762 dispensationem.
2577 711 2596 743 ι
2625 690 2737 745 Etsi
2766 708 2784 740 ›
2816 690 2981 756 enim,
3004 690 3177 759 inquit
3196 690 3260 753 ⁸⁸,
3291 709 3309 740 ι
3339 703 3540 759 cogno-

1978 783 2153 838 vimus
2166 782 2439 839 Christum
2461 784 2757 842 secundum
2777 798 3016 844 carnem,
3034 782 3129 836 sed
3149 782 3416 850 nuncjarn
3431 796 3541 855 non

1979 876 2246 931 novimus.
2277 895 2296 927 ι
2322 876 2420 930 Vel
2439 875 2575 931 forte
2592 875 2997 930 tabernaculum
3018 889 3213 942 corpus
3232 871 3535 942 appellavit,

1977 968 2049 1023 ob
2069 969 2281 1023 vineam
2306 983 2467 1038 quam
2491 968 2559 1021 de
2587 968 2815 1037 xhgypto
2843 965 3115 1020 transtulit
3136 964 3202 1028 ",
3225 974 3286 1017 ut
3308 963 3541 1018 custodi-

1978 1059 2228 1114 ret‘illam
2254 1059 2427 1113 donec
2451 1059 2517 1112 ad
2542 1056 2905 1110 maturitatem
2942 1052 3249 1123 perveniret
3272 1067 3536 1118 racemus,

1980 1159 2034 1205 et
2056 1166 2126 1205 ne
2149 1150 2530 1205 exterminaret
2552 1162 2669 1201 eam
2695 1162 2824 1217 aper
2848 1145 2917 1200 de
2946 1145 3103 1202 silva.
3122 1143 3305 1197 Potest
3324 1159 3538 1213 quoque

1982 1243 2385 1298 tabernaculum
2435 1241 2614 1296 dicere
2661 1252 2977 1307 corpoream
3023 1244 3270 1289 naturam
3323 1234 3377 1287 in
3431 1250 3536 1302 qua

1979 1334 2122 1388 Deus
2150 1348 2247 1402 per
2270 1332 2502 1388 Verbum
2546 1329 2904 1398 conspicitur,
2940 1327 3200 1396 siquidem
3232 1341 3297 1379 ex
3324 1335 3540 1379 creatu-

1980 1439 2160 1480 rarum
2194 1422 2594 1493 putchritudine
2640 1429 2851 1475 creator
2895 1417 3222 1489 agnoscitur,
3253 1426 3310 1471 et
3340 1432 3437 1487 per
3476 1432 3540 1472 ea

1977 1530 2100 1588 quae
2127 1515 2265 1569 facta
2294 1524 2441 1580 sunt,
2467 1512 2773 1568 intellectus
2802 1508 3150 1579 conspicitur.

2047 1604 2209 1660 Vsus.
2244 1605 2330 1671 15,
2370 1606 2454 1661 16.
2488 1605 2560 1659 Et
2602 1607 2741 1661 misit
2787 1610 3003 1678 sagittas
3031 1624 3155 1663 suas
3177 1647 3192 1673 ,
3222 1617 3272 1662 et
3304 1608 3527 1676 dissipa-

1972 1698 2039 1753 vit
2071 1716 2157 1752 eos
2180 1715 2199 1753 :
2224 1700 2439 1769 fulgura
2464 1689 2865 1770 multiplicauit,
2887 1715 2934 1758 et
2970 1704 3291 1759 conturbavit
3318 1721 3427 1763 eos.
3457 1704 3527 1758 Et

1974 1803 2329 1860 apparuerunt
2376 1791 2542 1858 fontes
2573 1809 2848 1863 aquarum,
2868 1804 2918 1848 et
2968 1797 3191 1850 revelata
3238 1807 3362 1851 sunt
3406 1797 3529 1865 fun-

1973 1882 2218 1935 damenta
2233 1883 2372 1936 orbis
2385 1893 2644 1937 terrarum
2664 1902 2683 1940 :
2699 1885 2764 1938 ab
2780 1885 3135 1954 increpatione
3154 1898 3269 1953 tua,
3290 1887 3528 1951 Domine,

1973 1974 2038 2025 ab
2086 1973 2428 2042 inspiratione
2483 1977 2696 2043 spiritus
2742 1978 2840 2030 ira:
2891 1989 3024 2042 tute,
3060 1987 3169 2035 etc.
3199 1977 3391 2035 Omnia
3425 1982 3527 2035 ista

1977 2064 2236 2119 terribilia
2264 2077 2391 2121 sunt
2411 2067 2481 2122 ob
2505 2067 2671 2123 hocce
2699 2070 2919 2126 bonum.
2954 2069 3202 2140 Increpat
3238 2073 3398 2141 igitur
3421 2115 3434 2136 ,
3472 2080 3529 2125 et

1974 2156 2204 2225 inspirat
2243 2157 2338 2211 iraa
2381 2158 2663 2226 spirituum,
2704 2173 2761 2215 ut
2798 2171 3097 2232 appareant
3131 2162 3306 2219 fontes
3352 2178 3522 2233 aqua-

1975 2263 2134 2316 rum,
2183 2258 2238 2303 et
2284 2251 2592 2306 revelentur
2641 2250 2991 2308 fundamenta
3041 2253 3192 2309 orbis
3235 2264 3524 2310 terrarum.

1975 2338 2033 2394 Si
2060 2339 2259 2394 bonum
2287 2348 2369 2397 est
2395 2355 2654 2410 apparere
2685 2352 2740 2397 et
2770 2342 2999 2397 revelari
3040 2343 3217 2399 fontes
3263 2361 3524 2415 aquarum

1974 2431 2171 2499 quibus
2214 2433 2468 2502 praesidet
2513 2434 2560 2488 is
2586 2434 2678 2503 qui
2708 2434 2947 2488 dixit":
2996 2454 3015 2488 ι
3048 2435 3132 2492 Me
3165 2438 3532 2508 dereliquistis

1973 2519 2176 2575 fontem
2225 2537 2377 2591 aquae
2429 2522 2595 2590 vivae;
2639 2543 2659 2575 ι
2691 2524 3001 2597 bonumque
3042 2536 3126 2582 est
3165 2527 3326 2583 etiam
3378 2545 3533 2586 reve-

1975 2608 2074 2664 lari
2109 2610 2457 2668 fundamenta
2505 2615 2654 2670 orbis
2698 2627 2997 2682 terrarum,
3033 2627 3091 2671 ut
3127 2627 3313 2673 sancta
3346 2618 3531 2675 Trini—

1975 2711 2057 2758 tas
2085 2705 2482 2772 conspiciatur,
2519 2721 2640 2776 qua:
2669 2708 2897 2777 imperat
2934 2712 3201 2765 creaturis
3226 2730 3239 2765 :
3264 2712 3532 2780 quomodo

1974 2794 2064 2850 illa
2092 2810 2212 2865 quae
2240 2796 2353 2851 htec
2387 2795 2630 2865 faciunt,
2665 2801 2875 2854 tametsi
2907 2802 3188 2857 horribilia
3220 2802 3528 2871 videantur,

1976 2901 2237 2942 accusare
2282 2885 2432 2956 juste
2479 2891 2603 2959 quis
2652 2891 2858 2960 possit?
2904 2894 3254 2961 grandinem,
3290 2894 3561 2963 inquam,.

1898 3012 1942 3071 ο
1976 2993 2030 3040 et
2057 2986 2320 3041 carbones
2349 2984 2488 3055 ignis
2510 3025 2525 3050 ,
2561 2994 2617 3040 et
2656 2987 2961 3057 sagittas,et
2990 2988 3198 3054 fulgura
3225 3028 3242 3054 ,
3273 2996 3326 3043 et
3357 2990 3530 3045 incre-

1978 3079 2223 3144 pationes
2248 3077 2380 3144 Dei,
2416 3088 2472 3132 et
2518 3078 2930 3147 inspirationem
2975 3079 3196 3148 spiritus
3248 3081 3342 3135 iraa
3393 3082 3528 3149 ejus.

1979 3168 2149 3223 Simul
2173 3177 2352 3225 autem
2385 3169 2615 3224 observa
2644 3170 3060 3239 increpationem
3091 3185 3215 3226 esse
3247 3174 3534 3241 quamdam

1977 3259 2313 3315 curationem
2353 3258 2469 3328 ejus
2516 3261 2610 3329 qui
2649 3260 2990 3328 increpatur,
3028 3261 3159 3316 dum
3216 3263 3534 3333 increpatur

1978 3360 2088 3405 uta
2123 3352 2302 3420 pravis
2329 3351 2585 3422 Operibus
2623 3351 2869 3407 desistat.
2908 3351 3062 3408 Unde
3100 3368 3224 3409 cum
3253 3354 3445 3410 febrim
3479 3362 3537 3410 et

1978 3452 2173 3500 ventos
2195 3452 2249 3499 et
2277 3456 2428 3498 mare
2462 3459 2492 3498 a
2514 3443 2640 3499 Jesu
2685 3444 2955 3512 increpari
2991 3445 3185 3512 audis,
3219 3446 3335 3502 haec
3387 3448 3537 3503 intel-

1978 3531 2084 3600 lige
2126 3537 2285 3599 prout
2340 3529 2469 3585 Jesu
2499 3530 2795 3587 bonitatem
2820 3533 2996 3588 decet.
3046 3533 3140 3588 Vel
3188 3534 3267 3589 sic
3296 3555 3309 3590 :
3338 3533 3537 3591 Orbem

1984 3628 2258 3674 terrarum
2308 3621 2646 3674 constituunt
2687 3621 3086 3691 cogitationes,
3132 3633 3189 3678 et
3229 3626 3430 3691 verba,
3481 3637 3540 3683 et

1979 3725 2147 3780 opera
2186 3725 2307 3781 quae
2336 3710 2611 3765 habitibus
2638 3722 2694 3766 et
2730 3711 3012 3767 affectibus
3057 3723 3532 3783 superstruuntur.

1979 3802 2207 3868 Quando
2243 3802 2406 3872 igitur
2437 3803 2783 3871 dissipaverit
2832 3804 3108 3873 improbos
3136 3807 3348 3876 sagittis
3372 3848 3388 3875 ,
3416 3825 3538 3866 eos-

1979 3908 2087 3962 que
2114 3894 2521 3949 eonturbaverit
2566 3893 2816 3965 fulgetris
2840 3935 2854 3959 ,
2880 3897 3108 3952 occultis
3135 3898 3414 3954 hominum
3450 3916 3538 3971 pa—

1981 3982 2232 4048 tefactis,
2280 3984 2390 4038 Deo
2445 3983 2760 4038 abscondita
2811 3986 3155 4063 tenebrarum
3205 3987 3535 4055 illustraute,

1979 4073 2327 4130 fundamenta
2374 4074 2544 4147 603
2566 4075 2734 4130 etiam
2760 4076 2909 4131 orbis
2952 4086 3219 4132 terrarum
3255 4079 3538 4146 revelabit,

1981 4167 2175 4237 impios
2228 4167 2510 4237 suppliciis
2548 4167 2900 4237 increpando.
2954 4168 3324 4227 Fundamenta
3371 4174 3539 4228 etiam

1979 4260 2128 4315 orbis
2154 4269 2279 4314 sunt
2311 4258 2554 4314 homines
2575 4259 2670 4314 Dei
2696 4268 2914 4328 propter
2940 4261 3300 4328 soliditatem,
3343 4263 3540 4332 quibus

313 4371 599 4443 ἐπιτιμῶν.
634 4370 869 4441 Θεμέλια
892 4370 948 4423 δὲ
980 4371 1303 4442 οἰκουμένης
1362 4372 1455 4424 καὶ
1506 4371 1697 4443 ἄνδρες
1742 4373 1874 4427 θεῖοι

1980 4352 2480 4422 ειιρετιεάἰῆοιιηιυν
2508 4353 2558 4407 hi
2592 4354 2683 4422 qui
2706 4353 3000 4409 secundum
3025 4354 3298 4410 Christum
3326 4356 3537 4413 vivunt.

312 4466 400 4519 διὰ
449 4466 510 4519 τὸ
556 4464 800 4529 εῦτονον,
852 4464 936 4532 ἐφ’
990 4459 1071 4527 οἷς
1125 4463 1599 4534 ὲποικοδομοῦνται
1643 4466 1690 4518 οἱ
1733 4464 1876 4519 κατὰ

314 4556 545 4626 Χριστὸν
581 4555 1002 4625 πολιτευόμενοι.
1038 4556 1149 4608 Καὶ
1177 4547 1324 4607 οὗτοι
1370 4556 1426 4609 δὲ
1474 4556 1875 4610 ἀνακαλύπτον-

313 4665 423 4712 ται,
461 4648 826 4716 ἐπιτιμήσεως
854 4647 1142 4718 γινομένης
1164 4648 1307 4701 κατὰ
1332 4648 1438 4702 τῶν
1472 4651 1741 4722 πονηρῶν,
1773 4669 1876 4723 μη-

312 4738 497 4810 δαμῶς
526 4737 833 4808 ἁπτομένης
868 4738 1046 4792 αὐτῶν
1072 4738 1170 4808 τῆς
1197 4739 1482 4804 κολάσεως.
1510 4743 1586 4795 Οὐ
1606 4743 1874 4815 παραυτί-

313 4848 386 4886 κα
409 4831 466 4883 δὲ
502 4830 715 4894 κολάζει
750 4832 779 4884 ό
820 4830 955 4893 Θεὸς
985 4832 1110 4893 τοὺς
1166 4816 1602 4904 ἁμαρτάνοντας,
1640 4851 1875 4906 προανα-

316 4927 483 4994 φωνεῖ
511 4924 567 4977 δὲ
592 4924 690 4993 τῆς
714 4922 884 4994 ὀργῆς
914 4922 1013 4986 τὰς
1045 4924 1311 4989 κολάσεις,
1346 4926 1437 4980 καὶ
1471 4926 1628 4980 τοῦτό
1668 4932 1782 4983 ἐστι
1817 4930 1879 4982 τὸ

315 5015 567 5088 ὲμπνέειν
588 5016 749 5069 αὐτὸν
784 5014 1000 5086 πνεῦμα
1029 5015 1130 5086 τῆς
1162 5017 1329 5088 ὀργῆς
1361 5019 1545 5074 αὐτοῦ.

390 5107 498 5162 Τοῦ
522 5106 729 5162 αὐτοῦ.
779 5109 908 5162 Ὅτε
932 5109 1002 5163 τά
1042 5109 1382 5179 πνευματικά
1414 5110 1525 5180 (76)
1585 5127 1878 5181 πνευματι-

316 5205 428 5265 κοῖς
463 5201 845 5272 συγκρίνομεν,
867 5203 988 5255 τότε
1020 5201 1277 5271 ποιοῦμεν
1310 5201 1407 5265 τὰς
1434 5202 1739 5273 ἀστραπὰς,
1779 5202 1876 5274 τὴν

316 5296 605 5350 ἀπἀὐτῶν
637 5296 837 5366 γνῶσιν
878 5296 1252 5369 ἐμφαίνοντες.
1309 5297 1539 5368 Νοήσεις
1591 5297 1878 5367 ἀστραπάς

388 5458 432 5490 ⁸³
453 5457 496 5512 ll
549 5458 671 5514 (lor.
701 5475 754 5525 ν,
784 5461 871 5515 16.
950 5462 993 5494 ⁸³
1021 5459 1110 5516 P3.
1134 5474 1319 5527 unus,
1350 5459 1404 5515 9.
1454 5460 1501 5492 ⁷⁰
1522 5457 1724 5515 Jerem.
1752 5475 1815 5527 ιι,
1851 5462 1941 5520 i5.

388 5608 499 5676 (75)
534 5609 686 5661 "0.1a
711 5606 926 5670 ἐκεῖνα,
955 5616 1062 5661 etc.
1085 5606 1393 5676 Gorderius.

1979 4445 2119 4512 Quin
2145 4456 2199 4501 et
2225 4446 2279 4499 hi
2310 4445 2648 4511 revelantur,
2685 4445 2881 4515 quippe
2909 4459 3047 4515 quos
3074 4461 3233 4518 pcena
3273 4463 3379 4503 non
3416 4458 3540 4502 tan-

1979 4535 2056 4605 git
2085 4534 2210 4589 dum
2255 4537 2322 4589 de
2366 4534 2627 4603 improbis
2674 4535 2938 4605 supplicia
2979 4547 3290 4593 sumuntur.
3337 4534 3540 4591 Verum

1978 4641 2083 4681 non
2120 4627 2304 4682 statim
2328 4626 2473 4682 Deus
2494 4629 2645 4696 punit
2665 4640 3006 4697 peccatores,
3043 4630 3139 4685 sed
3166 4643 3382 4700 poenam
3417 4642 3541 4688 ante

1978 4719 2112 4772 iram
2140 4718 2457 4787 denuntiat,
2487 4729 2544 4775 et
2562 4721 2667 4776 hoc
2686 4729 2768 4775 est
2791 4721 2966 4792 ipsum
2997 4721 3265 4791 inspirare
3290 4724 3540 4794 spiritum

1980 4813 2075 4867 ira:
2106 4826 2237 4866 suae.

2056 5114 2328 5184 Ejusdem.
2371 5116 2601 5183 Quando
2645 5118 2908 5190 spiritalia
2960 5120 3295 5190 spiritalibus
3330 5138 3542 5194 compa—

1983 5225 2211 5277 ramus,
2259 5224 2388 5268 tunc
2428 5213 2642 5282 fulgura
2695 5212 3000 5282 mittimus,
3053 5214 3414 5283 cognitionem
3473 5218 3543 5271 ab

1983 5305 2060 5360 eis
2104 5308 2509 5375 provenientem
2561 5307 2997 5366 maniiestantes.
3050 5307 3263 5365 Poteris
3324 5324 3541 5380 quoque

384 5672 494 5748 (76)
524 5678 662 5732 Ὅτε
686 5680 756 5733 τὰ
785 5672 1173 5747 πνευματικά,
1208 5687 1310 5735 etc.
1345 5677 1571 5735 Schedze
1594 5678 1801 5749 Grabii,
1826 5687 1875 5738 et

1975 5678 2200 5737 irbarus.
