4020 6152
486 197 512 253 4
524 196 623 253 231
1855 196 1946 251 EX
1979 195 2279 255 ORIGENE
3586 203 3612 257 i
3623 205 3720 260 2.32

484 334 585 388 per
629 316 884 387 fulgura,
914 315 1110 371 divinae
1162 317 1561 385 praedicationis
1611 318 1934 387 splendores
1974 320 2049 372 in-

2150 319 2247 371 xatl.
2274 318 2372 381 τὰς
2392 317 2780 391 λαμπρότητας
2800 318 2895 374 τοῦ
2928 320 3072 375 θείου
3096 321 3446 394 κηρύγματος
3469 323 3537 378 δι’
3570 318 3634 378 οῦ
3657 327 3718 379 τὰ

489 408 764 478 telligere,
797 421 905 477 qua
967 408 1198 460 obscura
1252 409 1637 477 prophetarum
1699 411 1864 465 verba
1924 411 2049 464 illu-

1991 426 2049 462 n-
2155 410 2403 464 σκοτεινὰ
2438 410 2546 464 τῶν
2590 413 2882 484 προφητῶν
2909 415 3129 485 ῥήματα
3156 414 3578 486 διηυγάσθησαν.

485 510 752 556 strautur.

557 589 832 660 Ejusdem.
868 586 972 641 Per
1007 585 1186 642 fontes
1216 588 1470 659 intelligit
1498 590 1727 645 virtutes
1753 606 1818 644 ex
1852 591 2051 660 quibus

2225 591 2336 645 Τοῦ
2372 592 2580 646 αὑτοῦ.
2612 593 2803 665 Πηγὰς
2846 593 2946 658 τὰς
2976 595 3177 665 ἀρετὰς
3210 594 3321 665 (77)
3368 594 3517 662 λέγει
3550 595 3608 661 ἐξ
3645 589 3715 649 ὧν

487 682 727 750 cognitio
750 680 1009 750 procedit.
1039 695 1058 728 ε
1081 676 1229 736 Beati
1252 699 1273 733 ι
1297 684 1476 745 enim,
1508 682 1677 750 inquit
1701 682 1769 747 τί,
1804 701 1823 734 t
1850 685 2050 737 mundo

2149 679 2426 752 ἐξέρχεται
2456 683 2674 750 γνῶσις.
2711 703 2729 735 ι
2762 686 3037 756 Μακάριοι
3058 685 3186 757 γὰρ,
3210 687 3396 756 φησὶν,
3418 688 3468 739 oi
3492 687 3714 759 καθαροὶ

486 773 682 837 corde,
709 774 963 842 quoniam
997 774 1097 845 ipsi
1130 775 1295 829 Deum
1324 775 1605 828 videbunt.
1626 777 1654 825 ‘i

2147 771 2211 841 τῇ
2245 771 2461 842 καρδίᾳ,
2491 773 2571 826 ὅτι
2604 775 2756 828 αὐτοὶ
2779 775 2871 827 τὸν
2899 774 3028 827 Θεὸν
3049 776 3288 845 ὄψονται.
3327 794 3344 826 ι

557 864 722 920 Vens.
751 864 837 932 17,
871 866 956 921 18.
989 864 1139 920 Misit
1188 867 1253 920 de
1298 881 1502 921 summa
1533 875 1580 919 et
1629 866 1828 934 accepit
1870 880 1953 918 me
1998 873 2049 918 et

2233 861 2687 924 Ἐξαπέστειλεν
2713 863 2782 928 ἐξ
2804 865 2998 933 ὕψους
3028 866 3127 920 καὶ
3160 866 3339 920 ἔλαϐέ
3359 882 3439 934 με
3458 906 3475 931 ,
3504 880 3714 934 προσε-

485 955 767 1025 assumpsit
782 971 861 1008 me
875 955 1104 1027 deaquis
1130 958 1332 1012 multis.
1361 956 1561 1027 Eripiet
1609 974 1689 1010 me
1721 959 1784 1012 de
1817 958 2046 1011 inimicis

2217 949 2362 1004 ἱϐετό
2378 970 2456 1021 με
2480 952 2550 1017 ἐξ
2599 953 2835 1009 ὑδάτων
2875 954 3140 1009 πολλῶν.
3206 956 3481 1010 Ῥὐσεται
3526 973 3606 1026 με
3645 958 3711 1022 ἐξ
3796 1002 3804 1008 .

485 1049 615 1101 meis
645 1046 970 1116 fortissimis,
1000 1058 1046 1102 et
1075 1050 1139 1102 ab
1169 1050 1251 1102 his
1276 1049 1366 1117 qui
1393 1049 1613 1102 oderunt
1643 1064 1725 1102 me
1747 1064 1766 1102 :
1799 1049 2043 1118 quoniam

2145 1040 2374 1109 ἐχθρῶν
2390 1062 2509 1113 μου
2541 1044 2836 1111 δυνατῶν,
2869 1048 2964 1101 καὶ
2992 1048 3061 1101 ἐκ
3094 1047 3214 1101 τῶν
3232 1049 3577 1118 μισούντων
3601 1066 3704 1118 με·

486 1139 773 1208 confortati
792 1148 916 1192 sunt
939 1156 1099 1208 super
1125 1156 1226 1204 me,
1256 1150 1361 1194 etc.
1414 1138 1532 1209 Ipse
1558 1139 1625 1193 de
1655 1153 1866 1193 summo
1893 1154 2047 1193 acce-

2146 1129 2237 1184 ὅτι
2267 1133 2717 1202 ἐστερεώθησαν
2757 1136 2909 1203 ὑπὲρ
2949 1137 3054 1205 ἐμὲ
3080 1177 3094 1201 ,
3133 1155 3189 1191 κ.
3240 1154 3291 1193 τ.
3344 1139 3392 1192 ἐ.
3434 1138 3607 1201 Αὐτὸς
3652 1138 3710 1202 ἐξ

486 1231 566 1302 pit
586 1245 673 1292 me
690 1274 706 1298 ,
734 1246 857 1286 cum
884 1247 968 1286 me
991 1233 1196 1301 lapsum
1221 1233 1602 1301 assumpsitde
1616 1232 1773 1303 aquis
1800 1230 2047 1284 humana:

2147 1217 2312 1288 ὕψους
2343 1221 2499 1275 ἔλαϐέ
2528 1241 2593 1293 με
2629 1224 2762 1295 (78),
2790 1226 2882 1279 τὸν
2907 1227 3221 1281 καταϐάντα
3278 1227 3705 1299 προσλαϐόμενος

486 1324 639 1389 vitae,
663 1333 718 1378 et
743 1323 939 1392 eripuit
986 1323 1053 1378 de
1099 1322 1335 1377 inimicis
1365 1322 1488 1376 odio
1526 1320 1858 1376 fortissimis.
1886 1322 2049 1377 Caete-

2145 1311 2253 1363 ἀπὸ
2281 1312 2489 1366 πολλῶν
2528 1314 2733 1369 ὑδάτων
2755 1314 2848 1368 τοῦ
2881 1317 3222 1388 ἀνθρωπίνου
3251 1318 3390 1389 βίου,
3423 1319 3516 1372 καὶ
3548 1319 3705 1390 ῥυσά-

483 1431 601 1472 rttm
632 1417 860 1473 observa
903 1424 1151 1485 potentes
1184 1415 1291 1469 dici
1342 1414 1614 1469 inimicos.
1648 1414 1811 1468 Forte
1864 1426 2044 1467 autem

2149 1421 2308 1474 μενος
2331 1405 2390 1470 ἐξ
2411 1407 2616 1479 ἐχθρῶν
2646 1411 2701 1463 ἐν
2715 1409 2792 1480 τῷ
2825 1410 3128 1482 ὲχθραίνειν
3153 1412 3557 1481 δυνατῶν.”ορα
3588 1412 3702 1482 μέν-

484 1518 540 1564 et
571 1508 867 1579 impietatis
896 1507 1146 1576 dogmata
1176 1515 1303 1560 sunt
1353 1520 1508 1575 aqua:
1559 1506 1739 1559 nniltae
1780 1520 1900 1575 quae
1940 1520 2045 1559 non

2145 1512 2312 1565 τοιγε,
2348 1499 2429 1551 ὅτι
2459 1499 2674 1555 δυνατοὶ
2715 1497 2852 1556 εἶναι
2906 1506 2955 1556 οἱ
3007 1504 3191 1575 ἐχθροὶ
3238 1504 3697 1576 μεμαρτύρηνται.

481 1609 711 1671 possunt
732 1599 1081 1669 exstinguere
1107 1597 1445 1653 charitatem.
1470 1596 1675 1650 Inimici
1704 1610 1834 1649 vero
1868 1596 2046 1651 tortis-

2150 1588 2307 1653 Ἴσως
2333 1589 2389 1642 δὲ
2413 1592 2505 1644 καὶ
2528 1592 2596 1645 τὰ
2633 1592 2733 1663 τῆς
2783 1592 3073 1664 ἀθεότητος
3111 1593 3360 1665 δόγματα
3411 1595 3556 1666 ὕδωρ
3593 1594 3702 1648 ἐστὶ

481 1663 605 1749 simi
634 1701 762 1748 sunt
785 1732 801 1757 ,
835 1663 946 1745 tum
974 1691 1009 1743 ii
1037 1692 1129 1760 qui
1156 1688 1455 1743 invisibiles
1479 1698 1621 1750 sunt,
1660 1696 1774 1742 tum
1803 1688 2043 1743 homines

2113 1669 2117 1713 ί
2146 1680 2302 1743 πολὺ,
2336 1681 2396 1734 οὐ
2419 1681 2714 1753 δυνάμενον
2744 1684 2931 1739 σϐέσαι
2970 1663 3073 1758 τὴν
3110 1663 3351 1757 ἀγάπην.
3390 1663 3605 1757 Ἐχθροὶ
3649 1685 3700 1741 ὂὲ

482 1786 574 1855 qui
608 1795 707 1856 pe‘r
735 1783 872 1839 falso
900 1782 1333 1854 cognominatam
1360 1779 1644 1835 scientiam
1672 1779 2042 1849 deceptiouem

2147 1768 2379 1834 δυνατοὶ,
2414 1771 2465 1823 οἴ
2483 1788 2542 1824 τε
2568 1772 2808 1843 ἀόρατοι,
2836 1773 2931 1826 καὶ
2949 1774 3223 1847 ἄνθρωποι
3260 1776 3308 1826 oi
3329 1773 3414 1827 διὰ
3437 1773 3700 1844 ψευδωνύ-

480 1886 794 1949 operantur.
1188 1946 1201 1949 _

2147 1876 2248 1930 μου
2286 1859 2537 1929 γνώσεως
2559 1863 2657 1934 τὴν
2702 1863 2920 1935 ἀπάτην
2943 1865 3326 1935 ἐργαζόμενοι.

552 1968 827 2040 Ejusdem.
876 1967 956 2022 Ex
1023 1966 1110 2020 his
1161 1946 1537 2034 cognoscimus
1584 1964 1857 2019 daemones
1918 1972 2043 2018 ante

2219 1949 2328 2004 Τοῦ
2364 1952 2570 2006 αὐτοῦ.
2613 1952 2889 2007 Ἐντεῦθεν
2920 1953 3257 2023 γινώσκομεν
3305 1953 3437 2025 (79),
3478 1955 3562 2008 ὅιι
3602 1953 3701 2026 πρὸ

482 2061 782 2117 Salvatoris
833 2058 1121 2113 adventum
1176 2056 1331 2111 nobis
1358 2094 1373 2121 ,
1408 2070 1552 2111 nunc
1591 2064 1771 2110 autem
1805 2068 1906 2108 nos
1936 2053 2044 2108 illis

2143 2040 2241 2109 τῆς
2267 2042 2561 2115 ἐπιδημίας
2590 2044 2682 2098 τοῦ
2712 2044 2966 2117 Σωτῆρος
2996 2047 3330 2118 ἰσχυρότεροι
3366 2046 3523 2116 ἡμῶν
3568 2042 3700 2118 ἦσαν

480 2152 734 2207 fortiores
763 2165 882 2206 esse
905 2192 920 2216 ,
964 2149 1158 2217 quibus
1200 2147 1347 2201 dedit
1370 2146 1619 2201 Christus
1667 2164 1686 2197 ι
1719 2155 2039 2215 potestatem

2141 2136 2189 2188 ot
2220 2133 2488 2205 δαίμονες,
2521 2136 2614 2190 νῦν
2633 2136 2690 2191 δὲ
2716 2136 2921 2191 τούτων
2950 2141 3109 2208 ἡμεῖς
3133 2140 3597 2210 ἐπικρατέστεροι,
3623 2132 3700 2202 οἷς

480 2242 719 2299 calcandi
772 2255 937 2311 supra
985 2250 1265 2308 serpentes
1316 2249 1371 2294 et
1399 2241 1742 2308 scorpiones,
1778 2248 1833 2293 et
1880 2253 2043 2308 super

2142 2226 2338 2280 ἔδωκεν
2365 2228 2393 2279 ό
2413 2229 2642 2299 Χριστὸς
2675 2248 2694 2281 ι
2729 2232 2917 2283 πατεῖν
2947 2229 3132 2283 ἐπάνω
3167 2230 3343 2300 ὄφεων
3388 2230 3487 2284 καὶ
3542 2246 3698 2302 σκορ-

480 2349 697 2390 omuem
731 2334 980 2387 virtutem
1013 2331 1217 2385 inimici
1247 2331 1312 2384 ".
1347 2349 1367 2383 ι

2142 2317 2299 2382 πίων,
2334 2318 2427 2370 καὶ
2458 2318 2551 2370 ἐπὶ
2577 2319 2758 2372 πᾶσαν
2793 2319 2891 2390 τὴν
2916 2319 3142 2391 δύναμιν
3168 2320 3263 2374 τοῦ
3294 2320 3509 2392 ἐχθροῦ.
3527 2337 3547 2369 ι

551 2425 708 2481 Vens.
742 2424 830 2490 19,
861 2422 952 2476 20.
1004 2421 1380 2477 Praevenerunt
1413 2441 1493 2478 me
1536 2425 1589 2478 in
1633 2425 1719 2479 die
1747 2424 2040 2495 «ﬁlii-tionis

2210 2408 2605 2477 Προέςρθασάν
2626 2426 2702 2479 με
2740 2410 2810 2463 ἐν
2847 2409 3037 2479 ἡμέρᾳ
3076 2409 3390 2476 κακώσεώς
3426 2428 3567 2479 μου,
3606 2409 3696 2462 καὶ

466 2536 604 2575 metu
622 2560 636 2584 ,
660 2530 707 2574 et
729 2518 900 2588 factus
925 2527 997 2571 est
1024 2515 1280 2570 Dominus
1293 2527 1552 2586 protector
1579 2534 1743 2572 meus.
1772 2517 1839 2571 Et
1860 2519 2039 2573 edux-it

2139 2498 2375 2567 ἐγένετο
2395 2500 2607 2567 Κύριος
2627 2499 3056 2570 ἁντιστήριγμά
3092 2519 3233 2570 μου.
3285 2502 3396 2556 Καὶ
3452 2498 3700 2570 ἐξήγαγέ

472 2628 558 2666 me
585 2612 641 2664 in
666 2608 1031 2671 latitudinem,
1062 2607 1263 2661 salvum
1300 2624 1377 2662 me
1423 2608 1619 2678 faciet,
1651 2610 1903 2680 quoniam
1951 2626 2042 2664 vo-

2134 2589 2319 2656 μεείς
2341 2587 2722 2658 πλατυσμὸν,
2737 2589 2990 2657 ῥύσεταί
3023 2606 3132 2660 με,
3169 2590 3264 2644 ὅτι
3307 2590 3574 2657 ἠθέλησέ
3607 2606 3697 2659 με,

471 2705 574 2757 tuit
608 2718 722 2765 me,
749 2712 856 2756 etc.
901 2700 1001 2766 Qui
1044 2700 1446 2755 tribulationem
1493 2679 1808 2770 patiuntur,
1837 2711 1893 2755 et
1935 2716 2040 2755 non

2140 2696 2195 2734 κ.
2227 2696 2276 2734 τ.
2302 2680 2348 2734 ὲ.
2373 2681 2435 2732 0i
2455 2679 2755 2752 θλιϐόμενοι
2781 2682 2891 2754 (80)
2925 2683 3019 2736 καὶ
3067 2683 3140 2754 μὴ
3194 2681 3677 2759 στενοχωρούμενοι

474 2794 850 2866 angustiantnr
875 2833 890 2857 ,
919 2794 1097 2847 sciant
1141 2808 1202 2847 se
1248 2807 1276 2846 a
1311 2791 1656 2847 tribulatione
1704 2792 2037 2855 liberandos,

2144 2771 2376 2825 ἴστωσαν
2410 2771 2827 2845 ὲξαχθησόμενοι
2869 2774 2978 2828 ἀπὸ
3034 2776 3133 2845 τῆς
3193 2774 3423 2845 θλίψεως
3482 2776 3577 2829 καὶ
3625 2776 3700 2839 εἰς

474 2899 530 2946 et
551 2860 645 2943 ἰιι
677 2896 918 2943 sanctam
959 2885 1059 2940 Dei
1105 2884 1443 2939 latitudinem
1497 2884 1850 2939 adducendos
1883 2898 2036 2950 esse;

2142 2860 2294 2929 ἅγιον
2333 2861 2427 2915 τοῦ
2456 2862 2590 2916 Θεοῦ
2614 2863 2925 2934 πλατυσμὸν
2957 2864 3318 2936 ἀχθήσεσθαι’
3354 2866 3411 2917 ἐν
3431 2865 3542 2935 γὰρ
3578 2863 3702 2933 ὴμέ-

475 2982 625 3039 illum
656 2982 799 3035 enim
831 2979 919 3048 qui
951 2979 1004 3033 in
1036 2978 1120 3032 die
1140 2975 1443 3031 amictionis
1468 2976 1534 3029 ad
1558 2977 1732 3045 ipsum
1765 2974 2035 3045 confugit,

2145 2971 2212 3025 pqt
2255 2954 2548 3019 κακώσεως
2575 2956 2666 3009 τὸν
2711 2956 2846 3026 πρὸς
2885 2956 3043 3009 αὐτὸν
3103 2957 3513 3026 καταφεύγοντα
3559 2956 3702 3010 ἅντι-

2420 3048 2507 3064 η.
2620 3047 2634 3064 .
2718 3047 2741 3064 ς.
2868 3047 2879 3064 .
2974 3048 2992 3064 ς
3105 3047 3176 3064 Α.
3454 3049 3466 3064 ,
3675 3047 3692 3064 ι

475 3074 763 3131 conﬁrmat
800 3073 939 3127 Deus
960 3110 974 3135 ,
1006 3084 1073 3124 ne
1099 3069 1256 3123 malis
1283 3083 1579 3124 concussus
1604 3068 1955 3124 succumbat:
1983 3077 2039 3123 et

2142 3046 2383 3117 στηρίξει
2418 3048 2568 3113 Θεὸς,
2604 3047 2680 3111 ὡς
2714 3047 2781 3103 ἂν
2821 3047 2896 3121 μὴ
2938 3047 3218 3117 κλονηθεὶς
3257 3049 3573 3122 καταπέσῃ·
3614 3047 3701 3102 καὶ

474 3168 528 3223 in
564 3164 999 3222 tribulationibus
1022 3172 1354 3231 gementem,
1399 3161 1464 3213 ad
1510 3160 1851 3215 latitudinem
1907 3158 2040 3213 edu-

2139 3140 2526 3212 ἀντιστηρίζων
2562 3140 2785 3213 ἐκφέρει
2831 3143 2912 3205 εἰς
2971 3141 3173 3206 πλάτος
3220 3141 3311 3194 τὸν
3354 3141 3699 3212 στενούμενον

475 3260 752 3330 cit,juxta
778 3257 907 3310 illud
934 3255 1021 3306 ":
1062 3273 1080 3305 ι
1114 3254 1168 3308 1η
1193 3253 1540 3311 tribulatione
1560 3253 1797 3307 dilatasti
1826 3251 1983 3308 mihi.
2013 3269 2032 3303 ι

2138 3234 2256 3296 ταῖς
2286 3232 2515 3303 θλίψεσι,
2542 3233 2682 3287 κατὰ
2713 3233 2797 3298 τό,
2835 3251 2853 3285 ι
2876 3234 2963 3288 Ἐν
2994 3232 3168 3302 θλίψει
3219 3233 3521 3297 ἐπλάτυνάς
3552 3250 3619 3303 με
3641 3251 3655 3264 ·
3678 3253 3695 3285 ι

444 3325 627 3420 ηιρυοό
678 3349 736 3403 ﬁt
774 3348 974 3412 etiam,
1012 3349 1136 3401 dum
1183 3360 1287 3400 non
1331 3344 1556 3399 omnino
1602 3345 1898 3410 liberatur,
1936 3343 2031 3400 sed

2136 3326 2274 3397 ὅπερ
2300 3327 2530 3395 γίνεται,
2564 3327 2624 3380 οὺ
2660 3327 2876 3392 πάντως
2896 3325 3370 3399 ἀπαλλαττομένου
3394 3367 3410 3393 ,
3442 3327 3701 3397 γενναίως

442 3455 732 3514 -νεθιιει-οεε
760 3439 1009 3495 sustinet.

913 3449 1009 3493 ne"
2139 3415 2197 3469 δὲ
2227 3417 2500 3488 φέροντος.

546 3533 705 3589 γωδ.
733 3532 823 3587 21.
858 3532 921 3585 Et
941 3530 1189 3584 retribuet
1212 3529 1337 3582 mihi
1359 3527 1612 3583 Dominus
1629 3528 1917 3582 secundum
1942 3527 2028 3594 ju-

2210 3531 2319 3586 Καὶ
2342 3530 2751 3587 ἀνταποδώσω
2770 3550 2872 3602 μοι
2903 3533 3115 3601 Κύριος
3158 3531 3309 3586 κατὰ
3338 3531 3454 3601 τὴν
3488 3531 3699 3586 δικαιο-

440 3662 443 3663 ν
470 3624 668 3681 stitiam
685 3638 872 3686 meam,
886 3632 931 3675 et
945 3620 1228 3674 secundum
1239 3618 1517 3687 puritatem
1534 3634 1786 3672 manuum
1801 3632 2027 3672 mearum

2140 3625 2340 3692 σύνην
2360 3642 2504 3694 μου,
2537 3625 2635 3679 καὶ
2666 3625 2818 3679 κατὰ
2848 3623 2963 3692 τὴν
3000 3625 3395 3693 καθαριότητα
3436 3622 3555 3677 τῶν
3588 3641 3701 3693 χει-

454 3717 716 3771 retribuet
748 3712 1166 3783 mihi,quoniam
1197 3709 1449 3763 custodivi
1478 3708 1590 3763 vias
1616 3708 1780 3780 609
1802 3707 2034 3774 Domini,

2132 3714 2259 3784 ρῶν
2307 3733 2424 3784 μου
2479 3713 2888 3773 ἀνταποδώσει
2936 3732 3037 3784 μοι
3062 3754 3078 3779 ,
3125 3714 3215 3768 ὅτι
3262 3714 3539 3783 ἐφύλαξα
3601 3714 3701 3779 τὰς

471 3820 581 3864 etc.
614 3806 715 3874 Qui
742 3804 940 3859 attollit
967 3811 1184 3857 sanctas
1218 3814 1409 3855 manus
1438 3799 1705 3868 audetque
1750 3798 1927 3853 dicere
1954 3799 2033 3853 ’δε

2140 3805 2320 3872 ὁδοὺς
2348 3807 2590 3875 Κυρίου,
2612 3824 2666 3859 κ.
2695 3824 2744 3858 τ.
2769 3807 2815 3858 ἐ.
2853 3805 2910 3859 '0
2946 3806 3188 3877 ἐπαίρων
3215 3806 3394 3867 ὁσίους
3430 3803 3542 3876 (81)
3596 3806 3703 3873 χεῖ-

471 3920 502 3953 ~¢
538 3898 780 3955 Elevatio
807 3910 1060 3951 manuum
1091 3908 1331 3948 mearum
1357 3934 1373 3959 ,
1410 3891 1741 3947 sacriﬁcium
1770 3893 2038 3961 vespertio

2142 3915 2260 3970 ρας,
2288 3898 2383 3951 καὶ
2412 3897 2626 3969 θαρρῶν
2655 3900 2827 3951 εἰπεῖν
2846 3915 2859 3927 ·
2892 3916 2911 3950 ι
2943 3899 3214 3969 Ἔπαρσις
3239 3897 3347 3951 τῶν
3377 3898 3573 3969 χειρῶν
3604 3914 3700 3967 μου

458 4010 602 4051 num
625 4035 640 4060 ,
670 4012 694 4047 ιι
735 3993 1024 4063 puritatem
1063 4004 1278 4059 quoque
1312 4002 1567 4042 manuum
1597 4002 1655 4043 se
1675 3987 1878 4043 habere
1906 4004 2037 4058 pro-

2142 3988 2301 4043 θυσία
2329 3990 2610 4061 ἐσπερινὴ,
2652 4008 2672 4042 ι
2714 3989 2809 4042 καὶ
2853 3988 3199 4060 καθαρότητα
3224 3989 3420 4061 χειρῶν
3447 3987 3704 4060 ὁμολογή-

464 4083 734 4139 tltebitur.
793 4082 891 4136 llic
922 4094 1105 4135 sermo
1131 4089 1214 4133 est
1241 4077 1355 4145 ejus
1394 4076 1485 4145 qui
1543 4077 1805 4147 perspicit
1842 4092 2040 4131 unum—

2138 4079 2408 4151 σειὲχειν.
2439 4080 2781 4151 Θεωροῦντος
2809 4081 2867 4135 δὲ
2891 4082 2966 4145 ὠς
3003 4081 3231 4135 ἕκαστον
3271 4082 3452 4153 κρίσει
3496 4082 3700 4148 γίνεται

470 4177 723 4243 quodque
768 4187 888 4227 cum
929 4169 1133 4240 judicio
1179 4167 1317 4222 ﬁeri.
1377 4167 1519 4223 Sunt
1558 4176 1735 4221 autem
1789 4167 2035 4234 quaedam

2136 4168 2315 4236 λόγος.
2346 4170 2501 4222 Ἔστι
2531 4169 2587 4222 δέ
2614 4187 2735 4223 τινα
2764 4168 3006 4241 κρίματα
3034 4169 3126 4222 τοῦ
3150 4168 3284 4222 Θεοῦ
3313 4170 3450 4240 περὶ
3474 4169 3698 4223 ἑκάστου

464 4264 565 4320 Dei
594 4260 803 4334 judicia
831 4260 975 4314 circa
1003 4256 1280 4326 quodlibet
1323 4266 1624 4326 peccatum.
1680 4255 1911 4322 Quando
1938 4255 2038 4324 igi-

2136 4259 2249 4312 τῶν
2277 4259 2755 4330 ἁμαρτανομένων.
2795 4260 2962 4314 Ἐπάν
2988 4256 3079 4313 οὖν
3102 4259 3170 4313 τὰ
3197 4260 3326 4330 περὶ
3348 4260 3565 4313 πάντων
3598 4257 3698 4310 τῶν

472 4367 561 4413 tur
606 4356 726 4426 quis
760 4352 941 4408 omnia
976 4351 1042 4404 de
1091 4349 1328 4417 peccatis
1372 4347 1853 4415 omnibusjudicia
1905 4358 2033 4401 ante

2140 4349 2547 4421 ἁμαρτημάτων
2576 4351 2820 4422 κρίματα
2842 4352 3018 4405 πάντα
3044 4350 3147 4421 πρὸ
3163 4349 3455 4420 ὀφθαλμῶν
3480 4366 3565 4413 τις
3586 4348 3697 4420 ἔχῃ,

467 4446 656 4501 oculos
686 4444 884 4508 habet,
932 4441 1110 4495 dicet:
1146 4455 1166 4489 ι
1200 4436 1394 4492 Omnia
1421 4436 1623 4506 judicia
1653 4437 1767 4505 ejus
1814 4438 1868 4492 in
1900 4453 2032 4492 cou-

2136 4443 2288 4513 ὲρεῖο
2317 4459 2338 4493 ι
2368 4442 2551 4495 Πάντα
2570 4442 2638 4495 τὰ
2661 4441 2903 4514 κρίματα
2936 4440 3100 4496 αὑτοῦ
3122 4438 3350 4495 ἐνώπιόν
3386 4457 3507 4511 μου.
3538 4459 3557 4493 ι
3598 4439 3701 4492 Καὶ

468 4545 657 4608 specto
684 4550 826 4591 meo.
854 4554 874 4587 ι
918 4532 1187 4588 Caeterum
1224 4531 1315 4598 qui
1361 4530 1475 4583 haec
1518 4530 1680 4593 dicit,
1710 4529 1763 4583 in
1802 4528 1945 4584 nulla
1981 4545 2036 4585 re

2131 4532 2309 4596 ἄλλως
2334 4532 2483 4586 οὐδὲν
2507 4534 2536 4585 ὁ
2576 4533 2746 4586 ταῦτα
2804 4533 2975 4602 λέγων
3034 4532 3227 4589 ἑαυτοῦ
3285 4531 3696 4601 καταγινώσκει.

471 4631 710 4700 seipsum
743 4625 1093 4681 condemnat.
1144 4620 1296 4676 Unde
1324 4621 1437 4674 haec
1471 4621 1634 4674 etiam
1678 4622 1743 4674 ad
1783 4621 2030 4675 Salvato-

2138 4621 2301 4677 Ὅθεν
2327 4624 2422 4677 καὶ
2463 4626 2555 4679 ἐπὶ
2591 4626 2681 4679 τὸν
2723 4626 2952 4697 Σωτῆρα
3014 4624 3149 4679 αὐτὰ
3201 4625 3282 4679 δεῖ
3318 4622 3698 4695 ἀναφέρεσθαι,

470 4738 586 4778 rem
619 4719 904 4776 referenda
928 4725 1087 4782 sunt,
1136 4716 1335 4784 quippe
1375 4732 1394 4763 ι
1429 4721 1694 4766 tentatum
1722 4729 1816 4783 per
1846 4715 2031 4768 omnia

2136 4730 2154 4762 ι
2200 4712 2296 4765 τὸν
2339 4716 2774 4786 πεπειρασμένον
2839 4717 2980 4771 κατὰ
3018 4717 3194 4770 πάντα
3251 4714 3371 4770 καθ’
3415 4715 3699 4785 ὁμοιότητα

468 4829 567 4886 pro
593 4810 946 4868 similitudine
970 4809 1177 4877 absque
1207 4812 1428 4874 peccato
1446 4803 1511 4856 τ’.
1548 4823 1565 4853 ι

1086 4822 1177 4877 lue
1207 4812 1428 4874 peccato
1446 4803 1511 4856 τ’.
1548 4823 1565 4853 ι
2130 4805 2302 4877 χωρὶς
2325 4807 2616 4879 ἁμαρτίας.
2655 4828 2673 4860 ι

541 4905 810 4976 Ejusdem.
843 4901 1057 4957 Puritas
1090 4900 1284 4954 mentis
1325 4909 1411 4951 est
1461 4895 1746 4949 atl‘ecmum
1788 4896 2028 4949 carentia

2214 4895 2326 4950 Τοῦ
2365 4899 2568 4952 αὐτοῦ.
2621 4900 2995 4971 Καθαρειότης
3033 4899 3206 4970 ψυχῆς
3231 4898 3341 4969 (82)
3373 4900 3520 4951 ἐστιν
3561 4897 3699 4951 ἀπά-

465 5005 535 5049 ex
566 4992 735 5063 gratia
783 4989 903 5054 Dei,
955 4986 1138 5042 addito
1175 4986 1338 5040 etiam
1382 4984 1616 5038 hominis
1644 4984 1843 5038 studio.
1876 4986 2033 5039 Puri-

2136 4989 2258 5042 θεια
2302 4991 2367 5042 ἐκ
2405 4990 2624 5062 χάριτος
2667 4990 2823 5055 Θεοῦ,
2880 4989 3309 5063 προσγινομένης
3343 4990 3438 5043 καὶ
3477 4987 3700 5057 σπουδῆς

570 5156 617 5189 ’ί
648 5153 837 5209 Matth.
865 5169 915 5220 ν,
945 5154 998 5208 8.
1072 5152 1118 5184 ⁷³
1154 5150 1285 5205 Luc.
1314 5167 1368 5214 x,
1400 5150 1486 5204 l9.
1564 5149 1610 5180 ⁷³
1635 5148 1723 5204 Ps.
1752 5165 1825 5216 ιν,
1849 5151 1905 5206 2.
1982 5152 2030 5184 ⁷⁸
2057 5153 2145 5208 Ps.

1435 5150 1486 5204 9.
1564 5149 1610 5180 ⁷³
1635 5148 1723 5204 Ps.
1752 5165 1825 5216 ιν,
1849 5151 1905 5206 2.
1982 5152 2030 5184 ⁷⁸
2057 5153 2145 5208 Ps.
2178 5167 2283 5209 CXL
2311 5191 2325 5215 ,
2360 5150 2415 5204 2.
2492 5151 2538 5182 ⁷⁵
2571 5150 2735 5205 llebr.
2765 5166 2853 5217 tv,
2885 5149 2974 5205 15.
3017 5148 3022 5161 '

538 5301 654 5373 (‘17)
680 5298 884 5369 Πηγὰς
908 5295 1015 5364 τὰς
1040 5297 1275 5366 ἀρετάς,
1303 5305 1409 5351 etc.
1456 5294 1669 5350 Eaedem
1715 5296 1949 5363 schedaa,
1975 5309 2028 5353 et

1715 5296 1949 5363 schedaa,
1975 5309 2028 5353 et
2204 5297 2319 5373 (ξθ)
2352 5300 2416 5373 _0t
2445 5298 2806 5373 dimouerat,
2828 5305 2937 5373 etc.
2962 5292 3275 5373 Corderius.

468 5353 793 5426 Baiba'rus."
854 5353 875 5365 ’
988 5353 1007 5364 ’
1074 5353 1092 5366 ’
1231 5353 1273 5363 ”
1936 5353 1948 5363 ’

2203 5353 2317 5435 (813
2359 5368 2423 5421 '0
2445 5353 2707 5435 ἐπαίρων
2736 5353 2968 5432 ὁσίους,
2996 5376 3103 5420 etc.
3129 5363 3306 5419 Codex
3334 5359 3471 5415 Roe.
3502 5353 3696 5413 Corde-

540 5439 651 5510 (78)
674 5439 867 5505 Αὐτός
889 5438 958 5504 ἐξ
982 5438 1182 5510 ὕψους
1207 5435 1386 5491 ἔλαϐέ
1412 5453 1509 5507 με,
1546 5447 1659 5492 etc.
1686 5435 1866 5492 Codex
1892 5435 2023 5493 Roe.

1412 5453 1509 5507 με,
1546 5447 1659 5492 etc.
1686 5435 1866 5492 Codex
1892 5435 2023 5493 Roe.
2130 5435 2246 5496 rius
2277 5435 2453 5492 autem
2487 5452 2756 5510 anonymo
2789 5438 2999 5510 tribuit.

464 5496 757 5581 Cortlerins
782 5496 958 5581 autem
980 5496 1429 5581 habet-tanquam
1448 5496 1720 5581 anonymi.
1748 5577 1760 5581 _
1848 5576 1875 5581 _
1949 5578 1959 5581 _
1986 5577 2019 5581 __

2130 5580 2149 5581 ί
2199 5509 2313 5581 (82)
2343 5496 2739 5574 Καθαρειότης
2767 5503 2998 5575 ψυχῆς,
3027 5516 3133 5562 etc.
3169 5502 3392 5562 Schedm
3411 5496 3621 5572 Grabii,
3645 5499 3698 5551 οι

542 5523 757 5563 τὶιοτιιιε
782 5523 958 5565 autent
983 5523 1140 5562 habet
1168 5523 1420 5576 tauquam
1448 5523 1587 5562 anon
1633 5523 1720 5560 un.

542 5580 649 5646 (i9)
685 5580 989 5635 Ἐντεῦθεν
1015 5576 1383 5647 γινώσκομεν
1406 5618 1421 5644 ,
1450 5588 1555 5634 etc.
1584 5523 1810 5634 gchcdtc
1837 5576 2022 5634 Grabii
2125 5582 2129 5634 ζ

833 5523 958 5565 Item
983 5523 1140 5562 naoet
1168 5523 1420 5576 tanquam
1448 5523 1720 5633 anongmt.
2199 5523 2313 5581 (ea)
2343 5523 2420 5561 na

833 5580 989 5635 ῖῦθεν
1015 5576 1383 5647 γινώσκομεν
1406 5618 1421 5644 ,
1450 5588 1555 5634 etc.
1606 5577 1810 5634 'chcdtc
1837 5576 2022 5634 Grabii
2125 5580 2420 5636 Barbarus.

465 5667 532 5707 ac
558 5650 846 5704 Barbarus.
