4020 6152
346 288 491 346 ωδ

1348 292 1655 350 SELECTA
1694 295 1760 350 ΙΝ
1800 296 2130 355 PSALMOS.
2170 331 2240 340 —
2279 300 2474 357 PSAL.
2515 300 2675 357 XVII.

3454 301 3592 360 1254

343 407 440 463 τοῦ
461 406 771 482 ἀνθρώπου.
812 408 1231 483 Καθαρειότητα
1275 413 1476 485 χειρῶν
1503 413 1600 479 τὰς
1643 432 1903 487 προφητι-

2020 428 2179 472 tatem
2212 435 2488 483 manuum,
2519 400 2903 490 prophetarum
2929 426 3084 473 vocat
3114 426 3356 473 actiones
3381 432 3500 488 quae
3524 426 3591 474 ab

343 503 448 567 κάς
481 519 643 573 φησιν
668 505 948 576 ἐνεργείας
975 504 1304 577 ἀμολύντους
1331 505 1496 573 οὔσας
1535 508 1643 563 ἀπὸ
1668 509 1766 580 τῆς
1800 509 1919 581 βελ-

342 592 534 664 τίστης
566 591 756 658 ἕξεως.

410 685 523 740 Καὶ
554 684 768 755 ἔσομαι
794 685 1032 757 ἄμωμος
1054 688 1181 758 μετ’
1209 689 1417 754 αὐτοῦ,
1442 689 1542 744 καὶ
1578 690 1919 761 φυλάξομαι

340 774 461 830 ἀπὸ
484 776 594 845 τῆς
613 777 866 847 ἀνομίας
891 796 1031 848 μου,
1063 797 1117 835 κ.
1135 798 1188 835 τ.
1223 782 1270 835 ὲ.
1302 781 1485 853 Χωρὶς
1515 781 1647 835 Θεοῦ
1682 782 1791 854 (85)
1819 783 1919 837 οὐκ

346 867 495 923 ἐστιν
540 864 678 924 εἶναι
730 870 989 943 ἄμωμονο
1045 873 1165 942 μετ’
1193 873 1349 942 ὀλίγα
1395 869 1489 928 οὖν
1534 892 1699 945 φησιο
1737 895 1755 927 ι
1808 876 1919 929 Καὶ

345 956 498 1012 ἔθετο
534 958 762 1031 ἄμωμον
785 960 884 1032 τὴν
920 961 1036 1015 ὁδόν
1059 978 1180 1032 μου.
1218 980 1237 1014 ι
1272 963 1385 1016 Οὐκ
1423 962 1539 1018 ἔστι
1568 963 1626 1018 δὲ
1652 964 1793 1019 κατὰ
1826 965 1918 1018 τὸν

343 1048 571 1120 λέγοντα
625 1053 706 1118 τό,
749 1072 768 1105 ι
809 1052 1201 1109 Ἀνταποδώσει
1256 1073 1346 1128 μοι
1387 1057 1591 1130 Κύριος
1632 1058 1773 1113 κατὰ
1821 1059 1918 1131 τὴν

339 1140 686 1215 δικαιοσύνην
720 1161 847 1215 μου,
879 1164 897 1195 ι
932 1146 1025 1199 καὶ
1053 1147 1114 1200 τὸ
1153 1147 1303 1219 ἑξῆς,
1332 1147 1478 1220 ἔχειν
1515 1150 1766 1223 ἀνομίαν.
1808 1150 1918 1204 Καὶ

338 1233 426 1298 τό,
454 1254 472 1287 ι
504 1235 817 1308 Φυλάξομαι
845 1238 954 1292 ἀπὸ
974 1238 1077 1311 τῆς
1106 1241 1334 1312 ἀνομίας
1362 1259 1517 1313 μου,›
1547 1243 1768 1299 δύναται
1796 1244 1919 1298 ἁνα-

343 1324 608 1397 φέρεσθαι
643 1329 735 1381 ἐπὶ
764 1329 828 1382 τὸ
871 1329 1159 1403 λεγόμενον
1185 1333 1246 1387 τὸ
1284 1335 1341 1387 ὲν
1373 1336 1504 1406 ἡμῖν
1531 1337 1741 1401 σκότος,
1774 1335 1916 1390 κατὰ

340 1413 403 1468 τό
420 1433 432 1446 ·
474 1437 491 1468 ι
530 1419 594 1472 Ei
626 1413 721 1473 οὖν
744 1418 807 1473 τὸ
842 1420 957 1492 φῶς
976 1422 1039 1476 τὸ
1067 1424 1126 1477 ὲν
1149 1425 1233 1478 σοὶ
1257 1425 1447 1491 σκότος
1468 1427 1609 1491 ἐστὶ,
1637 1427 1700 1481 τὸ
1726 1427 1916 1492 σκότος

338 1507 505 1561 πόσον
526 1525 541 1575 ;
579 1528 598 1560 ι

415 1705 526 1760 Τοῦ
554 1707 765 1762 αὐτοῦ.
804 1709 1066 1781 Ἀμωμός
1091 1713 1236 1767 ἐστιν
1264 1714 1373 1787 (84)
1411 1717 1441 1771 ὁ
1470 1717 1608 1789 ἔχων
1638 1720 1696 1773 ὲν
1736 1721 1914 1793 ἐαυτῷ

2019 515 2223 583 optimo
2254 513 2441 569 habitu
2473 516 2685 568 munda:
2710 522 2763 567 et
2785 512 3209 583 incoinquinatzc
3237 520 3409 567 erant.

2091 712 2258 767 Vens.
2297 709 2387 764 24.
2426 708 2497 764 Et
2533 726 2623 765 ero
2655 710 3028 765 immaculatus
3067 724 3185 762 cum
3218 724 3300 773 eo,
3333 719 3379 762 et
3406 708 3589 762 obser-

2018 805 2145 859 vabo
2176 821 2258 859 me
2288 804 2351 857 ab
2384 804 2658 874 iniquitate
2702 818 2839 867 mea,
2876 813 2982 857 etc.
3025 801 3246 871 Absque
3279 800 3390 855 Deo
3431 814 3587 856 nemo

2017 905 2196 966 potest
2227 908 2350 950 esse
2380 894 2780 949 immaculatus.
2811 891 2992 959 Quare
3020 891 3179 962 paulo
3206 899 3326 961 post
3357 892 3464 945 ait:
3485 909 3504 941 ι
3524 890 3590 944 Et

2018 988 2194 1059 posuit
2240 985 2640 1042 immaculatam
2679 986 2819 1040 viam
2874 999 3070 1039 meam.
3098 1002 3116 1037 ι
3164 982 3282 1038 Νοη
3330 984 3588 1041 convenit

2017 1087 2197 1133 autem
2228 1077 2302 1131 illi
2326 1077 2417 1146 qui
2442 1077 2558 1132 ait:
2591 1094 2610 1128 ι
2645 1075 2928 1130 Retribuet
2954 1072 3083 1128 mihi
3116 1073 3374 1129 Dominus
3393 1087 3590 1128 secun-

2016 1167 2143 1223 dum
2166 1168 2436 1239 jusdtiam
2471 1182 2669 1232 meam,
2703 1185 2721 1217 ι
2756 1176 2903 1230 etc.,
2943 1173 3000 1219 ut
3047 1162 3210 1219 ullam
3247 1163 3447 1220 habeat
3480 1163 3589 1219 ini-

2016 1259 2305 1330 quitatem.
2346 1260 2413 1315 Et
2450 1259 2579 1316 illud
2613 1277 2630 1314 :
2666 1279 2684 1313 ς
2712 1258 3026 1315 Observabo
3058 1272 3147 1314 me
3185 1256 3254 1311 ab
3298 1255 3590 1327 iniquitate

2015 1368 2157 1418 mea,
2202 1372 2220 1404 ι
2259 1351 2454 1408 referri
2504 1362 2680 1422 potest
2714 1354 2780 1407 ad
2824 1352 2955 1406 illud
2988 1351 3131 1420 quod
3162 1349 3216 1405 in
3247 1348 3401 1405 nobis
3427 1363 3590 1405 voea-

2017 1452 2104 1497 tur
2151 1443 2410 1509 tenebrze,
2452 1442 2604 1513 juxta
2641 1443 2771 1499 illud
2795 1443 2841 1475 ⁷⁸
2873 1461 2886 1497 :
2918 1461 2937 1495 ι
2970 1441 3027 1497 Si
3064 1456 3198 1513 ergo
3229 1440 3409 1496 lumen
3444 1440 3587 1510 quod

2016 1535 2069 1587 in
2129 1545 2180 1588 te
2231 1543 2352 1598 est,
2408 1536 2645 1590 tenebrat
2696 1535 2827 1599 sint,
2892 1534 3020 1604 ipsa:
3074 1533 3316 1589 tenebrat
3370 1539 3589 1602 quanta:

2013 1624 2206 1678 ertmt?
2239 1644 2258 1675 ι

2084 1713 2365 1786 Ejusdem‘.
2417 1715 2801 1771 lmmaculatus
2850 1725 2936 1771 est
2965 1714 3056 1770 ille
3085 1715 3176 1786 qui
3207 1716 3350 1769 viam
3403 1715 3493 1770 Dei
3532 1715 3586 1770 in

337 1796 438 1868 τὴν
463 1798 583 1852 ὁδὸν
608 1799 703 1853 τοῦ
741 1799 897 1867 Θεοῦ,
927 1803 1019 1857 τὸν
1053 1805 1309 1877 Χριστόν.
1337 1827 1357 1859 ‹
1396 1807 1535 1877 Ἐγὼ
1566 1808 1696 1881 γὰρ,
1722 1813 1903 1884 φησὶν,

2012 1823 2071 1863 se
2105 1808 2291 1873 habet,
2319 1807 2599 1864 Christum
2632 1808 2867 1866 scilicet.
2911 1828 2928 1859 ι
2952 1808 3062 1879 Ego
3085 1807 3251 1872 enim,
3288 1807 3467 1877 inquit
3496 1807 3542 1839 "
3566 1846 3583 1872 ,

336 1889 455 1960 εἰμὶ
502 1890 535 1961 ἡ
588 1890 725 1955 ὁδός.
790 1912 807 1944 ι
854 1893 1117 1966 Ἀμωμον
1162 1896 1220 1950 δὲ
1259 1899 1463 1971 ταύτην
1514 1902 1614 1973 τὴν
1657 1902 1773 1957 ὁδὸν
1814 1907 1910 1958 καὶ

336 1974 500 2065 αὐτὸς
523 1975 551 2027 ὁ
574 1977 737 2033 Δαυΐὸ
766 1978 869 2052 ἔφη
904 1980 1081 2052 λέγων
1105 2001 1118 2015 ο
1162 2005 1181 2038 ι
1227 1985 1285 2041 ’0
1309 1987 1442 2053 Θεός
1466 2006 1587 2060 μου,
1618 1991 1847 2064 ἄμωμος
1875 1994 1909 2065 ὴ

334 2064 456 2128 ὁδὸς
489 2082 604 2119 σου.
647 2086 666 2119 ι

407 2159 515 2213 Καὶ
549 2159 966 2243 ἀνταποδῴσει
997 2184 1099 2236 μοι
1142 2170 1361 2239 Κύριος
1382 2172 1533 2227 κατὰ
1560 2173 1675 2243 τὴν
1691 2175 1913 2232 δικαιο-

333 2252 536 2318 σύνην
558 2268 701 2321 μου,
733 2271 787 2308 κ.
821 2271 872 2308 τ.
903 2257 950 2310 ἐ.
992 2276 1011 2310 ι
1065 2259 1153 2312 Ἐν
1175 2254 1220 2328 ᾧ
1254 2261 1435 2336 μέτρῳ
1477 2266 1590 2337 (85)
1639 2273 1909 2341 μετρεῖτε,

333 2343 860 2435 ἀντιρετρηῦῄσεται
895 2349 1041 2420 ὑμῖν.
1096 2370 1115 2401 ι
1158 2352 1355 2423 Ἁγίων
1395 2356 1454 2410 δὲ
1506 2357 1712 2432 αῦτηὴ
1758 2362 1910 2435 φωνὴ

333 2429 441 2482 τῶν
464 2430 551 2485 διὰ
581 2432 782 2505 πολλὴν
808 2440 1119 2509 παρρησίαν
1137 2441 1447 2515 δυναμένων
1470 2429 1670 2517 λέγειν·
1758 2429 1910 2506 Ἀντλ

334 2522 529 2615 απόδος
567 2525 646 2596 τῷ
681 2526 850 2598 δούλῳ
885 2546 1000 2584 σου.
1054 2551 1072 2582 ι
1109 2534 1463 2609 Δικαιοσύνην
1499 2539 1648 2610 λέγει
1705 2542 1803 2615 τὴν
1845 2546 1911 2600 ὲκ

333 2611 572 2680 πίστεως
607 2617 780 2689 Ἰησοῦ
832 2622 1083 2692 Χριστοῦ,
1106 2625 1229 2694 ἥτις
1255 2631 1632 2703 πεφανέρωται
1665 2611 1909 2700 εἰς-πάν-

333 2722 434 2769 τας
459 2709 586 2772 τοὺς
630 2710 980 2789 πιστεύοντας
1000 2732 1012 2745 ο
1045 2719 1161 2780 τοῖς
1190 2719 1300 2792 γὰρ
1344 2721 1520 2794 ὀρθῶς
1561 2728 1907 2786 πιστεύουσιν

333 2798 366 2868 ἠ
398 2799 579 2864 πίστις
601 2803 682 2865 εἰς
708 2803 1052 2877 δικαιοσύνην
1083 2808 1375 2878 λογίζεται.

400 2892 562 2944 Μετὰ
582 2892 755 2946 ὁσίου
782 2895 1109 2967 ὀσιωθήσῃ.
1142 2900 1239 2953 καὶ
1263 2905 1417 2971 μετὰ
1448 2905 1667 2976 ἀνδρὸς
1713 2911 1905 2967 ἀθώου

331 2977 524 3073 ἀθῷος
565 2980 704 3051 ἔσῃ,
748 2984 848 3037 καὶ
890 2987 1042 3054 μετὰ
1094 2989 1382 3048 ἐκλεκτοῦ
1435 2997 1721 3066 ἐκλεκτὸς
1760 3001 1902 3073 ἔσῃ,

332 3071 432 3125 καὶ
451 3073 602 3142 μετὰ
632 3078 928 3145 στρεόλοῦ
972 3081 1372 3154 διαστρέψεις,
1409 3106 1462 3142 κ.
1493 3107 1544 3143 τ.
1579 3094 1625 3146 ἑ.
1673 3095 1757 3158 Ὡς
1780 3071 1902 3151 ἐσο-

2011 1917 2128 1956 sum
2156 1903 2264 1956 via.
2291 1920 2309 1954 ι
2362 1901 2766 1956 immaculatum
2814 1901 2953 1955 hunc
3000 1902 3146 1954 viam
3176 1910 3231 1954 et
3263 1901 3378 1971 ipse
3414 1899 3583 1956 David

2013 1991 2249 2062 appellat
2282 1992 2465 2047 dicens
2495 1991 2582 2049 ’3:
2623 2010 2641 2043 ι
2676 1992 2817 2047 Deus
2874 2006 3046 2055 meus,
3093 1990 3439 2046 immaculata
3493 1991 3585 2046 via

2013 2093 2125 2137 tua.
2162 2102 2182 2136 ι

2090 2173 2249 2228 Vens.
2289 2173 2381 2227 25.
2437 2173 2501 2227 Et
2550 2175 2799 2229 retribuet
2838 2174 2967 2229 mihi
3009 2173 3268 2229 Dominus
3296 2176 3586 2229 secundum

2004 2263 2272 2334 justitiam
2302 2280 2494 2330 meam,
2530 2274 2636 2320 etc.
2674 2284 2693 2316 ι
2725 2264 2840 2332 Qua
2889 2278 3141 2319 mensura
3192 2265 3365 2320 mensi
3416 2263 3583 2320 iueri-

2012 2358 2107 2422 tis,
2141 2360 2457 2414 remetietur
2489 2368 2545 2415 et
2575 2359 2731 2414 vobis
2766 2359 2831 2412 ⁷⁸.
2858 2377 2877 2410 ι
2911 2357 3232 2414 Sanctorum
3265 2367 3445 2413 autem
3469 2358 3584 2414 hac

2009 2465 2114 2504 vox
2151 2450 2359 2522 εει,ηυί
2415 2464 2524 2518 prae
2580 2449 2780 2520 ingenti
2831 2449 3025 2505 ﬁducia
3078 2447 3258 2503 dicere
3308 2457 3576 2516 possunt:

2015 2560 2035 2592 ι
2066 2542 2326 2597 Retribue
2357 2556 2515 2597 servo
2552 2551 2643 2597 tuo
2672 2542 2740 2596 ⁸ο.
2764 2561 2783 2595 ι
2816 2541 3088 2597 Justitiam
3120 2556 3251 2598 vero
3273 2556 3392 2599 eam
3426 2539 3578 2605 dicit,

2007 2650 2128 2705 qua:
2161 2646 2245 2689 est
2272 2650 2339 2690 ex
2372 2636 2480 2690 [ide
2515 2634 2642 2692 Jesu
2684 2635 2914 2702 Christi,
2965 2652 3087 2707 qua:
3117 2637 3459 2691 manifestata
3496 2644 3584 2692 est

2009 2727 2063 2782 in
2106 2743 2295 2782 onmes
2348 2729 2635 2785 credentes
2670 2747 2683 2782 :
2717 2744 2842 2783 nam
2893 2729 2959 2784 iis
2999 2729 3090 2799 qui
3127 2738 3277 2784 recte
3309 2730 3584 2795 credunt,

2009 2820 2143 2875 ﬁdes
2169 2823 2235 2876 ad
2255 2820 2522 2890 juStitiam
2555 2829 2854 2891 reputatur.

2080 2910 2242 2968 Vens.
2274 2912 2367 2979 ‘26,
2398 2912 2490 2969 27.
2513 2912 2644 2967 Cum
2668 2923 2851 2967 sancto
2876 2922 3086 2968 sanctus
3108 2930 3234 2980 em,
3257 2923 3305 2967 et
3324 2929 3442 2967 cum
3467 2912 3580 2966 viro

2006 3002 2281 3059 innocente
2315 3009 2562 3059 innocens
2592 3006 2726 3070 eris;
2771 3014 2821 3058 et
2854 3021 2972 3059 cum
3010 3005 3171 3060 electo
3217 3006 3413 3060 electus
3447 3005 3577 3071 erit,

2006 3104 2057 3150 et
2097 3112 2210 3150 cum
2251 3112 2489 3164 perverso
2552 3097 2893 3165 perveneris,
2941 3105 3045 3151 etc.
3110 3095 3575 3164 Quemadmodum

335 3183 434 3236 μαι
467 3164 582 3237 (86)
614 3167 844 3241 ἄμωμος
872 3174 989 3243 μετ’
1015 3174 1180 3230 αὐτοῦ
1203 3176 1298 3231 τοῦ
1330 3179 1486 3248 Θεοῦ,
1513 3183 1684 3249 οὕτως
1716 3188 1744 3239 ὁ
1768 3189 1903 3255 Θεὸς

2005 3187 2388 3242 immaculatns
2429 3200 2525 3241 ero
2577 3202 2699 3241 cum
2748 3188 2864 3254 ipso
2911 3187 3052 3255 Deo,
3100 3189 3181 3244 sic
3226 3189 3390 3244 etiam
3432 3190 3576 3245 Deus

334 3257 475 3328 μετὰ
524 3260 670 3314 ὁσίου
722 3264 1107 3336 ὁσιωθήσεται,
1162 3270 1256 3324 καὶ
1304 3271 1442 3341 μετὰ
1499 3273 1673 3329 ἀθὼου
1727 3279 1903 3345 ἀθῶος

331 3346 503 3413 ἔσται,
521 3350 614 3404 καὶ
642 3350 780 3421 μετὰ
806 3354 1061 3409 ὲκλεκτοῦ
1089 3358 1342 3423 ἐκλεκτὸς
1361 3360 1513 3416 ἔσται
1542 3364 1723 3430 αὐτός.
1747 3369 1902 3422 Μετὰ

331 3438 590 3532 στρεϐλοῦ
619 3441 674 3494 δὲ
696 3441 814 3515 οὐχὶ
854 3446 1106 3516 στρεϐλὸς
1131 3448 1282 3503 ἔσται
1311 3451 1451 3520 (οῦδὲ
1496 3453 1605 3525 γὰρ
1636 3455 1899 3532 θεμιτὸν),

328 3528 465 3583 ἀλλὰ
488 3530 850 3604 διαστρέψεις,
877 3535 952 3600 ὡς
987 3538 1126 3608 μετὰ
1152 3540 1371 3612 Φαραώ.

404 3622 514 3676 Τοῦ
553 3624 760 3678 αὑτοῦ.
805 3627 894 3680 Ἐν
945 3628 1042 3698 μὲν
1073 3633 1184 3696 τοῖς
1215 3632 1382 3698 ὁσίοις
1413 3634 1527 3704 (87)
1572 3638 1717 3703 ὅσιός
1749 3644 1899 3695 ἐστιν

325 3713 354 3766 ὀ
379 3712 532 3778 Θεὸς,
567 3714 624 3767 ἐν
655 3714 711 3769 δὲ
740 3721 852 3782 τοῖς
880 3719 1079 3785 ἀθώοις
1093 3722 1286 3790 ἀθῶος,
1315 3726 1373 3780 ὲν
1402 3728 1459 3783 δὲ
1487 3731 1599 3794 τοῖς
1629 3731 1898 3798 ἐκλεκτοῖς

328 3806 604 3874 ἐκλεκτὸς,
644 3810 704 3864 ἐν
750 3809 808 3863 δὲ
846 3814 961 3873 τοῖς
1002 3814 1280 3884 στρεϐλοῖς
1328 3819 1389 3871 οὐ
1441 3822 1715 3892 στρεϐλὸς,
1760 3824 1895 3879 ἀλλὰ

329 3899 827 3971 συστρεϐλούμενος
860 3903 1045 3966 αὐτοῖς
1080 3903 1169 3958 διὰ
1210 3905 1271 3958 τὸ
1319 3907 1582 3981 εὔφημον.
1631 3913 1896 3983 Στρεϐλὸν

324 3988 435 4060 γὰρ
460 3991 549 4044 τὸν
571 3992 701 4046 Θεὸν
723 3996 896 4048 εἰπεῖν
920 3995 1240 4066 ἐφυλάξατο.
1267 3999 1500 4065 Τούτους
1526 4004 1654 4067 τοὺς
1683 4006 1897 4074 στίχους

325 4082 377 4134 οἱ
403 4082 757 4156 ἁπλούστεροι
789 4086 880 4139 ἐπὶ
918 4086 1025 4141 τῶν
1063 4089 1365 4161 ἀνθρώπων
1394 4092 1654 4158 πολλάκις
1685 4095 1896 4167 λαμϐά-

322 4191 524 4230 νουσιν.
556 4175 711 4231 Οῦτω
738 4177 793 4230 δὲ
816 4180 1231 4251 συστρεϐλοῦται
1255 4181 1405 4247 Θεὸς,
1422 4184 1497 4248 ὡς
1525 4186 1582 4239 ἐν
1602 4185 1681 4257 τῷ
1706 4189 1897 4241 Δεύτε-

324 4268 559 4339 ρονομίῳ
590 4268 769 4338 λέγει’
827 4290 844 4321 ι
879 4271 1004 4325 Ἐὰν
1042 4273 1420 4345 είσελεύσησθε
1466 4277 1602 4348 πρὸς
1638 4279 1705 4349 μὲ
1756 4280 1894 4334 πλά-

319 4372 448 4425 γιοι,
472 4357 1018 4428 εἰσελεύσομαικάγὼ
1042 4363 1177 4433 πρὸς
1195 4364 1338 4434 ὑμᾶς
1366 4365 1424 4418 ἐν
1443 4365 1596 4437 θυμῷ
1623 4369 1886 4442 πλαγίῳ.»

395 4448 505 4503 Τοῦ
533 4450 740 4503 αὑτοῦ.
763 4450 907 4522 Πρὸς
936 4452 1037 4517 τὰς
1059 4453 1280 4526 γνώμας
1311 4457 1419 4528 (88)
1455 4459 1561 4512 τῶν
1590 4460 1890 4534 ἀνθρώπων

317 4542 611 4613 ἁρμόττεις
641 4544 738 4609 τὰς
764 4546 1078 4625 ἀντιδόσεις,
1112 4544 1157 4603 ὧ
1182 4551 1445 4605 Δέσποτα.
1479 4554 1748 4626 Παρέχεις
1778 4558 1888 4631 γὰρ

317 4637 433 4698 τοῖς
465 4636 632 4699 ὁσίοις
664 4637 733 4690 τὰ
760 4640 1035 4712 ὁσιότητος
1079 4641 1225 4707 ἄξια,
1273 4647 1386 4707 τοῖς
1433 4645 1744 4713 ἀνευθύνοις
1791 4654 1886 4706 καὶ

317 4725 550 4789 δικαίοις
579 4727 647 4780 τὰ
670 4729 973 4802 πρόσφορα,
1002 4732 1097 4784 καὶ
1118 4736 1230 4797 τοῖς
1250 4734 1523 4800 ἐκλεκτοῖς
1546 4737 1639 4789 καὶ
1663 4740 1888 4807 τελείοις

318 4815 389 4868 τὰ
417 4815 627 4871 τέλειαο
661 4820 773 4881 τοῖς
808 4819 865 4872 δὲ
910 4822 1228 4892 ἐκτραπεῖσι
1272 4826 1365 4879 καὶ
1401 4825 1499 4899 τὴν
1544 4829 1791 4884 ἐναντίαν
1829 4835 1885 4887 ὁ·

2003 3294 2126 3335 cum
2174 3291 2364 3334 sancto
2400 3275 2868 3344 sanetilicabitur,
2916 3290 2971 3333 et
3016 3294 3137 3333 cum
3172 3281 3464 3335 innocente
3487 3279 3573 3334 in-

2002 3385 2203 3425 nocens
2256 3371 2381 3434 erit,
2430 3379 2485 3425 et
2538 3385 2660 3425 cum
2712 3368 2886 3425 electo
2931 3371 3157 3427 electus.
3205 3371 3402 3429 Verum
3448 3388 3577 3432 cum

2004 3476 2265 3531 perverso
2300 3477 2639 3531 nequaquam
2670 3477 2959 3531 perversus
3008 3465 3111 3519 erit
3146 3464 3274 3533 (hoc
3298 3466 3441 3522 enim
3473 3481 3574 3523 no-

2004 3549 2130 3621 tas),
2160 3552 2252 3605 sed
2282 3554 2633 3622 perverteris,
2660 3561 2859 3609 utcum
2894 3554 3196 3612 Pharaone.

2072 3641 2349 3715 Ejusdem.
2403 3644 2459 3698 lu
2490 3647 2694 3700 sanctis
2725 3655 2946 3701 sanctus
2984 3658 3067 3703 est
3104 3648 3270 3715 Deus,
3321 3648 3375 3705 in
3411 3652 3570 3709 inno-

2000 3737 2254 3792 centibus
2304 3738 2564 3792 innocens
2586 3776 2602 3803 ,
2637 3738 2688 3792 in
2731 3739 2917 3792 electis
2947 3740 3178 3804 electus,
3214 3741 3266 3794 in
3299 3746 3570 3811 perversis

2000 3846 2107 3884 non
2139 3844 2451 3898 perversus,
2483 3832 2576 3884 sed
2605 3831 2767 3884 simul
2791 3842 3052 3895 mutatus,
3074 3833 3235 3901 idque
3251 3837 3570 3893 reverentia:

1998 3936 2162 3976 causa
2194 3922 2414 3975 dicitur.
2448 3921 2773 3977 Perversum
2800 3924 2966 3995 610
3011 3927 3155 3981 enim
3196 3926 3362 3984 Deum
3397 3943 3467 3983 ne
3491 3930 3573 3984 di-

1998 4024 2167 4080 ceret,
2206 4015 2370 4070 cavit.
2417 4013 2524 4069 Hos
2560 4029 2749 4070 versus
2808 4018 3169 4087 simpliciores
3226 4020 3294 4075 de
3330 4021 3576 4077 homini-

1997 4105 2096 4161 bus
2125 4122 2268 4175 swpe
2304 4107 2596 4175 accipiunt.
2624 4108 2763 4163 Deus
2792 4118 2971 4163 autem
2996 4112 3354 4179 convertitur,
3379 4129 3567 4184 quem-

1995 4200 2285 4255 admodum
2322 4201 2374 4254 in
2408 4200 2827 4258 Deuteronomio
2868 4204 3000 4258 dicit
3033 4204 3078 4236 ⁸¹
3114 4222 3129 4259 :
3165 4223 3186 4259 ι
3222 4204 3281 4262 Si
3330 4207 3565 4280 ingressi

1996 4292 2210 4348 fueritis
2241 4294 2308 4348 ad
2341 4310 2429 4350 me
2461 4295 2725 4364 perversi,
2755 4297 3030 4369 ingrediar
3062 4310 3118 4355 et
3147 4314 3249 4372 ego
3277 4301 3344 4356 ad
3379 4316 3476 4358 vos
3506 4302 3563 4359 in

1995 4390 2076 4440 ira
2115 4400 2391 4455 perversa.
2427 4405 2446 4438 ›

2067 4477 2338 4549 Ejusdem.
2372 4479 2479 4533 Pro
2506 4478 2702 4535 mentis
2724 4480 2918 4536 all'ectu
2951 4479 3262 4540 nominibus
3294 4499 3442 4541 vrces
3472 4500 3566 4543 re-

1995 4573 2206 4640 pendis,
2241 4587 2273 4627 o
2309 4572 2552 4629 Domine.
2589 4573 2724 4628 Nam
2777 4576 2984 4631 sanctis
3028 4591 3150 4647 qua:
3208 4579 3562 4636 sanctitatem

1994 4665 2207 4728 decent,
2240 4667 2621 4722 innocentibus
2651 4676 2705 4723 et
2729 4667 2890 4739 justis
2917 4671 3332 4739 convenientia,
3372 4672 3565 4731 electis

1993 4765 2046 4810 ct
2104 4757 2360 4827 perfectis
2398 4756 2636 4825 perfecta
2675 4758 2908 4825 tribuis;
2945 4759 3010 4814 iis
3039 4770 3224 4817 autem
3258 4764 3350 4834 qui
3386 4764 3560 4820 decli-

1992 4859 2122 4902 nant
2151 4864 2180 4903 a
2213 4848 2295 4902 via
2321 4887 2337 4914 ,
2381 4860 2436 4904 et
2472 4853 2809 4907 contrarium
2876 4853 2978 4908 iter
3041 4856 3363 4924 ambulant,
3426 4875 3559 4916 eon-

316 4907 532 4962 δεύουσι
594 4910 922 4981 κατάλληλον
974 4917 1408 4986 παρασκευάζεις
1467 4919 1568 4991 τῆς
1645 4922 1764 4976 ὁδοῦ
1824 4925 1885 4979 τὸ

2005 4956 2182 5006 gruum
2214 4943 2340 4996 vita:
2376 4944 2537 5000 ﬁnem
2569 4947 2969 5003 accommodas.
3010 4946 3116 5004 Sed
3148 4965 3253 5019 qua
3293 4951 3561 5010 ratione?

317 5009 485 5074 τέλος.
518 5010 628 5066 Καὶ
677 5011 798 5067 τίνα
839 5013 1071 5086 τρόπον;
1115 5035 1134 5069 ι
1179 5015 1298 5071 Ὅτι
1344 5017 1411 5071 σὺ
1460 5016 1587 5072 λαὸν
1632 5018 1884 5072 ταπεινὸν

318 5117 532 5164 σωσεις.
565 5120 585 5153 ›

384 5235 432 5265 ⁷⁸
469 5233 661 5309 Matth.
691 5237 860 5303 “33.
950 5241 996 5272 '"
1025 5238 1184 5296 Joan.
1209 5257 1320 5309 xiv,
1344 5241 1398 5296 6.

315 5319 464 5369 xxvn,
504 5305 687 5371 27,28.

384 5444 497 5516 (85)
526 5446 714 5516 Χωρὶς
743 5447 912 5513 Θεοῦ,
936 5458 1045 5507 etc.
1074 5450 1254 5507 Codex
1272 5424 1409 5507 hoc.
1434 5450 1726 5509 Corderius
1751 5468 1880 5512 vero

313 5525 569 5582 tanquam
603 5518 795 5572 incerti
826 5519 1008 5575 habet.

310 5585 495 5710 ba(82:)
530 5588 793 5658 Ἀμωμός
823 5589 1016 5659 ἐστιν,
1064 5600 1172 5646 etc.
1230 5590 1456 5648 Scheda:
1504 5590 1714 5662 Grabii,
1745 5593 1876 5651 Bar-

384 5673 443 5709 rn
479 5697 495 5712 .

381 5726 495 5797 (85)
537 5727 640 5783 Ἐν
663 5728 710 5793 ᾧ
729 5728 939 5797 μέτρῳ,
965 5740 1071 5787 etc.
1100 5729 1323 5788 Schedm
1351 5731 1556 5801 Grabii,
1577 5733 1870 5793 Barbarus.

1508 5242 1555 5275 ’⁸
1577 5243 1664 5297 Ps.
1687 5257 1818 5310 xv",
1844 5243 1933 5300 5i.

1991 5050 2010 5083 ι
2045 5032 2309 5100 Quoniam
2343 5046 2401 5091 tu
2433 5037 2686 5107 [repulum
2723 5040 2980 5097 humilem
3021 5043 3228 5102 salvum
3256 5043 3449 5103 facies.
3480 5065 3500 5099 ι

2047 5246 2308 5305 "Matth.
2350 5266 2444 5313 vn,
2488 5250 2542 5306 2.
2654 5252 2700 5284 ⁸ο
2731 5252 2819 5308 Ps.
2868 5268 3057 5323 cxvut,
3108 5254 3195 5310 l7.
3307 5253 3550 5314 “Levii.

2080 5460 2170 5534 86)
2208 5461 2310 5534 Ὡς
2337 5463 2570 5534 ἔσομαι,
2601 5473 2708 5519 etc.
2737 5465 3054 5523 Corderius.

2080 5460 2148 5516 86
2211 5461 2310 5529 Ὡς
2337 5463 2570 5534 ἔσομαι,
2601 5473 2708 5519 etc.
2737 5465 3054 5523 Corderius.

2055 5460 2170 5602 (87)
2204 5532 2309 5588 Ἐν
2327 5533 2591 5604 μὲν-τοῖς
2626 5535 2838 5602 ὁσίοις,
2886 5548 2992 5595 etc.
3033 5538 3215 5596 Codex
3258 5536 3550 5599 Cbislinia-

1983 5616 2083 5656 nus
2116 5603 2201 5658 it).

2051 5671 2161 5744 (88)
2194 5675 2351 5743 Πρὸς
2378 5677 2482 5742 τὰς
2510 5673 2763 5746 γνώμας,
2798 5685 2902 5734 etc.
2943 5677 3169 5738 Schedae
3195 5680 3404 5741 Grabii.
