4020 6152
546 214 687 271 1255
1907 221 1999 276 EX
2033 222 2120 279 ΟΒ

2218 221 2336 278 ΞΝΕ
3632 216 3750 274 ιω

621 339 784 395 Vens.
803 339 895 396 29.
917 341 1177 405 Quoniam
1196 350 1253 397 tu
1276 343 1601 398 illuminabis
1629 344 1894 399 lucernam
1923 362 2113 411 meam,
2141 353 2190 411 Α

547 430 791 495 Domine,
827 431 969 486 Deus
995 450 1159 500 meus,
1199 434 1524 489 illuminabis
1550 437 1788 490 tenebras
1820 454 1983 501 meas,
2004 447 2111 493 etc.

544 518 793 576 Lucerna
832 525 1077 591 corporis
1100 533 1184 579 est
1221 525 1432 582 oculus.
1465 525 1619 581 Hunc
1653 526 1982 582 illuminabit
2010 528 2114 582 Do-

547 614 748 668 minus.
780 612 1052 669 Habemus
1092 616 1379 673 nonnullas
1410 618 1576 672 etiam
1610 619 1664 672 in
1699 618 1935 672 humana
1966 630 2114 673 stru-

2290 349 2416 402 Ὅτι
2461 346 2542 402 σὺ
2586 344 2820 416 φωτιεῖς
2854 345 3088 415 λύχνον
3124 358 3262 413 μου,
3312 339 3516 407 Κύριε,
3559 338 3591 392 ό
3630 340 3751 401 Θεό(

2207 455 2350 508 μου,
2377 434 2607 506 φωτιεῒς
2623 433 2686 487 τὸ
2719 432 2938 498 σκότος
2955 449 3095 500 μου,
3131 447 3187 483 κ.
3220 447 3270 484 τ.
3311 428 3361 481 ὲ.
3396 428 3455 480 '0
3476 424 3656 495 λύχνος
3676 424 3751 477 τοῦ

2213 527 2464 600 σώματός
2512 528 2660 580 ἐστιν
2714 522 2828 596 (89)
2868 526 2897 577 6
2941 521 3238 592 ὀφθαλμός.
3286 519 3493 573 Τοῦτον
3529 519 3752 587 φωτιεῖὸ

2210 620 2436 691 Κύριος.
2479 618 2715 687 Ἐχομεν
2739 614 2796 667 δέ
2829 630 2882 666 τι
2915 613 3009 666 καὶ
3044 613 3102 665 ὲν
3142 614 3208 681 τῇ
3242 608 3563 681 ἀνθρωπίνῃ
3612 624 3754 659 κατα-

545 712 701 757 ctura
737 703 1007 760 tenebras.
1052 705 1162 762 Has
1194 707 1359 779 igitur
1391 724 1513 779 quae
1544 710 1597 764 in
1624 708 1780 777 justo
1810 719 1959 778 sunt,
1990 711 2114 766 illu-

2218 713 2380 781 σκευῇ
2421 709 2642 772 σκότος·
2697 706 2853 760 τοῦτο
2897 699 2989 757 οὖν
3024 703 3118 757 τοῦ
3151 702 3363 755 δικαίου
3399 699 3588 767 φωτιεῖ
3612 697 3639 749 ὁ
3665 695 3757 749 Κύ-

545 795 780 850 minahit
814 796 1095 857 Dominus.
1142 800 1239 857 Vel
1284 801 1502 856 lucerna
1550 802 1767 869 animae,
1801 817 1952 858 mens
1982 811 2066 857 est
2091 843 2107 868 ,

2218 820 2350 877 ριος.
2392 804 2461 855 Ἢ
2490 800 2680 871 λύχνος
2708 797 2885 867 ψυχῆς
2903 795 3089 861 ὁνοῦς,
3115 795 3190 859 ὡς
3215 795 3276 865 δὴ
3314 791 3497 861 φωτὸς
3524 789 3753 850 δεκτικὰ.

545 888 744 959 quippe
788 905 908 960 quae
952 892 1130 948 lumen
1189 894 1429 965 recipere
1458 905 1641 964 queat.
1681 894 1943 950 Tenebrae
1981 910 2110 951 vero

2218 894 2414 957 Σκότος
2445 892 2502 946 δὲ
2527 891 2730 961 ταύτης
2773 889 2831 941 τό
2862 904 2924 940 τε
2951 887 3179 957 θυμικὸν
3221 886 3318 938 καὶ
3363 879 3754 952 ἐπιθυμητικὸν,

545 981 744 1037 animae
778 993 904 1038 sunt
938 983 1219 1041 iracundia
1248 996 1302 1041 et
1333 988 1772 1057 concupiscentia
1792 1027 1808 1054 ,
1834 1004 1954 1059 qua:
1984 988 2109 1043 illu-

546 1074 825 1131 minantur
855 1078 924 1133 ab
960 1093 1027 1134 eo
1057 1080 1148 1148 qui
1195 1079 1433 1133 divinum
1481 1080 1820 1150 splendorem
1852 1083 2108 1152 suscepit.

2218 1076 2412 1146 αὐγάς.
2444 1076 2597 1145 Τάχα
2637 1072 2695 1128 δὲ
2739 1073 2830 1126 καὶ
2857 1072 2906 1125 oi
2952 1068 3426 1141 περιλαμφθέντες
3469 1067 3534 1135 τῇ
3566 1062 3757 1135 ἀληθεία

547 1164 711 1221 Forte
742 1166 908 1222 etiam
944 1169 1037 1238 qui
1076 1171 1326 1225 veritatis
1370 1171 1575 1229 lumine
1618 1187 1648 1227 a
1702 1172 1814 1230 Deo
1856 1173 2109 1228 illustrati

2218 1169 2321 1222 ὑπὸ
2349 1167 2553 1239 Κυρίου
2582 1164 2772 1236 λύχνον
2800 1163 3011 1235 ἔχουσιν
3051 1159 3389 1231 ἀνημμένον,
3428 1157 3529 1220 τὰς
3564 1155 3618 1208 δὲ
3646 1155 3760 1226 πρά-

548 1255 776 1323 fuerint,
815 1259 850 1313 ii
898 1259 1173 1315 lucernam
1203 1262 1406 1317 habent
1439 1277 1756 1332 accensam,
1791 1275 1845 1319 et
1871 1265 2112 1320 actiones

2218 1259 2329 1327 ξεις
2378 1256 2499 1311 καθ’
2531 1255 2723 1328 ὄρθρον
2773 1255 2999 1324 ἄγοντες
3041 1251 3205 1322 λόγῳ,
3259 1252 3326 1303 ὲκ
3385 1248 3481 1303 τοῦ
3537 1247 3623 1301 τὸν
3655 1245 3758 1301 νοῦν

556 1361 683 1402 suas
704 1348 771 1403 ad
798 1348 1091 1405 diluculum
1129 1352 1338 1409 ratione
1371 1353 1721 1418 adducentes,
1763 1354 1927 1407 etiam
1963 1363 2114 1408 tene-

2219 1348 2578 1419 πεφωτίσθαι,
2610 1348 2703 1400 καὶ
2742 1345 2931 1409 σκότος
2960 1342 3139 1398 αὐτῶν
3172 1340 3357 1412 έχουσι
3399 1337 3753 1409 φωτιζόμενον.

548 1436 679 1496 bras
709 1454 836 1495 suas
882 1441 1211 1498 illuminatas
1257 1443 1480 1507 habent,
1522 1457 1587 1497 eo
1619 1444 1760 1513 quod
1800 1460 1951 1500 mens
1980 1443 2277 1498 illuminata
2307 1440 2490 1496 fuerit.

627 1531 787 1589 Vsus.
818 1532 908 1588 '50.
942 1534 1204 1601 Quoniam
1237 1537 1293 1591 in
1323 1547 1373 1592 te
1408 1538 1606 1607 eripiar
1643 1554 1675 1591 a
1722 1539 2027 1602 teutatiane,
2066 1546 2114 1591 et

2292 1536 2420 1588 Ὅτι
2450 1533 2520 1587 ἐν
2552 1532 2648 1587 σοὶ
2675 1529 3059 1599 ρυσθὴσομαι
3098 1524 3217 1581 ἀπὸ
3250 1522 3651 1592 πειρατηρίων,
3680 1519 3759 1573 καί

548 1625 607 1681 in
633 1624 740 1681 Deo
772 1643 882 1681 meo
912 1629 1272 1699 transgrediar
1304 1646 1536 1696 murum,
1566 1642 1672 1687 etc.
1706 1632 1975 1696 Tentatio,
2002 1631 2114 1702 opi-

2218 1628 2284 1681 έν
2330 1627 2411 1693 τῷ
2464 1624 2585 1690 Θεῷ
2624 1642 2739 1693 μου
2789 1622 3199 1691 ὑπερϐήσομαι
3254 1617 3480 1686 τεῖχος,
3526 1632 3580 1668 κ.
3623 1631 3669 1666 τ.
3718 1612 3756 1665 έ.

549 1732 671 1785 nor,
703 1721 950 1790 quaedam
992 1732 1075 1775 est
1122 1723 1229 1778 vita
1285 1723 1339 1777 in
1382 1722 1506 1778 Joh.
1545 1724 1585 1777 A
1639 1725 2115 1781 circumstantibus

2218 1721 2386 1791 Πεῖρά
2416 1736 2520 1783 τις,
2548 1714 2703 1787 οἶμαι
2729 1715 2867 1787 (90),
2902 1718 2930 1768 6
2971 1714 3083 1785 βίος
3127 1713 3186 1766 ἐν
3221 1711 3299 1782 τῷ
3337 1708 3487 1765 Ἰὼϐ.
3526 1706 3761 1777 Περιστά-

551 1816 732 1864 autem
784 1811 1239 1871 amaritudinibus
1266 1828 1373 1869 non
1407 1815 1669 1870 liberatur
1703 1816 1806 1870 nisi
1833 1816 1923 1886 qui
1951 1816 2117 1871 fuerit

2218 1830 2353 1876 σεως
2385 1812 2441 1865 δὲ
2478 1811 2577 1863 οὐκ
2612 1809 2690 1864 ἔνι
2732 1807 2993 1880 ρυσθῆναι
3027 1803 3238 1877 πικρῶν
3266 1804 3301 1874 ἢ
3332 1803 3428 1856 τὸν
3466 1801 3524 1854 ἐν
3551 1797 3661 1868 Θεῷ
3687 1813 3762 1867 τεο

2215 985 2251 1040 ἃ.
2294 985 2358 1056 δὴ
2414 980 2704 1053 φωτίζεται
2745 979 2849 1033 ὑπὸ
2897 978 2989 1031 τοῦ
3033 976 3124 1032 νοῦ
3165 975 3468 1046 δεξαμένου
3510 973 3606 1035 τὶς
3632 970 3758 1034 θείας
3802 1002 3807 1005 -

552 1898 607 1954 in
639 1899 767 1955 Deo.
796 1900 852 1955 In
885 1901 996 1957 Deo
1032 1905 1079 1959 is
1102 1913 1184 1959 est
1212 1905 1305 1974 qui
1334 1905 1451 1976 ejus
1473 1916 1554 1960 est
1585 1907 1890 1977 particeps,
1926 1923 2118 1978 quem-

552 1991 845 2046 admodum
895 2002 949 2047 et
1000 1992 1069 2048 ab
1114 1996 1438 2065 ignorantiis
1494 1997 1764 2051 liberatur
1810 2000 1901 2066 qui
1942 1999 2117 2053 scien-

554 2083 690 2137 tiam
726 2083 952 2154 adeptus
992 2097 1109 2153 est;
1138 2088 1231 2157 qui
1263 2088 1478 2157 quidem
1524 2089 1578 2144 in
1621 2088 1976 2145 tentationem
2007 2105 2112 2144 non

554 2177 886 2247 ingreditur,
920 2193 1025 2233 non
1056 2181 1198 2248 quod
1235 2196 1341 2234 non
1389 2189 1649 2244 tentetur,
1682 2181 1776 2235 sed
1813 2181 1952 2250 quod
1997 2191 2114 2235 ten-

553 2268 773 2323 tationis
796 2268 1009 2339 laqueis
1040 2284 1144 2325 non
1173 2272 1439 2339 capiatur.
1482 2269 1904 2340 Transgreditur
1933 2270 2117 2340 itaque

549 2356 639 2413 hic
668 2373 879 2414 murum
924 2362 1134 2426 peccati
1167 2363 1306 2429 quod
1337 2376 1367 2414 a
1394 2369 1547 2430 tergo
1581 2362 1857 2432 relinquit.

621 2447 785 2506 Vnus.
813 2450 903 2505 51.
946 2452 1082 2506 Deus
1110 2468 1277 2520 meus,
1306 2453 1587 2520 impolluta
1620 2454 1703 2508 via
1737 2470 1850 2521 etus
1867 2472 1887 2519 ;
1907 2454 2115 2525 eloquia

513 2530 766 2596 °Domini
792 2544 910 2612 igne
937 2546 1266 2609 examinata,
1305 2556 1571 2614 protector
1607 2557 1684 2601 est
1732 2550 1962 2602 omnium
2000 2565 2116 2616 spe-

552 2635 785 2686 rantium
824 2635 879 2687 in
924 2652 999 2701 se,
1035 2645 1138 2689 etc.
1175 2633 1272 2688 Via
1305 2636 1580 2706 impolluta
1622 2638 1872 2695 Christus
1901 2649 1987 2694 est
2025 2642 2113 2709 qui

550 2723 690 2778 dixit
713 2724 807 2779 3':
846 2744 867 2779 ι
902 2725 1014 2796 Ego
1045 2742 1162 2782 sum
1201 2728 1307 2783 via.
1334 2746 1353 2781 ι
1406 2728 1676 2795 Quoniam
1725 2746 1858 2786 vero
1903 2732 2115 2803 eloquia

551 2813 763 2870 Domini
792 2817 911 2888 igne
943 2827 1070 2873 sunt
1104 2820 1451 2885 examinata»
1480 2821 1573 2891 qui
1603 2821 1716 2891 ipsa
1745 2824 1992 2891 audiunt,
2028 2825 2112 2878 di-

2214 1903 2427 1973 γονότα.
2464 1901 2672 1954 Γίνεται
2724 1899 2782 1952 δέ
2822 1916 2906 1962 τις
2933 1898 2991 1950 ὲν
3023 1896 3161 1968 Θεῷ,
3214 1894 3465 1966 μετέχων
3497 1889 3671 1954 αὐτοῦ,
3700 1889 3762 1950 ὡς

2214 1995 2310 2049 καὶ
2343 1992 2449 2047 τῶν
2479 1989 2835 2062 ἀγνοημάτων
2876 1987 3063 2060 ῥύεταί
3094 2003 3179 2049 τις
3224 1987 3281 2038 ὲν
3318 1983 3599 2054 ἐπιστήμῃ
3634 1976 3762 2048 γενό-

2219 2103 2397 2158 μενος,
2424 2086 2572 2148 ὅστις
2600 2085 2679 2146 εἰς
2710 2080 3014 2153 πειρασμὸν
3036 2080 3137 2133 οὐκ
3163 2078 3501 2149 εἰσέρχεται,
3527 2074 3586 2127 οὐ
3605 2072 3674 2143 τῷ
3699 2070 3761 2142 μὴ

2216 2177 2598 2250 πειρασθῆναι,
2652 2172 2789 2228 ἀλλὰ
2821 2172 2897 2243 τῷ
2934 2173 3008 2244 μὴ
3056 2170 3256 2225 ἁλῶναι
3290 2171 3419 2232 ταῖς
3462 2165 3647 2229 παγίσι
3682 2161 3758 2216 τοῦ

2215 2266 2545 2340 πειρασμοῦ,
2599 2265 2943 2337 ’Υπερΰαίνει
2993 2259 3085 2317 οὖν
3138 2257 3291 2325 οὗτος
3338 2259 3404 2314 τὸ
3462 2260 3632 2329 τεῖχος
3678 2255 3760 2325 τῆς

2217 2361 2509 2432 ἁμαρτίας,
2537 2358 2712 2412 ὀπίσω
2738 2357 2941 2420 ταύτας
2983 2355 3321 2425 ποιούμενος.

2294 2452 2358 2504 '0
2392 2450 2534 2516 Θεός
2557 2468 2698 2519 μου,
2726 2448 2960 2518 ἄμωμος
2989 2448 3027 2514 ἡ
3062 2446 3201 2511 ὁδὸς
3251 2444 3469 2513 αὐτοῦ,
3509 2443 3578 2496 τὰ
3610 2443 3759 2509 ,λόγια

2213 2543 2430 2612 Κυρίου
2461 2538 2874 2609 πεπυρωμένα,
2902 2534 3364 2606 ὑπερασπιστὴς
3385 2536 3517 2589 ἐστι
3548 2529 3759 2586 πάντων

2213 2635 2332 2690 τῶν
2361 2633 2720 2695 ἐλπιζόντων
2755 2631 2847 2684 ἐπ’
2883 2629 3087 2694 αὐτὸν,
3118 2647 3170 2683 κ.
3203 2646 3253 2681 τ.
3286 2628 3336 2681 έ,
3375 2629 3630 2697 'Auwpo;
3659 2621 3759 2683 ὁδὸς

2217 2727 2323 2799 (9i)
2354 2729 2381 2781 6
2419 2725 2646 2799 Χριστός
2675 2728 2819 2778 ἐστιν
2847 2725 2875 2776 6
2898 2721 3067 2776 εἰπών
3087 2738 3101 2751 ⁸
3141 2740 3160 2772 ι
3199 2720 3344 2788 Ἐγώ
3377 2720 3494 2789 είμι
3520 2718 3551 2788 ἡ
3579 2715 3700 2778 όδός.
3734 2730 3752 2763 ι

2228 2817 2380 2870 Ἐπεὶ
2423 2816 2477 2869 δὲ
2532 2816 2599 2869 τὰ
2654 2815 2808 2883 λόγια
2858 2814 3063 2885 Κυρίου
3108 2810 3487 2882 πεπυρωμένα
3526 2807 3678 2867 ἐστὶν,
3713 2803 3756 2856 οἱ

549 2915 681 2962 cunt
713 2908 796 2962 "z
830 2928 849 2960 ‹
882 2908 1072 2965 Nonne
1112 2926 1207 2965 eor
1260 2921 1503 2967 nostrum
1539 2915 1738 2969 ardens
1776 2925 1894 2970 erat
1927 2916 1979 2970 in
2021 2934 2114 2970 no-

2218 2906 2504 2969 ἀκούοντες
2544 2904 2720 2960 αὐτῶν
2750 2905 2998 2973 λέγουσιν
3019 2920 3033 2934 ·
3068 2923 3087 2955 ι
3124 2901 3260 2972 Οὐχὶ
3308 2903 3343 2972 ἡ
3399 2897 3589 2971 καρδία
3619 2894 3753 2966 ἡμῶν

551 2999 684 3054 bis?
717 3019 736 3052 ι
781 3000 920 3066 Quin
950 3011 1005 3056 et
1036 3020 1054 3053 ι
1076 3002 1267 3070 spiritu
1292 3002 1565 3059 ferventes
1601 3023 1620 3057 ι
1658 3014 1784 3060 sunt
1807 3005 1872 3072 ⁸⁸,
1902 3018 1955 3062 et
1978 3007 2113 3062 alie-

552 3106 681 3145 num
718 3107 747 3145 a
783 3094 892 3146 Deo
924 3091 1103 3161 ignem
1149 3109 1255 3148 non
1303 3096 1617 3162 admittunt,
1661 3098 1750 3165 qui
1798 3098 1852 3152 in
1903 3100 2116 3170 sagittis

552 3183 774 3253 maligni
809 3193 907 3239 est.
944 3183 1051 3239 Sed
1081 3185 1341 3240 Dominus
1373 3187 1462 3255 qui
1503 3186 1640 3242 dixit
1679 3205 1692 3240 :
1726 3187 1948 3259 (Ignem
1993 3191 2114 3243 veni

553 3279 773 3329 mittere
819 3274 870 3327 in
920 3284 1138 3339 terram,
1175 3293 1194 3325 ι
1229 3276 1441 3346 eloquia
1480 3278 1671 3333 habuit
1709 3280 1873 3349 ignita
1905 3296 1919 3333 :
1948 3295 2119 3349 quare

558 3365 635 3420 ait
659 3364 705 3397 ⁸³
738 3382 751 3417 :
789 3384 807 3415 ι
838 3365 903 3418 Et
940 3366 1068 3433 quid
1107 3366 1228 3421 volo
1264 3369 1366 3422 nisi
1404 3376 1463 3421 ut
1504 3370 1865 3423 accendatur?
1903 3390 1921 3422 ι
1957 3370 2118 3426 Forte

553 3456 717 3508 etiam
759 3455 810 3508 in
853 3453 1060 3524 Spiritu
1100 3465 1289 3509 sancto
1317 3465 1371 3510 et
1398 3458 1523 3526 igne
1547 3458 1785 3530 baptizat
1813 3459 1991 3527 Jesus,
2022 3461 2117 3515 sed

554 3547 695 3615 ignis
726 3546 832 3601 ttrit
861 3546 1028 3615 ligna,
1061 3546 1290 3611 faenum,
1315 3549 1589 3618 stipulam.

627 3635 791 3693 Vsus.
818 3638 910 3705 5'2,
945 3639 1034 3703 55,
1062 3638 1151 3693 54.
1174 3638 1436 3702 Quoniam
1469 3643 1583 3711 quis
1620 3641 1759 3696 Deus
1791 3634 2121 3710 prwter'Do-

556 3731 796 3783 mittunt?
828 3740 920 3783 aut
949 3733 1066 3801 quis
1097 3730 1237 3785 Deus
1263 3742 1454 3798 prwter
1482 3732 1649 3787 Deum
1679 3738 1954 3790 nostrum?
1982 3735 2119 3789 Deus

554 3823 646 3891 qui
693 3826 963 3891 praecinxit
1003 3841 1083 3878 me
1134 3826 1360 3889 virtute,
1414 3836 1462 3879 et
1503 3828 1676 3893 posuit
1722 3827 2118 3883 immaculatum

553 3913 714 3984 611
740 3914 875 3966 viam
915 3930 1082 3967 meum
1106 3931 1126 3981 ;
1156 3916 1245 3984 qui
1271 3916 1482 3984 perfecit
1511 3917 1661 3984 pedes
1694 3932 1833 3970 meos
1870 3926 2119 3984 tanquam

555 4022 852 4069 cervorum,
884 4015 933 4059 et
961 4022 1116 4075 super
1144 4008 1351 4061 excelsa
1378 4016 1614 4062 statuens
1648 4025 1746 4071 me,
1779 4017 1886 4063 etc.
1913 4007 2120 4063 Secun-

557 4101 683 4152 dum
731 4098 832 4151 boc
872 4095 1235 4167 signiﬁcatum
1256 4137 1271 4162 ,
1319 4098 1469 4152 solus
1503 4114 1664 4153 verus
1694 4098 1842 4152 Deus
1865 4107 1948 4153 est
1980 4099 2119 4152 Deus

555 4186 740 4251 Pater,
784 4187 888 4241 nisi
935 4186 1244 4251 relativum,
1284 4206 1302 4239 ι
1333 4191 1489 4257 quis,
1530 4207 1548 4241 ι
1584 4189 1726 4259 quod
1759 4204 1899 4258 saepe
1926 4189 2120 4242 rarita-

2217 2997 2480 3068 καιομένη
2511 2991 2578 3067 ἦν
2601 2997 2657 3049 ὲν
2678 2997 2847 3066 ἠμῖν;
2891 3013 2909 3044 ι
2948 2993 3058 3048 Καὶ
3087 3012 3107 3045 ι
3136 2992 3411 3063 πνεύματι
3443 2991 3499 3044 δὲ
3529 2989 3710 3055 ζέουσι,
3733 3002 3749 3035 ι

2218 3090 2313 3144 καὶ
2375 3088 2650 3158 ἀλλότριον
2689 3086 2823 3139 Θεοῦ
2884 3086 2946 3139 οὑ
3003 3085 3401 3156 παραδέχονται
3445 3082 3586 3153 πῦρ,
3637 3079 3753 3146 ὅπερ

2218 3180 2365 3234 ἐστὶν
2413 3179 2473 3231 ὲν
2520 3180 2632 3240 τοῖς
2673 3176 2849 3248 βέλεσι
2892 3173 2984 3229 τοῦ
3022 3174 3278 3246 πονηροῦ.
3321 3174 3467 3228 Ἀλλ’
3510 3175 3539 3226 ὁ
3575 3167 3751 3223 εἰπών·

2224 3290 2243 3323 ι
2278 3268 2396 3338 Πῦρ
2426 3265 2589 3340 ἦλθον
2619 3267 2799 3338 βαλεῖν
2819 3268 2911 3320 ἐπὶ
2931 3267 3027 3338 τὴν
3052 3267 3174 3338 γῆν,
3215 3285 3232 3318 ι
3272 3263 3635 3338 πεπυρωμένα
3660 3257 3753 3328 εἶχε

2216 3362 2409 3432 λόγια·
2446 3361 2526 3415 διό
2556 3376 2720 3431 φησι’
2764 3379 2782 3413 ι
2822 3360 2932 3412 Καὶ
2969 3360 3022 3411 τί
3065 3359 3201 3412 θέλω
3249 3359 3298 3411 εί
3338 3358 3443 3429 ἤδη
3475 3352 3700 3424 avt-cson;
3732 3366 3749 3398 ι

2218 3455 2370 3525 Τάχα
2400 3453 2456 3507 δὲ
2486 3454 2542 3506 ὲν
2562 3451 2838 3523 Πνεύματι
2856 3450 2992 3521 ἁγίῳ
3014 3451 3105 3504 καὶ
3122 3450 3254 3521 πυρὶ
3272 3449 3523 3520 βαπτίζει
3553 3439 3750 3514 Ἰησοῦς,

2219 3545 2355 3602 ἀλλὰ
2388 3546 2449 3598 τὸ
2473 3545 2584 3618 πῦρ
2609 3545 2893 3599 κατακαίει
2926 3542 3075 3607 ξύλα,
3100 3542 3308 3613 χόρτον,
3332 3541 3599 3610 καλάμην.

2293 3640 2422 3694 Ὅτι
2447 3640 2536 3706 τίς
2568 3638 2706 3703 Θεὸς
2747 3636 2911 3704 πλὴν
2942 3634 3047 3690 τοῦ
3093 3635 3351 3702 Κυρίου;
3396 3633 3493 3686 καί
3521 3630 3607 3694 τίς
3633 3623 3754 3689 Θεὸς

2221 3732 2386 3799 πλὴν
2411 3731 2516 3786 τοῦ
2554 3730 2700 3785 Θεοῦ
2749 3728 2953 3799 fuitin“;
3002 3728 3066 3781 Ὀ
3124 3726 3268 3792 Θεὸς
3310 3727 3345 3779 ό
3381 3717 3752 3792 erepta.)qu

2214 3842 2292 3895 με
2329 3823 2603 3893 δύναμιν,
2651 3823 2749 3876 καὶ
2787 3823 2953 3876 ἔθετο
2982 3820 3223 3890 ἄμωμον
3248 3816 3363 3886 τὴν
3390 3816 3533 3872 ὀδόν
3553 3826 3688 3882 μων
3724 3807 3751 3859 δ

2219 3916 2699 3986 ωταρτιζόμενος
2724 3916 2866 3981 τοὺς
2897 3913 3087 3979 πόδας
3104 3931 3222 3983 μου
3251 3910 3397 3965 ὡσεὶ
3412 3907 3645 3977 ἐλάφου,
3668 3898 3749 3954 καὶ

2219 4007 2317 4061 ἐπὶ
2357 4009 2428 4061 τὰ
2456 4008 2665 4077 ὑψηλὰ
2695 4006 2878 4061 ἱστῶν
2916 4023 3012 4076 με,
3055 4022 3108 4058 κ.
3144 4022 3193 4057 τ.
3224 4005 3270 4055 ἑ.
3324 4001 3485 4055 Κατὰ
3522 3997 3663 4050 τοῦτο
3699 3989 3750 4044 τὸ

2223 4101 2617 4172 σημαινόμενον
2649 4098 2780 4171 (92),
2821 4099 2979 4170 μόνος
3011 4097 3141 4161 Θεός
3166 4098 3312 4149 ἐστιν
3338 4091 3618 4166 ἀληθινὸςοό
3640 4083 3749 4145 θεὸς

2222 4193 2316 4247 καὶ
2338 4193 2547 4264 Πατὴρ,
2576 4194 2623 4245 εί
2648 4193 2721 4263 μὴ
2756 4191 2863 4263 ἄρα
2881 4191 2942 4244 τὸ
2965 4190 3077 4256 τίς,
3095 4190 3188 4243 ἐπὶ
3209 4188 3300 4242 τοῦ
3333 4187 3557 4242 σπανίου
3587 4175 3749 4235 πολλὰ·

554 4288 663 4337 tem
699 4279 1009 4352 signiﬁcat,
1069 4279 1135 4333 ad
1182 4280 1529 4350 Unigenitum
1565 4280 1884 4335 referamus.
1921 4280 1986 4334 Et
2019 4281 2120 4336 hoc

2227 4303 2313 4350 κις
2342 4285 2614 4354 κείμενον,
2638 4285 2731 4336 ἐπὶ
2761 4284 2850 4337 τὸν
2880 4283 3162 4351 Μονογενῆ
3193 4280 3500 4352 ἀνοίσομεν.
3542 4275 3641 4330 Καὶ
3671 4266 3747 4321 νῦν

552 4373 768 4443 quidem
794 4371 914 4426 loco
945 4385 1102 4435 zona,
1133 4371 1307 4425 virtus
1337 4381 1455 4439 est;
1488 4371 1628 4440 apud
1677 4371 1903 4425 Paulum
1934 4381 2114 4425 autem

553 4465 781 4520 veritas.
823 4462 951 4533 Ejus
980 4474 1159 4516 autem
1191 4463 1283 4531 qui
1316 4463 1539 4532 pulchre
1567 4464 1737 4517 currit
1764 4503 1780 4527 ,
1811 4472 1867 4516 et
1896 4478 2117 4517 cursum

553 4557 784 4626 perlicit,
809 4555 1166 4626 perﬁciuntur
1193 4555 1353 4625 pedes
1388 4565 1641 4624 tanquam
1669 4570 1974 4610 cervorum.
2002 4574 2022 4606 ι
2051 4555 2118 4609 Et.

554 4661 719 4716 super
745 4648 957 4702 excelsa
992 4655 1238 4701 statuens
1288 4662 1394 4700 me.
1426 4665 1443 4696 ι
1482 4645 1864 4716 Unusquisque
1894 4647 2118 4716 propria

555 4738 802 4808 quaedam
840 4738 1053 4794 excelsa
1109 4738 1271 4794 habet
1317 4754 1347 4791 a
1397 4738 1593 4807 quibus
1640 4738 1860 4802 decidit,
1909 4737 1993 4792 vel
2026 4739 2118 4792 de-

553 4830 783 4885 scendit.

627 4920 900 4990 Ejusdem.
939 4921 1032 4977 Est
1066 4922 1217 4990 cujus
1269 4918 1620 4990 perliciuntttr
1650 4920 1812 4988 pedes
1860 4926 2113 4988 tanquam

556 5015 705 5069 cervi
762 5029 860 5084 per
909 5016 1199 5081 actionem,
1225 5016 1509 5084 eriguntur
1541 5025 1722 5067 autem
1747 5027 1844 5082 per
1873 5021 2116 5067 contem-

662 5198 709 5230 ”
731 5196 886 5252 Joan.
938 5212 1051 5261 xw,
1083 5198 1134 5251 6.
1215 5199 1261 5230 ⁸³
1295 5197 1426 5252 Luc.
1472 5212 1624 5262 xxw,
1657 5193 1746 5249 '52.
1822 5195 1870 5227 ⁸⁸
1896 5195 2054 5250 Rom.
2078 5202 2178 5264 xu,

632 5382 743 5451 (89)
779 5380 833 5433 Ὁ
876 5380 1104 5449 λύχνος
1130 5376 1234 5451 τοῦ
1267 5374 1537 5451 σώματος
1555 5377 1901 5451 _éo'ttr,_etc.
1936 5372 2118 5451 codex

562 5445 1129 5513 ‘Joislinianus,'itum.
1160 5450 1249 5510 10,
1272 5447 1514 5517 Origeni,
1545 5447 1743 5502 Catena
1777 5445 1999 5500 Barbari
2022 5445 2118 5501 Di~

567 5523 721 5590 Jymn
750 5521 957 5590 tribuit.

632 5590 744 5657 (90)
774 5588 954 5656 Πεῖρὰ
988 5606 1107 5654 τις.
1136 5589 1312 5657 οἶμαι,
1344 5597 1450 5642 etc.
1480 5586 1701 5642 Scbedat
1729 5586 1939 5646 Grabii.

631 5659 745 5732 (91)
778 5660 1048 5728 Ἀμωμος
1079 5658 1239 5725 ὁδός,
1268 5669 1372 5713 etc.
1401 5659 1711 5715 Corderius.

2227 4379 2324 4449 μὲν
2348 4381 2381 4450 ἡ
2411 4377 2554 4450 ζώνη
2597 4376 2843 4447 δύναμις,
2877 4375 3026 4447 παρὰ
3053 4375 3110 4429 δὲ
3140 4374 3337 4446 Παύλῳ
3364 4372 3598 4445 ἀλήθεια.
3625 4366 3747 4418 Κατ’

2223 4468 2531 4541 αρτίζονται
2578 4469 2634 4521 δὲ
2677 4470 2725 4522 οἱ
2757 4467 2915 4532 πόδες
2957 4468 3033 4531 ὡς
3077 4465 3324 4536 ἐλάφων,
3362 4465 3458 4520 τοῦ
3505 4460 3746 4532 τρέχοντος

2223 4560 2423 4624 καλῶς,
2466 4562 2561 4615 καὶ
2606 4560 2698 4613 τὸν
2743 4559 2940 4631 δρόμον
2994 4558 3343 4630 πληροῦντος.
3380 4576 3399 4609 ι
3438 4555 3546 4611 Καὶ
3584 4549 3665 4604 ἐπὶ
3694 4543 3747 4596 τὰ

2225 4652 2403 4723 ὑψηλὰ
2431 4649 2590 4704 ἱστῶν
2626 4667 2713 4721 με.
2749 4669 2767 4700 ι
2801 4649 2938 4703 Ἴδιά
2968 4666 3088 4704 τινα
3107 4648 3215 4720 ὕψη
3246 4649 3391 4701 ἐστὶν
3412 4646 3645 4705 ἑκάστου,
3671 4634 3742 4705 ἀφ’

2223 4736 2299 4797 ὧν
2328 4743 2645 4806 κατέπεσεν,
2679 4740 2713 4811 ἢ
2744 4738 3105 4811 καταϐέϐηκε.

2298 4922 2410 4976 Τοῦ
2446 4920 2654 4974 αὑτοῦ.
2703 4914 3137 4990 Καταρτίζονταί
3190 4934 3334 4979 τινος
3365 4915 3472 4985 (9'5)
3526 4913 3571 4965 oi
3613 4904 3742 4964 πόδες

2226 5015 2358 5067 ὡσεὶ
2403 5012 2602 5082 ἐλάφου
2653 5010 2740 5065 διὰ
2783 5011 2884 5081 τῆς
2912 5010 3238 5082 πρακτικῆς,
3290 5008 3537 5078 ὑψοῦνται
3579 5002 3628 5055 δὲ
3667 4993 3741 5050 διὰ

2240 5196 2330 5251 Η.
2406 5193 2451 5225 ⁸⁵
2479 5192 2610 5249 Luc.
2656 5208 2755 5258 xu,
2783 5191 2874 5248 49.

2297 5368 2408 5444 (92)
2438 5371 2598 5444 Κατὰ
2632 5369 2807 5444 τοῦτο
2842 5368 2909 5423 τὸ
2936 5369 3396 5444 σημαινομένοις,
3422 5357 3739 5444 etc._Scheda

2223 5437 2409 5500 Grabii
2439 5441 2658 5511 Origeni
2689 5442 2972 5503 tribuunt,
3014 5437 3107 5493 sed
3145 5438 3432 5494 Corderius
3463 5437 3611 5491 habet
3636 5443 3737 5484 tan-

2224 5512 2888 5585 quaitnincertiauctoris.
3315 5579 3345 5585 _
3385 5579 3399 5585 ἡ
3467 5578 3480 5585 _
3564 5573 3595 5585 _
3654 5564 3713 5585 ηε

2319 5584 2407 5653 95)
2432 5578 2902 5653 Καταρτίζονταέ·
2926 5598 3109 5653 τινος,
3155 5590 3260 5639 etc.
3312 5578 3527 5636 Scbcdze
3559 5570 3736 5632 Grabii,

2226 5650 2396 5714 codex
2425 5652 2813 5722 Coisliniauus,
2843 5650 3135 5708 Barbarus.
