4020 6152
389 252 530 309 1257

1341 255 1653 313 SELECTA
1685 255 1753 312 IN
1784 255 2118 313 PSALMOS.
2159 287 2229 298 ——
2265 256 2458 312 PSAL.
2491 254 2652 312 XVil.

3488 260 3624 317 91258

384 366 490 437 τῆς
522 366 777 439 θεωρίας.
835 370 982 424 Διότι
1035 372 1069 442 ἠ
1102 370 1297 443 ἔλαφος
1340 375 1555 447 ἀναιρεῖ
1611 375 1738 438 τοὺς
1781 374 1950 445 ὄφεις.

2056 374 2369 446 plationem.
2432 375 2795 442 Quamobrem
2855 388 3048 432 cervus
3099 383 3289 433 enecat
3321 387 3622 448 serpentes.

453 463 770 521 Διδάσκων
812 467 1019 537 χεῇοάς
1054 487 1174 539 μου
1215 473 1303 537 εἰς
1336 473 1626 542 πόλεμον·
1666 471 1765 525 καί
1816 473 1955 526 ἔθου

385 556 568 621 τόξον
599 559 872 627 χαλκοῦν
910 565 1051 627 τοὺς
1076 562 1411 631 ,βραχίονάς
1442 582 1580 634 μου,
1617 582 1671 618 κ.
1710 581 1761 618 τ.
1808 564 1858 617 ἑ.
1895 564 1955 616 '0

382 650 582 720 χαλκὸς
614 650 880 722 σύμϐολόν
935 654 1051 706 ἐστι
1084 654 1194 727 (94)
1240 656 1568 728 πρακτικῆς.
1609 675 1629 708 ι
1674 655 1955 728 Διέφθειρε

394 748 493 814 γὰρ
529 742 622 796 τὸν
651 734 851 815 χαλκόν
883 760 998 809 σου,
1040 764 1059 796 ι
1093 747 1259 817 φησιν
1290 747 1546 820 Ἰεζεχιὴλ
1568 746 1703 820 πρὸς
1721 748 1819 820 τὴν
1858 747 1956 801 Ἰε-

386 834 687 907 ρουσαλήμ.
728 834 945 907 Ἐπειδὴ
976 831 1071 891 οῦν
1110 838 1161 891 oi
1204 837 1457 910 ἡμέτεροι
1489 838 1776 910 βραχίονες
1811 837 1953 910 πέμ-

383 941 548 977 πουσι
584 924 654 978 τὰ
682 922 833 996 βέλη,
862 924 1046 996 φησιν,
1076 927 1178 992 ὅτι,
1208 927 1633 1000 Παρεσκεύασας
1662 929 1788 992 τοὺς
1821 928 1954 1000 βρα-

381 1014 567 1085 χίονας
596 1031 697 1088 μου
746 1015 920 1083 τόξον,
951 1017 1045 1071 καὶ
1096 1017 1415 1089 προστίθησι
1452 1037 1469 1070 ι
1498 1017 1753 1089 χαλκοῦν,
1793 1037 1812 1070 ι
1850 1020 1941 1089 sp»

383 1107 593 1176 φαίνων
642 1107 705 1161 τὸ
736 1106 955 1163 εὔτονον
985 1108 1082 1162 καὶ
1127 1107 1450 1181 ἄθραυστον,
1499 1110 1595 1163 καὶ
1636 1109 1810 1179 λέγων
1847 1110 1951 1174 ὅτι,

394 1198 688 1270 ’Δήττητόν
721 1216 789 1270 με
835 1200 1142 1270 πεποίηκας
1178 1200 1238 1255 ἐν
1278 1203 1388 1264 τοῖς
1430 1200 1572 1255 κατὰ
1607 1201 1717 1256 τῶν
1742 1201 1952 1273 ἐχθρῶν

383 1289 583 1361 ἀγῶσι.

451 1405 563 1479 Καὶ
597 1404 824 1473 ἔδωκάς
850 1424 956 1477 μοι
989 1406 1453 1477 ὑπερασπισμὸν
1476 1407 1775 1474 σωτηρίας
1798 1420 1948 1475 μουο

381 1496 485 1550 καὶ
517 1499 556 1567 ἡ
587 1496 758 1563 δεξιὰ
786 1514 903 1554 σου
930 1498 1295 1554 ἀντελάϐετό
1313 1516 1457 1569 μου,
1501 1499 1598 1553 καὶ
1629 1499 1668 1566 ἡ
1716 1497 1954 1551 παιδεία

379 1602 501 1643 σου
540 1588 855 1659 ἀνώρθωσέ
880 1607 957 1661 με
995 1592 1079 1654 εἰς
1108 1589 1303 1655 τέλος,
1347 1589 1445 1643 καὶ
1481 1590 1516 1658 ἠ
1557 1587 1793 1642 παιδεία
1836 1602 1952 1641 σου

379 1679 536 1747 αὐτή
559 1696 636 1749 με
658 1679 903 1745 διδάξει,
936 1699 990 1735 κ.
1027 1699 1076 1734 τ.
1095 1682 1141 1736 ἐ.
1160 1682 1217 1737 '0
1245 1683 1303 1735 ἐν
1334 1680 1483 1753 δεξιᾷ
1510 1681 1813 1751 καθήμενος
1835 1677 1949 1750 (95)

377 1771 475 1825 τοῦ
505 1771 737 1843 Πατρὸς,
768 1768 922 1837 οὗτος
958 1773 1202 1827 καλεῖται
1251 1773 1416 1839 δεξιά.
1450 1775 1560 1828 Καὶ
1602 1773 1690 1827 διὰ
1724 1774 1822 1845 μὲν
1853 1774 1952 1847 τῆς
1985 1754 2028 1811 Β

378 1860 656 1932 προτέρας
687 1862 933 1927 παιδείας
967 1884 985 1916 ι
1017 1866 1168 1936 ἡμᾶς
1207 1883 1225 1916 ι
1262 1865 1497 1937 ἁνορθοῖ,
1526 1864 1611 1918 διὰ
1631 1865 1687 1919 δέ
1712 1865 1811 1936 τῆς
1835 1864 1953 1918 δευ-

378 1952 543 2025 τέρας
569 1953 831 2009 διδάσκει.
863 1957 1118 2011 Πολιτεία
1160 1955 1270 2030 γὰρ
1299 1956 1431 2029 ὀρθὴ
1468 1957 1719 2027 ἀνίστησι
1748 1956 1947 2028 ψυχὴν,

379 2045 580 2113 γνῶσις
607 2045 663 2099 δὲ
690 2045 894 2117 ἀληθὴς
919 2045 1172 2099 πλατύνει
1202 2047 1390 2117 αὐτήν.
1427 2046 1583 2112 Δεξιὰ
1612 2049 1641 2101 ὁ
1675 2046 1745 2100 τὰ
1774 2047 1951 2100 πάντα

378 2138 786 2212 δημιουργήσας
826 2140 973 2205 Υἱὸς,
1014 2141 1142 2213 περὶ
1186 2132 1246 2192 οὗ
1286 2140 1383 2193 καὶ
1425 2140 1657 2211 ἀλλαχοῦ
1699 2140 1947 2212 εῐρηται⁸

385 2252 406 2287 ι
439 2234 601 2300 Δεξιὰ
632 2234 837 2305 Κυρίου
870 2234 1093 2305 ἐποίησε
1116 2233 1525 2304 δύναμιν,δεξιὰ
1541 2232 1746 2305 Κυρίου
1768 2232 1948 2303 ὕψωσέ

382 2342 532 2395 με.»

461 2416 834 2484 Ἐπ.²άτυνας
878 2415 951 2471 τὰ
981 2415 1313 2487 διαϐήματά
1349 2435 1467 2487 μου
1495 2415 1774 2471 ὑποκάτω
1804 2434 1945 2486 μου,

379 2509 480 2565 καὶ
521 2513 632 2566 οὐκ
654 2509 1009 2579 ἠσθένησαν
1045 2508 1119 2563 τὰ
1154 2509 1294 2579 ἴχνη
1338 2527 1479 2579 μου,
1513 2527 1568 2562 κ.
1602 2527 1653 2561 τ.
1691 2510 1737 2562 ἐ.
1772 2510 1947 2578 Εύφό-

382 2621 491 2677 ρως
518 2602 877 2672 ὑπομένοντος
915 2601 1025 2672 (96)
1049 2601 1256 2672 θλίψεις
1290 2604 1324 2673 ἡ
1355 2600 1504 2673 φωνὴ
1532 2601 1618 2654 διὰ
1642 2602 1731 2654 τὸν
1758 2602 1949 2671 ἐμποι-

379 2695 542 2750 οῦντα
568 2695 726 2764 λόγον
750 2695 844 2748 καὶ
873 2695 931 2747 ἐν
956 2695 1069 2757 τοῖς
1093 2692 1352 2755 τοιούτοις
1376 2692 1472 2765 τὴν
1492 2692 1851 2765 εὐρυχωρίαν,
1873 2691 1949 2756 ὡς

381 2787 518 2859 μηδέ
539 2788 637 2860 τὴν
663 2788 929 2859 τυχοῦσαν
961 2786 1246 2843 ἀσθένειαν
1276 2787 1335 2841 ἐν
1376 2789 1486 2850 τοῖς
1520 2787 1719 2858 ἴχνεσιν
1747 2785 1946 2856 ἐμφαί-

378 2879 583 2935 νισθαι.

448 2969 802 3036 Καταδιώξω
826 2970 970 3037 τοὺς
1006 2969 1260 3038 ἐχθρούς
1301 2985 1442 3038 μου,
1475 2967 1574 3021 καὶ
1604 2968 1948 3036 καταλήψο-

373 3079 484 3135 μαι
532 3063 772 3130 αὐτοὺς,
808 3063 908 3116 καὶ
948 3064 1059 3116 οὐκ
1112 3058 1678 3129 ἀποστραφήσομαι,
1715 3058 1826 3124 ἓως
1871 3058 1948 3113 ἂν

377 3154 759 3211 ἐκλείπωσιν.
795 3154 1087 3222 Ἐκθλίψω
1119 3151 1360 3218 αὐτοὺς,
1389 3152 1486 3205 καὶ
1516 3153 1586 3205 οὐ
1608 3150 1694 3219 μὴ
1723 3150 1947 3205 δύνων-

381 3264 477 3303 ται
503 3247 725 3315 στῆναι
745 3262 757 3275 ·
790 3245 1121 3300 πεσοῦνται
1155 3243 1275 3299 ὑπὸ
1315 3243 1457 3310 τοὺς
1503 3243 1688 3310 πόδας
1720 3260 1861 3313 μου,
1888 3260 1941 3298 κ.

377 3358 431 3398 τ.
461 3341 508 3395 ἐ.
553 3339 609 3394 Ὀ
637 3338 919 3402 ίκανωθεὶς
953 3336 1063 3408 (97)
1086 3336 1191 3389 ὑπὸ
1218 3335 1352 3391 Θεοῦ
1373 3336 1615 3400 διάκονος
1644 3331 1783 3390 εἶναι
1818 3337 1944 3389 Δια-

380 3432 553 3505 θήκης
565 3427 771 3503 Καινῆς
800 3431 877 3492 ὡς
908 3429 1017 3482 πᾶν
1038 3427 1376 3499 ἐπαγόμενον
1406 3427 1612 3498 ὕψωμα
1658 3426 1801 3481 κατὰ
1842 3428 1942 3499 τῆς

379 3521 632 3591 γνώσεως
690 3520 784 3575 τοῦ
844 3519 981 3573 Θεοῦ
1039 3518 1359 3591 καθαιρεῖν,
1417 3518 1752 3586 καταδιώξας
1819 3520 1946 3584 τοὺς

378 3614 601 3686 ἐχθροὺς
627 3615 694 3685 τῇ
729 3612 836 3667 ἀπὸ
874 3611 1008 3666 Θεοῦ
1041 3612 1282 3686 σωτηρίᾳ
1318 3612 1527 3680 λόγους,
1562 3610 1945 3677 καταδιὼξεται

377 3708 596 3772 αὐτοὺς,
620 3707 717 3761 καὶ
756 3705 818 3759 ού
846 3705 1109 3777 πρότερον
1138 3704 1234 3758 τοῦ
1277 3705 1519 3757 ἐκλιπεῖν
1562 3705 1782 3769 αὐτοὺς,
1810 3707 1945 3759 ἀπο-

379 3800 751 3872 στραφήσεται
780 3796 1030 3869 πολεμῶν
1056 3797 1260 3861 αὐτοῖς.
1280 3797 1479 3867 Στῆναι
1509 3796 1565 3850 δὲ
1594 3797 1824 3853 ἐνώπιον
1852 3799 1944 3853 τοῦ

379 3889 736 3952 ἱκανωθέντσς
762 3887 866 3941 ὑπὸ
895 3886 1031 3941 Θεοῦ
1058 3887 1119 3940 ού
1157 3886 1470 3959 δυνήσονται
1499 3886 1866 3959 ἐκθλιϐόμενοι
1898 3891 1945 3942 οἱ

376 3983 559 4059 ἐχθροὶ
582 3983 680 4054 τῆς
715 3981 971 4053 ἀληθείας
1007 3980 1175 4050 λόγοι.

454 4074 564 4130 Τοῦ
603 4074 810 4129 αὐτοῦ.
851 4066 1018 4136 Οὗτος
1045 4071 1371 4126 καταδιώκει
1400 4071 1508 4145 (98)
1539 4074 1665 4139 τοὺς
1696 4073 1943 4145 ἐχθροὺς,

375 4171 407 4223 ὁ
442 4166 516 4241 μὴ
561 4166 668 4221 ἐῶν
703 4165 968 4237 ἐμπαθεῖς
999 4165 1058 4218 ἐν
1104 4163 1283 4234 ἐαυτῷ
1330 4164 1576 4234 γίνεσθαι
1619 4165 1943 4237 λογισμούς·

375 4261 485 4317 ἀπὸ
509 4259 620 4332 γὰρ
645 4259 849 4313 τούτων
881 4257 1363 4328 ἐπισυμϐαίνουᾳιν
1391 4260 1524 4327 ἡμῖν
1565 4260 1620 4312 αί
1659 4258 1938 4330 ἁμαρτίαι,

452 4353 561 4407 Τοῦ
598 4351 806 4407 αὐτοῦ.
839 4349 1117 4419 Ἕκλειψιν
1146 4348 1354 4420 ἐχθρῶν
1401 4348 1510 4419 (99)
1556 4349 1792 4404 ἀπάθεια
1818 4369 1947 4405 κατ-

376 4443 688 4518 εργάζεται.

454 4535 566 4590 Τοῦ
598 4534 804 4590 αὑτοῦ.
836 4536 897 4588 Οί
947 4534 1204 4597 πεσόντες
1244 4531 1321 4603 (1)
1375 4532 1483 4585 ἀπὸ
1532 4533 1630 4604 τῆς
1672 4534 1730 4588 ὲν
1762 4534 1950 4608 φαύλῳ

2135 466 2299 522 Vens.
2326 465 2416 521 55.
2448 464 2552 531 Qui
2575 467 2725 520 docet
2758 482 2948 521 manus
2995 482 3139 522 meas
3169 471 3238 522 ad
3265 468 3525 536 praelium,
3575 479 3626 522 et

2059 557 2284 627 posuisti
2313 564 2373 610 ut
2405 572 2588 611 arcum
2616 573 2814 612 (ereum
2839 557 3057 612 brachia
3081 574 3217 626 mea,
3239 568 3345 615 etc.
3371 553 3623 615 Actionis

2060 647 2362 718 symbolum
2393 658 2476 705 est
2504 664 2599 705 aes.
2655 668 2674 701 ι
2705 648 2961 720 Corrupit
3004 655 3151 706 enim
3194 661 3268 706 ωε
3321 661 3468 706 tuum
3495 651 3563 717 ⁸⁸,
3599 670 3620 704 ι

2060 740 2196 795 dicit
2224 740 2473 796 Ezechiel
2497 742 2564 797 ad
2598 740 2920 797 Jerusalem.
2959 742 3223 809 Quoniam
3248 743 3408 815 igitur
3436 754 3622 799 nostra

2057 831 2280 888 brachia
2314 833 2533 888 mittunt
2561 835 2816 904 sagittas,
2852 834 2926 889 ait
2982 852 2996 890 :
3043 833 3366 905 Prmparasti
3401 833 3622 890 brachia

2060 939 2179 978 mea
2227 925 2367 980 sicut
2417 939 2630 990 arcum,
2677 937 2732 979 et
2783 926 2931 980 addit
2960 944 2980 978 ι
3010 941 3206 981 εει-θύω
3229 967 3244 994 ,
3277 946 3297 979 ι
3329 926 3625 982 ostendens

2061 1012 2211 1068 illum
2255 1015 2520 1070 intentum
2569 1024 2624 1070 et
2668 1015 2956 1072 infractum
2987 1032 3131 1084 esse,
3180 1032 3245 1072 ac
3284 1018 3470 1073 dicens
3511 1035 3527 1073 :
3561 1015 3621 1072 In

2060 1104 2262 1173 praeliis
2290 1105 2554 1162 adversus
2584 1108 2769 1162 hostes
2802 1107 3226 1177 insuperabilem
3258 1123 3345 1163 me
3372 1108 3573 1164 fecisti.

2140 1408 2299 1467 Vens.
2347 1410 2438 1466 36.
2486 1411 2555 1466 Et
2594 1413 2786 1468 dedisti
2837 1417 2970 1470 mihi
3016 1419 3390 1485 protectionem
3433 1417 3620 1473 salutis

2060 1517 2219 1569 mea,
2269 1511 2318 1555 et
2346 1503 2562 1557 dextera
2597 1511 2688 1557 tua
2721 1508 2947 1574 suscepit
2978 1523 3081 1573 me,
3123 1518 3171 1562 et
3214 1508 3490 1578 disciplina
3531 1520 3623 1563 tua

2058 1592 2288 1645 correxit
2323 1609 2404 1647 me
2433 1594 2488 1646 in
2519 1592 2700 1661 ﬁnem,
2729 1605 2777 1649 et
2801 1596 3082 1666 disciplina
3119 1607 3209 1652 tua
3250 1599 3368 1668 ipsa
3406 1615 3487 1653 me
3535 1601 3627 1652 do-

2058 1686 2211 1749 cebit,
2243 1694 2347 1740 etc.
2379 1686 2480 1752 Qui
2515 1687 2569 1740 in
2594 1690 2812 1743 dextera
2848 1687 3028 1743 Patris
3071 1691 3238 1754 sedet,
3282 1693 3370 1747 hic
3397 1704 3624 1747 vocatur

2058 1774 2305 1833 dextera.
2351 1779 2415 1833 Et
2446 1780 2611 1849 priori
2642 1782 2858 1850 quidem
2906 1783 3191 1853 disciplina
3230 1799 3330 1841 nos
3370 1786 3622 1856 corrigit,

2058 1872 2293 1926 secunda
2320 1887 2453 1926 vero
2485 1888 2582 1928 nos
2613 1872 2792 1928 docet.
2834 1872 2970 1928 Nam
3010 1885 3157 1930 recta
3201 1875 3469 1930 institutio
3506 1879 3625 1931 ani-

2059 1978 2199 2017 mam
2231 1964 2412 2034 erigit,
2439 1965 2679 2033 cognitio
2727 1975 2908 2020 autem
2948 1981 3073 2021 vera
3123 1966 3176 2021 in
3212 1967 3620 2037 amplitudinem

2058 2057 2225 2111 ducit.
2258 2057 2487 2112 Dextera
2521 2068 2600 2111 est
2630 2060 2871 2113 omnium
2907 2060 3087 2129 opifex
3105 2059 3296 2124 Filius,
3330 2060 3395 2114 de
3426 2075 3535 2129 quo
3565 2073 3623 2115 et

2058 2146 2182 2199 alibi
2218 2147 2417 2200 dictum
2450 2158 2534 2202 est
2558 2148 2603 2180 ⁸⁷
2633 2163 2647 2202 :
2684 2167 2704 2201 ι
2744 2138 2974 2205 υυίιιετε
3004 2149 3216 2204 Domini
3268 2150 3395 2204 fecit
3446 2151 3618 2204 virtu-

2059 2247 2189 2306 tem,
2230 2240 2452 2295 dextera
2482 2241 2696 2296 Domini
2723 2241 2980 2296 exaltavit
3021 2256 3124 2295 me.
3149 2261 3168 2295 ι

2127 2415 2294 2470 Vens.
2319 2415 2409 2471 '57.
2435 2416 2685 2471 Dilatasti
2705 2434 2912 2487 gressus
2931 2435 3070 2473 meos
3094 2421 3292 2486 subtus.
3308 2435 3411 2483 me,
3436 2428 3488 2475 et
3512 2435 3619 2475 non

2053 2517 2173 2560 sunt
2201 2508 2472 2562 infirmata
2496 2512 2709 2578 uestigia
2742 2527 2879 2573 mea,
2908 2522 3015 2565 etc.
3054 2512 3180 2566 Haec
3220 2526 3323 2566 vox
3363 2512 3507 2567 illius
3537 2522 3621 2591 cst

2054 2600 2141 2653 cui
2173 2600 2549 2658 tribulationes
2586 2603 2813 2658 toleratu
2842 2605 3033 2659 faciles
3079 2616 3205 2660 sunt
3234 2611 3455 2674 prOpter
3495 2620 3618 2660 eam

2052 2706 2215 2760 quam
2266 2706 2296 2745 a
2343 2694 2514 2749 verbo
2546 2697 2755 2765 accepit
2805 2697 3206 2762 dilatationem,
3235 2712 3339 2766 qua
3373 2696 3431 2752 ﬁt
3458 2706 3520 2751 ut
3551 2710 3618 2750 ne

2054 2781 2163 2837 ulla
2193 2786 2411 2852 quidem
2450 2785 2503 2839 in
2542 2786 2658 2857 ejus
2684 2789 2928 2860 vestigiis
2954 2788 3297 2844 imbecillitas
3334 2796 3613 2858 appareat.

2205 2876 2227 2899 /

2124 2960 2287 3017 Vens.
2330 2963 2425 3024 58,
2462 2965 2550 3022 59.
2597 2965 2889 3039 Persequar
2941 2968 3177 3024 inimicos
3215 2984 3354 3024 meos
3391 2978 3439 3024 et
3475 2985 3617 3026 cont-

2052 3056 2370 3124 preltendam
2421 3059 2574 3125 illos,
2615 3072 2662 3115 et
2697 3077 2799 3115 non
2838 3073 3110 3116 convertar
3144 3063 3307 3116 donec
3344 3062 3614 3132 deficiant.

2053 3147 2398 3220 Confringam
2425 3151 2565 3216 illos,
2596 3170 2688 3207 nec
2718 3162 2962 3222 poterunt
3000 3164 3140 3209 stare
3170 3170 3187 3209 :
3215 3157 3399 3209 cadent
3430 3155 3616 3209 subtus

2049 3242 2204 3307 pedes
2227 3258 2391 3307 meos,
2421 3253 2529 3300 etc.
2554 3244 2723 3311 Quem
2746 3245 2887 3299 Deus
2915 3245 3166 3300 idoneum
3196 3246 3374 3301 eﬂ'ecit
3396 3255 3453 3300 ut
3472 3254 3618 3303 esset

2054 3331 2298 3388 minister
2325 3332 2458 3388 Novi
2500 3333 2854 3401 Testamenti,
2903 3344 2960 3390 et
3011 3350 3224 3391 onmem
3276 3337 3617 3393 altitudinem

2054 3427 2315 3481 adversus
2339 3427 2620 3482 scientiam
2653 3428 2746 3483 Dei
2783 3442 2904 3482 sese
2936 3430 3283 3484 extollentem
3313 3429 3539 3496 deleret,
3567 3430 3615 3486 is

2052 3518 2301 3575 inimicos
2329 3518 2518 3587 saluti,
2551 3535 2672 3589 quae
2703 3535 2734 3575 a
2766 3521 2879 3577 Deo
2901 3533 3005 3589 est,
3051 3537 3330 3578 sermones
3362 3535 3618 3591 persecu-

2052 3619 2159 3676 tus,
2195 3612 2313 3667 illos
2339 3629 2405 3668 eo
2432 3629 2600 3684 usque
2627 3623 2979 3684 persequetur
3011 3618 3183 3671 donec
3218 3615 3432 3685 penitus
3460 3614 3615 3670 defe-

2051 3688 2246 3759 cerint.
2290 3703 2446 3760 Stare
2476 3716 2649 3760 autem
2698 3707 2753 3761 in
2781 3719 3067 3777 conspectu
3099 3709 3236 3776 ejus,
3269 3721 3429 3776 quem
3474 3709 3618 3771 Deus

2051 3796 2133 3851 sic
2165 3797 2413 3850 idoneum
2457 3795 2658 3862 effecit,
2687 3813 2795 3852 non
2826 3809 3080 3867 poterunt
3109 3801 3174 3853 ad
3219 3800 3495 3871 angustias
3531 3815 3618 3856 ro-

2054 3890 2199 3944 dacti
2236 3891 2534 3946 adversarii
2561 3892 2806 3949 veritatis
2834 3908 3111 3948 sermones

2121 4067 2283 4139 612
2330 4066 2603 4138 Ejusdem.
2654 4069 2754 4126 Hic
2802 4073 3145 4142 persequitur
3197 4074 3469 4141 inimicos,
3522 4077 3616 4145 qui

2053 4163 2385 4232 perturbatis
2421 4163 2845 4233 cogitationibus
2877 4164 3083 4218 nullum
3113 4164 3166 4219 in
3198 4180 3258 4220 se
3290 4164 3469 4221 locum
3497 4166 3613 4222 dat.

2052 4255 2134 4310 Ab
2163 4255 2230 4309 iis
2264 4256 2408 4309 enim
2444 4255 2495 4309 in
2532 4271 2628 4311 nos
2666 4256 2885 4310 veniunt
2909 4268 3149 4327 peccata.

2122 4345 2399 4417 Ejusdem.
2434 4348 2736 4405 Aﬂectuum
2785 4348 3026 4404 carentia
3071 4349 3343 4407 delectum
3376 4351 3618 4408 hostium

1980 4470 2023 4525 Β
2050 4445 2212 4512 parit.

2124 4533 2397 4605 Ejusdem.
2447 4536 2550 4603 Qui
2592 4550 2622 4590 a
2675 4535 2815 4592 malo
2859 4545 3000 4613 statu
3046 4535 3615 4601 cadunt,beneﬂcium

378 4627 620 4689 στάσεως
653 4624 1085 4695 εὐεργετοῦνται.
1137 4623 1276 4677 Ἀλλ’
1308 4624 1427 4678 οὐδὲ
1470 4626 1519 4678 οἱ
1551 4626 1651 4696 τῆς
1692 4626 1950 4699 ἀληθείας

2055 4633 2483 4691 consequuntur.
2515 4625 2625 4681 Sed
2655 4641 2830 4697 neque
2859 4624 3076 4681 veritati
3124 4628 3474 4680 adversantes
3499 4640 3618 4681 ser-

374 4716 560 4790 ἐχθροὶ
587 4716 735 4786 λόγοι
760 4717 1080 4787 δυνήσονται
1131 4716 1319 4786 στῆναι
1351 4713 1578 4770 ἐνώπιον
1623 4717 1716 4771 τοῦ
1760 4719 1946 4775 ἱκανοῦ

2055 4731 2238 4771 mones
2270 4726 2417 4771 stare
2442 4726 2696 4786 poterunt
2726 4718 2777 4771 in
2818 4725 3111 4798 conspectu
3144 4718 3377 4786 potentis
3430 4733 3615 4785 manu,

375 4810 541 4883 χειρὶ,
574 4811 711 4880 ὅπερ
740 4812 770 4864 ό
803 4807 964 4862 Δαυῒδ
994 4808 1374 4880 ἑρμηνεύεται.

2055 4808 2193 4878 quod
2234 4809 2619 4877 interpretatur
2646 4809 2837 4864 David.

444 4902 555 4958 Καὶ
595 4901 740 4968 τοὺς
773 4900 1025 4970 ἐχθρούς
1043 4918 1162 4968 μου
1200 4900 1430 4968 ἔδωκάς
1468 4920 1570 4971 μοι
1596 4903 1808 4965 νῶτον,
1846 4903 1946 4958 καὶ

2122 4897 2287 4954 Vens.
2322 4898 2411 4952 41.
2454 4898 2521 4953 Ει
2552 4900 2794 4955 inimicos
2826 4916 2966 4954 meus
2999 4899 3190 4953 dedisti
3222 4899 3349 4954 mihi
3376 4900 3614 4967 dorsum,

370 4991 516 5060 τοὺς
537 4989 874 5062 μισοῦντάς
899 5004 978 5058 με
1007 4986 1478 5057 ἐξωλόθρευσας,
1509 5007 1562 5045 κ.
1595 5008 1645 5046 τ.
1677 4992 1724 5045 ὲ.
1759 4992 1944 5046 Νῶτον

2055 5001 2099 5046 et
2126 4992 2357 5046 odientes
2385 5009 2464 5048 me
2494 4994 2874 5064 disperdidisti,
2901 5003 3009 5050 etc.
3028 4992 3258 5063 Tergum
3279 4992 3409 5047 dant
3429 4990 3619 5050 hostes

477 5160 525 5194 ⁸⁸
549 5158 748 5216 Ezecb.
793 5173 907 5224 ενι,
940 5155 1030 5212 56.
1105 5155 1149 5188 ⁸⁷
1185 5155 1330 5211 Psal.
1357 5154 1629 5224 cxvu,16.

2118 5349 2230 5420 (98)
2269 5343 2991 5420 Οὗτοςθιᾳταδιιιῖηιςεικειίιἶ
3017 5345 3200 5402 Codex
3224 5342 3612 5411 Coisliniantts,

2048 5416 2261 5477 scliedte
2295 5417 2505 5483 Grabii,
2529 5417 2734 5472 Catena
2764 5416 3017 5472 Barbari.

2119 5489 2232 5561 (99)
2263 5482 2584 5558 Ἕκλειψιν
2634 5487 2897 5557 ἐχθρῶν,
2948 5496 3053 5541 etc.
3105 5484 3331 5542 Scbedae
3382 5482 3613 5549 Grabii,

2047 5559 2640 5702 Baiif'ii'zsimwmg,
2680 5637 2787 5686 etc.
2816 5626 3038 5686 Scbedaa
3073 5625 3284 5696 Grabii,
3315 5627 3609 5683 Barbarus.

445 5350 556 5426 (94)
588 5352 653 5426 ῘΟ
681 5351 910 5426 χαλκός
925 5350 1424 5426 σύμϐολόν-ἐστι,-
1436 5358 1542 5404 etc.
1567 5347 1791 5405 Scheda:
1811 5347 1942 5406 Gra-

380 5419 478 5489 bii',
511 5419 1099 5478 cotlex‘lloislini:tnits.
1131 5420 1355 5475 Barbari
1386 5419 1609 5474 Catena.

448 5488 558 5566 (95)
591 5494 666 5566 jo
684 5493 753 5566 έν
779 5488 948 5566 δεξιᾷ
974 5490 1340 5566 κᾳθήμεζος,
1356 5499 1461 5566 etc.
1483 5489 1710 5546 Scltedae
1730 5489 1940 5558 Crabii,

379 5559 549 5619 codex'
579 5564 959 5625 Coislinianus,
988 5559 1189 5617 Catena
1220 5559 1467 5615 Barbari.

451 5633 537 5702 (96
582 5635 867 5702 Εὑςεόρως
902 5632 1329 5702 ὑπομένοντος,
1353 5639 1458 5689 etc.
1486 5628 1709 5687 Schetla:
1733 5629 1939 5689 Grabii.

451 5632 559 5772 (97)
604 5705 656 5758 '0
686 5704 1011 5772 ἱκανωθείς,
1034 5714 1141 5760 etc.
1169 5702 1348 5759 Codex
1387 5701 1521 5760 Roe.

450 5701 559 5772 (97)
604 5705 656 5758 '0
676 5701 1141 5772 “ικανωθείς,“ειο.
1169 5702 1348 5759 Codex
1387 5701 1521 5760 Roe.
