4020 6152
477 236 617 293 ηέἱθ

1805 239 1897 297 EX
1928 236 2228 294 ORIGENE

3579 239 3717 294 me

474 363 599 405 eum
635 366 740 406 non
776 350 1006 420 amplius
1038 360 1266 422 possunt
1299 350 1581 409 stlectibus
1608 355 1794 425 plenas
1826 366 1883 409 et
1919 369 2030 425 per-

2144 351 2378 407 διδόασιν
2419 354 2495 425 (2)
2546 353 2598 407 οὶ
2630 353 2836 425 ἐχθροὶ,
2872 351 3070 426 μηκέτι
3108 351 3402 424 λογισμοὺς
3447 352 3713 424 ἐμπαθεῖς

479 439 731 494 turbatas
766 442 1124 511 cogitationes
1151 445 1316 506 menti
1348 445 1549 500 indere.

547 528 822 599 Ejusdem.
856 530 1095 588 Ell‘ecisti
1146 543 1206 588 ut
1246 534 1451 589 inimici
1482 536 1588 592 mei
1618 537 1864 591 conversi
1897 536 2044 592 inse-

475 621 794 691 parabiliter
818 638 904 679 me
936 637 1311 694 sequerentur.
1344 628 1417 682 ita
1454 636 1510 683 ut
1538 627 1730 686 tierent.
1754 628 1887 684 mihi
1913 631 2041 684 dor-

471 724 616 777 Sum,
648 713 730 768 vel
759 713 1027 787 fugerent.

552 802 715 859 Vens.
746 805 839 862 44.
874 805 1078 876 Eripies
1108 826 1190 864 me
1213 810 1277 864 de
1302 810 1802 865 contradictionibus
1838 810 2040 881 populi,

472 901 762 954 constitues
792 918 873 955 me
907 905 960 957 in
1001 913 1161 973 caput
1204 907 1455 974 gentium,
1483 915 1591 961 etc.
1621 905 1679 960 In
1709 906 1924 976 signum
1950 905 2039 959 cui

472 993 865 1048 contradicitur
890 995 1099 1064 positus
1124 996 1251 1051 dicit
1284 998 1398 1052 haec
1418 996 1685 1061 Christus,
1711 1013 1873 1067 quem
1898 995 2042 1051 Deus

474 1084 755 1139 constituit
798 1085 852 1139 in
884 1099 1044 1158 caput
1085 1089 1346 1160 gentium.
1392 1090 1565 1158 Caput
1596 1090 1739 1143 enim
1786 1087 2040 1144 Ecclesia:

472 1174 719 1233 Christus
741 1187 843 1232 est.

544 1265 705 1323 Vens.
758 1268 849 1324 45.
902 1267 1135 1338 Populus
1177 1289 1330 1342 quem
1388 1290 1494 1328 non
1543 1274 1777 1344 cognovi,
1830 1269 2038 1326 servivit

473 1358 623 1426 mihi,
656 1362 710 1413 in
736 1361 922 1416 auditu
951 1364 1098 1417 auris
1130 1366 1352 1418 obedivit
1386 1365 1531 1430 mihi,
1557 1375 1664 1421 etc.
1693 1364 1858 1425 Istud,
1889 1380 1908 1414 ι
1931 1376 2039 1417 non

474 1451 723 1519 cognovi,
747 1470 766 1505 ι
799 1455 1016 1525 proprie
1043 1456 1097 1511 in
1123 1455 1421 1527 Scripturis
1453 1467 1738 1527 usurpatur
1764 1457 1833 1512 de
1857 1454 2036 1509 malis:

476 1543 577 1595 hoc
605 1539 725 1595 Ioco
766 1553 946 1597 autem
976 1544 1228 1600 Christus
1271 1545 1399 1599 illud
1432 1546 1563 1600 dicit
1603 1547 1669 1601 de
1716 1544 1914 1616 pepqu
1943 1544 2035 1614 qui

472 1640 557 1686 est
584 1645 646 1685 ex
674 1634 941 1705 gentibus.
969 1635 1094 1690 Fuit
1115 1638 1259 1693 enim
1294 1650 1505 1709 tempus
1532 1654 1654 1693 cum
1689 1642 1756 1692 ah
1785 1641 1900 1709 ipso
1928 1653 2031 1691 non

469 1725 916 1793 cognoscebatur.
942 1727 1186 1784 Invenies
1212 1738 1387 1783 autem
1422 1741 1475 1783 et
1498 1731 1693 1785 similia
1716 1746 1745 1784 a
1775 1729 1883 1783 Deo
1906 1729 2033 1783 dici.

542 1814 815 1887 Ejusdem.
835 1818 1152 1890 Ignorantes
1172 1821 1401 1892 ignorati
1422 1831 1565 1887 sunt,
1582 1831 2041 1891 etcognosceutes

471 1908 675 1978 cogniti
702 1920 845 1965 sunt.

544 1997 710 2056 Vens.
743 2002 832 2058 46.
869 2002 999 2059 Filii
1029 2006 1186 2060 alieni
1214 2007 1483 2061 inveterati
1508 2016 1649 2072 sunt,
1680 2016 1728 2061 et
1761 2005 2035 2060 claudica-

469 2105 654 2150 tterunt
698 2114 732 2150 α
769 2099 964 2152 semitis
1014 2102 1145 2165 suis,
1178 2110 1285 2155 etc.
1318 2101 1504 2155 Virtus
1551 2109 1797 2161 renovat,
1828 2098 2035 2152 malitia

470 2185 755 2242 iuveterat.
782 2186 884 2256 Qui
913 2201 1090 2246 autem
1125 2191 1406 2247 inveterati
1438 2201 1581 2255 sunt,
1630 2191 1960 2247 claudicant.

546 2358 819 2430 Ejusdem.
863 2382 881 2416 ι
908 2362 1202 2437 Quousque
1250 2367 1626 2425 claudicabitis
1673 2385 1770 2424 vos
1806 2380 2035 2441 utroque

470 2452 817 2523 poplite"?i
873 2455 1092 2514 Semita:
1135 2459 1412 2514 hominum
1457 2469 1584 2516 sunt
1633 2464 1777 2519 actio
1821 2474 1878 2520 et
1906 2482 2035 2521 con-

466 2547 662 2616 templa
672 2549 767 2603 tio.

543 2638 707 2697 Vens.
739 2641 828 2696 48.
856 2640 1000 2697 Deus
1031 2644 1121 2714 qui
1159 2645 1255 2699 das
1299 2646 1558 2701 vindictas
1601 2648 1730 2703 mihi
1768 2660 1817 2703 et
1853 2652 2032 2705 subdis

468 2732 688 2800 populos
729 2737 821 2787 sub
866 2750 967 2799 me,
1016 2746 1123 2789 etc.
1178 2734 1459 2792 Vindictas
1511 2754 1541 2792 a
1589 2739 1701 2795 Deo
1761 2742 2034 2812 accipiens

469 2819 719 2878 Christus
748 2823 881 2878 ait“
910 2842 923 2878 :
956 2843 974 2875 ι
994 2822 1122 2879 Mihi
1151 2827 1424 2893 vindictae,
1461 2843 1562 2899 ego
1591 2832 1909 2890 retribuam.
1938 2853 1956 2886 ι

2148 445 2405 516 ἐμϐαλεῖν
2437 446 2824 517 δυνάμενοιῇτῇ
2858 445 3023 516 ψυχῇ.

2221 532 2329 586 Τοῦ
2367 533 2572 588 αὑτοῦ.
2604 534 2849 598 Ἐδωκας
2886 536 3010 599 τοὺς
3038 533 3262 607 ἐχθρούς
3291 552 3393 606 μου
3426 532 3504 604 (3)
3552 549 3706 604 μετα-

2144 621 2406 687 ϐαλόντας
2433 622 2743 678 ἀκολουθεῖν
2780 643 2870 695 μοι
2905 625 3229 697 ἀχωρίστως
3275 642 3399 696 μου,
3428 622 3572 677 ὥστε
3614 623 3705 676 αὖ⁹

2142 717 2267 778 τοὺς
2296 715 2548 783 γενέσθαι
2584 734 2672 788 μοι
2704 716 2869 782 νῶτα,
2902 718 2935 789 ἢ
2972 716 3290 787 φεύγοντας.

2223 808 2434 862 Ῥῦσαί
2464 825 2541 877 με
2582 809 2653 874 ἐξ
2698 807 3052 879 ἀντιλογιῶν
3085 810 3260 873 λαοῦ,
3308 806 3703 874 καταστήσεις

2136 917 2213 970 με
2246 904 2333 967 εὶς
2372 900 2648 970 κεφαλὴν
2689 900 2897 966 ἐθνῶν,
2950 919 3003 957 κ.
3068 920 3119 957 τ.
3165 904 3213 956 ἐ.
3255 903 3311 956 Ὁ
3356 902 3439 964 εἰς
3488 901 3705 971 σημεῖον

2144 992 2217 1065 (4)
2243 991 2655 1064 ἀντιλεγόμενον
2689 993 2979 1063 γενόμενος
3010 993 3185 1047 ταῦτά
3214 1011 3343 1066 φησι
3365 990 3619 1061 Χριστὸς,
3647 989 3705 1043 ὃν
3750 1008 3757 1012 ·

2138 1089 2166 1140 ὁ
2191 1085 2323 1149 Θεὸς
2354 1086 2688 1157 κατέστησεν
2716 1084 2799 1147 εἰς
2826 1084 3070 1156 κεφαλὴν
3099 1086 3289 1141 ἐθνῶν.
3337 1082 3567 1154 Κεφαλὴ
3600 1082 3702 1153 γὰρ

2138 1179 2238 1249 τῆς
2273 1180 2600 1253 Ἐκκλησίας
2627 1182 2655 1234 ὁ
2680 1183 2933 1254 Χριστός.

2208 1270 2385 1336 Λαὸς,
2411 1271 2483 1324 ὃν
2502 1273 2613 1326 οὐκ
2650 1271 2860 1341 ἔγνων,
2886 1267 3214 1325 ἑδούλευσέ
3250 1284 3371 1337 μοι,
3396 1266 3485 1331 εις
3512 1261 3701 1332 ἀκοὴν

2137 1361 2313 1418 ὠτίου
2336 1362 2652 1432 ὑπήκουσέ
2669 1381 2790 1434 μοι,
2817 1381 2871 1417 κ.
2897 1380 2949 1415 τ.
2986 1364 3034 1416 ἐ.
3062 1361 3155 1425 To,
3182 1380 3200 1412 ι
3227 1361 3329 1413 οὐκ
3353 1358 3525 1426 ἔγνων
3553 1376 3571 1408 ι
3605 1356 3699 1425 (5),

2142 1453 2286 1517 ἰδίως
2332 1455 2387 1508 αἱ
2449 1454 2662 1526 Γραφαὶ
2720 1452 3074 1523 ὀνομάζουσιν
3115 1452 3208 1505 ἐπὶ
3257 1449 3365 1504 τῶν
3414 1448 3698 1520 χειρόνων

2137 1546 2230 1599 νῦν
2262 1546 2357 1617 μὲν
2385 1547 2535 1618 γὰρὸ
2555 1545 2786 1617 Χριστὸς
2806 1546 2889 1611 τὸ,
2915 1565 2932 1597 ι
2958 1545 3260 1613 ούκὲγνων,
3283 1563 3302 1595 ι
3328 1544 3422 1596 ἐπὶ
3446 1540 3543 1595 τοῦ
3574 1538 3698 1593 λαοῦ

2140 1636 2233 1691 τοῦ
2257 1637 2364 1691 ἀπὸ
2396 1636 2505 1691 τῶν
2534 1636 2704 1690 ἐθνῶν
2740 1636 2945 1701 ἔταξεν.
2974 1632 3083 1689 Ἦν
3123 1634 3232 1706 γὰρ
3260 1635 3348 1688 ὅτε
3384 1632 3486 1685 οὐκ
3517 1630 3703 1701 ἐγινώ-
3754 1704 3759 1711 1

2142 1749 2321 1786 σκετο.
2355 1731 2621 1803 Εὐρήσεις
2653 1730 2710 1783 δὲ
2748 1728 2967 1783 τοιαῦτα
2990 1728 3085 1782 καὶ
3112 1727 3205 1781 τὸν
3229 1726 3360 1779 Θεὸν
3384 1725 3629 1793 λέγοντα.

2210 1823 2327 1879 Τοῦ
2359 1822 2565 1879 αὑτοῦ.
2605 1820 2947 1891 Ἀγνοοῦντες
2968 1817 3255 1891 ὴγνοοῦντο
3283 1817 3379 1889 (6),
3419 1815 3514 1871 καὶ
3547 1819 3704 1885 ἐγνω-

2136 1918 2292 1981 κότες
2321 1913 2760 1985 ὲπεγνὼσθησαν.

2204 2006 2322 2060 Υἱοὶ
2351 2006 2656 2073 ἀλλότριοι
2707 2003 3188 2069 ἐπαλαιώθησαν,
3244 2000 3340 2053 καὶ
3390 1997 3701 2069 ἐκάκιαναγ

2136 2101 2254 2156 ἀπὸ
2284 2099 2401 2153 τῶν
2430 2099 2649 2167 τρίϐων
2675 2094 2892 2159 αὐτῶν,
2921 2112 2976 2149 κ.
3022 2112 3073 2149 τ.
3111 2094 3158 2147 ἐ.
3197 2093 3260 2146 Ή
3297 2090 3398 2163 μὲν
3428 2089 3594 2162 ἀρετὴ
3622 2088 3697 2160 (7)

2137 2190 2439 2252 ἀνακαινοῖ,
2487 2188 2519 2258 ἡ
2555 2186 2611 2239 δὲ
2639 2183 2809 2238 κακία
2836 2182 3073 2239 παλαιοί.
3112 2179 3533 2253 Παλαιουμένων
3553 2178 3609 2233 δὲ
3635 2177 3698 2231 τὸ

2137 2282 2443 2353 χωλαίνειν.

2213 2372 2321 2427 Τοῦ
2350 2371 2555 2425 αὐτοῦ.
2596 2389 2614 2421 ι
2648 2369 2793 2431 Ἕως
2834 2368 2969 2421 πότε
2992 2363 3068 2437 (8)
3102 2365 3261 2436 ὑμεῖς
3293 2363 3582 2435 χωλανεῖτε
3608 2360 3694 2414 ἐπ’

2135 2464 2470 2538 ἀμφοτέραις
2502 2465 2621 2526 ταῖς
2650 2461 2858 2531 ἰγνύαις
2885 2459 3074 2533 ὐμῶν;
3109 2477 3129 2510 ι
3165 2455 3353 2529 Τρισοι
3402 2456 3460 2511 δὲ
3492 2452 3695 2527 ἀνθρὼ-

2136 2576 2253 2613 πων
2280 2556 2478 2627 πρᾶξις
2502 2554 2595 2610 καὶ
2619 2552 2817 2625 θεωρία
2834 2595 2850 2610 ,

2215 2650 2270 2702 '0
2312 2646 2454 2713 Θεὸς
2482 2649 2514 2700 ό
2549 2643 2754 2710 διδοὺς
2783 2638 3126 2709 ἐκδικήσεις
3154 2637 3304 2708 ἐμοὶ,
3343 2636 3442 2690 καὶ
3470 2632 3688 2690 ὑποτά-

2136 2740 2246 2807 ξας
2265 2739 2453 2805 λαοὺς
2479 2736 2580 2791 ὐπ’
2629 2735 2754 2805 ἐμὲ,
2806 2752 2861 2788 κ.
2900 2749 2952 2788 τ.
2991 2732 3039 2787 ἐ.
3082 2729 3275 2786 Λαϐὼν
3312 2728 3421 2783 ἀπὸ
3443 2724 3576 2781 Θεοῦ
3614 2724 3688 2795 (9)

2135 2832 2462 2902 ὲκδικήσεις,
2493 2826 2726 2900 Χριστός
2758 2840 2953 2897 φησιν·
2989 2842 3008 2875 ι
3049 2821 3204 2894 Ἐμοὶ
3227 2819 3554 2890 ἐκδικήσεις,
3587 2812 3692 2883 ἐγὼ

2135 2921 2516 2978 ἀνταποδώσω.
2560 2938 2579 2972 ι

539 2995 815 3069 Ejusdem.
850 3017 867 3050 ι
889 2998 1025 3055 Ecce
1058 3002 1181 3057 dedi
1228 3005 1383 3059 vobis
1421 3015 1744 3074 potestatem
1782 3010 2027 3067 calcandi

2209 3014 2318 3070 Τοῦ
2350 3012 2556 3068 αὑτοῦ.
2589 3031 2607 3063 ι
2653 3010 2806 3077 Ἰδοὺ,
2847 3008 3056 3064 δέδωκα
3104 3004 3216 3078 (10)
3265 3005 3394 3076 ὑμῖν
3418 3002 3515 3075 τὴν

465 3105 626 3160 super
652 3102 933 3164 serpentes
971 3106 1026 3149 et
1070 3097 1387 3165 scorpiones
1403 3098 1472 3164 °°,
1493 3118 1510 3150 ι
1543 3108 1598 3155 et
1639 3116 1761 3171 qua:
1791 3120 2027 3173 sequun-

467 3191 574 3235 tur.
610 3181 711 3248 Qui
759 3185 1002 3253 ignorato
1030 3185 1199 3254 priori
1243 3189 1435 3258 pupqu
1463 3194 1667 3257 praebet
1702 3205 1760 3248 ut
1783 3198 1885 3250 sub
1915 3198 2032 3266 ipso

461 3272 763 3327 ordinetur.
801 3292 820 3326 ι
841 3273 1124 3331 Liberator
1147 3293 1299 3333 meus
1332 3282 1396 3335 de
1427 3280 1664 3337 inimicis
1696 3283 2026 3343 iracundis.»

463 3362 669 3432 Quibus
700 3364 870 3433 furor,
902 3366 968 3421 iis
992 3377 1047 3423 et
1073 3369 1350 3423 iracundia
1384 3373 1715 3431 dominatur.
1751 3376 1807 3431 Si
1851 3387 2030 3434 autem

456 3456 669 3513 inimici
696 3459 801 3513 mei
829 3458 1090 3522 iracundi,
1110 3471 1257 3515 certe
1269 3472 1321 3518 et
1344 3463 1582 3520 furentes
1605 3477 1746 3521 sunt.
1772 3487 1791 3522 ι
1849 3466 2028 3525 Furor

463 3549 628 3615 enim,
695 3551 892 3623 inquit,
923 3552 1027 3608 illis
1055 3557 1349 3609 secundum
1371 3556 1780 3615 similitudinem
1801 3576 2028 3634 serpen-

463 3643 550 3698 tis.
585 3662 605 3696 ι

972 3827 1293 3886 PSALMUS
1331 3829 1513 3886 XVIII.

529 3918 692 3992 613
723 3918 883 3977 Vens.
912 3920 964 3975 2.
991 3920 1119 3976 Caeli
1133 3934 1380 3977 enarrant
1399 3925 1624 3995 gloriam
1647 3926 1766 3998 Dei,
1796 3926 1845 3986 et
1870 3949 2027 4003 opera

462 4029 715 4069 manuum
757 4012 872 4081 ejus
906 4015 1184 4069 annuntiat
1222 4014 1629 4086 ﬁrmamentum,
1667 4030 1772 4076 etc.
1811 4021 1869 4079 Si
1902 4028 2027 4084 cmli

463 4115 719 4159 enarrant
744 4103 968 4175 gloriam
997 4106 1110 4173 Dei,
1148 4122 1211 4163 ac
1246 4108 1368 4164 (εωΙί
1400 4110 1651 4179 peribunt
1677 4110 2025 4187 («Ipsienim,

463 4196 638 4267 lnquit
654 4196 719 4259 ἰ,
738 4196 1004 4265 peribunt,
1024 4208 1075 4251 tu
1095 4210 1272 4253 autem
1294 4205 1737 4269 permanes.l:an
1760 4207 1849 4274 qui
1877 4222 2029 4266 θυαε-ε

465 4299 587 4344 rant
629 4288 853 4359 gloriam
895 4288 987 4343 Dei
1028 4290 1314 4360 peribunt?
1356 4290 1515 4359 Atqui
1560 4308 1719 4348 nemo
1762 4310 2027 4354 euarrans

460 4381 685 4451 gloriam
706 4380 797 4435 Dei
828 4381 1024 4450 peribit
1048 4398 1061 4435 :
1089 4397 1212 4435 nam
1239 4402 1258 4434 ‹
1290 4383 1650 4452 gloriﬁcantes
1681 4400 1785 4451 me,
1814 4405 1832 4438 ι
1854 4387 2028 4459 inquit

465 4475 607 4528 Deus
663 4474 745 4537 θ’,
780 4491 799 4523 ι
835 4473 1168 4542 gloriﬁcabo.
1208 4493 1228 4525 ι
1264 4473 1378 4527 Non
1420 4490 1547 4545 ergo
1587 4478 1711 4531 coeli
1746 4478 2021 4546 peribunt.

2133 3109 2252 3162 σιαν
2280 3109 2471 3160 πατεῖν
2516 3104 2701 3158 ἐπάνω
2738 3103 2913 3172 ὄφεων
2946 3102 3043 3155 καὶ⁵
3091 3098 3389 3171 σκορπίων,
3438 3114 3456 3148 ι
3493 3095 3586 3149 καὶ
3624 3091 3689 3146 τὰ

2128 3199 2274 3270 ἑξῆς.
2313 3199 2370 3250 '0
2396 3197 2474 3269 τῷ
2498 3193 2847 3266 ἀγνοουμένῳ
2876 3192 3044 3247 πάλαι
3080 3189 3193 3260 λαῷ
3236 3188 3492 3260 παρέχων
3517 3185 3575 3239 τὸ
3602 3185 3689 3238 ὑπ’

2128 3290 2289 3344 αὑτὸν
2322 3287 2600 3360 τετάχθαι.
2636 3305 2654 3338 ι
2702 3286 2759 3338 '0
2805 3284 3006 3357 ῥύστης
3041 3298 3142 3353 μου
3188 3280 3246 3347 ἐξ
3294 3277 3505 3350 ἐχθρῶν
3539 3275 3686 3348 ὀργί-

2128 3383 2258 3437 λων.
2289 3399 2306 3433 ι
2354 3381 2442 3432 Ἐν
2469 3373 2549 3442 οἷς
2578 3377 2747 3448 θυμὸς
2776 3375 3079 3446 ἐπικρατεῖ,
3108 3373 3165 3425 ἐν
3185 3370 3393 3434 τούτοις
3425 3368 3520 3423 καὶ
3551 3371 3692 3441 ὀργι-

2131 3475 2311 3547 λότης.
2343 3474 2407 3527 Εἰ
2437 3472 2494 3525 δὲ
2520 3473 2567 3525 οἱ
2589 3469 2770 3541 ἐχθροί
2801 3485 2902 3539 μου
2930 3465 3153 3538 ὀργίλοι,
3184 3465 3292 3535 ἄρα
3314 3465 3409 3518 καὶ
3433 3460 3692 3535 θυμώδεις

2132 3566 2256 3622 εἰσι.
2292 3586 2310 3617 ι
2346 3564 2528 3636 Θυμδς
2551 3562 2679 3636 γὰρ,
2711 3563 2894 3632 φησὶν,
2918 3560 3100 3623 αὐτοῖς
3125 3558 3266 3613 κατὰ
3307 3555 3407 3628 τὴν
3442 3554 3691 3626 ὁμοίωσιν

2131 3659 2225 3712 τοῦ
2254 3657 2450 3728 δφεως,
2484 3674 2503 3707 ι

2690 3834 2979 3889 ΨΑΛΜΟΣ
3020 3834 3131 3889 IH'.

2195 3934 2260 3986 Οὶ
2283 3928 2525 3999 οὐρανοὶ
2546 3925 2885 3996 διηγοῦνται
2919 3922 3117 3989 δόξαν
3139 3922 3307 3988 Θεοῦ,
3353 3922 3600 3991 ποίησιν
3626 3921 3690 3975 δὲ

2132 4023 2343 4095 χειρῶν
2370 4019 2552 4075 αὑτοῦ
2577 4016 2933 4088 ἀναγγέλλει
2956 4015 3024 4069 τὸ
3054 4015 3359 4086 στερέωμα
3374 4054 3390 4079 ,
3420 4032 3475 4067 κ.
3496 4031 3545 4068 τ.
3566 4016 3613 4067 ἐ.
3631 4014 3688 4066 Et

2130 4118 2180 4171 oi
2207 4113 2427 4186 οὐρανοὶ
2452 4111 2560 4182 (Η)
2587 4108 2897 4180 διηγοῦνται
2929 4106 3087 4173 δόξαν
3114 4105 3272 4172 Θεοῦ,
3317 4106 3365 4159 οἱ
3392 4104 3449 4158 δὲ
3479 4105 3690 4177 οὐρανοὶ

2129 4206 2545 4277 ἀπολοῦνται-(ι
2579 4204 2642 4255 0i
2685 4201 2950 4272 οὐρανοὶ»
2987 4200 3117 4271 γὰρ,
3165 4198 3348 4269 φησὶν,
3389 4216 3409 4249 ι
3438 4195 3692 4251 ἀπολοῦν-

2128 4320 2237 4364 ται,
2293 4300 2357 4353 σὺ
2411 4297 2467 4350 δὲ
2518 4293 2792 4366 διαμένεις
2822 4310 2837 4323 ο
2891 4292 3011 4362 ι)οἱ
3053 4290 3394 4363 διηγούμενοι
3438 4286 3548 4362 ἆρα
3601 4289 3691 4360 τὴν

2128 4390 2284 4456 δόξαν
2314 4388 2409 4443 τοῦ
2439 4387 2577 4442 Θεοῦ
2616 4385 2979 4449 ἁπολοῦνταις
3036 4382 3194 4436 Ἀλλὰ
3229 4383 3336 4453 μὴν
3385 4382 3561 4446 οὐδεὶς
3584 4383 3691 4451 διηο

2129 4482 2391 4553 γούμενος
2422 4481 2522 4551 τὴν
2567 4478 2726 4543 δόξαν
2756 4476 2849 4531 τοῦ
2882 4474 3015 4530 Θεοῦ
3037 4474 3351 4528 ἀπολεῖται·
3375 4494 3394 4526 ι
3420 4475 3558 4539 Τοὺς
3589 4473 3688 4545 γὰρ

459 4564 630 4625 Porro
663 4566 787 4621 (ιωιί
818 4565 907 4635 qui
937 4576 1194 4619 euarrant
1232 4565 1457 4634 gloriam
1500 4568 1618 4634 Dei,
1652 4569 2026 4627 intellectualis

2133 4573 2445 4642 δοξάζοντας
2492 4589 2581 4643 με,
2627 4590 2645 4623 ι
2684 4570 2847 4641 φησὶν
2896 4569 2926 4620 ὁ
2970 4566 3121 4631 Θεὸς,
3164 4585 3182 4619 ι
3232 4566 3459 4634 δοξάσω.
3506 4586 3527 4619 ι
3582 4567 3690 4620 Οὐκ

464 4669 591 4715 sunt
619 4670 845 4727 naturae,
879 4670 931 4714 et
963 4658 1088 4714 coeli
1117 4660 1371 4715 dicuntur
1398 4671 1681 4732 propterea
1711 4665 1852 4734 quod
1885 4666 1936 4719 iu
1964 4684 2025 4724 se

457 4753 680 4822 iustitiae
709 4754 877 4808 solem
903 4753 1135 4819 habent;
1160 4754 1285 4807 caeli
1319 4763 1496 4810 autem
1530 4757 1620 4826 qui
1641 4769 2024 4828 pereunt,cor-

461 4859 681 4918 porcam
707 4846 906 4901 habent
930 4844 1312 4901 substantiam.

2129 4668 2236 4740 ἄρα
2262 4667 2309 4719 oi
2337 4664 2554 4737 οὐρανοὶ
2578 4660 2929 4716 ἀπολοῦνται·
2966 4658 3080 4713 ἀλλ’
3127 4659 3179 4712 οἱ
3220 4660 3321 4731 μὲν
3352 4659 3689 4732 διηγούμενοι

2127 4757 2344 4829 οὐρανοὶ
2367 4754 2464 4827 τὴν
2490 4752 2647 4818 δόξαν
2669 4751 2762 4807 τοῦ
2795 4749 2929 4805 Θεοῦ
2958 4751 3056 4821 τῆς
3106 4752 3297 4823 νοερᾶς
3326 4751 3434 4804 εἰσι
3460 4749 3687 4818 φύσεως,

2126 4847 2343 4918 οὐρανοὶ
2396 4844 2677 4915 λεγόμενοι
2717 4841 2806 4895 διὰ
2845 4840 2906 4894 τὺ
2939 4839 3083 4912 ἔχειν
3114 4841 3171 4893 ἐν
3195 4841 3405 4904 ἑαυτοῖς
3455 4839 3547 4892 τὸν
3594 4838 3691 4908 τῆς

2131 4936 2470 5003 δικαιοσύνης
2494 4936 2664 5007 ἣλιον·
2688 4935 2739 4988 οἱ
2760 4934 2817 4987 δὲ
2842 4933 3203 5003 ἀπολλύμενοι
3227 4930 3558 5005 οὐρανοὶ-τῆς
3591 4949 3688 4984 σω-

2179 5030 2332 5083 τι”·”’³
2347 5049 2367 5061 ι·
2388 5031 2523 5079 εἰσιν
2547 5026 2750 5088 οὐσίας.

522 5107 567 5140 ⁸⁸
597 5108 666 5164 Ill
696 5107 828 5183 Reg.
859 5128 1011 5178 xvm,
1040 5114 1130 5167 21.
1204 5115 1249 5147 ⁸⁸
1276 5114 1433 5170 Rom.
1466 5132 1562 5184 xu,
1594 5116 1680 5173 I9.
1755 5116 1803 5148 ’°
1830 5116 1962 5171 Luc.
1994 5129 2049 5178 x,
2083 5051 2205 5169 19ἲο
2242 5114 2287 5146 ⁹¹
2318 5051 2789 5180 Ξζὶαςλ
2818 5112 2840 5167 l
2876 5113 3009 5184 Reg.
3041 5128 3097 5179 Is,
3132 5112 3220 5167 50.

525 5265 603 5333 (2)
626 5264 830 5318 Νῶτον
868 5262 1163 5330 διδόασιν,
1198 5272 1302 5320 etc.
1332 5265 1512 5321 Codex
1534 5264 1915 5320 Coislinianus.

546 5336 600 5405 3)
636 5334 904 5400 Ἔδωκας
934 5334 1070 5401 τοὺς
1096 5335 1345 5405 ἐχθρούς
1368 5353 1507 5405 μου,
1535 5346 1640 5390 etc.
1670 5336 1854 5390 Codex
1877 5334 2012 5389 Rue.

545 5412 600 5461 4)
640 5406 701 5455 ’0
726 5408 813 5471 εις
839 5405 1110 5471 σημεῖον,
1136 5415 1242 5459 etc.
1267 5407 1446 5471 Codex
1473 5406 1603 5468 Roe.
1630 5406 1940 5461 Corderius.

548 5422 600 5461 si
644 5422 701 5455 ‘u
726 5422 813 5471 εις
839 5422 919 5471 cm
1000 5423 1110 5468 ιον,
1136 5422 1242 5459 etc.
1267 5422 1446 5460 boues
1473 5422 1603 5468 hoe,
1630 5422 1940 5461 uoruertus.

626 5475 724 5556 ro,
761 5479 871 5556 οὐξι
904 5422 1115 5556 igtur,
1149 5486 1265 5556 etc1
1284 5469 1464 5530 Codex
1496 5476 1639 5556 Rge._
1713 5548 1726 5556 _
1813 5545 1846 5556 _
1920 5545 1933 5556 _
1958 5543 1971 5556 .

457 5617 497 5676 Β
524 5544 1003 5676 (ἓέθῖυγνοοῦπες
1044 5545 1397 5618 ήγνοοῦντο,
1416 5558 1522 5603 etc.
1550 5547 1777 5605 Schedte
1806 5544 2019 5612 Grabii,

505 5636 529 5670 a
704 5633 748 5670 s.

505 5636 529 5670 ιι
539 5633 630 5670 I108
639 5633 748 5670 HIS.

526 5690 600 5762 (7)
634 5688 696 5743 Ἠ
714 5685 830 5756 μὲν
852 5685 1052 5754 ἀρετή,
1085 5696 1190 5741 etc.
1228 5685 1404 5742 Codex
1430 5685 1556 5745 Roe.

2188 5264 2443 5345 (82ft;ch
2482 5259 2658 5325 πότε,
2701 5265 2811 5313 etc.
2863 5254 3089 5312 Scbede
3146 5250 3334 5307 Grabii
3362 5289 3381 5318 ,
3425 5261 3481 5306 et
3515 5250 3682 5306 codex

2119 5332 2514 5389 Coislinianus.

2191 5401 2268 5475 (9)
2299 5402 2508 5475 Λαβὼν
2534 5398 2653 5475 διαξρ
2685 5397 2856 5463 Θεοῦ,
2889 5404 2996 5451 εισι
3019 5392 3206 5475 Pede!
3235 5390 3371 5475 R9?-

2192 5458 2303 5544 itb)
2329 5472 2508 5539 Ἰδοὺ,
2546 5468 2803 5533 δέδωκα,
2842 5458 2962 5523 etc.
3017 5465 3243 5520 Schedae
3289 5458 3474 5518 Grabii
3499 5500 3516 5527 ,
3552 5458 3678 5513 Bar-

2123 5543 2309 5599 bartts.

2197 5613 2310 5683 (tt)
2362 5615 2425 5665 Et
2463 5614 2518 5683 ot
2565 5608 2812 5683 ούρανοί
2835 5646 2850 5672 ,
2899 5616 3005 5664 etc.
3053 5606 3231 5664 Codex
3280 5600 3677 5664 Coistuusnus,

2130 5679 2342 5742 schedie
2373 5682 2582 5749 Gt‘abii,
2613 5679 2908 5738 Barbarus.
