4020 6152
319 292 457 347 1211

1269 291 1584 349 SELECTA
1623 291 1691 347 ΙΝ
1727 289 2067 348 PSALMOS.
2107 323 2176 333 —-
2214 292 2402 347 PSAL.
2440 292 2628 348 XVIII.

3424 297 3564 356 1212

397 406 505 460 Τοῦ
534 404 742 460 αὐτοῦ.
774 403 910 459 Οὔτε
941 404 1051 478 γὰρ
1080 405 1149 476 γῆ
1181 406 1316 476 (12),
1345 404 1467 459 οὔτε
1491 408 1519 460 6
1553 407 1616 459 ὲκ
1644 407 1746 477 γῆς
1786 410 1889 476 χοῖο

2071 405 2344 475 Ejusdem.
2375 406 2567 478 Neque
2605 407 2750 463 enim
2785 414 2953 473 terra,
2976 421 3153 479 neque
3183 411 3248 466 de
3283 417 3424 467 terra
3456 423 3566 469 ter-

316 495 415 562 κδς
443 495 804 567 διηγήσασθαι
840 493 1058 548 δύναται
1090 494 1246 561 δόξαν
1271 496 1428 549 Θεοῦ.
1457 514 1478 548 c
1519 496 1576 549 Ὀ
1603 496 1710 567 γὰρ
1738 493 1812 548 ὢν
1833 499 1896 548 ὲκ

313 587 419 660 τῆς
451 588 553 659 γῆς
583 589 647 639 ὲκ
705 587 806 657 τῆς
838 587 942 658 γῆς
966 586 1136 640 λαλεῖ.
1180 607 1197 639 ι
1227 588 1379 659 Τάχα
1407 589 1464 642 δὲ
1519 588 1736 660 οὐρανοί
1759 591 1895 641 εἰσιν

316 681 372 737 οἱ
401 680 495 735 τοῦ
525 680 776 752 οὐρανίου
809 679 905 751 τὴν
941 683 1123 738 εἰκόνα
1179 683 1493 755 φοροῦντες,
1542 683 1740 745 οἵτινες
1775 682 1897 754 διη-

316 770 543 843 γοῦνται
566 770 723 836 δόξαν
747 771 902 824 Θεοῦ.
939 773 1060 825 Εἰσὶ
1089 771 1145 825 δὲ
1180 774 1272 827 καὶ
1301 773 1520 842 οὐρανοὶ
1539 772 1750 842 ποίημα
1783 789 1898 842 χει-

321 863 433 936 ρῶν
463 862 618 916 Θεοῦ.
649 863 818 934 Τήρει
845 863 902 916 δὲ
929 863 1212 935 διαφορὰν,
1241 863 1303 918 τὸ
1337 865 1435 935 μὲν
1459 864 1764 936 διηγεῖσθαι
1800 863 1896 916 ἐπὶ

316 957 428 1010 τῶν
485 953 728 1027 οὐρανῶν
765 954 1037 1025 κείμενον,
1083 956 1147 1008 τὸ
1174 956 1230 1010 δὲ
1279 955 1627 1026 άναγγέλλειν
1678 955 1770 1009 ἐπὶ
1799 954 1893 1009 τοῦ

319 1043 699 1118 στερεώματος
732 1043 1042 1115 εἰρημένον.

406 1136 623 1206 Ἡμέρα
671 1133 748 1204 τῇ
797 1135 990 1204 ἡμέρᾳ
1045 1135 1344 1206 ἐρεύγεται
1382 1134 1570 1204 ῥῆμα,
1624 1133 1722 1188 καὶ
1778 1133 1894 1198 νὺξ

314 1229 488 1284 νυκτί
531 1227 886 1298 ἀναγγέλλει
911 1226 1156 1296 γνῶσιν,
1207 1245 1261 1280 κ.
1293 1245 1344 1282 τ.
1399 1228 1444 1280 έ.
1509 1225 1668 1279 Ἀλλά
1704 1227 1798 1278 καὶ
1844 1225 1895 1279 οἱ

313 1321 409 1374 τὸν
442 1320 554 1391 (15)
587 1319 858 1390 θεωρητόν
891 1316 1256 1389 ἀσπαζόμενοι
1313 1318 1425 1389 βίον
1477 1315 1895 1388 θησαυρίζουσιν

314 1413 376 1466 ὲν
399 1410 633 1482 οὐρανῷ,
660 1411 819 1464 κάκεῖ
848 1411 946 1482 τὴν
989 1411 1218 1482 καρδίαν
1260 1409 1497 1480 ἔχοντες,
1533 1409 1754 1479 οὐρανοί
1786 1410 1894 1461 εἰσι

311 1499 657 1572 διηγούμενοι
678 1500 775 1570 τὴν
798 1499 1202 1571 προειρημένην
1218 1496 1351 1551 Θεοῦ
1373 1496 1529 1561 δόξαν
1549 1497 1637 1550 διὰ
1661 1495 1895 1568 Θεωρίας

313 1592 416 1663 τῆς
443 1593 572 1663 περὶ
604 1590 810 1660 νοητῶν
844 1591 1208 1662 πραγμάτων.
1265 1591 1327 1643 Oi
1363 1589 1656 1658 πρακτικοὶ
1688 1587 1744 1640 δὲ
1776 1605 1897 1641 στε-

315 1685 508 1758 ρέωμά
532 1687 688 1745 εἰσιν,
724 1684 921 1754 ἑδραῖοι
951 1683 1329 1754 τυγχάνοντες,
1366 1681 1460 1734 καὶ
1493 1679 1894 1749 ἀπαγγέλλουσι

1999 515 2158 555 renus
2187 515 2447 556 enarrare
2481 508 2658 569 potest
2690 499 2916 570 gloriam
2967 499 3083 555 Dei.
3138 500 3270 556 Nam
3308 522 3326 555 ι
3367 507 3456 576 qui
3495 523 3565 562 ex

1997 601 2141 646 terra
2187 601 2291 658 est,
2345 592 2412 647 de
2459 601 2600 648 terra
2649 592 2887 662 loquitur
2923 592 2988 646 ”.
3025 612 3046 646 ›
3074 592 3236 649 Forte
3267 611 3398 651 vero
3440 600 3565 655 coeli

1995 693 2139 749 sunt,
2181 686 2272 754 qui
2317 696 2511 755 gerunt
2561 688 2851 758 imaginem
2892 691 3151 747 caelestis.
3196 691 3261 747 Hi
3309 701 3566 749 enarrant

1995 777 2220 848 gloriam
2263 778 2377 834 Dei.
2410 781 2548 835 Sunt
2579 793 2758 835 autem
2794 784 2958 837 etiam
2983 784 3106 839 coeli
3134 800 3270 855 opus
3307 801 3563 855 manuum

1998 866 2110 924 Dei.
2135 869 2372 926 Observa
2399 872 2688 927 discrimen
2717 891 2730 926 :
2754 873 2876 928 caali
2903 875 3155 931 dicuntur
3173 878 3388 948 quidem
3415 895 3567 935 enar—

1995 976 2134 1027 rare,
2170 963 2566 1021 ﬁrmamentum
2601 983 2730 1024 vero
2761 970 3107 1026 annuntiare.

2066 1143 2231 1200 Vens.
2269 1147 2323 1202 '5.
2373 1146 2496 1202 Dies
2546 1148 2653 1202 diei
2697 1157 2900 1202 eructat
2945 1147 3176 1214 verbum,
3204 1158 3252 1203 et
3285 1165 3391 1203 nox
3426 1150 3566 1204 nocti

1994 1239 2198 1292 indicat
2239 1239 2532 1305 scientiam,
2564 1249 2673 1294 etc.
2710 1240 2818 1295 Sed
2859 1248 2913 1296 et
2959 1240 3013 1293 hi
3044 1241 3134 1310 qui
3165 1241 3569 1310 contemplatri-

1995 1343 2111 1384 cem
2149 1329 2312 1383 vitam
2345 1329 2761 1398 amplectuntur,
2803 1330 2856 1384 in
2904 1330 3046 1386 cmlo
3088 1331 3476 1395 thesaurizant,
3512 1342 3568 1387 et

1995 1434 2116 1475 cum
2153 1421 2225 1475 ibi
2262 1435 2358 1475 cor
2394 1421 2648 1487 habeant,
2684 1422 2804 1476 coeli
2841 1430 2968 1476 sunt
3010 1422 3101 1491 qui
3135 1423 3442 1484 praedictam
3473 1423 3566 1479 Dei

1994 1514 2216 1584 gloriam
2251 1523 2507 1568 enarrant
2557 1529 2652 1582 per
2689 1515 3055 1583 spiritualium
3097 1529 3278 1570 rerum
3321 1523 3567 1570 eontem-

1994 1609 2305 1678 plationem.
2353 1607 2454 1673 Qui
2499 1616 2676 1662 autem
2724 1609 2980 1663 actricem
3013 1607 3176 1661 vitam
3206 1617 3391 1680 agunt,
3418 1609 3453 1663 ii
3499 1609 3568 1664 ob

1996 1702 2321 1756 soliditatem
2353 1709 2474 1756 sunt
2515 1702 2934 1767 ﬁrmamentum,
2963 1713 3019 1756 et
3048 1704 3369 1758 annuntiant
3406 1715 3567 1771 opera

310 1778 414 1850 τὴν
437 1775 652 1846 ποίησιν
706 1775 816 1829 τῶν
865 1775 958 1830 τοῦ
989 1775 1122 1829 Θεοῦ
1156 1775 1374 1848 χειρῶν,
1428 1773 1782 1846 ἐργαζόμενοι
1823 1774 1889 1828 τὰ

1995 1808 2246 1848 marmura
2293 1791 2408 1856 Dei,
2432 1791 2558 1846 dum
2591 1807 2752 1861 opera
2788 1793 2880 1848 Dei
2908 1802 3164 1850 exercent
3209 1804 3266 1849 et
3314 1795 3414 1863 ipsi
3454 1793 3568 1862 ejus

311 1871 406 1925 τοῦ
445 1870 602 1935 Θεοῦ,
633 1870 726 1924 καὶ
758 1871 950 1923 τούτου
982 1869 1342 1939 τυγχάνοντες
1373 1867 1530 1938 ἔργα.
1567 1867 1676 1920 Καὶ
1710 1867 1742 1936 ἡ
1773 1883 1889 1934 φω-

310 1963 460 2036 nivi]
489 1964 547 2018 δὲ
578 1963 761 2034 νόησις
794 1962 1006 2034 ἡμέρας
1033 1958 1188 2023 οὖσα,
1247 1959 1411 2031 ἑτέρᾳ
1443 1960 1674 2029 φωτεινῇ
1709 1958 1890 2028 νοήσει

311 2055 604 2126 σύμφωνος
628 2051 781 2119 οὖσα,
807 2053 1089 2125 ἐρεύγεται
1114 2051 1282 2122 ῥῆμα·
1309 2051 1386 2114 ὼς
1406 2052 1439 2120 ἡ
1465 2049 1676 2102 Παλαιὰ
1699 2049 1890 2121 Γραφὴ

308 2149 419 2203 τῶν
458 2147 837 2218 πνευματικῶν
867 2144 1215 2219 πληρωθεῖσα
1244 2142 1478 2215 τροφῶν,
1503 2142 1610 2197 ἀπὸ
1630 2142 1725 2196 τοῦ
1755 2142 1894 2214 πλη-η

311 2237 566 2314 ρώματος
599 2237 952 2310 ἐρευγομένη,
979 2235 1346 2308 προσφέρεται
1373 2236 1590 2306 ῥήματα
1608 2236 1674 2305 τῇ
1712 2235 1887 2304 Καινῇ

309 2329 573 2403 Διαθήκῃ.
650 2329 715 2383 Ἦ
764 2329 822 2382 δὲ
851 2329 967 2393 νὺξ,
1025 2330 1058 2400 ή
1132 2326 1406 2398 βαθυτάτη
1445 2325 1555 2380 τῶν
1612 2327 1891 2396 μυστικῶν

310 2421 654 2494 πραγμάτων
701 2419 970 2490 διάληψις,
1016 2420 1153 2491 πρὸς
1197 2418 1390 2490 ἑτέραν
1431 2418 1582 2488 ἡμᾶς
1624 2417 1891 2486 ἀσάφειαν

308 2512 510 2583 ὁδηγεῖ,
567 2514 748 2585 ἥνπερ
778 2511 1029 2582 διάληψιν
1057 2511 1240 2564 δίδωσι
1272 2511 1332 2563 τὸ
1358 2507 1452 2562 τοῦ
1495 2507 1632 2562 Θεοῦ
1667 2508 1890 2580 Πνεῦμα

309 2607 421 2669 τοῖς
442 2605 654 2676 ἔχουσιν
681 2603 840 2658 αὑτό·
876 2603 936 2656 τὸ
958 2603 1052 2657 καὶ
1075 2601 1144 2657 τὰ
1177 2601 1314 2673 βάθη
1343 2600 1578 2674 ἐρευνῶν
1608 2601 1700 2655 τοῦ
1731 2601 1887 2655 Θεοῦ.

326 2698 392 2750 Ἠ
418 2695 579 2751 λαλιὰ
607 2696 660 2749 δὲ
695 2698 1038 2767 προποιεῖται
1070 2697 1185 2758 τοῖς
1216 2694 1426 2763 λόγοις,
1457 2696 1505 2748 οἰ
1533 2695 1588 2748 δὲ
1614 2693 1762 2763 λόγοι
1789 2695 1890 2767 τὴν

308 2792 622 2863 ἐπιστήμην
673 2789 937 2858 ἐπάγουσι
963 2830 976 2853 ,
1029 2789 1128 2852 τὰς
1179 2788 1482 2854 ἀποδείξεις
1537 2788 1886 2860 παρέχοντες.

322 2885 632 2956 Ἀμφότερα
657 2883 715 2936 δὲ
756 2882 844 2936 διὰ
870 2880 1028 2934 τοῦτο
1074 2881 1225 2952 παρὰ
1257 2880 1390 2934 Θεοῦ
1424 2879 1694 2944 λέλεκται,
1741 2881 1889 2945 ὅπως

307 2977 376 3032 ἂν
424 2974 761 3031 άκουσθῶσι·
835 2974 914 3026 διὸ
965 2973 1200 3036 καὶτοῖς
1243 2972 1560 3027 ἀπειθοῦσιν
1613 2974 1713 3027 οὐκ
1743 2972 1888 3027 ἔστιν

309 3068 593 3138 ἀπολογία.
622 3065 873 3140 Χωροῦσι
923 3066 981 3119 δὲ
1021 3065 1114 3119 τὸν
1149 3066 1383 3136 φθόγγον
1417 3064 1530 3119 ὅσοι
1557 3065 1885 3138 τυγχάνουσι

309 3163 383 3233 γῆ
408 3161 544 3234 πρὸς
605 3161 803 3232 σπόρον
835 3158 1137 3230 ἐπιτηδεία,
1190 3159 1288 3230 τὴν
1320 3159 1463 3225 λέξιν
1493 3159 1590 3230 τὴν
1628 3158 1769 3212 κατὰ
1827 3158 1887 3211 τὸ

308 3251 566 3323 αἰσθητὸν
590 3251 688 3322 τῆς
715 3251 959 3322 Γραφῆς.
996 3251 1058 3302 Ol
1092 3249 1148 3302 δὲ
1175 3251 1397 3313 τούτους
1429 3248 1883 3320 ὑπερϐεϐηκότες,

308 3345 404 3399 καὶ
432 3343 644 3415 πέρατα
665 3344 1117 3415 χρηματίζοντες,
1169 3343 1413 3412 δέχονται
1447 3341 1517 3394 τά
1546 3343 1763 3413 ῥήματα
1794 3359 1888 3393 σα-

309 3436 427 3506 φῶς
451 3435 852 3506 παιδευόμενον
889 3435 949 3487 οὑ
985 3434 1220 3504 φθόγγου
1253 3432 1361 3504 γὰρ
1390 3431 1601 3485 ἀκούων
1629 3433 1658 3483 ὁ
1682 3431 1886 3503 Πέτρος

308 3527 460 3594 ἔλεγε
483 3541 502 3559 ο
536 3545 555 3577 ι
597 3527 845 3598 Ῥήματα
893 3523 1036 3597 ζωῆς
1071 3525 1290 3578 αἰωνίου
1317 3524 1477 3594 ἔχεις.
1521 3543 1539 3574 ι
1573 3523 1684 3578 Καὶ
1711 3525 1740 3577 6
1783 3525 1890 3576 Σω-

305 3618 411 3689 τὴρ
457 3616 562 3687 ἔφη
586 3633 600 3647 ⁸
635 3634 652 3667 t
713 3615 793 3668 Τὰ
852 3617 1069 3688 ῥήματα
1111 3613 1146 3668 ἃ
1185 3613 1421 3685 ἐλάλησα
1467 3614 1624 3684 ὑμῖν,
1671 3612 1888 3684 πνεῦμά

306 3712 475 3764 ἐστιν.
516 3727 534 3760 ι
583 3708 930 3771 Ἀποστόλοις
961 3709 1067 3780 γὰρ
1091 3705 1263 3775 ἔλεγε,
1283 3706 1496 3779 πέρατα
1527 3704 1885 3776 τυγχάνουσιν

307 3801 652 3873 οἰκουμένης.

384 3896 506 3948 Οὐκ
540 3893 658 3948 εἰσὶ
689 3892 894 3947 λιι-λιαί
929 3891 1072 3946 οὐδὲ
1102 3892 1290 3963 λόγοι,
1336 3885 1423 3945 ὧν
1469 3889 1604 3960 οὐχὶ
1634 3887 1888 3945 ἀκούων..

311 4003 405 4040 ται
431 3991 487 4040 al
520 3986 708 4056 φωναὶ
738 3983 956 4048 αὐτῶν,
984 4003 1038 4038 κ.
1077 4001 1127 4039 τ.
1169 3985 1216 4038 ἐ.
1248 3985 1321 4039 Οὐ
1350 3984 1545 4038 ταυτὸν
1565 3985 1724 4039 λαλιὰ
1773 3983 1883 4056 (14)

315 4079 410 4133 καὶ
456 4079 630 4148 λόγος,
685 4080 807 4134 ἐπεὶ
853 4079 973 4133 οὐδὲ
1031 4079 1223 4132 ταυτὸν
1252 4081 1280 4132 6
1311 4079 1470 4142 λάλος
1507 4078 1585 4150 τῷ
1608 4078 1803 4150 λογίῳ·
1850 4077 1884 4150 ἢ

312 4172 454 4242 τάχα
485 4171 680 4226 λαλιῶν
713 4173 810 4244 μὲν
836 4173 864 4224 ὁ
890 4171 1146 4241 φθόγγος,
1174 4171 1347 4240 λόγων
1386 4171 1443 4226 δὲ
1477 4171 1544 4224 τά
1578 4172 1813 4243 ῥήματα.

393 4352 497 4409 Ἐν
521 4351 602 4417 τῷ
638 4353 790 4420 ἡλίῳ
819 4349 986 4405 ἔθετο
1013 4351 1081 4404 τὸ
1109 4350 1398 4420 σκήνωμα
1425 4349 1640 4415 αὑτοῦ,
1672 4367 1725 4403 κ.
1758 4367 1809 4402 τ.
1837 4351 1884 4402 ὲ.

319 4445 382 4499 '0
416 4444 618 4515 Κύριος
646 4443 802 4514 ἡμῶν
833 4443 941 4513 (15)
976 4445 1171 4514 όῆλιος
1201 4443 1303 4514 τῆς
1333 4442 1676 4514 δικαιοσύνης
1710 4443 1880 4506 ἐστὶν,

309 4538 370 4590 ὲν
396 4535 543 4605 αὐτῷ
578 4533 636 4587 δὲ.
667 4539 999 4606 κατασκηνοῖ
1038 4537 1066 4588 6
1115 4535 1323 4607 Πατὴρ,
1359 4535 1501 4588 κατὰ
1554 4535 1646 4589 τόο
1682 4555 1703 4587 ε
1744 4534 1886 4604 Ἐγὼ

309 4633 368 4685 ὲν
411 4628 489 4699 τῷ
533 4627 731 4699 Πατρί,
777 4628 872 4680 καὶ
911 4630 939 4681 ὁ
984 4628 1173 4700 Πατὴρ
1206 4631 1264 4680 ὲν
1293 4629 1434 4699 ἐμοί.
1480 4649 1498 4680 ι
1537 4629 1648 4682 Καὶ
1679 4629 1841 4683 πάλιν
1871 4644 1886 4660 ⁶

316 4736 335 4770 ι
383 4717 442 4770 Ὁ
472 4716 664 4787 Πατὴρ
714 4717 770 4768 ὲν
808 4717 933 4786 ἐμοὶ
983 4718 1160 4788 μένων
1188 4718 1350 4781 αὐτὸς
1394 4721 1537 4770 ποιεῖ
1566 4717 1635 4771 τὰ
1669 4717 1824 4790 ἔργα.
1864 4739 1882 4771 ι

310 4811 422 4863 Καὶ
450 4807 479 4860 6
517 4806 871 4870 Ἀπόστολος·
914 4827 933 4858 ‹
965 4808 1098 4873 Θεὸς
1124 4804 1192 4880 ἦν
1221 4811 1280 4862 ὲν
1312 4809 1389 4879 τῷ
1418 4808 1639 4881 Χριστῷ
1682 4810 1886 4882 κόσμον

311 4899 695 4954 καταλλάσσων
721 4896 916 4969 ἑαυτῷ.
951 4919 971 4951 ι

1991 1900 2156 1955 opera
2197 1884 2462 1939 existunt.
2492 1885 2604 1939 Diei
2636 1886 2873 1955 cognitio
2907 1903 3029 1940 cum
3069 1889 3138 1941 sit
3180 1887 3374 1950 lucida,
3405 1897 3459 1941 et
3487 1886 3567 1940 al-

1995 1977 2094 2030 teri
2149 1976 2338 2029 lucidaa
2385 1974 2674 2044 cognitioni
2723 1990 2998 2044 congrua,
3045 1987 3259 2030 eructat
3305 1977 3564 2032 verbum:

1993 2067 2446 2136 quemadmodum
2479 2065 2761 2135 Scriptura
2795 2066 2960 2122 Vetus
2991 2068 3328 2138 spiritalibus
3366 2068 3568 2123 referta

1992 2158 2145 2217 cibis,
2193 2158 2258 2211 de
2302 2157 2634 2226 plenitudine
2689 2174 2785 2212 sua
2829 2169 3104 2225 eructans,
3152 2162 3352 2229 praebet
3403 2161 3566 2214 verba

1993 2247 2141 2302 Novo
2174 2247 2538 2302 'l‘eSIamento.
2585 2247 2700 2303 Nox
2744 2264 2891 2314 vero,
2925 2265 3044 2318 quae
3088 2261 3172 2303 est
3210 2249 3568 2318 profundissi-

1991 2353 2078 2392 ma
2109 2353 2289 2392 rerum
2325 2353 2640 2407 arcanarum
2679 2340 3120 2408 comprehensio,
3158 2341 3226 2393 ad
3273 2340 3434 2394 aliam
3469 2356 3568 2395 nos

1991 2427 2378 2484 obscuritatem
2417 2428 2652 2483 adducit.
2698 2428 2848 2484 Hanc
2893 2431 3428 2498 comprahcnsroncm
3470 2429 3564 2484 Dei

1992 2519 2227 2591 Spiritus
2278 2521 2466 2574 tribuit
2516 2521 2582 2575 iis
2615 2521 2704 2590 qui
2759 2521 2932 2590 ipsum
2987 2521 3204 2575 habent.
3248 2520 3344 2575 Hic
3397 2523 3563 2574 etiam

1990 2611 2256 2684 profunda
2288 2612 2382 2666 Dei
2411 2622 2683 2667 scrutatur
2708 2613 2775 2667 ⁸⁵.
2814 2612 3080 2668 Caeterum
3114 2612 3323 2682 loquela
3352 2627 3564 2668 sermo-

1992 2705 2150 2759 nibus
2175 2705 2544 2776 praemittitur,
2571 2720 2853 2760 sermones
2876 2715 3056 2758 autem
3086 2704 3368 2759 scientiam
3396 2705 3567 2757 addu-

1991 2807 2151 2865 cunt,
2202 2802 2332 2853 dum
2381 2801 2642 2854 exhibent
2690 2800 3202 2854 demonstrationes.
3267 2796 3567 2866 Utrumque

1991 2901 2169 2945 autem
2209 2907 2238 2945 a
2273 2891 2382 2946 Deo
2415 2892 2617 2945 dictum
2654 2901 2735 2946 est
2777 2901 2838 2946 ut
2882 2892 3190 2946 audiantur.
3229 2889 3568 2959 Quapropter

1989 2983 2136 3038 nulla
2167 2992 2417 3054 superest
2447 2982 2743 3038 incredulis
2767 2983 3066 3038 excusatio.
3100 2980 3306 3036 Senum
3344 2981 3567 3050 capiunt

1991 3075 2300 3150 quicunque
2339 3083 2466 3130 sunt
2498 3087 2641 3129 terra
2680 3074 2871 3129 semini
2917 3084 3064 3144 apta,
3115 3074 3169 3127 id
3215 3083 3298 3128 est
3346 3073 3565 3127 litterali

1992 3166 2284 3235 Scriptura:
2318 3169 2520 3223 sensui.
2575 3165 2676 3233 Qui
2701 3181 2828 3219 vero
2861 3165 2947 3220 his
2992 3165 3303 3234 superiores
3334 3175 3477 3229 sunt,
3513 3175 3568 3220 et

1990 3259 2124 3314 lines
2150 3259 2506 3329 appellantur,
2531 3268 2719 3327 aperte
2745 3257 2781 3312 ii
2808 3258 3005 3312 eruditi
3037 3257 3336 3327 suscipiunt
3360 3258 3523 3312 verba
3548 3272 3565 3312 :

1988 3366 2164 3422 neque
2195 3351 2339 3406 enim
2370 3365 2560 3404 sonum
2597 3351 2771 3405 solum
2817 3350 3040 3404 auribus
3081 3349 3322 3419 percepit
3353 3349 3568 3415 Petrus,

1989 3461 2110 3498 cum
2135 3444 2338 3499 dixit”
2372 3461 2386 3499 :
2417 3443 2583 3516 614
2607 3464 2626 3496 ‹
2664 3445 2839 3499 Verba
2883 3445 3002 3498 vita:
3040 3453 3258 3499 aeternae
3308 3443 3498 3498 habes.
3543 3461 3563 3496 ι

1988 3537 2055 3592 Ει
2089 3535 2340 3592 Salvator
2367 3539 2443 3590 ait
2466 3538 2513 3569 ³⁸
2542 3554 2557 3591 :
2590 3555 2609 3588 ‹
2646 3537 2821 3592 Verba
2845 3551 2967 3607 quae
2999 3536 3212 3590 locutus
3245 3550 3362 3590 sum
3391 3535 3567 3602 vobis,

1989 3630 2210 3699 spiritus
2235 3641 2380 3684 sunt.
2415 3649 2434 3682 ›
2460 3630 2684 3685 Dicebat
2708 3630 2852 3684 enim
2879 3631 2981 3685 hoc
3009 3629 3265 3699 apostolis
3287 3630 3378 3700 qui
3409 3639 3570 3684 erant

1992 3723 2124 3776 fines
2158 3724 2310 3778 orbis
2341 3733 2634 3776 terrarum.

2059 3896 2291 3950 VensJ.
2317 3894 2438 3950 Non
2466 3907 2588 3950 sunt
2615 3895 2836 3966 loquela
2868 3913 3029 3967 neque
3053 3913 3315 3951 sermones
3343 3913 3569 3968 quorum

1990 4005 2090 4042 non
2108 3989 2397 4041 audiantur
2417 4005 2558 4041 voces
2579 4004 2778 4054 eorum,
2809 3997 2912 4042 etc.
2935 3987 3048 4042 Non
3081 3988 3222 4044 idem
3248 3999 3332 4044 est
3356 3990 3566 4059 loquela

1990 4087 2153 4146 atque
2179 4094 2380 4144 sermo,
2411 4079 2668 4146 quoniam
2702 4094 2807 4134 non
2837 4079 2982 4134 idem
3023 4089 3108 4135 est
3152 4080 3349 4150 loquax
3387 4097 3452 4136 ac
3480 4084 3566 4137 di-

1988 4182 2186 4227 sertus.
2219 4173 2315 4227 Vel
2349 4171 2485 4227 forte
2517 4187 2686 4227 sonus
2735 4173 2802 4228 ad
2850 4172 3109 4244 loquelas,
3136 4174 3299 4229 verba
3337 4176 3404 4230 ad
3443 4191 3565 4232 ser-

1991 4279 2178 4319 mones
2201 4265 2495 4334 pertinent.

2059 4353 2226 4410 Vsus.
2256 4355 2308 4410 6.
2343 4355 2410 4410 In
2451 4356 2560 4410 sole
2589 4366 2760 4426 posuit
2803 4355 3201 4411 tabernaculum
3253 4372 3427 4420 suum,
3457 4364 3561 4411 etc.

1993 4447 2249 4504 Dominus
2279 4457 2465 4503 noster
2486 4450 2709 4518 justitiaa
2738 4450 2817 4505 sol
2847 4460 2951 4515 est,
2993 4450 3046 4504 in
3073 4464 3180 4518 quo
3223 4448 3383 4503 Pater
3407 4449 3565 4504 babi-

1991 4548 2087 4605 tat,
2109 4538 2264 4607 juxta
2295 4539 2425 4594 illud
2450 4541 2494 4572 ⁹⁷
2523 4555 2537 4594 :
2565 4560 2582 4592 ι
2619 4539 2729 4612 Ego
2759 4541 2812 4596 in
2836 4540 3018 4610 Patre,
3050 4551 3106 4595 et
3131 4539 3291 4595 Pater
3313 4539 3368 4595 in
3397 4555 3503 4596 me.
3540 4558 3559 4592 ι

1989 4631 2056 4685 Ει
2086 4645 2269 4686 rursus
2284 4631 2357 4684 ’9:
2389 4651 2406 4683 ι
2437 4630 2596 4688 Pater
2617 4633 2671 4687 in
2699 4648 2785 4688 me
2806 4647 3031 4689 manens
3054 4633 3169 4702 ipse
3188 4632 3316 4689 facit
3339 4647 3560 4702 opera.»

1989 4723 2057 4778 Et
2087 4724 2378 4793 Apostolus
2414 4727 2458 4757 θ’
2495 4743 2508 4781 ;
2539 4742 2556 4776 ι
2595 4726 2733 4782 Deus
2774 4734 2891 4781 erat
2952 4727 3007 4780 in
3042 4725 3258 4781 Christo
3307 4724 3565 4780 mundum

1992 4817 2350 4873 reconcilians
2382 4817 2509 4873 sibi.
2546 4835 2566 4871 ι

380 5103 494 5176 (16)
520 5101 591 5158 1η
617 5101 728 5158 sole
767 5104 942 5173 posuit
972 5103 1368 5158 tabernaculum
1410 5121 1586 5160 suum.
1618 5104 1758 5172 Quid
1810 5108 2082 5178 est-quod
2124 5107 2300 5163 dixit:
2339 5126 2358 5160 ι
2396 5105 2453 5162 ln
2479 5107 2594 5164 sole
2626 5107 2806 5177 posuit
2854 5107 3264 5163 tabernaculum
3311 5111 3504 5165 suum?
3539 5130 3559 5165 ι

308 5199 538 5269 Quidam
569 5198 788 5269 quidem
825 5199 1075 5254 dicebant
1108 5200 1252 5270 quod
1284 5198 1536 5281 Salvator
1564 5210 1748 5257 noster
1780 5208 2081 5260 ascendens
2125 5220 2156 5260 e
2200 5205 2359 5260 terris
2398 5204 2466 5258 ad
2511 5205 2727 5269 calum,
2763 5213 2816 5259 et
2841 5219 3037 5272 corpus
3075 5221 3230 5260 suum
3259 5205 3563 5278 aSsumeus,

309 5295 554 5366 pervenit
584 5310 753 5365 usque
788 5295 856 5350 ad
886 5310 1012 5351 eum
1045 5297 1306 5352 circulum
1344 5298 1437 5367 qui
1488 5297 1620 5352 solis
1650 5313 1787 5354 zona
1831 5303 2162 5368 nominatur,
2188 5311 2243 5358 et
2288 5303 2383 5369 ibi,
2425 5303 2599 5369 aiunt,
2631 5304 2815 5372 posuit
2861 5301 3265 5356 tabernaculum
3317 5307 3565 5374 corporis

378 5435 426 5468 ’³
443 5434 600 5491 Joan.
629 5453 728 5505 xn,
755 5437 846 5492 5|.
923 5435 1144 5496 “lCor.
1169 5452 1228 5504 tt,
1254 5439 1342 5494 10.
1417 5437 1463 5470 ³³
1485 5435 1636 5494 Joan.
1665 5454 1742 5508 v1,
1766 5440 1855 5498 69.

1999 5441 2238 5498 ibid.65.
2313 5438 2749 5505 "ibid.xtv,l0.
2826 5441 2872 5474 οε
2899 5441 3028 5496 ibid.
3110 5441 3561 5516 "llCor.v,i9.

381 5548 495 5692 (19)
512 5550 662 5604 Οὔτε
690 5536 802 5620 γὰρ
831 5549 928 5622 γῆ,
959 5561 1065 5607 etc.
1103 5551 1416 5608 Corderius.

411 5620 472 5692 13
528 5620 707 5692 Ἀλλὰ
739 5624 837 5675 καὶ
887 5626 941 5676 ol
975 5623 1106 5688 τόν,
1145 5631 1252 5680 etc.
1299 5624 1416 5680 Cori

411 5620 494 5696 13)
528 5620 707 5696 Ἀμέι
739 5620 848 5675 καί
887 5626 942 5696 ol
975 5623 1106 5696 τόν,
1145 5631 1252 5680 etc.
1299 5623 1594 5680 Corderitts
1630 5623 1874 5696 Origeni,

309 5687 582 5760 Barbarus
609 5691 834 5760 Didymo
858 5695 1066 5746 tribuit.

382 5758 493 5829 (14)
527 5761 610 5813 Οὺ
641 5758 862 5816 ταυτὸν
893 5761 1094 5828 λαλιά,
1127 5774 1233 5820 etc.
1272 5764 1495 5820 Scheda:
1526 5765 1735 5825 Gt'abii.

2061 5556 2172 5628 (15)
2213 5556 2278 5610 '0
2303 5557 2518 5626 Κύριος
2545 5555 2734 5626 ήμῶν,
2764 5565 2872 5612 ctc.
2913 5557 3142 5612 Schetlaa
3183 5557 3396 5625 Grabii,
3431 5560 3562 5614 Ba-r-

2199 5697 2387 5770 Exstat
2445 5699 2548 5751 hoc
2589 5697 2956 5770 fragmentum
3007 5699 3057 5753 in
3099 5697 3351 5770 Apologia
3401 5699 3560 5754 Patu—

1989 5768 2119 5838 plnli
2149 5768 2402 5838 martyris
2443 5785 2536 5837 pro
2576 5767 2820 5837 Origene.
