4020 6152
234 270 471 327 μηλιδ

1312 268 1626 326 SELECTA
1655 268 1723 325 ΙΝ
1757 268 2095 327 PSALMOS.
2130 299 2202 310 —-
2240 266 2433 325 PSAL.
2468 268 2611 325 XIX.

3435 254 3575 313 ιεισ

403 381 514 438 Τοῦ
533 381 738 438 αὑτοῦ.
766 400 787 437 ι
826 383 884 437 '0
913 384 1076 455 φόϐος
1100 384 1305 457 Κυρίου
1327 386 1509 455 ἁγνὸς,
1527 385 1795 458 διαμένων
1825 388 1905 451 εἰς

2080 386 2352 457 Ejusdem.
2388 404 2406 436 ι
2450 381 2636 439 Timor
2667 379 2878 436 Domini
2926 386 3130 442 castus,
3159 385 3485 447 permanens
3515 371 3570 426 in

325 474 503 528 αἰῶνα
535 474 746 538 αἰῶνος.
796 493 815 526 ι
872 475 1088 544 Ἀγνεία
1135 476 1281 530 ἐστὶν
1325 477 1437 549 (20)
1492 478 1902 549 ἁμαρτημάτων

325 566 527 637 ἀποχὴ,
550 568 643 620 xa‘t
665 568 693 618 6
715 565 877 635 φόϐος
899 567 1081 635 ἁγνὸς,
1106 567 1180 631 ὼς
1211 567 1407 636 ἁγνοὺς
1439 566 1607 621 ποιῶν
1628 584 1640 597 ·
1697 566 1774 638 τῷ
1793 566 1903 637 γὰρ

328 658 481 728 φόϐῳ
506 657 709 728 Κυρίου
739 657 975 712 ἐκκλίνει
1002 661 1110 723 πᾶς
1131 659 1237 713 ἀπὸ
1265 659 1459 714 κακοῦ.
1496 661 1723 724 Αίὼνιος
1747 660 1804 712 δὲ
1826 659 1902 714 ὢν

325 751 357 804 6
394 748 576 818 φόϐος,
612 750 706 803 καὶ
725 750 973 814 αἰωνίους
1005 745 1085 815 οἷς
1108 749 1174 804 ἃν
1199 751 1421 823 γένηται
1449 753 1610 805 ποιεί.
1636 749 1904 804 Εύλάϐεια

328 843 425 895 καὶ
465 843 492 894 6
520 841 612 895 τοῦ
635 840 769 895 Θεοῦ
812 841 975 910 φόϐος
1005 843 1111 897 τῶν
1139 844 1370 897 αἰωνίων
1394 843 1615 912 ἀγαθῶν
1660 841 1907 915 προξενεῖ

327 934 428 1005 τὴν
450 933 766 989 ἀπόλαυσιν.
790 934 1028 998 Εἰκότως
1055 935 1111 988 δὲ
1134 935 1162 987 6
1181 933 1274 988 τοῦ
1299 934 1433 989 Θεοῦ
1457 934 1621 1006 φόϐος
1646 933 1807 1003 ἁγνός
1824 946 1840 963 ⁸
1876 936 1905 987 6

328 1026 441 1097 γὰρ
470 1025 809 1100 ἀνθρώπινος
848 1026 1095 1099 ψέγεται,
1130 1027 1224 1081 καὶ
1249 1026 1448 1092 δειλίας
1479 1026 1590 1099 ἔχει
1629 1042 1904 1099 προσηγο-

334 1117 458 1189 ρίαν
475 1159 488 1172 .

403 1209 514 1264 Καὶ
545 1210 654 1280 ⁸μὰρ
689 1212 722 1264 ό
742 1210 962 1277 δοῦλός
988 1228 1103 1266 σου
1136 1209 1441 1281 φυλάσσει
1466 1208 1639 1277 αὐτὰ,
1696 1227 1751 1263 κ.
1773 1226 1823 1262 τ.
1856 1209 1903 1264 ὲ.

331 1302 399 1355 Ei
427 1303 456 1354 6
487 1301 671 1367 δοῦλος
692 1301 803 1374 (21)
827 1302 1110 1372 φυλάσσει,
1145 1306 1173 1357 6
1198 1303 1272 1375 μὴ
1299 1303 1590 1372 φυλάσσων
1612 1303 1672 1355 ού
1699 1299 1904 1365 δοῦλος.

333 1392 603 1447 Φυλάσσει
632 1393 689 1447 δὲ
716 1393 784 1447 τὰ
812 1393 1125 1466 ἐπιθυμητά
1150 1393 1243 1448 τοῦ
1271 1392 1405 1447 Θεοῦ
1434 1396 1463 1447 6
1502 1391 1786 1464 ἐπιθυμῶν
1808 1392 1909 1446 οὐκ

333 1482 464 1538 ἄλλο
494 1501 547 1538 τι
579 1485 613 1555 ἢ
660 1483 819 1539 αὐτά.
873 1485 963 1539 Διὸ
1016 1484 1127 1556 ἔχει
1173 1483 1522 1538 ἀνταπόδοσιν
1570 1485 1747 1554 τυχεῖν
1799 1480 1909 1535 τῶν

334 1573 602 1645 ἔπιθυμου
610 1575 805 1647 μένων.
836 1576 917 1631 Τὰ
940 1577 1148 1650 φανερά
1170 1577 1228 1631 δὲ
1256 1575 1625 1648 κατορθώσας,
1644 1575 1771 1646 περὶ
1801 1573 1910 1629 τῶν

335 1665 581 1736 κρυφίων
604 1664 839 1738 εὔχεται.

2001 478 2255 532 saeculum
2311 474 2513 529 saeculi.
2548 492 2568 525 ι
2596 472 2831 527 Castitas
2885 481 2967 525 est
3024 465 3343 524 abstinentia
3376 478 3406 518 a
3440 476 3572 533 pec-

2003 569 2158 633 catis,
2194 579 2249 622 et
2270 568 2432 624 timor
2454 578 2660 631 castus,
2692 564 2893 634 quippe
2917 562 3010 631 qui
3036 570 3215 615 castos
3245 556 3413 612 facit:
3447 567 3572 608 nam

2002 660 2215 716 Domini
2257 662 2450 716 timore
2484 661 2711 730 quilibet
2764 673 2795 711 a
2845 656 2986 711 malo
3015 652 3267 708 declinat.
3313 648 3574 703 Aﬂternns

2004 763 2186 806 autem
2228 767 2347 806 cum
2389 752 2459 805 sit
2500 751 2682 815 timor,
2732 758 2963 802 aeternos
3011 756 3225 813 quoque
3259 740 3429 810 ipsum
3476 738 3577 793 ba-

2003 843 2192 899 bentes
2238 842 2419 898 edicit.
2462 842 2783 897 Reverentia
2833 848 2886 893 et
2936 837 3031 890 Dei
3089 837 3251 889 timor
3308 833 3575 886 bonorum

2004 946 2335 991 aeternorum
2364 935 2602 989 fructum
2636 932 2795 1003 parit.
2833 930 3023 985 Merito
3060 936 3236 981 autem
3288 925 3382 979 Dei
3414 924 3577 977 timor

2005 1038 2186 1083 castus
2228 1037 2354 1083 est:
2392 1028 2660 1082 humanus
2711 1024 2856 1080 enim
2904 1021 3214 1085 damnatur,
3271 1026 3327 1072 et
3377 1014 3576 1071 timidi-

2009 1121 2134 1175 tatis
2178 1118 2439 1174 vocabulo
2468 1118 2793 1171 nominatur.

2077 1209 2243 1265 Vera.
2278 1208 2365 1264 12.
2397 1207 2606 1263 Etenim
2638 1223 2815 1261 servus
2843 1216 2966 1259 tuus
3001 1203 3225 1258 custodit
3252 1217 3335 1266 ea,
3371 1210 3476 1256 etc.
3515 1198 3575 1254 Si

2007 1318 2193 1359 servus
2219 1303 2473 1367 custodit,
2508 1301 2598 1369 qui
2650 1315 2754 1353 non
2799 1296 3054 1364 custodit,
3098 1310 3208 1350 non
3239 1301 3325 1348 est
3360 1306 3573 1347 servus.

2008 1394 2250 1450 Custodit
2297 1405 2476 1448 autem
2526 1389 2902 1446 desiderabilia
2949 1387 3067 1454 Dei,
3113 1384 3206 1455 qui
3252 1381 3387 1437 nihil
3433 1379 3579 1436 aliud

2008 1485 2273 1540 desiderat
2306 1493 2499 1553 praeter
2549 1483 2690 1551 ipsa.
2744 1480 2946 1535 Idcirco
2998 1492 3096 1546 pro
3143 1472 3580 1531 remuneratione

2007 1577 2212 1632 obtinet
2259 1590 2323 1630 ea
2379 1589 2498 1644 quae
2559 1572 2909 1629 desideravit.
2971 1570 3073 1637 Qui
3120 1576 3299 1623 autem
3348 1580 3409 1620 ea
3459 1578 3580 1634 quae

2009 1676 2193 1738 aperta
2224 1673 2372 1730 sunt,
2402 1673 2549 1719 recte
2590 1665 2774 1733 gessit,
2822 1676 2922 1733 pro
2961 1659 3188 1715 occultis
3236 1658 3577 1727 deprecatur.

419 1730 563 1811 ’ἐὰν
609 1730 700 1827 pii
739 1775 860 1828 μου
915 1757 1444 1827 κατακυριεύσωσι,
1506 1757 1639 1812 τότε
1672 1754 1908 1828 ἄμωμος

2042 1730 2060 1738 ’
2083 1757 2242 1812 Vens.
2268 1757 2356 1811 M.
2383 1754 2446 1811 Si
2468 1756 2567 1810 mei
2597 1730 2700 1808 non
2725 1730 2917 1823 fuerint
2940 1750 3218 1816 dominati,
3244 1758 3368 1802 tunc
3391 1748 3581 1799 imma-

336 1846 571 1917 ἔσομαι,
605 1866 659 1903 κ.
692 1867 742 1903 τ.
778 1851 825 1903 ὲ.
865 1849 990 1906 Ἐἀν
1020 1851 1068 1905 οἱ
1101 1850 1368 1922 ἀλλότριοι
1403 1848 1513 1921 (22)
1561 1848 1635 1921 μὴ
1665 1864 1908 1903 κατακυ-

339 1939 623 2012 ριεύσωσιν
651 1941 826 2013 ἡμῶν,
847 1942 967 1996 τότε
991 1943 1211 2013 ἄμωμοι
1256 1942 1512 2013 ἐσόμεθα,
1556 1942 1616 1994 οὐ
1645 1940 1910 2012 πρότερον

335 2033 569 2089 τοιοῦτοι
589 2033 758 2098 ὄντες.
787 2036 1040 2106 Ἀμωμοι
1059 2035 1116 2089 δὲ
1146 2034 1378 2106 ἐσόμεθα
1403 2033 1785 2104 καθαιρόμενοι
1816 2033 1911 2087 καὶ

336 2123 447 2178 an»
483 2122 741 2196 μεγίστης
771 2124 1062 2196 ἁμαρτίας.
1096 2126 1207 2178 Kai.
1238 2125 1331 2180 τοῦ
1381 2125 1478 2197 μὲν
1531 2124 1696 2195 μηδὲν
1751 2122 1911 2192 ἁγνὸν

338 2216 747 2287 προφερομένου
781 2217 845 2269 ὲκ
889 2216 981 2270 τοῦ
1019 2216 1150 2270 ίδίου
1185 2215 1452 2287 στόματος
1479 2214 1547 2269 τὰ
1578 2215 1732 2283 λόγια
1764 2214 1911 2267 ἔσον-

338 2323 427 2360 ται
460 2307 539 2370 είς
570 2304 832 2372 εὐδοκίαν,
857 2306 951 2360 ἆτε
976 2307 1282 2376 ἀνοίγοντος
1312 2306 1374 2359 τὸ
1394 2305 1567 2375 στόμα
1598 2304 1744 2375 μόνῳ
1767 2304 1912 2375 λόγῳ

338 2396 476 2451 Θεοῦ
501 2414 515 2429 ο
541 2394 636 2451 τοῦ
676 2397 733 2451 δὲ
753 2398 995 2451 τοιούτου
1021 2400 1054 2470 ἡ
1100 2398 1297 2469 μελέτη
1319 2396 1421 2467 τῆς
1450 2395 1674 2467 καρδίας
1700 2395 1786 2448 διὰ
1812 2395 1913 2465 τὴν

341 2489 648 2561 παρρησίαν
673 2488 1046 2545 ἐνώπιόν-ἑστι
1067 2489 1160 2543 τοῦ
1192 2487 1347 2554 Θεοῦ,
1379 2489 1439 2542 ού
1466 2488 1596 2541 ποτὲ
1619 2486 1740 2558 μὲν,
1783 2485 1913 2538 ποτὲ

341 2582 401 2636 δὲ
426 2580 508 2646 οῦ,
539 2581 674 2635 ἀλλά
692 2580 781 2635 διὰ
800 2582 1017 2645 παντός.
1045 2580 1268 2644 Οὐδενὸς
1290 2580 1347 2634 δὲ
1371 2579 1609 2642 ἀνιέντος
1629 2578 1727 2650 τὴν
1756 2578 1913 2650 μελέ-

343 2691 443 2745 την
460 2673 561 2744 τῆς
594 2673 783 2728 ἑαυτοῦ
810 2673 1054 2746 καρδίας,
1093 2673 1187 2727 καὶ
1210 2672 1299 2726 διὰ
1337 2672 1497 2726 τοῦτο
1550 2670 1912 2743 μολυνομένου

341 2762 708 2837 διαλογισμοῖς
737 2766 1010 2836 πονηροῖς,
1061 2762 1281 2817 δύναται
1323 2761 1521 2834 μελέτη
1545 2762 1643 2835 τῆς
1688 2760 1913 2834 καρδίας

344 2854 482 2913 εἶναι
508 2858 597 2913 διὰ
627 2859 826 2922 παντὸς
859 2855 1088 2912 ἐνώπιον
1109 2855 1205 2911 τοῦ
1230 2854 1385 2911 Θεοῦ.

916 3166 1210 3223 ΨΑΛΜΟΣ
1233 3165 1332 3221 ΙΘί.

430 3265 789 3321 Ἑποκούσαι
847 3274 964 3316 σου
1005 3239 1220 3329 Κύριοςἱ
1270 3259 1341 3313 ἐν
1391 3257 1581 3329 ἡμέρᾳ
1634 3257 1914 3329 θλίψεως,

347 3358 759 3429 ὑπερασπίσαι
787 3369 902 3409 σου
928 3352 994 3407 τὸ
1024 3353 1207 3422 ὄνομα
1232 3350 1339 3406 τοῦ
1364 3350 1511 3406 Θεοῦ
1546 3351 1751 3406 Ἰακώϐ
1765 3368 1779 3382 ο
1824 3351 1920 3417 ἐξ-

348 3429 703 3507 “(meum
733 3461 832 3502 σοι
855 3445 1145 3511 βοήθειαν
1173 3443 1243 3509 ἐξ
1267 3443 1459 3513 ἁγίου,
1517 3441 1615 3495 καὶ
1647 3441 1716 3495 ἐκ
1766 3441 1920 3495 Σιὼν

348 3540 723 3599 ἀντιλάϐοιτό
776 3552 912 3603 σου,
963 3554 1018 3591 κ.
1074 3553 1125 3589 τ.
1180 3536 1227 3589 ὲ.
1285 3534 1344 3587 '0
1397 3537 1454 3588 ὲν
1483 3536 1640 3605 στενῇ
1676 3532 1788 3605 (25)
1826 3534 1922 3588 καὶ

349 3632 682 3704 τεθλιμμένη
710 3629 989 3700 τυγχάνων
1020 3626 1144 3698 ὁδῷ,
1171 3623 1453 3698 ὲπαγούσῃ
1487 3625 1580 3677 ἐπὶ
1620 3622 1719 3695 τὴν
1751 3623 1919 3697 ζωὴν,

350 3726 570 3789 πάντως
613 3724 646 3795 ἢ
703 3725 762 3777 ὲν
817 3721 981 3775 παντὶ
1022 3718 1280 3782 θλίϐεται,
1332 3717 1425 3770 καὶ
1476 3717 1534 3771 ὲν
1579 3715 1761 3787 ἡμέρᾳ
1806 3715 1922 3769 ἐστὶ

351 3818 583 3888 θλίψεως
604 3833 618 3847 ο
653 3815 733 3870 διὸ
762 3813 1019 3884 τυγχάνει
1050 3812 1148 3883 τῆς
1193 3811 1250 3864 ὲν
1274 3808 1351 3880 τῷ
1388 3806 1749 3862 ὲπακούεσθαι
1775 3806 1923 3859 εὐλο-

351 3907 501 3975 γίας,
528 3902 597 3979 ἦς
638 3902 997 3973 ἀποτυγχάνει
1029 3903 1057 3955 6
1107 3903 1164 3954 ὲν
1193 3897 1423 3968 πλατείᾳ
1449 3896 1545 3952 ὥν.
1598 3894 1689 3949 Διὸ
1724 3895 1922 3966 μᾶλλον

353 4001 411 4054 δν
435 3999 620 4071 ἡμέρᾳ
638 3996 869 4067 θλίψεως
891 3991 1031 4049 εἷναι
1055 3992 1369 4063 θελήσωμεν
1386 4006 1400 4021 ο
1427 3988 1790 4060 ὑπερασπίσει
1815 3988 1922 4060 γὰρ

273 4126 277 4130 ι
352 4093 511 4166 ἡμῶν
533 4092 595 4146 τὸ
630 4091 798 4162 ὄνομα
817 4086 911 4141 τοῦ
945 4085 1080 4139 Θεοῦ
1121 4083 1336 4147 Ἰακὼϐ,
1363 4082 1411 4135 εί
1436 4081 1784 4150 ἐνδυσάμενοι
1826 4078 1923 4150 τὴν

355 4184 656 4242 πανοπλίαν
699 4180 863 4237 αὐτοῦ
914 4179 1176 4249 σταίημεν
1209 4176 1344 4248 πρὸς
1373 4174 1472 4238 τὰς
1525 4172 1801 4245 μεθοδείας
1829 4168 1923 4224 τοῦ

353 4277 621 4335 διαϐόλου.
679 4271 979 4345 Εύχώμεθα
1014 4265 1106 4323 οὖν
1137 4268 1355 4330 πάντως
1382 4267 1437 4319 ὲν
1466 4264 1648 4336 ἡμέρᾳ
1672 4262 1923 4332 θλίψεως,

357 4372 443 4426 ἵνα
469 4365 914 4437 ὲπακουσθῶμεν,
957 4360 1252 4431 ἀηελικῆς
1288 4360 1323 4431 ἦ
1353 4376 1498 4423 τινος
1540 4357 1793 4428 τοιαύτης
1838 4357 1925 4422 ὲξ-

354 4456 823 4530 αποστελλομένης
846 4457 976 4528 ἡμῖν
1007 4454 1107 4525 τῆς
1159 4451 1431 4524 βοηθείας,
1482 4450 1516 4523 ἢ
1558 4449 1807 4522 βοηθείας
1831 4446 1924 4502 τοῦ

355 4549 615 4625 Χριστοῦ.

434 4643 544 4698 Τοῦ
581 4639 785 4696 αὑτοῦ.
844 4638 902 4691 Ὀ
936 4637 1033 4708 τὴν
1066 4633 1256 4706 στενὴν
1287 4632 1399 4705 (24)
1424 4634 1520 4687 καὶ
1561 4631 1925 4703 τεθλιμμένην

356 4732 556 4790 ὁδεύων
579 4732 695 4787 ὁδὸν
727 4730 812 4784 ἀεί
836 4731 980 4782 ἐστιν
1013 4728 1070 4780 ὲν
1096 4726 1324 4796 θλίψεσι,
1353 4725 1446 4778 καὶ
1499 4724 1785 4795 εὐχόμενος
1817 4725 1927 4776 εἱσ-

358 4825 615 4884 ακούεται
632 4840 646 4855 υ
700 4823 730 4876 6
781 4820 1042 4875 πλατεῖαν
1073 4818 1195 4873 οὔτε
1221 4816 1477 4882 θλίϐεται,
1500 4813 1623 4869 οὗτε
1647 4814 1921 4869 ἀκούεται.

358 4916 661 4990 Εὐχὼμεθα
690 4909 784 4971 οῦν
818 4914 876 4967 ὲν
917 4912 1177 4982 θλίψεσιν,
1213 4910 1300 4963 ἵνα
1322 4906 1784 4977 εἰσακουσὼμεθα.
1818 4904 1928 4957 Καὶ

371 5011 618 5078 Ἐζεκίας
645 5007 755 5081 γὰρ
780 5006 879 5079 τὴν
905 5003 1189 5074 ἐπιστολὴν
1220 4999 1400 5055 λαϐὼν
1428 4999 1790 5070 Σεναχηρεὶμ,
1835 4995 1929 5050 καὶ

359 5103 420 5157 ὲν
468 5099 546 5172 τῷ
593 5097 709 5170 ναῷ
755 5095 960 5166 ταύτην
1009 5093 1084 5165 τῷ
1129 5090 1246 5163 Θεῷ
1300 5090 1624 5154 ἐπιδεικνὺς,
1673 5087 1766 5142 τοῦ
1797 5086 1929 5141 λαοῦ

361 5193 502 5264 ὑπὲρ
528 5189 693 5246 αὐτοῦ
728 5187 1019 5261 εὐχομένου
1052 5181 1402 5253 εἰσηκούσθη.

430 5282 739 5353 Μνησθείη
785 5279 989 5348 πάσης
1014 5277 1230 5343 θυσίας
1260 5291 1396 5341 σου,
1447 5288 1548 5326 και
1581 5269 1649 5324 τὸ
1680 5269 1931 5325 ὁλοκαύ-

437 5480 547 5553 (Ξθ)
586 5478 816 5552 Ἀγνεία
864 5474 1058 5545 ἐστίν,
1108 5483 1220 5531 etc.
1266 5468 1491 5527 Scheda‘.
1524 5464 1711 5523 Grabii
1736 5505 1753 5534 ,
1803 5463 1938 5520 Bar-

363 5553 553 5747 Ξξξῖ
572 5621 641 5745 Eg
675 5623 709 5676 ὁ
733 5616 978 5686 δοῦλος,
1001 5623 1111 5676 etc.
1133 5610 1447 5682 Corderius,
1480 5607 1694 5666 schedre
1723 5603 1934 5674 Grabii,

414 5724 427 5744 ο
548 5707 609 5745 ru
645 5730 661 5746 .

414 5707 661 5746 arbarus.

1939 3171 1988 3236 C

2009 1848 2216 1904 culatus
2241 1864 2349 1914 cro,
2389 1859 2497 1903 etc.
2537 1844 2593 1900 Si
2627 1844 2786 1900 alieni
2827 1859 2930 1897 non
2975 1842 3172 1896 fuerint
3204 1840 3359 1895 nobis
3402 1836 3577 1891 domi-

2011 1942 2144 2004 nati,
2176 1949 2299 1994 tunc
2331 1936 2656 1992 immaculati
2700 1936 2923 1998 erimus,
2955 1949 3078 1986 cum
3129 1931 3276 1999 prius
3312 1926 3446 1981 tales
3472 1941 3577 1979 non

2011 2047 2273 2088 essemus.
2324 2028 2659 2085 lmmaculati
2696 2038 2876 2081 autem
2932 2025 3134 2079 erimus
3177 2032 3232 2076 et
3272 2036 3302 2074 a
3347 2019 3582 2073 maxime

2011 2132 2236 2194 peccato
2287 2123 2508 2192 expiati.
2545 2121 2716 2189 Atque
2767 2117 2883 2186 ejus
2929 2115 3144 2186 quidem
3188 2112 3276 2182 qui
3316 2109 3447 2165 nihil
3481 2109 3581 2163 nisi

2013 2225 2220 2271 castum
2244 2230 2310 2269 ex
2333 2228 2429 2268 ore
2463 2226 2561 2268 suo
2585 2210 2814 2280 profert,
2839 2207 3047 2276 eloquia
3077 2212 3234 2259 erunt
3258 2213 3315 2256 ut
3347 2201 3582 2268 compla-

2012 2316 2186 2369 ceant,
2216 2306 2414 2376 quippe
2436 2303 2524 2373 qui
2559 2317 2662 2356 non
2691 2301 2897 2371 aperiat
2919 2314 2981 2353 os
3008 2297 3110 2351 nisi
3135 2295 3235 2349 soli
3262 2293 3426 2349 verbo
3465 2291 3582 2347 Dei.

2012 2394 2184 2465 Hujus
2215 2404 2393 2450 autem
2426 2392 2702 2449 meditatio
2733 2391 2916 2447 cordis
2954 2389 3006 2442 in
3041 2395 3330 2455 conspectu
3370 2382 3463 2437 Dei
3502 2393 3586 2439 est

2013 2502 2249 2556 semper.
2275 2485 2481 2541 Nullius
2517 2493 2697 2538 autem
2735 2482 2823 2550 qui
2871 2480 3140 2534 remiserit
3178 2475 3581 2530 meditationem

2018 2577 2200 2634 cordis
2227 2575 2311 2630 sui
2344 2584 2402 2628 et
2432 2582 2714 2643 propterea
2744 2570 3011 2641 perversis
3053 2565 3465 2635 cogitationibus
3500 2564 3580 2617 in-

2017 2668 2272 2739 quinatus
2300 2666 2484 2729 fuerit,
2518 2673 2697 2735 potest
2732 2663 3012 2719 meditatio
3046 2660 3225 2717 cordis
3269 2659 3322 2713 in
3354 2671 3578 2726 conspe-

2018 2772 2107 2816 ctu
2136 2760 2231 2816 Dei
2257 2774 2377 2815 esse
2404 2772 2637 2829 semper.

2543 3152 2862 3212 PSALMUS
2917 3150 3055 3206 XIX.
3418 3192 3427 3197 -

2095 3251 2263 3325 616
2284 3249 2454 3311 Vens.
2475 3250 2548 3307 25
2596 3246 2869 3302 Exnudiut
2906 3256 2953 3297 te
2987 3241 3242 3296 Dominus
3276 3240 3331 3293 in
3371 3239 3455 3293 die
3486 3238 3586 3292 tri-

2021 3351 2303 3408 bulationis
2324 3388 2342 3412 ,
2371 3351 2605 3417 protegat
2632 3350 2679 3394 te
2708 3354 2891 3392 nomen
2921 3336 3016 3391 Dei
3041 3335 3204 3390 Iacob
3236 3351 3254 3399 ;
3294 3334 3464 3387 mittat
3492 3331 3587 3385 tibi

2019 3444 2275 3499 auxilium
2316 3439 2379 3492 de
2412 3443 2617 3495 sancto,
2650 3442 2697 3487 et
2731 3433 2796 3486 de
2836 3430 2970 3485 Sion
3012 3435 3219 3482 tueatur
3248 3434 3317 3493 te,
3345 3435 3450 3479 etc.
3484 3423 3589 3492 Qui

2019 3539 2075 3594 in
2106 3543 2333 3607 angusta
2365 3541 2422 3586 et
2468 3538 2619 3583 arcta
2654 3528 2737 3580 via
2785 3534 2890 3589 est,
2930 3536 3049 3592 qua:
3093 3519 3238 3575 ducit
3280 3518 3346 3572 ad
3402 3517 3587 3581 vitam,

2021 3628 2242 3686 omnino
2273 3635 2366 3680 aut
2391 3624 2442 3677 in
2471 3620 2725 3676 omnibus
2759 3615 3066 3678 tribulatur,
3096 3621 3151 3666 et
3183 3622 3263 3665 est
3290 3611 3341 3664 in
3373 3610 3459 3663 die
3488 3609 3588 3663 tri-

2021 3720 2349 3778 bulationis:
2383 3723 2709 3786 quapropter
2749 3710 2956 3765 obtinet
2976 3705 3335 3758 exaudilionis
3368 3703 3589 3756 benedi-

2025 3815 2254 3869 ctionem
2280 3825 2382 3880 qua
2414 3807 2704 3862 frustratur
2733 3804 2779 3857 is
2807 3800 2895 3869 qui
2926 3800 2979 3852 in
3010 3797 3118 3850 lata
3151 3797 3236 3849 via
3266 3794 3593 3861 estQuam-

2022 3907 2207 3963 obrem
2238 3903 2413 3973 potius
2438 3898 2662 3953 velimus
2689 3907 2807 3948 esse
2838 3892 2890 3944 in
2919 3890 3003 3944 die
3030 3887 3392 3943 tribulationis
3418 3904 3435 3944 :
3464 3901 3593 3955 pro-

2024 4005 2169 4066 teget
2204 3994 2346 4049 enim
2381 4007 2479 4046 nos
2525 4001 2717 4043 nomen
2767 3983 2855 4036 Dei
2901 3980 3086 4045 Jacob,
3127 3980 3171 4035 si
3209 3979 3379 4034 induti
3416 3993 3594 4031 arma-

2025 4096 2199 4142 turam
2243 4082 2380 4152 ejus,
2412 4080 2620 4135 artihus
2652 4073 2849 4128 diaboli
2898 4072 3231 4126 resistamus.
3274 4069 3595 4125 Omnimodo

2024 4178 2188 4249 igitur
2232 4176 2285 4230 in
2331 4174 2417 4228 die
2465 4168 2826 4225 tribulationis
2857 4178 3091 4229 oremus,
3126 4172 3184 4217 ut
3221 4163 3591 4230 exaudiamur,

2026 4279 2080 4326 et
2128 4268 2428 4339 angelicum
2478 4265 2560 4318 vel
2618 4264 2760 4317 aliud
2814 4261 3075 4329 eiusmodi
3124 4259 3383 4313 auxilium
3437 4259 3595 4321 nobis

2028 4364 2301 4428 mittatur,
2327 4359 2412 4415 vel
2437 4357 2693 4413 auxilium
2721 4354 2945 4411 Christi.

2109 4624 2375 4697 Ejusdem.
2413 4621 2512 4689 Qui
2553 4636 2648 4691 per
2694 4625 2977 4687 angustam
3024 4623 3076 4669 et
3120 4623 3325 4667 arctam
3361 4611 3599 4670 ambulat

2030 4735 2198 4784 vram,
2222 4732 2430 4785 semper
2457 4723 2539 4769 est
2594 4714 2644 4766 in
2689 4707 3141 4769 tribulationibus,
3172 4717 3226 4759 et
3255 4719 3376 4758 cum
3408 4719 3596 4773 preca-

2034 4820 2141 4875 tur,
2173 4809 2495 4872 exauditur;
2529 4804 2618 4874 qui
2648 4814 2827 4857 autem
2855 4801 3019 4854 latam
3050 4806 3197 4851 tenet
3232 4797 3392 4861 viam,
3426 4809 3598 4863 neque

2036 4902 2344 4965 tribulatur,
2376 4914 2549 4967 neque
2579 4893 2883 4950 exauditur.
2916 4891 3142 4947 Oremus
3176 4905 3305 4960 ergo
3342 4888 3392 4942 in
3426 4890 3597 4942 tribu-

2033 4993 2320 5049 lationibus
2353 5000 2411 5046 ut
2442 4989 2815 5046 exaudiamur.
2860 4983 3118 5039 Ezechias
3149 4995 3269 5036 cum
3314 4980 3596 5049 epistolam

2035 5099 2064 5138 a
2111 5082 2479 5139 Senuacherib
2528 5082 2844 5150 accepisset,
2881 5084 2935 5131 et
2977 5090 3096 5130 eam
3154 5073 3262 5127 Deo
3299 5073 3351 5126 in
3398 5077 3599 5139 templo

2035 5176 2381 5241 ostendisset,
2410 5174 2606 5245 popqu
2640 5190 2736 5243 pro
2766 5185 2830 5225 eo
2866 5177 3055 5224 orante
3082 5167 3364 5220 exauditus
3389 5171 3490 5218 est.

2104 5266 2268 5323 Vens.
2299 5266 2353 5320 4.
2382 5264 2584 5319 Memor
2622 5263 2688 5316 sit
2729 5258 2896 5315 omnis
2942 5253 3190 5316 sacriﬁcii
3229 5252 3330 5319 tui,
3363 5261 3412 5305 et
3448 5245 3603 5300 Itolo.

2108 5463 2222 5596 με)
2246 5463 2390 5554 "Ed-r-
2416 5465 2470 5515 οὶ
2496 5461 2822 5539 ἀλλρφιοι,
2850 5464 2953 5509 etc.
2977 5450 3287 5534 Cprderius.

2131 5534 2226 5596 23)
2274 5538 2317 5587 0
2348 5533 2417 5586 ὲν·
2446 5544 2654 5596 στέγῃ.
2681 5541 2786 5583 etc.
2814 5525 3162 5596 Co_rden_us._
3236 5590 3249 5596 _
3274 5589 3287 5596 _

2131 5534 2226 5606 26)
2259 5535 2317 5606 Ὁ
2348 5533 2417 5606 ἐν
2446 5527 2658 5606 στενῇ,
2681 5541 2786 5583 etc.
2814 5525 3126 5606 Gortlerips.

2106 5589 2221 5678 (eti
2255 5605 2310 5658 '0
2340 5602 2454 5672 τὴν
2477 5589 2723 5667 oretur,
2746 5608 2851 5655 etc.
2876 5592 3101 5650 Scaeuae
3123 5589 3334 5648 Grabii.
