4020 6152
491 207 631 264 1247

1862 208 1955 265 EX
1991 206 2292 266 ORIGENE

3611 215 3727 274 1248

483 335 726 379 caustum
759 333 908 377 tuum
932 323 1125 395 pingue
1155 325 1271 392 ﬁat,
1299 333 1406 381 etc.
1456 324 1722 382 Animalia
1747 328 1963 399 quidem
1993 332 2057 384 ir-

2167 328 2330 400 τωμά
2358 343 2475 385 σου
2499 331 2783 401 πιανιίτω,
2811 350 2863 389 κ.
2898 352 2949 389 τ.
2979 334 3029 389 ἐ.
3057 333 3140 388 Τὰ
3169 333 3268 405 μὲν
3289 333 3467 403 ἄλογα
3502 300 3729 405 (εὗίζῶα

484 418 828 474 rationabilia
880 418 1044 475 obesa
1091 421 1487 491 sacriﬁcantur,
1521 433 1577 479 et
1618 423 1827 496 integra
1876 427 2064 482 incen-

483 512 719 577 duntur;
766 511 1104 568 rationabilia
1150 528 1282 568 vero
1333 524 1455 584 post
1503 515 1817 572 holocausta
1847 520 2062 590 pinguia

484 603 640 666 ﬁunt,
681 602 947 672 siquidem
996 611 1121 673 post
1179 605 1321 675 ignis
1381 608 1557 662 sancti
1614 610 2061 680 expurgationem

482 692 791 763 cognitione
829 693 1051 764 dignum
1101 696 1163 750 ﬁt
1206 697 1350 766 quod
1387 705 1557 752 totum
1594 699 1715 769 igne
1759 701 2063 757 sanctiﬁca-

482 794 595 836 tum
626 791 729 838 est.
766 782 993 854 Pinguia
1027 785 1168 841 Deus
1212 785 1439 854 alicujus
1483 786 1797 844 holocausta
1825 789 1972 856 facit,
2003 802 2064 845 ut

482 876 756 947 pinguedo
788 877 996 932 nutriat
1030 879 1207 948 ignem
1241 880 1292 933 in
1327 880 1503 934 altari.
1540 880 1711 936 Porro
1738 882 2062 937 inanimato-

482 983 603 1023 rum
649 983 925 1038 nunquam
970 980 1054 1024 est
1099 971 1451 1036 sacriﬁcium,
1486 971 1848 1027 animatorum
1878 981 2061 1029 autem

480 1064 608 1112 sunt
637 1056 1118 1115 holocaustomata.

555 1146 830 1218 Ejusdem.
882 1147 1053 1213 Istud,
1093 1168 1113 1202 ι
1148 1151 1344 1215 omnis,
1387 1170 1407 1204 ι
1440 1152 1711 1224 signiﬁcat
1764 1153 2059 1211 multitudi-

483 1254 635 1306 nem,
666 1255 731 1296 ac
759 1240 806 1296 si
830 1242 1121 1311 paucitatis
1150 1260 1255 1299 non
1287 1247 1614 1301 meminerit.

553 1332 719 1391 Vens.
780 1333 834 1390 5.
898 1334 1116 1390 Tribuat
1174 1338 1270 1391 tibi
1330 1339 1582 1394 Dominus
1633 1341 1919 1396 secundum
1970 1358 2062 1396 cor

480 1434 651 1493 tuum,
681 1435 790 1482 etc.
824 1428 955 1494 Qua:
993 1427 1162 1484 Deum
1202 1430 1360 1486 decet
1401 1433 1549 1497 dare,
1582 1442 1637 1487 et
1668 1443 1937 1503 petentem
1970 1450 2060 1489 ac-

479 1518 887 1589 cipere,utpote
916 1521 1177 1577 scientem
1206 1524 1333 1592 quid
1363 1540 1522 1580 orare
1551 1536 1818 1594 Oporteat,
1846 1536 1900 1580 et
1926 1542 2061 1595 quo-

2164 422 2491 494 πιαινὸμενα
2523 421 2707 479 θύεται
2765 426 2860 479 καὶ
2910 424 3333 489 ὁλοκαυτοῦται,
3360 427 3433 481 τὰ
3477 426 3534 480 δὲ
3557 427 3728 498 λογικὰ

2166 516 2308 587 μετὰ
2351 516 2413 571 τὸ
2453 517 2890 589 ὁλοκαυτωθῆναι
2924 518 3218 582 πιαίνεται,
3266 519 3324 571 ei
3350 536 3419 589 γε
3477 519 3617 590 μετὰ
3646 520 3727 591 τὴν

2162 605 2318 675 ἁγίου
2349 608 2520 679 πυρὸς
2558 607 2823 680 κάθαρσιν
2854 608 3205 675 καταξιοῦται
3229 606 3493 677 γνώσεως
3518 607 3729 678 eum.

2164 713 2258 768 ρον
2283 697 2748 770 καθαγιαζόμενον
2779 701 2929 771 πυρί.
2984 699 3193 753 Πιαίνει
3215 701 3244 752 ὁ
3272 698 3408 761 Θεὸς
3441 697 3733 752 ὁλοκαυτώ-

2164 791 2312 859 ματά
2341 809 2503 855 τινος.
2552 792 2638 846 ἵνα
2688 794 2721 864 ή
2777 792 2970 863 πιότης
3001 791 3179 867 τρέφῃ
3202 792 3266 847 τὸ
3304 792 3400 845 ἐπὶ
3428 790 3528 845 τοῦ
3560 790 3735 845 θυσια-

2163 883 2385 953 στηρίου
2417 882 2548 956 πῦρ.
2581 883 2865 956 Μηδέποτε
2892 883 3115 956 ἀψύχων
3140 886 3239 957 μὲν
3272 886 3307 957 ή
3342 883 3531 948 ουσία,
3566 882 3733 954 ἐμιμ-

2160 991 2271 1044 χων
2296 974 2354 1030 δὲ
2381 974 2449 1030 τὰ
2471 975 2918 1048 ὁλοκαυτώματα.

2232 1155 2345 1209 Τοῦ
2366 1154 2554 1209 αὐτοῦ
2601 1153 2695 1215 Τὸ,
2737 1171 2756 1203 t
2798 1152 2978 1225 πάσης
3003 1150 3136 1224 (26),
3171 1170 3189 1203 ι
3222 1148 3481 1221 ἐμφαίνει
3509 1147 3722 1219 πλῆθος,

2154 1246 2231 1313 ὡς
2261 1248 2320 1300 οὐ
2352 1246 2700 1319 μεμνημένου
2726 1245 2931 1315 ὀλίγης.

2226 1336 2350 1406 Δῴη
2384 1352 2482 1391 σοι
2506 1338 2721 1405 Κύριος
2749 1336 2900 1389 κατὰ
2927 1333 3043 1404 τὴν
3065 1332 3318 1403 καρδίαν
3342 1345 3487 1396 σου,
3519 1347 3571 1383 κ.
3604 1347 3655 1383 τ.
3679 1330 3724 1386 ἑ.

2161 1430 2229 1484 Ἀ
2262 1428 2461 1502 πρέπει
2487 1428 2607 1500 Θεῷ
2633 1427 2814 1482 δοῦναι
2842 1426 2975 1498 (27),
3001 1427 3095 1481 καὶ
3128 1424 3373 1479 αἰτοῦντι
3404 1423 3613 1487 λαϐεῖν,
3658 1422 3729 1486 ὡς

2155 1520 2315 1575 εἰδότι
2346 1520 2399 1573 τί
2427 1519 2826 1593 προσεύξασθαι
2854 1520 2954 1583 δεῖ,
3011 1518 3105 1573 καὶ
3136 1517 3258 1571 καθ’
3305 1516 3334 1569 ὃ
3388 1516 3491 1571 δεῖ.
3526 1516 3596 1567 Ἦ

480 1610 645 1665 modo
673 1619 941 1680 oporteat.
969 1612 1067 1668 Vel
1093 1614 1294 1669 tribuat
1320 1616 1411 1670 tibi
1444 1616 1703 1671 Dominus
1732 1617 1785 1672 id
1812 1620 1879 1672 ad
1910 1618 2055 1689 quod

2157 1632 2239 1667 σοι
2276 1613 2481 1685 Κύριος
2504 1614 2583 1676 είς
2608 1612 2637 1666 ὃ
2669 1615 2836 1685 χωρεί
2861 1615 2895 1685 ή
2928 1609 3158 1684 καρδία,
3182 1610 3283 1681 τὴν
3309 1608 3508 1680 βουλήν
3543 1624 3636 1660 σου
3658 1604 3730 1669 ὥς

482 1703 655 1757 tendit
681 1718 797 1771 cor,
829 1705 1113 1760 consilium
1144 1716 1291 1761 tuum
1323 1718 1573 1777 tanquam
1600 1710 1819 1766 bonum.

553 1794 719 1849 Vsus.
746 1796 800 1849 6.
835 1795 1154 1851 Laztubimur
1179 1801 1232 1854 in
1258 1801 1485 1854 salutari
1513 1814 1624 1865 tuo,
1654 1811 1758 1857 etc.
1800 1801 2055 1858 Homines

480 1896 574 1940 aut
600 1888 651 1940 iu
682 1887 909 1954 divitiis,
942 1898 1035 1943 aut
1077 1890 1130 1944 in
1174 1891 1369 1960 gloria,
1401 1904 1495 1946 aut
1532 1893 1585 1946 in
1612 1896 1826 1964 generis
1862 1894 2056 1949 nobili-

480 1986 595 2032 tate
629 1979 902 2044 lctantur,
932 1992 1149 2036 sanctus
1185 1995 1313 2037 vero
1354 1984 1404 2037 in
1451 1984 1544 2040 Dei
1596 1984 1845 2043 salutari.
1874 1984 2054 2041 Patris

478 2078 658 2124 autem
692 2070 929 2126 salutare
961 2072 1013 2126 in
1050 2076 1251 2129 mundo
1280 2073 1495 2143 Filius;
1540 2078 1779 2134 salutare
1822 2077 1946 2133 Filii
1997 2078 2052 2133 in

475 2163 678 2217 mundo
702 2174 787 2218 est
831 2179 999 2231 crux;
1032 2168 1269 2223 salutare
1300 2168 1366 2221 de
1397 2182 1503 2238 quo
1546 2170 1746 2225 dictum
1787 2181 1891 2238 est,
1926 2171 2051 2241 quia

480 2270 503 2306 ι
527 2264 685 2308 natus
709 2263 793 2309 est
822 2257 977 2312 nobis
1001 2258 1161 2313 hodie
1193 2260 1440 2316 Salvator
1457 2261 1714 2317 Dominus
1726 2263 1769 2330 ⁵,
1794 2282 1814 2316 ι
1848 2264 1917 2319 de
1945 2280 2051 2333 quo

474 2345 611 2401 dixit
646 2345 890 2415 Simeon,
928 2368 949 2401 ι
988 2350 1127 2417 Quia
1173 2351 1426 2408 viderunt
1470 2354 1611 2408 oculi
1661 2355 1767 2409 tnei
1812 2354 2050 2411 salutare

476 2446 627 2503 tuum
653 2441 695 2496 ⁵.
733 2460 753 2493 ι

540 2528 707 2601 617
739 2531 1013 2603 Ejusdem.
1044 2533 1296 2590 Salutare
1320 2536 1412 2591 Dei
1446 2544 1550 2607 est,
1587 2537 1639 2591 in
1666 2539 1784 2607 ipso
1811 2539 2045 2596 salvari;

472 2621 528 2677 in
561 2625 683 2679 ﬁliis
732 2637 912 2682 autem
962 2629 1243 2684 hominum
1291 2633 1409 2686 hzec
1438 2646 1543 2686 non
1601 2642 1685 2687 est
1734 2634 1899 2690 salus.
1936 2635 2046 2689 lm-

473 2712 694 2783 plentur
717 2732 849 2773 vero
876 2719 1167 2789 petitiones
1192 2722 1308 2790 ejus
1338 2723 1431 2793 qui
1462 2724 1595 2792 petit
1626 2741 1820 2797 magna
1850 2738 1904 2782 et
1935 2742 2045 2783 cce-

472 2803 651 2863 lentia.

550 2899 710 2954 Vsus.
740 2899 791 2956 7.
830 2900 1052 2971 Impleat
1092 2904 1343 2960 Dominus
1383 2923 1557 2962 omnes
1601 2910 1879 2978 petitiones
1901 2919 2043 2977 tuas,

472 3000 582 3046 etc.
618 2993 688 3047 At
718 3008 821 3047 nou
857 2994 1023 3049 malas
1056 2998 1363 3064 petitiones.
1422 3001 1521 3055 Cui
1580 3002 1850 3057 sacriﬁcia
1883 3004 2044 3056 obtu-
2071 3022 2115 3080 ρ

474 3080 609 3148 listi,
647 3082 693 3136 is
717 3082 943 3151 impleat
963 3099 1299 3157 quacunque
1325 3102 1507 3145 mente
1528 3091 1754 3161 petiisti,
1782 3094 2044 3162 quoniam

473 3172 544 3229 at
577 3175 695 3245 ipso
722 3175 956 3231 alienum
984 3196 1091 3234 nou
1123 3191 1206 3235 est
1232 3182 1517 3237 consilium
1554 3195 1728 3239 tuum.

549 3354 816 3411 Exaudiet
844 3357 995 3411 illum
1020 3360 1084 3413 de
1112 3359 1239 3414 coelo
1288 3372 1474 3417 sancto
1503 3380 1622 3430 suo,
1675 3372 1782 3419 etc.
1812 3364 2048 3419 Exattdit

472 3450 619 3503 enim
662 3448 924 3505 Dominus
984 3465 1199 3505 omnem
1253 3465 1458 3525 regem,
1504 3454 1597 3525 qui
1633 3457 1824 3526 aRege
1858 3472 2044 3527 regum

473 3537 703 3609 regitur.

550 3711 711 3772 Vens.
744 3716 797 3773 9.
830 3716 945 3785 Ipsi
974 3718 1190 3789 obligati
1223 3730 1346 3774 sunt
1375 3727 1425 3774 et
1456 3721 1776 3788 ceciderunt,
1803 3730 1911 3777 etc.
1939 3721 2047 3775 Διί-
2101 3774 2108 3782 ,

472 3810 703 3864 versarii
760 3811 977 3880 quidem
1006 3825 1131 3867 cum
1164 3813 1370 3868 malitia
1420 3813 1475 3868 in
1534 3830 1633 3868 nos
1663 3816 1926 3884 impetum
1956 3812 2045 3868 fa-

473 3906 648 3963 ciunt,
685 3912 783 3953 nos
818 3914 946 3955 vero
991 3917 1114 3956 cum
1166 3901 1370 3958 Christi
1404 3904 1598 3958 notitia
1646 3903 1756 3959 illis
1797 3904 2044 3959 occurri-

472 4003 595 4044 mus
629 4004 646 4041 :
678 3989 874 4044 cadent
904 3991 1047 4046 enim
1076 3995 1402 4049 adversariae
1424 4004 1719 4065 potestates
1755 4011 1877 4051 cum
1905 4011 2043 4067 prte-

475 4080 681 4137 dictum
713 4081 951 4140 salutare
982 4085 1180 4141 mundo
1220 4086 1475 4144 illuxerit.

1024 4296 1345 4356 PSALMUS
1384 4299 1504 4355 XX.

548 4390 715 4449 Vnus.
738 4391 796 4447 2.
824 4389 1066 4456 Domine,
1116 4394 1173 4446 in
1202 4395 1390 4447 virtute
1416 4405 1507 4448 tua
1537 4395 1802 4450 (celabitur
1852 4412 1965 4465 rex,
1998 4407 2048 4451 et

473 4499 630 4552 super
681 4484 917 4538 salutare
943 4493 1091 4536 tuum
1136 4483 1420 4538 exsultabit
1452 4484 1791 4551 vehementer,
1839 4497 1947 4543 etc.
1988 4486 2048 4544 Si

472 4576 724 4633 Christus
778 4577 874 4632 Dei
920 4576 1093 4632 virtus
1140 4586 1245 4640 est,
1302 4578 1490 4648 utique
1519 4578 1571 4633 in
1634 4580 1723 4635 illa
1754 4580 2044 4637 lrctabitur.

475 4667 632 4721 Sicut
669 4677 851 4723 autem
875 4669 1050 4723 virtus
1083 4678 1167 4725 est
1192 4680 1250 4725 et
1285 4669 1575 4740 sapientia,
1612 4673 1686 4725 ita
1715 4680 1769 4725 et
1804 4672 1975 4727 salus.

545 4846 710 4906 Vens.
746 4847 801 4906 5.
837 4848 1168 4904 Desiderium
1222 4849 1396 4904 cordis
1438 4850 1553 4919 ejus
1613 4849 1847 4904 tribuisti
1898 4847 1968 4914 ei,
1998 4857 2049 4903 et

473 4940 740 4997 uoluntate
770 4943 1032 4997 labiorum
1059 4944 1173 5013 ejus
1209 4958 1313 4997 non
1346 4942 1613 5012 fraudasti
1644 4958 1783 5005 eum,
1816 4949 1920 4996 etc.
1946 4939 2051 4997 De-

475 5032 735 5089 siderium
760 5034 944 5091 cordis
975 5034 1029 5090 in
1059 5035 1398 5105 spiritalibus
1454 5043 1556 5100 est,
1604 5042 1659 5090 et
1692 5032 1831 5089 visio
1861 5032 2052 5090 oculo-

582 5165 607 5198 δ
633 5165 765 5223 Luc.
797 5181 858 5232 tt,
884 5167 971 5222 ll.
1046 5168 1067 5200 '
1103 5167 1229 5223 ibid.
1254 5169 1343 5225 50.

545 5280 660 5354 (25)
696 5282 774 5354 Τᾲ
815 5282 934 5354 μὲν
956 5282 1176 5354 ,ἄλογα
1200 5323 1217 5349 ,
1270 5293 1379 5340 etc.
1416 5284 1597 5340 Codex
1647 5283 2048 5353 Coislinianus,

478 5352 692 5408 selied'a:
720 5352 934 5417 Grabii,
953 5352 1251 5409 Barbarus.

702 5423 794 5508 To,
821 5423 1184 5508 aciem-uete.
1201 5425 1439 5508 §ehedaa
1467 5424 1679 5508 Grallii:

550 5492 661 5564 (27)
707 5496 767 5547 ’Ἀ
802 5492 1013 5564 πρέπει
1043 5494 1166 5562 Θεῷ
1192 5494 1422 5560 δοῦναι,
1454 5508 1561 5551 etc.
1590 5494 1817 5552 Scheda’.
1838 5495 2044 5552 Grabii.

551 5550 663 5638 (es)
708 5567 772 5638 οι
801 5550 919 5638 ﬁt?
940 5550 1261 5638 ᾅνθρωὲτοι,
1293 5550 1610 5627 nexem.
1643 5550 2035 5638 tasumst.

479 5634 690 5691 scbeda:
720 5634 926 5704 Grabii,
953 5634 1245 5694 Barbarus.

2083 1682 2129 1739 Β
2156 1682 2388 1776 ἀγαθήν.

2235 1796 2746 1866 Ἀγαλλιασόμεθα
2785 1794 2856 1848 ἐν
2893 1792 2975 1860 τῷ
3022 1792 3294 1861 σωτηρίῳ
3324 1807 3464 1857 σου,
3512 1808 3568 1844 κ.
3597 1806 3650 1843 τ.
3684 1788 3727 1842 ἑ.

2152 1889 2217 1943 Oi
2245 1889 2343 1960 μὲν
2369 1886 2643 1961 ἄνθρωποι
2667 1886 2779 1960 (28)
2807 1891 2863 1941 ὲν
2888 1885 3101 1956 πλούτῳ
3132 1884 3463 1953 ἁγαλλιῶσιν
3495 1884 3530 1953 ἧ
3563 1885 3621 1937 ὲν
3644 1880 3730 1934 δό-

2153 1979 2220 2054 ξῃ
2251 1981 2284 2052 ἢ
2317 1981 2375 2032 ὲν
2402 1979 2668 2052 εὐγενείᾳ,
2732 1980 2761 2032 ὁ
2800 1978 2857 2032 δὲ
2913 1978 3067 2046 ἆγιος
3097 1979 3155 2030 ὲν
3205 1974 3284 2047 τῷ
3337 1974 3596 2047 σωτηρίῳ
3640 1972 3731 2027 τοῦ

2150 2072 2309 2128 Θεοῦ.
2345 2073 2621 2144 Σωτήρων
2673 2067 2767 2124 τοῦ
2803 2070 3015 2142 Πατρδς
3045 2071 3102 2122 ὲν
3150 2068 3229 2140 τῷ
3277 2069 3474 2139 κόσμῳ
3509 2068 3540 2120 ὁ
3571 2065 3724 2129 Υίός·

2152 2167 2419 2239 σωτήριον
2441 2163 2535 2218 τοῦ
2560 2164 2688 2217 Υίοῦ
2713 2166 2770 2217 ὲν
2786 2162 2865 2234 τῷ
2881 2163 3070 2235 κόσμῳ
3121 2165 3150 2217 ὁ
3172 2160 3402 2233 σταυρός
3420 2177 3440 2192 ο
3467 2160 3728 2230 σωτήρων

2150 2258 2281 2330 περὶ
2307 2251 2367 2311 οὗ
2396 2259 2629 2330 εἴρηται,
2662 2256 2744 2309 ὅτι
2788 2274 2805 2307 ι
2849 2254 3045 2325 ἐτέχθη
3104 2255 3233 2326 ήμῖν
3268 2255 3511 2325 σήμερον
3544 2249 3730 2322 Σωτὴρ

2149 2350 2373 2423 Κύριος,
2409 2367 2429 2401 ›
2457 2349 2584 2419 περὶ
2606 2342 2667 2401 οὗ
2691 2343 2810 2400 εἷπε
2838 2346 3085 2418 Συμεὼν,
3116 2347 3271 2399 ιὍτι
3299 2340 3439 2398 εἶδον
3460 2344 3512 2398 οί
3535 2340 3727 2412 ὀφθαλ-

2153 2445 2245 2517 μοί
2273 2461 2371 2515 μου
2396 2442 2457 2495 τὸ
2487 2440 2752 2512 σωτήριόν
2785 2457 2897 2494 σου.
2931 2461 2950 2491 ι

2222 2528 2333 2584 Τοῦ
2358 2528 2564 2583 αὑτοῦ.
2605 2527 2876 2600 Σωτήριόν
2925 2529 3041 2579 ἐστι
3076 2524 3209 2579 Θεοῦ
3244 2524 3358 2597 (29)
3395 2525 3459 2578 τὺ
3502 2525 3561 2579 ἐν
3585 2523 3727 2594 αὑτῴ

2148 2618 2451 2685 σώζεσθαι·
2500 2621 2558 2673 ὲν
2608 2619 2745 2681 υἱοῖς
2790 2617 2847 2671 δὲ
2877 2615 3178 2690 ἀνθρώπων
3208 2619 3305 2670 οὐκ
3345 2616 3498 2670 ἐστιν
3524 2614 3661 2687 αῦτη
3690 2616 3725 2685 ή

2146 2714 2411 2784 σωτηρία.
2467 2711 2773 2783 Πληροῦται
2815 2711 2873 2764 δὲ
2915 2710 2984 2765 τὰ
3018 2712 3294 2783 αἰτήματα
3316 2708 3411 2765 τοῦ
3452 2708 3725 2774 αἰτοῦντος

2149 2808 2366 2878 μεγάλα
2396 2808 2491 2861 καὶ
2524 2806 2844 2877 ἐπουράνια.

2215 2897 2536 2967 Πληρώσαι
2583 2900 2798 2966 Κύριος
2866 2894 3065 2949 πάντα
3108 2894 3181 2948 τὰ
3236 2890 3538 2962 αἰτήματα
3588 2906 3721 2951 σου,

2147 3007 2201 3044 κ.
2235 3007 2286 3043 τ.
2322 2992 2369 3045 ὲ.
2423 2989 2560 3042 Ἀλλ’
2593 2991 2655 3043 οὐ
2706 2990 2774 3042 τὰ
2825 2986 2972 3042 κακὰ
3013 2985 3127 3057 (50)
3181 2987 3481 3055 αἰτήματα.
3534 2976 3604 3054 τῼ
3630 2985 3721 3046 τὰς

2154 3080 2342 3144 θυσίας
2375 3082 2773 3152 προσήνεγκας,
2827 3077 3112 3151 πληρώσαι
3158 3079 3257 3132 ὅσα
3309 3076 3456 3130 κατὰ
3496 3077 3722 3131 διάνοιαν

2154 3173 2383 3244 ᾔτησας,
2415 3174 2499 3227 ὄτι
2546 3171 2678 3245 μηδὲ
2722 3171 2974 3243 ἀλλότρια
3010 3168 3175 3224 αὑτοῦ
3218 3170 3289 3225 τὰ
3319 3169 3424 3240 τῆς
3467 3169 3571 3240 σῆς
3610 3168 3724 3238 βω·

2155 3266 2276 3329 λῆς.

2186 3283 2664 3409 ηεἐπακούσεται
2693 3355 2881 3410 αὐτοῦ
2915 3355 2984 3421 ἐξ
3024 3354 3283 3424 οὐρανοῦ
3320 3354 3496 3423 ἁγίου
3518 3350 3723 3416 αὐτοῦ,

2154 3466 2211 3504 κ.
2249 3466 2299 3501 τ.
2341 3450 2389 3502 ἑ.
2445 3446 2734 3502 Ἐπακούει
2782 3447 2890 3519 γὰρ
2923 3447 3033 3519 (51)
3079 3447 3283 3519 Κύριος
3326 3446 3531 3508 παντὸς
3579 3445 3726 3515 βασι-

2150 3540 2307 3606 λέως,
2359 3541 2772 3614 βασιλευομένου
2824 3541 2930 3594 ὑπὸ
2968 3539 3060 3595 τοῦ
3100 3540 3375 3604 Βασιλέως
3416 3538 3529 3593 τῶν
3578 3538 3728 3609 βασυ-

2150 3633 2435 3689 λευόντων.

2219 3724 2400 3780 Αὐτοὶ
2436 3725 2973 3793 συνεποδίσθησαν
3007 3724 3104 3777 καὶ
3127 3723 3379 3788 ἔπεσαν,
3398 3738 3462 3780 κ.
3490 3741 3540 3778 τ.
3578 3725 3625 3777 ὲ.
3663 3723 3725 3778 01

2151 3816 2252 3888 μὲν
2283 3815 2646 3888 ἀντικείμενοι
2683 3817 2794 3888 (52)
2827 3816 2965 3888 μετὰ
3013 3816 3113 3888 τῆς
3143 3815 3341 3880 κακίας
3384 3817 3518 3886 ἡμῖν
3568 3816 3725 3886 ἐφορ-

2151 3909 2325 3981 μῶσιν
2343 3924 2359 3938 °
2407 3909 2568 3980 ἡμεῖς
2595 3909 2651 3962 δὲ
2700 3910 2837 3980 μετὰ
2865 3909 2964 3981 τῆς
2990 3906 3224 3981 Χριστοῦ
3266 3907 3521 3976 γνώσεως
3547 3908 3724 3971 αὐτοῖς

2148 4001 2505 4073 ἀπαντῶμεν·
2556 4000 2844 4055 πεσοῦνται
2889 4001 2998 4073 γὰρ
3045 4001 3102 4054 αί
3148 3999 3531 4071 ἁντικείμεναι
3568 4000 3725 4053 δυνά-

2151 4109 2297 4164 μεις,
2338 4092 2503 4165 ἡνίκα
2535 4093 2594 4147 τὸ
2628 4092 2790 4166 ῥηθὲν
2827 4093 3169 4164 ὲπιφανεῖται
3197 4091 3482 4162 σωτήριον.

2729 4302 3022 4356 ΨΑΛΜΟΣ
3054 4301 3137 4354 Κ’.

2220 4395 2416 4463 Κύριε,
2439 4393 2509 4448 ἐν
2538 4393 2613 4463 τῇ
2632 4392 2880 4463 δυνάμει
2907 4408 3025 4448 σου
3048 4390 3529 4462 εὐφρανθήσεται
3562 4393 3596 4444 ὁ
3610 4391 3718 4455 ,ϐα-

2152 4485 2384 4551 σιλεὺς,
2426 4485 2525 4538 καὶ
2561 4484 2660 4538 ἐπὶ
2706 4483 2788 4550 τῷ
2826 4484 3097 4553 σωτηρίῳ
3139 4499 3255 4537 σου
3300 4480 3721 4550 ἀγαλλιάσεωι

2151 4576 2406 4645 σφόδρα,
2438 4595 2493 4631 κ.
2525 4595 2576 4633 τ.
2606 4580 2650 4631 ἐ.
2692 4578 2755 4631 Εἰ
2777 4575 3011 4649 Χριστὸς
3035 4576 3148 4647 (55)
3175 4574 3309 4629 Θεοῦ
3332 4573 3586 4645 δύναμις.
3622 4574 3719 4645 μή-

2154 4686 2288 4722 ποτε
2322 4671 2409 4723 ἐπ’
2436 4670 2621 4744 ἐκείνῃ
2663 4669 3119 4742 εὐφρανθήσεται.
3172 4668 3260 4733 Ὦς
3292 4668 3350 4721 δὲ
3381 4667 3612 4738 δύναμις
3634 4665 3721 4719 καὶ

2156 4762 2336 4833 σοφία,
2367 4762 2510 4817 οὕτω
2534 4764 2627 4819 καὶ
2654 4762 2914 4835 σωτηρία.

2231 4855 2350 4926 Τὴν
2379 4857 2699 4927 ἐπιθυμίαν
2727 4855 2839 4925 τῆς
2869 4853 3117 4924 καρδίας
3147 4852 3334 4908 αὐτοῦ
3366 4851 3599 4919 ἔδωκας
3622 4851 3723 4905 αὐ-

2154 4946 2258 5013 τῷ,
2304 4947 2403 5002 καὶ
2454 4946 2569 5017 τὴν
2630 4948 2883 5017 θέλησιν
2926 4944 3048 5001 τῶν
3090 4943 3342 5016 χειλέων
3390 4941 3580 4998 αὐτοῦ
3615 4944 3723 4998 οὐκ

2153 5037 2486 5108 ἐστέρησας
2528 5036 2734 5104 αὑτὸν,
2758 5055 2811 5091 κ.
2838 5055 2888 5092 τ.
2912 5037 2959 5091 ὲ.
3012 5035 3306 5109 Ἐπιθυμία
3354 5035 3455 5106 μὲν
3501 5033 3723 5107 καρδίας

2220 5282 2336 5352 (29)
2366 5283 2667 5352 Σωτήριόν
2697 5282 2830 5337 ἐστι
2853 5280 3020 5346 Θεοῦ,
3055 5290 3163 5337 etc.
3197 5281 3508 5339 Corderius.

2219 5354 2331 5426 (50)
2369 5351 2627 5426 Ἀλλ’ίού
2651 5354 2725 5406 τὰ
2751 5352 2927 5426 κακά,
2957 5366 3064 5426 etc.
3094 5351 3319 5426 Schetla‘.
3343 5353 3553 5426 Grabii.

2217 5422 2329 5492 (51)
2371 5424 2685 5478 Ἐπακούει
2715 5422 2846 5492 γάρ,
2876 5433 2980 5475 etc.
3018 5423 3243 5477 Schetlte
3269 5423 3477 5479 Grabii.

2217 5428 2298 5492 (51
2371 5428 2685 5478 Ἐπακούει
2715 5428 2846 5492 γάρ,
2876 5433 2980 5475 etc.
3018 5428 3243 5477 Scltetlte
3269 5428 3477 5479 Grabii.

2215 5428 2329 5567 (52)
2353 5494 2559 5567 Οζμὲν
2572 5494 2989 5567 ἀντικείμενοι,
3008 5505 3115 5548 etc.
3132 5492 3313 5550 Codex
3332 5492 3718 5561 Coislinianu,

2143 5563 2360 5623 scheda:
2399 5563 2610 5624 Grabii.
2641 5564 2926 5616 Barbarus.

2215 5636 2333 5703 (55)
2364 5636 2433 5689 Et
2457 5633 2730 5702 Χριστός,
2757 5639 2863 5688 etc.
2900 5632 3214 5689 Corderius.
