4020 6152
571 229 708 286 ηδε
1938 222 2031 279 ex
2069 219 2411 311 ORIGENE‘
3646 228 3756 285 us:

638 345 913 412 Eiusdem.
967 344 1355 402 Velocissimos
1400 342 1618 413 quidem
1671 344 2139 414 comprehendet,
2170 346 2213 404 Α

2172 346 2213 404 Α
2319 341 2430 395 Τοῦ
2455 341 2663 395 αὐτοῦ.
2704 341 2816 395 Καὶ
2844 341 2971 405 τοὺς
3008 357 3107 413 μεν
3136 350 3463 414 ταχυτάτους
3497 343 3597 415 (4%)
3622 364 3759 402 κατα·

562 435 977 492 robustissimos
1019 442 1203 487 autem
1253 434 1564 487 interliciet.
1613 432 1926 488 Inveniatur
1957 442 2137 487 autem

2241 434 2489 507 λήψεται,
2521 434 2647 497 τοὺς
2675 433 2730 487 δὲ
2767 433 3170 497 δυνατωτάτους
3201 435 3504 489 καταλύσει.
3542 437 3757 512 Εὐρεθείη

564 542 809 599 pugnans
839 526 1056 596 quando
1090 524 1415 595 supplicium
1459 526 1647 588 sumit,
1685 524 1842 592 juxta
1889 524 2020 580 illud
2047 526 2091 556 ¹²
2119 543 2134 580 :

2241 526 2298 580 δὲ
2341 524 2653 597 πολεμοῦσα
2686 526 2719 596 ἡ
2766 526 3173 598 τιμωρουμένη,
3222 528 3359 581 κατὰ
3399 528 3486 580 τό·
3536 529 3759 601 ιΠολεμεί

567 641 592 681 s
631 623 836 690 Pugnat
866 620 1127 673 Dominus
1168 634 1328 672 manu
1363 618 1574 671 occulta
1598 625 1786 672 contra
1827 617 2069 672 Amalec.
2113 636 2133 671 s

1835 617 2069 672 Amalec.
2113 636 2133 671 s
2243 617 2448 689 Κύριος
2479 618 2624 690 χειρὶ
2661 617 2868 689 κρυφίᾳ
2892 616 2982 669 ἐπὶ
3006 617 3096 671 τὸν
3137 618 3422 689 Ἀμαλέκ.ι

634 713 801 767 Vens.
835 711 924 765 ll).
954 708 1129 763 Panes
1159 725 1244 762 eos
1273 719 1328 761 ut
1352 708 1621 762 clibanum
1655 710 1820 779 ignis,
1862 722 1969 764 etc.
2025 708 2139 764 Hoc

2317 709 2537 778 Θήσεις
2584 709 2806 776 αὐτοὺς
2857 710 2938 776 ὡς
2985 712 3273 764 κλίϐανον
3318 711 3525 779 πυρὸς,
3568 728 3617 766 κ.
3645 729 3688 765 τ.
3723 714 3757 768 ἑ.

564 805 631 859 de
655 802 926 874 perversis
952 803 1028 855 ait
1062 818 1076 854 :
1105 801 1352 855 clibanus
1406 801 1553 854 enim
1617 800 1755 871 ignis
1799 811 1948 865 sunt,
2004 815 2138 870 quo-

2243 800 2413 853 Τοῦτο
2443 802 2571 872 περὶ
2598 800 3045 871 πονηρευομένων
3076 800 3185 871 (45)
3217 800 3347 871 φησι
3371 817 3385 830 ·
3426 801 3655 865 κλίϐανος
3679 803 3760 875 γάρ

562 898 710 953 niam
763 910 991 950 accensa
1051 903 1176 949 sunt
1233 893 1381 947 velut
1433 892 1687 947 cltoanus
1715 894 1878 947 corda
1927 908 2134 948 eorum.

2243 894 2350 945 εἰσι
2378 891 2570 963 πυρὸς,
2602 893 2723 945 ἐπεὶ
2762 892 3175 964 ὲθερμάνθησαν
3212 893 3285 956 ὡς
3313 892 3558 956 κλίϐανος
3583 896 3631 946 al
3655 911 3759 965 καρ-

562 988 739 1055 Atque
766 985 891 1040 alibi
919 986 1082 1039 etiam
1120 985 1327 1038 dictum
1373 993 1457 1037 est
1491 984 1536 1015 ¹³
1571 1002 1584 1037 :
1618 1004 1636 1035 ι
1673 981 1927 1038 Omnium
1980 985 2137 1039 adul-

2242 983 2351 1037 δίαι
2380 983 2577 1037 αὐτῶν.
2620 983 2728 1036 Καὶ
2751 983 2965 1055 εἴρηται
2997 982 3060 1054 δή
3097 999 3224 1036 mw
3260 1002 3279 1034 ι
3302 984 3509 1046 Πάντες
3536 984 3782 1054 μοιχεύονοι

565 1085 801 1132 terarum
841 1079 1001 1131 corda
1035 1086 1163 1130 sunt
1199 1086 1257 1129 ut
1288 1076 1553 1131 clibanus.
1601 1095 1619 1127 ι

2243 1091 2354 1139 τες,
2381 1074 2456 1138 ὡς
2481 1075 2730 1140 κλίϐανος
2759 1077 2815 1127 αἱ
2847 1075 3065 1147 καρδίαι
3092 1074 3292 1129 αὐτῶν.
3331 1094 3351 1127 s

635 1169 893 1223 Dominus
918 1171 972 1222 in
998 1169 1080 1221 ira
1113 1185 1209 1222 sua
1235 1168 1567 1221 conturbabit
1603 1183 1711 1231 eos,
1740 1176 1848 1220 etc.
1887 1165 2139 1221 Turban-

2312 1167 2529 1233 Κύριος
2586 1168 2655 1220 ἐν
2705 1165 2856 1236 ὀργῇ
2905 1167 3092 1221 αὐτοῦ
3153 1166 3513 1235 συνταράξει
3564 1169 3757 1234 αὐτοὺς,

568 1268 656 1314 ιιιι·
686 1274 793 1328 ρι’ίὲ
820 1258 1223 1327 exspectatione
1245 1257 1517 1327 supplicii,
1550 1271 1654 1311 non
1679 1271 1866 1312 omnes
1892 1257 2136 1321 omnino,

2244 1276 2296 1312 κ.
2327 1276 2373 1311 τ.
2409 1260 2455 1311 ὲ.
2497 1260 2866 1330 Ταράττονται
2916 1259 2973 1312 δὲ
3005 1259 3097 1312 ἐπὶ
3149 1258 3443 1330 προσδοκίᾳ
3490 1259 3593 1331 (μ)
3631 1277 3757 1331 τιμω-

566 1351 659 1407 sed
685 1351 775 1420 qui
807 1366 872 1404 ex
908 1351 1184 1418 voluptate
1226 1350 1469 1416 perversi
1502 1358 1646 1415 sunt,
1696 1356 1750 1403 et
1782 1347 1918 1403 falsa
1959 1347 2137 1416 magni

2247 1346 2385 1419 ρίας,
2423 1349 2520 1418 οὐχ
2564 1348 2751 1413 ἁπλῶς
2795 1347 3016 1412 πάντες,
3067 1347 3181 1401 ἀλλ’
3216 1349 3264 1398 oi.
3310 1346 3379 1399 δι’
3405 1346 3586 1417 ἡδονὴν
3621 1349 3756 1411 κακοὶ,

567 1441 792 1497 faciunt.
829 1461 847 1492 ι
882 1440 947 1494 Ει
992 1438 1271 1495 devorabit
1300 1453 1395 1494 eos
1440 1439 1598 1511 ignis,
1642 1455 1661 1491 ι
1697 1438 1953 1509 quoniam
2012 1445 2140 1492 sunt

2243 1440 2336 1493 καὶ
2366 1440 2676 1507 δοξάζοντες
2703 1441 2771 1494 τὰ
2799 1440 2989 1511 ψευδῆ.
3037 1457 3057 1491 t
3081 1439 3194 1492 Kal
3218 1438 3584 1507 καταφάγεται
3610 1439 3759 1502 amb;

565 1536 730 1606 ligna,
764 1534 988 1593 fanum.
1015 1534 1233 1604 stipula.

2244 1533 2378 1604 πῦρ,
2407 1551 2427 1586 s
2458 1532 2643 1604 ἐπειδή
2675 1535 2780 1586 εἰσι
2806 1533 2956 1599 ξύλα,
2989 1534 3201 1605 χόρτος,
3229 1529 3472 1600 καλάμη.

642 1629 805 1684 Vena.
854 1627 940 1681 ll.
994 1624 1253 1679 Fructum
1293 1641 1474 1680 eorum
1524 1624 1588 1679 de
1643 1635 1785 1677 terra
1836 1621 2044 1693 perdes,
2088 1629 2139 1675 et

2320 1624 2427 1677 Τὸν
2471 1624 2703 1691 καρπὸν
2741 1623 2941 1678 αὐτῶν
2978 1624 3093 1679 ἀπὸ
3131 1622 3246 1693 γῆς
3291 1619 3557 1686 ἀπολεῖς,
3591 1618 3674 1672 καὶ
3712 1618 3759 1671 τὸ

566 1736 737 1773 semen
770 1734 950 1770 eorum
988 1733 1019 1769 a
1053 1717 1179 1785 ﬁliis
1224 1715 1517 1780 hominum,
1576 1725 1682 1771 etc.
1715 1713 1834 1769 Non
1887 1715 2139 1768 Substan-

2171 1712 2211 1767 Β
2237 1713 2475 1782 σπέρμα
2516 1709 2714 1767 αὐτῶν
2740 1712 2858 1767 ἀπὸ
2902 1713 3048 1767 υἱῶν
3088 1711 3432 1780 ἀνθρώπων,
3479 1728 3530 1763 κ.
3553 1710 3659 1764 τ.ἐ.
3704 1710 3758 1762 οὐ

568 1811 718 1873 tiam,
742 1806 907 1879 619
943 1807 1189 1861 interitus
1219 1807 1364 1861 enim
1394 1822 1589 1875 expers
1623 1815 1736 1871 est;
1771 1806 1865 1861 sed
1897 1806 2135 1875 qualita-

2236 1808 2335 1879 τὴν
2362 1805 2472 1877 (45)
2506 1806 2712 1870 οὐσίαν,
2751 1803 3053 1876 ἀνώλεθρος
3077 1804 3205 1875 γὰρ,
3241 1802 3378 1857 ἀλλά
3419 1802 3514 1873 τὴν
3547 1800 3758 1873 ποιότητα

569 1912 676 1956 tem
710 1916 814 1970 qua
846 1899 1174 1969 germinavit
1202 1898 1368 1968 ligna,
1402 1897 1638 1963 faenum,
1672 1898 1946 1967 stipulam,
1996 1896 2135 1951 mala

2238 1896 2359 1950 καθ’
2392 1898 2457 1967 ἢν
2483 1896 2780 1967 ἐϐλάστησε
2807 1895 2959 1963 ξύλα,
3001 1898 3211 1968 χόρτον,
3246 1896 3518 1965 καλάμην,
3543 1895 3603 1947 τὰ
3629 1911 3757 1964 πονη-

567 2006 764 2061 nempe
800 2006 998 2062 opera;
1049 1990 1133 2045 vel
1166 1992 1327 2045 etiam
1359 1990 1410 2044 id
1445 1990 1591 2059 quod
1625 1990 1750 2043 mali
1782 1999 1839 2043 et
1868 1989 2015 2057 impii
2047 2004 2139 2042 se-

2241 1989 2309 2061 ρὰ
2335 1988 2472 2060 ἔργα
2489 2007 2502 2021 ’
2530 1989 2563 2060 ἢ
2593 1989 2684 2042 καὶ
2713 1990 2848 2061 ὅπερ
2880 1990 2928 2041 oi
2953 1990 3113 2042 κακοὶ
3154 1990 3249 2042 καὶ
3276 1988 3552 2051 δυσσεϐεῖς
3578 1987 3759 2040 κατέϐα-

568 2085 846 2138 minaruut
873 2098 1080 2147 semen,
1107 2083 1250 2152 quod
1280 2083 1496 2151 quidem
1529 2082 1802 2151 diSperdet
1832 2080 1977 2135 Deus
2005 2096 2034 2134 a
2076 2079 2138 2134 ii-

2237 2080 2326 2133 λον
2357 2079 2594 2151 σπέρμα,
2624 2080 2761 2152 ὅπερ
2793 2078 3041 2150 ἀφανίζει
3066 2082 3094 2133 ὁ
3126 2079 3261 2143 Θεὸς
3284 2080 3393 2132 ἀπὸ
3416 2079 3519 2132 τῶν
3547 2078 3658 2131 υἱῶν
3678 2079 3758 2130 τῶι

569 2176 657 2229 liis
685 2176 984 2233 hominum.
1036 2174 1360 2228 Beneficium
1401 2183 1581 2227 autem
1627 2180 1711 2227 est
1750 2188 1780 2227 a
1814 2173 2052 2241 peccatis
2082 2180 2139 2227 et

2237 2171 2557 2244 ἀνθρώπιον.
2596 2172 2899 2243 Εὐεργεσία
2929 2172 2986 2225 δέ
3035 2174 3180 2226 ἐστιν
3225 2175 3480 2225 ἐκπεσεῖν
3527 2169 3757 2242 ἁμαρτιῶν

570 2267 725 2323 malis
749 2267 1170 2339 cogitationibus
1193 2266 1463 2322 decidere.
1496 2265 1694 2320 Semen
1725 2267 1866 2320 enim
1899 2265 2136 2335 peccati,

2238 2265 2331 2317 καὶ
2379 2263 2597 2317 ἐννοιῶν
2635 2263 2905 2336 πονηρῶν.
2946 2265 3174 2336 Σπέρμα
3207 2264 3318 2337 γὰρ
3352 2263 3611 2336 ἁμαρτίας
3647 2263 3757 2330 λογι-

568 2359 826 2428 cogitatio
860 2373 1138 2429 perversa.

1067 2373 1138 2413 sa.
2239 2356 2373 2427 σμὸς
2405 2357 2654 2429 πονηρός.

638 2447 803 2505 Vens.
839 2449 925 2503 i2.
960 2449 1225 2516 Quoniam
1247 2448 1641 2504 declinaverunt
1666 2450 1721 2503 in
1764 2457 1813 2502 te
1841 2445 2005 2512 maia,
2045 2462 2137 2502 co-

2312 2449 2430 2501 Ὅτι
2455 2451 2705 2503 ἔκλιναν
2723 2450 2810 2516 είς
2836 2449 2911 2504 σὲ
2930 2449 3101 2516 κακὰ,
3135 2449 3547 2520 διελογίσαντο
3564 2446 3757 2515 βουλὴν

566 2542 862 2612 gitaverunt
891 2541 1110 2596 consilia
1145 2558 1260 2613 qua:
1290 2557 1394 2595 non
1418 2552 1697 2611 potuerunt
1730 2542 1984 2607 stabilire,
2026 2550 2133 2595 etc.

2239 2538 2319 2607 ἦν
2359 2542 2431 2595 οὐ
2466 2541 2553 2610 μὴ
2592 2542 2883 2597 δύνωνται
2927 2542 3172 2609 στῆσαι,
3218 2560 3275 2596 κ.
3312 2561 3364 2597 τ.
3387 2544 3433 2595 ἐ.
3469 2541 3559 2595 Διὰ
3589 2540 3756 2594 πάντων

567 2632 674 2688 Per
708 2634 888 2689 omnia
915 2649 1037 2690 sese
1063 2646 1281 2690 vertunt
1308 2635 1546 2704 perversi
1579 2645 1638 2689 ut
1674 2633 1973 2688 imbecilles
2002 2634 2136 2687 ado-

2237 2636 2285 2688 οἱ
2317 2634 2508 2704 φαῦλοι
2538 2634 2646 2705 (46)
2677 2635 3147 2707 καταστραφέντες
3190 2635 3471 2697 ἀδυνάτοις
3507 2629 3755 2703 ἐπιχειροῦ-

568 2725 800 2781 riantur.
843 2726 1162 2798 Excogitant
1218 2730 1362 2783 enim
1410 2728 1637 2783 insidias
1692 2728 1960 2783 adversus
2010 2743 2137 2782 eum

2242 2745 2311 2781 σι.
2352 2727 2754 2796 Διαλογίζονται
2780 2727 2887 2799 γάρ
2926 2727 3376 2800 ὲπιϐουλευτικὴν
3401 2726 3534 2781 κατά
3560 2724 3639 2779 τοῦ
3666 2722 3756 2794 βλά-

566 2820 660 2892 qui
697 2835 890 2874 noxam
916 2837 1022 2875 non
1050 2821 1235 2875 ferret.

2241 2820 2341 2893 ϐην
2369 2822 2443 2893 μὴ
2474 2821 2855 2892 ὑπομένοντος.

645 2915 919 2986 Ejusdem.
974 2914 1212 2982 Quilibet
1261 2929 1553 2984 perversus
1603 2915 1840 2969 declinat
1891 2914 2034 2968 mala
2085 2914 2138 2968 in

2318 2913 2427 2966 Τοῦ
2459 2914 2665 2967 αὐτοῦ.
2725 2914 2822 2977 Et;
2866 2912 2927 2967 ὃν
2969 2911 3110 2965 θέλει
3157 2910 3390 2975 ἕκαστος
3430 2910 3533 2964 τῶν
3558 2905 3753 2977 πονηρῶν

566 3023 693 3064 eum
730 3008 816 3063 cui
866 3021 1063 3061 nocere
1104 3006 1235 3071 vult,
1275 3006 1358 3061 vel
1391 3007 1442 3059 in
1478 3022 1601 3061 eum
1656 3007 1880 3076 quicum
1915 3005 2136 3074 injuste,

2167 3052 2208 3109 ϐ
2243 3008 2578 3070 κακοποιεῖν,
2624 3005 2792 3059 κλίνει
2824 3005 2893 3059 τὰ
2923 3003 3088 3069 κακὰ,
3143 3003 3177 3075 ἢ
3212 3005 3294 3067 είς
3339 3003 3398 3057 ὃν
3433 3002 3608 3063 ἀδικεῖ,
3647 2998 3753 3069 ﬂet;

566 3098 652 3155 vel
687 3100 739 3152 in
766 3114 889 3153 eum
923 3097 1139 3167 quicum
1173 3098 1334 3167 impie
1357 3099 1487 3168 agit.

943 3097 1139 3167 luicum
1173 3098 1334 3167 impie
1357 3099 1487 3168 agit.
2170 3096 2208 3109 "
2239 3096 2299 3150 ὃν
2326 3096 2530 3151 ἀσεϐεῖ.

643 3189 915 3259 Ejusdem.
952 3189 1103 3244 Tunc
1151 3191 1497 3255 inclinamur,
1544 3192 1761 3261 quando
1796 3202 1987 3247 contra
2038 3207 2139 3246 na-

2315 3190 2425 3244 Τοῦ
2450 3190 2656 3245 αὑτοῦ.
2687 3190 2821 3244 Τότε
2861 3188 3171 3262 κλινόμεθα,
3220 3190 3311 3243 ὅτε
3345 3188 3493 3261 παρὰ
3534 3187 3668 3259 φύσιν
3689 3202 3750 3237 κι-

569 3290 750 3337 turam
776 3296 1081 3336 movemur.

914 3296 1081 3335 amur.
2236 3280 2501 3352 νούμεθα.

643 3370 805 3427 Vns.
837 3373 925 3426 i3.
958 3370 1222 3437 Quoniam
1256 3390 1416 3443 pones
1445 3391 1533 3429 eos
1575 3374 1792 3430 dorsum
1831 3390 1851 3429 :
1898 3375 1957 3429 in
2017 3373 2141 3429 relic

2313 3372 2433 3425 Ὅτι
2461 3371 2669 3439 θήσεις
2691 3372 2911 3440 αὐτοὺς
2946 3371 3164 3427 νῶτον-ο
3198 3374 3268 3428 ἐν
3298 3373 3423 3441 τοῖς
3450 3369 3751 3439 περιλοίποις

569 3465 707 3536 quiis
736 3466 840 3519 tuis
866 3465 1186 3534 prwparabis
1227 3466 1428 3519 uultum
1471 3482 1672 3533 eorum,
1707 3477 1814 3522 etc.
1846 3467 2138 3537 Postquam

2240 3475 2357 3515 σου
2390 3462 2722 3532 ἐτοιμὰσεις
2744 3465 2810 3517 τὸ
2835 3465 3157 3533 πρόσωπον
3169 3465 3389 3528 αὐτῶν,
3424 3482 3476 3518 κ.
3495 3481 3538 3515 τ.
3564 3464 3605 3516 ὲ.
3636 3456 3750 3514 Μετὰ

568 3557 729 3630 positi
765 3558 965 3612 fuerint
999 3557 1247 3613 odientes
1299 3557 1580 3613 Dominum
1612 3570 1672 3612 ut
1723 3559 1968 3616 clibanus
2001 3561 2140 3629 ignis

2239 3552 2483 3607 τίθεσθαι
2514 3554 2623 3626 (47)
2662 3557 2787 3618 τοὺς
2822 3555 3111 3626 μισοῦντας
3139 3557 3231 3610 τὸν
3262 3557 3463 3628 Κύριον
3518 3555 3585 3618 ὡς
3612 3549 3750 3605 M6:-

570 3650 623 3707 iu
658 3660 896 3719 tempore
923 3648 1100 3703 vultus
1131 3648 1271 3718 ejus,
1318 3659 1372 3705 et
1395 3650 1702 3706 conturbati
1735 3651 1939 3707 fuerint
1967 3668 1997 3706 a
2032 3653 2141 3707 Do-

2239 3663 2328 3701 νον
2360 3646 2530 3717 πυρὸς
2561 3647 2642 3710 εἰς
2669 3647 2857 3719 καιρὸν
2887 3646 2980 3701 τοῦ
3014 3647 3306 3720 προσώπου
3350 3646 3527 3712 αὑτοῦ,
3557 3647 3637 3698 καὶ
3661 3658 3750 3696 συν-

571 3743 720 3798 mino
776 3743 828 3797 in
880 3742 959 3797 ira
993 3744 1136 3810 ejus,
1167 3757 1232 3797 ac
1259 3743 1604 3797 devoraverit
1646 3758 1742 3799 eos
1780 3744 1945 3813 ignis,
1972 3755 2141 3814 atque

2239 3736 2603 3808 ταράσσεσθαι
2650 3738 2845 3801 αὐτοὺς
2876 3738 2981 3791 ὑπὸ
3024 3740 3227 3811 Κυρίου
3261 3742 3323 3793 ὲν
3369 3743 3433 3811 τῇ
3461 3740 3582 3811 ὀργῇ
3608 3732 3746 3797 αὐτοῦ,

567 3835 863 3907 perdiderit
893 3833 1151 3888 Dominus
1180 3833 1415 3888 fructum
1446 3848 1633 3889 eorum
1666 3837 1733 3889 de
1764 3845 1932 3896 terra.
1999 3851 2138 3905 quo-

2241 3829 2332 3881 καὶ
2358 3829 2518 3900 ἡνίκα
2563 3830 2945 3903 καταφάγηται
2990 3832 3184 3898 αὐτοὺς
3216 3833 3351 3906 πῦρ,
3396 3834 3485 3887 καὶ
3512 3827 3747 3900 ἀπολέσῃό

570 3926 715 3982 niam
750 3924 974 3996 Spiritus
1009 3924 1214 3979 fructus
1248 3941 1353 3979 non
1384 3934 1535 3991 erat;
1569 3936 1854 3995 postquam
1887 3926 2015 3980 item
2049 3941 2138 3981 se-

2239 3919 2441 3991 Κύριος
2462 3920 2550 3972 τὸν
2578 3922 2786 3991 καρπὸν
2819 3924 3000 3976 αὐτῶν
3024 3924 3131 3977 ἀπὸ
3156 3924 3280 3994 γῆς,
3309 3926 3530 3995 ἐπείπερ
3553 3924 3602 3976 οὐ
3629 3917 3746 3974 πνεύ-

570 4028 692 4069 men
720 4028 907 4069 eorum
952 4012 1334 4083 disperdiderit
1355 4029 1384 4068 a
1410 4013 1535 4068 ﬁliis
1563 4013 1841 4069 hominum
1871 4016 2137 4085 (declina-

2244 4028 2409 4081 ματος
2446 4012 2655 4084 καρπὸς
2684 4009 2750 4084 ἦν
2770 4029 2784 4043 ·
2819 4014 2911 4067 καὶ
2944 4016 3080 4069 ἐπὰν
3112 4016 3172 4069 τὸ
3205 4017 3428 4090 σπέρμα
3472 4014 3626 4069 αὐτῶν
3649 4014 3745 4065 ἀπο-

568 4113 766 4161 veruut
803 4104 951 4158 enim
997 4102 1246 4159 odientes
1296 4104 1585 4160 Dominum
1628 4107 1768 4161 mala
1801 4107 2032 4173 incum,
2083 4117 2141 4163 et

2239 4099 2369 4171 λέσῃ
2397 4100 2504 4153 ἀπὸ
2552 4100 2682 4155 υἱῶν
2726 4103 3026 4175 ἀνθρώπων
3072 4104 3306 4177 (ἔκλιναν
3344 4108 3449 4178 γὰρ
3488 4108 3533 4160 οἱ
3582 4101 3744 4174 μισοῦνο

571 4197 952 4267 cogitaverunt
981 4198 1203 4251 consilia
1232 4211 1352 4266 qua:
1378 4213 1484 4250 non
1519 4206 1815 4267 potuerunt
1847 4200 2136 4271 stabilire),

2239 4209 2329 4256 τες
2355 4192 2559 4264 Κύριον
2588 4194 2731 4248 κακὰ
2758 4197 2838 4259 είς
2884 4197 3063 4265 αὑτὸν,
3093 4200 3184 4252 καὶ
3208 4199 3559 4268 διελογίσαντο
3581 4194 3740 4268 βουλὰς,

569 4306 637 4344 ac
666 4300 948 4360 postquam
976 4299 1160 4356 postea
1191 4288 1435 4356 posuerit
1459 4289 1575 4343 illos
1597 4289 1865 4359 fugientes
1891 4292 2136 4358 dorsum,

2239 4282 2306 4347 ἀς
2335 4284 2529 4355 στῆσαι
2579 4287 2641 4339 οὐ
2691 4282 2986 4359 δύνανται)·
3039 4289 3133 4343 καὶ
3181 4290 3321 4344 ἐπὰν
3369 4292 3500 4363 μετά
3536 4288 3674 4343 ταῦτα
3695 4284 3738 4353 θῇ

573 4392 698 4437 tunc
734 4381 1060 4452 praeparabit
1090 4381 1295 4433 vultum
1329 4395 1513 4434 eorum
1548 4382 1600 4435 in
1630 4383 1892 4452 reliquiis,
1925 4394 1980 4439 ut
2015 4394 2138 4455 post

2169 4412 2215 4467 υ
2241 4376 2435 4440 αὐτοὺς
2466 4377 2763 4446 φεύγοντας
2797 4381 2983 4447 νῶτον,
3035 4382 3155 4435 τότε
3206 4386 3479 4455 ἑτοιμάσει
3508 4383 3562 4436 τὸ
3583 4380 3740 4452 πρόσω-

573 4482 653 4528 tot
687 4473 920 4537 dolores,
954 4470 1332 4525 remissionem
1372 4472 1685 4540 obtineant,
1714 4485 1769 4528 et
1797 4475 1863 4530 ad
1890 4487 2138 4531 contem-

2242 4484 2343 4521 πον
2376 4470 2553 4524 αὐτῶν
2598 4474 2655 4525 ὲν
2700 4475 2811 4537 τοῖς
2848 4475 3199 4546 περιλοίποις,
3235 4479 3322 4531 ῖνα
3365 4481 3454 4532 καὶ
3496 4481 3547 4530 ὲν
3584 4474 3736 4532 τούτοις

570 4564 862 4635 plationem
899 4565 1237 4619 uerveniant.

2243 4561 2379 4631 μετά
2424 4563 2546 4628 τοὺς
2593 4564 2879 4630 τοσούτους
2921 4567 3156 4633 ἀνέσεως
3198 4569 3419 4641 τύχωσι,
3464 4570 3548 4623 καὶ
3587 4563 3736 4637 θεωρῆ·

2242 4666 2398 4703 σωσι.

641 4724 810 4780 Vt-zns.
838 4722 924 4778 H.
961 4722 1235 4789 Exaltare,
1271 4721 1510 4792 Domine,
1552 4725 1608 4780 in
1638 4726 1829 4781 uirtute
1857 4737 1974 4795 tua,
2012 4746 2140 4784 can—

2324 4741 2626 4811 Ὺψώθητι.
2656 4748 2854 4815 Κύριε,
2890 4748 2960 4803 ἐν
2999 4748 3074 4817 τῇ
3103 4748 3351 4820 δυνάμει
3394 4769 3532 4806 σου·
3567 4748 3737 4818 ᾄσομεν

570 4818 795 4872 labimus
848 4827 895 4871 et
945 4815 1228 4886 psallemus
1260 4816 1477 4870 virtutes
1530 4826 1670 4884 tuas,
1720 4830 1825 4875 etc.
1859 4821 1916 4875 Si
1969 4822 2141 4880 virtus

2240 4833 2338 4886 καὶ
2393 4836 2710 4906 ψαλοῦμεν
2744 4839 2852 4907 τὰς
2900 4815 3269 4909 δυναστεῖαί
3292 4858 3424 4905 σου,
3471 4860 3519 4897 κ.
3626 4840 3664 4892 ὲ.
3692 4832 3735 4887 El

571 4907 665 4961 Dei
692 4907 940 4961 Christus
968 4918 1072 4970 est,
1106 4907 1229 4960 dum
1264 4905 1538 4961 exaltatur
1568 4907 1622 4962 in
1652 4908 1857 4966 virtute
1899 4928 1994 4967 sua
2025 4913 2134 4969 Do-

2241 4923 2466 4995 δύναμις
2487 4905 2622 4981 Θεοῦ
2658 4928 2769 5002 (48)
2795 4905 2839 4984 ὀὴ
2857 4934 3112 5003 Χριστὸς,
3144 4905 3441 5006 ὐψϐύμενος
3469 4937 3522 4989 ὲν
3540 4936 3595 5003 τῇ
3619 4925 3736 4983 δυνά⁸

570 5005 767 5063 minus,
813 5003 868 5055 in
914 5000 1129 5056 Christo
1177 4999 1470 5054 exaltatur.
1518 5000 1680 5056 Canit
1706 5011 1888 5059 autem
1914 5006 2133 5077 aliquis,

2244 5032 2335 5087 μει
2368 4989 2560 5072 εαυτοῦ
2588 5021 2618 5072 ὁ
2655 4989 2877 5093 Κύριος,
2911 4989 2987 5078 ¹ὲν
3021 4989 3242 5096 Χριστοῦ
3275 4989 3491 5097 ύψοῦται
3553 4989 3669 5095 {tau
3697 5014 3736 5070 δέ

644 5122 686 5154 ⁸⁸
720 5120 891 5175 Exod.
919 5135 1053 5175 uti.
1132 5120 1176 5152 ¹³
1207 5120 1346 5175 Osee
1376 5135 1471 5183 vn,
1502 5122 1557 5178 4.

801 5262 911 5316 Καὶ
965 5258 1108 5326 τοὺς
1148 5260 1265 5327 μὲν
1314 5259 1704 5328 ταχυτάτους,
1756 5274 1861 5318 etc.
1914 5264 2138 5323 Srlietla‘

2247 5268 2427 5352 ...μω
2472 5269 2573 5324 Διά
2609 5271 2847 5324 πάντων
2876 5275 2931 5325 οἱ
2959 5272 3214 5342 φαῦλοι,
3261 5280 3366 5328 etc.
3402 5268 3602 5326 Schedaa
3637 5262 3732 5318 Gra-

806 5401 984 5456 Τοῦτο
1029 5404 1168 5470 περὶ
1211 5401 1739 5471 πονηρευομένων,
1789 5413 1893 5460 etc.
1935 5405 2137 5464 Corde-

2244 5338 2426 5486 lnrt?)
2455 5409 2616 5486 Ιιζετᾲ
2640 5411 2924 5486 τιρεσθαι,
2956 5422 3065 5467 etc.
3094 5412 3276 5467 Codex
3308 5409 3632 5486 Coisliuianus
3654 5402 3730 5486 EI";

574 5474 751 5559 riuis-3‘
789 5547 831 5559 _
924 5542 934 5559 ν
1205 5541 1256 5559 Μ
1295 5542 1307 5559 ,
1352 5542 1377 5559 Α
1442 5557 1448 5559 Α
1574 5542 1601 5559 ﬁ
1687 5543 1700 5559 ι
1822 5555 1832 5559 _
1917 5545 1949 5559 η
1989 5548 2003 5559 _
2078 5548 2091 5559 _
2245 5473 2644 5559 sebio'tribhuit.
2688 5473 3322 5559 Cortleri'usanonymo,
3365 5480 3571 5559 schedag‘
3592 5473 3730 5559 (ἶβιξῇ

574 5614 617 5669 G
789 5542 1171 5613 Ταράττονται
1195 5541 1263 5597 δὲ
1282 5542 1381 5596 ἐπὶ
1403 5542 1757 5612 προσδοκίᾳ,
1784 5555 1889 5601 etc.
1917 5545 2140 5605 Scltedm

626 5631 677 5666 ra
704 5629 779 5665 ut.

2139 5591 2140 5598 η
2243 5551 2485 5619 Origeui.
2516 5550 2675 5605 Certe
2704 5552 2759 5605 in
2793 5552 3006 5608 Eusebii
3037 5541 3435 5609 cantiutetntariis
3461 5551 3508 5603 in
3536 5546 3726 5601 Psalmos

2247 5621 2380 5689 nihil
2412 5621 2587 5673 simile
2614 5622 2900 5689 reperitur.

645 5682 757 5753 (45)
779 5686 857 5739 Οὐ
892 5682 1007 5753 τὴν
1030 5684 1268 5751 οὐσίαν,
1300 5695 1405 5743 etc.
1434 5684 1664 5744 Scbedte
1688 5684 1893 5743 Grabii.

1881 5727 1893 5743 .
2281 5699 2288 5705 ‘
2319 5687 2429 5760 (48)
2460 5692 2531 5745 ,Εἰ
2561 5682 2810 5761 δύναμις
2839 5692 3009 5761 Θεοῦ,
3035 5702 3142 5750 etc.
3174 5692 3468 5749 Corderius.
