4020 6152
245 214 390 269 1253

1200 216 1510 277 SELECTA
1545 219 1609 276 IN
1642 221 1979 280 PSALMOS.
2022 255 2091 266 -——
2127 222 2326 283 PSAL.
2360 222 2500 281 XXI.

3357 215 3495 274 1254

239 343 328 390 τις
350 326 592 398 θεωρῶν,
620 328 716 383 καὶ
744 328 934 398 ψάλλει
973 331 1095 384 κατ’
1125 331 1323 404 ἀρετὴν
1368 333 1626 405 ἐνεργῶν.
1656 335 1748 388 Δεῖ
1767 334 1821 388 δὲ

1929 336 2141 404 quando
2166 334 2583 406 contemplatur;
2620 340 2675 388 et
2705 330 2908 404 psallit,
2939 346 3061 387 cum
3088 329 3343 386 virtutem
3368 345 3498 400 ope-

241 416 343 473 rai.
382 416 605 489 θεωρεῖν
630 417 731 482 τὰς
757 418 1073 484 δυναστείας
1099 420 1286 487 αὐτοῦ,
1320 423 1414 476 καὶ
1441 422 1583 477 κατὰ
1620 424 1823 486 ταύτας

238 510 528 584 πράττειν.

793 689 1087 744 ΨΑΛΜΟΣ
1122 691 1256 745 KA'.

326 776 382 831 Ὀ
413 777 574 845 Θεὸς,
604 778 638 832 ὀ
660 779 802 846 Θεός
817 797 957 849 μου,
982 780 1248 848 πρόσχες
1274 796 1396 849 μοι’
1426 781 1527 835 ἵνα
1556 784 1615 837 τί
1643 784 1818 854 ἐγκα-

239 868 484 937 τέλιπές
511 888 602 940 με,
646 890 701 926 κ.
726 890 777 927 τ.
801 875 846 927 ὲ.
888 872 1034 947 Αὕτη
1084 877 1118 946 ὴ
1161 877 1313 949 φωνὴ
1339 877 1450 950 (49)
1487 878 1579 933 τοῦ
1612 881 1816 952 Κυρίου

241 962 505 1035 Χριστοῦ,
550 963 627 1035 τῷ
673 965 889 1037 σταυρῴ
918 967 1362 1041 προσηλωμένον,
1419 971 1512 1025 καὶ
1556 971 1729 1037 ἄλλως
1760 974 1817 1028 δὲ

240 1059 407 1110 τυποῖ
428 1057 488 1111 τὸ
515 1058 779 1131 ἡμέτερον
809 1059 1000 1125 πάθος.
1045 1061 1234 1132 Ἡμεῖς
1254 1062 1362 1134 γὰρ
1387 1058 1528 1136 ἦμεν
1572 1067 1621 1118 οἱ
1654 1067 1822 1135 ἐγκα-

238 1148 655 1222 ταλελειμμένοι
682 1152 777 1206 καὶ
803 1154 1218 1226 παρεωραμένοι
1247 1154 1537 1228 πρότερονο
1576 1152 1695 1210 εἶτα
1725 1157 1820 1212 νῦν

240 1241 711 1314 προσειλημμένοι
751 1244 845 1297 καὶ
899 1245 1231 1315 σεσωσμένοι
1274 1248 1386 1310 τοῖς
1436 1246 1533 1301 τοῦ
1576 1247 1821 1314 ἀπαθοῦς

240 1332 496 1398 πάθεσιν,
529 1332 716 1406 ὥσπερ
764 1335 862 1406 τὴν
906 1336 1213 1412 ἀφροσύνην
1238 1337 1396 1409 ἡμῶν
1423 1340 1516 1392 καὶ
1558 1339 1619 1392 τὸ
1642 1339 1822 1412 πλημ-

245 1424 410 1494 μελὲς
432 1423 814 1496 οἰκειούμενος,
861 1425 949 1480 διὰ
977 1427 1086 1481 τῶν
1120 1411 1244 1499 ἑξῆς
1273 1428 1364 1482 τοῦ
1403 1428 1618 1500 ψαλμοῦ
1651 1411 1817 1503 φησιο

1927 436 2104 484 ratur.
2147 428 2417 484 Caeterum
2453 428 2684 482 virtutes
2727 426 2842 496 ejus
2871 424 3300 497 contemplanda:
3343 432 3493 490 sunt,

1930 529 1986 576 et
2019 521 2085 577 ad
2112 521 2232 579 illas
2257 522 2368 577 vita
2398 520 2685 591 exigenda.

2461 701 2782 758 PSALRWS
2820 702 2961 757 XXI.

1997 791 2164 847 Vsus.
2205 792 2258 847 2.
2300 793 2457 860 Deus,
2491 795 2629 848 Deus
2660 811 2827 859 meus,
2856 795 3054 863 respice
3082 794 3137 849 in
3181 809 3261 847 me
3285 811 3304 850 :
3332 810 3494 864 quare

1923 899 2005 937 me
2036 885 2386 956 dereliquisli,
2420 895 2527 940 etc.
2555 885 2683 939 llaec
2706 893 2791 941 est
2833 885 3043 939 Domini
3088 886 3289 940 Christi
3327 886 3507 939 cruci-

1925 974 2016 1027 ﬁxi
2049 989 2177 1039 vox,
2222 990 2341 1044 qute
2382 973 2604 1029 aliunde
2640 976 2838 1044 ﬁgurat
2891 976 3033 1045 quod
3067 977 3224 1030 nobis
3278 977 3492 1032 accidit.

1926 1063 2034 1121 Nos
2070 1065 2214 1120 enim
2238 1080 2457 1119 eramus
2485 1067 2636 1135 prius
2667 1064 2913 1120 derelicti
2943 1076 2999 1119 et
3024 1066 3288 1135 despecti,
3351 1082 3492 1120 nunc

1927 1172 2058 1213 vero
2091 1159 2431 1227 postmodum
2457 1157 2717 1227 assumpti
2749 1166 2804 1212 et
2828 1158 2960 1212 salvi
2998 1158 3127 1213 facti
3153 1160 3493 1229 passionihns

1925 1251 2043 1320 ejus
2069 1250 2162 1319 qni
2191 1265 2296 1304 non
2320 1259 2432 1303 erat
2460 1250 2806 1318 passionihus
2829 1249 3118 1312 obnoxius,
3147 1251 3492 1319 quemadmo-

1926 1342 2052 1395 dum
2098 1342 2465 1410 insipientiam
2514 1349 2757 1396 nostram
2805 1350 2859 1396 et
2906 1340 3164 1395 delictum
3203 1341 3305 1394 sibi
3333 1341 3496 1412 620

1926 1436 2367 1501 accommodans,
2419 1433 2703 1503 sequentia
2754 1433 2944 1502 psalmi
2997 1433 3163 1488 verba
3217 1434 3426 1503 profert
3476 1447 3494 1487 :

249 1532 271 1566 ι
291 1515 525 1588 Μακρὰν
554 1516 661 1570 ἀπὸ
685 1517 785 1588 τῆς
813 1518 1084 1589 σωτηρίας
1118 1536 1219 1589 μου
1252 1521 1300 1573 οἱ
1329 1520 1477 1589 λόγοι
1501 1521 1609 1575 τῶν
1641 1540 1821 1594 παρα-

1931 1545 1951 1579 ι
1972 1527 2173 1600 'Longe
2197 1544 2225 1582 a
2257 1529 2430 1584 salute
2461 1545 2582 1584 mea
2614 1533 2778 1583 verba
2819 1528 3136 1584 delictorum
3172 1544 3437 1586 meorum.
3470 1546 3490 1580 ι

241 1607 555 1678 πτωμάτων
586 1626 704 1680 μου.
728 1627 747 1661 ι
795 1609 883 1674 Ὠς
919 1609 1074 1680 ἔλεγε
1096 1610 1208 1683 (50)
1229 1629 1243 1644 ⁸
1269 1612 1505 1685 Μακράν
1540 1632 1608 1686 με
1638 1614 1823 1670 ποιοῦ-

242 1713 299 1750 σι
327 1697 425 1768 τῆς
454 1699 724 1770 σωτηρίας
756 1701 811 1754 αί
840 1701 1125 1772 ἁμαρτίαι.

318 1811 402 1866 Σὺ
450 1810 519 1866 δὲ
560 1813 630 1867 ἐν
669 1801 815 1884 ἀγίῳ
857 1816 1149 1884 κατοικεῖς
1194 1821 1229 1873 ό
1277 1819 1522 1888 ἔπαινος
1558 1821 1664 1876 τοῦ
1716 1821 1824 1876 Ἰσ-

231 1902 424 1973 ραὴλ,
456 1921 510 1960 κ.
537 1922 586 1959 τ.
615 1905 663 1959 ἐ.
731 1906 1011 1963 Ἐντεῦθεν
1053 1908 1392 1983 μανθάνομεν
1424 1910 1557 1984 (51),
1601 1914 1682 1968 ὅτι
1725 1914 1824 1967 αύ-

239 1996 528 2061 τοέπαινός
564 1997 711 2052 ἐστιν
753 1999 1026 2073 όΚύριος,
1069 2002 1163 2055 καὶ¹
1202 2002 1422 2068 ἔπαινος
1450 2003 1685 2077 Μακράν
1725 2005 1821 2060 τοῦ

256 2086 495 2159 Ἰσραήλ.

330 2180 470 2249 Ἐγὼ
490 2179 558 2235 δέ
577 2183 693 2250 εἰμι
720 2182 967 2251 σκώληξ
991 2184 1090 2239 καὶ
1118 2184 1229 2240 οὐκ
1260 2183 1589 2255 ἅνθρωπος,
1620 2205 1673 2241 κ.
1697 2206 1745 2242 τ.
1771 2189 1819 2246 ὲ.

256 2271 318 2325 Ὀ
348 2271 562 2344 σκώληξ
593 2272 704 2345 (52)
752 2275 851 2328 οὐκ
888 2276 953 2329 ὲκ
1005 2276 1346 2349 συνδυασμοῦ
1390 2281 1664 2348 γεννᾶται,
1707 2280 1822 2334 ἀλλ’

239 2363 355 2418 ἀπὸ
398 2363 574 2429 ξύλου,
628 2366 722 2419 καὶ
769 2366 1042 2422 κατεσθίει
1084 2368 1235 2437 ξύλα,
1282 2370 1493 2443 χόρτον,
1548 2371 1819 2443 καλάμην.

241 2456 400 2527 Τάχα
448 2457 542 2510 καὶ
570 2459 599 2512 6
634 2457 765 2522 Θεὸς
790 2457 948 2530 ἡμῶν
978 2458 1089 2532 πῦρ
1136 2462 1252 2514 ἐστι
1295 2461 1688 2517 καταναλίσκον
1725 2462 1822 2533 τὴν

244 2549 528 2621 μοχθηρὰν
572 2551 665 2604 καὶ
696 2548 1003 2623 εὔπρηστον
1053 2549 1206 2625 ὕλην.
1257 2554 1321 2607 Εἰ
1364 2554 1420 2607 δὲ
1468 2554 1598 2622 ξύλα
1641 2555 1736 2609 καὶ
1764 2556 1822 2609 αἱ

238 2642 461 2712 λογικαὶ
481 2643 836 2713 ὀνομάζονται
859 2644 1046 2714 φύσεις
1063 2661 1076 2675 ο
1115 2645 1242 2698 «Σὲ»
1275 2646 1405 2719 γάρ,
1432 2647 1616 2719 φησὶν,
1651 2667 1668 2698 ι
1695 2647 1823 2719 ἐζή-

240 2735 423 2789 λωσαν
460 2735 637 2790 πάντα
684 2735 751 2790 τὰ
783 2736 915 2801 ξύλα
947 2736 1042 2790 τοῦ
1082 2737 1435 2809 παραδείσου,
1463 2757 1483 2791 ι
1522 2740 1580 2792 ὲν
1611 2740 1666 2793 δὲ
1693 2739 1824 2793 ταύ-

239 2843 365 2889 ταις
392 2826 598 2894 πέφυκε
621 2826 910 2894 γεννᾶσθαι
935 2828 1170 2900 Χριστὸς
1192 2828 1268 2892 ὡς
1295 2829 1475 2899 σοφία,
1509 2829 1602 2883 καὶ
1623 2831 1824 2884 δικαιο-

242 2916 380 2987 σύνη
402 2935 416 2948 ”
452 2918 636 2982 καλῶς
674 2921 703 2973 6
728 2919 964 2993 Χριστὸς
988 2920 1312 2992 ὀνομάζεται
1350 2921 1568 2994 σκώληξ
1609 2922 1666 2975 ὲν
1709 2924 1822 2986 τοῖς

239 3008 506 3074 τοιούτοις
535 3009 712 3077 ξύλοις
737 3011 1042 3082 γενόμενος.
1086 3012 1243 3067 Ἀλλὰ
1273 3013 1368 3067 καὶ
1392 3013 1469 3078 ὡς
1501 3013 1716 3087 σκώληξ
1739 3015 1825 3069 δέ-

240 3100 378 3173 λεαρ
408 3101 597 3172 γέγονε
626 3101 705 3174 τῷ
749 3102 977 3174 διαϐόλῳ
1027 3104 1120 3157 καὶ
1161 3107 1274 3166 τοῖς
1319 3105 1574 3175 ἀγγέλοις
1619 3104 1820 3161 αὐτοῦ·

241 3195 342 3249 καὶ
372 3195 687 3267 εὑρίσκεται
737 3195 834 3267 μὲν
872 3194 954 3266 τῷ
1001 3195 1148 3268 σοφῷ
1192 3197 1374 3263 εὐθὺς,
1418 3198 1497 3270 τῷ
1526 3199 1583 3252 δὲ
1629 3200 1824 3270 ἄφρονι

243 3284 477 3349 σκολιός.
526 3284 734 3339 Γίνεται
761 3284 819 3338 δὲ
850 3285 944 3338 καὶ
993 3287 1130 3358 ἡμῖν
1179 3287 1552 3360 ἁμαρτάνουσι
1585 3288 1818 3362 σκώληξ,

240 3375 342 3448 τὴν
373 3375 673 3448 συνείδησιν
703 3375 862 3448 ἡμῶν
888 3376 1176 3450 διελέγχων
1211 3379 1305 3433 καὶ
1333 3380 1721 3452 κατατρώγων.

317 3469 446 3525 Ὀτι
476 3469 575 3524 σὺ·
601 3470 660 3524 εἷ
694 3471 727 3524 ὁ
756 3469 1078 3538 ἐπισπάσας
1104 3489 1182 3542 με
1227 3472 1297 3528 ἐκ
1343 3475 1622 3545 γαστρὸς,
1664 3477 1703 3544 ἠ
1729 3475 1825 3529 ἑλ-

240 3563 347 3629 πίς
387 3580 507 3632 μου
552 3561 669 3618 ἀπὸ
697 3561 946 3633 μαστῶν
993 3563 1104 3633 τῆς
1139 3567 1366 3636 μητρός
1399 3584 1539 3637 μου,
1585 3585 1639 3621 κ.
1680 3586 1728 3622 τ.
1772 3569 1819 3622 ὲ.

241 3655 379 3710 Θεὸν
414 3653 521 3726 γάρ
561 3655 849 3726 γενόμενον
896 3656 1007 3730 (5'5)
1052 3658 1080 3710 6
1112 3653 1302 3730 Πατὴρ
1348 3658 1711 3730 ὲμαιεύσατοο
1746 3657 1823 3714 οἷ-

246 3767 346 3822 μαι
378 3749 434 3803 δὲ
466 3748 562 3803 καὶ
596 3749 753 3821 μόνον
780 3747 888 3803 τῶν
920 3750 1001 3813 είς
1040 3748 1254 3819 γένεσιν
1297 3750 1649 3821 ἐληλυθότων,
1700 3753 1823 3807 ἐπεὶ

242 3845 340 3897 καὶ
375 3842 534 3913 μόνος
582 3841 642 3910 ἐξ
690 3842 844 3913 ἁγίου
889 3841 1204 3914 Πνεύματος
1243 3838 1331 3914 ἦν.
1383 3844 1448 3897 Εἰ
1492 3843 1551 3898 δὲ
1582 3844 1823 3910 ἐλπίζειν

240 3938 363 4011 ᾔδει
390 3936 469 3992 ἔτι
492 3934 881 4006 γαλακτοδοτού
890 3953 1045 4007 μενος
1066 3934 1381 4006 τελειότητι,
1411 3935 1548 4008 πρὸς
1568 3937 1653 4001 τὸ,
1690 3955 1709 3988 ι
1732 3939 1825 3991 ὲκ.

244 4031 461 4096 σπάσας
491 4048 580 4103 με,
605 4050 623 4083 ι
668 4029 885 4101 λεχθείη
919 4028 1006 4094 ἂν,
1038 4029 1121 4082 ὅτι
1154 4029 1247 4081 καὶ
1278 4027 1369 4082 ἵνα
1399 4028 1476 4100 μὴ
1508 4027 1700 4101 ἐξέλθῃ
1725 4029 1823 4100 τῆς

241 4122 499 4195 γαστρὸς,
534 4119 919 4176 ἐπεϐουλεύετο
943 4120 1038 4173 καὶ
1067 4118 1354 4181 ἐκωλύετο,
1391 4118 1466 4182 ὡς
1492 4116 1695 4171 δεῖσθαι
1726 4116 1820 4170 τοῦ

240 4208 378 4264 Θεοῦ
412 4209 719 4272 ἐκσπῶντος
769 4206 930 4262 αὑτὸν
972 4207 1081 4261 ἀπὸ
1133 4207 1387 4279 γαστρός.
1440 4207 1592 4278 Τάχα
1622 4207 1679 4261 δὲ
1724 4208 1814 4261 καὶ
1851 4243 1894 4298 D

241 4304 422 4359 πάντα
452 4303 542 4357 τὸν
585 4300 920 4373 γεννώμενον
964 4298 1192 4370 ἀόρατός
1233 4317 1316 4364 τις
1367 4299 1593 4371 δύναμις
1638 4301 1817 4373 ὲκσπᾷ

239 4397 350 4453 ἀπὸ
390 4398 490 4469 τῆς
519 4395 756 4467 γαστρός
775 4412 788 4424 ·
843 4392 974 4462 ἁγία
1005 4393 1121 4465 μὲν,
1150 4392 1226 4457 ὡς
1269 4391 1361 4446 τὸν
1389 4391 1601 4446 Παῦλον
1625 4393 1818 4465 ἀφορι-

240 4489 467 4562 ζόμενον
490 4491 555 4541 ὲκ
579 4487 784 4550 κοιλίας
807 4486 1010 4557 μητρός
1029 4503 1042 4517 ·
1075 4484 1272 4558 χείρων
1298 4484 1374 4550 δὲ,
1403 4485 1479 4548 ὡς
1496 4486 1622 4549 τοὺς
1649 4485 1820 4557 ἀπηλ-

237 4578 641 4651 λοτριωμένους
672 4577 779 4632 ἀπὺ
808 4577 1019 4648 μήτρας
1039 4575 1412 4648 ἁμαρτωλούς.
1448 4577 1623 4641 Μόνον
1650 4576 1707 4630 δὲ
1725 4576 1817 4631 τὸν

239 4670 472 4741 Σωτῆρα
504 4667 664 4731 αὐτὸς
691 4666 988 4733 ἐξέσπασεν
1011 4665 1041 4718 6
1068 4666 1259 4738 Πατὴρ
1293 4666 1402 4720 ἀπὸ
1430 4666 1529 4738 τῆς
1560 4665 1816 4739 γαστρὸς,

238 4759 384 4814 ὥστε
414 4757 577 4813 αὑτὸν
621 4753 716 4809 τοῦ
768 4753 1050 4825 ὲξαιρέτου
1100 4754 1486 4826 αἰσθανόμενον
1536 4756 1815 4828 εἰρηκέναι

236 4852 323 4916 τό,
358 4852 512 4904 «Ὅτι
556 4849 622 4902 σὺ
667 4843 720 4901 εἴ
761 4849 790 4901 6
818 4847 1099 4910 ἐπισπάσας
1143 4865 1210 4918 με
1244 4847 1310 4901 ὲκ
1351 4847 1617 4919 γαστρόςσ
1647 4867 1667 4901 ι
1704 4847 1814 4902 τῶν

238 4945 414 5002 ἄλλων
448 4941 750 5015 ἀνθρώπων
791 4941 890 4995 οὐκ
929 4939 1338 5010 ἐκσπασμένων,
1383 4939 1499 4993 ἀλλ’
1522 4939 1814 5013 ἐξερχομέ-

235 5052 380 5093 νων.
434 5032 740 5105 (Ἐξῆλθε)
782 5031 912 5104 γὰρ,
956 5030 1141 5102 φησὶν,
1187 5049 1205 5082 ι
1245 5032 1274 5084 6
1316 5030 1485 5085 Ἠσαῦ
1516 5032 1647 5087 ὡσεὶ
1681 5031 1814 5105 δορὰ

237 5127 422 5193 δασύς.
457 5145 476 5180 ι
522 5125 622 5181 Διὰ
666 5123 825 5178 τοῦτο
855 5123 913 5177 δὲ
948 5122 1106 5194 μόνος
1150 5123 1210 5175 οὐ
1243 5121 1464 5191 γέγονεν
1496 5123 1555 5178 ὲν
1599 5126 1666 5197 τῇ
1704 5124 1815 5180 τῶν

313 5265 359 5298 ³⁸
388 5264 588 5321 Bacch.
627 5260 841 5328 xxxi,9.
917 5260 962 5292 “
1006 5258 1143 5315 Gen.
1191 5273 1319 5325 xxv,
1359 5258 1452 5314 25.

309 5403 423 5475 (49)
451 5402 621 5475 Αὕτη,
651 5401 696 5475 ἠ
730 5397 902 5475 φωνή
921 5437 936 5464 ,
967 5408 1073 5455 etc.
1106 5394 1398 5475 _Corde_rius
1420 5433 1436 5458 ,
1461 5390 1599 5475 “qui,
1623 5398 1683 5472 et
1728 5388 1804 5446 si-

238 5459 418 5530 milia'
443 5474 556 5529 l’ere
598 5459 776 5529 habet
823 5459 933 5526 su'b'
976 5467 1196 5526 nomine
1246 5459 1519 5536 Gregorii'
1552 5459 1803 5517 Nazian-

237 5560 423 5743 ἒθῖἓη
458 5614 559 5739 εἷς
585 5613 775 5684 ἔλεγε,
808 5622 916 5671 etc.
941 5608 1127 5669 Codex
1154 5605 1541 5671 Coislinianus,
1570 5608 1626 5659 et
1654 5601 1808 5659 sche-

275 5700 320 5741 ἓ
397 5699 454 5740 ra
495 5701 550 5739 ιι.

275 5700 320 5741 ἓ
346 5699 550 5740 urauu.

1924 1617 2088 1686 Quasi
2115 1620 2362 1676 diceret:
2398 1620 2647 1676 Procula
2672 1619 2846 1675 salute
2894 1635 2980 1675 me
3008 1630 3232 1691 peccata
3267 1621 3491 1676 faciunt.

1994 1801 2164 1857 Vens.
2199 1800 2257 1856 4.
2290 1800 2369 1855 Tu
2398 1813 2570 1856 autem
2603 1801 2658 1856 in
2695 1810 2877 1855 sancto
2909 1799 3119 1855 habitas
3145 1800 3265 1855 laus
3298 1799 3494 1866 Israel,

1923 1903 2032 1948 etc.
2058 1890 2201 1948 Hinc
2238 1892 2498 1948 discimus
2550 1891 2835 1948 Dominum
2883 1907 3005 1949 esse
3055 1892 3269 1948 laudem
3300 1894 3494 1964 ipsam,

1923 1998 1979 2045 et
2007 1989 2242 2045 maxime
2265 1988 2480 2044 laudem
2504 1971 2689 2044 lsrael.

1993 2164 2160 2220 Vens.
2194 2165 2250 2221 7.
2303 2165 2419 2235 Ego
2472 2174 2649 2218 autem
2695 2178 2811 2218 sum
2843 2162 3034 2217 vermis
3083 2169 3132 2215 et
3189 2178 3292 2216 non
3317 2161 3492 2228 homo,

1923 2261 2030 2309 etc.
2062 2253 2179 2308 Non
2205 2254 2379 2309 oritur
2405 2254 2608 2308 vermis
2647 2268 2716 2308 ex
2746 2252 2961 2322 capula,
2998 2252 3092 2307 sed
3128 2266 3193 2306 ex
3245 2251 3415 2322 ligno,
3440 2260 3497 2307 et

1924 2346 2067 2400 rodit
2117 2345 2285 2416 ligna,
2340 2346 2565 2410 fanum,
2610 2344 2890 2415 stipulam.
2954 2344 3209 2399 Fortasse
3263 2353 3319 2399 et
3351 2345 3496 2401 Deus

1924 2448 2109 2492 noster
2140 2437 2282 2505 ignis
2308 2448 2392 2491 est
2418 2451 2745 2492 consumens
2779 2451 3003 2507 pravam
3037 2445 3091 2489 et
3139 2437 3496 2492 combustihi-

1925 2530 2028 2584 lem
2060 2529 2362 2585 materiam.
2400 2528 2554 2596 Quod
2582 2530 2624 2583 si
2656 2529 2926 2598 lignorum
2962 2528 3222 2584 vocabulo
3253 2529 3494 2584 rationa-

1925 2620 2058 2676 biles
2084 2633 2296 2690 quoque
2323 2629 2528 2674 natura:
2557 2618 2898 2689 appellantur
2930 2633 2944 2669 :
2982 2635 3001 2668 ι
3036 2618 3112 2672 Te
3157 2638 3176 2671 ι
3213 2619 3381 2686 enim,
3414 2619 3496 2674 in-

1923 2712 2042 2782 quit
2071 2710 2136 2774 l‘,
2167 2728 2186 2762 ι
2234 2711 2482 2765 aenmlata
2533 2719 2658 2764 sunt
2684 2710 2865 2764 omnia
2900 2707 3043 2778 ligna
3077 2708 3341 2776 paradisi,
3384 2728 3404 2761 ι
3438 2710 3495 2765 in

1925 2804 2009 2858 his
2032 2812 2210 2857 autem
2242 2799 2376 2857 solet
2404 2801 2551 2855 nasci
2579 2799 2845 2865 Christus,
2871 2808 2932 2853 ut
2954 2799 3215 2867 sapientia
3251 2809 3307 2855 et
3332 2799 3496 2869 justi-

1849 2890 1892 2948 C
1925 2894 2019 2962 tia,
2052 2894 2278 2964 pulchre
2330 2891 2579 2947 Christus
2622 2890 2823 2946 dicitur
2869 2891 3069 2945 vermis
3114 2891 3170 2945 in
3227 2889 3490 2959 ejusmodi

1927 2985 2083 3056 lignis
2112 2993 2292 3039 natus.
2339 2980 2446 3038 Sed
2491 2989 2549 3036 et
2599 2991 2855 3050 tanquam
2910 2980 3114 3035 vermis
3153 2994 3281 3036 esca
3314 2981 3494 3037 lactus

1925 3087 2008 3133 est
2043 3076 2255 3133 diabolo
2281 3084 2335 3131 et
2369 3074 2573 3144 angelis
2619 3073 2758 3142 ejus.
2795 3071 3042 3141 Sapienti
3094 3072 3315 3140 insuper
3343 3072 3497 3128 inve-

1926 3171 2075 3225 nitur
2130 3177 2333 3235 rectus,
2362 3166 2640 3237 insipienti
2698 3180 2831 3221 vero
2889 3164 3159 3233 obliquus.
3206 3163 3295 3218 Fit
3328 3165 3492 3219 etiam

1925 3264 2082 3319 nobis
2114 3260 2491 3332 peccatoribus
2522 3258 2746 3325 vermis,
2792 3257 3190 3313 conscientiam
3246 3266 3494 3313 nostram

1923 3369 2158 3427 arguens
2188 3362 2242 3409 et
2275 3352 2495 3408 rodens.

1992 3467 2158 3523 Vsus.
2188 3463 2280 3520 10.
2326 3462 2592 3529 Quoniam
2640 3471 2697 3514 tu
2748 3476 2803 3515 es
2835 3460 2926 3531 qui
2973 3459 3253 3514 extruxisti
3300 3477 3384 3514 me
3424 3459 3491 3515 de

1923 3570 2118 3622 ventre,
2142 3574 2258 3626 spes
2291 3572 2408 3611 mea
2448 3554 2511 3609 ab
2538 3553 2783 3608 uberibus
2835 3553 3020 3607 matris
3047 3569 3197 3619 niam,
3224 3561 3333 3608 etc.
3381 3552 3494 3607 Na-

1924 3653 2098 3708 scenti
2124 3652 2235 3706 Deo
2274 3649 2436 3704 Pater
2459 3644 2850 3702 obstetricatus
2885 3653 2988 3709 est,
3018 3644 3176 3713 eique
3206 3643 3333 3709 soli,
3366 3645 3493 3714 opi-

1923 3759 2045 3808 nor,
2080 3742 2205 3812 quia
2253 3739 2404 3795 solus
2448 3739 2515 3793 de
2560 3736 2766 3807 Spiritu
2798 3746 2989 3790 sancto
3029 3744 3169 3789 erat.
3221 3734 3493 3801 Quoniam

1923 3844 2102 3890 autem
2157 3845 2378 3903 sperare
2422 3841 2669 3896 noverat,
2719 3844 2839 3882 cum
2886 3828 3063 3881 adhuc
3141 3828 3493 3898 perfectionis

1922 3927 2063 3982 lacte
2091 3928 2414 3989 nutriretur,
2459 3925 2526 3980 ad
2582 3921 2714 3978 illud
2748 3936 2769 3971 ‹
2803 3918 3086 3973 extraxiin
3115 3933 3221 3986 me,
3258 3937 3277 3971 ι
3307 3919 3495 3973 dicen-

1923 4020 2053 4073 dum
2093 4019 2220 4083 erit,
2244 4018 2440 4086 ipsum,
2472 4015 2766 4086 quominus
2790 4012 2962 4069 exiret
2984 4012 3049 4066 de
3077 4019 3287 4078 ventre,
3324 4009 3493 4065 fuisse

1923 4109 2261 4180 impeditum,
2292 4107 2451 4176 eique
2491 4103 2717 4159 insidias
2768 4101 2976 4175 positas
3028 4100 3219 4163 fuisse,
3267 4100 3403 4155 adeo
3431 4109 3492 4154 ut

1926 4218 2059 4272 opus
2093 4201 2345 4256 habuerit
2374 4200 2484 4255 Deo
2516 4197 2607 4268 qui
2636 4196 2786 4250 illum
2835 4194 3152 4249 extraheret
3179 4192 3248 4248 de
3277 4200 3487 4247 ventre.

1925 4295 2090 4352 Forte
2132 4302 2312 4349 autem
2362 4300 2416 4345 et
2471 4288 2771 4360 quemlibet
2835 4295 3148 4340 nascentem
3205 4282 3492 4339 invisibilis

1925 4386 2170 4457 quzcdam
2208 4383 2383 4439 virtus
2404 4380 2646 4437 extrahit
2669 4379 2737 4434 de
2759 4386 2985 4439 ventre;
3023 4383 3211 4430 sancta
3245 4375 3487 4444 quidem,

1923 4476 2098 4549 qualis
2128 4475 2232 4530 fuit
2258 4489 2322 4529 ea
2350 4488 2471 4543 qum
2501 4470 2741 4528 extraxit
2777 4467 3003 4524 Paulum
3042 4477 3380 4537 segregatum
3419 4484 3488 4523 ex

1924 4581 2079 4627 utero
2105 4568 2325 4633 matris;
2380 4565 2522 4621 mala
2570 4578 2861 4634 vero,qn:e
2909 4561 3142 4617 extrahit
3170 4571 3488 4630 peccatores

1924 4663 2017 4734 qui
2066 4660 2284 4715 alienati
2321 4664 2449 4714 sunt
2491 4672 2520 4709 a
2568 4654 2751 4711 vulva.
2800 4655 2872 4710 At
2913 4653 3088 4709 solum
3144 4650 3488 4708 Salvatorcm

1924 4759 2038 4824 ipse
2073 4753 2311 4812 extraxit
2350 4751 2512 4807 Pater
2552 4749 2619 4804 de
2667 4756 2879 4812 ventre,
2925 4747 3062 4801 adeo
3091 4753 3149 4799 ut
3197 4745 3490 4815 Singularis

1922 4847 2171 4906 benellcii
2201 4845 2452 4902 conscius
2489 4842 2661 4898 Filius
2698 4840 2902 4896 dixerit
2933 4851 2950 4891 :
2983 4855 3003 4890 ι
3041 4837 3309 4905 Quoniam
3339 4847 3393 4893 tu
3427 4854 3490 4893 es

1920 4941 2013 5013 qui
2069 4937 2356 4996 extraxisti
2390 4950 2477 4991 me
2528 4936 2596 4991 de
2641 4941 2854 5003 ventre,
2889 4948 2909 4983 ι
2950 4945 3072 4986 cum
3104 4929 3196 4984 alii
3236 4929 3486 4986 homines

1920 5051 2028 5091 non
2053 5031 2433 5093 extrahantur,
2461 5026 2554 5084 sed
2586 5025 2933 5097 egrediantur
2958 5038 2973 5077 :
3005 5039 3026 5074 ι
3057 5021 3321 5092 Egressus
3346 5030 3432 5077 est
3460 5038 3484 5075 ι

1919 5126 2085 5194 enim,
2114 5122 2357 5195 inquit",
2380 5139 2401 5175 ι
2423 5119 2564 5176 Esau
2580 5118 2723 5175 sicut
2746 5115 2902 5188 pellis
2927 5112 3152 5185 pilosus.
3182 5133 3202 5167 ι
3226 5113 3483 5184 Propter-

1985 5388 2098 5456 (5l)
2138 5384 2450 5456 Ἐντεῦθεν
2462 5385 2869 5456 μανθάνομεν,
2887 5395 2992 5456 etc.
3022 5385 3244 5442 Schedae
3271 5386 3478 5444 Grabii.

1985 5455 2100 5529 (52)
2140 5458 2202 5529 ’ρ
2245 5455 2525 5529 σκώληξ,
2570 5465 2679 5512 etc.
2722 5455 2903 5512 Codex
2941 5455 3161 5513 Coisliu.
3192 5458 3484 5514 etschedte

1914 5526 2129 5591 Graliii,
2160 5526 2453 5581 Barbarus.

1962 5598 2097 5676 '(5_5)
2126 5596 2283 5676 Θεὸς
2315 5595 2426 5676 γᾴρ
2455 5598 2788 5676 ’γενόμενον
2809 5633 2825 5661 ,
2860 5605 2965 5654 etc.
3001 5594 3227 5653 Schema
3269 5598 3477 5661 Grahii,

1914 5666 2220 5740 partimque
2244 5666 2562 5723 Corderius.
