4020 6152
520 184 528 205 ’
580 189 722 246 Ηδδ

1943 186 2035 243 EX
2074 184 2378 244 ORIGENE

3650 185 3753 242 1256

578 322 644 365 ea
676 306 823 364 solus
849 306 1099 362 Salvator
1129 302 1370 359 infantiae
1407 302 1704 359 amentiam
1740 312 1795 358 et
1818 310 2016 358 statum
2046 316 2140 356 non

2254 303 2462 375 νηπίων
2487 300 2642 372 ἀνοίᾳ
2672 301 2765 355 καὶ
2792 300 3122 355 καταστάσει
3146 317 3161 331 ·
3191 299 3267 353 ἔτι
3301 298 3410 370 γὰρ
3443 301 3653 370 μαστοὺς
3680 321 3757 375 μη-

579 409 665 457 est
692 406 967 469 expertus,
1010 397 1211 466 quippe
1259 396 1353 465 qui
1398 395 1579 450 adhuc
1613 396 1780 449 ubera
1814 394 2003 449 matris
2027 408 2151 447 cor-

582 505 716 560 pore
744 503 965 558 sugens,
991 500 1215 556 sperare
1239 495 1465 540 noverat
1486 486 1538 539 in
1564 500 1687 539 eum
1715 485 1809 554 qui
1850 493 2153 540 extraxerat

580 581 731 636 illum
759 580 824 634 de
843 588 1052 633 ventre.
1077 577 1277 632 Omnes
1302 575 1447 629 enim
1473 575 1724 631 homines
1752 575 1843 629 ubi
1866 575 1977 629 nati
2004 585 2148 642 sunt,

580 672 647 726 ad
711 669 974 725 malitiam
1016 669 1254 738 primum
1308 668 1598 729 accedunt,
1655 666 1915 721 Dominus
1966 675 2149 721 autem

581 771 766 818 noster
800 778 820 813 ι
855 760 1175 831 priusquam
1225 761 1439 814 noverit
1483 760 1679 813 bonum
1725 767 1820 811 aut
1859 756 2081 823 malum,
2123 775 2143 809 ι

577 855 720 911 sicut
759 853 840 907 ait
891 850 1063 909 lsaias
1091 852 1156 919 ιθ,
1188 870 1207 904 ι
1255 851 1473 907 malitiae
1494 850 1859 915 abrenuntiat,
1887 857 1947 903 ut
1989 849 2152 918 eligat

577 945 802 1000 bonum.
842 961 862 996 ι
900 944 1035 1000 Cum
1057 944 1145 998 his
1185 941 1433 998 eonferes
1458 956 1521 996 ea
1573 956 1691 1010 qua:
1723 941 1866 995 dicta
1909 949 2035 994 sunt
2081 938 2150 994 de

574 1033 784 1089 Joanne
812 1050 831 1084 ι
868 1032 1176 1088 exsultante
1225 1045 1338 1100 pra:
1384 1031 1580 1101 gaudio
1620 1030 1689 1095 ",
1723 1048 1744 1081 s
1774 1038 1829 1083 et
1866 1030 1934 1084 de
1976 1027 2149 1083 Jacob

581 1143 600 1175 ι
637 1125 690 1178 iu
743 1132 901 1179 utero
951 1124 1336 1193 supplantante
1374 1121 1600 1177 fratrem
1645 1136 1805 1177 suum
1832 1121 1900 1191 ¹⁸,
1940 1139 1959 1172 ι
1988 1132 2043 1176 et
2082 1121 2148 1175 de

573 1214 810 1269 Ieremia
839 1232 860 1267 ι
888 1214 1201 1285 priusquam
1227 1215 1401 1268 exiret
1417 1216 1482 1269 de
1505 1213 1662 1270 vulva
1686 1211 2026 1267 sanctificato
2045 1211 2140 1268 “.s

641 1306 802 1378 621
831 1306 997 1362 Vens.
1024 1306 1115 1370 10,
1150 1307 1234 1360 ll.
1277 1304 1406 1375 Spes
1439 1322 1553 1359 mea
1586 1305 1649 1360 ab
1685 1305 1929 1358 uberibus
1962 1304 2146 1357 matris

572 1415 722 1464 uteie,
747 1401 872 1453 inte
893 1399 1151 1468 projectus
1174 1415 1291 1452 sunt
1311 1414 1376 1452 ea:
1405 1408 1573 1461 utero.
1596 1407 1703 1453 etc.
1730 1397 1873 1451 Enos
1896 1397 2137 1466 speravit

574 1493 827 1551 invocare
853 1493 1044 1559 Deum,
1073 1492 1168 1548 sed
1200 1506 1310 1547 non
1340 1492 1408 1548 ab
1440 1492 1696 1546 uberibus
1729 1491 1959 1545 matris:
1991 1491 2146 1545 Chri-

572 1594 688 1639 Stus
730 1591 909 1637 autem
945 1591 1236 1652 antequam
1283 1591 1638 1653 cognosceret
1674 1584 1871 1637 bonum
1908 1591 2001 1635 aut
2031 1596 2146 1634 ma-

2250 396 2376 466 τρὸς
2406 394 2493 448 διὰ
2519 394 2578 447 τὸ
2610 395 2768 465 σῶμα
2805 393 3050 466 θηλάζων
3082 392 3321 457 ἐλπίζειν
3347 391 3457 463 ᾔδει
3486 394 3570 446 ἐπὶ
3596 393 3671 447 τὸν
3694 399 3758 449 ἐκ·

2252 487 2532 540 σπάσαντα
2552 486 2715 539 αὑτὸν
2745 487 2810 539 ὲκ
2840 486 3074 558 γαστρός
3099 503 3112 516 ·
3164 487 3365 549 πάντες
3392 486 3497 557 γὰρ
3541 487 3757 559 ἄνθρωποι

2249 577 2528 648 γένομενοι
2576 578 2838 649 πρότερον
2887 579 2953 649 τῇ
3009 576 3177 647 κακίᾳ
3228 575 3635 650 προσέρχονταιο
3677 584 3758 637 ὁδὲ

2249 668 2452 739 Κύριος
2481 668 2657 740 ήμῶν,
2707 667 2889 733 καθώς
2916 685 3080 739 φησιν
3124 669 3376 732 Ἡσαΐας,
3414 686 3430 719 ι
3458 669 3575 739 πρὶν
3602 671 3630 739 ἦ
3654 674 3758 739 γνῶ-

2249 778 2336 815 ναι
2364 760 2525 814 αὐτὸν
2547 760 2750 828 ἀγαθὸν
2793 761 2826 832 ἢ
2861 761 3047 824 κακὸν,
3083 762 3299 815 ἀπειθεί
3326 765 3553 836 πονηρίᾳ
3587 767 3665 819 τοῦ
3690 768 3756 819 ἐκ.

2248 849 2502 916 λέξασθαι
2532 851 2594 903 τὸ
2621 850 2840 919 ἀγαθόν.
2868 870 2887 902 ι
2935 851 3009 903 Τὸ
3034 850 3091 904 δὲ
3131 851 3255 923 περὶ
3299 852 3540 905 Ἰωάννου
3568 853 3759 924 μέντοιγε

2255 958 2275 992 ι
2300 940 2626 1013 σκιρτῶντος
2666 942 2723 992 ὲν
2771 939 3122 1008 ἀγαλλιάσει»
3184 939 3549 1008 συνεξετασεις
3582 944 3757 1009 τούτοις,
3814 1010 3819 1013 μ

2248 1033 2344 1087 καὶ
2370 1033 2439 1087 τὰ
2480 1034 2607 1104 περὶ
2647 1031 2840 1087 Ἰακὼό
2876 1051 2895 1083 ι
2918 1034 2975 1086 ὲν
3019 1033 3082 1103 τῇ
3112 1030 3292 1104 κοιλίᾳ
3334 1031 3757 1105 πτερνίζοντοςτὺν

2247 1125 2475 1195 ἀδελφὸν
2506 1123 2693 1184 αὑτοῦ,
2720 1144 2738 1177 ι
2769 1126 2862 1179 καὶ
2907 1124 2974 1178 τὰ
3007 1124 3134 1198 περὶ
3174 1124 3438 1196 Ἰερεμίου
3468 1145 3485 1177 ι
3504 1127 3619 1197 πρὶν
3652 1126 3758 1192 ἐξελ-

2249 1211 2360 1266 θεῖν
2388 1214 2453 1267 ὲκ
2478 1214 2688 1285 μήτρας
2711 1211 3114 1281 ἁγιασθέντος.»

2329 1305 2391 1362 Ἠ
2410 1306 2585 1371 ἐλπίς
2608 1322 2726 1375 μου
2750 1305 2870 1359 ἀπὸ
2887 1304 3137 1373 μαστῶν
3163 1302 3275 1374 τῆς
3299 1306 3520 1374 μητρός
3542 1322 3663 1374 μου,
3684 1306 3755 1359 ἐπὶ

2245 1396 2320 1453 σὲ
2361 1398 2689 1467 ἐπεῤῥίςεην
2721 1397 2790 1450 ἐκ
2824 1399 3055 1467 μήτρας
3083 1438 3098 1461 ,
3143 1415 3197 1451 κ.
3250 1415 3302 1450 τ.
3354 1400 3425 1450 ὲ.-⁴
3450 1397 3601 1463 Ἐνὼς
3639 1400 3756 1470 ﬂint-

2248 1508 2338 1544 σεν
2365 1490 2475 1562 (54)
2500 1488 2869 1542 ἐπικαλεῖσθαι
2892 1488 2982 1543 τὸν
3011 1489 3165 1554 Θεὸν,
3188 1489 3306 1543 ἀλλ’
3343 1490 3442 1543 οὑκ
3466 1491 3565 1543 ἀπὸ
3587 1491 3757 1559 μαστῶν

2244 1579 2341 1650 τῆς
2373 1579 2577 1650 μητρός
2595 1592 2609 1607 '
2639 1581 2667 1632 ὁ
2696 1579 2753 1632 δὲ
2782 1579 3015 1651 Χριστὸς
3050 1579 3182 1649 πρὶν
3212 1578 3246 1649 ἢ
3278 1578 3577 1649 γνωσθῆναι
3606 1579 3758 1648 ἀγαθὸν

573 1674 704 1740 lum,
748 1673 912 1744 elegit
956 1673 1181 1729 bonum.
1229 1672 1412 1740 Quare
1460 1674 1629 1742 probe
1665 1674 1865 1726 dicitur
1902 1686 2140 1742 sperasse

2246 1669 2278 1741 ἦ
2309 1668 2497 1733 κακὸν,
2537 1667 2815 1734 ἐξελέξατο
2861 1669 2921 1721 τὸ
2962 1668 3195 1736 ἀγαθόν’
3248 1667 3393 1721 ὥστε
3447 1668 3610 1732 καλῶς
3643 1660 3757 1731 οὗτος

571 1768 640 1819 ab
680 1765 940 1821 uberibus
977 1763 1188 1819 matris.
1230 1781 1250 1817 ι
1282 1761 1398 1818 Non
1447 1764 1591 1819 enim
1614 1803 1633 1832 ,
1679 1761 1945 1832 inquit”,
1982 1763 2143 1815 homo

572 1865 656 1913 est
678 1857 771 1928 qui
799 1858 972 1920 vivat,
994 1864 1051 1909 et
1075 1869 1183 1910 non
1218 1863 1430 1926 peccet.
1454 1871 1475 1905 ι

645 2033 722 2087 De
752 2041 931 2088 ventre
961 2029 1145 2084 matris
1175 2041 1305 2081 mete
1333 2024 1471 2080 Deus
1501 2041 1647 2079 meus
1677 2042 1730 2079 es
1759 2036 1837 2090 tu,
1866 2034 1971 2079 etc.
2007 2025 2142 2092 Quia

572 2127 828 2182 nimirum
858 2138 979 2179 cum
1003 2128 1342 2182 nasceretur,
1368 2118 1577 2180 orabat,
1609 2118 1745 2171 forte
1769 2119 1931 2172 etiam
1961 2119 2142 2186 prius-

569 2232 731 2287 quam
761 2224 1096 2270 nasceretur.
1121 2211 1447 2267 Prudentier
1477 2211 1622 2263 enim
1655 2208 1759 2265 fuit
1783 2206 1922 2264 Jona
1955 2210 2049 2279 qui
2087 2209 2143 2263 in

569 2318 761 2367 ventre
793 2305 896 2362 ceti
927 2304 1126 2360 oravit.

644 2401 809 2456 Vnus.
835 2398 926 2454 12.
956 2395 1040 2452 Ne
1072 2395 1378 2450 discesseris
1404 2411 1435 2447 a
1466 2407 1570 2457 me,
1598 2391 1841 2462 quoniam
1870 2388 2142 2443 tribulatio

569 2493 814 2562 proxima
865 2499 980 2555 est,
1029 2488 1280 2558 quoniam
1337 2501 1442 2539 non
1492 2492 1565 2538 est
1614 2482 1705 2554 qui
1737 2484 1986 2552 adjuvet,
2031 2493 2139 2538 etc.

571 2582 842 2642 Fortassis
872 2581 1035 2646 istud,
1082 2597 1102 2631 ι
1135 2578 1415 2634 tribulatio
1447 2576 1690 2646 proxima
1726 2585 1829 2638 est,
1853 2594 1873 2626 ι
1921 2575 2140 2630 dicebat

570 2693 693 2733 cum
742 2678 795 2730 in
826 2689 990 2731 cruce
1034 2673 1313 2743 penderet,
1352 2669 1732 2738 referebatque
1769 2668 1896 2723 illud
1934 2672 2001 2724 ad
2045 2682 2141 2723 eas

567 2783 703 2839 quas
739 2769 791 2823 iu
830 2767 1040 2824 inferne
1088 2773 1413 2833 experturus
1444 2774 1563 2818 erat
1608 2761 1936 2818 alllictioues
1968 2763 2039 2817 ab
2077 2762 2143 2817 iis

570 2872 692 2927 qua
734 2858 808 2914 ibi
843 2858 1128 2928 degebant,
1170 2854 1555 2926 potestatibus.
1601 2853 1724 2909 Haec
1759 2866 1938 2909 autem
1988 2855 2138 2919 dicit,

571 2949 727 3018 quasi
767 2948 943 3003 nullus
974 2946 1290 3016 angelorum
1324 2944 1538 3001 futurus
1579 2955 1725 3001 esset
1760 2946 1995 3016 adjuler.
2026 2944 2137 2999 Non

571 3039 714 3093 enim
764 3054 828 3093 ex
882 3037 992 3093 illis
1048 3037 1315 3107 quispiam
1367 3035 1493 3091 illuc
1549 3049 1713 3090 ausus
1761 3043 1843 3090 est
1891 3051 2013 3090 cum
2072 3049 2137 3090 eo

570 3130 926 3185 descendere.

650 3217 811 3272 Vsus.
839 3218 927 3271 l3.
975 3214 1441 3270 Circumdederuut
1488 3230 1568 3268 me
1611 3213 1756 3268 vituli
1791 3211 1963 3276 multi,
1995 3214 2137 3266 tauri

570 3311 789 3380 pingues
811 3307 1243 3371 obsederuntzme,
1271 3317 1378 3360 etc.
1402 3306 1524 3359 "th
1552 3305 1712 3359 etiam
1746 3303 1947 3357 referes
1968 3305 2034 3357 ad
2058 3305 2138 3358 iu-

583 3399 918 3456 tellectuales
961 3398 1259 3462 daemones,
1295 3406 1351 3451 et
1386 3394 1672 3449 vitulorum
1716 3394 1934 3449 nomine
1973 3394 2138 3449 intel-

486 3504 491 3511 '
571 3493 708 3563 liges
738 3489 1023 3560 malignas,
1052 3504 1175 3559 qute
1209 3497 1422 3543 terrena
1455 3495 1767 3556 operantur,
1800 3494 2133 3553 potestates:

573 3597 696 3637 nam
724 3580 927 3637 vitulus
974 3579 1177 3635 animal
1212 3587 1292 3632 est
1331 3588 1489 3632 terrae
1534 3576 1793 3642 eperibus
1828 3579 2133 3632 addictum.

568 3673 870 3729 Taurorqu
920 3672 1193 3742 pinguium
1246 3667 1465 3723 nomine
1511 3670 1579 3725 ob
1629 3670 1979 3740 multiplicem
2015 3656 2138 3724 ina-

570 3767 700 3821 litiae
743 3766 1026 3821 scientiam
1059 3779 1153 3819 eas
1181 3766 1329 3819 dices
1359 3763 1587 3819 virtutes
1620 3777 1741 3833 quae
1772 3763 1950 3818 verbis
1982 3763 2133 3819 falla-

569 3858 726 3915 cibus
756 3866 1014 3925 praesunt,
1042 3867 1098 3912 et
1128 3857 1194 3912 iis
1221 3870 1324 3911 ceu
1361 3870 1531 3910 cornu
1569 3856 1815 3911 homines
1859 3855 2060 3910 feriunt
2083 3863 2139 3911 et

569 3958 876 4021 proterunt.
906 3948 1014 4003 Leo
1060 3949 1168 4004 erit
1198 3946 1450 4002 diabolus
1484 3948 1704 4018 rugiens
1732 3955 1924 4001 contra
1957 3961 2057 4002 nos
2085 3955 2140 4002 et

569 4042 771 4098 multos
825 4041 1155 4112 abripiens:
1208 4056 1236 4094 a
1286 4056 1396 4112 quo
1454 4040 1611 4096 leone
1653 4040 1890 4094 extraxit
1954 4047 2139 4109 pastor

570 4135 745 4191 bonus
769 4134 877 4189 duo
924 4134 1126 4187 femora
1168 4140 1225 4186 et
1266 4134 1431 4188 imam
1476 4134 1626 4189 auris
1666 4140 1897 4203 partem.
1936 4132 2137 4185 Aurem

571 4228 719 4283 enim
768 4227 963 4282 anima:
995 4228 1229 4282 hominis
1273 4241 1371 4295 per
1416 4226 1680 4293 auditum,
1707 4235 1763 4279 et
1807 4237 1903 4292 per
1936 4224 2138 4276 femora

572 4318 843 4374 incessum
867 4317 983 4389 ejus
1010 4317 1347 4389 deglutierat.

645 4407 924 4480 Ejusdem.
956 4410 1039 4463 Ab
1086 4410 1172 4465 his
1205 4408 1431 4464 verbis:
1473 4423 1493 4458 s
1522 4404 2005 4461 Circumdederuut
2052 4416 2140 4456 me

571 4501 723 4556 vituli
751 4501 923 4567 multi,
948 4524 967 4554 s
997 4516 1211 4571 quaeres
1253 4516 1381 4555 num
1421 4499 1524 4553 alia
1554 4499 1775 4568 quidem
1823 4496 1890 4550 ad
1923 4509 1985 4548 ea
2020 4508 2139 4562 qua:

571 4592 687 4659 ejus
730 4593 937 4647 exitum
984 4602 1399 4663 praecesserunt,
1447 4592 1552 4647 alia
1585 4598 1765 4644 autem
1808 4588 1875 4642 ad
1919 4601 1981 4642 ea
2016 4601 2138 4654 quae

573 4685 726 4740 illum
769 4685 1058 4742 subsecuta
1092 4694 1241 4751 sunt,
1288 4701 1356 4740 an
1391 4701 1520 4740 vero
1565 4683 1747 4737 omnia
1781 4681 1846 4734 ad
1896 4680 1983 4733 illa
2017 4694 2136 4748 quae

571 4776 776 4832 exitum
820 4776 1110 4833 subsecuta
1140 4787 1290 4840 sunt,
1337 4777 1666 4847 pertineant.
1710 4770 2018 4826 Verisimile
2052 4776 2137 4824 est

574 4867 724 4923 illum
760 4869 960 4924 vidisse
1022 4869 1440 4924 circumstantes
1490 4873 1784 4937 potestates
1839 4877 1958 4931 qua:
2015 4861 2134 4914 aui-

574 4974 718 5014 mam
746 4960 865 5030 ejus
896 4960 1151 5031 abripere
1178 4958 1429 5015 volebant
1461 4966 1518 5012 et
1546 4957 1614 5012 ad
1645 4952 1987 5011 lierribiliora
2015 4950 2132 5006 loca

572 5051 881 5108 detrudere.

645 5190 690 5223 “
745 5190 846 5246 lsa.
876 5204 972 5253 vn,
1016 5188 1105 5244 16.
1180 5188 1222 5219 ³⁷
1250 5186 1380 5242 Luc.
1411 5185 1547 5251 μμ.
1624 5184 1667 5216 ’⁸
1692 5181 1830 5236 Gen.
1856 5195 2026 5243 xxvii,
2051 5178 2140 5233 56.

646 5329 758 5403 (54)
792 5327 1278 5403 {Ermcﬁlsswen
1310 5336 1416 5382 etc.
1442 5323 1667 5380 Scbedte
1693 5320 1900 5383 Grabii,
1926 5318 2132 5373 Barba-

577 5400 689 5465 rus,
713 5400 883 5456 codex
908 5400 1290 5454 Coislinianus.

646 5459 758 5542 (55)
787 5466 871 5542 ᾝ
902 5469 1032 5542 ἐπεὶ
1063 5469 1219 5538 ἅμα,
1256 5480 1361 5523 etc.
1409 5465 1588 5522 Codex
1632 5459 2027 5521 Coislinianus,
2078 5466 2134 5510 et

578 5542 791 5596 schedte
812 5541 1019 5594 Grabii.

647 5609 757 5681 (56)
793 5607 949 5678 Τάχα
974 5609 1059 5674 τὸ,
1102 5608 1326 5676 θλίψις,
1356 5615 1462 5662 etc.
1505 5602 1717 5660 Etetlem
1746 5600 1978 5667 scbedte,
2009 5597 2139 5652 Bar-

2242 1760 2456 1829 λέγεται
2507 1761 2793 1831 ἠλπικέναι
2836 1759 2944 1814 ἀπὸ
2991 1759 3210 1829 μαστῶν
3254 1760 3356 1830 τῆς
3393 1761 3601 1832 μητρός.
3631 1778 3649 1813 ι
3675 1762 3759 1814 υύκ

2244 1852 2359 1906 ἐστι
2407 1852 2536 1925 γὰρ,
2591 1854 2772 1925 φησὶν,
2825 1853 3129 1924 ἄνθρωπος,
3179 1852 3236 1916 ὃς
3269 1851 3509 1923 ζήσεται,
3561 1851 3643 1906 καὶ
3685 1852 3758 1921 ούχ

2244 1940 2569 2011 ἁμαρτήσει.
2615 1960 2634 1992 s

2327 2031 2461 2085 Ἀπὸ
2507 2032 2764 2103 γαστρὸς
2798 2034 3023 2102 μητρός
3053 2051 3169 2103 μου
3205 2035 3354 2100 Θεός
3384 2050 3499 2104 μου
3526 2032 3578 2085 ετ
3603 2031 3687 2096 σὺ,
3718 2050 3757 2087 κ.

2244 2142 2293 2179 τ.
2335 2127 2380 2178 ἐ.
2410 2120 2489 2179 Ἦ
2519 2127 2641 2179 ἐπεὶ
2668 2126 2783 2197 ἅμα
2816 2126 2928 2198 (55)
2962 2126 3041 2196 τῷ
3071 2125 3399 2198 γεννηθῆναι
3433 2124 3634 2196 ηὔχετο,
3659 2124 3761 2195 τάχα

2251 2219 2343 2272 καὶ
2374 2219 2503 2291 πρὶν
2535 2219 2888 2290 γεννηθῆναι·
2918 2215 2987 2289 ἦν
3016 2217 3123 2290 γὰρ
3171 2217 3529 2289 συνετώτερος
3557 2219 3683 2271 Ἰωνᾶ
3717 2218 3759 2269 ἐν

2243 2309 2421 2381 κοιλίᾳ
2446 2310 2642 2382 κήτους
2668 2310 2981 2380 εὐχομένου.

2311 2401 2409 2470 Μὴ
2441 2401 2716 2487 ἀποστῇς
2755 2404 2856 2457 ἀπ’
2901 2401 3067 2472 ἐμοῦ,
3112 2402 3203 2455 ὅτι
3247 2403 3453 2471 θλίψις
3490 2400 3663 2472 ἐγγὺς,
3692 2399 3757 2453 ὅτι

2244 2493 2354 2546 οὐκ
2384 2491 2554 2546 ἐστιν
2579 2495 2612 2546 ό
2637 2493 2903 2560 βοηθῶν,
2942 2507 2996 2544 κ.
3014 2508 3065 2548 τ.
3095 2492 3140 2544 ὲ.
3160 2492 3316 2562 Τάχα
3337 2491 3416 2556 τὸ,
3446 2511 3462 2541 ι
3495 2492 3649 2560 θλίψις
3676 2489 3758 2559 (56)

2243 2586 2428 2655 ἐγγὺς,
2465 2604 2485 2638 ι
2519 2584 2701 2654 ἔλεγεν
2723 2584 2817 2637 ἐπὶ
2839 2583 2934 2637 τοῦ
2967 2583 3201 2654 σταυροῦ
3234 2584 3586 2655 κρεμάμενος,
3606 2579 3758 2648 ἀναφέ-

2247 2694 2353 2750 ρων
2387 2677 2478 2731 ἐπὶ
2509 2676 2609 2741 τὰς
2642 2678 2698 2730 ὲν
2740 2676 2863 2749 ᾅδου
2904 2677 3039 2748 πρὸς
3076 2676 3176 2740 τὰς
3220 2677 3342 2730 ἐκεῖ
3377 2675 3613 2745 δυνάμεις
3639 2687 3757 2740 περιο

2244 2770 2478 2834 στάσεις.
2507 2769 2666 2838 Λέγει
2692 2769 2749 2823 δὲ
2775 2768 2966 2833 ταῦτα,
2995 2769 3159 2823 οἱονεὶ
3182 2769 3402 2832 οὐδενὸς
3434 2766 3534 2821 τῶν
3561 2761 3755 2832 ἀγγέλων

2241 2860 2391 2932 αὐτῷ
2422 2860 2760 2933 βοηθοῦντος.
2801 2863 2874 2917 Οὐ
2920 2861 3030 2934 γὰρ
3072 2859 3343 2933 ἐτόλμησέ
3379 2876 3462 2924 τις
3497 2855 3650 2911 αὐτῶν
3678 2851 3755 2913 ἓως

2242 2955 2360 3007 ἐκεῖ
2383 2953 2811 3026 συγκαταϐῆναι.

2310 3203 2802 3274 Περιεκύκλωσάν
2821 3220 2899 3274 με
2920 3205 3142 3273 μόσχοι
3181 3201 3424 3263 πολλοὶ,
3452 3197 3631 3265 ταῦροι
3652 3193 3753 3246 ⁴τίο-

2236 3313 2339 3365 νες
2370 3296 2688 3365 περιέσχον
2714 3313 2809 3365 με,
2844 3313 2899 3351 κ.
2927 3313 2978 3351 τ.
3020 3296 3066 3347 ἐ.
3110 3293 3360 3361 Ἀνάγοις
3402 3290 3458 3343 δὲ
3500 3287 3648 3341 ταῦτα
3669 3281 3751 3355 (57)

2238 3391 2334 3446 καὶ
2361 3391 2452 3444 ἐπὶ
2487 3389 2613 3452 τοὺς
2650 3387 2872 3460 νοητοὺς
2900 3385 3178 3457 δαίμονας,
3205 3385 3303 3438 καὶ
3352 3383 3568 3455 μόσχους
3587 3379 3751 3460 νοήσεις

2236 3478 2336 3543 τὰς
2388 3458 2741 3549 ἐνεργούσας
2772 3475 2936 3546 γήῖνα
2978 3475 3218 3545 πονηρὰς
3271 3472 3539 3542 δυνάμεις,
3593 3465 3665 3519 διὰ
3707 3458 3749 3512 τὸ

2236 3569 2508 3640 γεώπονον
2546 3564 2686 3622 εἶναι
2733 3568 2794 3621 τὸ
2836 3566 3002 3632 ζῶον·
3052 3564 3288 3635 ταύρους
3325 3564 3382 3617 δὲ
3416 3563 3586 3623 πίονας
3615 3556 3685 3609 διὰ
3705 3553 3748 3605 τὸ

2237 3664 2545 3737 πολυμαθὲς
2573 3663 2674 3734 τῆς
2701 3661 2896 3724 κακίας
2933 3660 3031 3723 τὰς
3082 3658 3186 3712 τῶν
3218 3654 3506 3727 ἀπατηλῶν
3546 3649 3748 3737 ῥημάτιον

2239 3736 2640 3827 προϊσταμένας
2689 3751 2943 3823 δυνάμεις
2983 3751 3076 3804 καὶ
3108 3749 3175 3803 δι’
3219 3748 3400 3803 αὐτῶν
3433 3745 3551 3808 τοὺς
3588 3736 3748 3810 ἀνθρώ-

2240 3865 2373 3911 πους
2406 3843 2824 3919 κερατιζούσας·
2856 3843 3046 3896 λέοντα
3074 3842 3131 3896 δὲ
3164 3840 3254 3895 τὸν
3294 3839 3525 3895 διάὁολον
3553 3831 3743 3919 ὡρυὸμξ

2238 3958 2328 3995 νον
2365 3912 2489 3993 καθζ
2516 3936 2692 4008 ἡμῶν,
2743 3935 2836 3989 καὶ
2881 3932 3108 3997 πολλοὺς
3155 3932 3577 4003 καθαρπάζοντα,
3609 3923 3679 3991 ἀφ’
3702 3912 3745 3971 ὦ

2238 4031 2450 4094 λέοντος
2481 4028 2780 4094 ἐξέσπασεν
2821 4027 2849 4079 ὁ
2880 4025 3082 4096 ποιμὴν
3112 4027 3139 4078 ὁ
3179 4023 3345 4088 καλὸς
3383 4020 3471 4075 δύο
3516 4014 3655 4084 σκέλη
3680 4008 3745 4063 καὶ

2238 4124 2394 4178 λοϐὸν
2423 4122 2607 4189 ὠτίου,
2643 4120 2730 4174 διὰ
2764 4119 3044 4190 παρακοῆς
3079 4118 3175 4189 μὲν
3204 4114 3577 4173 καταπίνοντος
3607 4105 3655 4158 τὸ
3677 4097 3742 4161 οὖς

2238 4217 2336 4287 τῆς
2375 4215 2551 4287 ψυχῆς
2594 4212 2689 4266 τοῦ
2735 4210 3045 4282 ἀνθρώπου,
3079 4209 3168 4263 διὰ
3215 4208 3274 4262 δὲ
3317 4208 3423 4262 τῶν
3462 4201 3638 4259 σκελῶν
3673 4194 3742 4264 τὴν

2243 4306 2463 4378 πορείαν
2491 4304 2678 4375 αὐτῆς.

2316 4373 2425 4449 Τοῦ
2460 4373 2667 4448 αὐτοῦ.
2700 4390 2961 4462 Ζητήσεις
2989 4388 3046 4442 δὲ
3075 4388 3184 4458 (58)
3213 4388 3322 4441 ἀπὸ
3349 4384 3459 4450 τοῦ,
3490 4403 3507 4435 ι
3538 4373 3739 4451 Περιεκύ-
3856 4394 3861 4399 -

2240 4487 2453 4542 κλωσάν
2486 4503 2552 4558 με
2584 4487 2773 4555 μόσχοι
2811 4483 3016 4548 πολλοὶ,
3052 4502 3071 4534 ι
3103 4481 3331 4552 πότερον
3367 4479 3432 4533 τὰ
3464 4477 3554 4540 μὲν
3578 4473 3737 4558 λέγεται

2240 4577 2346 4649 πρὸ
2374 4553 2800 4647 messanae
2837 4574 2895 4627 δὲ
2930 4573 3055 4643 περὶ
3086 4571 3193 4625 τῶν
3224 4570 3363 4641 μετὰ
3398 4568 3490 4641 τὴν
3531 4562 3696 4649 ἐξοδονξ
3712 4553 3734 4622 ἢ

2238 4646 2454 4733 παντως
2485 4669 2614 4738 περὶ
2640 4666 2748 4720 τῶν
2786 4664 2921 4737 μετὰ
2948 4663 3053 4734 τὴν·
3072 4661 3269 4728 ἔξοδον.
3302 4663 3410 4716 Καὶ
3445 4657 3574 4718 εἰκός
3604 4666 3653 4718 γε
3679 4646 3735 4698 ἑτι

2238 4763 2383 4835 ἐώρα
2418 4760 2838 4833 περιεστηκυίας
2871 4758 3126 4829 δυνάμεις
3155 4754 3476 4827 βουλομέναις
3498 4747 3583 4818 τὴν
3606 4739 3734 4835 ψυχὴν

2238 4828 2401 4908 αὑτοῦ
2425 4828 2778 4923 παραλαϐεῖν,
2805 4852 2900 4906 καὶ
2930 4828 3291 4906 καταϐιϐάσαι
3331 4851 3389 4901 ὲν
3428 4828 3734 4913 σκυθρωποτέ’

2240 4963 2354 5018 ροις
2379 4944 2618 5016 χωρίοις.

2218 5175 2261 5206 ¹⁹
2282 5176 2485 5230 Jerem.
2514 5185 2554 5235 ι,
2577 5168 2632 5223 5.
2707 5168 2753 5199 ὀ
2791 5165 2856 5222 ill
2889 5166 3022 5236 Reg.
3046 5180 3164 5233 vm,
3189 5164 3279 5219 46.

2239 5328 2424 5451 “ig-'75
2465 5380 2726 5453 Ἀνάγοις
2762 5378 2832 5432 δὲ
2873 5377 3094 5453 tam.
3151 5385 3262 5431 οιοο
3313 5368 3524 5453 ξεηειιφ
3555 5349 3728 5453 9:21:

2238 5417 2881 5524 pa‘r‘t’i'u'iq‘tiewt‘lo‘r‘de‘rius
2919 5417 3270 5517 apud'quein
3323 5444 3518 5498 incerto
3566 5431 3727 5486 παθη

2242 5525 2569 5580 tribuuntur.

2312 5592 2424 5665 (58)
2458 5589 2749 5660 Ζητήσεις
2778 5587 2865 5657 δέ,
2903 5596 3009 5645 etc.
3039 5585 3261 5645 Scheda:
3290 5578 3485 5641 Grabii.
