4020 6152
262 268 401 325 1257

1268 262 1580 321 SELECTA
1618 259 1686 317 IN
1727 258 2060 317 PSALMOS.
2102 291 2169 301 —-
2202 258 2394 315 PSAL.
2435 259 2576 315 XXI.

3393 276 3531 336 1258

345 379 500 434 Ὡσεί
534 378 688 450 ὕδωρ
714 380 1030 453 ἐξεχύθην,
1060 381 1159 437 καί
1187 382 1617 451 διεσκορπίσθη
1649 380 1843 434 πάντα

2018 375 2180 432 Vens.
2214 376 2298 432 l5.
2337 375 2484 431 Sicut
2517 393 2653 449 aqua
2682 377 2882 446 e/fusus
2912 387 3102 435 sumet
3127 381 3366 450 dispersa
3391 393 3515 442 sunt

259 476 335 530 τὰ
362 473 513 530 ὀστᾶ
534 493 675 545 μου,
703 494 756 530 κ.
789 493 840 532 τ.
873 476 919 530 έ.
955 478 1119 531 ’οστᾶ
1147 477 1246 546 τῆς
1278 473 1468 545 σοφίας
1490 472 1598 545 (59)
1622 474 1691 527 τὰ
1715 473 1845 543 ἁγια

260 566 509 638 δόγματα
540 567 640 638 τῆς
678 567 1003 641 Ἐκκλησίας
1048 569 1217 633 ἐστὶν,
1261 567 1404 639 ἅπερ
1444 569 1503 620 ὲν
1549 564 1628 636 τῷ
1657 565 1846 637 Πάσχα

259 662 373 722 τοῖς
398 658 672 724 Ἰουδαίοις
694 660 768 731 μὴ
788 662 1090 734 συντρίϐειν
1105 661 1570 734 νενομοθέτηται-ι
1592 657 1844 713 Ὀστοῦυι

260 750 393 823 γὰρ,
449 751 640 823 φησιν,
673 752 776 806 «οὐ
802 753 1120 826 συντρίψετε
1172 752 1357 807 αὐτοῦ.
1400 772 1420 805 s
1463 753 1731 823 Ἐκχεῖται
1786 750 1845 805 δὲ

257 840 392 894 ὡσεὶ
417 839 561 913 ὕδωρ
601 840 757 911 λόγος
784 843 891 897 ὑπὸ
933 843 1042 897 τῶν
1075 843 1481 916 πρεσϐευόντων
1524 844 1687 897 αὐτὸν
1717 842 1844 897 ὑδα-

262 933 393 1005 ρῶς,
424 935 519 988 καὶ
542 934 647 989 ὑπὸ
673 935 783 990 τῶν
812 938 892 1001 είς
920 937 1021 991 οὐκ
1049 937 1327 1010 ἐπιτήδεια
1352 935 1520 1007 σκεύη
1544 935 1845 991 λαλούντων

256 1027 447 1091 αὐτὸν,
478 1029 573 1083 καὶ
613 1029 941 1101 ὲκχεόντωψ
977 1028 1421 1104 διασκορπίζεται
1466 1031 1524 1084 δὲ
1561 1030 1742 1085 πάντα
1774 1030 1845 1084 τὰ

256 1121 395 1175 ὀστᾶ
416 1121 510 1175 τοῦ
532 1122 692 1192 λόγου
726 1123 832 1177 ὑπὸ
853 1121 960 1176 τῶν
992 1122 1066 1195 μὴ
1099 1121 1378 1187 σωζόντων
1407 1121 1571 1175 αὐτοῦ
1597 1120 1656 1175 τὸ
1688 1120 1842 1191 ὕψος,

255 1210 396 1266 ἀλλὰ
414 1212 514 1283 τὴν
542 1214 599 1267 ὲν
617 1216 735 1277 ταῖς
757 1214 999 1286 Γραφαῖς
1019 1212 1283 1284 ἁρμονίαν
1312 1211 1476 1266 αὐτοῦ
1502 1211 1842 1283 διαλυόντων,

254 1299 402 1356 ὥστε
444 1297 584 1357 εἶναι
628 1300 782 1374 παρὰ
824 1302 923 1374 μὲν
959 1300 1095 1373 τῷδέ
1127 1317 1232 1354 τινι
1271 1299 1391 1354 τόδε
1437 1299 1621 1354 ὀστέον
1655 1299 1842 1365 αὑτοῦ,

258 1394 415 1467 παρὰ
460 1393 598 1465 τῷδέ
643 1412 750 1448 τινι
783 1395 990 1466 ἕτερον,
1033 1394 1129 1449 καὶ
1157 1394 1345 1465 ἕτερον
1392 1394 1522 1466 παρ’
1551 1392 1741 1464 ἑτέρῳ.
1784 1392 1845 1447 Ὅ

256 1484 315 1539 δὲ
359 1486 418 1539 ὲν
462 1485 541 1557 τῷ
559 1484 748 1556 τελείῳ
793 1485 926 1550 Θεὸς
964 1484 1186 1554 συνάγει
1232 1483 1424 1537 ὀστοῦν
1461 1482 1597 1555 πρὸς
1628 1481 1841 1548 ὀστοῦν,

258 1578 357 1633 καὶ
389 1579 656 1650 ἁρμονίαν
703 1579 839 1651 πρὸς
874 1579 1140 1651 ἁρμονίαν
1189 1580 1256 1633 ὲκ
1290 1577 1385 1632 τοῦ
1418 1577 1569 1640 ὄντος
1609 1575 1840 1649 Ἰσραήλ.

268 1670 343 1723 Ἦ
370 1669 514 1726 κατὰ
543 1670 624 1735 τὸ,
661 1690 681 1723 ι
730 1669 979 1742 Ἐλέησόν
1008 1686 1098 1741 με,
1131 1669 1326 1742 Κύριε,
1356 1669 1438 1722 ὅτι
1471 1666 1748 1740 ἐταράχθη
1774 1665 1846 1721 τὰ

258 1761 400 1817 ὀστᾶ
428 1781 553 1836 μου,
594 1783 614 1817 s
655 1764 774 1818 ὲστί
809 1781 929 1818 τινα
958 1764 1061 1835 τῆς
1085 1763 1262 1835 ψυχῆς
1290 1762 1454 1835 νοητὰ
1481 1763 1633 1816 ὀστᾶ.

329 1855 439 1911 Καὶ
476 1858 565 1923 είς
610 1854 766 1924 χοῦν
807 1854 1065 1911 θανάτου
1110 1852 1442 1924 κατήγαγες
1483 1870 1582 1923 με,
1610 1869 1667 1908 κ.
1701 1870 1753 1906 τ.
1788 1852 1837 1905 ὲ.

257 1948 375 2002 Οὐκ
396 1951 476 2012 είς
506 1948 733 2003 θάνατον
760 1947 892 2020 (60),
922 1947 1035 2003 ἁλλ’
1066 1949 1148 2012 είς
1172 1945 1300 2018 χοῦν
1329 1945 1562 2001 θανάτου
1590 1942 1839 2016 κατήχθη

254 2043 287 2095 ὁ
324 2041 591 2114 Χριστόςο
622 2042 684 2095 οὐ
718 2040 828 2114 γὰρ
869 2043 904 2113 ἡ
944 2040 1091 2112 ψυχὴ
1132 2037 1297 2093 αὐτοῦ
1330 2040 1410 2102 είς
1447 2037 1578 2109 ᾅδου
1608 2035 1839 2108 κατελή-

259 2133 391 2206 φθη,
418 2134 514 2189 καὶ
537 2135 572 2206 ἡ
599 2132 735 2206 σὰρξ
755 2132 919 2188 αὐτοῦ
949 2133 1049 2188 οὐκ
1070 2128 1178 2186 οἶδε
1206 2130 1523 2202 διαφθοράν.

327 2316 745 2387 Διεμερίσαντο
787 2316 861 2371 τὰ
891 2315 1092 2387 ἱμάτιά
1131 2334 1253 2388 μου
1291 2316 1546 2385 ἑαυτοῖς,
1586 2317 1687 2372 καὶ
1742 2317 1844 2372 ἐπὶ

255 2411 366 2465 τὸν
385 2411 703 2481 ἱματισμόν
717 2427 837 2480 μου
856 2409 1078 2465 ἔϐαλον
1099 2410 1346 2480 κλῆρον,
1365 2429 1420 2467 κ.
1450 2429 1501 2466 τ.
1525 2413 1573 2465 ὲ.
1602 2410 1842 2466 Ἰουδαῖοι

260 2503 361 2575 μὲν
387 2501 498 2573 (61)
522 2500 611 2554 τὸν
634 2500 879 2573 γραπτὸν
902 2502 1065 2572 νόμον
1084 2498 1378 2572 τηροῦντες
1397 2501 1491 2555 καὶ
1516 2500 1585 2555 τὰ
1609 2499 1844 2572 αἰσθητὰ

257 2596 454 2666 ίμάτια
480 2592 575 2647 τοῦ
596 2593 769 2661 Λόγου
789 2592 1225 2666 διαμερίζονται·
1257 2594 1418 2664 ἡμεῖς
1449 2593 1505 2645 δὲ
1531 2592 1593 2646 τὸ
1627 2592 1843 2665 πνεῦμα

256 2684 353 2740 τοῦ
378 2685 537 2754 λόγου
566 2682 949 2753 φυλάσσοντες,
974 2682 1043 2736 τὰ
1069 2681 1236 2753 νοητὰ
1261 2680 1452 2753 ἱμάτια
1470 2679 1564 2734 τοῦ
1590 2680 1844 2752 Σωτῆρος

255 2776 416 2849 ἡμῶν
453 2774 898 2849 διαμεριζόμεθα,
928 2775 1008 2839 είς
1044 2773 1277 2844 Χριστὸν
1309 2771 1717 2843 βαπτιζόμενοι,
1748 2771 1844 2825 καὶ

256 2868 423 2923 αὐτὸν
446 2867 751 2940 ἐνδυόμενοι
772 2866 847 2931 ὡς
876 2866 1069 2937 σοφίαν
1099 2866 1193 2921 καὶ
1228 2866 1483 2938 ἀλήθειαν
1516 2863 1609 2920 καὶ
1640 2862 1845 2920 δικαιος

258 2977 449 3031 συνην.

335 3050 540 3107 Ῥῦσαι
567 3050 686 3107 ἀπὸ
703 3050 1003 3121 ῥομφαίας
1037 3049 1150 3120 τὴν
1175 3052 1386 3120 ψυχήν
1410 3069 1549 3123 μου,
1589 3072 1642 3108 κ.
1692 3068 1744 3107 τ.
1786 3055 1835 3108 έ.

267 3142 336 3198 Ἥ
365 3142 634 3215 δυναμένη
664 3110 1113 3216 τῆννιίίυχὴνσωῖλ
1390 3110 1630 3215 ῥομφαία
1672 3145 1836 3216 νοητὴ
1864 3110 1905 3167 C

253 3238 365 3309 ἄρα
389 3237 527 3299 ἐστὶ,
555 3236 684 3309 περὶ
719 3232 789 3309 ἦς
817 3237 1059 3309 εἴρηται·
1102 3255 1120 3289 ι
1154 3238 1267 3291 Καὶ
1310 3237 1404 3292 σοῦ
1447 3237 1502 3292 δὲ
1541 3238 1712 3310 αὐτῆς
1736 3238 1837 3312 τὴν

253 3329 435 3401 ψυχὴν
482 3329 816 3384 διελεύσεται
854 3329 1116 3402 ῥομφαία.
1144 3347 1164 3381 s
1202 3329 1473 3401 Ῥομφαία
1514 3331 1691 3385 τοίνυν
1722 3332 1838 3384 ἐστὶ

253 3422 430 3496 ψεκτὴ
460 3422 764 3495 πειρασμὸς
789 3423 868 3486 είς
893 3421 1152 3476 ἀπιστίαν
1192 3420 1328 3475 Θεοῦ
1367 3420 1839 3493 προσκαλούμενος

254 3513 356 3585 τὴν
392 3512 590 3584 ψυχὴν,
629 3512 662 3583 ἢ
691 3512 893 3581 γνῶσις
936 3512 1304 3584 ψευδώνυμος,
1335 3512 1367 3584 ἢ
1412 3511 1667 3582 λογισμὸς
1703 3512 1840 3566 ἀκά-

256 3604 455 3676 θαρτος
496 3606 576 3668 είς
624 3603 899 3676 ἁμαρτίαν
930 3605 1289 3676 ἐφελκόμενος
1327 3604 1426 3677 τὴν
1458 3604 1661 3676 ψυχήνσ
1701 3605 1839 3677 ὅπερ

258 3696 547 3768 συμϐαίνει
589 3699 701 3761 τοῖς
743 3696 840 3768 τὴν
885 3696 1192 3769 πρακτικὴν
1241 3694 1538 3769 κατορθοῦν
1581 3695 1839 3768 βουλομέ-

257 3807 392 3854 νοις.

327 3880 438 3939 Κὰί
467 3882 536 3936 ἐκ
568 3881 767 3951 χειρὸς
792 3880 975 3948 κυνὸς
998 3878 1115 3949 τὴν
1137 3878 1435 3951 μονογενῆ
1456 3897 1596 3950 μου,
1627 3897 1682 3936 κ.
1708 3897 1759 3934 τ.
1789 3882 1835 3934 ὲ.

258 3975 340 4030 Τὰ
370 3977 434 4029 ὲκ
458 3976 647 4030 τούτου
673 3974 783 4046 (65)
811 3973 906 4028 τοῦ
928 3973 1089 4038 κυνὸς
1113 3966 1426 4043 γεννώμενα
1463 3973 1557 4027 καὶ
1580 3972 1720 4026 αὐτὰ
1745 3990 1842 4026 κυ-

257 4069 420 4141 νάρια
445 4066 787 4140 ὀνομάζεται,
812 4066 941 4140 περὶ
967 4062 1042 4121 ὧν
1067 4067 1310 4138 εἴρηται·
1341 4083 1360 4117 ι
1391 4065 1505 4119 Οὐκ
1533 4064 1649 4119 ἔστι
1677 4065 1840 4119 καλὸν

256 4160 441 4215 λαϐεῖν
468 4160 561 4214 τὸν
585 4160 749 4231 ἄρτον
773 4158 884 4213 τῶν
921 4157 1148 4224 τέκνων,
1181 4156 1275 4211 καὶ
1309 4156 1492 4228 βαλεῖν
1520 4157 1635 4221 τοῖς
1677 4171 1841 4210 κυνα-

263 4253 419 4325 ρὶοις.

329 4344 694 4416 Διηγήσομαι
720 4342 787 4399 τὸ
822 4342 1011 4414 ὄνομά
1057 4356 1173 4397 σου
1211 4340 1333 4408 τοῖς
1374 4341 1660 4411 ἀδελφοῖς
1697 4360 1836 4412 μου,

1948 471 2124 525 omnia
2155 478 2274 524 assa
2323 485 2460 535 mea,
2490 479 2596 525 etc.
2633 469 2767 526 Ossa
2801 471 3096 540 sapientiae,
3129 473 3380 544 dogmata
3414 473 3517 528 Ec-

1947 562 2124 617 clesiae
2167 571 2353 617 sancta
2384 571 2536 629 sunt,
2585 577 2705 632 quae
2742 562 2797 618 in
2831 562 3097 621 Paschate
3141 582 3246 621 non
3280 567 3507 623 commi~

1946 653 2159 710 nuenda
2204 669 2325 710 esse
2355 654 2440 709 lex
2484 652 2683 710 Judaais
2714 656 3092 726 praecipiebat:
3126 675 3146 707 ι
3172 657 3245 714 Os
3287 677 3305 710 ι
3339 657 3508 724 enim,

1948 743 2204 815 inquit“,
2227 762 2246 796 ι
2275 756 2380 799 non
2407 743 2784 800 comminuetis
2809 760 2876 801 ex
2898 760 3016 801 eo.)
3048 743 3351 801 Eli‘unditur
3375 746 3518 803 sicut

1947 848 2086 904 aqua
2118 835 2342 888 verbum
2374 833 2443 890 ab
2476 834 2542 888 iis
2570 835 2660 904 qui
2697 851 2804 891 non
2851 838 3064 894 sincere
3097 841 3270 908 ipsum
3305 854 3517 894 annun-

1949 926 2104 993 tiant,
2148 934 2203 981 et
2234 926 2303 996 ab
2337 927 2406 982 iis
2435 927 2528 996 qui
2570 922 2622 983 in
2655 930 2847 985 idonea
2880 946 3006 987 vasa
3038 946 3142 986 non
3190 932 3320 987 illud
3351 933 3515 987 emito

1945 1025 2105 1086 tant;
2157 1020 2545 1092 disperguntur
2585 1041 2715 1082 vero
2754 1026 2933 1081 omnia
2980 1041 3106 1084 ossa
3152 1030 3301 1085 verbi
3338 1031 3406 1088 ab
3449 1029 3516 1086 iis

1946 1112 2037 1182 qui
2084 1111 2202 1181 ejus
2250 1114 2639 1174 sublimitatem
2671 1133 2776 1175 non
2817 1129 3067 1188 servant,
3107 1121 3202 1177 sed
3238 1136 3359 1178 eam
3395 1138 3515 1193 qua:

1949 1203 2003 1258 in
2040 1202 2339 1275 Scripturis
2375 1216 2479 1277 est,
2511 1209 2852 1266 harmoniam
2881 1212 3205 1281 dissolvunt,
3240 1213 3315 1268 ita
3363 1223 3424 1269 ut
3451 1230 3517 1273 os

1944 1297 2061 1369 ejus
2092 1298 2237 1354 aliud
2284 1315 2450 1371 penes
2488 1303 2634 1358 hunc
2670 1303 2780 1369 sit,
2827 1304 2972 1359 aliud
3022 1318 3192 1373 penes
3235 1305 3419 1372 illum,
3459 1316 3518 1362 et

1945 1391 2089 1447 aliud
2119 1406 2284 1463 penes
2316 1392 2566 1449 alterum.
2597 1393 2704 1463 Qui
2744 1407 2926 1453 autem
2969 1398 3133 1469 622
3176 1397 3229 1452 in
3270 1397 3517 1468 perfecto

1945 1485 2156 1542 habitat
2188 1486 2351 1554 Deus,
2379 1502 2442 1543 os
2471 1488 2539 1542 ad
2567 1503 2629 1545 os
2666 1489 2965 1560 conjungit,
2993 1498 3047 1546 et
3078 1490 3417 1546 harmoniam
3448 1491 3518 1547 ad

1946 1575 2287 1632 harmoniam
2335 1594 2403 1634 ex
2436 1578 2622 1635 lsrael.
2669 1579 2767 1635 Vel
2795 1578 2948 1650 juxta
3006 1580 3139 1636 illud
3167 1584 3212 1615 "
3241 1599 3257 1636 :
3300 1599 3319 1634 ι
3348 1581 3516 1639 Mise-

1946 1680 2071 1723 rere
2116 1666 2239 1730 mei,
2277 1668 2521 1735 Domine,
2565 1669 2823 1740 quoniam
2861 1673 3186 1728 conturbata
3223 1681 3354 1728 sunt
3391 1688 3514 1731 ossa

1874 1755 1918 1812 B
1948 1774 2087 1826 mea,
2122 1778 2142 1812 ι
2186 1763 2428 1829 quaadam
2463 1770 2591 1817 sunt
2627 1761 3011 1818 intellectualia
3041 1765 3235 1820 anima:
3260 1779 3406 1821 ossa.

2016 1855 2178 1912 Vnus.
2203 1858 2289 1912 16.
2316 1858 2386 1913 Et
2410 1862 2465 1914 in
2493 1859 2761 1930 pulverem
2784 1862 2968 1915 mortis
2988 1860 3254 1916 deduxisti
3276 1877 3378 1926 me,
3403 1869 3512 1917 etc.

1940 1932 2057 2004 Non
2097 1950 2151 2004 in
2183 1958 2435 2017 mortem,
2464 1952 2562 2007 sed
2594 1952 2648 2007 in
2694 1951 2975 2022 pulverem
3024 1952 3216 2007 mortis
3249 1953 3516 2007 deductus

1940 2050 2026 2098 est
2068 2040 2353 2100 Christus:
2391 2059 2500 2099 non
2527 2044 2672 2099 enim
2702 2044 2881 2099 anima
2907 2045 3027 2112 ejus
3073 2046 3129 2100 in
3166 2042 3380 2100 inferno
3420 2044 3517 2099 de—

1943 2132 2130 2188 relicta
2157 2142 2272 2202 est,
2315 2148 2493 2205 neque
2528 2148 2657 2191 caro
2685 2132 2803 2205 ejus
2838 2145 3060 2206 experta
3087 2142 3173 2192 est
3209 2134 3519 2206 corruptio-

1940 2240 2087 2279 nem.

2015 2315 2178 2373 Vsus.
2220 2318 2308 2374 l9.
2371 2316 2674 2377 Diviserunt
2738 2320 2840 2375 sibi
2901 2320 3208 2374 vestimenta
3263 2336 3416 2386 mea,
3462 2330 3517 2374 et

1942 2423 2097 2477 super
2146 2418 2337 2464 vestem
2372 2425 2545 2463 meum
2600 2409 2857 2463 miserunt
2906 2422 3132 2473 sortem,
3178 2417 3285 2465 etc.
3340 2407 3515 2465 Judaei

1941 2497 2162 2567 quidem
2221 2499 2346 2553 dum
2396 2498 2570 2567 legem
2624 2499 2881 2568 scriptam
2934 2508 3188 2567 servant,
3237 2499 3515 2555 sensibilia

1941 2588 2104 2645 Verbi
2119 2590 2438 2648 vestimenta
2483 2589 2752 2658 dividunt,
2783 2606 2880 2647 nos
2909 2606 3040 2647 vero
3072 2593 3325 2663 spiritum
3360 2595 3515 2650 verbi

1941 2678 2330 2745 custodientes,
2361 2679 2741 2735 intellectualis
2775 2681 3086 2737 Servatoris
3117 2684 3293 2738 nostri
3331 2685 3503 2740 vesti-

1944 2778 2127 2825 menta
2157 2769 2467 2836 dividimus,
2497 2770 2551 2824 in
2584 2771 2866 2826 Christum
2916 2771 3205 2841 baptizati,
3248 2782 3304 2828 et
3336 2772 3514 2842 ipsum

1945 2871 2204 2933 tamquam
2269 2862 2628 2932 sapientiam,
2676 2862 2965 2918 veritatem
3016 2873 3071 2919 et
3112 2864 3380 2935 justitiam
3430 2866 3512 2919 in-

1943 2955 2080 3009 duti.

2033 3044 2199 3104 Vsus.
2259 3045 2349 3100 2i.
2406 3045 2553 3101 Erue
2616 3062 2650 3100 a
2711 3046 2957 3115 framea,
3026 3045 3207 3110 Deus,
3281 3047 3514 3102 animant

1941 3153 2129 3203 meam,
2161 3148 2267 3194 etc.
2311 3138 2537 3193 Fratnea
2567 3154 2687 3209 qua:
2716 3141 2951 3194 animam
2982 3137 3148 3195 ferire
3174 3140 3368 3211 possit,
3407 3142 3517 3194 uti-

1939 3244 2043 3298 que
2066 3230 2324 3301 spiritalis
2352 3243 2457 3299 est,
2499 3230 2567 3287 de
2597 3245 2708 3302 qua
2734 3229 2939 3286 dictum
2965 3242 3049 3287 est
3072 3231 3160 3286 ”:
3196 3250 3216 3285 ι
3247 3231 3314 3288 Et
3361 3243 3510 3290 tuam

1939 3322 2107 3393 ipsius
2145 3324 2384 3379 animam
2420 3323 2774 3395 pertransibit
2819 3322 3053 3394 gladius.
3081 3341 3102 3376 ι
3147 3323 3518 3395 Reprehensi-

1939 3414 2064 3471 bilis
2093 3416 2278 3485 itaque
2313 3416 2522 3472 framea
2548 3425 2634 3473 est
2658 3416 2886 3472 tentatio
2908 3414 2999 3471 illa
3024 3429 3146 3486 qua!
3169 3417 3235 3472 ad
3262 3416 3516 3472 incredu-

1940 3506 2148 3563 litatem
2179 3508 2273 3564 Dei
2323 3512 2559 3562 animam
2590 3508 2815 3577 inducit,
2848 3507 2934 3562 vel
2965 3509 3205 3580 cognitio
3239 3507 3398 3577 falsa,
3426 3513 3533 3564 vel'

1940 3599 2197 3669 cogitatio
2228 3601 2438 3670 impura
2478 3614 2598 3669 qua:
2629 3602 2684 3656 in
2717 3610 2999 3671 peccatum
3032 3600 3271 3656 animam
3302 3602 3508 3657 trahit:

1939 3693 2081 3763 quod
2111 3693 2338 3763 contigit
2363 3693 2450 3749 his
2478 3692 2570 3765 qui
2598 3703 2751 3750 recte
2776 3709 2936 3764 agere
2970 3693 3176 3750 volunt.

2011 3875 2083 3930 Et
2133 3878 2197 3932 de
2245 3894 2410 3934 manu
2460 3880 2606 3934 canis
2663 3879 2876 3933 unicam
2928 3894 3130 3941 meam,
3179 3889 3289 3935 etc.
3340 3878 3511 3948 Hujus

1942 3968 2094 4023 canis
2126 3967 2272 4025 fetus
2297 3979 2351 4026 et
2394 3970 2495 4040 ipsi
2526 3970 2708 4027 catelli
2736 3978 3023 4034 vocantur,
3071 3972 3137 4026 de
3182 3972 3381 4040 quibus
3428 3973 3515 4027 di-

1940 4070 2085 4114 ctum
2120 4071 2206 4116 est
2223 4060 2312 4116 ’δε
2346 4079 2366 4113 ι
2393 4060 2510 4115 Non
2538 4070 2625 4116 est
2653 4062 2854 4118 bonum
2891 4074 3107 4117 sumere
3143 4078 3337 4135 panem
3372 4063 3513 4120 tilio-

1945 4167 2066 4207 rum
2091 4161 2146 4207 et
2177 4152 2310 4210 dare
2332 4153 2563 4209 catellis.
2585 4173 2605 4207 ο

2012 4337 2175 4393 Vens.
2197 4336 2288 4394 εδ.
2312 4337 2561 4392 Narrabo
2577 4353 2763 4393 nomen
2785 4347 2934 4392 tuum
2955 4337 3211 4407 fratribus
3236 4340 3384 4408 meis,
3401 4346 3510 4394 etc.

257 4457 311 4493 κ.
343 4457 396 4492 τ.
431 4440 477 4493 ἐ.
506 4437 691 4493 Ταῦτα
725 4437 887 4492 οἱονεὶ
916 4435 1026 4509 (64)
1058 4436 1389 4499 ἀναστάντος
1416 4437 1480 4489 ὲκ
1507 4434 1716 4507 νεκρῶν
1745 4437 1838 4488 ὑπ’

1944 4432 2069 4488 Haec
2094 4433 2163 4489 ab
2201 4434 2319 4504 ipso
2350 4432 2493 4488 dicta
2522 4443 2648 4489 sunt
2676 4433 2831 4504 quasi
2855 4435 2966 4504 jam
3000 4449 3031 4489 a
3063 4435 3294 4490 mortuis
3330 4448 3516 4491 resur-

256 4527 423 4584 αὐτοῦ
470 4527 708 4596 λέγεται,
742 4528 837 4581 καὶ
881 4525 1308 4590 ὲπακουσθέντος
1352 4524 1439 4594 ἐφ’
1474 4519 1557 4589 οἷς
1596 4523 1838 4596 προσηύ-

259 4622 408 4687 ξατο.

327 4710 494 4781 Παρὰ
518 4708 634 4766 σοῦ
665 4713 698 4765 ό
721 4709 967 4777 ἔπαινός
982 4728 1101 4780 μου
1123 4710 1196 4764 ἐν
1226 4709 1557 4779 Ἐκκλησία
1579 4708 1835 4780 μεγάλῃ,

257 4824 314 4860 κ.
353 4822 406 4858 τ.
449 4805 497 4859 ὲ.
530 4822 550 4856 ι
588 4804 679 4859 Ἑν
707 4802 785 4875 τῷ
816 4804 1007 4876 Κυρίῳ
1035 4802 1145 4875 (65)
1181 4802 1597 4874 ἐπαινεθήσεται
1626 4805 1659 4874 ἡ
1689 4803 1834 4875 ψυχή

263 4914 387 4969 μου,
419 4915 439 4948 ι
466 4894 745 4949 τουτέστιν
767 4896 867 4949 οὐκ
892 4898 948 4949 έν
978 4895 1224 4966 εὐγενείᾳ
1246 4894 1355 4948 οὐδ’
1384 4896 1440 4948 ὲν
1468 4893 1701 4966 πλούτῳ,
1721 4895 1836 4949 ἀλλ’

257 4991 316 5042 ἐν
349 4985 511 5058 σοφίᾳ
542 4986 637 5039 καὶ
666 4984 997 5057 δικαιοσύνῃ.

328 5078 623 5151 Φάγονται
664 5077 921 5147 πένητες
960 5078 1059 5132 καὶ
1116 5074 1645 5147 ἐμπλησθήσονται
1668 5116 1682 5139 ,
1736 5074 1839 5130 καὶ

1946 4527 2199 4593 rexisset,
2237 4536 2292 4582 et
2329 4527 2619 4582 exauditus
2654 4537 2801 4583 esset
2832 4542 2930 4599 pro
2960 4528 3028 4584 iis
3058 4543 3288 4598 quorum
3336 4529 3515 4599 gratia

1939 4631 2214 4675 oraverat.

2014 4711 2178 4766 Vens.
2218 4710 2311 4766 9.6.
2363 4709 2516 4779 Apud
2567 4718 2616 4764 te
2669 4708 2788 4764 laus
2832 4727 2951 4765 mea
2995 4711 3052 4764 in
3102 4709 3346 4765 Ecclesia
3392 4728 3513 4766 ma-

1941 4818 2066 4874 gna,
2104 4814 2211 4859 etc.
2241 4821 2264 4856 ι
2287 4803 2343 4858 1η
2391 4804 2617 4860 Domino
2663 4804 2978 4860 laudabitur
3012 4805 3191 4859 anima
3243 4820 3363 4861 mea
3389 4806 3457 4873 ’⁵,
3488 4825 3508 4858 ι

1943 4897 2046 4951 ιιοο
2067 4905 2173 4964 est,
2206 4912 2310 4952 non
2343 4897 2395 4951 iu
2430 4899 2644 4968 generis
2669 4897 2968 4964 nobilitate,
2997 4911 3175 4968 neque
3200 4896 3253 4951 in
3284 4897 3514 4965 divitiis,

1944 4985 2036 5037 sed
2072 4985 2123 5037 in
2156 4986 2428 5055 sapientia
2456 4997 2510 5041 et
2537 4987 2771 5056 iustitia.

2015 5073 2185 5131 Vens.
2211 5076 2304 5132 27.
2341 5077 2508 5133 Edent
2537 5095 2789 5150 pauperes
2815 5086 2867 5133 et
2894 5079 3302 5149 saturabuntur,
3329 5089 3378 5135 et
3405 5079 3518 5135 lau-

378 5215 423 5247 "
461 5214 620 5271 Joan.
655 5231 770 5281 χιχ,
803 5215 891 5270 30.
985 5213 1031 5246 ²²
1070 5210 1294 5273 Psal.v|,
1321 5213 1375 5267 '5.
1451 5211 1498 5242 "
1531 5210 1667 5266 Luc.
1696 5226 1770 5277 ιι,
1796 5211 1843 5266 ‘52

1962 5209 2011 5244 ³⁸
2045 5209 2234 5267 Matth.
2260 5229 2349 5277 xv,
2374 5213 2464 5269 26.
2554 5214 2600 5247 ⁸⁸
2643 5214 2991 5281 Psammmt,
3027 5214 3083 5270 5.

265 5404 306 5459 Β
332 5333 446 5457 (ῆθ)
493 5331 674 5389 Ὀστᾶ
713 5331 826 5403 τῆς
867 5331 1125 5401 σοφίας,
1174 5337 1281 5385 etc.
1333 5329 1546 5385 Eadem
1591 5330 1840 5399 schedia,

308 5422 371 5458 ar
394 5421 559 5459 IBI‘IIS.

308 5423 335 5458 3
348 5421 559 5462 ΙΊΙΩΙΊΙΒ.

335 5474 449 5543 (60)
480 5477 601 5530 Οὐκ
633 5477 721 5541 εις
749 5474 1047 5539 θάνατον,
1087 5480 1196 5530 etc.
1235 5469 1416 5527 Codex
1451 5469 1840 5539 Coisliuianus,
1882 5508 1883 5511 η

270 5546 484 5601 scheda:
514 5544 721 5600 Grabii.

336 5613 448 5686 (6i)
483 5614 759 5686 Ἰουδαῖοι
783 5615 921 5685 μέν,
951 5623 1058 5670 etc.
1086 5613 1271 5669 Codex
1298 5611 1686 5678 Coisliuianus,
1711 5611 1842 5670 Bar-

263 5683 451 5748 barus,
483 5688 695 5740 scheda:
723 5683 931 5739 Grabii.

338 5754 469 5828 (ϐξ)
527 5754 591 5809 Ἡ
633 5754 935 5825 δυναμένη
988 5756 1102 5823 τὴν
1148 5753 1399 5824 ψυχήν,
1456 5763 1566 5811 etc.
1612 5752 1838 5811 Schedte

543 5849 819 5911 Ps'raon.
852 5848 971 5911 Gtt.
1004 5847 1148 5911 ΧΠ.

1937 5330 2164 5396 Grabii,
2209 5332 2517 5403 partimque
2547 5332 2840 5389 Corderius
2865 5374 2881 5399 ,
2923 5342 2980 5388 et
3013 5334 3185 5390 codex
3228 5333 3515 5391 ϐοἱειὶιιίειο

1939 5419 2121 5545 nugs.”
2180 5473 2258 5545 Τὰ
2297 5473 2369 5528 ἐκ
2406 5473 2663 5539 τούτου,
2711 5481 2817 5528 etc.
2869 5474 3049 5528 Codex
3111 5474 3512 5543 Coisliuianus.

1939 5544 2157 5599 scheda':
2184 5544 2395 5600 Grabii.

2030 5615 2122 5680 64)
2158 5613 2348 5671 Ταῦτα
2384 5615 2588 5679 οἱονεί,
2619 5623 2730 5669 ctc.
2762 5613 3074 5669 Corderius.

2030 5617 2122 5680 64)
2158 5617 2348 5671 Ταῦτα
2384 5617 2588 5679 οἱονεί,
2619 5623 2730 5669 ctc.
2762 5617 3074 5669 Corderius.

2007 5617 2123 5757 ίϐὅ)
2166 5686 2271 5741 Ἐν
2298 5682 2380 5750 τῷ
2415 5687 2631 5754 Κυρίῳ,
2665 5699 2774 5743 etc.
2810 5685 2993 5741 Codex
3018 5683 3405 5745 Coisliuianus.

3177 5846 3255 5909 1ιο
