4020 6152
580 161 721 224 1259
1580 162 1585 165 ⁷
1952 161 2041 217 EX
2083 158 2122 217 Ο

2221 160 2387 219 ΞΕΝΕ
3650 182 3753 240 1260

575 282 776 335 dabunt
824 280 1247 349 Dominum'qui
1298 281 1566 351 requirunt
1612 299 1767 348 eunt,
1815 290 1922 336 etc.
1978 300 1997 334 ι
2036 282 2122 353 Egt

2247 285 2559 341 αὶνέσουσι
2605 288 2827 356 Κύριον
2864 290 2918 342 οἱ
2953 286 3331 358 ἐκζητοῦντες
3359 290 3552 358 αὐτὸν,
3580 311 3629 352 κ.
3652 315 3692 356 τ.
3720 301 3753 354 ἑ.

578 388 695 433 sum
729 373 882 442 panis
912 373 1005 441 qui
1039 372 1106 427 de
1134 372 1275 428 coelo
1304 373 1555 429 descendi
1581 374 1648 427 ".
1675 394 1694 426 ι
1938 374 1952 389 ’

2261 391 2279 423 ι
2330 374 2470 442 Ἑγὼ
2498 377 2613 445 εἰμι
2640 379 2667 429 ὁ
2695 378 2856 447 ἄρτος
2888 380 2917 431 ὁ
2941 379 3005 431 ἐκ
3028 379 3121 432 τοῦ
3149 380 3371 452 οὐρανοῦ
3395 383 3630 450 καταϐάς.
3660 406 3676 439 ι

648 468 809 522 Vsus.
834 466 926 521 28.
969 463 1407 531 Reminiscentur,
1441 474 1489 520 et
1528 474 1894 520 convertentur
1927 466 1994 520 ad
2037 464 2119 520 Do

2321 465 2790 533 Μνησθήσονται
2821 469 2918 523 καὶ
2952 469 3489 539 ἑπιστραρήσονται
3526 475 3652 543 πρὸς
3672 480 3754 534 ιω.

574 561 773 614 minam
816 560 1046 614 universi
1090 559 1221 628 ﬁnes
1250 569 1427 624 terrm,
1457 566 1565 614 etc.
1599 558 1729 613 Post
1779 557 2122 629 cognitione"

2244 573 2384 624 ριον
2410 558 2606 612 πάντα
2636 558 2704 613 τὰ
2739 561 2964 629 πέρατα
2990 561 3099 631 τῆς
3134 561 3266 631 γῆς,
3300 581 3350 618 κ.
3378 581 3427 619 τ.
3460 567 3504 618 ὲ.
3533 567 3665 622 Μετὰ
3687 572 3758 644 τὴν

574 654 795 720 oblivio,
834 662 887 707 et
927 660 1050 721 post
1089 652 1417 709 oblivionem
1455 654 1738 710 memoria.
1774 653 2006 708 Pulchre
2050 669 2116 707 au

2250 651 2449 720 γνῶσιν
2486 652 2594 723 (66)
2627 655 2659 724 ἡ
2698 651 2855 725 λήθη,
2898 654 2992 707 καὶ
3037 654 3174 725 μετὰ
3217 655 3312 727 τὴν
3347 654 3569 730 λήθηνή
3599 663 3755 734 μνήμη.

575 759 682 801 tem
728 745 905 816 posuit
961 745 1133 812 illud,
1180 765 1200 799 ι
1230 747 1721 815 τεηιὶηἰεεοηιιινμ
1776 762 1899 800 nam
1943 761 2067 801 cum
2117 765 2122 800 :

2249 743 2445 808 Καλῶς
2465 762 2548 806 τε,
2584 764 2603 796 ‹
2641 745 3058 817 μνησθήσονται,
3090 765 3109 797 ι
3140 747 3377 802 τέθεικεν
3398 766 3417 780 ε
3443 750 3542 803 ὑπὸ
3561 752 3640 805 τοῦ
3660 754 3759 809 Θεοῦ

572 841 683 897 Deo
714 839 767 894 id
797 838 943 911 quod
980 848 1109 895 sunt
1155 840 1487 911 acceperint,
1523 840 1734 911 opiﬁcis
1779 841 2117 896 recordabun

2250 838 2357 907 γὰρ
2387 838 2447 889 τὸ
2491 833 2629 891 εἶναι
2673 837 2976 908 δεξάμενοι,
3021 838 3115 892 τοῦ
3156 839 3631 914 δημιουργήσαντος
3660 865 3759 919 μνη-

570 945 678 993 ιιιν.
714 940 767 988 et
799 945 1068 988 memores
1113 941 1522 997 convertentur,
1573 946 1681 988 non
1733 947 1839 986 una
1886 946 2043 1003 gens,
2089 941 2149 987 ιιι

569 1027 773 1084 dictum
807 1035 912 1090 est,
942 1038 1117 1093 neque
1144 1023 1285 1089 duaa,
1313 1023 1408 1078 sed
1442 1023 1682 1079 universi
1711 1023 1846 1079 lines
1883 1032 2041 1079 terra:
2071 1024 2148 1078 di-

568 1123 710 1176 vinae
742 1117 1070 1188 cognitionis
1092 1116 1301 1173 lumine
1331 1116 1614 1173 illustrati.

2247 1117 2345 1187 τῆς
2372 1116 2493 1187 γῆς,
2523 1116 2601 1188 τῷ
2630 1118 2727 1188 τῆς
2762 1116 3087 1185 θεογνωσίας
3118 1120 3256 1188 φωτὶ
3288 1120 3630 1191 φωτιζόμενα.

637 1210 915 1268 Vsus.29.
954 1209 1217 1277 Quoniam
1254 1210 1469 1265 Domini
1510 1221 1587 1265 est
1637 1227 1888 1282 regnum,
1936 1219 1986 1266 et
2035 1213 2122 1282 ipa

2319 1210 2438 1263 Ὅτι
2466 1208 2572 1263 τοῦ
2599 1211 2821 1279 Κυρίου
2854 1212 2893 1279 ἡ
2926 1212 3234 1277 βασιλεία,
3261 1211 3362 1266 καὶ
3397 1213 3572 1279 αὐτὸς
3595 1213 3762 1269 δεσπό-

568 1306 875 1359 dominatur
900 1302 1154 1374 gentium,
1184 1308 1291 1356 etc.
1317 1299 1453 1355 Eum
1486 1302 1632 1356 enim
1667 1318 1896 1372 regnare
1930 1311 2120 1374 Oporte

2248 1302 2329 1367 ζει
2365 1301 2485 1356 τῶν
2508 1302 2718 1367 ἐθνῶν,
2763 1322 2818 1357 κ.
2850 1321 2904 1360 τ.
2950 1307 2995 1357 ὲ.
3038 1306 3130 1357 Δεῖ
3169 1305 3278 1374 γὰρ
3314 1306 3478 1359 αὐτὸν
3518 1307 3615 1377 (67)
3653 1308 3762 1378 βασι-

566 1396 728 1470 623
761 1395 935 1452 donec
985 1401 1149 1464 ponat
1176 1406 1382 1448 'omnes
1426 1394 1681 1450 inimicos
1728 1410 1855 1451 suos
1905 1397 2005 1453 sub
2050 1411 2122 1466 pe

2245 1393 2418 1447 λεύειν
2462 1394 2619 1466 ἄχρις
2648 1394 2714 1449 ἂν
2746 1395 2813 1468 θῇ
2854 1396 3059 1460 πάντας
3091 1399 3218 1461 τοὺς
3256 1397 3482 1469 ἐχθροὺς
3510 1398 3655 1453 αὑτοῦ
3685 1399 3761 1453 ὑπὸ

566 1494 727 1547 dibus
792 1489 925 1547 suis.
980 1487 1142 1555 Quasi
1195 1487 1434 1551 diceret,
1487 1487 1659 1542 donec
1710 1502 1903 1543 omnes
1957 1489 2121 1560 injust

2244 1490 2368 1553 τοὺς
2407 1487 2573 1552 πόδας
2613 1489 2796 1544 αὐτοῦ.
2842 1489 2984 1542 Ὠσεὶ
3033 1489 3236 1559 ἔλεγεν,
3281 1491 3365 1543 ὅτι
3411 1491 3601 1555 πάντες
3630 1492 3760 1545 ἄδικοι

566 1582 706 1641 ﬁant
750 1581 883 1652 justi
929 1589 983 1636 et
1034 1578 1285 1634 desinant
1335 1592 1457 1633 esse
1515 1578 1717 1634 terreni
1762 1588 1817 1634 et
1863 1583 2122 1653 corrupti-

2244 1582 2522 1653 γενόμενοι
2561 1581 2777 1647 δίκαιοι,
2830 1583 3165 1653 παυσάμενοι
3202 1579 3297 1634 τοῦ
3344 1581 3587 1651 γενέσθαι
3628 1583 3761 1654 γήϊνος

565 1676 725 1731 biles.

2243 1675 2338 1727 καὶ
2371 1673 2619 1747 φθαρτοί.

636 1768 802 1823 Vsus.
825 1767 914 1822 5|.
948 1764 1015 1819 Et
1041 1765 1218 1818 anima
1248 1772 1361 1817 mea
1390 1763 1471 1817 illi
1497 1765 1647 1829 vivet,
1670 1775 1777 1822 etc.
1804 1766 2005 1823 Anima
2043 1768 2119 1824 De

2309 1766 2419 1820 Καὶ
2448 1768 2487 1835 ὴ
2512 1766 2682 1836 ψυχή
2703 1784 2823 1835 μου
2849 1766 3010 1832 αὐτῷ
3035 1765 3121 1835 ζῇ,
3151 1784 3205 1821 κ.
3241 1785 3289 1821 τ.
3331 1769 3378 1822 ὲ.
3420 1769 3575 1839 Μὸνῳ
3602 1769 3631 1840 η
3655 1767 3764 1840 ψυχὴ

563 1859 663 1916 soli
707 1859 839 1914 vivit
883 1858 1013 1926 Deo,
1062 1866 1117 1913 et
1170 1857 1532 1928 cognitionem
1585 1858 1747 1914 habet
1802 1874 1908 1915 non
1962 1861 2122 1917 solun

2239 1856 2350 1928 (68)
2375 1857 2467 1912 τοῦ
2495 1856 2630 1911 θεοῦ
2656 1858 2723 1929 ζῇ
2754 1856 2833 1928 τῷ
2856 1857 2997 1929 Θεῷ,
3035 1858 3133 1930 τὴν
3170 1858 3373 1927 γνῶσιν
3410 1861 3594 1930 ἔχουσα
3620 1861 3671 1913 οὐ
3697 1860 3767 1931 μό-

562 1954 983 2025 praeteritorum,
1008 1951 1106 2008 sed
1135 1960 1191 2007 et
1221 1953 1391 2023 ipsius
1420 1952 1538 2008 Dei.

2236 1968 2324 2004 vov
2354 1950 2463 2004 τῶν
2487 1950 2804 2018 γεγονότων,
2827 1948 2963 2004 ἀλλὰ
2995 1951 3086 2004 καὶ
3111 1950 3275 2004 αὐτοῦ
3315 1952 3413 2005 τοῦ
3442 1952 3589 2008 θεοῦ.

636 2045 799 2101 Vens.
825 2044 914 2099 '52.
962 2044 1383 2098 Annuntiabitur
1433 2043 1658 2102 Domino
1692 2050 1968 2120 generatio
2008 2066 2122 2104 ven-

2317 2042 2805 2112 Ἀναγγελήσεται
2845 2040 2927 2107 τῷ
2971 2041 3163 2110 Κυρίῳ
3209 2044 3389 2112 γενεὰ
3433 2045 3471 2112 ἡ
3508 2043 3767 2113 ἐρχομένη,

561 2147 715 2205 tura,
754 2147 860 2193 etc.
912 2154 933 2189 ι
961 2134 1253 2192 Geueratio
1303 2138 1579 2208 praeterit,
1612 2147 1665 2195 et
1713 2141 1994 2210 generatio
2041 2141 2122 2197 ad-

2240 2149 2294 2188 κ.
2326 2149 2376 2184 τ.
2408 2134 2453 2184 ὲ.
2482 2150 2501 2182 ι
2535 2130 2701 2184 Γενεὰ
2732 2131 3022 2202 πορεύεται
3052 2130 3162 2204 (69)
3190 2135 3284 2185 καὶ
3312 2132 3478 2201 γενεὰ
3516 2131 3717 2204 ἔρχεται.
3745 2149 3761 2184 ι

562 2235 733 2293 venit.
782 2255 800 2288 ι
833 2268 902 2277 —
934 2257 953 2289 ι
999 2220 1289 2295 Generatio
1334 2258 1355 2292 ι
1390 2251 1571 2305 autem
1606 2261 1624 2293 ι
1668 2242 1944 2312 sapientiae
1990 2261 2007 2292 ι
2045 2251 2122 2296 est

2243 2245 2263 2278 ι
2289 2225 2454 2279 Γενεὰ
2484 2244 2503 2279 ι
2526 2225 2583 2280 δὲ
2617 2243 2635 2274 ι
2668 2226 2860 2295 σοφίας
2900 2244 2920 2277 ι
2956 2224 3072 2277 ἐστὶ
3120 2225 3261 2279 κατὰ
3309 2225 3411 2279 τὸν
3464 2224 3611 2294 σοφὸν
3649 2223 3764 2278 ἅλο-

563 2328 862 2384 secundum
916 2329 1257 2387 Salomonem
1307 2351 1328 2387 ι
1381 2334 1545 2391 timor
1590 2334 1838 2400 Domini,
1896 2332 2122 2405 divitia,

2242 2320 2428 2393 μῶντα
2466 2338 2486 2372 ι
2525 2319 2685 2390 φόϐος
2741 2317 2945 2391 Κυρίου
2997 2317 3092 2372 καὶ
3140 2316 3373 2384 πλοῦτος
3425 2318 3515 2372 καὶ
3555 2316 3665 2385 δόξα
3696 2316 3768 2372 καὶ

564 2421 729 2493 gloria
759 2437 824 2477 ac
851 2422 958 2478 vita
981 2423 1050 2476 ".
1090 2441 1109 2474 ι

2241 2415 2374 2486 cum.
2414 2434 2433 2468 ι

1079 2639 1401 2697 PSALMUS
1440 2641 1604 2699 χχιι.
2158 2661 2205 2724 c

628 2735 792 2791 Vens.
833 2734 882 2790 l.
940 2731 1193 2787 Dominus
1248 2731 1379 2801 regit
1429 2748 1511 2788 me
1560 2744 1608 2788 et
1666 2735 1800 2790 nihil
1857 2740 1986 2794 mihi
2034 2743 2129 2799 de-

549 2830 675 2892 erit,
705 2835 815 2882 etc.
860 2823 1322 2892 Quemadmodum
1363 2838 1493 2880 oves
1546 2825 1711 2881 herba
1750 2835 1805 2882 et
1836 2844 1974 2901 aqua
2021 2850 2129 2889 nu-

552 2922 810 2986 triuntur,
854 2919 933 2973 sic
979 2928 1033 2972 et
1084 2919 1251 2975 homo
1304 2920 1522 2974 actione
1568 2929 1623 2975 et
1668 2921 1909 2977 scientia
1954 2926 2130 2982 viviﬁ-

554 3025 737 3070 catur.

628 3088 793 3162 Vsus.
812 3105 864 3159 5.
883 3104 1126 3158 Animam
1143 3120 1312 3158 meam
1333 3106 1604 3159 convertit.
1627 3103 1855 3160 Deduxit
1880 3123 1959 3160 me
1972 3125 2130 3181 super

554 3201 768 3256 semitas
789 3197 1036 3268 justitlw,
1080 3205 1185 3251 etc.
1237 3195 1295 3251 Si
1330 3196 1526 3251 semita
1554 3204 1639 3252 est
1661 3197 1905 3265 justitiae,
1939 3202 2127 3273 utique

553 3303 640 3350 est
685 3291 1008 3364 prudentiae,
1054 3289 1337 3345 chat-itatis
1372 3298 1427 3344 et
1457 3291 1825 3358 continentiae,
1860 3308 1955 3363 per
1990 3310 2126 3365 quas

2249 1022 2419 1086 ἔθνος,
2444 1022 2520 1086 ὡς
2557 1023 2789 1094 εἴρηται,
2821 1021 2942 1076 οὐδὲ
2976 1022 3087 1086 δύο,
3123 1022 3259 1077 ἀλλὰ
3302 1024 3476 1079 πάντα
3504 1025 3567 1079 τὰ
3602 1028 3760 1101 πέρατα

2796 2642 3089 2699 ΨΑΛΜΟΣ
3122 2643 3249 2697 ΚΒ’.

2303 2746 2518 2814 Κύριος
2542 2740 2840 2812 ποιμαίνει
2863 2756 2960 2810 με,
2992 2735 3090 2791 καὶ
3127 2736 3310 2792 οὐδέν
3353 2753 3435 2806 με
3478 2733 3765 2803 ὐστερήσει,

2230 2859 2286 2898 κ.
2320 2857 2371 2896 τ.
2399 2840 2446 2896 ὲ.
2486 2839 2693 2908 Ὥσπερ
2723 2835 2783 2888 τὸ
2815 2833 3085 2906 πρόϐατον
3113 2830 3221 2902 (70)
3257 2829 3522 2901 τρέφεται
3550 2828 3661 2900 χλόῃ
3696 2826 3766 2879 καὶ

2231 2934 2403 2999 ὕδατι,
2436 2930 2577 2986 οὕτω
2615 2932 2710 2983 καὶ
2744 2930 2771 2982 ὁ
2799 2926 3082 2999 ἄνθρωπος
3120 2924 3470 2991 ζωοποιεῖται
3502 2919 3673 2993 πράξει
3695 2917 3764 2972 καὶ

2235 3026 2446 3097 γνώσει.

2305 3117 2425 3187 Τὴν
2467 3115 2680 3186 ψυχήν
2702 3130 2821 3183 μου
2862 3110 3260 3178 ριξπέοντρεεζιετ·⁸
3306 3107 3579 3180 (Mummi
3599 3124 3661 3176 με
3685 3102 3760 3158 ἐστὶ

2228 3213 2465 3283 τρίϐους
2505 3208 2916 3273 δικαιοσύνης,
2958 3223 3010 3257 κ.
3046 3221 3096 3257 τ.
3132 3204 3179 3257 ἑ.
3215 3203 3279 3256 Εἰ
3323 3203 3440 3256 ἔστι
3483 3200 3648 3274 τρίϐος
3675 3196 3760 3267 (71)

2226 3300 2590 3372 δικαιοσύνης,
2624 3299 2739 3353 ἐστὶ
2783 3296 2880 3351 καὶ
2931 3293 3285 3366 σωφροσύνης
3331 3296 3429 3347 καὶ⁹
3461 3291 3659 3363 ἀγάπης
3691 3288 3761 3343 καὶ

2251 930 2559 1002 σθήσονται,
2595 931 2687 984 καὶ
2723 930 3049 1003 μνησθέντες
3089 931 3594 1004 ὲπιστραφὴσονται,
3624 939 3760 1010 milia
3812 968 3817 972 α
3924 930 3925 999 Ῑ

553 3387 677 3455 quis
713 3385 1018 3457 ingreditur
1045 3385 1100 3439 iu
1133 3399 1359 3454 regnum
1391 3383 1678 3439 caelorum.

624 3580 786 3639 Vens.
811 3583 866 3638 4.
907 3581 1068 3651 Nam,
1118 3585 1217 3638 etsi
1264 3582 1599 3638 ambulavero
1640 3586 1894 3643 in‘medio
1925 3591 2123 3646 umbra:

547 3676 755 3741 mortis,
784 3692 885 3731 non
908 3676 1101 3731 timebo
1132 3674 1295 3739 mala,
1321 3673 1573 3743 quoniam
1597 3685 1653 3730 tu
1683 3694 1885 3733 mecum
1911 3697 1988 3744 es,
2012 3691 2118 3736 etc.

546 3764 686 3822 Hinc
713 3781 818 3823 non
850 3768 919 3824 de
954 3769 1090 3832 Deo,
1132 3768 1228 3824 sed
1274 3767 1342 3822 ad
1383 3767 1558 3836 ipsum
1587 3767 1754 3823 Deum
1785 3785 1965 3827 sermo
1990 3787 2120 3827 con-

544 3859 799 3914 vertitur.
827 3859 1120 3915 Ambulare
1164 3869 1347 3915 antem
1375 3859 1430 3914 in
1465 3861 1643 3916 medio
1674 3864 1878 3919 umbra:
1906 3866 2116 3932 mortis,

543 3965 656 4006 non
684 3949 824 4005 idem
853 3958 938 4004 est
967 3964 1033 4005 ac
1058 3951 1249 4009 sedere
1275 3950 1331 4006 in
1365 3951 1557 4006 umbra
1591 3954 1812 4020 mortis;
1849 3956 1942 4025 qui
1971 3958 2117 4013 enim

543 4043 698 4099 sedet
723 4043 776 4097 in
807 4042 1001 4097 umbra
1033 4044 1247 4109 mortis,
1280 4046 1332 4099 in
1372 4046 1489 4116 ipsa
1519 4046 1692 4113 sedet,
1725 4061 1789 4102 ac
1810 4048 2007 4105 ﬁrmus
2033 4061 2119 4107 est

542 4138 600 4193 in
638 4135 780 4193 malo
811 4146 865 4191 et
901 4136 954 4191 in
993 4137 1185 4193 umbra
1217 4140 1435 4195 mortis.
1466 4138 1760 4209 Propterea
1793 4141 1848 4195 in
1881 4144 2118 4200 tenebris

544 4239 651 4295 est,
679 4237 734 4285 et
769 4227 1143 4284 misericordia
1192 4228 1398 4300 indiget
1440 4239 1502 4285 ut
1530 4230 1579 4285 ei
1624 4230 1734 4286 lux-
1761 4232 1987 4288 oriatur.
2015 4232 2119 4302 Qui

542 4337 675 4378 vero
705 4336 810 4377 non
843 4321 1018 4388 sedet,
1067 4321 1163 4377 sed
1197 4324 1397 4377 transit
1421 4337 1487 4378 ac
1516 4338 1616 4394 per
1645 4325 1882 4380 medium
1911 4327 2118 4385 umbrae

540 4413 732 4469 mortis
763 4412 1022 4477 ambulat,
1054 4428 1158 4467 non
1192 4422 1364 4479 stans,
1398 4415 1494 4470 sed
1523 4425 1972 4485 praetercurrens,
2008 4435 2114 4475 non

541 4508 688 4562 solus
719 4506 981 4570 ambulat,
1012 4506 1137 4576 quia
1169 4505 1430 4562 Dominus
1458 4522 1580 4562 cum
1616 4523 1680 4564 eo
1712 4511 1915 4581 pergit.
1941 4510 2116 4568 Ctete-

537 4615 660 4654 rum
692 4599 891 4655 alicubi
924 4599 1187 4670 scriptum
1213 4607 1305 4654 est
1343 4599 1410 4655 de
1457 4602 1696 4658 sessione
1731 4606 1937 4661 umbra:
1969 4622 2115 4661 mor-

537 4695 607 4748 tis
628 4693 712 4748 ὀε
751 4711 770 4745 ι
799 4692 1126 4749 Sedeutibus
1154 4693 1208 4747 in
1244 4692 1468 4764 regione
1494 4704 1549 4751 et
1572 4698 1766 4753 umbra
1802 4698 1995 4755 mortis
2022 4699 2110 4755 lux

536 4794 659 4840 orta
687 4790 773 4838 est
800 4783 900 4839 eis.
924 4800 944 4834 ι

615 4958 778 5028 Virga
822 4971 915 5013 tua
963 4970 1010 5013 et
1062 4958 1278 5012 baculus
1329 4966 1484 5019 tuus,
1532 4958 1644 5027 ipsa
1694 4974 1775 5011 me
1843 4959 2114 5014 consolata

450 5114 458 5135 ι
532 5064 680 5121 sunt,
708 5064 812 5108 etc.
848 5052 1068 5122 Virgam
1116 5052 1186 5108 de
1229 5051 1546 5108 verberibus
1590 5065 1655 5104 ac
1696 5050 1976 5119 suppliciis
2009 5051 2113 5105 dici

642 5152 690 5191 "
726 5149 885 5207 Joan.
913 5164 1001 5216 v1,
1028 5149 1120 5203 41.

611 5267 722 5339 (66)
750 5266 911 5323 Μετὰ
946 5266 1062 5336 τὴν
1089 5266 1334 5338 γνῶσιν,
1359 5276 1463 5321 etc.
1495 5264 1722 5322 Scheda:
1749 5262 1959 5330 Grabii,
1985 5263 2117 5317 Bar-

539 5339 725 5395 barus.

608 5410 723 5479 (67)
751 5408 852 5463 Δεῖ
877 5406 987 5477 γὰρ
1020 5409 1226 5473 αὐτόν,
1260 5406 1626 5479 ειοηδοιιοιιω
1655 5406 1865 5463 Grabii.

608 5479 720 5551 (68)
750 5481 926 5551 Μόνῳ
949 5481 988 5547 ἠ
1017 5479 1211 5549 ψυχή,
1244 5489 1349 5537 etc.
1380 5478 1596 5551 Eaedem
1625 5480 1861 5534 scheme.

606 5549 720 5619 (69)
753 5549 942 5603 Γενεὰ
971 5551 1298 5617 πορεύεται,
1328 5560 1433 5605 etc.
1466 5550 1678 5604 Eanleut
1712 5550 1943 5605 schedaa.

608 5618 718 5691 (7U)
757 5620 982 5689 ’Ὠσπερ
1009 5620 1076 5677 τὸ
1108 5622 1440 5690 πρόϐατον,
1481 5632 1588 5677 etc.
1628 5619 1857 5676 Scltcda:
1899 5618 2111 5685 Grabii,

2228 3394 2576 3467 ἐγκρατείας,
2598 3392 2665 3447 δι’
2694 3384 2769 3446 ὧν
2818 3389 3122 3461 εἰσέρχεταί
3164 3406 3246 3452 τις
3287 3390 3371 3453 εἰς
3412 3389 3507 3461 τὴν
3535 3384 3760 3459 βασιλείαν

2226 3488 2334 3543 τῶν
2364 3485 2629 3560 οὐρανῶν.

2308 3580 2448 3635 Ἐὰν
2474 3578 2585 3651 τὰρ
2615 3576 2713 3631 καὶ
2738 3574 3008 3645 πορευθῶ
3035 3573 3104 3627 ἐν
3123 3572 3293 3643 μέσῳ
3321 3572 3504 3641 σκιᾶς
3529 3568 3759 3631 ﬁat-dm,

2224 3673 2298 3727 οὐ
2351 3668 2764 3740 φοϐηθήσομαι
2811 3664 3003 3730 κακὰ,
3064 3664 3152 3718 ὅτι
3194 3663 3276 3718 σὺ
3310 3666 3441 3735 μετ’
3471 3662 3623 3733 ἐμοῦ,
3653 3679 3696 3716 κ.
3720 3676 3757 3710 τ.

2225 3765 2272 3820 ἐ.
2307 3762 2584 3818 Ἐντεῦθεν
2615 3763 2645 3816 ὁ
2675 3760 2831 3829 λόγος
2863 3758 2974 3830 (72)
3007 3758 3068 3811 οὐ
3110 3757 3238 3829 ’περῖ¹
3277 3756 3451 3822 Θεοῦ,
3494 3755 3617 3809 ἀλλὰ
3657 3749 3760 3821 πρὸς

2224 3856 2383 3912 αὑτὸν
2415 3856 2505 3910 τὸν
2538 3855 2688 3909 Θεὸν.
2740 3854 2815 3908 Οὐ
2871 3852 3065 3906 ταυτὸν
3111 3851 3168 3905 δέ
3214 3851 3334 3904 ἐστι
3385 3847 3682 3922 πορεύεσθαι
3717 3845 3758 3896 ἐν

2229 3948 2379 4020 μέσῳ
2415 3948 2573 4010 σκιᾶς
2610 3942 2841 3999 θανάτου
2877 3940 2954 4013 τῷ
2979 3939 3249 4011 καθῆσθαι
3284 3942 3349 3993 ὲν
3384 3940 3510 4010 σκιᾷ
3540 3936 3754 3991 θανάτοψ

2151 4011 2197 4068 D
2279 4011 2504 4111 μὲνγὰρ
2525 4034 2886 4105 καθεζόμενος
2921 4011 3131 4102 ἵδρυται
3169 4032 3226 4083 ὲν
3260 4030 3426 4101 αὐτῇ,
3468 4031 3558 4083 καὶ
3588 4024 3756 4099 βέϐαιός

2220 4135 2366 4185 ἐστιν
2393 4133 2451 4185 ὲν
2485 4128 2562 4200 τῷ
2590 4126 2764 4196 κακῷ,
2807 4126 2902 4179 καὶ
2942 4126 3000 4177 ὲν
3023 4125 3090 4194 τῇ
3122 4123 3250 4193 σκιᾷ
3276 4122 3373 4175 τοῦ
3414 4122 3659 4177 Θανάτου·
3692 4115 3756 4170 διὰ

2218 4224 2376 4278 τοῦτο
2409 4224 2466 4277 ὲν
2494 4220 2683 4291 σκοτίᾳ
2716 4218 2851 4283 ἐστὶ,
2885 4215 2977 4271 καὶ
3008 4216 3178 4270 δεῖται
3223 4214 3398 4283 ἐλέου,
3432 4216 3517 4270 ἵνα
3552 4209 3756 4278 ἀνατείλῃ

2217 4316 2368 4387 αὐτῷ
2400 4315 2538 4385 φῶς·
2569 4314 2597 4367 ό
2629 4312 2875 4384 μέντοιγε
2912 4309 2987 4383 μὴ
3034 4307 3424 4378 καθεξόμενος,
3461 4308 3587 4362 ἀλλὰ
3617 4319 3753 4373 παρα-

2218 4408 2447 4479 τρέχων,
2491 4404 2579 4459 διὰ
2628 4404 2725 4475 μὲν
2762 4402 2929 4470 μέσον
2977 4402 3135 4465 σκιᾶς
3174 4402 3407 4456 θανάτου
3455 4400 3654 4463 ὁδεύων,
3684 4395 3755 4463 οὐχ

2221 4498 2467 4572 ἑστηκὼς
2491 4498 2569 4562 δὲ,
2614 4496 2750 4550 ἀλλὰ
2789 4494 3145 4569 παρατρέχων
3180 4494 3247 4548 δι’
3277 4494 3452 4564 αὐτῆς
3500 4494 3591 4563 τῆς
3638 4487 3753 4547 πιεῖς

2220 4590 2314 4643 τοῦ
2348 4590 2597 4652 θανάτου,
2631 4589 2693 4641 οὺ
2727 4586 2884 4658 μόνος
2920 4586 3243 4656 περιπατεῖ·
3293 4584 3499 4656 Κύριος
3525 4584 3623 4654 γὰρ
3644 4574 3753 4647 αὖτῷ

2225 4683 2510 4740 συνοδεύει.
2540 4680 2648 4736 Ποῦ
2683 4681 2739 4734 δὲ
2772 4680 3080 4753 γέγραπται
3113 4681 3241 4752 περὶ
3284 4680 3382 4753 τῆς
3414 4678 3660 4737 καθίσεως
3682 4671 3751 4741 τῆς

2225 4777 2382 4839 σκιᾶς
2411 4773 2506 4828 τοῦ
2535 4773 2765 4828 θανάτου
2786 4793 2799 4806 ·
2844 4792 2861 4825 ι
2903 4772 3246 4843 Καθημένοις
3276 4775 3333 4826 ἐν
3359 4770 3515 4843 χώρᾳ
3545 4770 3628 4823 καὶ
3659 4763 3754 4834 σκιᾷ

2224 4866 2455 4921 θανάτου
2483 4866 2599 4937 φῶς
2625 4865 2898 4921 ἀνέτειλεν
2929 4867 3131 4930 αὐτοῖς.
3175 4885 3193 4918 ι

2304 4961 2604 5030 Ἠράϐδος
2634 4980 2751 5016 σου
2784 4963 2881 5017 καὶ
2932 4965 2970 5032 ἡ
3002 4962 3304 5031 ,ϐακτηρία
3345 4976 3484 5025 σου,
3528 4953 3682 5014 αὗταί
3697 4968 3754 5024 με

2223 5053 2670 5124 παρεκάλεσαν,
2705 5073 2757 5109 κ.
2787 5072 2837 5107 τ.
2872 5057 2917 5109 ὲ.
2963 5055 3086 5109 Ὅτι
3119 5054 3151 5124 ἡ
3185 5052 3379 5125 ῥάϐδος
3411 5052 3522 5124 (75)
3553 5051 3636 5103 ἐπὶ
3672 5045 3755 5099 τῶν

1212 5149 1256 5181 ³⁷
1296 5147 1510 5203 Eccles.
1542 5163 1580 5213 ι,
1607 5147 1664 5202 4.
1740 5145 1785 5176 ’⁸
1809 5146 1972 5201 Prov.
2002 5162 2142 5212 χχιι,
2167 5146 2222 5201 4.
2312 5152 2357 5182 ³⁸
2396 5151 2501 5206 lsa.
2529 5167 2606 5217 ιι,
2632 5150 2688 5204 ‘2.

2221 5271 2392 5325 codex
2429 5268 2814 5330 Coislinianus.
2839 5268 3137 5325 Barbarus.

2290 5342 2403 5409 (7t)
2432 5342 2502 5393 Εὶ
2524 5340 2655 5394 ἔστι
2683 5340 2905 5407 τρίϐος,
2939 5353 3044 5396 etc.
3083 5338 3309 5395 Schedte
3333 5336 3541 5409 Grabii.

2290 5406 2403 5480 (72)
2447 5406 2757 5466 Ἐντεῦθεν
2779 5413 2812 5465 ό
2833 5411 3037 5480 λόγος,
3063 5420 3170 5467 etc.
3198 5410 3374 5466 Codex
3402 5406 3751 5465 Baroccianus,

2216 5480 2581 5677 :"€7E5")ru:btt
2619 5555 2658 5623 ἠ
2700 5549 2918 5622 ῥάϐδος
2942 5592 2957 5620 ,
3010 5559 3114 5609 etc.
3156 5550 3332 5609 Codex
3387 5546 3749 5606 Baroccianus.

2265 5635 2320 5676 NF
2362 5638 2506 5677 arus.

2265 5635 2506 5679 ςινυειῐύε.
