4020 6152
292 246 426 342 «ea.

1279 282 1585 340 SELECTA
1620 282 1689 338 IN
1719 281 2054 339 PSALMOS.
2086 315 2156 323 —
2193 282 2387 339 PSAL.
2428 282 2591 339 XXII.

3396 286 3537 347 1262
3574 282 3579 289 ³

292 405 575 478 μαστίγων
625 405 720 460 καὶ
776 404 885 460 τῶν
929 406 1201 461 κολάσεων
1252 406 1487 478 εἴρηται,
1538 406 1868 477 μαρτυρήσει

1976 404 2132 459 testis
2176 405 2280 459 erit
2312 402 2614 475 Scriptura,
2660 419 2780 474 quae
2811 404 3045 461 dicit”:
3081 424 3099 457 ι
3132 405 3190 460 Si
3235 407 3541 480 derelique-

288 499 428 569 αὐτὴ
482 501 515 569 ή
583 499 774 572 Γραφὴ
838 498 1097 569 λέγουσαι
1158 514 1177 549 ι
1226 500 1349 554 Ἐὰν
1414 497 1875 567 ἐγκαταλείπωσιν

287 592 341 644 οἱ
374 589 478 645 υίοί
514 608 614 661 μου
641 591 733 646 τὸν
763 591 926 663 νόμον
964 610 1084 664 μου,
1123 592 1219 645 καὶ
1262 595 1373 656 τοῖς
1405 591 1634 663 κρίμασί
1664 609 1763 662 μου
1802 591 1875 661 μὴ

294 681 668 754 πορευθῶσιν·
714 683 809 736 ἐὰν
861 682 928 736 τὰ
976 681 1322 753 δικαιώματά
1361 699 1461 753 μου
1504 680 1873 754 βεϐηλώσωσι,

291 775 390 828 καὶ
419 774 520 839 τὰς
548 775 769 840 ἐντολάς
806 792 907 847 μου
956 775 1031 847 μὴ
1069 774 1393 844 φυλάξωσιν,
1423 774 1785 846 ἐπισκέψομαι
1817 775 1874 827 ἐν

292 867 474 939 ῥάϐδῳ
501 868 600 932 τὰς
625 868 852 940 ἀνομίας
880 868 1079 934 αὐτῶν,
1116 868 1207 921 καὶ
1238 870 1294 920 ἐν
1327 867 1543 939 μάστιξι
1575 868 1672 930 τὰς
1697 868 1875 939 ἁμαρ-

288 958 414 1024 τίας
445 960 643 1025 αὐτῶν,
674 960 736 1013 τὸ
770 960 827 1013 δὲ
874 959 1020 1022 ἔλεός
1052 976 1152 1031 μου
1182 958 1243 1011 ού
1286 959 1359 1029 μὴ
1405 958 1740 1013 διασκεδάσω
1777 956 1872 1011 ἀπ’

291 1049 503 1104 αύτῶνθ
538 1070 557 1102 ι
585 1049 725 1103 ὥστε
756 1052 805 1103 εί
833 1050 1078 1122 ἥμαρτες
1115 1048 1210 1102 καὶ
1254 1047 1468 1118 βλέπεις
1508 1047 1699 1120 ῥάϐδον
1738 1046 1871 1099 Θεοῦ

293 1142 651 1214 ἐπικειμένην
679 1159 781 1208 σοι,
819 1141 947 1205 ἴσθι,
980 1142 1062 1195 ὅτι
1101 1139 1162 1193 τὸ
1190 1139 1334 1203 ἔλεος
1376 1140 1471 1193 τοῦ
1503 1139 1638 1194 Θεοῦ
1671 1140 1733 1192 ού
1761 1139 1871 1192 διε-

294 1232 583 1286 σκέδασται
612 1231 721 1286 άπὸ
751 1233 865 1286 σοῦ.
897 1234 961 1286 El
995 1232 1052 1286 δὲ
1081 1232 1347 1303 ἥμαρτες,
1394 1232 1488 1285 καὶ
1513 1231 1747 1301 οὐδαμοῦ
1775 1230 1872 1301 ῥά-

294 1326 438 1390 ϐδος,
471 1326 593 1380 ούδέ
629 1324 845 1397 μάστιξ,
877 1324 1042 1395 φοϐοῦ
1067 1341 1078 1355 ο
1109 1326 1168 1378 οὺ
1202 1322 1564 1395 παραδέχεταί
1597 1340 1656 1376 σε
1687 1324 1716 1376 ὁ
1740 1322 1873 1387 Θεὸς

299 1438 317 1469 ι
361 1420 390 1471 ὁ
419 1418 694 1491 μαστιγῶν
726 1418 904 1472 πάντα
934 1418 1049 1471 υίδν
1081 1417 1140 1471 ὃν
1164 1417 1547 1490 παραδέχεται.
1590 1436 1609 1468 ι
1639 1415 1874 1469 Τοιαῦτα

291 1512 505 1581 λέγεται
535 1510 663 1583 περὶ
694 1510 801 1566 τῶν
839 1510 1196 1582 ἁμαρτωλῶν,
1230 1510 1317 1562 ὅτε
1348 1510 1409 1562 ού
1447 1508 1867 1579 μαστιγοῦνταιο

298 1624 318 1656 ι
367 1603 529 1675 Ἐμοῦ
562 1603 620 1657 δὲ
652 1602 802 1674 παρὰ
838 1601 1029 1673 μικρὸν
1059 1599 1424 1671 ἐσαλεύθησαν
1454 1600 1503 1653 οἱ
1538 1599 1714 1662 πόδες,
1742 1601 1871 1671 παρ’

290 1696 470 1765 ὀλίγον
501 1694 724 1767 ἐξεχύθη
757 1694 825 1747 τὰ
848 1692 1154 1764 διαϐήματά
1183 1709 1304 1762 μου,
1337 1692 1419 1745 ὅτι
1444 1692 1545 1744 οὐκ
1570 1689 1713 1743 ἐστιν
1737 1690 1869 1743 ἀνά-

1977 496 2088 549 rint
2117 494 2210 548 ﬁlii
2248 495 2352 549 mei
2389 496 2560 566 legem
2593 509 2790 558 meam,
2814 504 2869 551 et
2896 496 2950 551 in
2987 495 3209 566 iudiciis
3256 497 3392 552 meis
3433 514 3540 555 non

1977 586 2406 653 ambulaverint;
2452 588 2496 641 si
2539 584 2781 655 justitias
2827 602 2974 643 meas
3016 587 3444 658 profanaverint,
3487 602 3543 645 et

1976 678 2229 732 mandata
2275 692 2393 733 mea
2441 693 2547 732 nou
2601 680 2989 743 custodierint,
3024 679 3258 736 visitabo
3289 681 3342 736 in
3396 683 3540 752 Jirga

1976 768 2296 838 iniquitates
2334 781 2542 835 eorum,
2569 778 2624 823 et
2656 769 2709 824 in
2734 769 3049 825 verberibus
3077 780 3297 839 peccata
3326 786 3540 836 eorum,
3620 756 3625 763 ’

1976 859 2401 915 misericordiam
2428 870 2606 914 autem
2636 874 2805 914 meam
2840 875 2944 915 non
2974 860 3279 932 dispergam
3313 861 3383 917 ab
3403 863 3534 918 eis.»
3624 884 3631 893 ί

1976 951 2337 1018 Quamobrem
2371 951 2416 1005 si
2447 951 2717 1021 peccasti,
2764 960 2820 1005 et
2868 953 3019 1009 vides
3050 954 3256 1016 virgam
3303 952 3398 1007 Dei
3443 954 3539 1009 tibi

1975 1047 2281 1109 imminere,
2307 1045 2472 1117 624
2502 1046 2640 1102 scito
2684 1048 3110 1103 misericordiam
3146 1048 3240 1103 Dei
3288 1063 3393 1105 non
3430 1050 3542 1104 dis-

1974 1155 2187 1210 persam
2239 1155 2358 1195 esse
2393 1156 2421 1193 a
2465 1149 2537 1194 te.
2591 1139 2647 1194 Si
2702 1148 2878 1193 autem
2932 1141 3206 1209 peccasti,
3251 1156 3353 1196 nec
3388 1141 3539 1213 virga

1974 1250 2072 1288 nec
2103 1232 2371 1305 ﬂagellum
2404 1231 2683 1287 ullumodo
2710 1231 2976 1297 imminet,
3005 1233 3136 1287 time
3162 1250 3177 1287 :
3215 1248 3320 1287 non
3347 1235 3541 1305 recipit

1976 1336 2026 1379 te
2068 1325 2208 1380 Deus
2254 1326 2342 1393 qui
2382 1343 2401 1376 ι
2430 1323 2670 1394 ﬂagellat
2716 1341 2930 1382 omnem
2982 1325 3152 1381 ﬁlium
3195 1341 3354 1396 quem
3402 1328 3540 1383 reci-

1972 1418 2052 1486 pit
2078 1416 2146 1471 ³¹.
2172 1434 2190 1467 ι
2227 1414 2361 1469 Nam
2392 1416 2459 1470 de
2500 1419 2879 1484 peccatoribus
2927 1433 3066 1488 quos
3117 1432 3222 1474 non
3271 1421 3537 1490 castigat,

1973 1510 2169 1564 dicitur
2188 1509 2272 1563 "z
2311 1527 2332 1560 ι
2362 1505 2463 1562 ΙΙθί
2495 1519 2671 1564 autem
2701 1524 2837 1578 pene
2866 1510 2997 1565 moti
3031 1520 3160 1565 sunt
3186 1511 3373 1580 pedes,
3398 1525 3540 1580 pene

1974 1601 2129 1657 eﬂusi
2163 1612 2290 1657 sunt
2324 1617 2543 1674 gressus
2587 1603 2715 1667 mei,
2759 1604 2884 1673 quia
2913 1618 3016 1658 non
3057 1612 3143 1659 est
3173 1612 3449 1674 respectus
3480 1605 3535 1658 in

1974 1702 2146 1748 morte
2179 1694 2439 1763 ipsorum,
2481 1704 2536 1748 et
2568 1693 2967 1749 ﬁrmamentum
3013 1694 3066 1748 in
3119 1694 3274 1763 plaga
3322 1708 3534 1749 eorum.

292 1804 478 1850 νευσις
514 1789 571 1840 ἐν
612 1785 688 1857 τῷ
714 1766 948 1854 θανάτῳ
990 1782 1188 1848 αὐτῶν,
1235 1782 1330 1835 καὶ
1373 1781 1660 1853 στερέωμα
1703 1781 1760 1833 ἐν
1803 1782 1868 1851 τῇ

1972 1785 2027 1838 1η
2058 1785 2336 1842 laboribus
2363 1786 2641 1840 hominum
2675 1800 2780 1840 non
2815 1794 2963 1850 sunt,
2996 1796 3052 1840 et
3076 1801 3197 1840 cum
3230 1786 3538 1841 hominibus

296 1879 519 1951 μάστιγι
568 1877 766 1931 αὐτῶν.
812 1876 897 1929 Ἐν
931 1860 1120 1939 κόποις
1160 1872 1458 1944 ἀνθρώπων
1496 1873 1595 1926 οὐκ
1632 1872 1869 1935 εἰσὶ,καὶ

297 1967 433 2041 μετὰ
485 1966 790 2039 ἀνθρώπων
842 1966 903 2019 ού
965 1962 1485 2036 μαστιγωθήσονται.
1552 1962 1651 2015 Διὰ
1713 1962 1871 2016 τοῦτο

291 2060 594 2131 ἐκράτησεν
625 2058 819 2121 αὐτοὺς
850 2060 884 2129 ἡ
914 2055 1289 2129 ὑπερηφανία*
1328 2054 1711 2127 περιεϐάλοντο
1750 2055 1870 2107 ἀδι-

290 2150 416 2203 κίαν
439 2149 531 2202 καὶ
558 2148 809 2204 ἀσέϐειαν
837 2147 1034 2203 αὐτῶν.
1066 2149 1131 2201 Ἢ
1156 2148 1345 2220 ῥάϐδος
1370 2164 1463 2201 σου
1495 2148 1588 2201 καὶ
1611 2148 1644 2218 ἠ
1671 2145 1872 2217 βακτη-

294 2238 384 2310 ρία
426 2256 540 2292 σου.
573 2257 595 2291 ι
631 2238 816 2311 Ἀρκεί
864 2237 1087 2310 ῥάϐδος·
1131 2238 1183 2291 τί
1227 2240 1373 2291 ποιεῖ
1422 2236 1724 2308 βακτηρία;
1774 2235 1868 2290 ἐὰν

289 2326 359 2405 ᾖς
403 2329 671 2404 πρόϐατον
725 2329 1079 2402 ἁμαρτωλὸν,
1120 2328 1297 2401 ῥάϐδῳ
1347 2329 1626 2402 πληγήσῃ’
1669 2327 1766 2381 ἐὰν
1798 2324 1869 2401 ᾗς

291 2421 577 2494 ἄνθρωπος
607 2422 946 2495 ἁμαρτωλὸς,
983 2421 1276 2493 βακτηρίᾳ·
1307 2421 1395 2476 διὰ
1428 2420 1584 2475 τοῦτο
1620 2422 1713 2474 ἐπὶ
1742 2420 1864 2473 τού-

291 2532 401 2569 των
428 2516 488 2569 ού
519 2515 728 2587 ῥάϐδος,
759 2516 894 2571 ἀλλὰ
938 2514 1206 2587 βακτηρία
1251 2512 1539 2584 ὠνομάσθη
1597 2512 1746 2587 παρὰ
1790 2511 1867 2583 τῷ

292 2605 596 2676 Σολομῶντι
625 2609 685 2661 ἐν
711 2610 830 2671 ταῖς
853 2608 1225 2677 Παροιμίαις·
1267 2625 1286 2658 ι
1330 2608 1388 2660 '0
1418 2604 1725 2677 φειδόμενος
1766 2606 1868 2677 τῆς

295 2695 596 2770 βακτηρίας
627 2702 776 2770 μισεῖ
797 2699 888 2754 τὸν
916 2698 1109 2753 ἐαυτοῦ
1135 2700 1266 2753 υἱόν.
1299 2720 1317 2752 ι
1347 2699 1530 2754 Ταῦτα
1562 2693 1654 2753 οῦν
1686 2716 1865 2772 παρα-

1973 1892 2079 1932 non
2105 1875 2545 1948 ﬂagellabuntur.
2571 1878 2695 1932 Ideo
2724 1878 2897 1932 tenuit
2921 1893 3016 1933 eos
3046 1879 3320 1947 superbia.
3349 1876 3536 1949 Operti

1971 1977 2101 2023 sunt
2133 1969 2425 2039 iniquitate
2450 1976 2507 2023 et
2546 1969 2824 2039 impietate
2867 1984 2987 2023 sua.
3019 1967 3184 2039 Virga
3222 1978 3308 2025 tua
3339 1979 3395 2025 et
3442 1971 3539 2026 ba-

1972 2060 2124 2115 culus
2151 2068 2296 2115 tuus.
2323 2079 2341 2112 ι
2379 2057 2586 2114 Suﬂlcit
2614 2061 2765 2128 virga
2797 2076 2810 2112 :
2842 2060 2969 2129 quid
3000 2075 3137 2130 opus
3179 2070 3264 2117 est
3307 2061 3535 2117 baculo?

1973 2151 2018 2207 si
2055 2152 2224 2207 fueris
2252 2152 2370 2206 ovis
2399 2167 2613 2217 errans,
2640 2151 2824 2219 virga;
2855 2151 2899 2206 si
2941 2152 3109 2208 fueris
3138 2153 3301 2208 homo
3339 2168 3531 2222 pecca-

1977 2253 2080 2309 tor,
2130 2243 2324 2297 baculo
2363 2242 2658 2313 vapulabis.
2710 2242 2835 2297 Ideo
2885 2242 2939 2296 iu
2974 2242 3060 2297 his
3100 2257 3205 2297 non
3245 2244 3537 2312 virga,sed

1972 2334 2196 2390 baculus
2239 2336 2291 2389 in
2346 2332 2644 2388 Proverbiis
2693 2350 2720 2387 a
2769 2335 3058 2391 Salomone
3106 2335 3407 2404 appellatur
3441 2336 3532 2391 ”:

1977 2445 1996 2477 ι
2025 2424 2125 2491 Qui
2168 2426 2341 2495 parcit
2372 2424 2584 2491 baculo,
2612 2424 2726 2479 odit
2760 2425 2930 2480 ﬁlium
2962 2441 3137 2480 suum.
3167 2445 3187 2478 ι
3235 2425 3361 2481 Haec
3402 2441 3537 2481 con-

1971 2516 2214 2571 solantur
2260 2530 2385 2570 eum
2432 2514 2523 2584 qui
2558 2513 2777 2583 vapulat
2816 2523 2872 2571 et
2913 2517 3156 2585 punitur,
3206 2516 3407 2586 quippe
3446 2517 3536 2570 cui

1970 2623 2287 2677 persuasum
2318 2608 2389 2663 sit
2415 2622 2444 2662 a
2476 2606 2584 2661 Deo
2611 2621 2828 2661 omnem
2879 2607 3047 2662 ﬁlium
3077 2624 3235 2678 quem
3278 2609 3534 2680 suscipit,

1974 2698 2252 2767 ﬂagellari.

293 2787 447 2842 καλεῖ
472 2789 560 2843 τὸν
579 2792 909 2856 τυπτόμενον
933 2792 1027 2844 καὶ
1049 2792 1138 2845 τὸν
1162 2789 1538 2862 κολαζόμενον,
1571 2791 1951 2860 πεπεισμένον,
1980 2792 2062 2845 ὅτι
2090 2792 2343 2863 μαστιγοί
2373 2794 2401 2846 ὁ
2427 2791 2558 2858 Θεὸς
2586 2793 2763 2850 πάντα
2796 2792 2910 2847 υἱὸν
2936 2792 2994 2846 δν
3021 2793 3400 2865 παραδέχεται.

368 2883 481 2940 Τοῦ
524 2885 726 2941 αὑτοῦ.
771 2888 978 2958 Ὥσπερ
1037 2887 1229 2958 ῥάϐδος
1260 2888 1369 2960 (74)
1405 2884 1679 2950 παιδεύει,
1728 2886 1868 2941 οὕτω

2044 2888 2323 2958 Ejusdem.
2354 2890 2814 2956 Quemadmodum
2846 2891 2996 2962 virga
3026 2892 3224 2957 erudit,
3267 2892 3348 2946 sic
3394 2893 3537 2947 actio

293 2976 571 3048 πρακτικὴ
604 2976 963 3048 μετροπαθεῖν
988 2977 1319 3032 ἐκδιδάσκει·
1349 2978 1442 3032 καὶ
1464 2977 1653 3050 ὥσπερ
1678 2977 1872 3050 βακτη-

296 3069 387 3142 ρία
414 3069 701 3133 ἀναπαύει,
725 3069 866 3123 οὕτω
900 3070 992 3123 καὶ
1016 3070 1215 3138 γνῶσις
1257 3072 1558 3144 εὐφραίνει.
1590 3070 1871 3143 Βακτηρία

291 3156 354 3211 τε
389 3157 625 3231 ἓιχυρόν.
648 3158 902 3212 Βούλεται
927 3154 1017 3213 οῦν
1048 3163 1239 3228 εἰπεῖν,
1273 3162 1374 3228 ὃτι,
1411 3163 1477 3215 Ἡ
1501 3161 1747 3233 βασιλεία
1775 3178 1867 3214 σου

293 3253 329 3323 ἡ
357 3251 595 3322 κραταιὰ
631 3252 731 3324 τῆς
770 3250 1166 3325 παρακλήσεώς
1199 3271 1288 3326 μοι
1316 3255 1519 3326 ταύτης
1544 3254 1756 3322 ἐγένετο
1783 3272 1870 3326 χο-

294 3344 481 3417 ρηγός-

375 3437 725 3507 Ἠτοίμασας
756 3437 1014 3494 ἐνώπιόν
1049 3456 1166 3509 μου
1211 3436 1527 3507 τράπεζαν,
1584 3440 1654 3505 ἐξ
1694 3442 1870 3496 ἐναν-

291 3528 422 3595 τίας
452 3529 570 3584 τῶν
596 3531 919 3585 θλιϐόντων
934 3548 1030 3600 με,
1057 3548 1112 3585 κ.
1139 3549 1187 3585 τ.
1215 3532 1261 3585 ὲ.
1290 3532 1353 3584 Τί
1378 3530 1621 3602 βούλεται
1654 3532 1762 3604 (75)
1786 3533 1866 3597 τὸ,

299 3639 319 3672 ι
357 3620 417 3687 ἐξ
445 3622 690 3686 ἐναντίας
728 3623 835 3676 τῶν
863 3622 1150 3678 θλιϐόντων
1195 3640 1295 3695 με;
1344 3643 1362 3675 ι
1397 3625 1549 3695 Ἔχει
1580 3643 1631 3678 τι
1663 3625 1866 3696 μυστή-

294 3728 410 3783 ριον
443 3712 768 3785 ἀπόρρητον,
801 3714 886 3768 ἵνα
929 3731 1012 3778 τις
1044 3712 1268 3785 εὔχηται
1296 3712 1586 3768 θλίϐεσθαι.
1635 3716 1868 3770 Ἑπινόει

296 3815 387 3869 μοι
414 3796 602 3870 ὥσπερ
653 3801 746 3854 ἐπὶ
789 3800 897 3855 τῶν
946 3802 1168 3870 ἀγώνων
1222 3802 1328 3856 τῶν
1374 3805 1622 3874 μεγάλων
1676 3804 1869 3870 ἄθλους

292 3892 672 3962 ἐπικειμένους
721 3892 841 3947 καθ’
897 3893 1124 3948 ἕκαστον
1176 3894 1480 3965 ἀγώνισμα,
1537 3896 1708 3960 οὕτως
1744 3896 1866 3950 καθ’

294 3979 530 4057 ἑκάστην
556 3984 756 4056 θλίψιν,
780 3986 940 4058 ἡνίκα
965 3988 1031 4041 ἂν
1062 3988 1120 4041 τὸ
1142 3986 1320 4041 θλίϐον
1348 3978 1518 4060 παρῇ,
1553 3990 1647 4043 καὶ
1672 3990 1728 4045 αἱ
1757 3988 1868 4042 θλί-

295 4078 485 4132 ϐουσαι
516 4079 771 4149 δυνάμεις
802 4081 857 4133 αί
899 4080 1290 4151 ἀντικείμεναι,
1319 4081 1427 4134 νόει
1464 4080 1866 4153 ἡτοιμασμένην

292 4170 569 4243 τράπεζαν
605 4172 976 4245 πνευματικὴν
1019 4174 1112 4227 καὶ
1150 4174 1364 4245 νοητὴν,
1402 4174 1490 4228 διὰ
1523 4174 1724 4246 ταύτην
1766 4175 1866 4246 τὴν

1974 2982 2191 3037 modum
2240 2982 2292 3036 in
2328 2981 2612 3038 aﬂectibus
2657 2983 2947 3038 tenendum
2991 2984 3212 3048 edocet;
3243 2992 3298 3038 et
3337 2999 3528 3055 quem-

1973 3074 2259 3129 admodum
2293 3074 2513 3130 baculus
2547 3076 2636 3130 dat
2667 3077 2926 3146 quietem,
2966 3076 3048 3131 sic
3082 3085 3138 3130 et
3169 3076 3393 3132 scientia
3434 3078 3531 3133 Ιιο-

1970 3164 2166 3218 titiam.
2219 3164 2450 3220 Baculus
2475 3175 2559 3221 est
2607 3168 2736 3236 quid
2772 3167 2929 3221 forte.
2972 3165 3084 3222 Hoc
3128 3182 3258 3237 ergo
3301 3169 3414 3222 vult
3452 3169 3536 3224 di-

1970 3270 2132 3310 cere:
2168 3255 2408 3327 Regnum
2457 3267 2605 3312 tuum
2646 3258 2883 3313 validum
2931 3259 3071 3314 hanc
3114 3259 3531 3316 consolationem

1972 3347 2099 3400 mihi
2135 3349 2382 3414 prazbuit.

2047 3438 2206 3494 Vsus.
2235 3439 2289 3493 5.
2335 3441 2550 3495 Parasti
2596 3443 2654 3495 in
2698 3448 2973 3512 cohspeclu
3014 3459 3126 3497 meo
3155 3459 3387 3498 mensam
3428 3446 3529 3499 ad-

1969 3547 2145 3585 versus
2191 3548 2278 3586 eos
2324 3534 2411 3603 qui
2461 3533 2713 3588 tribulam
2763 3551 2875 3600 me,
2923 3546 3031 3590 etc.
3083 3535 3221 3602 Quid
3278 3536 3381 3591 sibi
3418 3538 3535 3593 vult

1970 3623 2133 3690 istud,
2172 3641 2191 3675 ι
2218 3624 2480 3680 adversus
2508 3640 2604 3681 eos
2644 3626 2733 3695 qui
2782 3625 3046 3680 tribulant
3089 3626 3216 3681 me?
3243 3645 3263 3679 ι
3315 3626 3531 3697 Aliquid
3559 3664 3567 3672 ρ

1969 3715 2213 3785 mysterii
2264 3716 2525 3779 continet,
2570 3724 2628 3770 ut
2676 3726 2927 3785 precetur
2957 3716 3080 3786 quis
3125 3718 3392 3773 tribulari.
3429 3719 3536 3775 Co-

1968 3807 2080 3877 gita
2118 3806 2247 3861 mihi
2292 3808 2746 3877 quemadmodum
2781 3809 2838 3863 in
2868 3809 3077 3879 magnis
3118 3811 3531 3880 certaminibus,

1968 3897 2187 3952 cuilibet
2210 3898 2471 3967 palaestrae
2493 3909 2640 3955 certa
2665 3901 2938 3969 proposita
2960 3911 3086 3955 sunt
3108 3904 3349 3972 praemia,
3376 3905 3455 3960 sic
3476 3906 3531 3961 in

1969 3989 2210 4058 qualibet
2234 3990 2598 4058 tribulatione,
2615 3993 2828 4062 quando
2858 3993 2909 4048 id
2929 3995 3071 4063 quod
3096 3995 3337 4062 tribulat,
3356 3999 3528 4063 adest,

1968 4090 2025 4135 et
2078 4081 2479 4138 tribulationem
2533 4083 2773 4138 inferunt
2823 4083 3147 4140 adversariae
3201 4096 3528 4158 potestates,

1969 4189 2211 4229 mensam
2241 4173 2574 4243 spiritualem
2604 4185 2660 4229 et
2689 4176 3103 4232 intellectualem
3132 4193 3253 4234 esse
3288 4190 3530 4249 paratam

294 4264 492 4337 θλίψιν.
532 4266 750 4330 Ὁσάκις
772 4266 901 4335 γοῦν
935 4266 1030 4320 ἐὰν
1058 4265 1235 4338 θλιϐῇ,
1262 4267 1586 4327 τοσαυτάκις
1615 4268 1707 4321 καὶ
1736 4268 1868 4340 τρά-

1971 4276 2193 4336 propter
2224 4268 2363 4321 hanc
2415 4266 2834 4323 tribulationem.
2878 4268 3313 4340 Quotiescunque
3366 4271 3533 4341 igitur
3605 4275 3609 4279 ’

294 4357 437 4424 πεζά
469 4376 549 4413 σοι
582 4358 938 4430 παρατίθεται
968 4359 1331 4431 πνευματική.
1355 4358 1528 4412 Μόνον
1552 4358 1641 4430 ἔχε
1673 4359 1870 4430 ὀφθαλ-

296 4453 431 4523 μοὺς
458 4453 583 4515 τοὺς
613 4451 908 4520 βλέποντας
949 4450 1228 4524 τραπέζας
1268 4468 1388 4522 μου,
1420 4451 1487 4504 ἶν’
1531 4452 1867 4524 εὐχαριστῶν

293 4543 471 4612 λέγοις
517 4542 655 4614 μετὰ
702 4543 797 4597 τοῦ
835 4544 1184 4598 ’Δποστόλουο
1225 4562 1244 4595 ι
1284 4544 1359 4598 Οὐ
1402 4543 1558 4615 μόνον
1602 4544 1681 4611 δὲ,
1732 4544 1867 4600 ἀλλὰ

295 4635 391 4689 καὶ
418 4632 754 4704 καυχώμενοι
778 4635 835 4688 ἐν
863 4638 982 4698 ταῖς
1014 4635 1271 4705 θλίψεσιν.
1305 4653 1324 4686 ι
1360 4635 1446 4689 Ἐν
1492 4635 1684 4708 ἀρχαῖς
1715 4635 1771 4689 δὲ
1808 4638 1866 4689 ὲ·-

296 4727 576 4798 φάσκομεν
595 4726 687 4779 τὸν
712 4727 777 4779 ὲκ
806 4728 1083 4798 προκοπῆς
1115 4727 1241 4782 ὄντα
1266 4723 1638 4797 κατασκηνοῦν
1668 4728 1747 4790 είς
1777 4728 1866 4780 τό-

295 4835 395 4873 πον
417 4817 599 4889 χλόης.
647 4817 796 4870 Ἐπεὶ
822 4813 916 4871 οῦν
956 4819 985 4870 ό
1013 4819 1333 4890 προκόπτων
1371 4817 1471 4872 κᾶν
1498 4818 1589 4871 ἐπὶ
1621 4818 1682 4871 τὸ
1713 4818 1862 4881 τέλος

295 4912 571 4982 φθάσειεν,
602 4909 784 4963 οὐκέτι
816 4909 1003 4980 μείνας
1030 4909 1319 4981 πρόϐατον,
1341 4909 1476 4963 ἀλλὰ
1499 4910 1711 4979 λογικὸς
1741 4913 1864 4965 dva-

292 5003 544 5076 δειχθεὶς,
587 5002 861 5075 τράπεζαν
909 4999 1139 5069 λογικῶν
1182 4999 1396 5071 τροφῶν
1427 5002 1862 5074 ηύτρεπισμένην

295 5096 406 5169 ἔχει
436 5096 541 5149 ὑπὸ
564 5095 788 5167 Κυρίου.
825 5092 914 5164 Τῷ
942 5091 1049 5163 γὰρ
1076 5092 1265 5164 Κυρίῳ
1292 5094 1609 5164 τυγχάνοντι
1635 5095 1668 5163 ἡ
1703 5092 1863 5162 σοφία

295 5188 574 5260 ἑτοιμάσει
600 5189 700 5260 τὴν
720 5186 920 5257 ἑαυτῆς
936 5183 1234 5257 τράπεζαν,
1252 5187 1336 5254 ἐφ’
1354 5181 1422 5259 ἧς
1436 5186 1504 5239 τὰ
1522 5184 1627 5238 ἴδια
1646 5184 1709 5237 θύ
1717 5199 1863 5254 ματα

295 5282 611 5355 παρέχεται.
653 5277 1003 5351 Εύχαριστῶν
1043 5273 1135 5332 οῦν
1162 5294 1321 5349 φησι-
1358 5296 1376 5329 ι
1413 5276 1742 5348 Ἡτοίμασας
1778 5276 1862 5329 ἐν-

366 5469 566 5528 "Psal.
587 5484 847 5535 Lxxxvm,
866 5467 928 5521 SI
958 5475 1013 5522 et
1038 5481 1154 5537 seq.

367 5608 499 5681 (74)
537 5609 759 5681 Ὥσπερ
789 5607 1047 5680 ῥάϐδος,
1095 5618 1201 5666 ctc.
1247 5608 1428 5667 Codex
1467 5607 1859 5677 Coisliuianus,

296 5678 505 5737 schedte
530 5678 734 5736 Grabii.

1231 5466 1273 5498 ³¹
1289 5465 1450 5522 Hebr.
1474 5481 1580 5533 xu,
1610 5465 1664 5522 6.
1738 5465 1782 5498 ³²
1817 5463 2154 5526 Psal.Lxxu,
2185 5459 2222 5514 2
2251 5468 2306 5513 et
2349 5472 2463 5527 seq.

1967 4358 2137 4414 fueris
2181 4360 2490 4423 tribulatus,
2523 4359 2681 4414 toties
2729 4360 2825 4416 tibi
2873 4376 3071 4419 mensa.
3106 4363 3370 4430 spiritalis
3402 4379 3530 4433 pro-

1965 4450 2205 4522 ponitur.
2238 4450 2346 4507 Fac
2387 4450 2572 4506 oculos
2602 4451 2804 4508 habeas
2836 4452 3008 4507 solum
3040 4454 3105 4509 ad
3136 4469 3285 4509 meas
3314 4470 3531 4511 mensas

1968 4552 2224 4608 attentos,
2264 4551 2322 4596 ut
2360 4543 2560 4614 gratias
2609 4557 2774 4614 agens
2819 4546 2969 4600 dicas
3009 4560 3129 4599 cum
3162 4546 3486 4617 Apostolo“
3510 4566 3528 4603 :

1978 4655 1998 4688 ι
2028 4635 2143 4690 Non
2172 4635 2343 4692 solum
2371 4645 2575 4699 autem,
2606 4637 2699 4692 sed
2734 4645 2789 4692 et
2815 4637 3112 4707 gloriamur
3140 4638 3194 4693 in
3224 4638 3532 4695 tribulatio-

1969 4728 2186 4784 nibus.»
2219 4728 2380 4784 luitio
2408 4729 2718 4785 dicebamus
2746 4743 2867 4783 etim
2898 4731 2988 4799 qui
3022 4731 3254 4801 proﬁcit,
3281 4732 3526 4788 habitare

1969 4820 2024 4874 in
2055 4820 2172 4876 loco
2199 4836 2432 4890 pascuae.
2481 4820 2585 4876 Sed
2614 4836 2734 4876 cum
2772 4822 2817 4877 is
2856 4822 2946 4891 qui
2987 4823 3223 4890 proﬁcit,
3263 4824 3330 4878 ad
3366 4822 3525 4879 tinem

1967 4911 2306 4978 pervenerit,
2357 4919 2482 4965 tunc
2531 4925 2653 4965 cum
2695 4925 2800 4964 non
2848 4910 3077 4980 amplius
3126 4919 3344 4967 maneat
3388 4914 3528 4978 ovis,

1968 5000 2061 5058 sed
2095 5008 2242 5055 totus
2289 5000 2572 5056 rationalis
2606 5000 2912 5081 declaratus
2943 5000 3033 5069 sit,
3079 5016 3319 5057 mensam
3366 5003 3532 5057 ratio-

1968 5090 2236 5147 nabilihus
2280 5092 2413 5147 cibis
2456 5107 2486 5144 a
2532 5092 2642 5147 Deo
2700 5093 3021 5146 instructam
3076 5092 3255 5149 habet.
3301 5092 3530 5149 Domino

1967 5184 2110 5237 enim
2151 5183 2411 5253 sapientia
2456 5182 2783 5253 praeparabit
2825 5196 3068 5236 mensam
3118 5197 3271 5237 suam
3316 5183 3370 5235 in
3418 5197 3524 5250 qua

1967 5275 2215 5330 victimas
2258 5289 2384 5331 suas
2415 5275 2695 5346 proponit.
2719 5273 3078 5341 Quamobrem
3118 5275 3322 5345 gratias
3361 5288 3527 5345 agens

2541 5457 2586 5490 ³³
2622 5456 2784 5512 Prov.
2808 5471 2927 5520 xm,
2953 5455 3043 5509 24.
3117 5453 3165 5485 ³⁸
3204 5451 3359 5509 Rom.
3388 5469 3443 5518 v,
3472 5454 3526 5509 5.

2041 5603 2152 5679 (75)
2182 5604 2243 5679 7:!
2272 5603 2581 5679 ﬂammat,
2622 5609 2728 5656 etc.
2758 5597 2937 5655 Codex
2971 5596 3340 5654 Baroccnanus
3359 5636 3375 5663 ,
3401 5612 3532 5668 par-

1968 5674 2171 5746 tini'qu'e
2194 5674 2504 5730 Corderius.
