4020 6152
523 235 660 290 1365

1897 222 1988 278 EX
2020 220 2323 278 ORIGENE

3613 227 3726 283 lib!

523 350 639 404 ait:
677 367 695 402 ι
729 348 942 406 Parasti
994 349 1047 404 in
1099 357 1391 419 conspectu
1443 361 1560 402 meo
1623 361 1893 409 mensam,
1923 366 1939 396 ι
1991 359 2096 397 non

2202 341 2370 395 ὡπιόν
2394 359 2494 411 μου
2519 339 2815 414 τράπεζαν,
2841 360 2860 394 ›
2881 341 3065 396 οὐκέτι
3086 341 3448 413 εἰσαγωγικὴν
3468 341 3552 395 καὶ
3569 343 3729 415 ἠθικὴν

520 457 730 498 morum
750 441 1142 502 formatricem,
1165 449 1354 508 etquae
1382 447 1527 493 recte
1551 438 1760 493 vivendi
1788 438 2094 491 rudimenta

520 533 764 588 traderet
785 531 1147 602 disciplinam,
1179 540 1238 582 nt
1269 529 1436 598 prius,
1469 528 1564 582 sed
1595 528 1875 600 mysticam
1921 538 1976 582 et
2008 541 2097 580 ve-

519 625 696 680 ritatis
744 623 1284 693 contemplationem.
1330 622 1624 678 Considera
1674 638 1806 677 num
1858 623 2097 691 quandiu

520 713 715 784 aliquis
747 723 832 770 est
861 714 912 768 in
945 713 1049 769 hac
1078 715 1210 778 vita,
1246 722 1301 768 et
1330 727 1430 783 per
1456 715 1733 782 speculum
1769 730 1832 770 ac
1869 717 2096 786 aenigma

516 805 680 879 625
710 807 874 872 videt,
907 806 1028 861 ovis
1061 807 1130 861 sit
1164 821 1282 876 quae
1309 807 1410 860 sub
1441 817 1661 877 pastore
1691 819 1942 878 regatur;
1972 825 2096 864 cum

518 912 653 952 vero
683 896 750 950 ad
784 895 1042 951 saeculum
1079 893 1321 948 futurum
1377 895 1676 958 transierit,
1709 904 1763 949 et
1805 895 2000 950 faciem
2033 895 2097 948 ad

519 986 711 1044 faciem
753 987 1004 1043 veritatis
1040 987 1364 1053 admoverit,
1404 989 1470 1041 ad
1519 988 1817 1056 spiritalem
1856 1002 2098 1042 mensam

527 1094 855 1137 accessurus
883 1079 980 1142 sit,
999 1078 1153 1146 juxta
1180 1079 1310 1134 illud
1336 1079 1382 1111 '°
1405 1097 1418 1132 :
1445 1099 1463 1130 ι
1486 1079 1550 1133 Et
1567 1094 1668 1149 ego
1691 1080 1973 1150 disponam
2004 1093 2100 1133 vo-

519 1175 604 1231 bis
620 1173 1052 1237 Testamentum,
1083 1181 1142 1226 ut
1163 1171 1339 1227 edatis
1359 1182 1413 1228 et
1443 1171 1642 1227 bibatis
1668 1187 1831 1242 super
1858 1187 2098 1228 mensam

522 1266 703 1323 Patris
737 1265 790 1320 in
839 1266 1088 1320 veritate.
1123 1283 1142 1318 ι
1175 1263 1329 1320 Unde
1367 1272 1422 1320 et
1453 1263 1656 1320 istud“
1683 1281 1696 1316 :
1722 1283 1742 1316 ί
1771 1263 2101 1334 Prmparavit

519 1359 664 1415 Deus
697 1374 818 1429 quae
867 1359 1059 1416 oculus
1101 1376 1209 1414 non
1261 1359 1414 1419 vidit.
1445 1378 1464 1412 ι
1520 1368 1628 1415 etc.
1673 1357 1804 1412 Illud
1840 1375 1971 1414 vero
2004 1360 2100 1414 «in

519 1463 811 1521 conspectu
844 1468 989 1517 meo,
1017 1473 1033 1504 ι
1065 1452 1335 1524 significat
1362 1461 1607 1521 apertam
1639 1451 1770 1504 mihi
1802 1465 1921 1506 esse
1946 1466 2100 1506 men-

520 1559 636 1598 sam
669 1545 942 1613 eregione
978 1542 1353 1598 tribulantium
1390 1557 1475 1596 me
1505 1541 1823 1604 multorum,
1857 1542 1949 1613 qui
1985 1558 2100 1598 me-

519 1651 641 1690 cum
689 1634 1006 1690 inimicitias
1056 1649 1319 1690 exercere
1360 1633 1566 1688 volunt.
1618 1634 1684 1688 Et
1728 1649 1849 1688 cum
1880 1646 2101 1706 propter

518 1739 616 1780 eos
645 1723 739 1794 qui
769 1723 1033 1778 tribulant
1063 1739 1170 1789 me,
1206 1723 1466 1779 Dominus
1497 1724 1625 1777 velit
1661 1739 1746 1778 me
1795 1700 2094 1780 valide-ad-
2130 1700 2172 1755 Β

520 1831 716 1871 versus
749 1815 897 1886 ipsos
944 1815 1246 1886 insurgere,
1287 1816 1500 1886 paravit
1545 1817 1596 1870 in
1643 1828 1937 1886 conspectu
1977 1832 2096 1873 meo

522 1921 792 1973 mensam,
827 1908 880 1962 in
914 1922 1018 1976 qua
1047 1907 1254 1963 solidus
1291 1908 1574 1977 appositus
1603 1915 1687 1962 est
1711 1906 1886 1972 cibus,
1911 1909 2094 1966 uthac

523 1995 782 2052 athletice
833 2007 1136 2060 saturatus,
1165 2012 1430 2067 generose
1465 1997 1673 2052 valeam
1709 1999 1966 2055 resistere
1994 2001 2093 2055 ad-

520 2102 712 2144 versus
753 2103 847 2144 eos
880 2089 971 2158 qui
1026 2089 1288 2143 tribulant
1324 2103 1429 2142 me.
1487 2088 1659 2159 Cujus
1707 2102 1886 2146 autem
1935 2101 2096 2160 caput

520 2179 644 2232 oleo
697 2194 726 2231 a
775 2177 1010 2233 Domino
1063 2179 1454 2250 impinguatur,
1502 2179 1568 2244 is,
1634 2181 2094 2250 quemadmodum

517 2269 777 2325 Christus
809 2280 1003 2326 unctus
1033 2285 1063 2324 a
1099 2271 1210 2326 Deo
1253 2270 1376 2326 oleo
1427 2270 1824 2337 exsultationis,
1851 2273 2092 2329 dicet":

527 2355 770 2414 «Oleum
821 2370 1005 2414 autem
1059 2359 1366 2428 peccatoris
1419 2375 1524 2413 non
1586 2360 1886 2431 impinguet
1935 2374 2099 2433 caput

519 2461 724 2506 meum.
751 2469 769 2502 ι
805 2448 1068 2505 Existimo
1096 2454 1258 2505 etiam
1283 2467 1408 2507 eum
1443 2454 1533 2524 qui
1564 2452 1795 2524 jejunat,
1828 2455 1910 2512 sic
1936 2465 2098 2525 caput

519 2556 723 2611 ungere
776 2554 833 2598 et
867 2542 1063 2598 faciem
1109 2543 1314 2600 lavare.
1365 2545 1434 2600 Et
1473 2548 1732 2616 quoniam
1779 2565 1887 2604 non
1915 2549 2094 2604 solum

519 2649 766 2690 mensam
796 2635 1011 2704 paravit
1053 2637 1344 2705 sapientia,
1377 2653 1564 2694 verum
1597 2641 1761 2694 ctiam
1804 2641 1858 2695 in
1886 2651 2098 2696 cratere

521 2727 746 2782 miscuit
791 2728 972 2783 vinum
1013 2743 1080 2784 ex
1126 2729 1242 2799 ipsa
1288 2745 1414 2786 vera
1465 2731 1576 2786 vite
1613 2746 1958 2802 expressum,
1991 2733 2096 2788 hoc

523 2831 658 2873 vero
699 2818 884 2873 vinum
933 2819 1176 2885 miscuit,
1223 2837 1344 2876 cum
1388 2822 1642 2879 humanis
1691 2825 1874 2880 verbis
1906 2840 2097 2881 sensus

522 2911 736 2965 divinos
765 2911 1075 2980 admiscuit,
1103 2928 1172 2968 ex
1195 2914 1461 2985 ejusmodi
1487 2926 1700 2973 cratere
1737 2919 1967 2989 singulis
1986 2919 2098 2975 dis-

519 3002 765 3058 tribuens
808 3003 1036 3060 calicem
1079 3008 1303 3075 prasbet,
1335 3008 1427 3078 qui
1473 3009 1639 3072 calix,
1693 3025 1816 3065 cum
1873 3012 2096 3082 praecla-

521 3108 641 3160 rus,
685 3093 788 3150 hoc
829 3105 912 3150 est
957 3096 1231 3167 pretiosus
1275 3107 1332 3153 et
1380 3101 1619 3163 eximius
1649 3101 1742 3168 sit,
1773 3104 2095 3174 accipientis

535 3197 657 3240 esse
683 3184 906 3242 dicitur.

595 3294 873 3365 Ejusdem.
935 3296 1178 3353 Primum
1226 3301 1446 3371 quidem
1494 3312 1556 3358 ut
1610 3313 1800 3373 pastor
1849 3306 2099 3364 Christus

521 3389 706 3460 pascit
735 3403 888 3454 oves,
921 3405 1068 3446 nunc
1099 3405 1228 3445 vero
1266 3403 1327 3447 ut
1352 3393 1560 3450 amicus
1604 3406 1766 3450 vocat
1792 3387 1997 3455 amicos
2031 3401 2098 3456 ad

523 3495 791 3537 mensam.
820 3498 840 3533 ι
889 3479 1004 3537 Non
1045 3483 1279 3552 amplius
1303 3502 1326 3538 ι
1357 3485 1526 3553 enim,
1559 3487 1820 3556 inquit“,
1857 3509 1875 3542 ι
1895 3505 1991 3546 vos
2016 3492 2100 3545 di-

522 3589 591 3630 co
617 3587 824 3642 servos,
858 3575 952 3630 sed
981 3575 1206 3632 amicos.
1229 3597 1248 3630 ι
1283 3577 1364 3633 Ac
1398 3592 1585 3635 servos
1615 3581 1834 3650 quidem
1866 3580 1997 3637 facit
2027 3584 2095 3637 ti-

521 3680 643 3720 mor
670 3665 782 3729 Dei,
811 3667 1017 3722 amicos
1040 3677 1218 3723 autem
1249 3670 1489 3740 cognitio
1525 3675 1912 3744 mysteriorum
1948 3675 2090 3745 ejus.

523 3755 764 3812 Mensam
798 3758 902 3814 hoc
945 3757 1064 3814 loco
1110 3760 1579 3818 immortalitatem
1613 3775 1794 3820 vocat.
1825 3765 1971 3822 Istud
2000 3785 2097 3821 au-

523 3854 673 3901 tem:
704 3847 1016 3903 «Adversus
1050 3863 1146 3906 eos
1197 3852 1290 3921 qui
1329 3853 1592 3908 tribulant
1637 3870 1742 3922 me,
1769 3875 1788 3909 ›
1835 3858 1975 3913 idem
2014 3869 2097 3916 est

525 3955 610 4005 ac,
658 3940 840 3996 invitis
885 3942 954 3997 iis
1001 3943 1092 4012 qui
1132 3945 1265 3999 mihi
1323 3945 1671 4003 insidiantur.
1725 3949 1910 4020 Neque
1951 3951 2094 4006 enim

522 4033 780 4089 volebant
819 4033 956 4091 forte
988 4035 1272 4108 Babylonii
1311 4053 1406 4094 eos
1435 4054 1463 4092 a
1490 4042 1812 4110 captivitate
1853 4043 2092 4108 liberari,

523 4127 620 4180 sed
654 4127 828 4198 Cyrus
855 4128 1028 4182 victor
1058 4143 1154 4184 eos
1184 4130 1236 4184 in
1264 4129 1576 4186 libertatem
1606 4135 1864 4190 asseruit.

600 4330 760 4386 VERS.
787 4333 841 4387 6.
878 4331 944 4385 Et
972 4333 1336 4388 misericordia
1367 4343 1460 4388 tua
1504 4336 1846 4407 subsequatur
1873 4357 1955 4395 me
1985 4359 2094 4395 om-

524 4424 675 4478 nibus
701 4424 882 4478 diebus
911 4425 1030 4478 vita:
1068 4439 1216 4491 mew,
1250 4435 1356 4479 etc.
1382 4426 1641 4492 Quaenam
1671 4439 1754 4484 est
1783 4431 2095 4488 miscricor-
2127 4403 2171 4458 D

524 4515 612 4570 dia
663 4529 782 4584 qua:
830 4516 1202 4582 subsequitur,
1244 4516 1348 4570 nisi
1382 4517 1472 4571 illa
1525 4519 1592 4574 de
1642 4537 1744 4590 qua
1804 4524 2093 4593 Apostolus

521 4606 602 4659 ait
622 4605 667 4638 "
694 4623 708 4659 :
739 4625 758 4658 ‹
789 4605 989 4662 Factus
1020 4616 1102 4661 est
1148 4606 1306 4662 nobis
1334 4609 1597 4678 sapientia
1630 4630 1658 4666 a
1693 4615 1816 4677 Deo,
1851 4625 1903 4670 et
1927 4615 2091 4683 justi-

522 4695 622 4757 tia,
667 4705 722 4749 et
769 4697 1156 4763 sanctificatio,
1199 4706 1253 4751 et
1291 4700 1672 4769 redemptio?»
1720 4703 2091 4761 Misericordia

520 4799 642 4855 qua:
661 4794 710 4838 te
724 4787 1088 4855 subsequitur,
1109 4788 1348 4842 animata
1366 4791 1634 4859 sequitur,
1654 4803 1707 4849 et
1722 4796 1857 4851 alios
1873 4799 2090 4867 quidem

520 4877 899 4947 apprehendit,
920 4877 1054 4934 alios
1073 4894 1202 4935 vero
1229 4896 1358 4936 non.
1388 4882 1554 4936 Valde
1574 4883 1840 4955 fugientes
1866 4891 2093 4947 minime

519 4970 906 5040 apprehendit,
947 4971 1130 5028 minus
1161 4982 1342 5028 autem
1386 4973 1657 5045 fugientes
1691 4981 1838 5049 capit
1893 4993 1953 5036 ut
1987 4986 2093 5037 mi-

521 5076 786 5118 sereatur.
819 5061 934 5118 Non
967 5063 1140 5119 solum
1171 5077 1348 5121 autem
1384 5069 1762 5147 misericordia
1800 5076 2090 5148 subsequi-

520 5162 632 5216 tur,
663 5169 848 5207 verum
877 5154 1042 5208 etiam
1074 5155 1176 5209 hoc
1201 5156 1355 5221 facit,
1391 5177 1410 5208 ε
1432 5169 1488 5212 ut
1521 5158 1819 5217 inhabilem
1841 5167 1893 5220 in
1930 5170 2092 5224 domo

521 5246 738 5302 Domini
766 5245 1231 5317 inlongitudiuem
1272 5253 1504 5308 dierum.
1533 5273 1552 5307 ι
1598 5255 1901 5326 Longitudo
1943 5263 2087 5319 enim

595 5387 641 5420 ³⁸
667 5386 798 5443 Luc.
841 5404 976 5456 uti,
999 5388 1089 5444 29.
1205 5392 1248 5425 ³⁸
1277 5393 1290 5448 Ι
1320 5393 1446 5451 Cor.
1473 5412 1512 5461 ι,
1549 5396 1603 5451 9.
1708 5396 1752 5428 ³⁷
1785 5395 1926 5453 Psal.
1958 5415 2082 5467 cu,
2107 5403 2140 5458 5

2198 433 2543 488 διδασκαλίαν
2580 434 2722 488 καθὰ
2762 435 3042 506 πρότερον,
3076 434 3208 488 ἀλλὰ
3241 437 3504 506 μυστικὴν
3535 437 3618 489 καὶ
3651 438 3730 508 τὴν

2199 527 2300 598 τῆς
2331 527 2585 598 ἀληθείας
2611 528 2860 600 θεωρίαν.
2888 528 3207 598 Ἐπίστησον
3234 527 3312 591 δὲ,
3345 529 3392 579 εἰ
3425 528 3511 580 καὶ
3537 528 3643 583 ὅσον
3665 531 3729 594 τίς

2200 620 2346 673 ἐστιν
2368 623 2425 674 ἐν
2444 619 2520 690 τῷ
2544 619 2641 690 βίῳ
2663 622 2854 691 τούτῳ,
2880 619 2945 672 δι’
2963 621 3222 691 ἐσόπτρου
3249 621 3345 673 καὶ
3365 621 3429 673 δι’
3461 622 3730 692 αἰνίγματος

2203 712 2433 783 βλέπων,
2462 713 2730 785 πρόϐατόν
2764 715 2910 766 ἐστιν
2943 711 3047 764 ὑπὸ
3079 711 3294 782 ποιμένι
3343 711 3621 782 ἀγόμενον·

2201 804 2370 870 ταϐὰς
2419 806 2475 859 δέ
2516 806 2608 858 ἐπὶ
2639 805 2730 858 τὸν
2769 804 3028 876 μέλλοντα
3062 803 3265 867 αἰῶνα,
3303 805 3582 878 πρόσωπον
3626 807 3732 877 πρὸς

2202 897 2494 970 πρόσωπον
2564 895 2886 969 προσϐαλὼν
2951 899 3015 966 τῇ
3093 895 3356 968 ἀληθείᾳ,
3433 901 3730 969 πνευματικῇ

2203 990 2500 1062 προσϐαλεί
2536 989 2804 1062 τραπέζῃ,
2831 989 2972 1043 κατὰ
2998 987 3058 1041 τό
3083 1005 3096 1017 ·
3141 1007 3157 1039 ι
3187 989 3358 1057 Κάγὼ
3387 987 3608 1059 θήσομαι
3634 991 3731 1060 ὑμῖν
3813 1023 3816 1025 λ

2203 1081 2499 1154 Διαθήκην,
2532 1081 2730 1135 ἐσθίειν
2763 1081 2857 1134 καὶ
2890 1079 3062 1133 πίνειν
3109 1079 3203 1132 ἐπὶ
3231 1079 3334 1148 τῆς
3365 1077 3629 1151 τραπέζης
3661 1079 3732 1132 τοῦ

2203 1175 2416 1245 Πατρὸς
2441 1177 2498 1228 ἐν
2525 1176 2592 1243 τῇ
2625 1173 2866 1244 ἀληθείᾳ.
2898 1192 2915 1223 ι
2955 1170 3114 1225 Ὅθεν
3149 1171 3242 1226 καὶ
3277 1171 3358 1224 τό·
3397 1191 3413 1222 ι
3459 1171 3732 1240 Ἠτοίμασεν

2203 1269 2231 1321 ὁ
2262 1267 2394 1329 Θεὸς
2425 1265 2462 1320 ἃ.
2503 1265 2778 1336 ὀφθαλμὸς
2806 1266 2906 1317 οὐκ
2937 1257 3065 1328 εἶδε,
3091 1283 3108 1313 ›
3159 1265 3254 1316 καὶ
3301 1263 3372 1316 τὰ
3416 1262 3555 1333 ἑξῆς.
3587 1262 3648 1314 Τὸ
3672 1261 3730 1321 δὲ.

2211 1360 2483 1413 «ἐνώπιόν
2519 1376 2642 1430 μου,
2671 1378 2689 1410 ι
2725 1357 2876 1429 δηλοῖ
2906 1355 3328 1428 πεφανερῶσθαι
3368 1357 3463 1408 καὶ
3507 1352 3732 1423 ἐγνῶσθαί

2207 1471 2308 1524 μου
2341 1453 2441 1522 τὴν
2492 1449 2770 1522 τράπεζαν
2815 1447 2874 1515 ἐξ
2921 1451 3167 1513 ἐναντίας
3216 1449 3326 1502 τῶν
3381 1447 3648 1501 Θλιϐόντων
3684 1464 3733 1517 με

2205 1543 2413 1597 πολλῶν
2455 1543 2759 1615 ἐχθραίνειν
2816 1561 2903 1614 μοι
2961 1543 3320 1616 βουλομένων.
3371 1544 3479 1597 Καὶ
3532 1543 3610 1596 διὰ
3653 1543 3734 1596 τῶν

2206 1635 2495 1689 θλιϐόντων
2533 1654 2599 1706 με
2632 1635 3010 1702 ἐξανίστασθαί
3043 1653 3110 1707 με
3157 1635 3394 1708 ἰσχυρῶς
3421 1635 3549 1706 πρὸς
3579 1635 3734 1697 αὐτοὺς

2199 1730 2228 1782 ό
2262 1727 2466 1798 Κύριος
2501 1728 2688 1792 θέλων,
2717 1729 3013 1799 ἡτοίμασεν
3061 1727 3294 1781 ἐνώπιόν
3348 1745 3447 1798 μου
3479 1727 3732 1797 τράπεζαν,

2198 1819 2254 1870 ἐν
2353 1817 2624 1870 ἐπίκειται
2660 1817 2856 1888 στερεὰ
2887 1817 3082 1888 τροφῆς
3111 1816 3215 1878 ἵνα,
3242 1815 3446 1885 ταύτης
3475 1812 3734 1883 ἀθλητικῶς

2197 1909 2561 1981 ἐμφορηθεὶς,
2615 1910 2930 1980 ἀντιστῆναι
2986 1909 3252 1977 γενναίως
3307 1906 3443 1978 πρὸς
3491 1907 3604 1967 τοὺς
3644 1904 3732 1956 θλί-

2198 2001 2390 2066 ϐοντας
2443 2002 2676 2072 δυνηθῶ.
2709 1996 2784 2056 Οῦ
2833 2003 2889 2055 δὲ
2945 2002 3050 2055 ἀπὸ
3098 2001 3301 2073 Κυρίου
3365 1999 3646 2053 λιπαίνεται
3686 1998 3729 2049 ἐν

2197 2094 2357 2165 ἐλαίῳ
2401 2095 2433 2166 ἡ
2469 2095 2700 2166 κεφαλὴ,
2746 2097 2891 2167 ἐρεῖ·
2927 2116 2945 2144 r
2980 2094 3195 2148 Ἔλαιον
3228 2094 3290 2146 δέ
3337 2091 3639 2164 ἁμαρτωλοῦ
3672 2090 3732 2160 μὴ

2197 2186 2473 2240 λιπανὰτω
2500 2187 2599 2257 τὴν
2629 2187 2869 2259 κεφαλήν
2896 2204 3020 2258 μου,
3049 2206 3066 2238 ι
3097 2187 3171 2249 ὼς
3193 2184 3305 2239 ἀπὸ
3330 2183 3462 2238 Θεοῦ
3494 2182 3729 2254 χριόμενος

2198 2278 2364 2349 ἐλαίῳ
2397 2278 2769 2346 ἀγαλλιάσεως
2810 2278 3064 2350 Χριστός.
3097 2273 3266 2348 Οἶμαι
3302 2277 3378 2340 δέ,
3415 2277 3492 2328 ὅτι
3536 2274 3617 2327 καὶ
3652 2290 3727 2342 νη-

2199 2370 2422 2434 στεύων,
2450 2370 2621 2434 οῦτως
2653 2371 2929 2439 ἀλείφεται
2963 2370 3059 2440 τὴν
3089 2370 3357 2441 κεφαλὴν,
3394 2367 3484 2422 καὶ
3511 2366 3566 2419 τὸ
3595 2364 3727 2433 πρόσ-

2195 2480 2344 2516 ωπον
2367 2463 2632 2518 νίπτεται.
2669 2464 2778 2518 Καὶ
2816 2464 2939 2516 ἐπεὶ
2981 2464 3054 2536 μὴ
3104 2463 3265 2534 μόνον
3297 2461 3564 2535 τράπεζαν
3602 2458 3721 2530 ἡτοί-

2199 2572 2366 2625 μασεν
2400 2557 2434 2626 ἡ
2469 2556 2648 2625 σοφία,
2679 2556 2814 2610 ἀλλὰ
2847 2557 2938 2610 καὶ
2968 2557 3170 2629 κράτος
3197 2557 3431 2628 ἐκέρασε
3455 2554 3540 2607 τὸν
3566 2553 3723 2620 ἑαυτῆς

2195 2643 2356 2710 οἶνον,
2400 2646 2459 2712 ἐξ
2501 2649 2670 2718 αὐτῆς
2724 2649 3120 2720 γεγεννημένον
3178 2648 3427 2718 ἀμπέλου
3478 2643 3720 2716 ἀληθινῆς,

2196 2737 2427 2810 ἐκέρασε
2469 2737 2524 2791 δὲ
2563 2739 2749 2792 τοῦτον
2794 2740 2886 2793 τὸν
2929 2734 3093 2803 οἶνον,
3146 2738 3494 2809 καταμίξασα
3535 2737 3593 2790 τὰ
3630 2734 3721 2786 θεῖα

2195 2830 2443 2901 νοήματα
2487 2828 2697 2896 λέξεσιν
2726 2830 3114 2902 ἀνθρωπίναις,
3144 2832 3210 2884 ἐκ
3240 2831 3335 2884 τοῦ
3367 2830 3588 2884 τοιούτου
3615 2844 3721 2897 κρα-

2194 2922 2358 2994 τῆρος
2394 2923 2691 2994 μερίζουσα
2720 2923 2933 2993 ἑκάστῳ
2972 2923 3154 2977 δίδωσι
3193 2927 3471 2996 ποτήριον,
3500 2925 3618 2991 ὅπερ
3648 2935 3718 2971 πο·

2196 3015 2383 3085 τήριον
2417 3016 2703 3088 κράτιστον
2741 3015 2821 3079 ὃν,
2853 3018 3098 3070 τουτέστι
3129 3016 3312 3088 τίμιον
3343 3018 3436 3072 καὶ
3474 3013 3716 3085 ἐξαίρετον,

2197 3105 2290 3161 τοῦ
2315 3107 2569 3186 λαϐόντος
2596 3108 2831 3178 λέγεται.

2276 3315 2383 3370 Τοῦ
2421 3316 2630 3372 αὐτοῦ.
2667 3317 2938 3388 Πρότερον
2979 3317 3076 3387 μέν
3100 3315 3210 3387 (76)
3245 3315 3323 3380 ὡς
3354 3314 3542 3386 ποιμὴν
3569 3312 3719 3382 ὁΧρι-

2201 3411 2324 3474 στὸς
2367 3410 2644 3482 ποιμαίνει
2675 3411 2744 3464 τὰ
2776 3411 3054 3482 πρόϐατα·
3083 3409 3181 3464 νῦν
3207 3411 3267 3464 δέ
3300 3409 3476 3465 λοιπὸν
3511 3407 3577 3470 ὡς
3599 3404 3715 3475 φίλος

2199 3501 2353 3555 καλεί
2388 3503 2514 3565 τοὺς
2538 3501 2724 3572 φίλους
2761 3502 2856 3554 ἐπὶ
2905 3503 3005 3573 τὴν
3037 3501 3338 3573 τράπεζαν.
3362 3501 3592 3555 «Οὐκέτι»
3615 3494 3714 3564 γὰρ,

2201 3595 2384 3662 φησὶνν
2413 3595 2585 3665 (ὑμᾶς
2605 3593 2752 3648 καλῶ
2783 3593 3022 3658 δούλους,
3056 3594 3191 3648 ἀλλὰ
3222 3595 3430 3664 φίλους.
3451 3611 3470 3646 ι
3502 3590 3596 3644 Καὶ
3619 3586 3711 3641 δού-

2200 3686 2324 3750 λους
2360 3687 2457 3757 μὲν
2488 3689 2633 3739 ποιεῖ
2669 3687 2831 3753 φόϐος
2869 3686 3034 3739 Θεοῦ·
3084 3687 3274 3756 φίλους
3315 3687 3371 3740 δὲ
3414 3683 3594 3754 γνῶσις
3633 3697 3710 3750 μυ·

2202 3780 2437 3850 στηρίων
2486 3779 2644 3832 Θεοῦ.
2703 3779 2989 3848 Τρόιπεςαν
3033 3778 3266 3833 ἐνταῦθα
3327 3780 3425 3852 τὴν
3473 3774 3712 3830 ἀθανασίαν

2199 3871 2366 3939 λέγει.
2397 3871 2470 3923 Τὸ
2499 3871 2576 3936 δέ,
2605 3890 2622 3922 r
2652 3871 2711 3938 ἐξ
2745 3870 2992 3934 ἐναντίας
3015 3870 3123 3924 τῶν
3151 3871 3439 3925 θλιϐόντων
3473 3885 3550 3940 με,
3571 3886 3587 3918 ι
3618 3863 3708 3923 ἀντὶ

2199 3963 2314 4028 τοῦ,
2373 3962 2613 4016 ἀκόντων
2653 3962 2762 4016 τῶν
2811 3961 3287 4018 ἐπιϐουλευόντων.
3335 3964 3404 4016 Οὐ
3454 3961 3550 4029 γὰρ
3593 3953 3712 4010 ἐϐού-

2198 4055 2350 4107 λοντο
2382 4053 2542 4123 τυχὸν
2575 4055 2624 4105 οἱ
2659 4053 2985 4109 Βαϐυλώνιοι
3017 4055 3352 4126 ἀπολυθῆναι
3387 4051 3564 4114 αὐτούς
3584 4066 3596 4080 ·
3622 4044 3709 4098 ὁδὲ

2201 4145 2400 4216 Κῦρος,
2444 4145 2901 4218 ἐπικρατέστερος
2952 4149 3264 4219 γενόμενος,
3317 4147 3515 4218 ἀφῆκεν
3557 4138 3706 4196 αὐτοὺς

2197 4236 2297 4307 τῆς
2331 4236 2726 4308 αἰχμαλωσίας.

2269 4349 2376 4401 Καὶ
2408 4349 2474 4402 τὸ
2506 4349 2680 4413 ἔλεός
2707 4362 2824 4402 σου
2863 4349 3289 4414 καταδιὼξεταί
3317 4367 3393 4418 με
3426 4346 3602 4407 πάσας
3628 4337 3704 4400 τὰς

2198 4440 2423 4510 ἡμέρας
2472 4440 2582 4509 τῆς
2633 4439 2783 4509 ζὶοῆς
2815 4459 2955 4510 μου,
3004 4459 3056 4504 κ.
3087 4459 3134 4495 τ.
3171 4445 3218 4495 ἐ.
3252 4442 3346 4506 Τίς
3395 4443 3527 4493 ἐστιν
3575 4428 3702 4503 (77H

2198 4531 2548 4585 καταδιώκων
2598 4531 2766 4595 ἔλεος,
2813 4531 2848 4602 ἢ
2884 4532 3011 4602 περὶ
3054 4524 3114 4584 οῦ
3163 4549 3326 4602 φησιν
3358 4534 3384 4584 ὁ
3419 4522 3698 4582 Ἀπόστολος⁶

2204 4640 2222 4672 t
2263 4623 2524 4693 Ἐγενήθη
2559 4623 2689 4692 ἡμῖν
2725 4622 2884 4690 σοφία
2916 4621 3024 4675 ἀπὸ
3057 4623 3215 4686 Θεοῦ,
3249 4620 3541 4687 δικαιοσύνη
3566 4632 3611 4668 τε
3635 4608 3700 4664 καὶ

2198 4713 2496 4784 ἁγιασμὸς,
2532 4713 2626 4766 καὶ
2678 4712 3084 4784 ἁπολύτρωσιςς
3113 4735 3131 4766 ι
3181 4716 3240 4768 '0
3284 4703 3699 4771 καταδιώκωνέμ·

2197 4805 2368 4874 ψυχός
2402 4823 2459 4858 σε
2495 4805 2641 4870 ἔλεος
2691 4805 2896 4869 διώκει,
2933 4805 3026 4870 οὓς
3075 4808 3172 4877 μὲν
3215 4803 3604 4875 καταλαμϐάνει,
3630 4791 3698 4853 οὓς

2199 4897 2255 4950 δὲ
2286 4894 2367 4950 οῦ.
2393 4897 2530 4960 Τοὺς
2575 4897 2715 4950 πάνυ
2757 4898 3055 4966 φεύγοντας
3079 4899 3138 4951 οὐ
3174 4895 3579 4967 καταλαμϐάνει·
3607 4883 3697 4942 τοὺς

2196 4987 2252 5040 δέ
2287 4987 2504 5041 ἔλαττον
2537 4990 2755 5060 κρατεῖ,
2805 4989 2890 5041 ἵνα
2925 4988 3144 5062 ἐλεήσῃ.
3174 4990 3250 5042 Ub
3305 4989 3452 5059 μόνον
3496 4982 3544 5035 δὲ
3587 4977 3696 5032 ἔλεος

2198 5079 2558 5143 καταδιώκει,
2607 5081 2742 5134 ἀλλὰ
2787 5081 2877 5134 καὶ
2921 5079 3077 5133 τοῦτο
3119 5083 3293 5143 ποιεῖ,
3344 5099 3360 5130 ι
3387 5078 3441 5130 τὸ
3482 5065 3697 5127 κατοικεῖν

2204 5193 2270 5246 με
2300 5177 2354 5227 ἐν
2379 5175 2510 5246 οίκῳ
2539 5173 2741 5246 Κυρίου
2771 5175 2850 5237 είς
2892 5173 3208 5244 μακρότητα
3249 5169 3474 5243 ἡμερῶν.
3505 5183 3520 5216 ι
3551 5159 3694 5226 Μῆκος

2201 5269 2308 5340 γὰρ
2351 5269 2562 5340 κρόνου,
2613 5266 2710 5320 καὶ
2762 5265 2840 5318 ἔτι
2873 5263 3050 5334 ζωῆς,
3094 5267 3151 5318 ὲν
3190 5263 3333 5336 δεξιᾷ
3384 5261 3473 5329 τῆς
3519 5249 3694 5320 σοφίας·

2239 5408 2282 5439 ³⁸
2308 5406 2465 5462 Joan.
2492 5422 2584 5474 xv,
2618 5405 2706 5462 14.
2783 5403 2827 5438 ⁸⁸
2857 5403 2877 5458 l
2905 5403 3032 5460 Cor.
3059 5421 3101 5471 t,
3141 5405 3230 5461 50.

596 5571 709 5647 QQ)
748 5577 1046 5647 Πρότερον·
1065 5573 1202 5643 μέν,
1247 5583 1368 5647 elc._
1397 5572 1621 5647 seltedtn
1655 5572 1840 5647 Grabii
1863 5617 1880 5647 ,
1918 5577 2087 5636 codex

2199 5583 2496 5646 islinianus.

597 5645 711 5716 (77)
749 5647 842 5712 Τίς
869 5645 1058 5712 ἐστιν,
1089 5655 1195 5700 etc.
1228 5645 1540 5702 Corderius.
