  <div class='ocr_page' id='page_1' title='image "/cluster/home/n/w/nwhite01/storage/ocr_20150623/12/mdp.39015028786690/642.png"; bbox 0 0 4020 6152; ppageno 0'>
   <div class='ocr_carea' id='block_1_1' title="bbox 352 343 496 401">
    <p class='ocr_par' dir='ltr' id='par_1_1' title="bbox 352 343 496 401">
     <span class='ocr_line' id='line_1_1' title="bbox 352 343 496 401; baseline 0.028 -4"><span class='ocrx_word' id='word_1_1' title='bbox 352 343 496 401; x_wconf 71' lang='grc'><strong>1265</strong></span> 
     </span>
    </p>
   </div>
   <div class='ocr_carea' id='block_1_2' title="bbox 1309 350 2664 417">
    <p class='ocr_par' dir='ltr' id='par_1_2' title="bbox 1309 350 2664 417">
     <span class='ocr_line' id='line_1_2' title="bbox 1309 350 2664 417; baseline 0.007 -10"><span class='ocrx_word' id='word_1_2' title='bbox 1309 350 1613 409; x_wconf 80' lang='lat' dir='ltr'><strong>SELECTA</strong></span> <span class='ocrx_word' id='word_1_3' title='bbox 1648 350 1717 408; x_wconf 80' lang='grc' dir='ltr'><strong>ΙΝ</strong></span> <span class='ocrx_word' id='word_1_4' title='bbox 1753 352 2088 412; x_wconf 79' lang='lat' dir='ltr'><strong>PSALMOS.</strong></span> <span class='ocrx_word' id='word_1_5' title='bbox 2127 389 2199 400; x_wconf 97' lang='lat'>—</span> <span class='ocrx_word' id='word_1_6' title='bbox 2232 357 2428 415; x_wconf 66' lang='lat' dir='ltr'><strong>PSAL.</strong></span> <span class='ocrx_word' id='word_1_7' title='bbox 2471 358 2664 417; x_wconf 76' lang='lat' dir='ltr'><strong>XXIII.</strong></span> 
     </span>
    </p>
   </div>
   <div class='ocr_carea' id='block_1_3' title="bbox 3431 370 3569 427">
    <p class='ocr_par' dir='ltr' id='par_1_3' title="bbox 3431 370 3569 427">
     <span class='ocr_line' id='line_1_3' title="bbox 3431 370 3569 427; baseline 0.036 -4"><span class='ocrx_word' id='word_1_8' title='bbox 3431 370 3569 427; x_wconf 62' lang='lat'><strong>1265</strong></span> 
     </span>
    </p>
   </div>
   <div class='ocr_carea' id='block_1_4' title="bbox 349 464 1904 558">
    <p class='ocr_par' dir='ltr' id='par_1_4' title="bbox 349 464 1904 549">
     <span class='ocr_line' id='line_1_4' title="bbox 349 464 1904 549; baseline 0.009 -32"><span class='ocrx_word' id='word_1_9' title='bbox 349 465 554 538; x_wconf 86' lang='grc' dir='ltr'>ημέραι</span> <span class='ocrx_word' id='word_1_10' title='bbox 596 465 654 520; x_wconf 79' lang='grc' dir='ltr'>δὲ</span> <span class='ocrx_word' id='word_1_11' title='bbox 700 464 846 541; x_wconf 76' lang='grc' dir='ltr'>ζωῆς</span> <span class='ocrx_word' id='word_1_12' title='bbox 900 470 1170 543; x_wconf 83' lang='grc' dir='ltr'>φωτισμοί</span> <span class='ocrx_word' id='word_1_13' title='bbox 1203 473 1309 526; x_wconf 86' lang='grc' dir='ltr'>είσι</span> <span class='ocrx_word' id='word_1_14' title='bbox 1355 474 1600 547; x_wconf 77' lang='grc' dir='ltr'>διάφοροι</span> <span class='ocrx_word' id='word_1_15' title='bbox 1646 477 1746 548; x_wconf 88' lang='grc' dir='ltr'><strong>τῆς</strong></span> <span class='ocrx_word' id='word_1_16' title='bbox 1797 477 1904 549; x_wconf 87' lang='grc' dir='ltr'><strong>ἀλη</strong></span> 
     </span>
    </p>
   </div>
   <div class='ocr_carea' id='block_1_5' title="bbox 2002 464 3613 558">
    <p class='ocr_par' dir='ltr' id='par_1_5' title="bbox 2034 481 3613 558">
     <span class='ocr_line' id='line_1_5' title="bbox 2034 481 3613 558; baseline 0.009 -24"><span class='ocrx_word' id='word_1_17' title='bbox 2034 483 2312 551; x_wconf 85' lang='lat' dir='ltr'><strong>temporis,</strong></span> <span class='ocrx_word' id='word_1_18' title='bbox 2336 483 2444 538; x_wconf 88' lang='lat' dir='ltr'><strong>imo</strong></span> <span class='ocrx_word' id='word_1_19' title='bbox 2474 491 2530 539; x_wconf 91' lang='lat' dir='ltr'><strong>et</strong></span> <span class='ocrx_word' id='word_1_20' title='bbox 2563 484 2709 548; x_wconf 69' lang='lat' dir='ltr'><strong>vitat,</strong></span> <span class='ocrx_word' id='word_1_21' title='bbox 2740 481 2792 538; x_wconf 93' lang='lat' dir='ltr'><strong>in</strong></span> <span class='ocrx_word' id='word_1_22' title='bbox 2812 483 3029 540; x_wconf 79' lang='lat' dir='ltr'><strong>dextera</strong></span> <span class='ocrx_word' id='word_1_23' title='bbox 3056 497 3141 542; x_wconf 86' lang='lat' dir='ltr'><strong>est</strong></span> <span class='ocrx_word' id='word_1_24' title='bbox 3164 488 3471 558; x_wconf 66' lang='lat' dir='ltr'><strong>sapientiae:</strong></span> <span class='ocrx_word' id='word_1_25' title='bbox 3495 494 3613 550; x_wconf 83' lang='lat' dir='ltr'><strong>dies</strong></span> 
     </span>
    </p>
   </div>
   <div class='ocr_carea' id='block_1_6' title="bbox 348 557 517 622">
    <p class='ocr_par' dir='ltr' id='par_1_6' title="bbox 348 557 517 622">
     <span class='ocr_line' id='line_1_6' title="bbox 348 557 517 622; baseline 0.006 -11"><span class='ocrx_word' id='word_1_26' title='bbox 348 557 517 622; x_wconf 88' lang='grc' dir='ltr'>θείας.</span> 
     </span>
    </p>
   </div>
   <div class='ocr_carea' id='block_1_7' title="bbox 919 746 1372 803">
    <p class='ocr_par' dir='ltr' id='par_1_7' title="bbox 919 746 1372 803">
     <span class='ocr_line' id='line_1_7' title="bbox 919 746 1372 803; baseline 0.007 -3"><span class='ocrx_word' id='word_1_27' title='bbox 919 746 1212 802; x_wconf 77' lang='grc' dir='ltr'><strong>ΨΑΛΜΟΣ</strong></span> <span class='ocrx_word' id='word_1_28' title='bbox 1247 749 1372 803; x_wconf 71' lang='grc' dir='ltr'>ΚΡ.</span> 
     </span>
    </p>
   </div>
   <div class='ocr_carea' id='block_1_8' title="bbox 427 834 1930 916">
    <p class='ocr_par' dir='ltr' id='par_1_8' title="bbox 427 834 1930 916">
     <span class='ocr_line' id='line_1_8' title="bbox 427 834 1930 916; baseline 0.01 -28"><span class='ocrx_word' id='word_1_29' title='bbox 427 834 539 889; x_wconf 86' lang='grc' dir='ltr'><strong>Τοῦ</strong></span> <span class='ocrx_word' id='word_1_30' title='bbox 576 836 801 905; x_wconf 79' lang='grc' dir='ltr'><strong>Κυρίου</strong></span> <span class='ocrx_word' id='word_1_31' title='bbox 831 838 872 907; x_wconf 78' lang='grc' dir='ltr'><strong><em>ἡ</em></strong></span> <span class='ocrx_word' id='word_1_32' title='bbox 926 838 1004 910; x_wconf 77' lang='grc' dir='ltr'>γῆ</span> <span class='ocrx_word' id='word_1_33' title='bbox 1051 841 1149 895; x_wconf 80' lang='grc' dir='ltr'>καὶ</span> <span class='ocrx_word' id='word_1_34' title='bbox 1200 842 1267 896; x_wconf 83' lang='grc' dir='ltr'><strong>τὸ</strong></span> <span class='ocrx_word' id='word_1_35' title='bbox 1297 842 1589 914; x_wconf 72' lang='grc' dir='ltr'>πλήρωμα</span> <span class='ocrx_word' id='word_1_36' title='bbox 1631 844 1841 915; x_wconf 82' lang='grc' dir='ltr'>αὐτῆς,</span> <span class='ocrx_word' id='word_1_37' title='bbox 1890 847 1930 916; x_wconf 84' lang='grc' dir='ltr'><strong><em>ή</em></strong></span> 
     </span>
    </p>
   </div>
   <div class='ocr_carea' id='block_1_9' title="bbox 344 926 1927 1007">
    <p class='ocr_par' dir='ltr' id='par_1_9' title="bbox 344 926 1927 1007">
     <span class='ocr_line' id='line_1_9' title="bbox 344 926 1927 1007; baseline 0.009 -27"><span class='ocrx_word' id='word_1_38' title='bbox 344 926 671 997; x_wconf 74' lang='grc' dir='ltr'><strong>οἰκουμένη</strong></span> <span class='ocrx_word' id='word_1_39' title='bbox 692 969 706 992; x_wconf 95' lang='grc'><strong>,</strong></span> <span class='ocrx_word' id='word_1_40' title='bbox 751 930 851 984; x_wconf 80' lang='grc' dir='ltr'>καὶ</span> <span class='ocrx_word' id='word_1_41' title='bbox 880 929 1101 999; x_wconf 80' lang='grc' dir='ltr'>πάντες</span> <span class='ocrx_word' id='word_1_42' title='bbox 1127 935 1183 987; x_wconf 86' lang='grc' dir='ltr'><strong>οἱ</strong></span> <span class='ocrx_word' id='word_1_43' title='bbox 1211 936 1630 1005; x_wconf 79' lang='grc' dir='ltr'>κατοικοῦντες</span> <span class='ocrx_word' id='word_1_44' title='bbox 1653 938 1723 992; x_wconf 79' lang='grc' dir='ltr'>ἐν</span> <span class='ocrx_word' id='word_1_45' title='bbox 1752 938 1927 1007; x_wconf 82' lang='grc' dir='ltr'>αὐτῇ,</span> 
     </span>
    </p>
   </div>
   <div class='ocr_carea' id='block_1_10' title="bbox 345 1017 1931 1100">
    <p class='ocr_par' dir='ltr' id='par_1_10' title="bbox 345 1017 1931 1100">
     <span class='ocr_line' id='line_1_10' title="bbox 345 1017 1931 1100; baseline 0.011 -32"><span class='ocrx_word' id='word_1_46' title='bbox 345 1032 400 1068; x_wconf 88' lang='grc' dir='ltr'><strong>κ.</strong></span> <span class='ocrx_word' id='word_1_47' title='bbox 431 1033 484 1072; x_wconf 91' lang='grc' dir='ltr'><strong>τ.</strong></span> <span class='ocrx_word' id='word_1_48' title='bbox 521 1017 566 1070; x_wconf 81' lang='grc' dir='ltr'><strong>ἐ.</strong></span> <span class='ocrx_word' id='word_1_49' title='bbox 602 1018 743 1091; x_wconf 80' lang='grc' dir='ltr'>Ὅρα</span> <span class='ocrx_word' id='word_1_50' title='bbox 792 1020 848 1074; x_wconf 87' lang='grc' dir='ltr'>δὲ</span> <span class='ocrx_word' id='word_1_51' title='bbox 876 1023 971 1075; x_wconf 74' lang='grc' dir='ltr'><strong>καὶ</strong></span> <span class='ocrx_word' id='word_1_52' title='bbox 1009 1021 1182 1088; x_wconf 76' lang='grc' dir='ltr'>οὕτως</span> <span class='ocrx_word' id='word_1_53' title='bbox 1216 1025 1352 1097; x_wconf 89' lang='lat'><strong>(78),</strong></span> <span class='ocrx_word' id='word_1_54' title='bbox 1393 1028 1441 1081; x_wconf 82' lang='grc' dir='ltr'><strong>εί</strong></span> <span class='ocrx_word' id='word_1_55' title='bbox 1483 1028 1557 1100; x_wconf 81' lang='grc' dir='ltr'>μὴ</span> <span class='ocrx_word' id='word_1_56' title='bbox 1595 1030 1792 1095; x_wconf 86' lang='grc' dir='ltr'>πάντες</span> <span class='ocrx_word' id='word_1_57' title='bbox 1836 1031 1931 1085; x_wconf 81' lang='grc' dir='ltr'><strong>ἇν-</strong></span> 
     </span>
    </p>
   </div>
   <div class='ocr_carea' id='block_1_11' title="bbox 345 1106 1926 1188">
    <p class='ocr_par' dir='ltr' id='par_1_11' title="bbox 345 1106 1926 1188">
     <span class='ocr_line' id='line_1_11' title="bbox 345 1106 1926 1188; baseline 0.011 -28"><span class='ocrx_word' id='word_1_58' title='bbox 345 1106 559 1179; x_wconf 85' lang='grc' dir='ltr'>θρωποι</span> <span class='ocrx_word' id='word_1_59' title='bbox 596 1111 755 1183; x_wconf 78' lang='grc' dir='ltr'>μερὶς</span> <span class='ocrx_word' id='word_1_60' title='bbox 778 1113 1009 1184; x_wconf 81' lang='grc' dir='ltr'><strong>Κυρίου,</strong></span> <span class='ocrx_word' id='word_1_61' title='bbox 1044 1115 1138 1169; x_wconf 77' lang='grc' dir='ltr'><strong>καὶ</strong></span> <span class='ocrx_word' id='word_1_62' title='bbox 1168 1118 1265 1188; x_wconf 71' lang='grc' dir='ltr'>οὐχ</span> <span class='ocrx_word' id='word_1_63' title='bbox 1287 1117 1475 1184; x_wconf 82' lang='grc' dir='ltr'>ἁπλῶς</span> <span class='ocrx_word' id='word_1_64' title='bbox 1507 1120 1798 1177; x_wconf 83' lang='grc' dir='ltr'><strong>ἀκουστέον</strong></span> <span class='ocrx_word' id='word_1_65' title='bbox 1831 1121 1926 1177; x_wconf 87' lang='grc' dir='ltr'><strong>τοῦ</strong></span> 
     </span>
    </p>
   </div>
   <div class='ocr_carea' id='block_1_12' title="bbox 343 1199 1924 1285">
    <p class='ocr_par' dir='ltr' id='par_1_12' title="bbox 343 1199 1924 1285">
     <span class='ocr_line' id='line_1_12' title="bbox 343 1199 1924 1285; baseline 0.011 -32"><span class='ocrx_word' id='word_1_66' title='bbox 343 1199 559 1264; x_wconf 82' lang='grc' dir='ltr'><strong>πάντας</strong></span> <span class='ocrx_word' id='word_1_67' title='bbox 598 1204 724 1268; x_wconf 77' lang='grc' dir='ltr'>τοὺς</span> <span class='ocrx_word' id='word_1_68' title='bbox 756 1205 1143 1272; x_wconf 78' lang='grc' dir='ltr'><strong>κατοικοῦντας</strong></span> <span class='ocrx_word' id='word_1_69' title='bbox 1178 1208 1275 1280; x_wconf 82' lang='grc' dir='ltr'><strong>τὴν</strong></span> <span class='ocrx_word' id='word_1_70' title='bbox 1305 1212 1629 1285; x_wconf 81' lang='grc' dir='ltr'><strong>οἰκουμένην</strong></span> <span class='ocrx_word' id='word_1_71' title='bbox 1661 1209 1799 1269; x_wconf 85' lang='grc' dir='ltr'>εἶναι</span> <span class='ocrx_word' id='word_1_72' title='bbox 1831 1214 1924 1269; x_wconf 88' lang='grc' dir='ltr'><strong>τοῦ</strong></span> 
     </span>
    </p>
   </div>
   <div class='ocr_carea' id='block_1_13' title="bbox 342 1295 1924 1377">
    <p class='ocr_par' dir='ltr' id='par_1_13' title="bbox 342 1295 1924 1377">
     <span class='ocr_line' id='line_1_13' title="bbox 342 1295 1924 1377; baseline 0.011 -31"><span class='ocrx_word' id='word_1_73' title='bbox 342 1295 575 1366; x_wconf 82' lang='grc' dir='ltr'>Κυρίου,</span> <span class='ocrx_word' id='word_1_74' title='bbox 601 1297 650 1348; x_wconf 78' lang='grc' dir='ltr'>εἰ</span> <span class='ocrx_word' id='word_1_75' title='bbox 696 1298 770 1368; x_wconf 86' lang='grc' dir='ltr'>μὴ</span> <span class='ocrx_word' id='word_1_76' title='bbox 802 1298 910 1371; x_wconf 81' lang='grc' dir='ltr'>ἄρα</span> <span class='ocrx_word' id='word_1_77' title='bbox 938 1300 1024 1354; x_wconf 84' lang='grc' dir='ltr'>διὰ</span> <span class='ocrx_word' id='word_1_78' title='bbox 1065 1302 1165 1373; x_wconf 85' lang='grc' dir='ltr'>τὴν</span> <span class='ocrx_word' id='word_1_79' title='bbox 1200 1302 1391 1375; x_wconf 80' lang='grc' dir='ltr'><strong>κλῆσιν</strong></span> <span class='ocrx_word' id='word_1_80' title='bbox 1422 1305 1523 1377; x_wconf 82' lang='grc' dir='ltr'><strong>τὴν</strong></span> <span class='ocrx_word' id='word_1_81' title='bbox 1555 1306 1662 1361; x_wconf 87' lang='grc' dir='ltr'>ἀπὸ</span> <span class='ocrx_word' id='word_1_82' title='bbox 1706 1309 1924 1363; x_wconf 86' lang='grc' dir='ltr'>πάντων</span> 
     </span>
    </p>
   </div>
   <div class='ocr_carea' id='block_1_14' title="bbox 340 1385 1283 1465">
    <p class='ocr_par' dir='ltr' id='par_1_14' title="bbox 340 1385 1283 1465">
     <span class='ocr_line' id='line_1_14' title="bbox 340 1385 1283 1465; baseline 0.014 -28"><span class='ocrx_word' id='word_1_83' title='bbox 340 1385 455 1439; x_wconf 88' lang='grc' dir='ltr'><strong>τῶν</strong></span> <span class='ocrx_word' id='word_1_84' title='bbox 479 1386 646 1440; x_wconf 82' lang='grc' dir='ltr'>ἐθνῶν</span> <span class='ocrx_word' id='word_1_85' title='bbox 671 1390 828 1444; x_wconf 83' lang='grc' dir='ltr'>τοῦτο</span> <span class='ocrx_word' id='word_1_86' title='bbox 862 1395 1283 1465; x_wconf 75' lang='grc' dir='ltr'>προφητεὺεται.</span> 
     </span>
    </p>
   </div>
   <div class='ocr_carea' id='block_1_15' title="bbox 420 1480 1918 1566">
    <p class='ocr_par' dir='ltr' id='par_1_15' title="bbox 420 1480 1918 1566">
     <span class='ocr_line' id='line_1_15' title="bbox 420 1480 1918 1566; baseline 0.013 -34"><span class='ocrx_word' id='word_1_87' title='bbox 420 1480 530 1534; x_wconf 88' lang='grc' dir='ltr'><strong>Τοῦ</strong></span> <span class='ocrx_word' id='word_1_88' title='bbox 584 1483 789 1537; x_wconf 82' lang='grc' dir='ltr'>αὐτοῦ.</span> <span class='ocrx_word' id='word_1_89' title='bbox 845 1485 960 1557; x_wconf 86' lang='grc' dir='ltr'>Πρὸ</span> <span class='ocrx_word' id='word_1_90' title='bbox 1002 1487 1101 1559; x_wconf 88' lang='grc' dir='ltr'><strong>τῆς</strong></span> <span class='ocrx_word' id='word_1_91' title='bbox 1161 1489 1396 1563; x_wconf 77' lang='grc' dir='ltr'>Χριστοῦ</span> <span class='ocrx_word' id='word_1_92' title='bbox 1459 1491 1568 1563; x_wconf 84' lang='grc'><strong>(79)</strong></span> <span class='ocrx_word' id='word_1_93' title='bbox 1623 1496 1918 1566; x_wconf 78' lang='grc' dir='ltr'><strong>ἐπιδημίας</strong></span> 
     </span>
    </p>
   </div>
   <div class='ocr_carea' id='block_1_16' title="bbox 337 1572 1915 1656">
    <p class='ocr_par' dir='ltr' id='par_1_16' title="bbox 337 1572 1915 1656">
     <span class='ocr_line' id='line_1_16' title="bbox 337 1572 1915 1656; baseline 0.015 -33"><span class='ocrx_word' id='word_1_94' title='bbox 337 1572 583 1641; x_wconf 75' lang='grc' dir='ltr'><strong>γνωστὸς</strong></span> <span class='ocrx_word' id='word_1_95' title='bbox 619 1575 676 1629; x_wconf 87' lang='grc' dir='ltr'><strong>ἐν</strong></span> <span class='ocrx_word' id='word_1_96' title='bbox 714 1578 778 1647; x_wconf 86' lang='grc' dir='ltr'>τῇ</span> <span class='ocrx_word' id='word_1_97' title='bbox 824 1578 1052 1652; x_wconf 78' lang='grc' dir='ltr'>Ἰουδαίᾳ</span> <span class='ocrx_word' id='word_1_98' title='bbox 1098 1581 1256 1652; x_wconf 89' lang='grc' dir='ltr'>μόνον</span> <span class='ocrx_word' id='word_1_99' title='bbox 1288 1579 1356 1656; x_wconf 84' lang='grc' dir='ltr'>ἦν</span> <span class='ocrx_word' id='word_1_100' title='bbox 1391 1587 1419 1640; x_wconf 94' lang='lat'><strong>6</strong></span> <span class='ocrx_word' id='word_1_101' title='bbox 1450 1586 1613 1651; x_wconf 82' lang='grc' dir='ltr'>Θεός’</span> <span class='ocrx_word' id='word_1_102' title='bbox 1649 1589 1707 1656; x_wconf 77' lang='grc' dir='ltr'>ἐξ</span> <span class='ocrx_word' id='word_1_103' title='bbox 1754 1582 1815 1644; x_wconf 75' lang='grc' dir='ltr'>οὗ</span> <span class='ocrx_word' id='word_1_104' title='bbox 1858 1591 1915 1646; x_wconf 86' lang='grc' dir='ltr'>δὲ</span> 
     </span>
    </p>
   </div>
   <div class='ocr_carea' id='block_1_17' title="bbox 336 1663 1914 1752">
    <p class='ocr_par' dir='ltr' id='par_1_17' title="bbox 336 1663 1914 1752">
     <span class='ocr_line' id='line_1_17' title="bbox 336 1663 1914 1752; baseline 0.015 -37"><span class='ocrx_word' id='word_1_105' title='bbox 336 1663 574 1736; x_wconf 82' lang='grc' dir='ltr'>Χριστὸς</span> <span class='ocrx_word' id='word_1_106' title='bbox 621 1667 954 1740; x_wconf 83' lang='grc' dir='ltr'>ἐπεδήμησε,</span> <span class='ocrx_word' id='word_1_107' title='bbox 987 1672 1081 1726; x_wconf 89' lang='grc' dir='ltr'><strong>τοῦ</strong></span> <span class='ocrx_word' id='word_1_108' title='bbox 1131 1675 1335 1747; x_wconf 78' lang='grc' dir='ltr'>Κυρίου</span> <span class='ocrx_word' id='word_1_109' title='bbox 1388 1679 1538 1732; x_wconf 83' lang='grc' dir='ltr'>πᾶσα</span> <span class='ocrx_word' id='word_1_110' title='bbox 1578 1680 1612 1751; x_wconf 79' lang='grc' dir='ltr'>ἡ</span> <span class='ocrx_word' id='word_1_111' title='bbox 1663 1681 1753 1752; x_wconf 85' lang='grc' dir='ltr'><strong>γῆ.</strong></span> <span class='ocrx_word' id='word_1_112' title='bbox 1804 1685 1914 1738; x_wconf 78' lang='grc' dir='ltr'><strong>Καὶ</strong></span> 
     </span>
    </p>
   </div>
   <div class='ocr_carea' id='block_1_18' title="bbox 2037 576 3481 639">
    <p class='ocr_par' dir='ltr' id='par_1_18' title="bbox 2037 576 3481 639">
     <span class='ocr_line' id='line_1_18' title="bbox 2037 576 3481 639; baseline 0.008 -11"><span class='ocrx_word' id='word_1_113' title='bbox 2037 583 2219 629; x_wconf 88' lang='lat' dir='ltr'><strong>autem</strong></span> <span class='ocrx_word' id='word_1_114' title='bbox 2247 576 2370 631; x_wconf 77' lang='lat' dir='ltr'><strong>vita:</strong></span> <span class='ocrx_word' id='word_1_115' title='bbox 2391 586 2518 631; x_wconf 91' lang='lat' dir='ltr'><strong>sunt</strong></span> <span class='ocrx_word' id='word_1_116' title='bbox 2540 576 2770 632; x_wconf 66' lang='lat' dir='ltr'><strong>diversae</strong></span> <span class='ocrx_word' id='word_1_117' title='bbox 2794 576 3185 636; x_wconf 86' lang='lat' dir='ltr'><strong>illustrationes</strong></span> <span class='ocrx_word' id='word_1_118' title='bbox 3213 582 3481 639; x_wconf 75' lang='lat' dir='ltr'><strong>veritatis.</strong></span> 
     </span>
    </p>
   </div>
   <div class='ocr_carea' id='block_1_19' title="bbox 2446 758 3186 830">
    <p class='ocr_par' dir='ltr' id='par_1_19' title="bbox 2446 758 3186 830">
     <span class='ocr_line' id='line_1_19' title="bbox 2446 758 3186 830; baseline -0.007 -11"><span class='ocrx_word' id='word_1_119' title='bbox 2446 758 2614 830; x_wconf 76' lang='lat'><strong>626</strong></span> <span class='ocrx_word' id='word_1_120' title='bbox 2641 758 2764 814; x_wconf 86' lang='lat' dir='ltr'><strong>PSA</strong></span> <span class='ocrx_word' id='word_1_121' title='bbox 2776 758 2963 816; x_wconf 78' lang='lat' dir='ltr'><strong>LMUS</strong></span> <span class='ocrx_word' id='word_1_122' title='bbox 2995 759 3186 815; x_wconf 81' lang='lat' dir='ltr'><strong>XXIII.</strong></span> 
     </span>
    </p>
   </div>
   <div class='ocr_carea' id='block_1_20' title="bbox 2103 846 3608 926">
    <p class='ocr_par' dir='ltr' id='par_1_20' title="bbox 2103 846 3608 926">
     <span class='ocr_line' id='line_1_20' title="bbox 2103 846 3608 926; baseline 0.006 -25"><span class='ocrx_word' id='word_1_123' title='bbox 2103 846 2269 903; x_wconf 73' lang='lat' dir='ltr'><strong>Vens.</strong></span> <span class='ocrx_word' id='word_1_124' title='bbox 2303 849 2354 902; x_wconf 84' lang='grc'>1.</span> <span class='ocrx_word' id='word_1_125' title='bbox 2384 849 2600 905; x_wconf 78' lang='lat' dir='ltr'><strong>Domini</strong></span> <span class='ocrx_word' id='word_1_126' title='bbox 2627 861 2703 906; x_wconf 78' lang='lat' dir='ltr'><strong>est</strong></span> <span class='ocrx_word' id='word_1_127' title='bbox 2736 865 2879 906; x_wconf 84' lang='lat' dir='ltr'><strong>terra</strong></span> <span class='ocrx_word' id='word_1_128' title='bbox 2902 862 2953 907; x_wconf 83' lang='lat' dir='ltr'><strong>et</strong></span> <span class='ocrx_word' id='word_1_129' title='bbox 2992 854 3265 922; x_wconf 78' lang='lat' dir='ltr'><strong>plenitudo</strong></span> <span class='ocrx_word' id='word_1_130' title='bbox 3287 854 3425 926; x_wconf 77' lang='lat' dir='ltr'><strong>ejus,</strong></span> <span class='ocrx_word' id='word_1_131' title='bbox 3463 856 3608 911; x_wconf 81' lang='lat' dir='ltr'><strong>orbis</strong></span> 
     </span>
    </p>
   </div>
   <div class='ocr_carea' id='block_1_21' title="bbox 2031 943 3611 1014">
    <p class='ocr_par' dir='ltr' id='par_1_21' title="bbox 2031 943 3611 1014">
     <span class='ocr_line' id='line_1_21' title="bbox 2031 943 3611 1014; baseline 0.008 -23"><span class='ocrx_word' id='word_1_132' title='bbox 2031 947 2316 1001; x_wconf 80' lang='lat' dir='ltr'><strong>terrarum,</strong></span> <span class='ocrx_word' id='word_1_133' title='bbox 2354 950 2404 994; x_wconf 74' lang='lat' dir='ltr'><strong>et</strong></span> <span class='ocrx_word' id='word_1_134' title='bbox 2454 943 2682 997; x_wconf 74' lang='lat' dir='ltr'><strong>universi</strong></span> <span class='ocrx_word' id='word_1_135' title='bbox 2719 944 2808 1014; x_wconf 88' lang='lat' dir='ltr'><strong>qui</strong></span> <span class='ocrx_word' id='word_1_136' title='bbox 2858 944 3098 1000; x_wconf 77' lang='lat' dir='ltr'><strong>habitam</strong></span> <span class='ocrx_word' id='word_1_137' title='bbox 3128 947 3182 999; x_wconf 85' lang='lat' dir='ltr'><strong>in</strong></span> <span class='ocrx_word' id='word_1_138' title='bbox 3214 961 3293 1008; x_wconf 82' lang='lat' dir='ltr'><strong>eo.</strong></span> <span class='ocrx_word' id='word_1_139' title='bbox 3327 955 3433 1002; x_wconf 86' lang='lat' dir='ltr'><strong>etc.</strong></span> <span class='ocrx_word' id='word_1_140' title='bbox 3473 946 3611 1003; x_wconf 78' lang='lat' dir='ltr'><strong>Vide</strong></span> 
     </span>
    </p>
   </div>
   <div class='ocr_carea' id='block_1_22' title="bbox 2029 1033 3607 1107">
    <p class='ocr_par' dir='ltr' id='par_1_22' title="bbox 2029 1033 3607 1107">
     <span class='ocr_line' id='line_1_22' title="bbox 2029 1033 3607 1107; baseline 0.004 -21"><span class='ocrx_word' id='word_1_141' title='bbox 2029 1033 2191 1086; x_wconf 87' lang='lat' dir='ltr'><strong>etiam</strong></span> <span class='ocrx_word' id='word_1_142' title='bbox 2223 1033 2299 1086; x_wconf 86' lang='lat' dir='ltr'><strong>sic</strong></span> <span class='ocrx_word' id='word_1_143' title='bbox 2335 1049 2517 1089; x_wconf 87' lang='lat' dir='ltr'><strong>annon</strong></span> <span class='ocrx_word' id='word_1_144' title='bbox 2542 1035 2783 1091; x_wconf 84' lang='lat' dir='ltr'><strong>universi</strong></span> <span class='ocrx_word' id='word_1_145' title='bbox 2806 1036 3056 1092; x_wconf 75' lang='lat' dir='ltr'><strong>homines</strong></span> <span class='ocrx_word' id='word_1_146' title='bbox 3072 1052 3197 1107; x_wconf 85' lang='lat' dir='ltr'><strong>pars</strong></span> <span class='ocrx_word' id='word_1_147' title='bbox 3225 1039 3335 1093; x_wconf 88' lang='lat' dir='ltr'><strong>sint</strong></span> <span class='ocrx_word' id='word_1_148' title='bbox 3364 1039 3607 1105; x_wconf 80' lang='lat' dir='ltr'><strong>Domini,</strong></span> 
     </span>
    </p>
   </div>
   <div class='ocr_carea' id='block_1_23' title="bbox 2029 1121 3603 1195">
    <p class='ocr_par' dir='ltr' id='par_1_23' title="bbox 2029 1121 3603 1195">
     <span class='ocr_line' id='line_1_23' title="bbox 2029 1121 3603 1195; baseline 0.008 -23"><span class='ocrx_word' id='word_1_149' title='bbox 2029 1134 2129 1174; x_wconf 85' lang='lat' dir='ltr'><strong>nec</strong></span> <span class='ocrx_word' id='word_1_150' title='bbox 2162 1121 2482 1192; x_wconf 74' lang='lat' dir='ltr'><strong>simpliciter</strong></span> <span class='ocrx_word' id='word_1_151' title='bbox 2507 1125 2881 1195; x_wconf 87' lang='lat' dir='ltr'><strong>accipiendum</strong></span> <span class='ocrx_word' id='word_1_152' title='bbox 2925 1127 2997 1182; x_wconf 85' lang='lat' dir='ltr'><strong>sil.</strong></span> <span class='ocrx_word' id='word_1_153' title='bbox 3029 1142 3221 1185; x_wconf 86' lang='lat' dir='ltr'><strong>omnes</strong></span> <span class='ocrx_word' id='word_1_154' title='bbox 3243 1130 3391 1187; x_wconf 87' lang='lat' dir='ltr'><strong>orbis</strong></span> <span class='ocrx_word' id='word_1_155' title='bbox 3421 1140 3603 1185; x_wconf 84' lang='lat' dir='ltr'><strong>terra-</strong></span> 
     </span>
    </p>
   </div>
   <div class='ocr_carea' id='block_1_24' title="bbox 2028 1212 3605 1292">
    <p class='ocr_par' dir='ltr' id='par_1_24' title="bbox 2028 1212 3605 1292">
     <span class='ocr_line' id='line_1_24' title="bbox 2028 1212 3605 1292; baseline 0.008 -29"><span class='ocrx_word' id='word_1_156' title='bbox 2028 1226 2146 1264; x_wconf 85' lang='lat' dir='ltr'><strong>rum</strong></span> <span class='ocrx_word' id='word_1_157' title='bbox 2179 1212 2518 1271; x_wconf 87' lang='lat' dir='ltr'><strong>hahitatores</strong></span> <span class='ocrx_word' id='word_1_158' title='bbox 2546 1231 2668 1273; x_wconf 72' lang='lat' dir='ltr'><strong>esse</strong></span> <span class='ocrx_word' id='word_1_159' title='bbox 2701 1216 2939 1282; x_wconf 83' lang='lat' dir='ltr'><strong>Domini,</strong></span> <span class='ocrx_word' id='word_1_160' title='bbox 2980 1220 3084 1276; x_wconf 82' lang='lat' dir='ltr'><strong>nisi</strong></span> <span class='ocrx_word' id='word_1_161' title='bbox 3111 1231 3332 1292; x_wconf 79' lang='lat' dir='ltr'><strong>propter</strong></span> <span class='ocrx_word' id='word_1_162' title='bbox 3357 1221 3605 1277; x_wconf 82' lang='lat' dir='ltr'><strong>vocatio-</strong></span> 
     </span>
    </p>
   </div>
   <div class='ocr_carea' id='block_1_25' title="bbox 2025 1310 3604 1383">
    <p class='ocr_par' dir='ltr' id='par_1_25' title="bbox 2025 1310 3604 1383">
     <span class='ocr_line' id='line_1_25' title="bbox 2025 1310 3604 1383; baseline 0.011 -27"><span class='ocrx_word' id='word_1_163' title='bbox 2025 1317 2148 1357; x_wconf 89' lang='lat' dir='ltr'><strong>nem</strong></span> <span class='ocrx_word' id='word_1_164' title='bbox 2190 1320 2310 1375; x_wconf 64' lang='lat' dir='ltr'><strong>quae</strong></span> <span class='ocrx_word' id='word_1_165' title='bbox 2350 1320 2417 1362; x_wconf 82' lang='lat' dir='ltr'><strong>ex</strong></span> <span class='ocrx_word' id='word_1_166' title='bbox 2464 1311 2716 1367; x_wconf 91' lang='lat' dir='ltr'><strong>omnibus</strong></span> <span class='ocrx_word' id='word_1_167' title='bbox 2744 1312 2998 1383; x_wconf 74' lang='lat' dir='ltr'><strong>gentibus</strong></span> <span class='ocrx_word' id='word_1_168' title='bbox 3030 1310 3172 1368; x_wconf 80' lang='lat' dir='ltr'><strong>facta</strong></span> <span class='ocrx_word' id='word_1_169' title='bbox 3199 1321 3306 1381; x_wconf 88' lang='lat' dir='ltr'><strong>est,</strong></span> <span class='ocrx_word' id='word_1_170' title='bbox 3335 1314 3438 1369; x_wconf 87' lang='lat' dir='ltr'><strong>hoc</strong></span> <span class='ocrx_word' id='word_1_171' title='bbox 3461 1314 3604 1372; x_wconf 74' lang='lat' dir='ltr'><strong>vati-</strong></span> 
     </span>
    </p>
   </div>
   <div class='ocr_carea' id='block_1_26' title="bbox 2026 1395 2261 1451">
    <p class='ocr_par' dir='ltr' id='par_1_26' title="bbox 2026 1395 2261 1451">
     <span class='ocr_line' id='line_1_26' title="bbox 2026 1395 2261 1451; baseline -0.004 0"><span class='ocrx_word' id='word_1_172' title='bbox 2026 1395 2261 1451; x_wconf 88' lang='lat' dir='ltr'><strong>cinetur.</strong></span> 
     </span>
    </p>
   </div>
   <div class='ocr_carea' id='block_1_27' title="bbox 2094 1486 3596 1558">
    <p class='ocr_par' dir='ltr' id='par_1_27' title="bbox 2094 1486 3596 1558">
     <span class='ocr_line' id='line_1_27' title="bbox 2094 1486 3596 1558; baseline 0.006 -17"><span class='ocrx_word' id='word_1_173' title='bbox 2094 1486 2372 1558; x_wconf 81' lang='lat' dir='ltr'><strong>Ejusdem.</strong></span> <span class='ocrx_word' id='word_1_174' title='bbox 2399 1488 2540 1545; x_wconf 82' lang='lat' dir='ltr'><strong>Ante</strong></span> <span class='ocrx_word' id='word_1_175' title='bbox 2575 1489 2778 1547; x_wconf 82' lang='lat' dir='ltr'><strong>Christi</strong></span> <span class='ocrx_word' id='word_1_176' title='bbox 2808 1494 3099 1550; x_wconf 83' lang='lat' dir='ltr'><strong>adventum</strong></span> <span class='ocrx_word' id='word_1_177' title='bbox 3136 1506 3298 1551; x_wconf 80' lang='lat' dir='ltr'><strong>notus</strong></span> <span class='ocrx_word' id='word_1_178' title='bbox 3329 1494 3503 1551; x_wconf 86' lang='lat' dir='ltr'><strong>solum</strong></span> <span class='ocrx_word' id='word_1_179' title='bbox 3541 1495 3596 1550; x_wconf 89' lang='lat' dir='ltr'><strong>in</strong></span> 
     </span>
    </p>
   </div>
   <div class='ocr_carea' id='block_1_28' title="bbox 2021 1576 3593 1652">
    <p class='ocr_par' dir='ltr' id='par_1_28' title="bbox 2021 1576 3593 1652">
     <span class='ocr_line' id='line_1_28' title="bbox 2021 1576 3593 1652; baseline 0.005 -19"><span class='ocrx_word' id='word_1_180' title='bbox 2021 1576 2205 1633; x_wconf 72' lang='lat' dir='ltr'><strong>Jndaza</strong></span> <span class='ocrx_word' id='word_1_181' title='bbox 2254 1578 2395 1635; x_wconf 83' lang='lat' dir='ltr'><strong>Deus</strong></span> <span class='ocrx_word' id='word_1_182' title='bbox 2437 1579 2574 1647; x_wconf 79' lang='lat' dir='ltr'><strong>fuit;</strong></span> <span class='ocrx_word' id='word_1_183' title='bbox 2623 1597 2691 1637; x_wconf 78' lang='lat' dir='ltr'><strong>ex</strong></span> <span class='ocrx_word' id='word_1_184' title='bbox 2724 1597 2832 1652; x_wconf 88' lang='lat' dir='ltr'><strong>quo</strong></span> <span class='ocrx_word' id='word_1_185' title='bbox 2863 1595 3040 1640; x_wconf 88' lang='lat' dir='ltr'><strong>autem</strong></span> <span class='ocrx_word' id='word_1_186' title='bbox 3071 1586 3325 1642; x_wconf 87' lang='lat' dir='ltr'><strong>Christus</strong></span> <span class='ocrx_word' id='word_1_187' title='bbox 3352 1586 3593 1649; x_wconf 85' lang='lat' dir='ltr'><strong>advenit,</strong></span> 
     </span>
    </p>
   </div>
   <div class='ocr_carea' id='block_1_29' title="bbox 2023 1670 3596 1749">
    <p class='ocr_par' dir='ltr' id='par_1_29' title="bbox 2023 1670 3596 1749">
     <span class='ocr_line' id='line_1_29' title="bbox 2023 1670 3596 1749; baseline 0.008 -25"><span class='ocrx_word' id='word_1_188' title='bbox 2023 1670 2237 1726; x_wconf 79' lang='lat' dir='ltr'><strong>ltomini</strong></span> <span class='ocrx_word' id='word_1_189' title='bbox 2275 1680 2358 1728; x_wconf 90' lang='lat' dir='ltr'><strong>est</strong></span> <span class='ocrx_word' id='word_1_190' title='bbox 2403 1673 2657 1729; x_wconf 86' lang='lat' dir='ltr'><strong>universa</strong></span> <span class='ocrx_word' id='word_1_191' title='bbox 2702 1682 2868 1730; x_wconf 86' lang='lat' dir='ltr'><strong>terra.</strong></span> <span class='ocrx_word' id='word_1_192' title='bbox 2898 1677 2963 1732; x_wconf 87' lang='lat' dir='ltr'><strong>Et</strong></span> <span class='ocrx_word' id='word_1_193' title='bbox 2995 1679 3310 1749; x_wconf 84' lang='lat' dir='ltr'><strong>priusquam</strong></span> <span class='ocrx_word' id='word_1_194' title='bbox 3341 1680 3596 1737; x_wconf 83' lang='lat' dir='ltr'><strong>Christus</strong></span> 
     </span>
    </p>
   </div>
   <div class='ocr_carea' id='block_1_30' title="bbox 336 1754 1904 1846">
    <p class='ocr_par' dir='ltr' id='par_1_30' title="bbox 336 1754 1904 1846">
     <span class='ocr_line' id='line_1_30' title="bbox 336 1754 1904 1846; baseline 0.014 -40"><span class='ocrx_word' id='word_1_195' title='bbox 336 1754 473 1827; x_wconf 77' lang='grc' dir='ltr'>πρὶν</span> <span class='ocrx_word' id='word_1_196' title='bbox 514 1756 613 1828; x_wconf 85' lang='grc' dir='ltr'><strong>μὲν</strong></span> <span class='ocrx_word' id='word_1_197' title='bbox 659 1758 760 1829; x_wconf 91' lang='grc' dir='ltr'><strong>τῆς</strong></span> <span class='ocrx_word' id='word_1_198' title='bbox 790 1760 1027 1833; x_wconf 76' lang='grc' dir='ltr'>Χριστοῦ</span> <span class='ocrx_word' id='word_1_199' title='bbox 1065 1764 1359 1837; x_wconf 76' lang='grc' dir='ltr'>ἐπιδημίας</span> <span class='ocrx_word' id='word_1_200' title='bbox 1396 1769 1496 1822; x_wconf 87' lang='grc' dir='ltr'><strong>οὐκ</strong></span> <span class='ocrx_word' id='word_1_201' title='bbox 1526 1765 1594 1843; x_wconf 80' lang='grc' dir='ltr'>ἦν</span> <span class='ocrx_word' id='word_1_202' title='bbox 1636 1773 1814 1846; x_wconf 79' lang='grc' dir='ltr'>εὑρεῖν</span> <span class='ocrx_word' id='word_1_203' title='bbox 1859 1777 1904 1829; x_wconf 75' lang='grc' dir='ltr'><strong>ἐι</strong></span> 
     </span>
    </p>
   </div>
   <div class='ocr_carea' id='block_1_31' title="bbox 2002 1754 3591 1846">
    <p class='ocr_par' dir='ltr' id='par_1_31' title="bbox 2018 1764 3591 1842">
     <span class='ocr_line' id='line_1_31' title="bbox 2018 1764 3591 1842; baseline 0.008 -26"><span class='ocrx_word' id='word_1_204' title='bbox 2018 1764 2325 1831; x_wconf 80' lang='lat' dir='ltr'><strong>adveniret,</strong></span> <span class='ocrx_word' id='word_1_205' title='bbox 2356 1780 2466 1821; x_wconf 93' lang='lat' dir='ltr'><strong>non</strong></span> <span class='ocrx_word' id='word_1_206' title='bbox 2503 1775 2624 1821; x_wconf 85' lang='lat' dir='ltr'><strong>erat</strong></span> <span class='ocrx_word' id='word_1_207' title='bbox 2660 1767 2712 1821; x_wconf 92' lang='lat' dir='ltr'><strong>in</strong></span> <span class='ocrx_word' id='word_1_208' title='bbox 2742 1768 2994 1825; x_wconf 90' lang='lat' dir='ltr'><strong>universa</strong></span> <span class='ocrx_word' id='word_1_209' title='bbox 3021 1780 3165 1826; x_wconf 87' lang='lat' dir='ltr'><strong>terra</strong></span> <span class='ocrx_word' id='word_1_210' title='bbox 3196 1772 3591 1842; x_wconf 87' lang='lat' dir='ltr'><strong>plenitudinem</strong></span> 
     </span>
    </p>
   </div>
   <div class='ocr_carea' id='block_1_32' title="bbox 335 1847 1911 1938">
    <p class='ocr_par' dir='ltr' id='par_1_32' title="bbox 335 1847 1911 1938">
     <span class='ocr_line' id='line_1_32' title="bbox 335 1847 1911 1938; baseline 0.016 -40"><span class='ocrx_word' id='word_1_211' title='bbox 335 1847 490 1921; x_wconf 82' lang='grc' dir='ltr'>πάσῃ</span> <span class='ocrx_word' id='word_1_212' title='bbox 523 1851 589 1920; x_wconf 81' lang='grc' dir='ltr'>τῇ</span> <span class='ocrx_word' id='word_1_213' title='bbox 619 1852 688 1921; x_wconf 83' lang='grc' dir='ltr'><strong>γῇ</strong></span> <span class='ocrx_word' id='word_1_214' title='bbox 724 1850 1020 1925; x_wconf 89' lang='grc' dir='ltr'>πλήρωμα,</span> <span class='ocrx_word' id='word_1_215' title='bbox 1062 1856 1177 1910; x_wconf 84' lang='grc' dir='ltr'>ἀλλ’</span> <span class='ocrx_word' id='word_1_216' title='bbox 1213 1854 1282 1929; x_wconf 83' lang='grc' dir='ltr'>ἦν</span> <span class='ocrx_word' id='word_1_217' title='bbox 1309 1859 1377 1912; x_wconf 80' lang='grc' dir='ltr'>τὰ</span> <span class='ocrx_word' id='word_1_218' title='bbox 1403 1860 1632 1917; x_wconf 87' lang='grc' dir='ltr'>πλεῖστα</span> <span class='ocrx_word' id='word_1_219' title='bbox 1660 1865 1760 1936; x_wconf 86' lang='grc' dir='ltr'><strong>τῆς</strong></span> <span class='ocrx_word' id='word_1_220' title='bbox 1788 1866 1911 1938; x_wconf 81' lang='grc' dir='ltr'>γῆς,</span> 
     </span>
    </p>
   </div>
   <div class='ocr_carea' id='block_1_33' title="bbox 333 1937 1914 2031">
    <p class='ocr_par' dir='ltr' id='par_1_33' title="bbox 333 1937 1914 2031">
     <span class='ocr_line' id='line_1_33' title="bbox 333 1937 1914 2031; baseline 0.016 -42"><span class='ocrx_word' id='word_1_221' title='bbox 333 1938 387 1990; x_wconf 86' lang='grc' dir='ltr'>εἰ</span> <span class='ocrx_word' id='word_1_222' title='bbox 412 1937 495 1992; x_wconf 85' lang='grc' dir='ltr'><strong>δεῖ</strong></span> <span class='ocrx_word' id='word_1_223' title='bbox 528 1940 702 2006; x_wconf 77' lang='grc' dir='ltr'>οὕτως</span> <span class='ocrx_word' id='word_1_224' title='bbox 736 1945 930 2011; x_wconf 81' lang='grc' dir='ltr'>εἰπεῖν,</span> <span class='ocrx_word' id='word_1_225' title='bbox 966 1947 1218 2019; x_wconf 76' lang='grc' dir='ltr'><strong>κενότης·</strong></span> <span class='ocrx_word' id='word_1_226' title='bbox 1248 1952 1336 2005; x_wconf 81' lang='grc' dir='ltr'>ὅτε</span> <span class='ocrx_word' id='word_1_227' title='bbox 1364 1952 1421 2006; x_wconf 88' lang='grc' dir='ltr'><strong>δέ</strong></span> <span class='ocrx_word' id='word_1_228' title='bbox 1452 1955 1686 2027; x_wconf 88' lang='grc' dir='ltr'>Χριστὸς</span> <span class='ocrx_word' id='word_1_229' title='bbox 1718 1937 1914 2031; x_wconf 80' lang='grc' dir='ltr'>ἐπεδή-</span> 
     </span>
    </p>
   </div>
   <div class='ocr_carea' id='block_1_34' title="bbox 331 2033 1912 2106">
    <p class='ocr_par' dir='ltr' id='par_1_34' title="bbox 331 2033 1912 2106">
     <span class='ocr_line' id='line_1_34' title="bbox 331 2033 1912 2106; baseline 0.015 -23"><span class='ocrx_word' id='word_1_230' title='bbox 331 2046 500 2104; x_wconf 78' lang='grc' dir='ltr'>μησε,</span> <span class='ocrx_word' id='word_1_231' title='bbox 537 2033 717 2089; x_wconf 72' lang='grc' dir='ltr'>πολλοὶ</span> <span class='ocrx_word' id='word_1_232' title='bbox 762 2037 964 2092; x_wconf 79' lang='grc' dir='ltr'>εἴποιεν</span> <span class='ocrx_word' id='word_1_233' title='bbox 995 2040 1060 2095; x_wconf 84' lang='grc' dir='ltr'><strong>ἂν</strong></span> <span class='ocrx_word' id='word_1_234' title='bbox 1103 2042 1210 2096; x_wconf 87' lang='grc' dir='ltr'><strong>τῶν</strong></span> <span class='ocrx_word' id='word_1_235' title='bbox 1243 2048 1679 2104; x_wconf 85' lang='grc' dir='ltr'>πεπιστευκότων</span> <span class='ocrx_word' id='word_1_236' title='bbox 1716 2054 1780 2105; x_wconf 88' lang='grc' dir='ltr'><strong>ἐκ</strong></span> <span class='ocrx_word' id='word_1_237' title='bbox 1806 2051 1912 2106; x_wconf 90' lang='grc' dir='ltr'><strong>τῶν</strong></span> 
     </span>
    </p>
   </div>
   <div class='ocr_carea' id='block_1_35' title="bbox 331 2123 1911 2217">
    <p class='ocr_par' dir='ltr' id='par_1_35' title="bbox 331 2123 1911 2217">
     <span class='ocr_line' id='line_1_35' title="bbox 331 2123 1911 2217; baseline 0.015 -40"><span class='ocrx_word' id='word_1_238' title='bbox 331 2123 539 2179; x_wconf 76' lang='grc' dir='ltr'>ἐθνῶνο</span> <span class='ocrx_word' id='word_1_239' title='bbox 578 2146 597 2179; x_wconf 81' lang='lat' dir='ltr'><strong>t</strong></span> <span class='ocrx_word' id='word_1_240' title='bbox 639 2128 733 2183; x_wconf 86' lang='grc' dir='ltr'>Ἐκ</span> <span class='ocrx_word' id='word_1_241' title='bbox 764 2131 858 2184; x_wconf 86' lang='grc' dir='ltr'><strong>τοῦ</strong></span> <span class='ocrx_word' id='word_1_242' title='bbox 890 2132 1254 2205; x_wconf 75' lang='grc' dir='ltr'>πληρώματος</span> <span class='ocrx_word' id='word_1_243' title='bbox 1302 2137 1467 2193; x_wconf 82' lang='grc' dir='ltr'>αὐτοῦ</span> <span class='ocrx_word' id='word_1_244' title='bbox 1505 2141 1705 2207; x_wconf 79' lang='grc' dir='ltr'>πάντες</span> <span class='ocrx_word' id='word_1_245' title='bbox 1749 2146 1911 2217; x_wconf 80' lang='grc' dir='ltr'>ἡμεῖς</span> 
     </span>
    </p>
   </div>
   <div class='ocr_carea' id='block_1_36' title="bbox 330 2218 1905 2310">
    <p class='ocr_par' dir='ltr' id='par_1_36' title="bbox 330 2218 1905 2310">
     <span class='ocr_line' id='line_1_36' title="bbox 330 2218 1905 2310; baseline 0.014 -38"><span class='ocrx_word' id='word_1_246' title='bbox 330 2218 601 2293; x_wconf 81' lang='grc' dir='ltr'>ἐλάϐομεν</span> <span class='ocrx_word' id='word_1_247' title='bbox 630 2240 643 2255; x_wconf 89' lang='grc'><strong>·</strong></span> <span class='ocrx_word' id='word_1_248' title='bbox 673 2243 692 2277; x_wconf 75' lang='grc' dir='ltr'><strong>ι</strong></span> <span class='ocrx_word' id='word_1_249' title='bbox 730 2226 825 2279; x_wconf 78' lang='grc' dir='ltr'><strong>καὶ</strong></span> <span class='ocrx_word' id='word_1_250' title='bbox 863 2225 953 2280; x_wconf 79' lang='grc' dir='ltr'>διὰ</span> <span class='ocrx_word' id='word_1_251' title='bbox 999 2227 1157 2283; x_wconf 88' lang='grc' dir='ltr'>τοῦτο</span> <span class='ocrx_word' id='word_1_252' title='bbox 1204 2230 1369 2286; x_wconf 79' lang='grc' dir='ltr'>αὐτοῦ</span> <span class='ocrx_word' id='word_1_253' title='bbox 1423 2228 1562 2288; x_wconf 81' lang='grc' dir='ltr'>εἶναι</span> <span class='ocrx_word' id='word_1_254' title='bbox 1614 2235 1905 2310; x_wconf 78' lang='grc' dir='ltr'>πλήρωμα.</span> 
     </span>
    </p>
   </div>
   <div class='ocr_carea' id='block_1_37' title="bbox 328 2311 1909 2398">
    <p class='ocr_par' dir='ltr' id='par_1_37' title="bbox 328 2311 1909 2398">
     <span class='ocr_line' id='line_1_37' title="bbox 328 2311 1909 2398; baseline 0.014 -35"><span class='ocrx_word' id='word_1_255' title='bbox 328 2311 409 2398; x_wconf 68' lang='lat'>06</span> <span class='ocrx_word' id='word_1_256' title='bbox 448 2311 557 2384; x_wconf 77' lang='grc' dir='ltr'><strong>γὰρ</strong></span> <span class='ocrx_word' id='word_1_257' title='bbox 589 2314 638 2366; x_wconf 80' lang='lat' dir='ltr'><strong>oi</strong></span> <span class='ocrx_word' id='word_1_258' title='bbox 673 2316 819 2369; x_wconf 77' lang='grc' dir='ltr'>κενοὶ</span> <span class='ocrx_word' id='word_1_259' title='bbox 848 2317 952 2388; x_wconf 90' lang='grc' dir='ltr'><strong>τῆς</strong></span> <span class='ocrx_word' id='word_1_260' title='bbox 985 2320 1126 2374; x_wconf 81' lang='grc' dir='ltr'>κατᾶ</span> <span class='ocrx_word' id='word_1_261' title='bbox 1157 2321 1217 2375; x_wconf 86' lang='grc' dir='ltr'><strong>τὸ</strong></span> <span class='ocrx_word' id='word_1_262' title='bbox 1251 2323 1584 2393; x_wconf 67' lang='grc' dir='ltr'>Εὐαγγέλιω</span> <span class='ocrx_word' id='word_1_263' title='bbox 1632 2327 1909 2398; x_wconf 84' lang='grc' dir='ltr'>πολιτείας</span> 
     </span>
    </p>
   </div>
   <div class='ocr_carea' id='block_1_38' title="bbox 331 2397 1907 2486">
    <p class='ocr_par' dir='ltr' id='par_1_38' title="bbox 331 2397 1907 2486">
     <span class='ocr_line' id='line_1_38' title="bbox 331 2397 1907 2486; baseline 0.016 -36"><span class='ocrx_word' id='word_1_264' title='bbox 331 2397 609 2472; x_wconf 83' lang='grc' dir='ltr'>πλήρωμα</span> <span class='ocrx_word' id='word_1_265' title='bbox 660 2398 770 2457; x_wconf 78' lang='grc' dir='ltr'>εἷεν</span> <span class='ocrx_word' id='word_1_266' title='bbox 800 2403 1057 2477; x_wconf 80' lang='grc' dir='ltr'>Χριστοῦ.</span> <span class='ocrx_word' id='word_1_267' title='bbox 1103 2410 1177 2462; x_wconf 80' lang='grc' dir='ltr'><strong>Οὐ</strong></span> <span class='ocrx_word' id='word_1_268' title='bbox 1233 2411 1393 2482; x_wconf 89' lang='grc' dir='ltr'>μόνον</span> <span class='ocrx_word' id='word_1_269' title='bbox 1419 2412 1477 2467; x_wconf 87' lang='grc' dir='ltr'><strong>δέ</strong></span> <span class='ocrx_word' id='word_1_270' title='bbox 1525 2417 1557 2486; x_wconf 88' lang='grc' dir='ltr'><strong>ή</strong></span> <span class='ocrx_word' id='word_1_271' title='bbox 1594 2415 1668 2486; x_wconf 87' lang='grc' dir='ltr'>γῆ</span> <span class='ocrx_word' id='word_1_272' title='bbox 1715 2420 1811 2473; x_wconf 74' lang='grc' dir='ltr'>καὶ</span> <span class='ocrx_word' id='word_1_273' title='bbox 1846 2421 1907 2474; x_wconf 91' lang='grc' dir='ltr'><strong>τὸ</strong></span> 
     </span>
    </p>
   </div>
   <div class='ocr_carea' id='block_1_39' title="bbox 329 2489 1906 2585">
    <p class='ocr_par' dir='ltr' id='par_1_39' title="bbox 329 2489 1906 2585">
     <span class='ocr_line' id='line_1_39' title="bbox 329 2489 1906 2585; baseline 0.014 -42"><span class='ocrx_word' id='word_1_274' title='bbox 329 2489 608 2563; x_wconf 79' lang='grc' dir='ltr'>πλήρωμα</span> <span class='ocrx_word' id='word_1_275' title='bbox 638 2494 825 2566; x_wconf 74' lang='grc' dir='ltr'>αὐτῆς,</span> <span class='ocrx_word' id='word_1_276' title='bbox 861 2496 995 2552; x_wconf 78' lang='grc' dir='ltr'>ἀλλὰ</span> <span class='ocrx_word' id='word_1_277' title='bbox 1029 2501 1123 2554; x_wconf 74' lang='grc' dir='ltr'><strong>καὶ</strong></span> <span class='ocrx_word' id='word_1_278' title='bbox 1168 2502 1202 2573; x_wconf 80' lang='grc' dir='ltr'>ἡ</span> <span class='ocrx_word' id='word_1_279' title='bbox 1236 2504 1546 2577; x_wconf 78' lang='grc' dir='ltr'>οἰκουμένη.</span> <span class='ocrx_word' id='word_1_280' title='bbox 1592 2507 1680 2562; x_wconf 87' lang='grc' dir='ltr'>Ἐν</span> <span class='ocrx_word' id='word_1_281' title='bbox 1713 2510 1906 2585; x_wconf 81' lang='grc' dir='ltr'>ἐρήμῳ</span> 
     </span>
    </p>
   </div>
   <div class='ocr_carea' id='block_1_40' title="bbox 329 2587 1906 2675">
    <p class='ocr_par' dir='ltr' id='par_1_40' title="bbox 329 2587 1906 2675">
     <span class='ocr_line' id='line_1_40' title="bbox 329 2587 1906 2675; baseline 0.014 -40"><span class='ocrx_word' id='word_1_282' title='bbox 329 2587 578 2638; x_wconf 85' lang='grc' dir='ltr'>κατοικεῖ</span> <span class='ocrx_word' id='word_1_283' title='bbox 619 2588 646 2640; x_wconf 98' lang='lat'><strong>6</strong></span> <span class='ocrx_word' id='word_1_284' title='bbox 678 2587 1025 2659; x_wconf 86' lang='grc' dir='ltr'>ἁμαρτωλὸς,</span> <span class='ocrx_word' id='word_1_285' title='bbox 1073 2594 1101 2646; x_wconf 89' lang='lat'><strong>6</strong></span> <span class='ocrx_word' id='word_1_286' title='bbox 1131 2592 1187 2646; x_wconf 81' lang='grc' dir='ltr'>δὲ</span> <span class='ocrx_word' id='word_1_287' title='bbox 1220 2596 1278 2649; x_wconf 88' lang='grc' dir='ltr'><strong>ἐν</strong></span> <span class='ocrx_word' id='word_1_288' title='bbox 1320 2599 1387 2666; x_wconf 80' lang='grc' dir='ltr'>τῇ</span> <span class='ocrx_word' id='word_1_289' title='bbox 1430 2597 1727 2675; x_wconf 73' lang='grc' dir='ltr'>Ἐκκλησία</span> <span class='ocrx_word' id='word_1_290' title='bbox 1776 2621 1906 2674; x_wconf 87' lang='grc' dir='ltr'>τυγ-</span> 
     </span>
    </p>
   </div>
   <div class='ocr_carea' id='block_1_41' title="bbox 326 2673 1902 2763">
    <p class='ocr_par' dir='ltr' id='par_1_41' title="bbox 326 2673 1902 2763">
     <span class='ocr_line' id='line_1_41' title="bbox 326 2673 1902 2763; baseline 0.015 -35"><span class='ocrx_word' id='word_1_291' title='bbox 326 2673 509 2746; x_wconf 83' lang='grc' dir='ltr'>χάνων</span> <span class='ocrx_word' id='word_1_292' title='bbox 557 2680 622 2749; x_wconf 79' lang='grc' dir='ltr'><strong>τῇ</strong></span> <span class='ocrx_word' id='word_1_293' title='bbox 658 2681 1062 2756; x_wconf 77' lang='grc' dir='ltr'>πεπληρωμένη</span> <span class='ocrx_word' id='word_1_294' title='bbox 1097 2685 1202 2755; x_wconf 88' lang='grc' dir='ltr'><strong>τῆς</strong></span> <span class='ocrx_word' id='word_1_295' title='bbox 1250 2686 1410 2756; x_wconf 80' lang='grc' dir='ltr'>ἁγίας</span> <span class='ocrx_word' id='word_1_296' title='bbox 1450 2673 1709 2763; x_wconf 71' lang='grc' dir='ltr'>Τριάδος,</span> <span class='ocrx_word' id='word_1_297' title='bbox 1748 2673 1902 2763; x_wconf 73' lang='grc' dir='ltr'>οὗτος</span> 
     </span>
    </p>
   </div>
   <div class='ocr_carea' id='block_1_42' title="bbox 327 2773 1898 2858">
    <p class='ocr_par' dir='ltr' id='par_1_42' title="bbox 327 2773 1898 2858">
     <span class='ocr_line' id='line_1_42' title="bbox 327 2773 1898 2858; baseline 0.014 -36"><span class='ocrx_word' id='word_1_298' title='bbox 327 2774 576 2825; x_wconf 86' lang='grc' dir='ltr'>κατοικεῖ</span> <span class='ocrx_word' id='word_1_299' title='bbox 605 2773 703 2845; x_wconf 80' lang='grc' dir='ltr'><strong>τὴν</strong></span> <span class='ocrx_word' id='word_1_300' title='bbox 752 2776 1097 2848; x_wconf 73' lang='grc' dir='ltr'>οἰκουμένην,</span> <span class='ocrx_word' id='word_1_301' title='bbox 1146 2779 1267 2849; x_wconf 83' lang='grc' dir='ltr'>ἥτις</span> <span class='ocrx_word' id='word_1_302' title='bbox 1315 2781 1527 2855; x_wconf 79' lang='grc' dir='ltr'>ἐστὶνὴ</span> <span class='ocrx_word' id='word_1_303' title='bbox 1574 2786 1898 2858; x_wconf 83' lang='grc' dir='ltr'>Ἐκκλησία,</span> 
     </span>
    </p>
   </div>
   <div class='ocr_carea' id='block_1_43' title="bbox 325 2859 1899 2952">
    <p class='ocr_par' dir='ltr' id='par_1_43' title="bbox 325 2859 1899 2952">
     <span class='ocr_line' id='line_1_43' title="bbox 325 2859 1899 2952; baseline 0.015 -40"><span class='ocrx_word' id='word_1_304' title='bbox 325 2860 425 2913; x_wconf 69' lang='grc' dir='ltr'><strong>ἐπὶ</strong></span> <span class='ocrx_word' id='word_1_305' title='bbox 466 2859 750 2917; x_wconf 82' lang='grc' dir='ltr'>θαλασσῶν</span> <span class='ocrx_word' id='word_1_306' title='bbox 788 2864 896 2919; x_wconf 88' lang='grc' dir='ltr'><strong>τῶν</strong></span> <span class='ocrx_word' id='word_1_307' title='bbox 960 2870 1277 2941; x_wconf 85' lang='grc' dir='ltr'>πειρασμῶν</span> <span class='ocrx_word' id='word_1_308' title='bbox 1320 2874 1426 2927; x_wconf 78' lang='grc' dir='ltr'>ὑπὸ</span> <span class='ocrx_word' id='word_1_309' title='bbox 1472 2876 1677 2949; x_wconf 86' lang='grc' dir='ltr'>Κυρίου</span> <span class='ocrx_word' id='word_1_310' title='bbox 1735 2878 1899 2952; x_wconf 87' lang='grc' dir='ltr'>θεμε-</span> 
     </span>
    </p>
   </div>
   <div class='ocr_carea' id='block_1_44' title="bbox 324 2947 1900 3038">
    <p class='ocr_par' dir='ltr' id='par_1_44' title="bbox 324 2947 1900 3038">
     <span class='ocr_line' id='line_1_44' title="bbox 324 2947 1900 3038; baseline 0.017 -36"><span class='ocrx_word' id='word_1_311' title='bbox 324 2947 607 3024; x_wconf 78' lang='grc' dir='ltr'>λιουμένη,</span> <span class='ocrx_word' id='word_1_312' title='bbox 638 2956 729 3009; x_wconf 74' lang='grc' dir='ltr'><strong>καὶ</strong></span> <span class='ocrx_word' id='word_1_313' title='bbox 756 2958 813 3010; x_wconf 85' lang='grc' dir='ltr'><strong>ἐν</strong></span> <span class='ocrx_word' id='word_1_314' title='bbox 841 2957 1020 3024; x_wconf 70' lang='grc' dir='ltr'>αὐτοῖς</span> <span class='ocrx_word' id='word_1_315' title='bbox 1041 2961 1268 3028; x_wconf 84' lang='grc' dir='ltr'>νικῶσα,</span> <span class='ocrx_word' id='word_1_316' title='bbox 1293 2964 1379 3019; x_wconf 79' lang='grc' dir='ltr'><strong>ἵνα</strong></span> <span class='ocrx_word' id='word_1_317' title='bbox 1407 2967 1544 3038; x_wconf 84' lang='grc' dir='ltr'>μετὰ</span> <span class='ocrx_word' id='word_1_318' title='bbox 1565 2947 1728 3025; x_wconf 79' lang='grc' dir='ltr'>τοῦτο</span> <span class='ocrx_word' id='word_1_319' title='bbox 1756 2947 1900 3029; x_wconf 83' lang='grc' dir='ltr'>ποτι-</span> 
     </span>
    </p>
   </div>
   <div class='ocr_carea' id='block_1_45' title="bbox 325 3041 1274 3127">
    <p class='ocr_par' dir='ltr' id='par_1_45' title="bbox 325 3041 1274 3127">
     <span class='ocr_line' id='line_1_45' title="bbox 325 3041 1274 3127; baseline 0.015 -33"><span class='ocrx_word' id='word_1_320' title='bbox 325 3041 529 3116; x_wconf 82' lang='grc' dir='ltr'>ζομένη</span> <span class='ocrx_word' id='word_1_321' title='bbox 555 3046 647 3099; x_wconf 77' lang='grc' dir='ltr'>ἐπὶ</span> <span class='ocrx_word' id='word_1_322' title='bbox 682 3049 925 3120; x_wconf 87' lang='grc' dir='ltr'>ποταμοῦ</span> <span class='ocrx_word' id='word_1_323' title='bbox 959 3053 1274 3127; x_wconf 81' lang='grc' dir='ltr'>ἑτοιμασθῇ.</span> 
     </span>
    </p>
   </div>
   <div class='ocr_carea' id='block_1_46' title="bbox 405 3136 1898 3222">
    <p class='ocr_par' dir='ltr' id='par_1_46' title="bbox 405 3136 1898 3222">
     <span class='ocr_line' id='line_1_46' title="bbox 405 3136 1898 3222; baseline 0.017 -33"><span class='ocrx_word' id='word_1_324' title='bbox 405 3136 500 3201; x_wconf 83' lang='grc' dir='ltr'>Τίς</span> <span class='ocrx_word' id='word_1_325' title='bbox 544 3137 908 3206; x_wconf 78' lang='grc' dir='ltr'>ἀναϐήσεται</span> <span class='ocrx_word' id='word_1_326' title='bbox 936 3145 1024 3209; x_wconf 84' lang='grc' dir='ltr'>εὶς</span> <span class='ocrx_word' id='word_1_327' title='bbox 1055 3143 1121 3197; x_wconf 78' lang='grc' dir='ltr'><strong>τό</strong></span> <span class='ocrx_word' id='word_1_328' title='bbox 1171 3145 1309 3214; x_wconf 81' lang='grc' dir='ltr'>ὅρος</span> <span class='ocrx_word' id='word_1_329' title='bbox 1353 3150 1461 3205; x_wconf 86' lang='grc' dir='ltr'><strong>τοῦ</strong></span> <span class='ocrx_word' id='word_1_330' title='bbox 1499 3154 1751 3222; x_wconf 85' lang='grc' dir='ltr'>Κυρίου,</span> <span class='ocrx_word' id='word_1_331' title='bbox 1799 3158 1898 3213; x_wconf 75' lang='grc' dir='ltr'>καὶ</span> 
     </span>
    </p>
   </div>
   <div class='ocr_carea' id='block_1_47' title="bbox 320 3227 1901 3321">
    <p class='ocr_par' dir='ltr' id='par_1_47' title="bbox 320 3227 1901 3321">
     <span class='ocr_line' id='line_1_47' title="bbox 320 3227 1901 3321; baseline 0.015 -41"><span class='ocrx_word' id='word_1_332' title='bbox 320 3227 418 3293; x_wconf 82' lang='grc' dir='ltr'><strong>τίς</strong></span> <span class='ocrx_word' id='word_1_333' title='bbox 446 3228 735 3297; x_wconf 83' lang='grc' dir='ltr'>στήσεται</span> <span class='ocrx_word' id='word_1_334' title='bbox 774 3233 846 3286; x_wconf 73' lang='grc' dir='ltr'><strong>ἐν</strong></span> <span class='ocrx_word' id='word_1_335' title='bbox 873 3237 1035 3303; x_wconf 82' lang='grc' dir='ltr'>τόπῳ</span> <span class='ocrx_word' id='word_1_336' title='bbox 1064 3235 1211 3305; x_wconf 82' lang='grc' dir='ltr'><strong>ἁγίῳ</strong></span> <span class='ocrx_word' id='word_1_337' title='bbox 1249 3241 1469 3307; x_wconf 83' lang='grc' dir='ltr'>αὐτοῦ;</span> <span class='ocrx_word' id='word_1_338' title='bbox 1512 3262 1567 3299; x_wconf 91' lang='grc' dir='ltr'><strong>κ.</strong></span> <span class='ocrx_word' id='word_1_339' title='bbox 1593 3263 1642 3300; x_wconf 93' lang='grc' dir='ltr'>τ.</span> <span class='ocrx_word' id='word_1_340' title='bbox 1677 3248 1723 3301; x_wconf 83' lang='grc' dir='ltr'><strong>ἐ.</strong></span> <span class='ocrx_word' id='word_1_341' title='bbox 1760 3249 1901 3321; x_wconf 80' lang='grc' dir='ltr'><strong>Σύγ-</strong></span> 
     </span>
    </p>
   </div>
   <div class='ocr_carea' id='block_1_48' title="bbox 321 3321 1897 3412">
    <p class='ocr_par' dir='ltr' id='par_1_48' title="bbox 321 3321 1897 3412">
     <span class='ocr_line' id='line_1_48' title="bbox 321 3321 1897 3412; baseline 0.017 -41"><span class='ocrx_word' id='word_1_342' title='bbox 321 3336 510 3391; x_wconf 89' lang='grc' dir='ltr'>κρινον</span> <span class='ocrx_word' id='word_1_343' title='bbox 540 3321 596 3375; x_wconf 89' lang='grc' dir='ltr'>δὲ</span> <span class='ocrx_word' id='word_1_344' title='bbox 622 3322 796 3379; x_wconf 89' lang='grc' dir='ltr'>ταῦτα</span> <span class='ocrx_word' id='word_1_345' title='bbox 827 3325 936 3396; x_wconf 87' lang='grc'><strong>(80)</strong></span> <span class='ocrx_word' id='word_1_346' title='bbox 965 3327 1063 3399; x_wconf 81' lang='grc' dir='ltr'><strong>τῷ,</strong></span> <span class='ocrx_word' id='word_1_347' title='bbox 1101 3347 1120 3380; x_wconf 81' lang='lat' dir='ltr'><strong>t</strong></span> <span class='ocrx_word' id='word_1_348' title='bbox 1149 3330 1341 3405; x_wconf 83' lang='grc' dir='ltr'>Κύριε,</span> <span class='ocrx_word' id='word_1_349' title='bbox 1373 3333 1459 3398; x_wconf 86' lang='grc' dir='ltr'><strong>τίς</strong></span> <span class='ocrx_word' id='word_1_350' title='bbox 1487 3342 1809 3412; x_wconf 90' lang='grc' dir='ltr'>παροικήσει</span> <span class='ocrx_word' id='word_1_351' title='bbox 1839 3346 1897 3400; x_wconf 84' lang='grc' dir='ltr'><strong>ἐν</strong></span> 
     </span>
    </p>
   </div>
   <div class='ocr_carea' id='block_1_49' title="bbox 318 3411 1900 3501">
    <p class='ocr_par' dir='ltr' id='par_1_49' title="bbox 318 3411 1900 3501">
     <span class='ocr_line' id='line_1_49' title="bbox 318 3411 1900 3501; baseline 0.016 -37"><span class='ocrx_word' id='word_1_352' title='bbox 318 3411 401 3483; x_wconf 81' lang='grc' dir='ltr'>τῷ</span> <span class='ocrx_word' id='word_1_353' title='bbox 434 3414 749 3487; x_wconf 81' lang='grc' dir='ltr'>σκηνώματι</span> <span class='ocrx_word' id='word_1_354' title='bbox 782 3422 1038 3486; x_wconf 62' lang='grc' dir='ltr'>σουρκαὶ</span> <span class='ocrx_word' id='word_1_355' title='bbox 1066 3422 1136 3476; x_wconf 67' lang='grc' dir='ltr'>τὰ</span> <span class='ocrx_word' id='word_1_356' title='bbox 1173 3423 1333 3496; x_wconf 51' lang='grc' dir='ltr'>ἑξῆς</span> <span class='ocrx_word' id='word_1_357' title='bbox 1371 3427 1466 3480; x_wconf 75' lang='grc' dir='ltr'>καὶ</span> <span class='ocrx_word' id='word_1_358' title='bbox 1498 3428 1620 3501; x_wconf 85' lang='grc' dir='ltr'>ὅρα,</span> <span class='ocrx_word' id='word_1_359' title='bbox 1654 3411 1738 3485; x_wconf 83' lang='grc' dir='ltr'>ὅτι</span> <span class='ocrx_word' id='word_1_360' title='bbox 1782 3437 1900 3490; x_wconf 86' lang='grc' dir='ltr'>ἐκεῖ</span> 
     </span>
    </p>
   </div>
   <div class='ocr_carea' id='block_1_50' title="bbox 250 3504 1897 3595">
    <p class='ocr_par' dir='ltr' id='par_1_50' title="bbox 250 3504 1897 3595">
     <span class='ocr_line' id='line_1_50' title="bbox 250 3504 1897 3595; baseline 0.016 -41"><span class='ocrx_word' id='word_1_361' title='bbox 250 3526 253 3527; x_wconf 52' lang='grc' dir='ltr'><strong>ν</strong></span> <span class='ocrx_word' id='word_1_362' title='bbox 320 3504 425 3574; x_wconf 83' lang='grc' dir='ltr'><strong>μὲν</strong></span> <span class='ocrx_word' id='word_1_363' title='bbox 470 3507 732 3579; x_wconf 86' lang='grc' dir='ltr'>πρότερον</span> <span class='ocrx_word' id='word_1_364' title='bbox 778 3515 1102 3587; x_wconf 87' lang='grc' dir='ltr'>παροικήσει</span> <span class='ocrx_word' id='word_1_365' title='bbox 1148 3517 1208 3571; x_wconf 88' lang='grc' dir='ltr'><strong>ἐν</strong></span> <span class='ocrx_word' id='word_1_366' title='bbox 1261 3517 1576 3592; x_wconf 86' lang='grc' dir='ltr'>σκηνώματι</span> <span class='ocrx_word' id='word_1_367' title='bbox 1616 3524 1823 3595; x_wconf 85' lang='grc' dir='ltr'>Κυρίου</span> <span class='ocrx_word' id='word_1_368' title='bbox 1867 3529 1897 3582; x_wconf 94' lang='lat'><strong>6</strong></span> 
     </span>
    </p>
   </div>
   <div class='ocr_carea' id='block_1_51' title="bbox 316 3596 1891 3687">
    <p class='ocr_par' dir='ltr' id='par_1_51' title="bbox 316 3596 1891 3687">
     <span class='ocr_line' id='line_1_51' title="bbox 316 3596 1891 3687; baseline 0.016 -39"><span class='ocrx_word' id='word_1_369' title='bbox 316 3596 546 3663; x_wconf 83' lang='grc' dir='ltr'>τοιόσδε,</span> <span class='ocrx_word' id='word_1_370' title='bbox 592 3599 784 3656; x_wconf 78' lang='grc' dir='ltr'>ἔπειτα</span> <span class='ocrx_word' id='word_1_371' title='bbox 824 3607 1234 3680; x_wconf 83' lang='grc' dir='ltr'>κατασκηνώσει</span> <span class='ocrx_word' id='word_1_372' title='bbox 1268 3611 1326 3665; x_wconf 89' lang='grc' dir='ltr'><strong>ἐν</strong></span> <span class='ocrx_word' id='word_1_373' title='bbox 1359 3611 1475 3687; x_wconf 78' lang='grc' dir='ltr'>ὄρει</span> <span class='ocrx_word' id='word_1_374' title='bbox 1524 3614 1663 3687; x_wconf 81' lang='grc' dir='ltr'><strong>ἁγίῳ</strong></span> <span class='ocrx_word' id='word_1_375' title='bbox 1695 3618 1858 3674; x_wconf 78' lang='grc' dir='ltr'>αὐτοῦ</span> <span class='ocrx_word' id='word_1_376' title='bbox 1878 3638 1891 3651; x_wconf 91' lang='grc'><strong>·</strong></span> 
     </span>
    </p>
   </div>
   <div class='ocr_carea' id='block_1_52' title="bbox 314 3686 1893 3781">
    <p class='ocr_par' dir='ltr' id='par_1_52' title="bbox 314 3686 1893 3781">
     <span class='ocr_line' id='line_1_52' title="bbox 314 3686 1893 3781; baseline 0.017 -43"><span class='ocrx_word' id='word_1_377' title='bbox 314 3686 506 3741; x_wconf 82' lang='grc' dir='ltr'>ἐνθάδε</span> <span class='ocrx_word' id='word_1_378' title='bbox 533 3689 592 3744; x_wconf 78' lang='grc' dir='ltr'>δὲ</span> <span class='ocrx_word' id='word_1_379' title='bbox 641 3692 904 3767; x_wconf 89' lang='grc' dir='ltr'>πρότερον</span> <span class='ocrx_word' id='word_1_380' title='bbox 952 3698 1285 3772; x_wconf 81' lang='grc' dir='ltr'>ἀναϐήσεται</span> <span class='ocrx_word' id='word_1_381' title='bbox 1314 3686 1399 3767; x_wconf 82' lang='grc' dir='ltr'><strong>είς</strong></span> <span class='ocrx_word' id='word_1_382' title='bbox 1443 3704 1570 3779; x_wconf 77' lang='grc' dir='ltr'>ὅρος</span> <span class='ocrx_word' id='word_1_383' title='bbox 1616 3686 1822 3781; x_wconf 85' lang='grc' dir='ltr'>Κυρίου</span> <span class='ocrx_word' id='word_1_384' title='bbox 1864 3713 1893 3766; x_wconf 96' lang='lat'><strong>6</strong></span> 
     </span>
    </p>
   </div>
   <div class='ocr_carea' id='block_1_53' title="bbox 313 3779 1895 3874">
    <p class='ocr_par' dir='ltr' id='par_1_53' title="bbox 313 3779 1895 3874">
     <span class='ocr_line' id='line_1_53' title="bbox 313 3779 1895 3874; baseline 0.017 -42"><span class='ocrx_word' id='word_1_385' title='bbox 313 3779 544 3845; x_wconf 86' lang='grc' dir='ltr'>τοιόσδε,</span> <span class='ocrx_word' id='word_1_386' title='bbox 573 3781 823 3857; x_wconf 80' lang='grc' dir='ltr'>δεύτερον</span> <span class='ocrx_word' id='word_1_387' title='bbox 854 3787 912 3842; x_wconf 86' lang='grc' dir='ltr'><strong>δέ</strong></span> <span class='ocrx_word' id='word_1_388' title='bbox 944 3792 1197 3862; x_wconf 85' lang='grc' dir='ltr'>στήσεται</span> <span class='ocrx_word' id='word_1_389' title='bbox 1237 3795 1297 3849; x_wconf 87' lang='grc' dir='ltr'><strong>ἐν</strong></span> <span class='ocrx_word' id='word_1_390' title='bbox 1325 3795 1403 3868; x_wconf 81' lang='grc' dir='ltr'>τῷ</span> <span class='ocrx_word' id='word_1_391' title='bbox 1434 3798 1582 3870; x_wconf 87' lang='grc' dir='ltr'>τόπῳ</span> <span class='ocrx_word' id='word_1_392' title='bbox 1620 3779 1760 3874; x_wconf 82' lang='grc' dir='ltr'>ἁγίῳ</span> <span class='ocrx_word' id='word_1_393' title='bbox 1798 3806 1895 3858; x_wconf 86' lang='grc' dir='ltr'>αὐ-</span> 
     </span>
    </p>
   </div>
   <div class='ocr_carea' id='block_1_54' title="bbox 313 3871 1893 3963">
    <p class='ocr_par' dir='ltr' id='par_1_54' title="bbox 313 3871 1893 3963">
     <span class='ocr_line' id='line_1_54' title="bbox 313 3871 1893 3963; baseline 0.016 -39"><span class='ocrx_word' id='word_1_394' title='bbox 313 3871 431 3927; x_wconf 86' lang='grc' dir='ltr'>τοῦ.</span> <span class='ocrx_word' id='word_1_395' title='bbox 480 3874 590 3928; x_wconf 75' lang='grc' dir='ltr'>Καὶ</span> <span class='ocrx_word' id='word_1_396' title='bbox 633 3875 759 3949; x_wconf 78' lang='grc' dir='ltr'>ὅρος</span> <span class='ocrx_word' id='word_1_397' title='bbox 802 3879 901 3950; x_wconf 85' lang='grc' dir='ltr'><strong>μέν</strong></span> <span class='ocrx_word' id='word_1_398' title='bbox 936 3898 1069 3954; x_wconf 77' lang='grc' dir='ltr'>φησι</span> <span class='ocrx_word' id='word_1_399' title='bbox 1101 3884 1307 3957; x_wconf 86' lang='grc' dir='ltr'>Κυρίου</span> <span class='ocrx_word' id='word_1_400' title='bbox 1337 3887 1399 3941; x_wconf 89' lang='grc' dir='ltr'><strong>τὸ</strong></span> <span class='ocrx_word' id='word_1_401' title='bbox 1428 3889 1641 3946; x_wconf 86' lang='grc' dir='ltr'>τελικὸν</span> <span class='ocrx_word' id='word_1_402' title='bbox 1690 3871 1893 3963; x_wconf 44' lang='grc' dir='ltr'>ἀκαθὸν</span> 
     </span>
    </p>
   </div>
   <div class='ocr_carea' id='block_1_55' title="bbox 315 3964 1893 4058">
    <p class='ocr_par' dir='ltr' id='par_1_55' title="bbox 315 3964 1893 4058">
     <span class='ocr_line' id='line_1_55' title="bbox 315 3964 1893 4058; baseline 0.016 -42"><span class='ocrx_word' id='word_1_403' title='bbox 315 3964 411 4017; x_wconf 79' lang='grc' dir='ltr'><strong>καὶ</strong></span> <span class='ocrx_word' id='word_1_404' title='bbox 436 3965 527 4019; x_wconf 78' lang='grc' dir='ltr'><strong>τὸν</strong></span> <span class='ocrx_word' id='word_1_405' title='bbox 558 3967 690 4022; x_wconf 85' lang='grc' dir='ltr'>Θεὸν</span> <span class='ocrx_word' id='word_1_406' title='bbox 722 3971 925 4041; x_wconf 74' lang='grc' dir='ltr'>Λόγοψ</span> <span class='ocrx_word' id='word_1_407' title='bbox 961 3975 1183 4039; x_wconf 84' lang='grc' dir='ltr'>σπάνιος</span> <span class='ocrx_word' id='word_1_408' title='bbox 1216 3975 1324 4049; x_wconf 81' lang='grc' dir='ltr'><strong>γὰρ</strong></span> <span class='ocrx_word' id='word_1_409' title='bbox 1355 3981 1385 4033; x_wconf 91' lang='lat'><strong>6</strong></span> <span class='ocrx_word' id='word_1_410' title='bbox 1412 3980 1548 4052; x_wconf 82' lang='grc' dir='ltr'>πρὸς</span> <span class='ocrx_word' id='word_1_411' title='bbox 1587 3984 1686 4055; x_wconf 78' lang='grc' dir='ltr'><strong>τὴν</strong></span> <span class='ocrx_word' id='word_1_412' title='bbox 1712 3986 1893 4058; x_wconf 85' lang='grc' dir='ltr'>ἀκρώ-</span> 
     </span>
    </p>
   </div>
   <div class='ocr_carea' id='block_1_56' title="bbox 316 4060 1891 4146">
    <p class='ocr_par' dir='ltr' id='par_1_56' title="bbox 316 4060 1891 4146">
     <span class='ocr_line' id='line_1_56' title="bbox 316 4060 1891 4146; baseline 0.016 -38"><span class='ocrx_word' id='word_1_413' title='bbox 316 4073 467 4129; x_wconf 84' lang='grc' dir='ltr'>ρειαν</span> <span class='ocrx_word' id='word_1_414' title='bbox 493 4060 655 4114; x_wconf 79' lang='grc' dir='ltr'>αὐτοῦ</span> <span class='ocrx_word' id='word_1_415' title='bbox 695 4061 784 4117; x_wconf 76' lang='grc' dir='ltr'>διὰ</span> <span class='ocrx_word' id='word_1_416' title='bbox 811 4066 1092 4139; x_wconf 81' lang='grc' dir='ltr'>προκοπῆς</span> <span class='ocrx_word' id='word_1_417' title='bbox 1125 4068 1390 4139; x_wconf 83' lang='grc' dir='ltr'>ἀναϐῆναι</span> <span class='ocrx_word' id='word_1_418' title='bbox 1423 4072 1751 4146; x_wconf 87' lang='grc' dir='ltr'>δυνάμενος·</span> <span class='ocrx_word' id='word_1_419' title='bbox 1781 4081 1811 4132; x_wconf 89' lang='lat'><strong>6</strong></span> <span class='ocrx_word' id='word_1_420' title='bbox 1833 4078 1891 4132; x_wconf 63' lang='lat' dir='ltr'><strong>es</strong></span> 
     </span>
    </p>
   </div>
   <div class='ocr_carea' id='block_1_57' title="bbox 312 4146 1885 4236">
    <p class='ocr_par' dir='ltr' id='par_1_57' title="bbox 312 4146 1885 4236">
     <span class='ocr_line' id='line_1_57' title="bbox 312 4146 1885 4236; baseline 0.015 -36"><span class='ocrx_word' id='word_1_421' title='bbox 312 4146 651 4214; x_wconf 82' lang='grc' dir='ltr'>τελειωθεὶς,</span> <span class='ocrx_word' id='word_1_422' title='bbox 701 4153 898 4224; x_wconf 85' lang='grc' dir='ltr'>μηκέτι</span> <span class='ocrx_word' id='word_1_423' title='bbox 950 4158 1260 4229; x_wconf 85' lang='grc' dir='ltr'>περαιτέρω</span> <span class='ocrx_word' id='word_1_424' title='bbox 1304 4166 1502 4236; x_wconf 89' lang='grc' dir='ltr'>χωρεῖν</span> <span class='ocrx_word' id='word_1_425' title='bbox 1540 4160 1651 4230; x_wconf 74' lang='grc' dir='ltr'>οἶός</span> <span class='ocrx_word' id='word_1_426' title='bbox 1685 4184 1744 4221; x_wconf 91' lang='grc' dir='ltr'><strong>τε</strong></span> <span class='ocrx_word' id='word_1_427' title='bbox 1791 4166 1885 4235; x_wconf 87' lang='grc' dir='ltr'>ὣν,</span> 
     </span>
    </p>
   </div>
   <div class='ocr_carea' id='block_1_58' title="bbox 313 4238 1883 4322">
    <p class='ocr_par' dir='ltr' id='par_1_58' title="bbox 313 4238 1883 4322">
     <span class='ocr_line' id='line_1_58' title="bbox 313 4238 1883 4322; baseline 0.014 -32"><span class='ocrx_word' id='word_1_428' title='bbox 313 4238 527 4294; x_wconf 80' lang='grc' dir='ltr'>ἵσταται</span> <span class='ocrx_word' id='word_1_429' title='bbox 558 4240 774 4311; x_wconf 86' lang='grc' dir='ltr'>βέϐαιος</span> <span class='ocrx_word' id='word_1_430' title='bbox 819 4245 913 4298; x_wconf 75' lang='grc' dir='ltr'>καὶ</span> <span class='ocrx_word' id='word_1_431' title='bbox 955 4248 1311 4319; x_wconf 77' lang='grc' dir='ltr'>χρηματίζων</span> <span class='ocrx_word' id='word_1_432' title='bbox 1345 4253 1497 4322; x_wconf 76' lang='grc' dir='ltr'>ἅγιος</span> <span class='ocrx_word' id='word_1_433' title='bbox 1530 4255 1693 4321; x_wconf 86' lang='grc' dir='ltr'>τόπος</span> <span class='ocrx_word' id='word_1_434' title='bbox 1726 4257 1883 4313; x_wconf 84' lang='grc' dir='ltr'>Θεοῦ.</span> 
     </span>
    </p>
   </div>
   <div class='ocr_carea' id='block_1_59' title="bbox 326 4328 1886 4411">
    <p class='ocr_par' dir='ltr' id='par_1_59' title="bbox 326 4328 1886 4411">
     <span class='ocr_line' id='line_1_59' title="bbox 326 4328 1886 4411; baseline 0.011 -26"><span class='ocrx_word' id='word_1_435' title='bbox 326 4328 529 4385; x_wconf 88' lang='grc' dir='ltr'>Ὀπίσω</span> <span class='ocrx_word' id='word_1_436' title='bbox 585 4332 695 4404; x_wconf 80' lang='grc' dir='ltr'><strong>γὰρ</strong></span> <span class='ocrx_word' id='word_1_437' title='bbox 725 4334 928 4404; x_wconf 84' lang='grc' dir='ltr'>Κυρίου</span> <span class='ocrx_word' id='word_1_438' title='bbox 966 4338 1328 4410; x_wconf 87' lang='grc' dir='ltr'>πορευόμενος</span> <span class='ocrx_word' id='word_1_439' title='bbox 1383 4342 1693 4411; x_wconf 87' lang='grc' dir='ltr'>ἀναϐαίνει,</span> <span class='ocrx_word' id='word_1_440' title='bbox 1727 4364 1746 4398; x_wconf 82' lang='lat' dir='ltr'><strong>t</strong></span> <span class='ocrx_word' id='word_1_441' title='bbox 1778 4347 1886 4403; x_wconf 91' lang='grc' dir='ltr'><strong>τῶν</strong></span> 
     </span>
    </p>
   </div>
   <div class='ocr_carea' id='block_1_60' title="bbox 2019 1853 3592 1935">
    <p class='ocr_par' dir='ltr' id='par_1_60' title="bbox 2019 1853 3592 1935">
     <span class='ocr_line' id='line_1_60' title="bbox 2019 1853 3592 1935; baseline 0.007 -27"><span class='ocrx_word' id='word_1_442' title='bbox 2019 1853 2284 1923; x_wconf 88' lang='lat' dir='ltr'><strong>invenire,</strong></span> <span class='ocrx_word' id='word_1_443' title='bbox 2309 1858 2405 1911; x_wconf 86' lang='lat' dir='ltr'><strong>sed</strong></span> <span class='ocrx_word' id='word_1_444' title='bbox 2445 1865 2565 1912; x_wconf 89' lang='lat' dir='ltr'><strong>erat</strong></span> <span class='ocrx_word' id='word_1_445' title='bbox 2594 1856 2829 1914; x_wconf 81' lang='lat' dir='ltr'><strong>maxima</strong></span> <span class='ocrx_word' id='word_1_446' title='bbox 2869 1875 2995 1931; x_wconf 87' lang='lat' dir='ltr'><strong>pars</strong></span> <span class='ocrx_word' id='word_1_447' title='bbox 3040 1871 3218 1930; x_wconf 65' lang='lat' dir='ltr'><strong>terras,</strong></span> <span class='ocrx_word' id='word_1_448' title='bbox 3250 1863 3297 1919; x_wconf 92' lang='lat' dir='ltr'><strong>si</strong></span> <span class='ocrx_word' id='word_1_449' title='bbox 3340 1864 3421 1921; x_wconf 89' lang='lat' dir='ltr'><strong>sic</strong></span> <span class='ocrx_word' id='word_1_450' title='bbox 3443 1863 3592 1935; x_wconf 90' lang='lat' dir='ltr'><strong>loqui</strong></span> 
     </span>
    </p>
   </div>
   <div class='ocr_carea' id='block_1_61' title="bbox 2016 1944 3589 2023">
    <p class='ocr_par' dir='ltr' id='par_1_61' title="bbox 2016 1944 3589 2023">
     <span class='ocr_line' id='line_1_61' title="bbox 2016 1944 3589 2023; baseline 0.007 -24"><span class='ocrx_word' id='word_1_451' title='bbox 2016 1944 2101 1999; x_wconf 80' lang='lat' dir='ltr'><strong>las</strong></span> <span class='ocrx_word' id='word_1_452' title='bbox 2143 1955 2248 2010; x_wconf 90' lang='lat' dir='ltr'><strong>est,</strong></span> <span class='ocrx_word' id='word_1_453' title='bbox 2299 1949 2579 2017; x_wconf 86' lang='lat' dir='ltr'><strong>vacuitas;</strong></span> <span class='ocrx_word' id='word_1_454' title='bbox 2611 1954 2832 2023; x_wconf 86' lang='lat' dir='ltr'><strong>quando</strong></span> <span class='ocrx_word' id='word_1_455' title='bbox 2864 1963 3042 2008; x_wconf 88' lang='lat' dir='ltr'><strong>autem</strong></span> <span class='ocrx_word' id='word_1_456' title='bbox 3070 1954 3323 2010; x_wconf 83' lang='lat' dir='ltr'><strong>Christus</strong></span> <span class='ocrx_word' id='word_1_457' title='bbox 3348 1955 3589 2023; x_wconf 82' lang='lat' dir='ltr'><strong>advenit,</strong></span> 
     </span>
    </p>
   </div>
   <div class='ocr_carea' id='block_1_62' title="bbox 2016 2037 3591 2118">
    <p class='ocr_par' dir='ltr' id='par_1_62' title="bbox 2016 2037 3591 2118">
     <span class='ocr_line' id='line_1_62' title="bbox 2016 2037 3591 2118; baseline 0.01 -29"><span class='ocrx_word' id='word_1_458' title='bbox 2016 2037 2234 2106; x_wconf 86' lang='lat' dir='ltr'><strong>plurimi</strong></span> <span class='ocrx_word' id='word_1_459' title='bbox 2286 2039 2476 2096; x_wconf 78' lang='lat' dir='ltr'><strong>iltleles</strong></span> <span class='ocrx_word' id='word_1_460' title='bbox 2511 2058 2578 2097; x_wconf 80' lang='lat' dir='ltr'><strong>ex</strong></span> <span class='ocrx_word' id='word_1_461' title='bbox 2630 2044 2885 2115; x_wconf 81' lang='lat' dir='ltr'><strong>gentibus</strong></span> <span class='ocrx_word' id='word_1_462' title='bbox 2912 2046 3098 2102; x_wconf 89' lang='lat' dir='ltr'><strong>dicere</strong></span> <span class='ocrx_word' id='word_1_463' title='bbox 3125 2047 3431 2118; x_wconf 78' lang='lat' dir='ltr'><strong>possint“:</strong></span> <span class='ocrx_word' id='word_1_464' title='bbox 3466 2065 3486 2100; x_wconf 80' lang='grc' dir='ltr'><strong>ι</strong></span> <span class='ocrx_word' id='word_1_465' title='bbox 3517 2046 3591 2104; x_wconf 88' lang='lat' dir='ltr'><strong>De</strong></span> 
     </span>
    </p>
   </div>
   <div class='ocr_carea' id='block_1_63' title="bbox 2013 2128 3591 2209">
    <p class='ocr_par' dir='ltr' id='par_1_63' title="bbox 2013 2128 3591 2209">
     <span class='ocr_line' id='line_1_63' title="bbox 2013 2128 3591 2209; baseline 0.009 -29"><span class='ocrx_word' id='word_1_466' title='bbox 2013 2128 2352 2197; x_wconf 87' lang='lat' dir='ltr'><strong>plenitudine</strong></span> <span class='ocrx_word' id='word_1_467' title='bbox 2383 2130 2500 2201; x_wconf 88' lang='lat' dir='ltr'><strong>ejus</strong></span> <span class='ocrx_word' id='word_1_468' title='bbox 2544 2148 2642 2189; x_wconf 91' lang='lat' dir='ltr'><strong>nos</strong></span> <span class='ocrx_word' id='word_1_469' title='bbox 2698 2148 2892 2190; x_wconf 91' lang='lat' dir='ltr'><strong>omnes</strong></span> <span class='ocrx_word' id='word_1_470' title='bbox 2940 2138 3284 2206; x_wconf 87' lang='lat' dir='ltr'><strong>accepimus;</strong></span> <span class='ocrx_word' id='word_1_471' title='bbox 3321 2157 3341 2192; x_wconf 76' lang='grc' dir='ltr'><strong>ι</strong></span> <span class='ocrx_word' id='word_1_472' title='bbox 3378 2148 3435 2195; x_wconf 90' lang='lat' dir='ltr'><strong>et</strong></span> <span class='ocrx_word' id='word_1_473' title='bbox 3465 2153 3591 2209; x_wconf 89' lang='lat' dir='ltr'><strong>pro-</strong></span> 
     </span>
    </p>
   </div>
   <div class='ocr_carea' id='block_1_64' title="bbox 2011 2224 3587 2301">
    <p class='ocr_par' dir='ltr' id='par_1_64' title="bbox 2011 2224 3587 2301">
     <span class='ocr_line' id='line_1_64' title="bbox 2011 2224 3587 2301; baseline 0.007 -27"><span class='ocrx_word' id='word_1_474' title='bbox 2011 2230 2199 2289; x_wconf 86' lang='lat' dir='ltr'><strong>pterea</strong></span> <span class='ocrx_word' id='word_1_475' title='bbox 2245 2237 2305 2278; x_wconf 91' lang='lat' dir='ltr'><strong>se</strong></span> <span class='ocrx_word' id='word_1_476' title='bbox 2347 2237 2471 2279; x_wconf 90' lang='lat' dir='ltr'><strong>esse</strong></span> <span class='ocrx_word' id='word_1_477' title='bbox 2517 2224 2637 2295; x_wconf 87' lang='lat' dir='ltr'><strong>ejus</strong></span> <span class='ocrx_word' id='word_1_478' title='bbox 2678 2225 3094 2297; x_wconf 87' lang='lat' dir='ltr'><strong>plenitudinem.</strong></span> <span class='ocrx_word' id='word_1_479' title='bbox 3149 2227 3268 2284; x_wconf 85' lang='lat' dir='ltr'><strong>Non</strong></span> <span class='ocrx_word' id='word_1_480' title='bbox 3301 2229 3447 2285; x_wconf 90' lang='lat' dir='ltr'><strong>enim</strong></span> <span class='ocrx_word' id='word_1_481' title='bbox 3492 2229 3587 2301; x_wconf 93' lang='lat' dir='ltr'><strong>qui</strong></span> 
     </span>
    </p>
   </div>
   <div class='ocr_carea' id='block_1_65' title="bbox 2010 2314 3585 2390">
    <p class='ocr_par' dir='ltr' id='par_1_65' title="bbox 2010 2314 3585 2390">
     <span class='ocr_line' id='line_1_65' title="bbox 2010 2314 3585 2390; baseline 0.007 -23"><span class='ocrx_word' id='word_1_482' title='bbox 2010 2314 2323 2384; x_wconf 78' lang='lat' dir='ltr'><strong>evangelica</strong></span> <span class='ocrx_word' id='word_1_483' title='bbox 2357 2316 2692 2373; x_wconf 86' lang='lat' dir='ltr'><strong>institutione</strong></span> <span class='ocrx_word' id='word_1_484' title='bbox 2713 2320 2870 2375; x_wconf 83' lang='lat' dir='ltr'><strong>vacui</strong></span> <span class='ocrx_word' id='word_1_485' title='bbox 2892 2328 3042 2385; x_wconf 87' lang='lat' dir='ltr'><strong>sunt,</strong></span> <span class='ocrx_word' id='word_1_486' title='bbox 3068 2319 3348 2390; x_wconf 89' lang='lat' dir='ltr'><strong>plenitudo</strong></span> <span class='ocrx_word' id='word_1_487' title='bbox 3377 2321 3585 2378; x_wconf 85' lang='lat' dir='ltr'><strong>Christi</strong></span> 
     </span>
    </p>
   </div>
   <div class='ocr_carea' id='block_1_66' title="bbox 2007 2404 3586 2483">
    <p class='ocr_par' dir='ltr' id='par_1_66' title="bbox 2007 2404 3586 2483">
     <span class='ocr_line' id='line_1_66' title="bbox 2007 2404 3586 2483; baseline 0.007 -25"><span class='ocrx_word' id='word_1_488' title='bbox 2007 2418 2127 2458; x_wconf 85' lang='lat' dir='ltr'><strong>esse</strong></span> <span class='ocrx_word' id='word_1_489' title='bbox 2164 2415 2409 2474; x_wconf 87' lang='lat' dir='ltr'><strong>possunt.</strong></span> <span class='ocrx_word' id='word_1_490' title='bbox 2445 2404 2562 2461; x_wconf 81' lang='lat' dir='ltr'><strong>Non</strong></span> <span class='ocrx_word' id='word_1_491' title='bbox 2596 2407 2769 2462; x_wconf 89' lang='lat' dir='ltr'><strong>solum</strong></span> <span class='ocrx_word' id='word_1_492' title='bbox 2823 2419 3004 2464; x_wconf 89' lang='lat' dir='ltr'><strong>autem</strong></span> <span class='ocrx_word' id='word_1_493' title='bbox 3043 2420 3190 2467; x_wconf 87' lang='lat' dir='ltr'><strong>terra</strong></span> <span class='ocrx_word' id='word_1_494' title='bbox 3220 2424 3273 2468; x_wconf 90' lang='lat' dir='ltr'><strong>et</strong></span> <span class='ocrx_word' id='word_1_495' title='bbox 3306 2413 3586 2483; x_wconf 88' lang='lat' dir='ltr'><strong>plenitudo</strong></span> 
     </span>
    </p>
   </div>
   <div class='ocr_carea' id='block_1_67' title="bbox 2007 2494 3584 2571">
    <p class='ocr_par' dir='ltr' id='par_1_67' title="bbox 2007 2494 3584 2571">
     <span class='ocr_line' id='line_1_67' title="bbox 2007 2494 3584 2571; baseline 0.007 -22"><span class='ocrx_word' id='word_1_496' title='bbox 2007 2494 2147 2564; x_wconf 91' lang='lat' dir='ltr'><strong>cjus,</strong></span> <span class='ocrx_word' id='word_1_497' title='bbox 2188 2497 2283 2551; x_wconf 89' lang='lat' dir='ltr'><strong>sed</strong></span> <span class='ocrx_word' id='word_1_498' title='bbox 2336 2507 2393 2552; x_wconf 90' lang='lat' dir='ltr'><strong>et</strong></span> <span class='ocrx_word' id='word_1_499' title='bbox 2444 2498 2593 2554; x_wconf 91' lang='lat' dir='ltr'><strong>orbis</strong></span> <span class='ocrx_word' id='word_1_500' title='bbox 2638 2509 2908 2556; x_wconf 88' lang='lat' dir='ltr'><strong>terrarum</strong></span> <span class='ocrx_word' id='word_1_501' title='bbox 2955 2503 3129 2571; x_wconf 89' lang='lat' dir='ltr'><strong>ipsius</strong></span> <span class='ocrx_word' id='word_1_502' title='bbox 3180 2512 3286 2559; x_wconf 88' lang='lat' dir='ltr'><strong>est.</strong></span> <span class='ocrx_word' id='word_1_503' title='bbox 3317 2503 3584 2562; x_wconf 88' lang='lat' dir='ltr'><strong>Peccator</strong></span> 
     </span>
    </p>
   </div>
   <div class='ocr_carea' id='block_1_68' title="bbox 2008 2584 3584 2665">
    <p class='ocr_par' dir='ltr' id='par_1_68' title="bbox 2008 2584 3584 2665">
     <span class='ocr_line' id='line_1_68' title="bbox 2008 2584 3584 2665; baseline 0.009 -27"><span class='ocrx_word' id='word_1_504' title='bbox 2008 2584 2216 2639; x_wconf 80' lang='lat' dir='ltr'><strong>habitat</strong></span> <span class='ocrx_word' id='word_1_505' title='bbox 2259 2588 2316 2641; x_wconf 91' lang='lat' dir='ltr'><strong>in</strong></span> <span class='ocrx_word' id='word_1_506' title='bbox 2359 2589 2604 2657; x_wconf 86' lang='lat' dir='ltr'><strong>deserto;</strong></span> <span class='ocrx_word' id='word_1_507' title='bbox 2637 2588 2729 2659; x_wconf 89' lang='lat' dir='ltr'><strong>qui</strong></span> <span class='ocrx_word' id='word_1_508' title='bbox 2773 2586 2901 2648; x_wconf 86' lang='lat' dir='ltr'><strong>vero</strong></span> <span class='ocrx_word' id='word_1_509' title='bbox 2930 2591 2985 2647; x_wconf 93' lang='lat' dir='ltr'><strong>in</strong></span> <span class='ocrx_word' id='word_1_510' title='bbox 3015 2592 3277 2661; x_wconf 81' lang='lat' dir='ltr'><strong>Ecclesia,</strong></span> <span class='ocrx_word' id='word_1_511' title='bbox 3299 2610 3420 2665; x_wconf 76' lang='lat' dir='ltr'><strong>qua:</strong></span> <span class='ocrx_word' id='word_1_512' title='bbox 3455 2610 3584 2652; x_wconf 88' lang='lat' dir='ltr'><strong>san-</strong></span> 
     </span>
    </p>
   </div>
   <div class='ocr_carea' id='block_1_69' title="bbox 2006 2676 3581 2753">
    <p class='ocr_par' dir='ltr' id='par_1_69' title="bbox 2006 2676 3581 2753">
     <span class='ocr_line' id='line_1_69' title="bbox 2006 2676 3581 2753; baseline 0.01 -25"><span class='ocrx_word' id='word_1_513' title='bbox 2006 2676 2260 2731; x_wconf 77' lang='lat' dir='ltr'><strong>ctissimae</strong></span> <span class='ocrx_word' id='word_1_514' title='bbox 2289 2677 2571 2735; x_wconf 86' lang='lat' dir='ltr'><strong>Trinitatis</strong></span> <span class='ocrx_word' id='word_1_515' title='bbox 2603 2681 2761 2750; x_wconf 91' lang='lat' dir='ltr'><strong>plena</strong></span> <span class='ocrx_word' id='word_1_516' title='bbox 2790 2694 2896 2752; x_wconf 89' lang='lat' dir='ltr'><strong>est,</strong></span> <span class='ocrx_word' id='word_1_517' title='bbox 2932 2698 3326 2753; x_wconf 85' lang='lat' dir='ltr'><strong>commoratur,</strong></span> <span class='ocrx_word' id='word_1_518' title='bbox 3352 2688 3441 2744; x_wconf 90' lang='lat' dir='ltr'><strong>hic</strong></span> <span class='ocrx_word' id='word_1_519' title='bbox 3483 2704 3581 2744; x_wconf 86' lang='lat' dir='ltr'><strong>or-</strong></span> 
     </span>
    </p>
   </div>
   <div class='ocr_carea' id='block_1_70' title="bbox 2004 2768 3581 2852">
    <p class='ocr_par' dir='ltr' id='par_1_70' title="bbox 2004 2768 3581 2852">
     <span class='ocr_line' id='line_1_70' title="bbox 2004 2768 3581 2852; baseline 0.01 -29"><span class='ocrx_word' id='word_1_520' title='bbox 2004 2768 2125 2823; x_wconf 84' lang='lat' dir='ltr'><strong>bent</strong></span> <span class='ocrx_word' id='word_1_521' title='bbox 2178 2780 2444 2827; x_wconf 88' lang='lat' dir='ltr'><strong>terrarum</strong></span> <span class='ocrx_word' id='word_1_522' title='bbox 2491 2774 2780 2845; x_wconf 83' lang='lat' dir='ltr'><strong>inhabitat,</strong></span> <span class='ocrx_word' id='word_1_523' title='bbox 2810 2792 2932 2847; x_wconf 66' lang='lat' dir='ltr'><strong>quae</strong></span> <span class='ocrx_word' id='word_1_524' title='bbox 2990 2789 3075 2835; x_wconf 84' lang='lat' dir='ltr'><strong>est</strong></span> <span class='ocrx_word' id='word_1_525' title='bbox 3130 2779 3370 2835; x_wconf 84' lang='lat' dir='ltr'><strong>Ecclesia</strong></span> <span class='ocrx_word' id='word_1_526' title='bbox 3415 2794 3581 2852; x_wconf 85' lang='lat' dir='ltr'><strong>super</strong></span> 
     </span>
    </p>
   </div>
   <div class='ocr_carea' id='block_1_71' title="bbox 2007 2864 3579 2945">
    <p class='ocr_par' dir='ltr' id='par_1_71' title="bbox 2007 2864 3579 2945">
     <span class='ocr_line' id='line_1_71' title="bbox 2007 2864 3579 2945; baseline 0.01 -29"><span class='ocrx_word' id='word_1_527' title='bbox 2007 2864 2178 2918; x_wconf 87' lang='lat' dir='ltr'><strong>maria</strong></span> <span class='ocrx_word' id='word_1_528' title='bbox 2232 2866 2587 2922; x_wconf 86' lang='lat' dir='ltr'><strong>tentationum</strong></span> <span class='ocrx_word' id='word_1_529' title='bbox 2629 2883 2660 2922; x_wconf 88' lang='lat' dir='ltr'><strong>a</strong></span> <span class='ocrx_word' id='word_1_530' title='bbox 2716 2868 2944 2926; x_wconf 89' lang='lat' dir='ltr'><strong>Domino</strong></span> <span class='ocrx_word' id='word_1_531' title='bbox 2977 2872 3199 2929; x_wconf 81' lang='lat' dir='ltr'><strong>fundata</strong></span> <span class='ocrx_word' id='word_1_532' title='bbox 3254 2883 3310 2930; x_wconf 91' lang='lat' dir='ltr'><strong>et</strong></span> <span class='ocrx_word' id='word_1_533' title='bbox 3346 2873 3402 2929; x_wconf 92' lang='lat' dir='ltr'><strong>in</strong></span> <span class='ocrx_word' id='word_1_534' title='bbox 3443 2875 3579 2945; x_wconf 72' lang='lat' dir='ltr'><strong>ipsis</strong></span> 
     </span>
    </p>
   </div>
   <div class='ocr_carea' id='block_1_72' title="bbox 2003 2961 3579 3040">
    <p class='ocr_par' dir='ltr' id='par_1_72' title="bbox 2003 2961 3579 3040">
     <span class='ocr_line' id='line_1_72' title="bbox 2003 2961 3579 3040; baseline 0.011 -33"><span class='ocrx_word' id='word_1_535' title='bbox 2003 2968 2289 3027; x_wconf 85' lang='lat' dir='ltr'><strong>superans,</strong></span> <span class='ocrx_word' id='word_1_536' title='bbox 2347 2967 2407 3015; x_wconf 90' lang='lat' dir='ltr'><strong>ut</strong></span> <span class='ocrx_word' id='word_1_537' title='bbox 2457 2961 2800 3030; x_wconf 87' lang='lat' dir='ltr'><strong>postmodum</strong></span> <span class='ocrx_word' id='word_1_538' title='bbox 2843 2972 3030 3034; x_wconf 84' lang='lat' dir='ltr'><strong>potata</strong></span> <span class='ocrx_word' id='word_1_539' title='bbox 3087 2965 3143 3020; x_wconf 93' lang='lat' dir='ltr'><strong>in</strong></span> <span class='ocrx_word' id='word_1_540' title='bbox 3181 2964 3404 3024; x_wconf 84' lang='lat' dir='ltr'><strong>ﬂumine</strong></span> <span class='ocrx_word' id='word_1_541' title='bbox 3435 2983 3579 3040; x_wconf 66' lang='lat' dir='ltr'><strong>pra:-</strong></span> 
     </span>
    </p>
   </div>
   <div class='ocr_carea' id='block_1_73' title="bbox 1921 3050 2312 3157">
    <p class='ocr_par' dir='ltr' id='par_1_73' title="bbox 1921 3050 2312 3157">
     <span class='ocr_line' id='line_1_73' title="bbox 1921 3050 2312 3157; baseline 0.023 -61"><span class='ocrx_word' id='word_1_542' title='bbox 1921 3098 1966 3157; x_wconf 75' lang='lat' dir='ltr'><strong>C</strong></span> <span class='ocrx_word' id='word_1_543' title='bbox 2004 3057 2189 3117; x_wconf 79' lang='lat' dir='ltr'><strong>parata</strong></span> <span class='ocrx_word' id='word_1_544' title='bbox 2217 3050 2312 3105; x_wconf 84' lang='lat' dir='ltr'><strong>sit.</strong></span> 
     </span>
    </p>
   </div>
   <div class='ocr_carea' id='block_1_74' title="bbox 2073 3138 3576 3220">
    <p class='ocr_par' dir='ltr' id='par_1_74' title="bbox 2073 3138 3576 3220">
     <span class='ocr_line' id='line_1_74' title="bbox 2073 3138 3576 3220; baseline 0.01 -25"><span class='ocrx_word' id='word_1_545' title='bbox 2073 3138 2236 3197; x_wconf 75' lang='lat' dir='ltr'><strong>Vens.</strong></span> <span class='ocrx_word' id='word_1_546' title='bbox 2266 3142 2321 3197; x_wconf 78' lang='lat'><strong>5.</strong></span> <span class='ocrx_word' id='word_1_547' title='bbox 2357 3142 2772 3210; x_wconf 59' lang='lat' dir='ltr'><strong>Quirascendet</strong></span> <span class='ocrx_word' id='word_1_548' title='bbox 2812 3149 2867 3203; x_wconf 89' lang='lat' dir='ltr'><strong>in</strong></span> <span class='ocrx_word' id='word_1_549' title='bbox 2923 3159 3152 3206; x_wconf 79' lang='lat' dir='ltr'><strong>montem</strong></span> <span class='ocrx_word' id='word_1_550' title='bbox 3202 3151 3441 3220; x_wconf 82' lang='lat' dir='ltr'><strong>Domini,</strong></span> <span class='ocrx_word' id='word_1_551' title='bbox 3477 3162 3576 3210; x_wconf 72' lang='lat' dir='ltr'><strong>aut</strong></span> 
     </span>
    </p>
   </div>
   <div class='ocr_carea' id='block_1_75' title="bbox 1996 3233 3574 3310">
    <p class='ocr_par' dir='ltr' id='par_1_75' title="bbox 1996 3233 3574 3310">
     <span class='ocr_line' id='line_1_75' title="bbox 1996 3233 3574 3310; baseline 0.012 -27"><span class='ocrx_word' id='word_1_552' title='bbox 1996 3233 2112 3301; x_wconf 77' lang='lat' dir='ltr'><strong>quis</strong></span> <span class='ocrx_word' id='word_1_553' title='bbox 2142 3234 2298 3288; x_wconf 79' lang='lat' dir='ltr'><strong>stabit</strong></span> <span class='ocrx_word' id='word_1_554' title='bbox 2323 3236 2377 3289; x_wconf 84' lang='lat' dir='ltr'><strong>in</strong></span> <span class='ocrx_word' id='word_1_555' title='bbox 2405 3236 2518 3291; x_wconf 86' lang='lat' dir='ltr'><strong>loco</strong></span> <span class='ocrx_word' id='word_1_556' title='bbox 2547 3247 2729 3295; x_wconf 77' lang='lat' dir='ltr'><strong>sancto</strong></span> <span class='ocrx_word' id='word_1_557' title='bbox 2756 3241 2913 3310; x_wconf 80' lang='lat' dir='ltr'><strong>ejus?</strong></span> <span class='ocrx_word' id='word_1_558' title='bbox 2936 3254 3046 3298; x_wconf 87' lang='lat' dir='ltr'><strong>etc.</strong></span> <span class='ocrx_word' id='word_1_559' title='bbox 3085 3243 3285 3300; x_wconf 79' lang='lat' dir='ltr'><strong>Confer</strong></span> <span class='ocrx_word' id='word_1_560' title='bbox 3307 3245 3422 3302; x_wconf 67' lang='lat' dir='ltr'><strong>haec</strong></span> <span class='ocrx_word' id='word_1_561' title='bbox 3449 3261 3574 3302; x_wconf 88' lang='lat' dir='ltr'><strong>cum</strong></span> 
     </span>
    </p>
   </div>
   <div class='ocr_carea' id='block_1_76' title="bbox 1998 3326 3581 3402">
    <p class='ocr_par' dir='ltr' id='par_1_76' title="bbox 1998 3326 3581 3402">
     <span class='ocr_line' id='line_1_76' title="bbox 1998 3326 3581 3402; baseline 0.009 -21"><span class='ocrx_word' id='word_1_562' title='bbox 1998 3326 2122 3383; x_wconf 83' lang='lat' dir='ltr'><strong>istis</strong></span> <span class='ocrx_word' id='word_1_563' title='bbox 2147 3326 2191 3359; x_wconf 78' lang='lat'>“</span> <span class='ocrx_word' id='word_1_564' title='bbox 2237 3346 2251 3384; x_wconf 88' lang='lat'><strong>:</strong></span> <span class='ocrx_word' id='word_1_565' title='bbox 2303 3346 2322 3381; x_wconf 86' lang='lat' dir='ltr'><strong>t</strong></span> <span class='ocrx_word' id='word_1_566' title='bbox 2352 3328 2599 3399; x_wconf 89' lang='lat' dir='ltr'><strong>Domine,</strong></span> <span class='ocrx_word' id='word_1_567' title='bbox 2658 3333 2781 3402; x_wconf 85' lang='lat' dir='ltr'><strong>quis</strong></span> <span class='ocrx_word' id='word_1_568' title='bbox 2826 3332 3093 3393; x_wconf 85' lang='lat' dir='ltr'><strong>habitabit</strong></span> <span class='ocrx_word' id='word_1_569' title='bbox 3127 3338 3179 3392; x_wconf 92' lang='lat' dir='ltr'><strong>in</strong></span> <span class='ocrx_word' id='word_1_570' title='bbox 3216 3337 3581 3396; x_wconf 80' lang='lat' dir='ltr'><strong>tabernaculo</strong></span> 
     </span>
    </p>
   </div>
   <div class='ocr_carea' id='block_1_77' title="bbox 2001 3421 3583 3500">
    <p class='ocr_par' dir='ltr' id='par_1_77' title="bbox 2001 3421 3583 3500">
     <span class='ocr_line' id='line_1_77' title="bbox 2001 3421 3583 3500; baseline 0.008 -25"><span class='ocrx_word' id='word_1_571' title='bbox 2001 3421 2134 3476; x_wconf 82' lang='lat' dir='ltr'><strong>tuo?</strong></span> <span class='ocrx_word' id='word_1_572' title='bbox 2162 3440 2183 3475; x_wconf 77' lang='grc' dir='ltr'><strong>ι</strong></span> <span class='ocrx_word' id='word_1_573' title='bbox 2216 3431 2357 3489; x_wconf 90' lang='lat' dir='ltr'><strong>etc.;</strong></span> <span class='ocrx_word' id='word_1_574' title='bbox 2390 3432 2447 3478; x_wconf 91' lang='lat' dir='ltr'><strong>et</strong></span> <span class='ocrx_word' id='word_1_575' title='bbox 2489 3424 2612 3479; x_wconf 89' lang='lat' dir='ltr'><strong>vide</strong></span> <span class='ocrx_word' id='word_1_576' title='bbox 2643 3426 2788 3481; x_wconf 91' lang='lat' dir='ltr'><strong>hunc</strong></span> <span class='ocrx_word' id='word_1_577' title='bbox 2815 3428 3033 3496; x_wconf 87' lang='lat' dir='ltr'><strong>quidem</strong></span> <span class='ocrx_word' id='word_1_578' title='bbox 3081 3430 3151 3486; x_wconf 90' lang='lat' dir='ltr'><strong>ibi</strong></span> <span class='ocrx_word' id='word_1_579' title='bbox 3183 3431 3336 3500; x_wconf 88' lang='lat' dir='ltr'><strong>prius</strong></span> <span class='ocrx_word' id='word_1_580' title='bbox 3360 3431 3583 3489; x_wconf 32' lang='lat' dir='ltr'><strong>habitae</strong></span> 
     </span>
    </p>
   </div>
   <div class='ocr_carea' id='block_1_78' title="bbox 1998 3515 3579 3588">
    <p class='ocr_par' dir='ltr' id='par_1_78' title="bbox 1998 3515 3579 3588">
     <span class='ocr_line' id='line_1_78' title="bbox 1998 3515 3579 3588; baseline 0.008 -20"><span class='ocrx_word' id='word_1_581' title='bbox 1998 3524 2179 3570; x_wconf 91' lang='lat' dir='ltr'><strong>tnrum</strong></span> <span class='ocrx_word' id='word_1_582' title='bbox 2230 3515 2284 3570; x_wconf 93' lang='lat' dir='ltr'><strong>in</strong></span> <span class='ocrx_word' id='word_1_583' title='bbox 2335 3517 2687 3574; x_wconf 89' lang='lat' dir='ltr'><strong>tabernaculo</strong></span> <span class='ocrx_word' id='word_1_584' title='bbox 2739 3520 2974 3588; x_wconf 89' lang='lat' dir='ltr'><strong>Domini,</strong></span> <span class='ocrx_word' id='word_1_585' title='bbox 3023 3521 3220 3579; x_wconf 89' lang='lat' dir='ltr'><strong>deinde</strong></span> <span class='ocrx_word' id='word_1_586' title='bbox 3272 3532 3457 3579; x_wconf 84' lang='lat' dir='ltr'><strong>autem</strong></span> <span class='ocrx_word' id='word_1_587' title='bbox 3510 3524 3579 3581; x_wconf 81' lang='lat' dir='ltr'><strong>in-</strong></span> 
     </span>
    </p>
   </div>
   <div class='ocr_carea' id='block_1_79' title="bbox 1995 3609 3572 3681">
    <p class='ocr_par' dir='ltr' id='par_1_79' title="bbox 1995 3609 3572 3681">
     <span class='ocr_line' id='line_1_79' title="bbox 1995 3609 3572 3681; baseline 0.009 -22"><span class='ocrx_word' id='word_1_588' title='bbox 1995 3615 2182 3662; x_wconf 81' lang='lat' dir='ltr'><strong>ntonte</strong></span> <span class='ocrx_word' id='word_1_589' title='bbox 2202 3617 2392 3665; x_wconf 87' lang='lat' dir='ltr'><strong>sancto</strong></span> <span class='ocrx_word' id='word_1_590' title='bbox 2422 3609 2541 3680; x_wconf 88' lang='lat' dir='ltr'><strong>ejus</strong></span> <span class='ocrx_word' id='word_1_591' title='bbox 2572 3628 2585 3664; x_wconf 90' lang='lat'><strong>:</strong></span> <span class='ocrx_word' id='word_1_592' title='bbox 2614 3611 2701 3666; x_wconf 88' lang='lat' dir='ltr'><strong>hic</strong></span> <span class='ocrx_word' id='word_1_593' title='bbox 2725 3626 2859 3668; x_wconf 89' lang='lat' dir='ltr'><strong>vero</strong></span> <span class='ocrx_word' id='word_1_594' title='bbox 2885 3611 3034 3681; x_wconf 90' lang='lat' dir='ltr'><strong>prius</strong></span> <span class='ocrx_word' id='word_1_595' title='bbox 3065 3628 3422 3671; x_wconf 87' lang='lat' dir='ltr'><strong>ascensurum</strong></span> <span class='ocrx_word' id='word_1_596' title='bbox 3445 3630 3572 3673; x_wconf 87' lang='lat' dir='ltr'><strong>esse</strong></span> 
     </span>
    </p>
   </div>
   <div class='ocr_carea' id='block_1_80' title="bbox 1996 3698 3569 3771">
    <p class='ocr_par' dir='ltr' id='par_1_80' title="bbox 1996 3698 3569 3771">
     <span class='ocr_line' id='line_1_80' title="bbox 1996 3698 3569 3771; baseline 0.008 -18"><span class='ocrx_word' id='word_1_597' title='bbox 1996 3698 2049 3753; x_wconf 91' lang='lat' dir='ltr'><strong>in</strong></span> <span class='ocrx_word' id='word_1_598' title='bbox 2086 3707 2323 3754; x_wconf 91' lang='lat' dir='ltr'><strong>montem</strong></span> <span class='ocrx_word' id='word_1_599' title='bbox 2362 3700 2595 3771; x_wconf 90' lang='lat' dir='ltr'><strong>Domini,</strong></span> <span class='ocrx_word' id='word_1_600' title='bbox 2659 3713 2718 3760; x_wconf 91' lang='lat' dir='ltr'><strong>ut</strong></span> <span class='ocrx_word' id='word_1_601' title='bbox 2754 3704 2949 3761; x_wconf 88' lang='lat' dir='ltr'><strong>deinde</strong></span> <span class='ocrx_word' id='word_1_602' title='bbox 2990 3715 3102 3761; x_wconf 87' lang='lat' dir='ltr'><strong>stet</strong></span> <span class='ocrx_word' id='word_1_603' title='bbox 3144 3707 3198 3762; x_wconf 92' lang='lat' dir='ltr'><strong>in</strong></span> <span class='ocrx_word' id='word_1_604' title='bbox 3230 3706 3351 3764; x_wconf 81' lang='lat' dir='ltr'><strong>loco</strong></span> <span class='ocrx_word' id='word_1_605' title='bbox 3375 3720 3569 3767; x_wconf 86' lang='lat' dir='ltr'><strong>sancto</strong></span> 
     </span>
    </p>
   </div>
   <div class='ocr_carea' id='block_1_81' title="bbox 1994 3787 3569 3865">
    <p class='ocr_par' dir='ltr' id='par_1_81' title="bbox 1994 3787 3569 3865">
     <span class='ocr_line' id='line_1_81' title="bbox 1994 3787 3569 3865; baseline 0.01 -22"><span class='ocrx_word' id='word_1_606' title='bbox 1994 3787 2130 3857; x_wconf 86' lang='lat' dir='ltr'><strong>ejus.</strong></span> <span class='ocrx_word' id='word_1_607' title='bbox 2179 3791 2248 3845; x_wconf 91' lang='lat' dir='ltr'><strong>Et</strong></span> <span class='ocrx_word' id='word_1_608' title='bbox 2305 3803 2551 3848; x_wconf 86' lang='lat' dir='ltr'><strong>montem</strong></span> <span class='ocrx_word' id='word_1_609' title='bbox 2586 3794 2808 3865; x_wconf 86' lang='lat' dir='ltr'><strong>quidem</strong></span> <span class='ocrx_word' id='word_1_610' title='bbox 2859 3796 3074 3852; x_wconf 88' lang='lat' dir='ltr'><strong>Domini</strong></span> <span class='ocrx_word' id='word_1_611' title='bbox 3123 3798 3256 3854; x_wconf 88' lang='lat' dir='ltr'><strong>dicit</strong></span> <span class='ocrx_word' id='word_1_612' title='bbox 3292 3814 3569 3859; x_wconf 81' lang='lat' dir='ltr'><strong>summum</strong></span> 
     </span>
    </p>
   </div>
   <div class='ocr_carea' id='block_1_82' title="bbox 1995 3882 3568 3968">
    <p class='ocr_par' dir='ltr' id='par_1_82' title="bbox 1995 3882 3568 3968">
     <span class='ocr_line' id='line_1_82' title="bbox 1995 3882 3568 3968; baseline 0.011 -33"><span class='ocrx_word' id='word_1_613' title='bbox 1995 3882 2218 3948; x_wconf 88' lang='lat' dir='ltr'><strong>bonum,</strong></span> <span class='ocrx_word' id='word_1_614' title='bbox 2249 3893 2302 3939; x_wconf 90' lang='lat' dir='ltr'><strong>et</strong></span> <span class='ocrx_word' id='word_1_615' title='bbox 2332 3885 2504 3941; x_wconf 91' lang='lat' dir='ltr'><strong>Deum</strong></span> <span class='ocrx_word' id='word_1_616' title='bbox 2536 3886 2777 3945; x_wconf 82' lang='lat' dir='ltr'><strong>Verbum</strong></span> <span class='ocrx_word' id='word_1_617' title='bbox 2808 3902 2824 3942; x_wconf 92' lang='lat'><strong>:</strong></span> <span class='ocrx_word' id='word_1_618' title='bbox 2859 3904 3016 3946; x_wconf 85' lang='lat' dir='ltr'><strong>rarus</strong></span> <span class='ocrx_word' id='word_1_619' title='bbox 3039 3891 3186 3947; x_wconf 89' lang='lat' dir='ltr'><strong>enim</strong></span> <span class='ocrx_word' id='word_1_620' title='bbox 3218 3903 3304 3950; x_wconf 85' lang='lat' dir='ltr'><strong>est</strong></span> <span class='ocrx_word' id='word_1_621' title='bbox 3340 3894 3433 3966; x_wconf 89' lang='lat' dir='ltr'><strong>qui</strong></span> <span class='ocrx_word' id='word_1_622' title='bbox 3475 3896 3568 3968; x_wconf 83' lang='lat' dir='ltr'><strong>ju-</strong></span> 
     </span>
    </p>
   </div>
   <div class='ocr_carea' id='block_1_83' title="bbox 1992 3973 3565 4058">
    <p class='ocr_par' dir='ltr' id='par_1_83' title="bbox 1992 3973 3565 4058">
     <span class='ocr_line' id='line_1_83' title="bbox 1992 3973 3565 4058; baseline 0.01 -32"><span class='ocrx_word' id='word_1_623' title='bbox 1992 3973 2132 4043; x_wconf 77' lang='lat' dir='ltr'><strong>giter</strong></span> <span class='ocrx_word' id='word_1_624' title='bbox 2175 3975 2507 4045; x_wconf 83' lang='lat' dir='ltr'><strong>proﬁciendd</strong></span> <span class='ocrx_word' id='word_1_625' title='bbox 2548 3979 2618 4034; x_wconf 87' lang='lat' dir='ltr'><strong>ad</strong></span> <span class='ocrx_word' id='word_1_626' title='bbox 2666 3980 2784 4049; x_wconf 85' lang='lat' dir='ltr'><strong>ejus</strong></span> <span class='ocrx_word' id='word_1_627' title='bbox 2822 3981 3087 4041; x_wconf 84' lang='lat' dir='ltr'><strong>verticem</strong></span> <span class='ocrx_word' id='word_1_628' title='bbox 3119 3985 3430 4058; x_wconf 80' lang='lat' dir='ltr'><strong>pertingere</strong></span> <span class='ocrx_word' id='word_1_629' title='bbox 3469 4002 3565 4042; x_wconf 86' lang='lat' dir='ltr'><strong>va-</strong></span> 
     </span>
    </p>
   </div>
   <div class='ocr_carea' id='block_1_84' title="bbox 1990 4064 3566 4145">
    <p class='ocr_par' dir='ltr' id='par_1_84' title="bbox 1990 4064 3566 4145">
     <span class='ocr_line' id='line_1_84' title="bbox 1990 4064 3566 4145; baseline 0.011 -27"><span class='ocrx_word' id='word_1_630' title='bbox 1990 4064 2120 4119; x_wconf 82' lang='lat' dir='ltr'><strong>leat.</strong></span> <span class='ocrx_word' id='word_1_631' title='bbox 2160 4064 2264 4130; x_wconf 87' lang='lat' dir='ltr'><strong>Qui</strong></span> <span class='ocrx_word' id='word_1_632' title='bbox 2312 4083 2441 4125; x_wconf 89' lang='lat' dir='ltr'><strong>vero</strong></span> <span class='ocrx_word' id='word_1_633' title='bbox 2491 4069 2769 4139; x_wconf 81' lang='lat' dir='ltr'><strong>perfectus</strong></span> <span class='ocrx_word' id='word_1_634' title='bbox 2802 4081 2906 4141; x_wconf 91' lang='lat' dir='ltr'><strong>est,</strong></span> <span class='ocrx_word' id='word_1_635' title='bbox 2948 4087 3075 4130; x_wconf 81' lang='lat' dir='ltr'><strong>cum</strong></span> <span class='ocrx_word' id='word_1_636' title='bbox 3107 4089 3222 4131; x_wconf 87' lang='lat' dir='ltr'><strong>non</strong></span> <span class='ocrx_word' id='word_1_637' title='bbox 3251 4077 3424 4145; x_wconf 86' lang='lat' dir='ltr'><strong>possit</strong></span> <span class='ocrx_word' id='word_1_638' title='bbox 3452 4088 3566 4136; x_wconf 86' lang='lat' dir='ltr'><strong>ten—</strong></span> 
     </span>
    </p>
   </div>
   <div class='ocr_carea' id='block_1_85' title="bbox 1990 4158 3564 4229">
    <p class='ocr_par' dir='ltr' id='par_1_85' title="bbox 1990 4158 3564 4229">
     <span class='ocr_line' id='line_1_85' title="bbox 1990 4158 3564 4229; baseline 0.01 -17"><span class='ocrx_word' id='word_1_639' title='bbox 1990 4158 2121 4214; x_wconf 89' lang='lat' dir='ltr'><strong>dere</strong></span> <span class='ocrx_word' id='word_1_640' title='bbox 2164 4158 2416 4229; x_wconf 87' lang='lat' dir='ltr'><strong>nlterius,</strong></span> <span class='ocrx_word' id='word_1_641' title='bbox 2468 4170 2580 4217; x_wconf 84' lang='lat' dir='ltr'><strong>stat</strong></span> <span class='ocrx_word' id='word_1_642' title='bbox 2634 4162 2841 4229; x_wconf 83' lang='lat' dir='ltr'><strong>ﬁrmus,</strong></span> <span class='ocrx_word' id='word_1_643' title='bbox 2881 4174 2938 4221; x_wconf 89' lang='lat' dir='ltr'><strong>et</strong></span> <span class='ocrx_word' id='word_1_644' title='bbox 2977 4174 3205 4222; x_wconf 89' lang='lat' dir='ltr'><strong>vocatur</strong></span> <span class='ocrx_word' id='word_1_645' title='bbox 3246 4169 3402 4226; x_wconf 87' lang='lat' dir='ltr'><strong>locus</strong></span> <span class='ocrx_word' id='word_1_646' title='bbox 3435 4184 3564 4226; x_wconf 80' lang='lat' dir='ltr'><strong>san-</strong></span> 
     </span>
    </p>
   </div>
   <div class='ocr_carea' id='block_1_86' title="bbox 1989 4247 3559 4330">
    <p class='ocr_par' dir='ltr' id='par_1_86' title="bbox 1989 4247 3559 4330">
     <span class='ocr_line' id='line_1_86' title="bbox 1989 4247 3559 4330; baseline 0.007 -27"><span class='ocrx_word' id='word_1_647' title='bbox 1989 4256 2111 4305; x_wconf 90' lang='lat' dir='ltr'><strong>ctus</strong></span> <span class='ocrx_word' id='word_1_648' title='bbox 2150 4247 2270 4305; x_wconf 86' lang='lat' dir='ltr'><strong>Dei.</strong></span> <span class='ocrx_word' id='word_1_649' title='bbox 2313 4247 2448 4306; x_wconf 83' lang='lat' dir='ltr'><strong>Nam</strong></span> <span class='ocrx_word' id='word_1_650' title='bbox 2495 4252 2588 4321; x_wconf 89' lang='lat' dir='ltr'><strong>qui</strong></span> <span class='ocrx_word' id='word_1_651' title='bbox 2637 4251 2926 4309; x_wconf 89' lang='lat' dir='ltr'><strong>Dominum</strong></span> <span class='ocrx_word' id='word_1_652' title='bbox 2963 4258 3235 4328; x_wconf 88' lang='lat' dir='ltr'><strong>sequitur,</strong></span> <span class='ocrx_word' id='word_1_653' title='bbox 3284 4259 3559 4330; x_wconf 90' lang='lat' dir='ltr'><strong>ascendit,</strong></span> 
     </span>
    </p>
   </div>
   <div class='ocr_carea' id='block_1_87' title="bbox 1994 4344 3567 4421">
    <p class='ocr_par' dir='ltr' id='par_1_87' title="bbox 1994 4344 3567 4421">
     <span class='ocr_line' id='line_1_87' title="bbox 1994 4344 3567 4421; baseline 0.011 -30"><span class='ocrx_word' id='word_1_654' title='bbox 1994 4357 2015 4391; x_wconf 83' lang='grc'><em>‹</em></span> <span class='ocrx_word' id='word_1_655' title='bbox 2043 4354 2162 4410; x_wconf 77' lang='lat' dir='ltr'><strong>qua:</strong></span> <span class='ocrx_word' id='word_1_656' title='bbox 2195 4347 2345 4397; x_wconf 88' lang='lat' dir='ltr'><strong>retro</strong></span> <span class='ocrx_word' id='word_1_657' title='bbox 2386 4352 2517 4399; x_wconf 91' lang='lat' dir='ltr'><strong>sunt</strong></span> <span class='ocrx_word' id='word_1_658' title='bbox 2556 4344 2907 4415; x_wconf 84' lang='lat' dir='ltr'><strong>obliviscens,</strong></span> <span class='ocrx_word' id='word_1_659' title='bbox 2936 4346 3004 4404; x_wconf 85' lang='lat' dir='ltr'><strong>ad</strong></span> <span class='ocrx_word' id='word_1_660' title='bbox 3035 4364 3098 4405; x_wconf 86' lang='lat' dir='ltr'><strong>ea</strong></span> <span class='ocrx_word' id='word_1_661' title='bbox 3125 4364 3255 4405; x_wconf 88' lang='lat' dir='ltr'><strong>vero</strong></span> <span class='ocrx_word' id='word_1_662' title='bbox 3282 4364 3405 4421; x_wconf 63' lang='lat' dir='ltr'><strong>qua:</strong></span> <span class='ocrx_word' id='word_1_663' title='bbox 3431 4359 3567 4408; x_wconf 86' lang='lat' dir='ltr'><strong>sunt</strong></span> 
     </span>
    </p>
   </div>
   <div class='ocr_carea' id='block_1_88' title="bbox 307 4417 1904 4516">
    <p class='ocr_par' dir='ltr' id='par_1_88' title="bbox 307 4417 1886 4510">
     <span class='ocr_line' id='line_1_88' title="bbox 307 4417 1886 4510; baseline 0.016 -39"><span class='ocrx_word' id='word_1_664' title='bbox 307 4417 534 4475; x_wconf 75' lang='grc' dir='ltr'>ὄπισθεν</span> <span class='ocrx_word' id='word_1_665' title='bbox 582 4423 1099 4497; x_wconf 79' lang='grc' dir='ltr'>ἐπιλανθανόμενος,</span> <span class='ocrx_word' id='word_1_666' title='bbox 1145 4434 1257 4496; x_wconf 87' lang='grc' dir='ltr'>τοῖς</span> <span class='ocrx_word' id='word_1_667' title='bbox 1300 4431 1357 4486; x_wconf 86' lang='grc' dir='ltr'>δὲ</span> <span class='ocrx_word' id='word_1_668' title='bbox 1406 4432 1714 4510; x_wconf 77' lang='grc' dir='ltr'>ἔμπροσθεν</span> <span class='ocrx_word' id='word_1_669' title='bbox 1784 4442 1886 4495; x_wconf 80' lang='grc' dir='ltr'>ἐπ-</span> 
     </span>
    </p>
   </div>
   <div class='ocr_carea' id='block_1_89' title="bbox 2002 4417 3564 4516">
    <p class='ocr_par' dir='ltr' id='par_1_89' title="bbox 2002 4417 3564 4508">
     <span class='ocr_line' id='line_1_89' title="bbox 2002 4417 3564 4508; baseline 0.009 -22"><span class='ocrx_word' id='word_1_670' title='bbox 2002 4434 2170 4501; x_wconf 65' lang='grc' dir='ltr'>ριὶοιιι</span> <span class='ocrx_word' id='word_1_671' title='bbox 2220 4434 2519 4491; x_wconf 78' lang='lat' dir='ltr'><strong>extendens</strong></span> <span class='ocrx_word' id='word_1_672' title='bbox 2555 4436 2633 4490; x_wconf 71' lang='grc' dir='ltr'><strong>δ’»</strong></span> <span class='ocrx_word' id='word_1_673' title='bbox 2689 4438 2951 4508; x_wconf 89' lang='lat' dir='ltr'><strong>seipsum,</strong></span> <span class='ocrx_word' id='word_1_674' title='bbox 2994 4439 3158 4497; x_wconf 80' lang='lat' dir='ltr'><strong>linem</strong></span> <span class='ocrx_word' id='word_1_675' title='bbox 3208 4417 3414 4500; x_wconf 76' lang='lat' dir='ltr'><strong>habens</strong></span> <span class='ocrx_word' id='word_1_676' title='bbox 3460 4442 3564 4500; x_wconf 80' lang='lat' dir='ltr'><strong>bo-</strong></span> 
     </span>
    </p>
   </div>
   <div class='ocr_carea' id='block_1_90' title="bbox 308 4512 1882 4600">
    <p class='ocr_par' dir='ltr' id='par_1_90' title="bbox 308 4512 1882 4600">
     <span class='ocr_line' id='line_1_90' title="bbox 308 4512 1882 4600; baseline 0.016 -38"><span class='ocrx_word' id='word_1_677' title='bbox 308 4512 699 4582; x_wconf 85' lang='grc' dir='ltr'>εκτεινόμενος,</span> <span class='ocrx_word' id='word_1_678' title='bbox 725 4534 744 4567; x_wconf 75' lang='grc' dir='ltr'><strong>ι</strong></span> <span class='ocrx_word' id='word_1_679' title='bbox 765 4516 915 4582; x_wconf 89' lang='grc' dir='ltr'>τέλος</span> <span class='ocrx_word' id='word_1_680' title='bbox 937 4518 1075 4590; x_wconf 80' lang='grc' dir='ltr'>ἔχων</span> <span class='ocrx_word' id='word_1_681' title='bbox 1088 4521 1289 4590; x_wconf 80' lang='grc' dir='ltr'>ἀγαθὸν</span> <span class='ocrx_word' id='word_1_682' title='bbox 1311 4525 1373 4579; x_wconf 91' lang='grc' dir='ltr'><strong>τὸ</strong></span> <span class='ocrx_word' id='word_1_683' title='bbox 1394 4527 1579 4599; x_wconf 87' lang='grc' dir='ltr'>στῆναι</span> <span class='ocrx_word' id='word_1_684' title='bbox 1599 4529 1735 4600; x_wconf 86' lang='grc' dir='ltr'>μετὰ</span> <span class='ocrx_word' id='word_1_685' title='bbox 1751 4531 1882 4587; x_wconf 85' lang='grc' dir='ltr'>Θεὸν</span> 
     </span>
    </p>
   </div>
   <div class='ocr_carea' id='block_1_91' title="bbox 309 4601 1883 4691">
    <p class='ocr_par' dir='ltr' id='par_1_91' title="bbox 309 4601 1883 4691">
     <span class='ocr_line' id='line_1_91' title="bbox 309 4601 1883 4691; baseline 0.016 -39"><span class='ocrx_word' id='word_1_686' title='bbox 309 4602 370 4653; x_wconf 83' lang='grc' dir='ltr'><strong>ἐν</strong></span> <span class='ocrx_word' id='word_1_687' title='bbox 399 4601 548 4672; x_wconf 85' lang='grc' dir='ltr'>τόπῳ</span> <span class='ocrx_word' id='word_1_688' title='bbox 575 4605 716 4675; x_wconf 82' lang='grc' dir='ltr'><strong>ἁγίῳ</strong></span> <span class='ocrx_word' id='word_1_689' title='bbox 755 4607 940 4661; x_wconf 86' lang='grc' dir='ltr'>αὐτοῦ.</span> <span class='ocrx_word' id='word_1_690' title='bbox 983 4611 1047 4663; x_wconf 86' lang='lat' dir='ltr'><strong>Ei</strong></span> <span class='ocrx_word' id='word_1_691' title='bbox 1094 4611 1348 4682; x_wconf 84' lang='grc' dir='ltr'>βούλεσθε</span> <span class='ocrx_word' id='word_1_692' title='bbox 1393 4618 1741 4691; x_wconf 81' lang='grc' dir='ltr'>παράδειγμα</span> <span class='ocrx_word' id='word_1_693' title='bbox 1788 4622 1883 4676; x_wconf 90' lang='grc' dir='ltr'>λα-</span> 
     </span>
    </p>
   </div>
   <div class='ocr_carea' id='block_1_92' title="bbox 306 4689 1881 4784">
    <p class='ocr_par' dir='ltr' id='par_1_92' title="bbox 306 4689 1881 4784">
     <span class='ocr_line' id='line_1_92' title="bbox 306 4689 1881 4784; baseline 0.017 -43"><span class='ocrx_word' id='word_1_694' title='bbox 306 4689 424 4743; x_wconf 82' lang='grc' dir='ltr'>ϐεῖν</span> <span class='ocrx_word' id='word_1_695' title='bbox 466 4691 574 4745; x_wconf 86' lang='grc' dir='ltr'>ἀπὸ</span> <span class='ocrx_word' id='word_1_696' title='bbox 620 4694 726 4747; x_wconf 88' lang='grc' dir='ltr'><strong>τῶν</strong></span> <span class='ocrx_word' id='word_1_697' title='bbox 770 4697 929 4768; x_wconf 82' lang='grc' dir='ltr'>ἱερῶν</span> <span class='ocrx_word' id='word_1_698' title='bbox 973 4702 1335 4773; x_wconf 84' lang='grc' dir='ltr'>γραμμάτων,</span> <span class='ocrx_word' id='word_1_699' title='bbox 1370 4707 1609 4781; x_wconf 85' lang='grc' dir='ltr'>Μωῦσῆς</span> <span class='ocrx_word' id='word_1_700' title='bbox 1643 4689 1772 4784; x_wconf 32' lang='grc' dir='ltr'>έ-στη</span> <span class='ocrx_word' id='word_1_701' title='bbox 1821 4714 1881 4766; x_wconf 90' lang='grc' dir='ltr'><strong>ἐν</strong></span> 
     </span>
    </p>
   </div>
   <div class='ocr_carea' id='block_1_93' title="bbox 304 4782 1874 4870">
    <p class='ocr_par' dir='ltr' id='par_1_93' title="bbox 304 4782 1874 4870">
     <span class='ocr_line' id='line_1_93' title="bbox 304 4782 1874 4870; baseline 0.016 -35"><span class='ocrx_word' id='word_1_702' title='bbox 304 4782 459 4854; x_wconf 85' lang='grc' dir='ltr'>τόπῳ</span> <span class='ocrx_word' id='word_1_703' title='bbox 513 4784 851 4858; x_wconf 80' lang='grc' dir='ltr'>ἀγιάσματος</span> <span class='ocrx_word' id='word_1_704' title='bbox 882 4791 975 4845; x_wconf 84' lang='grc' dir='ltr'><strong>τοῦ</strong></span> <span class='ocrx_word' id='word_1_705' title='bbox 1008 4793 1174 4848; x_wconf 67' lang='grc' dir='ltr'>Θεοῦι</span> <span class='ocrx_word' id='word_1_706' title='bbox 1210 4797 1345 4868; x_wconf 84' lang='grc' dir='ltr'>πρὸς</span> <span class='ocrx_word' id='word_1_707' title='bbox 1376 4797 1434 4852; x_wconf 85' lang='grc' dir='ltr'>ὃν</span> <span class='ocrx_word' id='word_1_708' title='bbox 1461 4796 1613 4857; x_wconf 78' lang='grc' dir='ltr'>εἶπεν</span> <span class='ocrx_word' id='word_1_709' title='bbox 1645 4805 1674 4856; x_wconf 93' lang='lat'><strong>6</strong></span> <span class='ocrx_word' id='word_1_710' title='bbox 1704 4782 1835 4870; x_wconf 81' lang='grc' dir='ltr'>Θεός</span> <span class='ocrx_word' id='word_1_711' title='bbox 1861 4823 1874 4837; x_wconf 89' lang='grc'><strong>·</strong></span> 
     </span>
    </p>
   </div>
   <div class='ocr_carea' id='block_1_94' title="bbox 311 4875 1880 4969">
    <p class='ocr_par' dir='ltr' id='par_1_94' title="bbox 311 4875 1880 4969">
     <span class='ocr_line' id='line_1_94' title="bbox 311 4875 1880 4969; baseline 0.016 -42"><span class='ocrx_word' id='word_1_712' title='bbox 311 4895 329 4927; x_wconf 77' lang='grc' dir='ltr'><strong>ι</strong></span> <span class='ocrx_word' id='word_1_713' title='bbox 362 4877 433 4930; x_wconf 77' lang='grc' dir='ltr'>Σὺ</span> <span class='ocrx_word' id='word_1_714' title='bbox 466 4875 522 4931; x_wconf 86' lang='grc' dir='ltr'><strong>δὲ</strong></span> <span class='ocrx_word' id='word_1_715' title='bbox 566 4878 731 4933; x_wconf 79' lang='grc' dir='ltr'>αὑτοῦ</span> <span class='ocrx_word' id='word_1_716' title='bbox 783 4881 940 4952; x_wconf 81' lang='grc' dir='ltr'>στῆθι</span> <span class='ocrx_word' id='word_1_717' title='bbox 987 4888 1103 4957; x_wconf 88' lang='grc' dir='ltr'>μετ’</span> <span class='ocrx_word' id='word_1_718' title='bbox 1147 4888 1344 4959; x_wconf 77' lang='grc' dir='ltr'>ἐμοῦ.»</span> <span class='ocrx_word' id='word_1_719' title='bbox 1392 4892 1531 4947; x_wconf 80' lang='grc' dir='ltr'>Ἀλλ’</span> <span class='ocrx_word' id='word_1_720' title='bbox 1572 4894 1654 4948; x_wconf 83' lang='grc' dir='ltr'><strong>ὃτι</strong></span> <span class='ocrx_word' id='word_1_721' title='bbox 1697 4894 1880 4969; x_wconf 75' lang='grc' dir='ltr'>ζητεῖς</span> 
     </span>
    </p>
   </div>
   <div class='ocr_carea' id='block_1_95' title="bbox 302 4968 1878 5061">
    <p class='ocr_par' dir='ltr' id='par_1_95' title="bbox 302 4968 1878 5061">
     <span class='ocr_line' id='line_1_95' title="bbox 302 4968 1878 5061; baseline 0.013 -38"><span class='ocrx_word' id='word_1_722' title='bbox 302 4968 554 5040; x_wconf 79' lang='grc' dir='ltr'>ἁγίασμα</span> <span class='ocrx_word' id='word_1_723' title='bbox 605 4971 699 5024; x_wconf 85' lang='grc' dir='ltr'><strong>τοῦ</strong></span> <span class='ocrx_word' id='word_1_724' title='bbox 728 4972 884 5040; x_wconf 85' lang='grc' dir='ltr'>Θεοῦ,</span> <span class='ocrx_word' id='word_1_725' title='bbox 914 4976 1046 5030; x_wconf 77' lang='grc' dir='ltr'>ὅπου</span> <span class='ocrx_word' id='word_1_726' title='bbox 1076 4978 1156 5032; x_wconf 86' lang='grc' dir='ltr'><strong>δεῖ</strong></span> <span class='ocrx_word' id='word_1_727' title='bbox 1188 4982 1404 5052; x_wconf 89' lang='grc' dir='ltr'>στῆναι·</span> <span class='ocrx_word' id='word_1_728' title='bbox 1462 5005 1479 5035; x_wconf 78' lang='grc' dir='ltr'><strong>ι</strong></span> <span class='ocrx_word' id='word_1_729' title='bbox 1510 4987 1621 5039; x_wconf 73' lang='grc' dir='ltr'><strong>Καὶ</strong></span> <span class='ocrx_word' id='word_1_730' title='bbox 1647 4968 1878 5061; x_wconf 77' lang='grc' dir='ltr'>ἔστησεν</span> 
     </span>
    </p>
   </div>
   <div class='ocr_carea' id='block_1_96' title="bbox 301 5062 1875 5152">
    <p class='ocr_par' dir='ltr' id='par_1_96' title="bbox 301 5062 1875 5152">
     <span class='ocr_line' id='line_1_96' title="bbox 301 5062 1875 5152; baseline 0.013 -38"><span class='ocrx_word' id='word_1_731' title='bbox 301 5062 396 5115; x_wconf 80' lang='grc' dir='ltr'>ἐπὶ</span> <span class='ocrx_word' id='word_1_732' title='bbox 429 5063 634 5134; x_wconf 87' lang='grc' dir='ltr'>πέτραν</span> <span class='ocrx_word' id='word_1_733' title='bbox 660 5067 788 5131; x_wconf 85' lang='grc' dir='ltr'>τοὺς</span> <span class='ocrx_word' id='word_1_734' title='bbox 828 5068 994 5134; x_wconf 88' lang='grc' dir='ltr'>πόδας</span> <span class='ocrx_word' id='word_1_735' title='bbox 1026 5089 1149 5143; x_wconf 87' lang='grc' dir='ltr'>μου,</span> <span class='ocrx_word' id='word_1_736' title='bbox 1173 5091 1191 5123; x_wconf 75' lang='grc' dir='ltr'><strong>ι</strong></span> <span class='ocrx_word' id='word_1_737' title='bbox 1221 5074 1469 5144; x_wconf 85' lang='grc' dir='ltr'>λέγουσιν</span> <span class='ocrx_word' id='word_1_738' title='bbox 1499 5080 1549 5131; x_wconf 76' lang='lat' dir='ltr'><strong>oi</strong></span> <span class='ocrx_word' id='word_1_739' title='bbox 1578 5081 1875 5152; x_wconf 84' lang='grc' dir='ltr'>προφῆται,</span> 
     </span>
    </p>
   </div>
   <div class='ocr_carea' id='block_1_97' title="bbox 302 5155 1876 5239">
    <p class='ocr_par' dir='ltr' id='par_1_97' title="bbox 302 5155 1876 5239">
     <span class='ocr_line' id='line_1_97' title="bbox 302 5155 1876 5239; baseline 0.013 -32"><span class='ocrx_word' id='word_1_740' title='bbox 302 5156 426 5210; x_wconf 73' lang='grc' dir='ltr'>ἐπεὶ</span> <span class='ocrx_word' id='word_1_741' title='bbox 468 5177 485 5208; x_wconf 75' lang='grc' dir='ltr'><strong>ι</strong></span> <span class='ocrx_word' id='word_1_742' title='bbox 518 5157 691 5231; x_wconf 87' lang='grc' dir='ltr'>πέτρα</span> <span class='ocrx_word' id='word_1_743' title='bbox 726 5155 796 5233; x_wconf 79' lang='grc' dir='ltr'>ἦν</span> <span class='ocrx_word' id='word_1_744' title='bbox 819 5163 847 5215; x_wconf 87' lang='lat'><strong>6</strong></span> <span class='ocrx_word' id='word_1_745' title='bbox 881 5163 1130 5233; x_wconf 87' lang='grc' dir='ltr'>Χριστός.</span> <span class='ocrx_word' id='word_1_746' title='bbox 1159 5183 1177 5216; x_wconf 72' lang='grc' dir='ltr'><strong>ι</strong></span> <span class='ocrx_word' id='word_1_747' title='bbox 1216 5165 1493 5239; x_wconf 85' lang='grc' dir='ltr'>Μάοωμεν</span> <span class='ocrx_word' id='word_1_748' title='bbox 1529 5170 1587 5223; x_wconf 85' lang='grc' dir='ltr'>δὲ</span> <span class='ocrx_word' id='word_1_749' title='bbox 1611 5172 1695 5236; x_wconf 86' lang='grc' dir='ltr'><strong>τίς</strong></span> <span class='ocrx_word' id='word_1_750' title='bbox 1728 5175 1876 5228; x_wconf 80' lang='grc' dir='ltr'>ἐστιν</span> 
     </span>
    </p>
   </div>
   <div class='ocr_carea' id='block_1_98' title="bbox 300 5250 1413 5328">
    <p class='ocr_par' dir='ltr' id='par_1_98' title="bbox 300 5250 1413 5328">
     <span class='ocr_line' id='line_1_98' title="bbox 300 5250 1413 5328; baseline 0.008 -25"><span class='ocrx_word' id='word_1_751' title='bbox 300 5250 329 5303; x_wconf 63' lang='grc' dir='ltr'>ὁ</span> <span class='ocrx_word' id='word_1_752' title='bbox 355 5250 464 5304; x_wconf 88' lang='grc' dir='ltr'><strong>τῶν</strong></span> <span class='ocrx_word' id='word_1_753' title='bbox 486 5252 827 5322; x_wconf 81' lang='grc' dir='ltr'>ἐπαγγελιῶν</span> <span class='ocrx_word' id='word_1_754' title='bbox 847 5253 1050 5309; x_wconf 81' lang='grc' dir='ltr'>τούτων</span> <span class='ocrx_word' id='word_1_755' title='bbox 1075 5256 1413 5328; x_wconf 82' lang='grc' dir='ltr'>τευξόμενος.</span> 
     </span>
    </p>
   </div>
   <div class='ocr_carea' id='block_1_99' title="bbox 384 5340 1870 5422">
    <p class='ocr_par' dir='ltr' id='par_1_99' title="bbox 384 5340 1870 5422">
     <span class='ocr_line' id='line_1_99' title="bbox 384 5340 1870 5422; baseline 0.011 -28"><span class='ocrx_word' id='word_1_756' title='bbox 384 5340 588 5409; x_wconf 82' lang='grc' dir='ltr'>Ἅθῶος</span> <span class='ocrx_word' id='word_1_757' title='bbox 639 5344 811 5412; x_wconf 79' lang='grc' dir='ltr'>χερσὶ</span> <span class='ocrx_word' id='word_1_758' title='bbox 860 5345 961 5401; x_wconf 81' lang='grc' dir='ltr'>καὶ</span> <span class='ocrx_word' id='word_1_759' title='bbox 993 5347 1250 5416; x_wconf 78' lang='grc' dir='ltr'>καθαρὸς</span> <span class='ocrx_word' id='word_1_760' title='bbox 1290 5347 1367 5419; x_wconf 72' lang='grc' dir='ltr'>τῇ</span> <span class='ocrx_word' id='word_1_761' title='bbox 1397 5350 1629 5422; x_wconf 80' lang='grc' dir='ltr'>καρδίᾳ,</span> <span class='ocrx_word' id='word_1_762' title='bbox 1670 5371 1726 5407; x_wconf 92' lang='grc' dir='ltr'><strong>κ.</strong></span> <span class='ocrx_word' id='word_1_763' title='bbox 1747 5373 1796 5409; x_wconf 92' lang='grc' dir='ltr'><strong>τ.</strong></span> <span class='ocrx_word' id='word_1_764' title='bbox 1823 5357 1870 5412; x_wconf 82' lang='grc' dir='ltr'><strong>ἐ.</strong></span> 
     </span>
    </p>
   </div>
   <div class='ocr_carea' id='block_1_100' title="bbox 366 5499 1906 5587">
    <p class='ocr_par' dir='ltr' id='par_1_100' title="bbox 366 5499 1906 5587">
     <span class='ocr_line' id='line_1_100' title="bbox 366 5499 1906 5587; baseline 0.012 -32"><span class='ocrx_word' id='word_1_765' title='bbox 366 5500 413 5533; x_wconf 74' lang='grc'>⁸⁸</span> <span class='ocrx_word' id='word_1_766' title='bbox 442 5499 601 5558; x_wconf 78' lang='lat' dir='ltr'><strong>Joan.</strong></span> <span class='ocrx_word' id='word_1_767' title='bbox 632 5504 766 5568; x_wconf 70' lang='lat'><strong>1,16.</strong></span> <span class='ocrx_word' id='word_1_768' title='bbox 839 5505 884 5539; x_wconf 83' lang='grc'>“</span> <span class='ocrx_word' id='word_1_769' title='bbox 916 5506 1062 5564; x_wconf 85' lang='lat' dir='ltr'><strong>Psal.</strong></span> <span class='ocrx_word' id='word_1_770' title='bbox 1094 5524 1204 5578; x_wconf 79' lang='lat' dir='ltr'><strong>xiv,</strong></span> <span class='ocrx_word' id='word_1_771' title='bbox 1240 5511 1289 5568; x_wconf 87' lang='lat' dir='ltr'><strong>i.</strong></span> <span class='ocrx_word' id='word_1_772' title='bbox 1367 5513 1412 5546; x_wconf 78' lang='grc'><strong>’⁵³</strong></span> <span class='ocrx_word' id='word_1_773' title='bbox 1443 5513 1672 5586; x_wconf 90' lang='lat' dir='ltr'><strong>Philipp.</strong></span> <span class='ocrx_word' id='word_1_774' title='bbox 1706 5534 1788 5587; x_wconf 85' lang='grc' dir='ltr'>ιιι,</span> <span class='ocrx_word' id='word_1_775' title='bbox 1818 5520 1906 5577; x_wconf 79' lang='grc'><strong>15.</strong></span> 
     </span>
    </p>
   </div>
   <div class='ocr_carea' id='block_1_101' title="bbox 1990 4529 3562 4605">
    <p class='ocr_par' dir='ltr' id='par_1_101' title="bbox 1990 4529 3562 4605">
     <span class='ocr_line' id='line_1_101' title="bbox 1990 4529 3562 4605; baseline 0.01 -26"><span class='ocrx_word' id='word_1_776' title='bbox 1990 4539 2138 4591; x_wconf 92' lang='lat' dir='ltr'><strong>num,</strong></span> <span class='ocrx_word' id='word_1_777' title='bbox 2168 4533 2229 4581; x_wconf 91' lang='lat' dir='ltr'><strong>ut</strong></span> <span class='ocrx_word' id='word_1_778' title='bbox 2259 4537 2369 4582; x_wconf 88' lang='lat' dir='ltr'><strong>stet</strong></span> <span class='ocrx_word' id='word_1_779' title='bbox 2394 4537 2518 4598; x_wconf 86' lang='lat' dir='ltr'><strong>post</strong></span> <span class='ocrx_word' id='word_1_780' title='bbox 2550 4529 2720 4586; x_wconf 87' lang='lat' dir='ltr'><strong>Deum</strong></span> <span class='ocrx_word' id='word_1_781' title='bbox 2754 4532 2810 4588; x_wconf 91' lang='lat' dir='ltr'><strong>in</strong></span> <span class='ocrx_word' id='word_1_782' title='bbox 2835 4532 2957 4589; x_wconf 89' lang='lat' dir='ltr'><strong>loco</strong></span> <span class='ocrx_word' id='word_1_783' title='bbox 3001 4543 3192 4592; x_wconf 81' lang='lat' dir='ltr'><strong>sancto</strong></span> <span class='ocrx_word' id='word_1_784' title='bbox 3237 4534 3376 4605; x_wconf 85' lang='lat' dir='ltr'><strong>ejus.</strong></span> <span class='ocrx_word' id='word_1_785' title='bbox 3405 4535 3562 4605; x_wconf 86' lang='lat' dir='ltr'><strong>Quod</strong></span> 
     </span>
    </p>
   </div>
   <div class='ocr_carea' id='block_1_102' title="bbox 1988 4615 3569 4695">
    <p class='ocr_par' dir='ltr' id='par_1_102' title="bbox 1988 4615 3569 4695">
     <span class='ocr_line' id='line_1_102' title="bbox 1988 4615 3569 4695; baseline 0.011 -26"><span class='ocrx_word' id='word_1_786' title='bbox 1988 4617 2032 4670; x_wconf 90' lang='lat' dir='ltr'><strong>si</strong></span> <span class='ocrx_word' id='word_1_787' title='bbox 2073 4615 2239 4671; x_wconf 89' lang='lat' dir='ltr'><strong>vultis</strong></span> <span class='ocrx_word' id='word_1_788' title='bbox 2285 4632 2353 4673; x_wconf 76' lang='lat' dir='ltr'><strong>ex</strong></span> <span class='ocrx_word' id='word_1_789' title='bbox 2402 4620 2575 4676; x_wconf 87' lang='lat' dir='ltr'><strong>sacris</strong></span> <span class='ocrx_word' id='word_1_790' title='bbox 2615 4619 2917 4694; x_wconf 81' lang='lat' dir='ltr'><strong>Scripturis</strong></span> <span class='ocrx_word' id='word_1_791' title='bbox 2960 4625 3270 4695; x_wconf 87' lang='lat' dir='ltr'><strong>exemplum</strong></span> <span class='ocrx_word' id='word_1_792' title='bbox 3316 4643 3569 4695; x_wconf 60' lang='lat' dir='ltr'><strong>sumere,</strong></span> 
     </span>
    </p>
   </div>
   <div class='ocr_carea' id='block_1_103' title="bbox 1987 4708 3562 4793">
    <p class='ocr_par' dir='ltr' id='par_1_103' title="bbox 1987 4708 3562 4793">
     <span class='ocr_line' id='line_1_103' title="bbox 1987 4708 3562 4793; baseline 0.01 -29"><span class='ocrx_word' id='word_1_793' title='bbox 1987 4708 2139 4764; x_wconf 89' lang='lat' dir='ltr'><strong>stetit</strong></span> <span class='ocrx_word' id='word_1_794' title='bbox 2180 4709 2236 4765; x_wconf 91' lang='lat' dir='ltr'><strong>in</strong></span> <span class='ocrx_word' id='word_1_795' title='bbox 2287 4710 2415 4767; x_wconf 90' lang='lat' dir='ltr'><strong>loco</strong></span> <span class='ocrx_word' id='word_1_796' title='bbox 2446 4714 2900 4772; x_wconf 81' lang='lat' dir='ltr'><strong>sanctiﬁcationis</strong></span> <span class='ocrx_word' id='word_1_797' title='bbox 2933 4715 3027 4775; x_wconf 87' lang='lat' dir='ltr'><strong>Dei</strong></span> <span class='ocrx_word' id='word_1_798' title='bbox 3058 4716 3271 4789; x_wconf 73' lang='lat' dir='ltr'><strong>Moyses</strong></span> <span class='ocrx_word' id='word_1_799' title='bbox 3298 4720 3367 4776; x_wconf 88' lang='lat' dir='ltr'><strong>ad</strong></span> <span class='ocrx_word' id='word_1_800' title='bbox 3395 4735 3562 4793; x_wconf 85' lang='lat' dir='ltr'><strong>quem</strong></span> 
     </span>
    </p>
   </div>
   <div class='ocr_carea' id='block_1_104' title="bbox 1987 4798 3560 4883">
    <p class='ocr_par' dir='ltr' id='par_1_104' title="bbox 1987 4798 3560 4883">
     <span class='ocr_line' id='line_1_104' title="bbox 1987 4798 3560 4883; baseline 0.007 -28"><span class='ocrx_word' id='word_1_801' title='bbox 1987 4798 2119 4856; x_wconf 78' lang='lat' dir='ltr'><strong>dixit</strong></span> <span class='ocrx_word' id='word_1_802' title='bbox 2143 4800 2227 4858; x_wconf 75' lang='lat'><strong>“:</strong></span> <span class='ocrx_word' id='word_1_803' title='bbox 2255 4820 2274 4854; x_wconf 86' lang='lat' dir='ltr'><strong>t</strong></span> <span class='ocrx_word' id='word_1_804' title='bbox 2299 4802 2379 4860; x_wconf 91' lang='lat' dir='ltr'><strong>Tu</strong></span> <span class='ocrx_word' id='word_1_805' title='bbox 2415 4819 2544 4859; x_wconf 81' lang='lat' dir='ltr'><strong>vero</strong></span> <span class='ocrx_word' id='word_1_806' title='bbox 2572 4806 2682 4862; x_wconf 88' lang='lat' dir='ltr'><strong>illic</strong></span> <span class='ocrx_word' id='word_1_807' title='bbox 2711 4817 2798 4863; x_wconf 88' lang='lat' dir='ltr'><strong>sta</strong></span> <span class='ocrx_word' id='word_1_808' title='bbox 2827 4822 3061 4865; x_wconf 87' lang='lat' dir='ltr'><strong>mecum.</strong></span> <span class='ocrx_word' id='word_1_809' title='bbox 3085 4830 3105 4864; x_wconf 79' lang='grc' dir='ltr'><strong>ι</strong></span> <span class='ocrx_word' id='word_1_810' title='bbox 3141 4811 3246 4869; x_wconf 85' lang='lat' dir='ltr'><strong>Sed</strong></span> <span class='ocrx_word' id='word_1_811' title='bbox 3272 4814 3401 4883; x_wconf 88' lang='lat' dir='ltr'><strong>quia</strong></span> <span class='ocrx_word' id='word_1_812' title='bbox 3429 4830 3560 4870; x_wconf 87' lang='lat' dir='ltr'><strong>san-</strong></span> 
     </span>
    </p>
   </div>
   <div class='ocr_carea' id='block_1_105' title="bbox 1986 4892 3563 4979">
    <p class='ocr_par' dir='ltr' id='par_1_105' title="bbox 1986 4892 3563 4979">
     <span class='ocr_line' id='line_1_105' title="bbox 1986 4892 3563 4979; baseline 0.01 -32"><span class='ocrx_word' id='word_1_813' title='bbox 1986 4892 2374 4951; x_wconf 84' lang='lat' dir='ltr'><strong>ctiﬁcationem</strong></span> <span class='ocrx_word' id='word_1_814' title='bbox 2433 4897 2527 4953; x_wconf 87' lang='lat' dir='ltr'><strong>Dei</strong></span> <span class='ocrx_word' id='word_1_815' title='bbox 2560 4901 2763 4969; x_wconf 70' lang='lat' dir='ltr'><strong>quat-ris</strong></span> <span class='ocrx_word' id='word_1_816' title='bbox 2806 4900 2898 4956; x_wconf 92' lang='lat' dir='ltr'><strong>ubi</strong></span> <span class='ocrx_word' id='word_1_817' title='bbox 2936 4910 3085 4959; x_wconf 88' lang='lat' dir='ltr'><strong>stare</strong></span> <span class='ocrx_word' id='word_1_818' title='bbox 3132 4914 3403 4974; x_wconf 86' lang='lat' dir='ltr'><strong>oporteat,</strong></span> <span class='ocrx_word' id='word_1_819' title='bbox 3437 4922 3563 4979; x_wconf 87' lang='lat' dir='ltr'><strong>pro-</strong></span> 
     </span>
    </p>
   </div>
   <div class='ocr_carea' id='block_1_106' title="bbox 1984 4985 3561 5071">
    <p class='ocr_par' dir='ltr' id='par_1_106' title="bbox 1984 4985 3561 5071">
     <span class='ocr_line' id='line_1_106' title="bbox 1984 4985 3561 5071; baseline 0.012 -32"><span class='ocrx_word' id='word_1_820' title='bbox 1984 4985 2160 5055; x_wconf 84' lang='lat' dir='ltr'><strong>phetae</strong></span> <span class='ocrx_word' id='word_1_821' title='bbox 2204 4986 2395 5045; x_wconf 87' lang='lat' dir='ltr'><strong>dicunt</strong></span> <span class='ocrx_word' id='word_1_822' title='bbox 2437 5010 2452 5046; x_wconf 86' lang='lat'><strong>:</strong></span> <span class='ocrx_word' id='word_1_823' title='bbox 2504 4992 2611 5048; x_wconf 66' lang='lat' dir='ltr'><strong>«Et</strong></span> <span class='ocrx_word' id='word_1_824' title='bbox 2659 4995 2851 5053; x_wconf 85' lang='lat' dir='ltr'><strong>statuit</strong></span> <span class='ocrx_word' id='word_1_825' title='bbox 2912 5009 3077 5066; x_wconf 86' lang='lat' dir='ltr'><strong>super</strong></span> <span class='ocrx_word' id='word_1_826' title='bbox 3138 5008 3349 5068; x_wconf 88' lang='lat' dir='ltr'><strong>petram</strong></span> <span class='ocrx_word' id='word_1_827' title='bbox 3391 5001 3561 5071; x_wconf 80' lang='lat' dir='ltr'><strong>pedes</strong></span> 
     </span>
    </p>
   </div>
   <div class='ocr_carea' id='block_1_107' title="bbox 1987 5079 3554 5157">
    <p class='ocr_par' dir='ltr' id='par_1_107' title="bbox 1987 5079 3554 5157">
     <span class='ocr_line' id='line_1_107' title="bbox 1987 5079 3554 5157; baseline 0.011 -26"><span class='ocrx_word' id='word_1_828' title='bbox 1987 5093 2134 5134; x_wconf 89' lang='lat' dir='ltr'><strong>meos</strong></span> <span class='ocrx_word' id='word_1_829' title='bbox 2147 5079 2215 5148; x_wconf 74' lang='lat'><strong>“,</strong></span> <span class='ocrx_word' id='word_1_830' title='bbox 2241 5101 2260 5136; x_wconf 73' lang='grc' dir='ltr'><strong>ι</strong></span> <span class='ocrx_word' id='word_1_831' title='bbox 2294 5085 2551 5152; x_wconf 77' lang='lat' dir='ltr'><strong>quoniam</strong></span> <span class='ocrx_word' id='word_1_832' title='bbox 2581 5105 2600 5137; x_wconf 76' lang='grc' dir='ltr'><strong>ι</strong></span> <span class='ocrx_word' id='word_1_833' title='bbox 2623 5096 2778 5157; x_wconf 85' lang='lat' dir='ltr'><strong>petra</strong></span> <span class='ocrx_word' id='word_1_834' title='bbox 2805 5096 2929 5143; x_wconf 88' lang='lat' dir='ltr'><strong>erat</strong></span> <span class='ocrx_word' id='word_1_835' title='bbox 2949 5086 3202 5147; x_wconf 87' lang='lat' dir='ltr'><strong>Christus</strong></span> <span class='ocrx_word' id='word_1_836' title='bbox 3220 5090 3320 5147; x_wconf 76' lang='lat' dir='ltr'><strong>“.t</strong></span> <span class='ocrx_word' id='word_1_837' title='bbox 3355 5090 3554 5147; x_wconf 88' lang='lat' dir='ltr'><strong>Disca-</strong></span> 
     </span>
    </p>
   </div>
   <div class='ocr_carea' id='block_1_108' title="bbox 1984 5176 3575 5254">
    <p class='ocr_par' dir='ltr' id='par_1_108' title="bbox 1984 5176 3575 5254">
     <span class='ocr_line' id='line_1_108' title="bbox 1984 5176 3575 5254; baseline 0.009 -30"><span class='ocrx_word' id='word_1_838' title='bbox 1984 5186 2104 5226; x_wconf 88' lang='lat' dir='ltr'><strong>tnus</strong></span> <span class='ocrx_word' id='word_1_839' title='bbox 2136 5184 2318 5229; x_wconf 88' lang='lat' dir='ltr'><strong>autem</strong></span> <span class='ocrx_word' id='word_1_840' title='bbox 2348 5176 2604 5245; x_wconf 88' lang='lat' dir='ltr'><strong>quisnam</strong></span> <span class='ocrx_word' id='word_1_841' title='bbox 2634 5179 2706 5235; x_wconf 89' lang='lat' dir='ltr'><strong>sit</strong></span> <span class='ocrx_word' id='word_1_842' title='bbox 2731 5181 2826 5252; x_wconf 92' lang='lat' dir='ltr'><strong>qui</strong></span> <span class='ocrx_word' id='word_1_843' title='bbox 2857 5181 3248 5253; x_wconf 86' lang='lat' dir='ltr'><strong>promissioues</strong></span> <span class='ocrx_word' id='word_1_844' title='bbox 3274 5181 3575 5254; x_wconf 67' lang='lat' dir='ltr'><strong>hujusnto-.</strong></span> 
     </span>
    </p>
   </div>
   <div class='ocr_carea' id='block_1_109' title="bbox 1982 5264 2442 5337">
    <p class='ocr_par' dir='ltr' id='par_1_109' title="bbox 1982 5264 2442 5337">
     <span class='ocr_line' id='line_1_109' title="bbox 1982 5264 2442 5337; baseline 0.007 -18"><span class='ocrx_word' id='word_1_845' title='bbox 1982 5264 2033 5319; x_wconf 89' lang='lat' dir='ltr'><strong>di</strong></span> <span class='ocrx_word' id='word_1_846' title='bbox 2061 5276 2442 5337; x_wconf 81' lang='lat' dir='ltr'><strong>consequatur.</strong></span> 
     </span>
    </p>
   </div>
   <div class='ocr_carea' id='block_1_110' title="bbox 2049 5354 3551 5436">
    <p class='ocr_par' dir='ltr' id='par_1_110' title="bbox 2049 5354 3551 5436">
     <span class='ocr_line' id='line_1_110' title="bbox 2049 5354 3551 5436; baseline 0.009 -25"><span class='ocrx_word' id='word_1_847' title='bbox 2049 5354 2213 5426; x_wconf 75' lang='lat'><strong>627</strong></span> <span class='ocrx_word' id='word_1_848' title='bbox 2247 5355 2408 5414; x_wconf 71' lang='lat' dir='ltr'><strong>Vsus.</strong></span> <span class='ocrx_word' id='word_1_849' title='bbox 2438 5359 2491 5416; x_wconf 76' lang='grc'>4.</span> <span class='ocrx_word' id='word_1_850' title='bbox 2524 5358 2786 5418; x_wconf 79' lang='lat' dir='ltr'><strong>Innocem</strong></span> <span class='ocrx_word' id='word_1_851' title='bbox 2811 5365 3054 5422; x_wconf 76' lang='lat' dir='ltr'><strong>manibus</strong></span> <span class='ocrx_word' id='word_1_852' title='bbox 3073 5376 3125 5422; x_wconf 80' lang='lat' dir='ltr'><strong>et</strong></span> <span class='ocrx_word' id='word_1_853' title='bbox 3147 5369 3344 5424; x_wconf 80' lang='lat' dir='ltr'><strong>mundo</strong></span> <span class='ocrx_word' id='word_1_854' title='bbox 3372 5369 3551 5436; x_wconf 83' lang='lat' dir='ltr'><strong>corde,</strong></span> 
     </span>
    </p>
   </div>
   <div class='ocr_carea' id='block_1_111' title="bbox 1979 5517 3549 5607">
    <p class='ocr_par' dir='ltr' id='par_1_111' title="bbox 1979 5517 3549 5607">
     <span class='ocr_line' id='line_1_111' title="bbox 1979 5517 3549 5607; baseline 0.011 -33"><span class='ocrx_word' id='word_1_855' title='bbox 1979 5517 2025 5551; x_wconf 73' lang='lat'>“</span> <span class='ocrx_word' id='word_1_856' title='bbox 2057 5520 2229 5577; x_wconf 78' lang='lat' dir='ltr'><strong>Exod.</strong></span> <span class='ocrx_word' id='word_1_857' title='bbox 2254 5539 2437 5580; x_wconf 75' lang='lat' dir='ltr'><strong>sntv.</strong></span> <span class='ocrx_word' id='word_1_858' title='bbox 2515 5525 2562 5559; x_wconf 74' lang='lat'><strong>“</strong></span> <span class='ocrx_word' id='word_1_859' title='bbox 2586 5524 2730 5585; x_wconf 83' lang='lat' dir='ltr'><strong>Psal.</strong></span> <span class='ocrx_word' id='word_1_860' title='bbox 2763 5544 2957 5607; x_wconf 70' lang='lat' dir='ltr'><strong>xxxix,</strong></span> <span class='ocrx_word' id='word_1_861' title='bbox 2978 5529 3034 5587; x_wconf 78' lang='lat'><strong>5.</strong></span> <span class='ocrx_word' id='word_1_862' title='bbox 3120 5530 3165 5565; x_wconf 72' lang='grc'><strong>⁸⁸</strong></span> <span class='ocrx_word' id='word_1_863' title='bbox 3195 5531 3366 5591; x_wconf 87' lang='lat' dir='ltr'><strong>lCor.</strong></span> <span class='ocrx_word' id='word_1_864' title='bbox 3405 5550 3461 5600; x_wconf 72' lang='grc' dir='ltr'>ι,</span> <span class='ocrx_word' id='word_1_865' title='bbox 3494 5534 3549 5592; x_wconf 73' lang='grc'>4.</span> 
     </span>
    </p>
   </div>
   <div class='ocr_carea' id='block_1_112' title="bbox 521 5662 2053 5748">
    <p class='ocr_par' dir='ltr' id='par_1_112' title="bbox 521 5662 2053 5748">
     <span class='ocr_line' id='line_1_112' title="bbox 521 5662 2053 5748; baseline 0.019 -33"><span class='ocrx_word' id='word_1_866' title='bbox 521 5662 662 5748; x_wconf 41' lang='lat' dir='ltr'><strong>Elea</strong></span> <span class='ocrx_word' id='word_1_867' title='bbox 689 5665 757 5747; x_wconf 54' lang='grc' dir='ltr'>δὲ</span> <span class='ocrx_word' id='word_1_868' title='bbox 777 5669 876 5748; x_wconf 48' lang='grc' dir='ltr'><strong>καί</strong></span> <span class='ocrx_word' id='word_1_869' title='bbox 906 5671 1114 5748; x_wconf 62' lang='grc' dir='ltr'>οὕτως,</span> <span class='ocrx_word' id='word_1_870' title='bbox 1144 5684 1252 5731; x_wconf 86' lang='lat' dir='ltr'><strong>etc.</strong></span> <span class='ocrx_word' id='word_1_871' title='bbox 1283 5675 1504 5736; x_wconf 69' lang='lat' dir='ltr'><strong>Schedze</strong></span> <span class='ocrx_word' id='word_1_872' title='bbox 1533 5680 1740 5748; x_wconf 84' lang='lat' dir='ltr'><strong>Grabii,</strong></span> <span class='ocrx_word' id='word_1_873' title='bbox 1759 5685 2053 5747; x_wconf 83' lang='lat' dir='ltr'><strong>Barbarus.</strong></span> 
     </span>
    </p>
   </div>
   <div class='ocr_carea' id='block_1_113' title="bbox 367 5656 1952 5815">
    <p class='ocr_par' dir='ltr' id='par_1_113' title="bbox 367 5656 1952 5815">
     <span class='ocr_line' id='line_1_113' title="bbox 367 5656 1952 5798; baseline 0.02 -88"><span class='ocrx_word' id='word_1_874' title='bbox 367 5656 481 5798; x_wconf 48' lang='lat'><strong>£78;</strong></span> <span class='ocrx_word' id='word_1_875' title='bbox 521 5662 662 5731; x_wconf 84' lang='grc' dir='ltr'>Ὅρα</span> <span class='ocrx_word' id='word_1_876' title='bbox 689 5665 757 5747; x_wconf 58' lang='grc' dir='ltr'>δὲ</span> <span class='ocrx_word' id='word_1_877' title='bbox 777 5669 876 5722; x_wconf 77' lang='grc' dir='ltr'>καὶ</span> <span class='ocrx_word' id='word_1_878' title='bbox 906 5671 1114 5754; x_wconf 68' lang='grc' dir='ltr'>οὕτως,</span> <span class='ocrx_word' id='word_1_879' title='bbox 1144 5684 1252 5731; x_wconf 87' lang='lat' dir='ltr'><strong>etc.</strong></span> <span class='ocrx_word' id='word_1_880' title='bbox 1283 5675 1504 5736; x_wconf 72' lang='lat' dir='ltr'><strong>Schedze</strong></span> <span class='ocrx_word' id='word_1_881' title='bbox 1533 5680 1740 5748; x_wconf 86' lang='lat' dir='ltr'><strong>Grabii,</strong></span> <span class='ocrx_word' id='word_1_882' title='bbox 1759 5685 1952 5742; x_wconf 83' lang='lat' dir='ltr'><strong>Barbat</strong></span> 
     </span>
     <span class='ocr_line' id='line_1_114' title="bbox 376 5729 1952 5815; baseline 0.019 -32"><span class='ocrx_word' id='word_1_883' title='bbox 509 5734 628 5815; x_wconf 60' lang='grc' dir='ltr'><strong>1]ρύ</strong></span> <span class='ocrx_word' id='word_1_884' title='bbox 662 5752 773 5804; x_wconf 81' lang='grc' dir='ltr'><strong>της</strong></span> <span class='ocrx_word' id='word_1_885' title='bbox 813 5741 1092 5815; x_wconf 66' lang='grc' dir='ltr'>Χριστοιν,</span> <span class='ocrx_word' id='word_1_886' title='bbox 1135 5757 1241 5800; x_wconf 84' lang='lat' dir='ltr'><strong>etc.</strong></span> <span class='ocrx_word' id='word_1_887' title='bbox 1295 5748 1618 5815; x_wconf 83' lang='lat' dir='ltr'><strong>Corderins,</strong></span> <span class='ocrx_word' id='word_1_888' title='bbox 1661 5753 1952 5813; x_wconf 83' lang='lat' dir='ltr'><strong>Barbarus.</strong></span> 
     </span>
    </p>
   </div>
   <div class='ocr_carea' id='block_1_114' title="bbox 370 5798 1904 5905">
    <p class='ocr_par' dir='ltr' id='par_1_114' title="bbox 370 5798 1904 5898">
     <span class='ocr_line' id='line_1_115' title="bbox 370 5798 1904 5898; baseline 0.019 -46"><span class='ocrx_word' id='word_1_889' title='bbox 370 5798 483 5871; x_wconf 80' lang='lat'><strong>(80)</strong></span> <span class='ocrx_word' id='word_1_890' title='bbox 510 5798 937 5874; x_wconf 55' lang='grc' dir='ltr'>Σῦγκρικονᾊὲ</span> <span class='ocrx_word' id='word_1_891' title='bbox 963 5798 1170 5882; x_wconf 64' lang='grc' dir='ltr'>ταῦτα,</span> 
     </span>
    </p>
   </div>
   <div class='ocr_carea' id='block_1_115' title="bbox 2002 5798 2847 5905">
    <p class='ocr_par' dir='ltr' id='par_1_115' title="bbox 2002 5830 2847 5905">
     <span class='ocr_line' id='line_1_116' title="bbox 2002 5830 2847 5905; baseline 0.012 -20"><span class='ocrx_word' id='word_1_892' title='bbox 2002 5830 2197 5888; x_wconf 71' lang='grc' dir='ltr'>ιειιοιιιε</span> <span class='ocrx_word' id='word_1_893' title='bbox 2222 5832 2429 5905; x_wconf 79' lang='lat' dir='ltr'><strong>Grahii,</strong></span> <span class='ocrx_word' id='word_1_894' title='bbox 2471 5852 2532 5894; x_wconf 85' lang='lat' dir='ltr'><strong>ac</strong></span> <span class='ocrx_word' id='word_1_895' title='bbox 2558 5837 2847 5896; x_wconf 84' lang='lat' dir='ltr'><strong>Barbarus.</strong></span> 
     </span>
    </p>
   </div>
  </div>
