4020 6152
372 235 408 291 1
419 236 523 294 269

1349 235 1659 294 SELECTA
1694 235 1763 292 IN
1796 236 2133 295 PSALMOS.
2169 212 2239 280 ὲ-
2275 238 2469 294 PSAL.
2511 237 2700 296 XXIV.

3484 236 3622 292 1270

457 351 567 407 Τοῦ
603 350 809 407 αὐτοῦ.
841 350 954 404 Ούκ
992 347 1143 404 εἶπεν
1174 350 1306 418 (87),
1354 351 1625 418 Ἀνοίξατε
1654 352 1754 417 τὰς
1781 352 1942 417 πύλας

2127 350 2403 424 Ejusdem.
2429 355 2543 410 Non
2579 352 2735 419 dixit,
2761 350 2986 422 Aperite
3030 355 3214 420 portas
3258 348 3455 420 quibus
3481 366 3622 425 pra:-

373 440 456 500 ὦν
475 442 694 516 ἡγεῖσθε
712 443 806 498 καὶ
832 442 1128 513 τυγχάνετε
1157 442 1412 513 φύλακες,
1441 442 1555 497 ἀλλ’
1585 463 1602 494 ι
1628 444 1793 515 ἄρατε
1809 461 1856 495 ⁸)
1877 443 1953 506 ὡς

371 538 491 610 γὰρ
522 534 723 591 κατιὼν
767 534 955 599 κλίνας
999 535 1281 607 οὐρανοὺς,
1310 536 1409 588 οὐκ
1457 535 1674 600 ἀνοίξας
1719 535 1949 606 κατέϐη,

373 629 471 684 τὸν
504 629 667 685 αὐτὸν
699 628 901 700 τρόπον
930 627 1289 698 ἀναληφθεὶς,
1330 629 1429 681 οὐκ
1468 626 1815 700 ἀνοιχθεισῶν
1844 627 1952 682 τῶν

378 720 565 776 πυλῶν
596 720 861 792 εἰσῆλθεν,
893 720 1007 773 ἀλλ’
1030 720 1387 793 αἱρουμένων.

451 813 558 867 Τοῦ
600 812 786 867 αὐτοῦ.
827 813 937 866 Καὶ
983 812 1298 882 ἐπάρθητε,
1349 813 1535 866 πύλαι
1575 811 1815 866 αὶώνιοι.
1864 812 1952 876 Ὡς

328 915 332 918 ’
373 906 623 976 λογικαῖς
671 903 782 977 (88)
833 904 889 958 δὲ
935 904 1160 970 ταύταις
1213 905 1347 976 φησι
1393 904 1483 969 τὸ,
1526 921 1544 954 ι
1583 904 1888 976 ὲπὰρθητεο
1926 924 1944 955 ι

374 997 745 1069 πνευματικαὶ
770 996 829 1051 δέ
859 998 986 1064 εἱσι,
1019 998 1112 1051 καὶ
1134 997 1195 1050 ού
1225 996 1551 1070 πρόσκαιροι
1583 995 1672 1050 διὰ
1698 996 1760 1050 τὺ
1792 996 1950 1051 άῦλον

374 1087 475 1142 καὶ
503 1088 797 1160 ἀκήρατον.
846 1108 853 1113 ε

448 1272 664 1340 Κύριος
683 1273 1074 1342 κραταιόςλκαὶ
1093 1271 1367 1339 δυνατὸς,
1384 1274 1600 1342 Κύριος
1615 1272 1953 1338 δυνατὸςέν

376 1362 641 1434 πολέμῳ,
672 1382 726 1419 κ.
759 1383 809 1419 τ.
838 1366 884 1421 ὲ.
923 1384 940 1417 ι
972 1365 1251 1438 Θαρσεῖτε,
1280 1384 1298 1417 ι
1336 1367 1501 1438 φησὶν
1533 1366 1641 1439 (89)
1672 1369 1701 1420 ό
1734 1364 1945 1436 Σωτὴρ,

383 1476 403 1508 σ
438 1455 549 1527 ἐγὼ
596 1457 859 1530 νενίκηκα
888 1458 977 1512 τὸν
1010 1458 1241 1530 κόσμοψ
1271 1457 1365 1512 νῦν
1409 1459 1588 1531 ἄρχων
1619 1457 1713 1511 τοῦ
1742 1457 1945 1528 κόσμου

375 1549 568 1603 τούτου
596 1549 998 1623 ὲμϐληθήσεται
1033 1550 1155 1619 ἔξω.
1189 1571 1206 1603 ι

448 1639 663 1708 Κύριος
687 1640 1017 1711 δυνάμεων,
1062 1643 1243 1708 αὐτός
1284 1642 1416 1696 ἐστι
1467 1636 1646 1707 οὗτος
1691 1643 1724 1695 ό
1765 1640 1947 1705 ,βασι-

2053 448 2182 503 estis
2204 455 2257 501 et
2272 461 2497 517 quarum
2519 446 2650 502 estis
2672 444 2949 511 custodes,
2966 442 3063 498 sed
3089 441 3397 498 «attollite.»
3418 442 3619 511 Quem-

2053 535 2339 591 admodum
2388 536 2541 591 enim
2576 549 2702 589 cum
2751 534 3063 597 descendit,
3097 532 3265 589 coelos
3324 547 3429 589 non
3489 549 3620 603 ape-

2052 627 2215 692 riens,
2251 627 2345 682 sed
2388 627 2658 683 inclinans
2707 626 3006 693 descendit,
3037 626 3118 681 sic
3154 640 3277 680 cum
3306 633 3619 695 assumptus

2065 724 2173 781 est,
2208 732 2311 771 non
2342 717 2569 786 apertis,
2600 716 2694 771 sed
2737 716 2933 772 ablatis
2967 717 3139 787 portis
3170 716 3446 786 ingressus
3477 723 3582 771 est.

2134 806 2407 877 Ejusdem.
2458 809 2531 862 Et
2598 808 2896 872 elevamini,
2955 816 3120 878 portae
3165 807 3461 875 wtemales,
3510 792 3616 862 etc.

2054 899 2219 967 Quasi
2265 899 2498 956 rationis
2524 908 2707 956 essent
2738 908 3039 971 compotes,
3078 914 3175 955 eas
3202 899 3500 971 alloquitur
3535 899 3619 954 di-

2051 1007 2204 1060 cens,
2250 1009 2271 1043 c
2295 991 2610 1053 elevamini;
2642 1010 2661 1043 ι
2695 991 3008 1062 spirituales
3054 989 3200 1045 enim
3250 999 3396 1055 sunt,
3429 1001 3485 1046 et
3510 1004 3618 1044 non

2053 1095 2437 1154 temporaneae,
2468 1098 2534 1140 eo
2573 1084 2717 1153 quod
2754 1083 3000 1140 materia:
3040 1092 3098 1138 et
3134 1083 3500 1153 corruptionis
3522 1097 3619 1140 ex-

2050 1189 2234 1250 pertes
2264 1179 2392 1234 sint.
2446 1200 2453 1207 ν
3471 1248 3474 1252 ι

2122 1273 2381 1328 Dominus
2449 1272 2600 1340 fortis
2668 1280 2715 1327 et
2765 1277 2983 1340 potens,
3043 1268 3295 1324 Dominus
3339 1277 3520 1339 potem
3562 1270 3620 1325 in

2049 1365 2262 1435 pretio,
2284 1375 2390 1420 etc.
2443 1383 2461 1417 ι
2488 1363 2777 1430 Conﬁdite,
2806 1383 2825 1417 ι
2873 1363 3051 1434 inquit
3107 1361 3357 1417 Salvator
3375 1361 3442 1427 δ’,
3474 1378 3495 1413 ι
3520 1376 3621 1432 ego

2054 1456 2158 1511 vici
2215 1458 2496 1511 mundum.
2558 1455 2714 1512 Nune
2778 1457 3031 1527 princeps
3077 1454 3241 1525 hujus
3292 1453 3479 1509 mundi
3521 1452 3621 1521 eji-

2053 1549 2228 1604 cietur
2259 1548 2406 1603 foras
2428 1547 2496 1602 '°.
2526 1566 2547 1601 ι

2127 1636 2287 1693 Vens.
2340 1636 2428 1692 10.
2480 1636 2740 1692 Dominus
2795 1637 3047 1692 virtutum
3105 1637 3214 1707 ipse
3255 1644 3333 1692 est
3380 1651 3473 1691 rex
3514 1634 3622 1705 glo-

372 1704 663 1799 ,ιεὺςτῆξ
689 1704 892 1799 eam},
921 1749 977 1786 κ.
998 1704 1049 1785 ..
1076 1733 1123 1784 ὲ.
1154 1704 1446 1802 Δύνάμεων
1477 1704 1680 1804 Κύριον
1710 1730 1822 1801 (90)
1857 1731 1942 1785 αὐα

2053 1727 2166 1794 rie,
2203 1739 2311 1784 etc.
2349 1728 2635 1783 Dominum
2675 1729 2933 1783 virtutum
2983 1729 3158 1798 ipsum
3209 1727 3463 1783 dixerunt
3499 1735 3621 1781 tan-

371 1819 467 1876 τὸν
499 1815 651 1874 εἶπον
679 1820 756 1884 ὡς
789 1820 1023 1892 ἄρχοντα
1068 1822 1460 1894 στρατοπέδων.
1502 1820 1840 1893 Σημειωτέον
1867 1820 1948 1885 δὲ,

372 1912 455 1966 ὅτι
483 1912 531 1967 οἱ
556 1912 625 1966 τὰ
654 1911 919 1983 Ἐϐραίων
944 1913 1316 1985 ὴκριϐωκότες
1342 1913 1649 1985 φασί-Τὴν(
1672 1911 1895 1969 Σαϐαὼθ
1922 1931 1942 1965 ι

372 2003 558 2074 φωνὴν
584 2006 642 2056 ὲν
672 2003 753 2075 τῷ
791 2004 1062 2076 Ἐϐραῖκῷ
1088 2006 1344 2076 κειμένην
1378 2007 1458 2070 είς
1493 2004 1739 2068 Ἑλλάδος
1765 2002 1948 2074 φωνὴν

368 2096 421 2149 οἱ
457 2093 855 2166 Ἐϐδομήκοντα
888 2095 1411 2168 μεταλαμϐάνοντες,
1439 2096 1528 2150 ὁτὲ
1555 2097 1652 2168 μὲν
1677 2096 1757 2159 τὸ,
1795 2114 1814 2147 ι
1840 2095 1947 2149 Κύ-

374 2202 488 2256 ριος
515 2183 624 2237 τῶν
650 2185 952 2257 δυνάμεων,
976 2206 995 2238 ι
1035 2188 1122 2241 ὁτὲ
1147 2188 1204 2242 δὲ
1231 2189 1312 2253 τὸ,
1344 2208 1362 2241 ι
1396 2187 1602 2262 Κύριος
1627 2189 1939 2261 κραταιὸς,›

367 2274 460 2328 ὁτὲ
500 2274 556 2327 δὲ
600 2275 681 2340 τὺ,
717 2295 736 2327 ι
764 2278 1177 2350 παντοκράτωρ,
1201 2298 1219 2331 ι
1259 2278 1479 2346 ἔταξαν.
1519 2280 1754 2349 Λέγουσι
1794 2279 1942 2348 γοῦν,

368 2365 455 2418 ὅτι
500 2366 591 2420 καὶ
631 2369 689 2420 ὲν
716 2366 795 2438 τῷ
820 2368 972 2440 τόπῳ
1018 2369 1191 2440 τούτῳ
1225 2371 1449 2442 κειμένη
1483 2370 1593 2424 τοῦ·
1628 2390 1645 2422 ι
1676 2370 1900 2425 Σαϐαὼθ
1922 2391 1939 2422 ι

367 2460 404 2530 ἡ
442 2458 740 2529 μετάληψις
772 2461 852 2524 εἰς
882 2460 961 2526 τὸ,
995 2480 1013 2513 ι
1035 2462 1238 2533 Κύριος
1284 2462 1391 2517 τῶν
1420 2463 1720 2535 δυνάμεων,
1749 2483 1767 2516 ι
1802 2463 1952 2533 γέγο-

371 2567 482 2604 νεν.
533 2551 594 2604 Εἰ
632 2550 689 2604 δὲ
737 2551 797 2605 τὺ
848 2572 866 2604 ι
894 2552 1119 2606 Σαϐαὼθ
1156 2573 1175 2607 ι
1212 2555 1304 2609 ἐπὶ
1326 2555 1420 2609 τοῦ
1465 2557 1717 2628 Σωτῆρος
1749 2559 1947 2622 κεῖται,

370 2641 730 2713 ἑρμηνεύεται
786 2646 865 2708 είς
922 2644 982 2697 τὸ
1037 2664 1055 2697 ι
1084 2648 1497 2719 παντοκράτωρ.
1522 2667 1539 2698 ι
1592 2647 1831 2712 Εἰκότως
1902 2648 1936 2719 ή

376 2754 396 2787 ε
429 2736 821 2808 παντοκράτωρ
852 2757 871 2788 ι
908 2737 1057 2809 φωνὴ
1103 2738 1196 2792 τοῦ
1236 2739 1488 2812 Σωτῆρος
1522 2739 1945 2813 κατηγορηθείη.

366 2825 433 2879 Εἰ
470 2826 578 2898 γὰρ
618 2844 637 2878 t
665 2826 842 2880 πάντα
881 2827 947 2880 δι’
985 2829 1147 2884 αὐτὸν
1178 2829 1388 2899 γέγονε,
1411 2850 1429 2883 ι
1468 2831 1563 2885 καὶ
1619 2831 1780 2896 αὐτός
1822 2833 1938 2885 ἐστι

367 2916 477 2988 πρὸ
510 2918 746 2986 πάντων,
782 2918 1093 2986 ἀκολούθως
1120 2924 1516 2996 παντοκράτωρ
1548 2924 1781 2994 λέγεται.

926 3100 1218 3154 ΨΑΛΜΟΣ
1257 3104 1382 3157 KA’.

440 3189 957 3259 Αἱσχυνθήτωσαν
994 3195 1047 3246 οἱ
1078 3193 1446 3263 ἀνομοῦντες
1472 3195 1772 3266 διακενῆς,
1803 3214 1858 3253 κ.
1887 3215 1935 3254 τ.

370 3286 423 3336 ἐ.
446 3281 602 3335 Ἔστι
635 3283 731 3335 καὶ
781 3283 854 3354 μὴ
897 3283 1148 3357 διακενῆς
1193 3284 1300 3357 (91)
1340 3287 1636 3359 ἀνομῆσαι.
1671 3308 1691 3341 ι
1735 3291 1941 3361 Ἐγενό-

369 3388 479 3442 μην
517 3375 630 3436 τοῖς
676 3373 897 3444 ἀνόμοις
946 3374 1021 3438 ὡς
1068 3376 1297 3445 ἄνομος·
1332 3396 1350 3429 ι
1385 3377 1521 3451 αὕτη
1559 3381 1592 3451 ἡ
1641 3382 1838 3453 ἀνομία
1877 3381 1938 3436 οὐ

364 3463 638 3537 διακενῆς.
670 3464 926 3538 Στρέψον,
956 3466 1223 3533 Δέσποτα,
1265 3468 1367 3541 τὴν
1401 3470 1660 3542 αἰσχύνην
1690 3473 1770 3536 είς
1812 3472 1940 3537 τοὺς

365 3556 703 3628 ἀνομοῦντας
731 3559 898 3629 ἡμᾶς,
943 3558 1093 3614 οὐδὲν
1123 3561 1475 3633 ἠδικηκότας.
1506 3564 1676 3618 Τοῦτο
1705 3564 1811 3638 γὰρ
1858 3566 1941 3620 λέ-

365 3665 456 3718 γει
489 3667 506 3701 t
526 3648 799 3722 διακενῆς.
816 3672 832 3702 ι

445 3923 557 3990 Τὰς
586 3923 765 3993 ὁδούς
794 3941 931 3994 σου,
968 3928 1165 3998 Κύριε,
1198 3928 1494 3999 γνώρισόν
1518 3948 1640 4000 μοι,
1689 3932 1788 3986 καὶ
1832 3932 1938 3998 τὰς

367 4015 605 4083 τρίϐους
638 4031 755 4071 σου
802 4017 1048 4083 δίδαξόν
1067 4037 1166 4089 με,
1212 4038 1266 4074 κ.
1304 4040 1353 4075 τ.
1390 4024 1437 4076 ὲ.
1476 4023 1533 4076 Ὁ
1578 4022 1746 4077 θέλων
1798 4023 1940 4092 γνῶ-

365 4123 453 4161 ναι
481 4108 591 4177 (92)
635 4108 735 4173 τὰς
759 4109 909 4175 ὀδοὺς
941 4111 1034 4165 τοῦ
1053 4111 1257 4184 Κυρίου
1282 4112 1525 4182 γενέσθω
1571 4115 1779 4183 πραΰς·
1815 4133 1834 4166 ι
1858 4118 1942 4168 Δι-

363 4198 511 4267 δάξει
536 4220 555 4252 ι
582 4200 711 4274 γὰρ,
730 4204 885 4272 φησὶ,
916 4221 935 4256 ‹
963 4206 1155 4275 πραεῖς
1178 4205 1330 4269 ὀδοὺς
1355 4205 1540 4273 αὐτοῦ,
1563 4225 1581 4258 ι
1612 4207 1739 4271 τοὺς
1770 4223 1939 4262 κατα-

322 4328 327 4333 .
365 4293 682 4356 παύσαντας
709 4293 806 4364 τὴν
835 4294 892 4347 ὲν
924 4296 989 4366 τῇ
1034 4294 1180 4367 ψυχῇ
1226 4295 1498 4351 ἄπαυστον
1543 4297 1722 4368 μάχην
1766 4297 1938 4368 θυμοῦ

363 4384 458 4437 καὶ
491 4383 784 4453 ἐπιθυμίας
816 4385 911 4439 καὶ
950 4385 1058 4441 τῶν
1102 4387 1310 4453 τούτοις
1350 4389 1808 4462 ὑποϐεϐλημένων
1836 4408 1940 4446 πα-

2050 1834 2212 1888 quam
2282 1819 2581 1891 principem
2654 1829 2981 1875 castrorum.
3037 1816 3448 1876 Observandum
3534 1826 3621 1873 est

2049 1921 2230 1969 autem
2284 1928 2379 1969 eos
2424 1914 2518 1982 qui
2576 1921 2832 1968 accurate
2875 1911 3103 1969 Hebraea
3133 1912 3405 1984 legerunt,
3436 1912 3621 1968 dicere

2052 2019 2237 2060 vocem
2275 2022 2294 2058 ι
2338 2003 2605 2069 Sabaoth,
2631 2024 2651 2057 ι
2682 2019 2804 2074 quae
2827 2003 2881 2058 in
2910 2002 3138 2060 Hebraeo
3171 2004 3424 2069 habetur,
3454 2018 3486 2060 a
3521 2002 3620 2058 Se-

2051 2098 2328 2168 ptuaginta
2358 2096 2748 2168 Interpretibus
2784 2095 2971 2152 Graece
3014 2095 3150 2151 verti
3191 2099 3371 2161 modo,
3405 2094 3623 2150 «Domi-

2053 2205 2156 2246 nus
2188 2190 2450 2246 virtutum
2474 2207 2489 2256 ;
2513 2210 2530 2241 ι
2566 2189 2750 2254 modo,
2786 2206 2805 2239 ι
2830 2188 3088 2243 Dominus
3112 2187 3297 2255 fortis;
3321 2206 3343 2240 ι
3371 2187 3619 2258 aliquan-

2053 2281 2122 2337 do
2154 2291 2356 2349 autem,
2399 2300 2418 2333 ι
2440 2283 2807 2348 omnipotens.
2831 2300 2851 2334 ι
2883 2282 3146 2336 Asserunt
3194 2295 3323 2351 ergo
3354 2281 3455 2336 hoc
3500 2280 3617 2335 loco

2055 2388 2239 2430 vocem
2295 2392 2314 2424 ι
2343 2374 2587 2429 Sabaoth
2613 2392 2633 2427 ι
2686 2373 2951 2428 redditam
2987 2385 3129 2438 esse,
3169 2390 3189 2423 ι
3213 2371 3470 2427 Dominus
3498 2372 3614 2424 vir-

2053 2474 2252 2522 tutum.
2279 2486 2298 2519 ι
2338 2465 2395 2521 Si
2452 2475 2629 2521 autem
2696 2480 2799 2520 vox
2835 2482 2855 2516 ι
2880 2462 3115 2520 Sabaoth
3143 2483 3161 2517 ι
3221 2465 3288 2519 de
3334 2463 3617 2519 Salvatoro

2051 2558 2289 2627 ponitur,
2346 2560 2734 2626 interpretatur
2771 2574 2791 2607 ι
2815 2557 3179 2625 omnipotens.
3208 2573 3229 2607 ι
3267 2553 3379 2610 Nec
3415 2555 3610 2610 imme-

2051 2646 2155 2701 rito
2180 2659 2284 2700 vox
2322 2664 2340 2698 ι
2362 2645 2701 2716 omnipotens
2723 2664 2742 2698 ι
2776 2644 2843 2700 de
2874 2643 3158 2700 Salvatore
3208 2644 3611 2714 praedicabit".

2052 2737 2111 2793 Si
2137 2737 2281 2793 enim
2315 2755 2335 2789 ι
2360 2737 2541 2792 omnia
2586 2751 2684 2808 per
2738 2736 2912 2807 ipsum
2948 2734 3089 2793 facta
3123 2735 3337 2802 sunt",
3362 2754 3383 2790 ι
3417 2744 3471 2790 et
3498 2735 3615 2803 ipse

2042 2840 2127 2886 est
2153 2840 2280 2887 ante
2308 2831 2510 2898 omnia,
2543 2841 2937 2902 consequenter
2967 2832 3304 2902 omnipotens
3324 2830 3546 2888 dicitur.

2553 3099 2871 3173 PSALMUS
2908 3099 3098 3156 xxw.

2115 3194 2278 3253 Vens.
2308 3194 2362 3249 ὁ.
2382 3192 2788 3265 Confundantur
2806 3209 2980 3249 omnes
3011 3194 3191 3265 iniqua
3211 3202 3418 3264 agentes
3436 3209 3614 3263 supers

2042 3304 2225 3354 vacua,
2257 3296 2366 3343 etc.
2395 3285 2537 3342 Fieri
2571 3285 2735 3342 etiam
2765 3294 3041 3356 potest'ut
3076 3284 3199 3356 quis
3217 3300 3322 3340 non
3353 3299 3612 3354 superva-

2042 3396 2142 3438 cue
2179 3380 2297 3437 sine
2336 3379 2454 3450 lege
2492 3379 2583 3444 sit,
2611 3377 2765 3450 juxta
2817 3376 2948 3432 illud
2965 3377 3051 3430 ":
3087 3376 3325 3434 «Factus
3375 3393 3492 3434 sum
3544 3377 3612 3434 iis

2041 3474 2132 3542 qui
2164 3472 2281 3529 sine
2307 3471 2431 3542 lege
2450 3479 2629 3538 erant,
2664 3480 2919 3542 tanquam
2946 3472 3064 3527 sine
3097 3470 3214 3541 lege
3243 3483 3437 3527 essem.
3462 3489 3482 3523 ι
3512 3469 3612 3526 llic

2041 3571 2215 3618 status
2241 3560 2401 3618 exlex
2426 3574 2531 3615 non
2559 3567 2646 3615 est
2669 3574 3024 3631 supervacue.
3049 3557 3335 3628 Converte,
3363 3560 3609 3627 Domine,

2041 3652 2420 3708 confusionem
2458 3652 2511 3705 in
2549 3664 2641 3705 eos
2689 3651 2784 3721 qui
2831 3651 3118 3707 adversum
3161 3665 3260 3706 nos
3291 3651 3610 3707 innocentes

2042 3745 2229 3813 inique
2264 3749 2455 3814 agunt.
2496 3740 2607 3796 Hoc
2655 3743 2800 3797 enim
2838 3737 3107 3814 signiﬁcat
3136 3740 3266 3796 illud
3306 3756 3612 3812 «superva-

2041 3852 2159 3891 cue.
2190 3855 2212 3890 ι
2534 3830 2553 3839 ’

2122 3926 2247 3983 Viae
2277 3935 2420 3993 tuas,
2465 3927 2710 3993 Domine,
2763 3927 3067 3981 demonstra
3105 3928 3238 3982 mihi
3290 3937 3340 3983 et
3391 3927 3608 3983 sanitas

2042 4031 2158 4075 tuas
2187 4022 2346 4076 edoce
2390 4036 2491 4086 me,
2522 4028 2629 4077 etc.
2661 4019 2764 4086 Qui
2793 4020 2910 4074 vult
2938 4034 3168 4077 noscere
3216 4019 3331 4075 vias
3361 4020 3604 4087 Domini,

2041 4111 2190 4167 mitis
2208 4109 2324 4165 ﬁat.
2349 4128 2369 4161 ε
2391 4109 2617 4166 Docebit
2637 4127 2656 4162 ›
2678 4109 2847 4177 enim,
2864 4109 3058 4181 inquit,
3079 4128 3099 4164 ί
3118 4110 3276 4166 mites
3292 4109 3407 4165 vias
3422 4124 3602 4176 suas,»

2043 4217 2169 4259 cum
2220 4192 2613 4260 indesinentem
2661 4203 2717 4257 in
2755 4202 2935 4258 anima
2963 4218 3193 4274 pugnam
3226 4202 3523 4259 iracundiae
3552 4211 3609 4259 et

2044 4296 2499 4366 concupiscentia
2552 4309 2616 4350 ac
2680 4303 3002 4351 caeterorum
3059 4294 3348 4353 aﬂ‘ectuum
3380 4296 3474 4366 qui
3535 4295 3606 4352 iis

2042 4385 2888 4457 subjiciuntur,eompresserint.
2911 4386 3045 4444 Illud
3080 4396 3291 4444 autem:
3329 4406 3348 4440 ι
3373 4387 3608 4452 Demon-

366 4471 493 4527 θῶν.
525 4474 619 4538 Τὸ,
660 4492 678 4525 t
708 4475 977 4548 Γνώρισόν
1030 4496 1139 4550 μοι,
1202 4479 1295 4533 καὶ
1329 4480 1557 4548 δίδαξον,
1593 4502 1611 4534 ι
1659 4483 1754 4535 ἐπὶ
1794 4484 1937 4554 πρά-

2047 4490 2155 4533 stra
2187 4480 2343 4544 mihi,
2377 4489 2431 4533 et
2478 4479 2631 4547 doce,
2660 4499 2680 4533 ι
2734 4479 2801 4535 ad
2839 4493 2929 4534 res
2984 4480 3131 4549 ipsas
3188 4478 3450 4535 refertur.
3476 4476 3608 4534 Vult

366 4580 553 4634 γματα
584 4564 751 4633 λέγει.
776 4567 1032 4623 Βούλεται
1062 4570 1172 4641 γὰρ
1208 4572 1399 4637 εἰπεῖν,
1421 4573 1523 4641 ὅτι,
1567 4575 1656 4628 Ἐν
1703 4575 1939 4630 ἀπολαύ-

366 4673 449 4709 σει
503 4674 569 4728 με
627 4658 966 4732 κατάστησον
1021 4662 1129 4717 τῶν
1193 4662 1445 4735 πράξεών
1490 4682 1604 4731 σου,
1634 4663 1930 4723 τουτέστιν,

377 4748 654 4821 Ἐπάγαγέ
670 4766 739 4820 με
782 4751 862 4815 είς
892 4752 960 4806 τά
1001 4754 1210 4807 οἰκεῖαι
1250 4753 1373 4807 ὅθεν
1410 4755 1686 4828 ἐπιφέρει·
1723 4775 1741 4808 ι
1784 4757 1935 4829 Ὀδή-

359 4841 528 4913 γησόν
555 4858 624 4912 με
654 4844 733 4906 εἰς
757 4842 854 4913 τὴν
883 4842 1136 4916 ἀλήθειάν
1163 4861 1276 4899 σου.
1309 4864 1328 4897 ι

443 4934 756 5003 Ἀμαρτίας
782 4936 1065 5003 νεότητός
1099 4953 1217 5005 μου
1274 4936 1371 4991 καὶ
1415 4938 1662 5008 ἀγνοίας
1696 4958 1816 5009 μου
1845 4940 1933 5009 μὴ

357 5026 659 5099 μνησθῇς,
692 5045 746 5080 κ.
779 5044 829 5081 τ.
864 5028 909 5080 ὲ.
958 5027 1072 5096 Ἐφ’
1107 5021 1190 5091 οἷς
1215 5027 1325 5100 γὰρ
1357 5028 1436 5083 ἔτι
1478 5030 1587 5101 (95)
1624 5031 1935 5103 πλημμελεῖ

359 5170 406 5202 ⁸⁸
432 5168 588 5226 Joan.
618 5186 731 5238 1m,
755 5169 847 5226 55.
937 5171 985 5203 "
1009 5170 1165 5229 Joan.
1190 5187 1288 5237 xu,
1313 5174 1403 5229 5i.

454 5285 543 5353 87)
575 5287 696 5340 Οὐκ
721 5286 910 5353 εἶπεν,
939 5295 1041 5340 etc.
1069 5286 1294 5341 Schedte
1313 5288 1521 5344 Grabii.

451 5356 538 5427 88)
576 5357 670 5422 Ὡς
711 5356 998 5427 λογικαῒς,
1033 5369 1138 5412 etc.
1168 5357 1378 5427 Eaedem
1405 5360 1634 5415 sehedaa.

358 5425 543 5551 mg?
566 5425 867 5497 Θαρσεῖτε,
890 5427 1102 5498 φησιν,
1127 5438 1231 5483 etc.
1257 5426 1470 5486 Eaedem
1499 5431 1711 5488 schedze
1726 5440 1780 5487 et
1798 5432 1931 5490 Bar-

429 5565 539 5636 (90)
563 5567 880 5643 Διξνάμεων
910 5569 1288 5643 [amtor-Leto.
1336 5569 1560 5643 Didyme
1589 5572 1774 5629 tribuit
1794 5574 1929 5630 Bar-

360 5632 549 5709 barus,
576 5637 696 5709 alim
718 5632 858 5693 'vero
882 5632 1111 5709 Catena:
1136 5632 1380 5709 Origeni.

434 5704 543 5777 (9|)
581 5707 754 5762 Ἔστι
795 5708 892 5763 καὶ
935 5708 1020 5780 μὴ
1054 5704 1368 5783 διαωιῖῆς,
1416 5721 1522 5772 etc.
1554 5712 1777 5773 Schedae
1798 5715 1931 5774 Gra-

2041 4571 2185 4626 enim
2211 4571 2395 4627 dicere
2421 4593 2432 4626 :
2458 4570 2934 4643 629Constitue
2966 4585 3055 4626 me
3088 4572 3141 4625 in
3173 4572 3451 4626 actionum
3485 4578 3608 4625 tua-

2043 4680 2162 4719 rum
2217 4662 2418 4731 fructu,
2474 4664 2578 4720 hoc
2630 4671 2714 4719 est
2743 4680 2758 4716 :
2784 4664 2971 4717 Deduc
3016 4677 3102 4717 me
3141 4664 3194 4717 in
3231 4662 3448 4732 propria
3480 4672 3602 4729 tua;

2039 4758 2180 4812 unde
2207 4755 2369 4812 infert
2406 4773 2419 4810 :
2460 4774 2479 4809 ι
2510 4756 2691 4813 Deduc
2721 4770 2806 4811 me
2831 4756 2887 4811 in
2915 4758 3149 4812 veritate
3177 4767 3285 4812 tua.
3314 4775 3335 4809 ι

2114 4938 2277 4997 Vens.
2313 4939 2364 4994 7.
2414 4939 2619 4996 Delicta
2658 4940 2947 5012 juventutis
2995 4955 3143 5005 mete,
3196 4947 3246 4994 et
3277 4939 3606 5010 ignorantia:

2039 5049 2179 5087 meas
2219 5047 2280 5086 ne
2319 5031 2634 5100 memineris,
2658 5041 2761 5089 etc.
2800 5032 2876 5088 Ea
2909 5031 3055 5088 enim
3108 5046 3229 5103 quae
3263 5031 3440 5086 adhuc
3480 5033 3605 5101 quis

1511 5175 1553 5206 ⁵³
1586 5172 1737 5230 Joan.
1772 5190 1814 5240 ι,
1846 5174 1900 5230 3.
1976 5176 2020 5208 "
2051 5177 2068 5231 l
2095 5176 2221 5233 Cor.
2246 5194 2322 5246 rx,
2354 5177 2446 5236 2|.

2035 5292 2129 5357 bii,
2159 5292 2451 5348 Barbarus.
2705 5316 2709 5320 ”

2107 5363 2219 5434 (92)
2251 5363 2322 5435 _'0
2352 5362 2544 5420 θέλων
2590 5363 2830 5435 γνῶναι,
2862 5373 2981 5435 etc.
3036 5363 3262 5421 Schetlze
3295 5365 3508 5432 Grabii,
3547 5373 3602 5423 et

2037 5433 2207 5490 codex
2235 5433 2619 5498 Coisliuianus’,
2646 5450 2709 5489 ac
2748 5434 3042 5490 Barbarus.

2108 5503 2219 5575 (93)
2246 5500 2492 5577 ’Igsa’olc
2520 5504 2769 5577 regem,
2799 5515 2911 5577 etc.
2957 5505 3182 5562 Sehedae
3228 5506 3437 5572 Grabii,
3470 5522 3598 5577 par-

2032 5574 2237 5642 timque
2262 5574 2574 5630 Corderius.
2599 5574 2866 5630 Nonnulla
2904 5583 3084 5630 tamen
3115 5577 3307 5632 iisdem
3334 5578 3450 5633 fere
3472 5574 3602 5630 'm-

2033 5646 2118 5726 bis
2150 5645 2349 5702 habent
2375 5645 2660 5714 Eusebius,
2690 5654 2744 5701 et
2779 5644 3040 5716 Didymus
3087 5647 3140 5704 in
3167 5645 3370 5706 Catena
3395 5646 3572 5705 Barba

2036 5733 2102 5772 τι.
