4020 6152
275 255 421 316 1273

1241 258 1549 316 SELECTA
1581 259 1650 316 IN
1684 257 2022 318 PSALMOS.
2061 289 2132 301 ——
2165 258 2361 317 PSAL.
2397 257 2564 314 XXV.

3405 261 3545 316 1274

349 376 447 444 Μὴ
467 376 992 446 καταισχυνθείην,
1017 374 1107 430 ὅτι
1133 373 1368 445 ἤλπισα
1391 376 1491 430 ἐπὶ
1519 376 1613 442 σὲ,
1654 395 1709 432 κ.
1744 395 1794 432 τ.
1814 379 1861 434 ὲ.

2037 375 2203 432 Vens.
2248 375 2339 431 20.
2405 374 2529 431 Non
2577 375 2898 443 erubescam,
2928 375 3177 446 quoniam
3224 375 3427 442 speravi
3470 375 3525 429 in

289 469 359 523 Ἦ
401 468 558 533 ἐλπὶς
597 468 706 538 (98ο)
753 468 814 522 οὐ
869 466 1238 538 καταισχύνει.
1287 468 1543 541 Θυγάτηρ
1590 469 1696 541 γάρ
1744 470 1861 524 ἐστι

2000 487 2040 538 e,
2073 479 2180 525 etc.
2215 469 2354 539 Spes
2386 483 2494 523 non
2528 468 2831 526 confundit.
2860 468 2996 524 Filia
3030 470 3174 524 enim
3210 468 3547 539 probationis

274 558 540 630 δοκιμῆς,
575 557 798 627 ἔκγονος
852 557 910 613 δὲ
948 557 1226 629 ὑπομονῆς
1266 557 1483 630 δοκιμή’
1520 560 1764 630 ὑπομονὴ
1805 561 1862 615 δὲ

2004 571 2076 627 st,
2111 561 2385 633 patientia:
2426 571 2610 615 autem
2647 560 2791 617 fetus
2837 570 2922 617 est
2970 560 3240 631 probatio,
3282 559 3546 630 patientia

276 651 345 703 ὲκ
378 648 611 718 θλίψεων
640 648 873 717 γίνεται,
903 641 981 705 ὧν
1018 646 1268 719 πρόξενοι
1293 648 1350 702 αἱ
1383 648 1577 721 ἀρεταὶ
1608 645 1697 715 αἷς
1732 651 1862 704 ἒπε-

274 761 372 798 ται
409 741 609 813 γνῶσις
639 740 798 797 Θεοῦ.

846 921 1138 978 ΨΑΛΜΟΣ
1176 925 1307 978 KE'.

358 1014 648 1081 Πύρωσον
686 1012 830 1079 τοὺς
879 1014 1138 1084 νεφρούς
1177 1032 1318 1083 μου,
1361 1032 1415 1069 κ.
1458 1032 1510 1069 τ.
1557 1016 1604 1070 ἑ.
1648 1016 1858 1089 Νειρροὶ

1969 668 2101 709 vero
2131 654 2377 709 nascitur
2398 668 2464 708 ex
2495 652 2934 708 tribulationibus
2963 667 3098 722 quas
3129 652 3365 721 hospitio
3391 651 3544 706 exci—

1972 746 2130 817 piunt
2155 747 2387 802 virtutes
2419 748 2617 816 quibus
2642 755 2955 803 assectatur
2984 745 3222 815 cognitio
3248 742 3367 799 Dei.

2484 929 2806 988 PSALMUS
2877 927 3048 985 XXV.

2044 1020 2209 1077 Vens.
2244 1020 2298 1075 2.
2351 1019 2458 1075 Ure
2501 1036 2648 1075 renes
2680 1036 2848 1085 meos,
2883 1029 2991 1075 etc.
3030 1017 3212 1074 [tenes
3247 1017 3549 1090 symbolum

289 1105 393 1176 μὲν
426 1105 535 1176 (99)
575 1103 841 1175 σύμϐολόν
872 1107 977 1160 εἱσι
1025 1104 1119 1159 τοῦ
1162 1105 1463 1177 παθητικοῦ
1518 1106 1716 1179 μέρους
1766 1108 1867 1179 τῆς

2006 1122 2100 1167 ιιηι
2149 1111 2292 1167 illius
2349 1111 2522 1181 partis
2576 1111 2771 1166 animae
2823 1124 2944 1180 qua:
2990 1107 3274 1165 affectibus
3317 1111 3551 1165 obnoxia

282 1197 489 1269 ψυχῆς,
515 1199 761 1253 τουτέστι
789 1195 960 1270 θυμοῦ
992 1199 1085 1253 καὶ
1113 1198 1426 1269 ὲπιθυμίαςο
1463 1198 1658 1272 καρδία
1689 1200 1747 1254 δὲ
1770 1199 1864 1254 τοῦ

2000 1211 2074 1265 ει,
2112 1202 2213 1255 ltoc
2256 1210 2338 1255 est
2371 1201 2664 1255 iracundia:
2692 1207 2748 1255 et
2774 1199 3266 1268 concupiscentia;
3303 1214 3399 1254 cor
3447 1214 3553 1253 au-

284 1289 622 1360 λογιστικοῦ.

370 1464 499 1526 Ὀἓι
528 1474 561 1526 ὁ
581 1471 754 1538 ἔλεός
780 1486 895 1526 σου
916 1469 1227 1526 κατέναντι
1252 1469 1371 1524 τῶν
1401 1468 1727 1541 ὀφθαλμῶν
1750 1487 1871 1540 μου

289 1563 449 1629 ἐστὶ,
486 1564 585 1617 καί
624 1563 1090 1632 εὺηρέστησαέν
1114 1561 1190 1632 τῇ
1217 1563 1463 1631 ἀληθείᾳ
1489 1576 1627 1627 σου,
1661 1579 1714 1615 κ.
1744 1578 1793 1616 τ.
1822 1562 1868 1614 έ.

1976 1301 2082 1347 tem
2116 1290 2423 1362 symbolum
2470 1298 2554 1346 est
2584 1290 2727 1346 illius
2757 1305 2878 1360 quae
2904 1289 3268 1346 ratiocinandi
3297 1289 3557 1346 facultate

1977 1383 2203 1454 praedita
2233 1391 2335 1439 est.

2048 1475 2217 1532 Vens.
2248 1476 2304 1533 5.
2340 1475 2607 1543 Quoniam
2654 1475 3021 1530 misericordia
3063 1485 3156 1530 tua
3206 1482 3329 1528 ante
3376 1472 3559 1529 oculos

1978 1585 2118 1624 meos
2146 1578 2245 1635 est,
2276 1580 2323 1624 et
2352 1569 2645 1638 eomplacui
2677 1568 2731 1622 in
2761 1569 2977 1622 veritate
3004 1574 3120 1633 tua,
3147 1575 3255 1621 etc.
3287 1565 3388 1632 Qui
3422 1580 3558 1620 con-

306 1654 370 1708 Ὀ
405 1653 540 1708 νοῶν
570 1652 645 1725 (1)
687 1653 755 1708 τὰ
788 1654 916 1725 περὶ
950 1653 1132 1718 ἐλέους
1159 1654 1334 1708 ταῦτα
1359 1655 1493 1726 ἐρεῖ,
1528 1653 1876 1725 μεμνημένος

2000 1660 2179 1715 viderat
2210 1658 2667 1724 misericordiam,
2696 1673 2908 1713 memor
2935 1658 3417 1728 contemplationis
3443 1657 3563 1727 ejus

291 1746 400 1816 τῆς
445 1746 570 1817 napi
603 1745 786 1810 ἐλέους
824 1747 1076 1818 θεωρίας·
1121 1747 1180 1801 ’0
1225 1746 1375 1811 ἔλεός
1418 1763 1512 1800 σου
1544 1748 1573 1800 ὁ
1603 1746 1875 1820 τεθεωρη-

298 1839 467 1911 μένος
499 1855 608 1910 μοι,
650 1838 730 1910 τῷ
759 1839 1046 1894 κατέναντι
1088 1839 1198 1893 τῶν
1245 1837 1538 1909 ὀφθαλμῶν
1582 1853 1684 1908 μου
1714 1832 1875 1902 εἶναι,

298 1934 554 2003 συνεργεῖ
585 1930 721 2004 πρὸς
760 1931 822 1984 τὺ
858 1931 1219 2003 εὐαρεστῆσαι
1261 1932 1318 1983 ὲν
1364 1932 1430 2001 τῇ
1479 1928 1709 2001 ἀληθείᾳ
1758 1945 1875 1983 σου.

296 2024 440 2076 Κατ’
472 2022 726 2095 ἀλήθειαν
764 2022 874 2094 γὰρ
913 2023 1009 2077 καὶ
1040 2023 1140 2076 οὐκ
1182 2020 1532 2086 ὲπιπλάστως
1564 2023 1879 2095 εὐαρεστεῖν

298 2119 448 2169 ποιεῖ
487 2116 546 2169 τὸ
578 2116 670 2170 τοῦ
700 2115 832 2170 Θεοῦ
864 2115 1030 2179 ἔλεος.
1063 2114 1234 2186 Σοφοῦ
1276 2114 1386 2187 γὰρ
1419 2117 1512 2169 καὶ
1547 2113 1881 2187 θεωροῦντος

296 2209 401 2279 τὴν
442 2208 698 2280 ἀλήθειαν
742 2211 776 2281 ἡ
814 2208 984 2279 φωνή.
1036 2204 1169 2262 Εἶτα
1204 2208 1305 2280 τῆς
1345 2209 1759 2280 εὐαρεστήσεως
1810 2205 1880 2259 τά

300 2300 421 2371 εἴδη
446 2300 713 2366 διέξεισιν.

384 2392 494 2445 Τοῦ
524 2391 728 2445 αὐτοῦ.
757 2390 819 2443 Εἰ
848 2391 881 2462 ἡ
910 2388 1139 2461 ἁλήθειά
1166 2389 1241 2461 (2)
1272 2391 1386 2442 ἐστι
1430 2387 1665 2459 Χριστὸς
1691 2388 1719 2440 ό
1750 2386 1884 2450 Θεὸς

301 2484 484 2555 ἡμῶν,
517 2484 593 2548 ὡς
640 2480 809 2537 εἶπεν*
846 2502 865 2533 ι
902 2480 1042 2550 Ἐγὼ
1069 2483 1182 2552 εἰμι
1230 2482 1262 2554 ἡ
1295 2479 1576 2553 ἁλήθειαοι
1614 2481 1673 2535 ὲν
1717 2479 1771 2532 δὲ
1815 2482 1882 2552 τῇ

304 2575 534 2646 ἀληθεία
581 2575 916 2646 εὐηρέστησε
966 2571 1128 2627 Δαυῒδ
1155 2573 1236 2644 τῷ
1280 2572 1420 2643 Θεῷ,
1450 2573 1510 2626 ἐν
1542 2570 1619 2643 τῷ
1646 2570 1766 2642 Θεῷ
1795 2572 1883 2625 εὐο

302 2668 527 2740 ηρέστει
542 2667 650 2739 ἄρα
666 2670 695 2722 ὁ
714 2666 876 2720 Δαυῒδ
886 2665 965 2737 τῷ
984 2664 1122 2736 Θεῷ.
1139 2665 1237 2718 Διά
1257 2664 1433 2729 τοῦτο,
1446 2663 1633 2735 φησὶν,
1648 2662 1887 2716 ἔσπευσα

306 2764 620 2834 εὐαρεστεῖν
633 2763 699 2832 τῇ
717 2758 942 2830 ἀληθείᾳ
972 2776 1087 2821 σου,
1112 2758 1232 2812 ἀντὶ
1251 2756 1369 2824 τοῦ,
1395 2756 1498 2810 σοί.
1522 2757 1889 2828 Περιφραστι-

308 2854 424 2918 κῶς
445 2853 552 2924 γὰρ
574 2853 673 2925 τὴν
692 2851 946 2924 ἀλήθειαν
971 2848 1063 2905 τοῦ
1091 2849 1227 2903 Θεοῦ
1260 2849 1421 2904 αὐτὸν
1450 2849 1606 2903 καλεί
1620 2849 1712 2902 τὸν
1732 2847 1887 2903 Θεόν.

386 2949 507 3002 Οὐκ
542 2944 798 3001 ἐκάθισα
809 2945 959 3014 μετὰ
984 2942 1306 3011 συνεδρίου
1333 2942 1749 3012 ματαιότητος,
1783 2941 1882 2995 καὶ

1979 1750 2096 1805 haec
2131 1750 2273 1806 dicet
2307 1768 2321 1804 :
2355 1748 2728 1805 Misericordia
2779 1756 2868 1802 tua
2911 1762 3033 1818 qua:
3086 1747 3219 1802 mihi
3271 1756 3558 1819 perspecta

1978 1852 2084 1908 est,
2130 1857 2195 1898 eo
2225 1842 2370 1912 quod
2415 1841 2589 1898 oculis
2633 1840 2773 1895 meis
2816 1839 3159 1901 obversetur,
3200 1839 3354 1910 juvat
3385 1853 3472 1894 me
3503 1845 3565 1892 ut

1980 1935 2346 2005 contplaceam
2380 1935 2435 1990 in
2469 1934 2703 1990 veritate
2750 1942 2863 1988 tua.
2904 1930 2975 1988 Ut
3005 1932 3129 2002 quis
3156 1933 3303 1988 enim
3347 1946 3478 1987 vere
3508 1940 3563 1988 et

1982 2043 2089 2083 non
2137 2027 2262 2083 ficte
2309 2028 2665 2098 complaceat,
2700 2025 2829 2081 facit
2876 2026 2970 2081 Dei
3007 2026 3406 2082 misericordia.
3433 2022 3565 2081 Haec

1981 2122 2125 2175 enim
2152 2135 2254 2175 vox
2284 2131 2368 2175 est
2394 2119 2658 2190 sapientis
2686 2128 2744 2174 et
2775 2121 3062 2174 veritatem
3115 2118 3561 2189 contem‘plantis.

1982 2210 2188 2267 Deinde
2221 2218 2470 2267 recenset
2502 2210 2715 2280 species
2747 2208 3179 2280 complacentiaa.

2053 2387 2333 2462 Ejusdem.
2375 2390 2433 2446 Si
2480 2390 2686 2447 veritas
2722 2401 2807 2446 est
2860 2390 3112 2446 Christus
3162 2391 3302 2446 Deus
3347 2399 3562 2456 noster,

1985 2482 2440 2551 quemadmodum
2479 2481 2673 2537 dixit”
2701 2500 2715 2537 :
2748 2501 2767 2534 ι
2791 2481 2904 2552 Ego
2941 2498 3058 2536 sum
3086 2482 3310 2549 veritas,
3341 2499 3361 2534 ι
3392 2483 3445 2537 in
3471 2497 3567 2537 ve-

1991 2576 2147 2629 ritate
2174 2583 2355 2629 autem
2386 2574 2718 2643 complacuit
2745 2575 2914 2630 David
2969 2577 3098 2643 Deo,
3140 2575 3193 2630 in
3226 2576 3336 2630 Deo
3379 2574 3567 2644 utique

1990 2665 2157 2721 David
2199 2666 2531 2735 complacuit
2574 2666 2706 2720 Deo.
2762 2667 3081 2738 Propterea,
3131 2666 3333 2737 inquit,
3382 2665 3568 2722 studui

1988 2758 2206 2829 placere
2239 2758 2459 2814 veritati
2487 2768 2613 2823 tuae,
2644 2760 2696 2813 id
2731 2767 2813 2814 est
2843 2759 2966 2814 tibi.
2998 2757 3133 2814 Nam
3160 2772 3228 2814 ex
3262 2757 3568 2829 periphrasi

1992 2849 2279 2905 veritatem
2312 2851 2429 2915 Dei,
2459 2852 2637 2921 ipsum
2667 2859 2826 2905 vocat
2856 2852 3046 2907 Deum.

2070 2941 2235 2998 Vens.
2263 2942 2318 2997 4.
2346 2942 2471 2997 Non
2503 2945 2615 2997 sedi
2645 2960 2763 2998 eum
2806 2943 3026 2997 consilio
3055 2942 3322 3008 vanitatis,
3358 2949 3407 2997 et
3450 2957 3568 2997 eum

303 3040 458 3111 μετὰ
488 3012 992 3109 παρανομούντων
1041 3038 1114 3090 οὐ
1156 3034 1243 3105 μὴ
1277 3032 1548 3089 εἰσέλθω.
1590 3035 1889 3104 Ἐμίσησα

2000 3033 2172 3104 iniqua
2202 3033 2499 3103 gerentibus
2529 3050 2635 3089 non
2662 3033 2912 3088 introibo.
2938 3031 3099 3087 0divi
3151 3032 3425 3087 ecclesiam
3450 3048 3573 3086 ma-

308 3133 648 3201 ἐκκλησίαν
699 3131 1217 3199 πονηρευομένων,
1261 3130 1357 3185 καὶ
1381 3128 1532 3199 μετὰ
1559 3128 1796 3183 ἀσεϐῶν
1817 3131 1890 3185 οὐ

307 3226 395 3297 μὴ
434 3225 681 3287 καθίσω,
712 3241 765 3276 κ.
791 3240 840 3277 τ.
867 3224 914 3276 ὲ.
940 3223 1224 3295 Συνέδριον
1259 3221 1617 3295 ματαιότητος
1645 3220 1721 3294 (5)
1758 3237 1893 3295 πρε-

311 3316 566 3388 σϐύτεροι
599 3314 884 3389 αἰρετικοίο
908 3313 1350 3385 παρανομοῦντες
1366 3312 1545 3366 λαῖκοὶ
1559 3310 1889 3384 παράνομοι.

326 3413 623 3484 Ἐκκλησία
671 3411 1117 3485 πονηρευομένων
1163 3412 1410 3484 αἱρετικὴ
1463 3409 1744 3479 σύνταξις,
1800 3411 1895 3466 καὶ

312 3505 532 3570 ἀσεϐεῖς
584 3504 946 3578 πρεσϐύτεροι
987 3503 1270 3577 αἱρετικοί.
1317 3503 1559 3568 Τούτοις,
1604 3502 1786 3574 φησὶν,
1830 3502 1895 3556 οὐ

318 3597 602 3669 συνῆλθον,
633 3597 748 3651 ἀλλ’
775 3596 896 3650 οὐδὲ
928 3599 1041 3662 τοῖς
1071 3597 1163 3651 τὸν
1201 3595 1343 3650 θεῖον
1381 3594 1777 3668 παραϐαίνουσι
1809 3594 1898 3648 νό-

320 3706 421 3764 μον
450 3689 847 3762 συνειρυρόμην.
876 3689 1125 3745 Μάλιστα
1144 3688 1201 3742 δὲ
1232 3688 1447 3742 πάντων
1474 3687 1896 3759 ἁπεστρειρόμην

314 3782 444 3845 τοὺς
476 3782 537 3835 τὸ
557 3781 699 3835 θεῖον
730 3779 1113 3852 ἐνυϐρίζοντας
1146 3777 1307 3843 σέϐας
1326 3779 1384 3832 ὲν
1415 3777 1711 3851 Ἐκκλησία
1736 3776 1896 3849 δῆθεν

318 3872 844 3946 συγκροτουμένουςο
867 3872 962 3927 καὶ
983 3871 1119 3945 πρὸς
1138 3870 1348 3936 τούτοις
1371 3870 1473 3942 τὴν
1490 3870 1598 3924 τῶν
1618 3867 1900 3924 εἰδωλολα-

316 3964 592 4037 τρούντων
617 3962 893 4032 ἀσέϐειαν,
924 3958 1007 4031 οἷς
1034 3962 1129 4018 καὶ
1160 3962 1221 4018 τὸ
1247 3959 1619 4033 συγχρονίζειν
1647 3959 1898 4033 ἡγούμην

319 4056 639 4126 ἐπισφαλές.

399 4149 510 4204 Τοῦ
537 4148 742 4204 αὐτοῦ.
774 4146 958 4202 Ταῦτα
990 4146 1182 4218 ῥητέον
1209 4143 1287 4219 (4)
1318 4144 1599 4216 φιλίπποις
1623 4144 1721 4198 καὶ
1752 4145 1900 4215 αἱρεο

316 4245 508 4307 τικοίς.
544 4241 732 4296 Ταῦτα
775 4241 954 4295 πάντα
985 4239 1219 4305 τέθεικε,
1254 4237 1574 4310 βουλόμενος
1600 4235 1788 4302 δεῖξαι,
1818 4237 1901 4289 ὅτι

1992 3126 2391 3196 lignantium,et
2422 3141 2540 3180 eum
2570 3127 2745 3195 impiis
2778 3142 2880 3180 non
2906 3126 3115 3192 sedebo,
3142 3135 3245 3182 etc.
3273 3125 3569 3181 Consilium

1990 3218 2250 3274 vanitatis
2291 3226 2419 3273 sunt
2448 3218 2748 3289 presbyteri
2787 3218 3061 3295 ham-ﬁci;
3102 3217 3287 3286 iniqua
3319 3227 3568 3287 agentes,

1993 3319 2123 3372 sunt
2167 3311 2291 3367 laici
2336 3310 2785 3381 praevaricantes.
2836 3309 3074 3365 Ecclesia
3127 3309 3568 3378 malignantiutn,

1993 3415 2079 3461 est
2107 3415 2280 3460 castus
2321 3403 2726 3469 haereticorum,
2761 3414 2816 3457 et
2850 3401 2999 3471 impii
3052 3400 3357 3473 presbyteri
3397 3402 3573 3457 lia-re-

1998 3495 2110 3553 tici.
2148 3495 2284 3551 Cum
2324 3495 2498 3561 hisce,
2548 3494 2742 3563 inquit,
2784 3510 2889 3549 non
2946 3507 3270 3564 congressus
3297 3507 3441 3557 sum,
3475 3504 3575 3548 nec

1994 3602 2120 3642 cum
2144 3588 2342 3642 divinae
2374 3587 2512 3657 legis
2546 3586 3054 3655 pnevaricatoribus
3086 3583 3403 3639 comntistus
3431 3600 3573 3639 sntn.

1996 3680 2230 3735 Maxime
2267 3679 2511 3733 omnium
2548 3677 2657 3749 fugi
2688 3678 2886 3732 divinae
2925 3675 3193 3744 majestati
3224 3673 3452 3744 injurias
3480 3676 3575 3746 qui

1998 3773 2052 3826 in
2080 3771 2321 3827 Ecclesia
2350 3772 2848 3843 congregabantur,
2876 3779 2934 3824 et
2964 3768 3136 3823 multo
3171 3768 3344 3840 magis
3379 3769 3578 3838 impios

2001 3863 2336 3931 idololatras,
2378 3864 2700 3934 quibuscum
2749 3862 3077 3917 commorari
3125 3861 3353 3918 minime
3397 3870 3577 3918 tutum

1998 3973 2121 4014 esse
2153 3957 2485 4013 existimavi.

2074 4144 2351 4213 Ejusdem.
2382 4142 2512 4198 llaec
2539 4157 2807 4214 equorum
2850 4142 3188 4197 amatoribus
3217 4151 3273 4198 et
3306 4143 3576 4200 bareticis

2003 4236 2227 4301 dicenda
2244 4236 2525 4292 sunt.Hzec
2538 4237 2719 4290 omnia
2737 4235 2933 4306 posuit,
2948 4247 3007 4291 ut
3019 4236 3177 4308 631
3198 4238 3505 4294 ostenderet
3519 4251 3580 4294 se

318 4337 444 4392 οὐδὲ
470 4338 590 4400 ταῖς
618 4338 829 4408 ἑορταῖς
858 4335 967 4389 τῶν
996 4333 1228 4388 εἰδώλων
1255 4331 1581 4403 ἐκοινώνησέ
1607 4348 1757 4395 ποτε,
1780 4329 1889 4383 οὐδέ

2005 4346 2282 4402 nunquam
2319 4330 2587 4387 idolorum
2621 4328 2779 4386 feStis
2813 4329 3149 4395 interfuisse,
3179 4345 3354 4401 neque
3395 4331 3580 4402 splen-

317 4429 391 4483 τὰ
431 4428 661 4501 λαμπρά
712 4424 820 4481 τῶν
862 4426 1073 4482 ἀσεϐῶν
1116 4427 1423 4498 ἠγάπησεν,
1454 4426 1576 4480 οὐδὲ
1605 4424 1900 4497 ἐξέπληξεν

320 4522 485 4578 αὐτὸν
513 4525 542 4578 ὁ
569 4522 670 4595 τῆς
711 4521 1056 4586 Βαϐυλωνίας
1101 4520 1350 4587 πλοῦτος,
1391 4520 1506 4575 ἀλλ’
1534 4515 1603 4591 ἦν
1647 4519 1799 4591 αὐτῷ
1841 4521 1900 4574 ὲν

320 4615 666 4687 ἐπιτηδεύσει
698 4617 732 4688 ὴ
762 4614 1014 4669 εὐσέϐεια
1044 4615 1139 4669 καὶ
1168 4616 1201 4687 ἡ
1242 4611 1733 4685 ταπεινοφροσύνη.

392 4709 653 4779 Νίψομαι
673 4709 743 4763 ἐν
760 4706 971 4775 ἀθώοις
988 4712 1096 4773 τὰς
1119 4706 1321 4777 χεῖράς
1343 4725 1463 4777 μου
1484 4705 1585 4760 καὶ
1608 4704 1900 4759 κυκλώσω

321 4801 389 4857 τὸ
435 4800 870 4869 θυσιαστήριόν
893 4815 1031 4864 σου,
1063 4801 1260 4868 Κύριε,
1296 4817 1349 4855 κ.
1379 4818 1428 4853 τ.
1457 4800 1502 4854 ὲ.
1538 4797 1770 4867 Λογικὺν
1803 4796 1900 4851 θυ-

323 4891 638 4963 σιαστήριον
663 4889 740 4961 (5)
764 4889 899 4943 Θεοῦ
930 4890 959 4942 ὁ
986 4888 1111 4953 νοῦς
1135 4888 1292 4961 ἡμῶν
1330 4889 1499 4953 ἐστιν,
1532 4889 1615 4957 ἐφ’
1653 4880 1715 4941 οὗ
1751 4887 1902 4942 καίο-

326 5000 427 5054 μεν
455 4981 531 5053 τῷ
563 4981 715 5054 παρὰ
746 4980 840 5035 τοῦ
880 4981 1092 5053 Πατρὸς
1129 4983 1207 5045 εἰς
1233 4981 1332 5053 τὴν
1359 4981 1461 5051 γῆν
1491 4979 1737 5051 βληθέντι
1765 4979 1901 5052 πυρὶ

2008 4425 2195 4479 dorem
2227 4423 2522 4494 impiorum
2551 4436 2786 4490 amasse,
2822 4435 3000 4492 neque
3048 4422 3464 4494 Babyloniorum
3493 4422 3584 4477 (li-

2007 4516 2154 4570 vitiis
2184 4530 2399 4581 se_esse
2425 4515 2762 4587 perculsum,
2788 4517 2885 4570 sed
2917 4529 3029 4585 prae
3069 4515 3321 4571 omnibus
3349 4514 3589 4571 coluisse

2009 4611 2266 4681 pietatem
2297 4620 2350 4667 et
2388 4609 2773 4666 humilitatem.

2082 4702 2243 4758 Vens.
2274 4703 2329 4759 6.
2364 4702 2576 4759 Lavabo
2601 4704 2738 4758 inter
2756 4701 3058 4757 innocentes
3096 4716 3285 4756 manus
3314 4717 3458 4756 meas
3478 4742 3494 4770 ,
3534 4710 3586 4756 et

2007 4797 2345 4854 circumdabo
2378 4799 2547 4853 altare
2580 4808 2762 4867 tuum,
2792 4798 3051 4860 Domine,
3075 4804 3182 4850 etc.
3218 4792 3368 4849 Mens
3397 4805 3585 4850 nostra

2007 4890 2330 4947 rationabile
2379 4889 2473 4946 Dei
2521 4892 2695 4947 altare
2732 4901 2837 4958 est,
2881 4891 2935 4947 in
2969 4906 3080 4962 quo
3123 4889 3247 4961 igne
3285 4886 3499 4943 aPatre
3532 4889 3587 4945 in

2008 4989 2209 5035 terram
2263 4981 2430 5038 misso
2482 4982 2852 5038 comburimus
2898 4995 3114 5037 omnem
3160 4977 3586 5035 irrationabilcin

324 5074 505 5127 πάντα
550 5071 805 5143 λογισμὸν
855 5072 1047 5141 ἄλογον
1097 5070 1510 5143 ἀποσκιρτῶντα
1550 5070 1651 5142 τῆς
1703 5068 1889 5141 ἀγέλης

2002 5071 2386 5141 cogitationem
2426 5088 2546 5143 qua:
2598 5089 2667 5128 ex
2720 5081 2969 5128 armento
3013 5070 3289 5127 dominico
3338 5081 3591 5139 proterve

323 5164 421 5218 τοῦ
453 5163 735 5218 δεσπότου.
760 5163 886 5217 Ὅτε
901 5161 1080 5217 τοίνυν
1110 5164 1145 5234 ὴ
1165 5161 1311 5233 ψυχὴ
1332 5162 1432 5215 οὐκ
1460 5159 1563 5225 ἔξω
1586 5161 1750 5227 νεύει,
1772 5159 1889 5215 ἀλλά

2006 5165 2213 5221 exsilit.
2254 5165 2484 5233 Quando
2524 5166 2691 5237 igitur
2719 5164 2902 5219 anima
2934 5178 3041 5220 non
3075 5174 3265 5227 extra,
3303 5162 3399 5216 sed
3431 5161 3499 5214 ad
3532 5174 3591 5214 sc

399 5260 447 5293 ⁵⁵
475 5258 632 5314 Joatt.
674 5274 789 5326 XIV,
820 5261 876 5316 6.

399 5354 511 5421 (98)
554 5353 620 5408 Ἡ
648 5352 858 5420 ἐλπίς,
909 5361 1016 5408 etc.
1076 5349 1304 5407 Sclterlae
1352 5346 1572 5416 Grabii,
1622 5358 1677 5406 et
1727 5352 1897 5407 codex

326 5424 709 5480 Coislinianus.

402 5494 515 5565 (99)
538 5494 756 5565 Νεφροὶ
780 5493 917 5565 μέν,
947 5503 1053 5565 etc.
1078 5493 1264 5551 Codex
1288 5490 1675 5547 Coislinianus.

406 5562 589 5629 (1)"0
611 5562 793 5629 νοῶν,
816 5577 923 5619 etc.
948 5562 1257 5620 Corderius.

400 5634 569 5721 (εξ
590 5635 630 5717 ξι)
658 5634 929 5721 gnosia,
956 5643 1062 5692 etc.
1091 5634 1275 5693 Codex
1315 5631 1701 5704 Coislinianus,
1736 5634 1897 5693 sche-

328 5711 409 5767 (ιω
442 5703 646 5775 Grabii,
684 5705 971 5762 Barbarus.

2077 5352 2154 5423 (3)
2182 5350 2504 5423 Συνέδρων
2521 5349 2938 5423 ματαιότητος,
2963 5357 3073 5423 etc.
3107 5342 3422 5423 Corderius:

2079 5413 2157 5497 (4)
2172 5413 2385 5497 Ταῦτά
2396 5413 2620 5497 ῥητέον
2637 5460 2652 5485 ,
2671 5413 2823 5497 _etc.:_
2835 5413 3064 5497 Scitedae
3106 5414 3294 5472 Grabii
3317 5452 3334 5481 ,
3380 5413 3589 5469 Barba-

2006 5487 2120 5549 rus.
2138 5487 2148 5493 ’
2166 5494 2374 5548 Similia
2397 5487 2563 5547 habet
2584 5492 2755 5546 codex
2783 5487 3169 5546 Coislinianus.

2078 5565 2159 5687 l(15)
2193 5563 2450 5687 laniger
2465 5560 2937 5631 θυσιαστήριον,
2975 5568 3080 5616 etc.
3123 5555 3349 5615 Sciteda
3373 5555 3587 5622 Grabii,

2108 5649 2177 5687 ex
2290 5651 2336 5687 IS
2358 5650 2433 5687 Ill.

2005 5634 2177 5693 codex
2208 5634 2433 5692 Getslitt.
