4020 6152
547 240 689 298 12⁵25

1980 239 2072 295 EX
2107 238 2411 298 ORIGENE

3662 240 3772 296 ηις

542 369 599 415 et
627 360 695 415 ad
731 360 1008 431 proprium
1037 367 1288 415 centrum
1320 360 1577 432 respicit,
1616 360 1918 416 circumdat
1957 361 2109 417 altari

2230 363 2417 434 βλέπει
2451 362 2586 435 πρὸς
2611 361 2809 434 ἑαυτὴν
2853 362 2948 416 καὶ
2989 360 3048 415 τὸ
3081 359 3207 415 ἴδιον
3240 360 3493 431 κέντρον,
3530 359 3706 416 κυκλοῖ
3729 364 3772 418 τὸ

543 450 672 518 Dei,
706 467 806 507 nec
831 451 996 506 ullum
1030 460 1290 523 operatur
1315 452 1568 523 angulum
1597 454 1692 522 qui
1723 454 2127 523 corruptionem

541 554 706 615 queat
736 544 981 614 recipere
1027 561 1042 600 :
1096 562 1116 595 ‹
1151 543 1466 613 [nsipientia
1492 544 1638 599 enim
1670 545 1721 598 in
1755 544 1965 614 angulis
1993 546 2126 601 insi-

542 637 722 691 diatur
746 636 794 669 ⁸⁸
815 678 831 704 ,
870 655 889 688 ι
923 636 998 690 ait
1029 636 1248 702 sapiens
1299 636 1576 691 Salomon.
1618 636 1714 691 Est
1746 645 1926 692 autem
1962 636 2130 693 altare

541 741 928 797 corporeorum
984 737 1039 783 et
1097 728 1543 798 incorporeorum
1596 729 2021 799 contemplatio,
2072 731 2125 786 in

539 832 645 888 qua
681 828 1012 888 expurgatur
1056 834 1244 886 meus,
1278 834 1439 889 quam
1471 821 1563 890 qui
1597 822 1920 888 circumdat,
1949 823 2000 879 id
2022 834 2125 890 esr,

539 911 714 976 novit,
747 912 792 965 is
825 920 1050 966 enarrat
1077 913 1261 967 omnia
1296 911 1563 967 mirabilia
1596 912 1710 969 Dei.

610 1004 774 1061 γης.
826 1006 881 1070 8.
928 1005 998 1072 9,
1051 1006 1139 1063 10.
1195 1006 1453 1071 Domine,
1490 1007 1651 1062 dilexi
1676 1009 1913 1063 decorem
1939 1008 2127 1067 domus

538 1106 680 1165 tute,
729 1107 780 1152 et
824 1098 996 1152 locum
1042 1098 1386 1152 habitationis
1434 1098 1617 1170 gloria:
1655 1109 1780 1155 tuae.
1818 1099 1899 1155 Ne
1935 1101 2125 1170 perdas

536 1207 657 1245 eum
705 1191 877 1261 impiis
917 1192 1151 1246 animum
1179 1207 1349 1246 meam
1373 1231 1389 1254 ,
1420 1200 1468 1244 et
1498 1208 1619 1245 cum
1649 1191 1776 1246 viris
1807 1192 2127 1262 sanguinum

535 1283 696 1337 vitam
744 1300 942 1349 meam,
990 1284 1044 1337 in
1077 1294 1303 1354 quorum
1351 1283 1595 1336 manibus
1634 1282 1939 1352 iniquitates
1981 1291 2123 1337 sunt.

538 1372 769 1429 Dextera
809 1392 989 1430 eorum
1030 1376 1226 1445 repleta
1250 1386 1325 1430 est
1349 1373 1657 1430 muneribus
1685 1417 1700 1441 ,
1733 1385 1837 1433 etc.
1868 1377 2122 1431 Animam

536 1464 820 1522 affectibus
848 1468 1330 1523 incontaminatam
1359 1470 1592 1524 servavi.

608 1558 884 1630 Ejusdem.
917 1560 1199 1630 Tanquam
1229 1561 1408 1632 justus
1432 1566 1604 1633 possit
1640 1578 1744 1619 una
1787 1577 1910 1617 cum
1943 1561 2124 1632 impiis

2231 456 2613 528 θυσιαστήριον
2644 455 2738 509 τοῦ
2764 453 2918 508 Θεοῦο
2949 454 3213 526 μηδεμίαν
3232 455 3444 523 γωνίαν
3470 452 3771 528 ἐργαζομένη

2230 549 2435 622 φθορᾶς
2466 549 2740 621 δεκτικήν·
2778 547 2919 619 «Τὴν
2958 547 3067 617 γὰρ
3094 548 3409 618 ἀφροσύνην
3442 547 3634 616 γωνίαν
3660 566 3774 622 παρ-

2228 641 2506 713 εδρεύειν»
2540 644 2567 696 6
2601 641 2760 710 σοφός
2796 656 2926 710 φησι
2961 637 3225 710 Σολομὼν.
3252 639 3419 692 Ἔστι
3443 638 3501 691 δὲ
3521 639 3777 712 θυσιαστή-

2233 753 2345 809 ριον
2373 735 2641 807 σωμάτων
2671 734 2873 806 θεωρία
2898 735 2991 788 καὶ
3019 731 3350 803 ἀσωμάτων,
3394 735 3455 785 ἐν
3558 732 3775 804 καθαίρε-

2228 846 2316 883 ται
2346 826 2489 891 νοῦς·
2524 827 2590 899 ἢν
2630 827 2658 879 6
2696 824 3002 890 κυκλώσας,
3054 824 3332 877 τουτέστιν
3380 821 3651 892 ἐγνωκὼς,
3679 824 3775 895 διη-

2228 923 2406 990 γεῖται
2431 919 2609 973 πάντα
2632 918 2701 973 τὰ
2733 916 3013 990 θαυμάσια
3038 915 3133 970 τοῦ
3157 914 3313 969 Θεοῦ.

2296 1012 2495 1080 Κύριε,
2553 1010 2843 1080 ἠγάπησα
2890 1007 3251 1077 εὐπρέπειαν
3305 1006 3486 1059 οἴκου
3534 1021 3662 1066 σου,
3695 1006 3773 1059 καὶ
3828 1010 3833 1013 ’

2226 1102 2413 1154 τόπον
2444 1098 2836 1169 σςνιηνώματος⁵
2866 1097 3050 1165 δόξης
3078 1110 3214 1152 σου.
3243 1094 3345 1164 Μὴ
3377 1093 3773 1163 συναπολέσῃς

2219 1192 2373 1262 μετὰ
2402 1190 2639 1246 ἀσεϐῶν
2665 1189 2781 1258 τὴν
2822 1187 3032 1259 ψυχήν
3055 1205 3197 1257 μου,
3236 1188 3340 1241 καὶ
3380 1186 3534 1256 μετὰ
3576 1185 3773 1254 ἀνδρῶν

2225 1284 2485 1355 αἱμάτων
2513 1283 2627 1352 τὴν
2652 1281 2802 1349 ζωήν
2818 1299 2957 1351 μου,
2988 1276 3076 1334 ὧν
3102 1281 3174 1335 ἐν
3201 1279 3423 1351 χερσὶν
3444 1280 3689 1349 ἀνομέιιι.
3722 1280 3771 1335 Ἡ

2224 1376 2394 1441 δεξιὰ
2423 1374 2621 1430 αὐτῶν
2657 1375 2936 1445 ἐπλήσθη
2969 1373 3190 1443 δώρων,
3228 1390 3282 1427 κ.
3318 1390 3373 1426 τ.
3409 1374 3457 1426 ἐ.
3495 1371 3603 1443 Τὴν
3626 1371 3770 1444 ψυχὴν

2224 1468 2408 1541 ἀπαθῆ
2442 1467 2755 1538 διεφύλαξα.

2301 1561 2411 1616 Τοῦ
2438 1560 2644 1616 αὐτοῦ.
2682 1561 2771 1625 Ὠς
2791 1559 3084 1630 δυναμένου
3108 1557 3183 1630 (6)
3212 1557 3308 1611 καὶ
3332 1556 3546 1613 δικαίου
3574 1571 3771 1610 συναπο-

534 1652 711 1722 perdi,
757 1653 871 1707 haec
895 1652 993 1707 ait.
1036 1653 1101 1708 Et
1143 1654 1414 1709 Abraham
1459 1656 1526 1711 ad
1562 1655 1777 1711 Deum:
1816 1673 1836 1707 ι
1873 1654 2109 1723 Nunquid

2222 1653 2409 1709 λέσθαι
2437 1657 2548 1718 τοῖς
2579 1652 2816 1711 ἀσεϐέσι,
2856 1651 3030 1705 ταῦτὰ
3059 1669 3208 1721 φησι.
3254 1651 3372 1706 Καὶ
3403 1652 3433 1703 6
3478 1648 3769 1722 Ἀϐραάμᾶ

535 1746 750 1815 perdes,
775 1761 793 1794 ι
829 1746 1024 1816 inquit,
1053 1765 1070 1797 ι
1097 1746 1142 1780 ⁸⁷
1170 1748 1374 1817 justum
1397 1764 1517 1804 cum
1537 1748 1728 1819 impio,
1752 1722 2109 1817 etcritjustus

2223 1748 2360 1819 πρὸς
2392 1745 2484 1799 τὸν
2523 1744 2675 1810 Θεὸν,
2718 1745 2848 1816 «Μὴ
2883 1743 3278 1815 συναπολέσῃς,
3306 1762 3326 1795 ι
3367 1742 3527 1814 φησὶ,
3564 1741 3769 1794 «δέκαιον

535 1839 677 1893 sicut
694 1839 914 1908 impius?
938 1858 956 1891 ι
980 1840 1073 1894 His
1089 1841 1265 1896 verbis
1290 1841 1550 1896 utendum
1579 1853 1663 1897 est
1680 1856 1808 1912 erga
1834 1840 2117 1911 religiosos

534 1930 685 1985 viros
732 1939 826 1986 aut
886 1931 1113 1987 feminas
1156 1933 1247 2003 qui
1291 1933 1372 1989 vel
1415 1948 1535 2004 quae
1562 1949 1664 1988 una
1692 1949 1816 1988 cum
1855 1932 2009 1987 malis
2037 1931 2115 1986 vi-

533 2030 684 2076 τυηι.

606 2113 882 2183 Ejusdem.
935 2135 953 2169 ι
1014 2116 1242 2172 Dextera
1296 2132 1485 2173 eorum
1537 2118 1742 2186 repleta
1791 2125 1874 2173 est
1926 2131 2117 2172 mune-

534 2201 705 2257 ribus.
769 2222 789 2257 ι
846 2205 1108 2272 Quoniam
1164 2207 1505 2277 iniquitatem
1556 2208 1761 2276 Operati
1802 2217 1949 2273 sunt,
1992 2207 2114 2262 ideo

533 2293 812 2350 dexteram
846 2314 998 2354 suam
1032 2299 1350 2356 muneribus
1377 2298 1754 2371 impleverunt.

1042 2581 1171 2638 PSA
1182 2581 1273 2637 LM
1284 2580 1373 2638 US
1403 2582 1590 2639 XXVI.

601 2671 768 2729 Vitas.
826 2672 880 2729 l.
943 2671 1200 2729 Dominus
1257 2673 1577 2729 illuminatio
1630 2691 1746 2730 mea
1791 2686 1837 2728 et
1881 2671 2116 2728 salvator

529 2784 701 2833 meus,
727 2782 878 2838 quem
902 2766 1117 2821 timebo?
1152 2765 1407 2821 Dominus
1434 2776 1696 2835 protector
1736 2766 1853 2821 vita:
1881 2781 2038 2828 mete,
2081 2781 2112 2818 a

533 2876 638 2929 quo
677 2860 980 2930 trepidabo?
1010 2868 1118 2915 etc.
1167 2857 1292 2913 Haec
1326 2858 1467 2914 dicet
1500 2857 1585 2910 vir
1617 2856 1774 2911 fortis
1796 2865 1849 2912 et
1885 2856 2112 2913 scientia

534 2951 910 3019 illuminatus,
957 2952 1139 3022 qualis
1181 2959 1294 3006 erat
1348 2951 1395 3006 is
1436 2949 1528 3020 qui
1567 2950 1779 3005 dicebat
1806 2948 1855 2983 ⁸⁸
1882 2967 1896 3004 :
1928 2968 1949 3002 ι
1979 2949 2111 3016 Quis

528 3058 630 3098 nos
661 3043 941 3114 separabit
983 3060 1010 3097 a
1042 3043 1306 3098 cbaritate
1329 3039 1580 3100 Christi?
1624 3058 1644 3091 ι
1673 3042 1885 3099 Etenim
1909 3044 1954 3100 si
1982 3058 2113 3099 vere

527 3135 779 3193 Christus
810 3150 908 3205 pro
936 3135 1094 3192 nobis
1124 3177 1140 3200 ,
1172 3137 1239 3190 ad
1269 3137 1495 3191 nihilum
1529 3137 1791 3208 redigitur
1816 3138 1993 3192 omnis
2019 3135 2110 3205 qui

528 3236 720 3282 contra
737 3241 833 3281 nos
859 3235 963 3282 est.
983 3227 1040 3280 Si
1063 3238 1242 3284 autem
1262 3231 1363 3284 ista
1388 3231 1573 3295 verba,
1597 3249 1614 3282 ι
1641 3233 1762 3287 vitae
1777 3245 1927 3297 mea),
1957 3247 1977 3281 ι
2004 3245 2109 3284 non

528 3317 893 3386 intelligamus
919 3317 984 3371 de
1008 3331 1076 3372 eo
1100 3321 1188 3387 qui
1219 3319 1298 3374 ait
1324 3320 1370 3353 "
1407 3338 1420 3375 :
1448 3339 1468 3373 ι
1505 3321 1615 3391 Ego
1642 3337 1761 3376 sum
1792 3323 1931 3388 vita,
1963 3339 1984 3374 ι
2016 3321 2109 3375 sed

527 3409 856 3478 simpliciter
875 3408 942 3463 de
969 3412 1238 3464 communi
1267 3412 1399 3476 vita,
1426 3427 1534 3466 non
1568 3413 1673 3468 erit
1704 3413 1966 3468 Dominus
1986 3414 2110 3467 vitae

526 3514 824 3575 martyrum
857 3513 1153 3562 protector.
1182 3505 1322 3571 Quin
1345 3515 1401 3560 et
1436 3505 1657 3572 Paulus,
1688 3521 1808 3561 cum
1840 3506 1977 3561 dixit
2015 3525 2030 3561 :
2058 3507 2109 3540 ⁸ο

533 3615 554 3649 ι
594 3597 671 3651 ita
704 3605 763 3651 ut
797 3597 1222 3653 destitueremur
1260 3598 1426 3652 etiam
1457 3597 1590 3664 vita,
1623 3617 1643 3651 ι
1677 3598 1914 3653 divinam
1939 3598 2107 3653 vitam

526 3688 814 3744 intellexit.
842 3688 1012 3744 Porro
1034 3686 1378 3744 formidinem
1403 3705 1508 3745 non
1533 3690 1772 3758 patietur
1790 3690 1879 3759 qui
1901 3692 2013 3745 haec
2038 3705 2106 3744 ex

525 3779 723 3837 affectu
747 3783 898 3839 dicit.
916 3785 1079 3857 632
1099 3804 1117 3838 ι
1143 3783 1367 3838 Timidis
1384 3802 1404 3837 ι
1422 3782 1590 3848 enim,
1614 3782 2070 3838 secundumDomi
2089 3812 2105 3824 -

525 3892 677 3942 num,
713 3894 733 3928 ι
764 3892 891 3945 pars
913 3887 995 3933 est
1025 3880 1078 3932 in
1105 3888 1296 3949 stagno
1327 3877 1465 3948 ignis
1491 3878 1557 3930 ⁸³.
1602 3897 1621 3929 ι
1655 3875 1904 3949 lmpingit
1926 3886 2103 3934 autem

525 3969 705 4024 anima
757 3971 1072 4036 caecutiens,
1122 3980 1178 4025 et
1223 3971 1404 4027 omnia
1449 3971 1658 4036 metuit,
1717 3952 2101 4042 atqueipsam

522 4062 685 4117 etiam
724 4061 814 4116 Dei
846 4061 1235 4131 professionem
1269 4062 1516 4134 negabit;
1543 4078 1575 4118 a
1607 4064 1716 4120 Deo
1744 4078 1871 4119 vero
1898 4064 2101 4119 illumi-

522 4166 670 4219 nata,
722 4152 957 4222 primum
1005 4152 1223 4223 quidem
1269 4152 1610 4208 defensorem
1654 4166 1718 4206 ac
1762 4150 2102 4207 Salvatorem

522 4259 681 4300 suum
727 4244 1125 4313 contemplatur
1146 4284 1162 4309 ,
1207 4244 1403 4300 deinde
1431 4259 1560 4300 vero
1591 4244 1889 4299 animosior
1923 4244 2103 4299 evadit

520 4346 710 4392 contra
731 4336 917 4391 hostes
939 4350 1065 4389 suos
1081 4374 1099 4401 ,
1119 4336 1232 4391 sive
1255 4335 1499 4391 homines
1519 4338 1631 4391 sint
1654 4337 1743 4405 qui
1768 4336 1931 4390 Deum
1955 4335 2104 4406 igno-

520 4438 669 4493 rant,
704 4429 820 4484 sive
852 4427 1157 4482 invisibiles
1195 4435 1529 4497 potestates,
1560 4428 1725 4484 habet
1751 4429 1893 4481 enim
1922 4426 2097 4496 ipsum

519 4522 717 4577 Filium
738 4521 1041 4591 adiutorem
1069 4536 1085 4575 :
1117 4535 1241 4574 nam
1282 4521 1336 4574 in
1372 4519 1637 4575 llebraico
1666 4519 1964 4593 exemplari
1992 4535 2097 4574 vox

518 4629 621 4684 qua
640 4614 957 4684 exprimitur
978 4632 997 4665 ι
1023 4613 1256 4668 salvator
1268 4625 1440 4677 meus,
1466 4625 1688 4667 momen
1704 4620 1787 4666 est
1803 4611 2098 4667 Salvatoris

517 4706 692 4760 nostri
738 4704 864 4761 Jesu
914 4705 1163 4770 Christi,
1218 4703 1504 4774 ipsissimis
1548 4705 1956 4761 characteribus
1989 4704 2096 4760 He-

516 4797 718 4853 braicis
746 4812 1089 4866 expressum,
1121 4798 1315 4868 quibus
1347 4810 1543 4852 nomen
1571 4796 1728 4852 .lesus
1754 4796 2094 4853 describitur.

587 4885 754 4949 Vens.
793 4888 850 4942 2.
895 4887 1035 4942 Dum
1085 4889 1395 4959 appropiant
1435 4904 1593 4957 super
1617 4906 1698 4944 me
1731 4902 2004 4956 nocentes,
2035 4900 2094 4945 ut

514 4980 671 5035 edant
702 4996 885 5036 carnes
917 4996 1060 5036 meas
1091 4997 1111 5035 :
1153 4980 1241 5053 qui
1282 4980 1535 5034 tribulam
1583 4998 1663 5037 me
1707 4983 1907 5037 inimici
1948 4985 2088 5050 mei,

516 5074 619 5141 ipsi
638 5073 894 5141 inﬁrmati
919 5084 1060 5140 sunt,
1094 5082 1144 5128 et
1174 5074 1489 5140 ceciderunt,
1513 5084 1623 5129 etc.
1657 5073 1789 5130 Cum
1824 5082 2093 5130 tentantes

517 5168 584 5223 ad
612 5183 710 5223 nos
750 5167 1018 5223 accedunt
1043 5178 1322 5234 nocentes,
1343 5168 1705 5225 utcomedant
1733 5182 1952 5222 carnem
1975 5183 2094 5235 (uiae

588 5265 634 5298 ³⁸
691 5264 849 5321 Prov.
901 5281 999 5334 vn,
1042 5265 1130 5322 12.

508 5351 628 5402 xxI,
646 5335 699 5390 8.

589 5427 677 5512 (ϐ).
707 5426 1188 5512 Ὠς-δυναμένου,
1228 5435 1336 5484 etc.
1385 5425 1611 5482 Schedae
1660 5424 1882 5489 Grabii,
1925 5426 2097 5480 codex

517 5498 767 5559 Coislin.,
801 5498 1095 5552 Barbarus.

588 5568 668 5637 (7)
694 5567 938 5636 Ἐπειδὴ
958 5566 1313 5637 εἰργάζοντο,
1347 5578 1454 5624 etc.
1492 5566 1720 5623 Schedze
1757 5565 1967 5634 Grabii,
2002 5581 2098 5622 co-

522 5638 627 5694 dex
660 5637 1047 5701 Coisliniauns,
1075 5638 1370 5694 Barbarus.

598 5710 674 5783 (3)
716 5710 769 5764 ὀ
795 5708 1063 5779 ἀνδρεῖος
1091 5708 1306 5783 ταῦτα,
1347 5718 1455 5768 etc.
1483 5709 1793 5779 Corderius,
1835 5720 1889 5767 et
1930 5707 2099 5767 codex

2225 1835 2364 1908 μετά
2387 1835 2650 1902 ἀσεϐοῦς;
2680 1834 2790 1890 Καὶ
2812 1833 2964 1887 ἔσται
2985 1835 3013 1886 6
3032 1834 3238 1897 δίκαιος
3255 1834 3335 1897 ὡς
3358 1832 3595 1904 ἀσεϐήςς
3617 1851 3634 1883 ι
3653 1832 3770 1903 Χρη-

2223 1931 2377 1984 στέον
2426 1931 2483 1984 δὲ
2528 1929 2703 2000 τούτῳ
2739 1928 2818 1999 τῷ
2862 1927 3009 2000 ῥητῷ
3050 1927 3187 1999 πρὸς
3221 1926 3481 1990 εὐλαϐεῖς
3527 1926 3706 1997 ἄνδρας
3738 1925 3765 1995 ἢ

2222 2024 2505 2091 γυναῖκας,
2544 2020 2817 2085 συζῶντας
2845 2019 2877 2091 ἦ
2904 2019 3167 2084 συζούσας
3197 2022 3416 2084 κακοῖς.

2297 2114 2408 2170 Τοῦ
2447 2112 2653 2168 αὐτοῦ.
2695 2134 2713 2165 ι
2750 2114 2812 2166 Ἡ
2843 2113 2994 2178 δεξιὰ
3029 2113 3208 2168 αὐτῶν
3240 2113 3495 2185 ἐπλήσθη
3544 2112 3724 2184 δώρων.
3746 2130 3762 2162 ο

2233 2203 2453 2275 Ἐπειδὴ
2481 2202 2792 2276 εἰργάζοντο
2808 2204 2884 2276 (7)
2915 2204 3164 2280 ἀνομίαν,
3187 2202 3277 2259 διά
3308 2203 3474 2258 τοῦτο
3498 2202 3592 2274 τὴν
3618 2201 3763 2269 δεξιὰν

2218 2294 2396 2348 αὐτῶν
2420 2293 2689 2366 ἐπλήρουν
2712 2293 2919 2366 δώρων.

2131 2580 2178 2640 C

2768 2575 3059 2649 ΨΑΛΜΟΣ
3095 2576 3239 2642 Κίτι.

2287 2671 2504 2740 Κύριος
2533 2669 2836 2740 φωτισμός
2855 2686 2973 2738 μου
3000 2668 3097 2722 καὶ
3123 2667 3330 2737 σωτήρ
3364 2685 3507 2738 μου,
3539 2668 3658 2721 τινα
3676 2683 3760 2735 ερο-

2216 2763 2581 2834 σηθήσομαι;
2606 2765 2820 2832 Κύριος
2840 2759 3305 2830 ὑπερασπιστὴς
3336 2761 3451 2831 τῆς
3482 2758 3619 2829 ζωῆς
3640 2776 3754 2829 μου,

2213 2855 2332 2912 ἀπὸ
2366 2856 2528 2922 τίνος
2553 2855 2872 2918 δειλιάσω;
2904 2872 2958 2908 κ.
2989 2872 3039 2908 τ.
3071 2855 3116 2907 ὲ.
3158 2854 3216 2907 ’0
3245 2853 3496 2926 ἀνδρεῖος
3529 2851 3681 2906 ταῦτα
3694 2850 3755 2921 (8)

2215 2950 2332 3023 ἐρεῖ
2360 2951 2452 3004 καὶ
2491 2948 2689 3019 γνώσει
2736 2947 3163 3018 πεφωτισμένος,
3205 2947 3399 3011 ὁποῖος
3433 2943 3501 3018 ἦν
3537 2946 3563 2998 6
3591 2944 3749 3012 λέγων·

2219 3061 2238 3094 ι
2263 3041 2357 3105 Τίς
2389 3040 2792 3113 ήμᾶςχωρίσει
2838 3038 2944 3093 ἀπὸ
2970 3039 3070 3110 τῆς
3107 3039 3333 3110 ἀγάπης
3374 3038 3470 3092 τοῦ
3496 3034 3749 3108 Χριστοῦ;›

2213 3136 2325 3191 Καὶ
2351 3135 2457 3209 γὰρ
2488 3135 2536 3187 εἰ
2565 3131 2779 3207 ἁληθῷς
2804 3135 2832 3186 6
2870 3131 3103 3204 Χριστὸς
3133 3131 3272 3203 ὑπὲρ
3298 3134 3336 3204 ἡ
3346 3132 3483 3203 μῶν,
3510 3127 3754 3197 ἐξουδένω-

2211 3246 2303 3282 ται
2347 3229 2456 3291 πᾶς
2495 3228 2523 3280 6
2560 3224 2682 3278 καθ’
2713 3222 2891 3295 ἡμῶν.
2962 3222 3087 3276 Ἐὰν
3124 3222 3183 3275 δὲ
3221 3222 3294 3293 μὴ
3349 3221 3651 3290 ἐκλάεωμεν
3687 3216 3751 3277 τὺ,

2218 3340 2238 3372 ι
2259 3319 2405 3390 ζωῆς
2438 3336 2558 3391 μου,
2586 3337 2604 3369 ι
2644 3318 2741 3369 ἐπὶ
2773 3315 2866 3368 τοῦ
2907 3315 3171 3380 εἰπόντος,
3195 3333 3213 3364 ‹
3251 3313 3399 3383 Ἐγώ
3415 3317 3525 3384 εἰμι
3547 3315 3576 3383 ή
3598 3309 3746 3381 ζωὴ,ι

2212 3410 2325 3466 ἀλλ’
2347 3411 2438 3464 ἐπὶ
2462 3410 2562 3480 τῆς
2585 3407 2950 3477 ἁπλούστερον
2981 3407 3299 3478 νοουμένης,
3317 3409 3423 3461 οὐκ
3445 3407 3589 3459 ἔσται
3614 3405 3750 3472 ὑπερ·

2212 3505 2482 3576 ασπιστὴς
2524 3504 2622 3574 τῆς
2677 3500 2787 3554 τῶν
2824 3498 3115 3572 μαρτύρων
3147 3497 3294 3571 ζωῆς
3327 3502 3360 3553 ὁ
3387 3500 3598 3571 Κύριος.
3622 3494 3749 3549 Καὶὸ

2212 3595 2425 3659 Παῦλος
2452 3594 2510 3648 δὲ
2554 3593 2747 3661 λέγων,
2797 3611 2815 3642 ι
2843 3591 3005 3643 ’Ὥστε
3050 3588 3461 3661 ἐξαπορηθῆναι
3506 3587 3639 3660 ἡμᾶς
3675 3580 3748 3635 καὶ

2210 3687 2305 3742 τοῦ
2325 3686 2445 3758 ζῇν,
2460 3705 2478 3738 ι
2497 3687 2595 3757 τὴν
2612 3683 2759 3738 θεῖαν
2780 3682 2931 3750 ἔλεγε
2956 3679 3120 3753 ζωήν.
3148 3681 3364 3735 Δειλίαν
3385 3681 3441 3735 δὲ
3458 3681 3514 3734 οὑ
3544 3677 3746 3732 πείσεται

2209 3784 2237 3835 6
2253 3780 2424 3833 ταῦτα
2436 3778 2607 3847 λέγων
2622 3780 2686 3831 ἐκ
2702 3775 3013 3838 διαθέσεως.
3035 3794 3052 3825 ι
3065 3775 3188 3840 Τοῖς
3200 3795 3216 3827 ι
3236 3774 3345 3846 γὰρ
3365 3795 3382 3826 ι
3394 3773 3595 3834 δειλοῖς,
3607 3790 3622 3820 ι
3636 3764 3747 3822 κατᾶ

2209 3874 2299 3927 τὸν
2323 3872 2547 3945 Κύριον,
2572 3870 2660 3923 ιτὸ
2684 3868 2849 3942 μέρος
2869 3869 2926 3920 ἐν
2946 3871 3012 3941 τῇ
3039 3867 3204 3942 λίμνῃ
3225 3871 3319 3922 τοῦ
3349 3867 3536 3938 πυρός.
3557 3884 3574 3916 ι
3601 3864 3745 3933 Προσ-

2211 3966 2400 4020 κόπτει
2438 3963 2495 4016 δὲ
2522 3962 2668 4034 ψυχὴ
2708 3959 3112 4030 τυφλώττουσα,
3160 3961 3254 4013 καὶ
3298 3960 3477 4013 πάντα
3521 3955 3741 4027 φοϐεῖται,

2210 4058 2303 4110 καὶ
2337 4056 2435 4127 τὴν
2469 4058 2549 4118 εἰς
2578 4054 2709 4108 Θεὸν
2740 4052 3028 4123 ὁμολογίαν
3076 4054 3399 4125 ἀρνήσεται·
3441 4048 3542 4104 ὑπὸ
3563 4043 3677 4100 Θεοῦ
3698 4040 3742 4094 δὲ

2210 4148 2537 4220 φωτισθεῖσα
2556 4189 2570 4212 ,
2611 4149 2826 4222 πρῶτον
2869 4152 2965 4221 μὲν
3011 4150 3104 4202 τὸν
3147 4147 3432 4218 πρόμαχον
3480 4142 3635 4212 αὐτῆς
3667 4136 3742 4190 καὶ

2210 4241 2439 4314 Σωτῆρά
2476 4242 2591 4295 ἐστι
2633 4242 2930 4314 θεωροῦσα,
2976 4239 3115 4313 μετά
3151 4240 3207 4294 δὲ
3247 4238 3424 4292 ταῦτα
3462 4236 3563 4291 τῶν
3606 4230 3741 4299 αὐτῆς

2208 4333 2479 4404 πολεμίων
2501 4332 2852 4405 καταθαῤῥεῖ,
2881 4332 2992 4391 εἴτε
3029 4331 3161 4385 Θεὸν
3202 4327 3538 4397 ἀγνοούντων
3560 4317 3737 4391 ἀνθρώ⁴

2206 4445 2343 4492 πων,
2378 4428 2487 4480 εἴτε
2523 4424 2801 4494 δυνάμεων
2838 4426 3105 4497 ἀοράτων,
3147 4425 3221 4489 ὡς
3255 4423 3417 4476 αὐτὸν
3456 4420 3633 4491 ἔχουσα
3669 4412 3738 4466 τὸν

2203 4520 2330 4574 Υἰδν
2356 4518 2565 4590 βοηθόν·
2607 4520 2665 4572 ἐν
2692 4517 2800 4589 γὰρ
2828 4518 3001 4589 τούτῳ
3028 4516 3106 4588 τῷ
3149 4513 3420 4587 Ἐ6ρα’ίκῷ
3443 4513 3520 4575 τὺ,
3555 4530 3571 4560 ι
3594 4505 3737 4574 σωτήρ

2208 4631 2362 4685 μου,›
2408 4614 2577 4684 ὄνομα
2604 4612 2912 4681 γέγραπται
2962 4610 3055 4663 τοῦ
3102 4608 3354 4679 Σωτῆρος
3397 4603 3548 4677 ἡμῶν
3603 4590 3734 4669 Ἰησοῦ

2204 4704 2459 4777 Χριστοῦ
2511 4705 2576 4758 δι’
2614 4698 2688 4757 ὧν
2734 4703 2799 4756 ἀν
2835 4720 2919 4766 τις
2952 4704 3063 4765 τοῖς
3107 4700 3413 4771 Ἑϐραϊκοῖς
3444 4691 3734 4769 χαρακτῆρσι

2204 4800 2391 4873 γράψῃ
2428 4800 2520 4853 τὸν
2567 4798 2795 4869 Ἰησοῦν.

2286 4895 2389 4948 Ἐν
2414 4891 2495 4959 τῷ
2519 4890 2769 4963 ἐγγίζειν
2811 4891 2905 4944 ἐπ’
2931 4889 3038 4959 ἐμὲ
3069 4889 3409 4954 κακοῦντας
3434 4885 3536 4940 τοῦ
3562 4874 3735 4952 φαγεῖν

2196 4987 2302 5053 τὰς
2330 4985 2558 5054 σάρκας
2567 5002 2705 5055 μου·
2725 4987 2779 5039 οἱ
2808 4981 3115 5049 θλίϐοντές
3123 4998 3201 5051 με
3224 4980 3322 5035 καὶ
3353 4983 3405 5035 οἱ
3424 4974 3607 5047 ἐχθροί
3619 4984 3729 5041 μου.

2199 5079 2365 5133 αὐτοὶ
2398 5077 2753 5147 ἡσθένησαν
2788 5075 2886 5128 καὶ
2926 5074 3176 5137 ἔπεσαν,
3220 5091 3275 5128 κ.
3319 5089 3367 5126 τ.
3412 5072 3457 5123 ἐ.
3505 5068 3615 5120 Ὅτε
3637 5075 3732 5112 πει-

2202 5169 2488 5242 ραζόμενοι
2512 5167 2587 5242 (9)
2621 5167 2930 5237 ἐγγίζουσιν
2968 5168 3050 5235 ἐφ’
3076 5166 3222 5236 ἡμᾶς
3245 5162 3544 5223 κακοῦντες,
3572 5150 3730 5225 φαγεῖν

1230 5267 1274 5300 ⁸⁷
1301 5266 1497 5322 Genes.
1550 5280 1705 5330 xvur,
1733 5264 1824 5341 25.
1899 5265 1945 5296 ⁸⁸
1976 5266 2109 5321 Rom

2216 5267 2397 5335 111,55.
2473 5266 2518 5298 ⁸³
2541 5263 2695 5321 Joan.
2738 5279 2851 5330 xw,
2901 5262 2954 5318 6.
3033 5263 3077 5295 δ’
3105 5261 3149 5316 ll
3181 5262 3305 5317 Cor.
3334 5278 3374 5326 ι,
3401 5258 3452 5314 8.
3523 5252 3562 5283 ⁸⁸
3587 5249 3726 5318 APO“

2205 5428 2571 5486 Coislinianus
2594 5444 2745 5484 num.
2782 5426 2904 5482 189.
2935 5423 3127 5480 Verum
3154 5422 3405 5480 nonnulla
3437 5415 3612 5474 iisdem
3634 5406 3724 5462 fere

2206 5501 2389 5557 verbis
2413 5510 2629 5555 exstant
2658 5499 2797 5568 apud
2837 5496 3149 5551 Eusebium.
3199 5565 3226 5568 __
3286 5564 3297 5568 _
3407 5558 3439 5568 Α
3477 5558 3488 5568 ,
3520 5556 3549 5568 __
3590 5552 3601 5563 _

2278 5570 2353 5642 (9)
2376 5556 2519 5627 Ὅτε
2565 5556 2983 5641 πειρᾶζόμενοι,
3037 5576 3139 5623 etc.
3189 5564 3366 5621 Codex
3401 5556 3721 5617 Coisliniaans

2209 5640 2364 5716 189;
