4020 6152
358 296 503 352 12⁵17

1313 292 1620 351 SELECTA
1656 292 1724 349 1N
1762 291 2097 349 PSALMOS.
2132 322 2202 334 ——
2232 292 2431 349 PSAL.
2464 290 2652 349 XXVI.

3463 291 3598 347 1278

354 416 610 479 Θέλοντες
634 412 728 486 τὴν
757 412 832 485 μὴ
852 411 1154 484 δυναμένην
1179 409 1582 484 κληρονομῆσαι
1613 411 1748 465 Θεοῦ
1780 411 1909 482 βασι-

2031 425 2252 482 regnum
2283 412 2374 467 Dei
2405 411 2727 467 haereditare
2758 422 2867 464 non
2896 416 3107 479 potest,
3142 417 3305 480 atque
3356 411 3600 467 nutrian-

352 508 511 562 λείαν
557 506 766 577 σάρκα,
814 510 909 561 καὶ
950 504 1224 576 τραφῆναι
1274 503 1364 571 ἀφ’
1411 496 1485 556 ὧν
1529 502 1929 575 ἁμαρτάνοντες

357 598 624 671 ποιοῦμεν
650 597 825 668 ἔργων
863 596 1064 668 σαρκὸς
1096 595 1285 666 ἑτέρας
1322 592 1485 666 οὔσης
1508 594 1660 666 παρὰ
1684 594 1779 665 τὴν
1800 595 1927 665 ὀψο-

359 689 533 761 μένην
574 689 751 760 σάρκα
796 686 857 741 τὺ
899 688 1162 759 σωτήριον
1208 686 1300 739 τοῦ
1337 685 1491 739 Θεοῦ·
1528 686 1621 740 καὶ
1658 687 1745 739 ὅτε
1779 686 1929 755 ἐγγί-

356 780 514 848 ζουσι
551 780 645 835 τοῦ
676 778 885 834 δικαίου
929 778 1243 843 κακοῦντες,
1265 777 1387 830 τότε
1427 778 1641 849 πρῶτον
1679 776 1928 832 ἀσθενοῦ-

359 891 469 939 σιν,
510 870 626 927 εἷτα
668 873 977 935 πίπτουσιν,
1020 871 1191 941 αὐτῆς
1245 870 1343 940 τῆς
1384 871 1527 940 ἁφῆς
1562 866 1630 943 ἦς
1666 869 1925 924 ἅπτονται

354 965 454 1019 τοῦ
500 966 729 1028 δικαίου,
772 963 1106 1035 κολαζούσης
1156 964 1370 1029 αὐτοὺς,
1412 963 1505 1016 καὶ
1549 962 1793 1017 ἀσθενεῖν
1833 963 1924 1015 καὶ

355 1056 579 1110 πίπτειν
618 1055 875 1125 ποιούσης
910 1053 1123 1118 αὐτούς.

435 1148 546 1203 Τοῦ
582 1146 789 1202 αὐτοῦ.
833 1148 895 1200 Εἰ
930 1148 1090 1218 ἡμεῖς
1127 1146 1225 1210 τὰς
1262 1145 1354 1200 τοῦ
1395 1144 1757 1218 Χριστοῦ(10)
1791 1145 1922 1217 σάρ-

351 1254 458 1303 sta;
498 1239 767 1310 ἐσθίομεν,
810 1236 855 1311 (ι
902 1240 958 1292 '0
998 1238 1266 1308 τρώγων»
1320 1237 1427 1308 γάρ
1482 1257 1500 1288 ‹
1529 1254 1653 1308 μου,
1685 1255 1702 1288 ι
1756 1237 1917 1306 φησὶ,

355 1350 379 1386 s
404 1331 503 1402 τὴν
538 1332 735 1401 σάρκα,
760 1331 854 1383 καὶ
888 1329 1055 1382 πίνων
1093 1347 1193 1400 μου
1230 1330 1291 1382 τὸ
1312 1326 1541 1400 αἷμαη)
1568 1330 1667 1392 τὰς
1707 1328 1763 1380 δὲ
1783 1329 1920 1398 ἡμε-

348 1422 521 1495 τέρας
550 1423 599 1475 οἱ
622 1421 891 1492 δαίμονες·
929 1423 1137 1493 μήποτε
1162 1423 1253 1474 καὶ
1285 1422 1383 1484 τὰς
1413 1419 1505 1473 τοῦ
1538 1417 1773 1491 Χριστοῦ
1811 1418 1919 1489 ἄρα

351 1514 564 1584 σάρκας
594 1515 643 1567 oi
669 1513 918 1585 δαίμονες
941 1512 1197 1577 ἐσθίουσι,
1221 1512 1318 1577 τὰς
1359 1514 1416 1565 ὲν
1451 1514 1583 1583 ἡμῖν
1605 1509 1803 1581 ἀρετὰς
1821 1509 1915 1563 καὶ

346 1604 419 1657 τὰ
446 1606 617 1678 ἀληθῆ
644 1607 886 1678 δόγματα
912 1604 1240 1677 διαφθείρειν
1267 1603 1672 1667 σπουδάζοντες
1697 1602 1913 1670 λέγεται

349 1694 461 1767 γὰρ
477 1690 539 1747 τὸ
572 1714 588 1744 ι
609 1700 801 1765 φαγεῖν
823 1714 843 1747 ι
868 1696 959 1750 καὶ
980 1696 1072 1750 ἐπὶ
1096 1696 1189 1750 τοῦ
1212 1715 1228 1750 t
1250 1695 1595 1767 διαφθείρειν.
1612 1693 1905 1749 ι--ιἚὰνι

347 1786 459 1858 γὰρ
508 1785 759 1857 «θέλητε,
787 1806 805 1837 ι
854 1786 1037 1857 φησιν,
1093 1786 1229 1839 «καὶ
1273 1785 1627 1858 εἰσακούσητὲ
1671 1802 1801 1856 μου,

348 1879 529 1948 ἀγαθὰ
555 1879 654 1951 τῆς
693 1879 797 1950 γῆς
838 1879 1094 1949 φάγεσθε.
1139 1878 1264 1932 Ἐὰν
1301 1878 1357 1932 δὲ
1408 1879 1480 1951 μὴ
1529 1877 1740 1951 θέλητε,
1779 1879 1914 1951 μηδὲ

345 1970 702 2041 είσακούσητέ
735 1987 869 2041 μου,
917 1971 1157 2042 μάχαιρα
1196 1971 1338 2041 ὑμᾶς
1368 1970 1667 2023 κατέδεται·
1707 1970 1767 2023 τὸ
1806 1970 1914 2042 γὰρ

348 2060 522 2133 στόμα
562 2062 766 2133 Κυρίου
808 2060 1034 2134 ἐλάλησε
1075 2060 1308 2115 ταῦτα.»
1371 2059 1632 2115 Ἐνταῦθα
1678 2062 1786 2133 γὰρ
1829 2062 1910 2128 τὸ,

351 2172 372 2204 t
395 2152 696 2218 κατέδεται,
712 2174 729 2203 ι
758 2154 880 2207 ἀντὶ
898 2151 1012 2217 τοῦ,
1048 2152 1393 2225 «διαφθείρει,
1409 2172 1427 2204 ι
1449 2156 1643 2206 κεῖται·
1670 2153 1912 2225 μάχαιρα

345 2244 455 2317 γὰρ
476 2246 672 2301 ἐσθίειν
692 2247 751 2299 οὐ
778 2246 1035 2316 πέφυκεν.
1065 2246 1135 2299 Ἣ
1170 2244 1269 2309 τὰς
1307 2246 1514 2316 σάρκας
1542 2247 1573 2317 ή
1584 2244 1700 2316 μῶν
1731 2245 1913 2313 λέγον-

342 2356 434 2392 ται
472 2338 668 2392 ἐσθίειν
702 2340 751 2391 οἱ
788 2338 1037 2409 δαίμονες
1076 2339 1195 2392 ἀντὶ
1230 2336 1323 2390 τοῦ
1362 2339 1430 2390 τὰ
1467 2339 1531 2390 ὲκ
1566 2338 1666 2408 τῆς
1712 2335 1913 2409 σαρκὸς

344 2428 608 2501 φυόμενα.
658 2446 677 2479 ι
699 2426 911 2498 Φανερὰ
947 2426 1003 2479 δέ
1043 2428 1158 2479 ἐστι
1209 2425 1278 2479 τὰ
1323 2425 1461 2498 ἔργα
1496 2426 1596 2496 τῆς
1634 2424 1854 2496 σαρκὸς,
1886 2442 1905 2474 ι

343 2526 372 2576 6
404 2522 547 2593 ἱερὸς
578 2519 893 2584 Ἀπόστολός
922 2536 1105 2590 φησιν,
1133 2538 1150 2569 ε
1178 2518 1333 2572 ἅτινά
1356 2521 1473 2571 ἐστι
1497 2519 1749 2589 μοιχεῖαι,
1782 2530 1912 2589 πορ-

342 2619 502 2679 νεῖαι,
527 2614 824 2683 ἀσέλγειαι,
857 2611 1308 2684 εἰδωλολατρείαιν
1336 2630 1354 2663 ³
1380 2611 1474 2665 καὶ
1510 2609 1578 2664 τὰ
1611 2609 1760 2680 ἐξῆς’

428 2706 570 2760 Ἐὰν
595 2703 999 2773 παρατάξηταί
1026 2703 1118 2756 ἐπ’
1152 2702 1256 2772 ἐμὲ
1295 2702 1662 2771 παρεμϐολὴ,
1696 2704 1768 2756 οὐ
1804 2718 1910 2771 ερο-

345 2796 666 2865 6ηοήσεται
686 2798 723 2865 ἡ
746 2795 958 2864 καρδιά
974 2812 1114 2865 μου,
1138 2812 1191 2848 κ.
1220 2812 1270 2848 τ.
1298 2796 1345 2848 ἑ.
1380 2795 1443 2846 Ἠ
1466 2793 1779 2865 παρεμϐολὴ
1799 2794 1843 2864 (1
1856 2794 1909 2864 ’1)

343 2890 564 2961 τοιαύτη
591 2891 759 2955 ἐστὶν,
800 2891 981 2952 ὁποῖος
1002 2890 1029 2942 6
1050 2891 1108 2942 ὲν
1138 2888 1329 2957 τάφοις
1360 2886 1521 2940 οἰκῶν
1558 2886 1776 2956 λεγεών.
1800 2886 1909 2940 Καὶ

340 2985 484 3055 τάχα
506 2983 618 3053 φῶς
652 2984 794 3036 ἐστιν
828 2981 988 3053 ἡτῶν
1015 2980 1270 3034 ἐναντίων
1306 2978 1643 3050 παρεμϐολή.
1689 2979 1753 3032 Ἦ
1774 2996 1909 3051 καρ-

2034 512 2119 555 tur
2151 517 2215 557 ex
2261 502 2327 557 iis
2367 517 2484 572 qua:
2527 500 2801 571 peccando
2832 502 3091 565 facimus,
3127 501 3380 572 operibus
3418 504 3598 558 carnis

2029 593 2097 650 ab
2162 592 2252 648 illa
2311 593 2540 648 diversae
2587 605 2750 647 carne
2789 605 2908 661 quat
2951 591 3155 646 videbit
3190 590 3431 647 salutare
3467 593 3592 660 Dei;

2030 689 2157 740 item
2187 685 2403 756 quando
2442 683 2707 739 accedunt
2753 691 2810 737 ut
2857 691 3074 752 tangant
3104 681 3307 752 justum
3340 693 3393 738 et
3422 685 3469 738 ei
3498 700 3595 739 no-

2025 788 2206 841 ceant,
2262 785 2388 831 tunc
2438 777 2672 845 primum
2720 773 3087 839 inﬂrmantur,
3135 774 3329 830 deinde
3359 778 3593 840 cadunt,

2026 884 2145 925 cum
2182 868 2299 939 ipso
2339 877 2485 921 tactu
2541 881 2650 937 quo
2694 875 2921 936 tangunt
2956 866 3196 936 justum,
3236 867 3449 937 ipsimct
3482 865 3595 937 ple-

2025 968 2257 1027 ctantur,
2287 958 2622 1012 inﬁrmentur
2640 965 2697 1013 et
2720 963 3142 1029 prosternamur.i

2096 1112 2372 1182 Ejusdem.
2413 1110 2471 1166 Si
2516 1124 2617 1165 nos
2657 1124 2853 1165 carnes
2894 1108 3098 1164 Christi
3131 1107 3461 1164 comerﬁmus
3493 1106 3594 1180 (ait

2024 1206 2170 1261 enim
2221 1204 2267 1235 “
2314 1221 2329 1257 :
2388 1222 2409 1253 ι
2445 1201 2549 1268 Qui
2591 1199 2883 1256 ntanducat
2911 1216 3087 1257 meam
3113 1214 3352 1267 carnem,
3376 1210 3431 1255 et
3455 1198 3593 1255 bibit

2022 1311 2200 1354 meum
2244 1294 2557 1364 sanguinem
2583 1314 2601 1348 ι
2628 1292 2669 1363 ),
2701 1302 2757 1348 et
2805 1307 2995 1348 carnes
3052 1300 3264 1347 nostras
3320 1290 3591 1347 daemones

2020 1388 2345 1452 comedunt,
2396 1386 2516 1440 vide
2542 1400 2607 1440 ne
2628 1383 2771 1440 forte
2797 1395 2849 1440 el
2875 1383 3079 1439 Christi
3103 1396 3296 1438 carnes
3322 1382 3601 1457 dazmoues

2018 1480 2371 1544 manducent,
2392 1492 2512 1531 cum
2538 1476 2767 1531 virtutes
2794 1491 2914 1547 qua:
2936 1477 2990 1530 in
3017 1475 3171 1531 nobis
3201 1483 3347 1541 sunt,
3378 1484 3432 1529 et
3459 1489 3589 1529 vera

2015 1569 2268 1639 dogmata
2315 1565 2661 1639 labefactare;
2694 1568 2949 1623 student:
2980 1583 3103 1621 nam
3130 1575 3182 1622 et
3208 1584 3227 1618 ‹
3255 1566 3418 1623 edere
3443 1584 3463 1618 ι
3493 1580 3591 1637 pro

2013 1661 2339 1718 labefactare
2361 1661 2597 1730 ponitur.
2637 1678 2656 1711 ι
2687 1659 2744 1715 Si
2771 1677 2790 1712 ι
2821 1660 2984 1727 enim,
3014 1659 3213 1730 inquit,
3248 1658 3292 1692 ⁸³
3328 1676 3348 1710 ι
3403 1660 3587 1716 volue-

1943 1751 1986 1806 Β
2013 1752 2130 1809 ritis
2186 1759 2242 1808 et
2287 1752 2569 1808 audieritis
2600 1766 2720 1817 me,
2759 1751 2899 1807 bona
2945 1760 3102 1806 terrae
3157 1738 3473 1807 cemedetis.
3528 1752 3586 1809 Si

2015 1852 2193 1898 autem
2257 1843 2541 1899 nolueritis
2590 1858 2692 1899 nec
2750 1843 3027 1899 audieritis
3072 1858 3189 1911 me,
3233 1842 3441 1913 gladius
3489 1859 3588 1901 vos

2014 1936 2290 1999 comedet,
2331 1950 2395 1991 os
2436 1935 2581 1989 enim
2619 1935 2827 1991 Domini
2860 1934 3098 1989 locutum
3124 1944 3210 1989 est
3239 1935 3360 1989 ista.
3405 1953 3424 1987 ι
3451 1933 3584 1989 Nam

2016 2025 2117 2079 boc
2139 2025 2257 2081 loco
2282 2044 2301 2077 ι
2330 2027 2579 2081 comedet
2599 2045 2619 2078 ι
2645 2041 2742 2096 pro
2768 2045 2786 2077 ι
2813 2024 3120 2090 interﬁciet,
3154 2048 3173 2077 ι
3196 2026 3415 2096 ponitur
3440 2025 3588 2095 :glao

2014 2113 2134 2168 dius
2182 2114 2323 2169 enim
2365 2125 2558 2170 natura
2599 2130 2704 2171 non
2765 2124 2922 2185 aptus
2960 2126 3044 2170 est
3074 2117 3141 2171 ad
3172 2117 3585 2172 comedendum.

2020 2203 2115 2257 Vel
2158 2219 2356 2260 carnes
2398 2214 2615 2261 nostras
2651 2206 2905 2261 dicuntur
2953 2207 3225 2261 daemones
3266 2209 3584 2274 comedere,

2012 2293 2116 2349 boc
2142 2304 2249 2365 est,
2282 2311 2345 2351 ea
2369 2312 2487 2367 quae
2508 2313 2572 2353 ex
2597 2312 2763 2353 carne
2789 2308 3100 2353 nascuntur.
3132 2315 3155 2351 ι
3188 2298 3467 2356 Manifesta
3489 2315 3586 2355 au-

2014 2393 2117 2441 tem
2142 2394 2268 2441 sunt
2295 2401 2457 2456 opera
2489 2388 2688 2455 carnis,
2715 2407 2734 2439 s
2773 2388 2944 2457 inquit
2973 2396 3192 2444 sanctus
3211 2390 3499 2461 Apostolus
3512 2392 3580 2457 “,

2015 2493 2163 2549 «qua:
2179 2490 2305 2534 sunt
2327 2480 2608 2546 adulteria,
2637 2481 3048 2548 fornicationes,
3071 2481 3436 2552 impudicitiae,
3465 2484 3583 2540 ido-

2011 2568 2258 2635 lolatrias,
2282 2585 2300 2619 ι
2320 2574 2515 2640 etquae
2534 2579 2859 2641 sequuntur.

2081 2727 2244 2782 Vens.
2289 2727 2342 2782 5.
2384 2727 2455 2797 _Si
2507 2730 2790 2784 consistant
2822 2728 3097 2784 adversum
3136 2747 3217 2786 me
3257 2739 3452 2800 castra,
3476 2748 3581 2788 non

2011 2819 2208 2874 timebit
2250 2836 2343 2875 cor
2374 2836 2570 2887 meum,
2608 2831 2716 2877 etc.
2754 2820 2941 2877 Castra
2972 2821 3088 2877 haec
3120 2831 3244 2878 sunt
3277 2822 3576 2892 ejusmodi,

2016 2908 2193 2978 qualis
2239 2920 2356 2964 erat
2398 2910 2538 2981 legio
2585 2926 2703 2981 qua:
2744 2911 2796 2965 in
2836 2912 3098 2983 sepulcris
3132 2914 3466 2969 morabatur.
3510 2914 3582 2970 Et

2013 2993 2150 3049 forte
2192 2994 2280 3049 lux
2322 3004 2447 3051 sunt
2486 3006 2665 3053 castra
2711 3000 3170 3057 adversariorum.
3204 3001 3313 3058 Cor
3348 3014 3529 3059 autem
3554 3042 3573 3070 ,

341 3078 433 3132 δία
482 3078 557 3141 δὲ,
609 3075 849 3129 τουτέστι
892 3074 954 3128 τὸ
1001 3072 1356 3145 ἡγεμονικὸν,
1408 3071 1468 3124 οὐ
1524 3070 1905 3142 φοὸηθήσεται·

2013 3085 2063 3139 id
2097 3095 2179 3141 est
2211 3087 2478 3157 praecipua
2508 3091 2701 3146 animae
2728 3107 2855 3162 pars
2876 3133 2891 3157 ,
2925 3107 3027 3148 non
3060 3093 3286 3157 timebit,
3317 3095 3573 3164 quoniam

341 3168 464 3221 ἐπεὶ
504 3168 566 3220 τὸ
604 3166 856 3238 φρόνημα
893 3165 1065 3235 αὐτῆς
1120 3163 1289 3236 ἔχθρα
1327 3165 1474 3216 ἐστιν
1519 3164 1600 3226 είς
1638 3162 1791 3227 Θεδν,
1832 3162 1909 3232 τῷ

339 3259 487 3330 νόμῳ
520 3258 611 3312 τοῦ
646 3256 779 3310 Θεοῦ
805 3258 901 3328 οὐχ
921 3255 1385 3327 ὑποπασσομένης,
1416 3273 1435 3305 ‹
1470 3255 1598 3308 Ἐάν
1633 3255 1906 3325 ἐπαναστῇ

339 3349 428 3402 ἐπ’
452 3347 551 3419 ἐμὲ
582 3346 834 3418 πόλεμος,
866 3366 884 3397 ι
914 3346 1006 3400 καὶ
1026 3344 1092 3398 τὰ
1131 3344 1276 3415 ἑξῆς.
1320 3343 1480 3399 Κατὰ
1510 3343 1668 3397 τοῦτο
1702 3344 1908 3398 δέδοται

338 3440 657 3511 ἁνακλήτως
695 3439 932 3503 ἐλπίζειν
972 3440 1029 3492 ὲν
1062 3440 1129 3509 τῇ
1173 3437 1388 3509 καρδίᾳ.

414 3530 525 3583 Τοῦ
554 3527 759 3583 αὐτοῦ.
804 3529 862 3582 '0
896 3528 994 3600 μὲν
1039 3527 1339 3598 πρακτικὸς
1376 3525 1483 3600 (12)
1519 3527 1608 3581 διὰ
1639 3526 1747 3583 τῶν
1782 3529 1907 3600 ἀρε-

335 3622 447 3676 τῶν
475 3621 774 3692 πολεμείτω
804 3623 914 3684 τοῖς
942 3617 1273 3689 ἀλλοφύλοιςο
1309 3621 1338 3672 6
1361 3620 1417 3673 δὲ
1445 3619 1773 3691 θεωρητικὸς
1795 3624 1906 3685 τοῖς

336 3714 561 3786 ἀληθέσι
601 3714 827 3785 δόγμασι
858 3713 1107 3785 καθαιρεῖ
1136 3711 1195 3765 τὸ
1239 3714 1346 3766 πᾶν
1392 3711 1591 3784 ὕψωμα
1634 3711 1774 3765 κατὰ
1809 3713 1906 3784 τῆς

336 3805 431 3859 τοῦ
463 3804 598 3859 Θεοῦ
631 3803 881 3875 γνώσεως
908 3802 1285 3875 ἐπαιρόμενον.
1321 3803 1566 3875 Καρδίαν
1593 3803 1649 3856 δὲ
1676 3804 1737 3856 τὸ
1773 3806 1905 3874 ἠγε-

340 3898 560 3972 μονικὸν
604 3897 787 3965 λέγει,
842 3898 980 3967 ὅπερ
1030 3895 1089 3947 ού
1136 3894 1523 3966 φοϐηθήσεται.
1558 3896 1709 3965 Τάχα
1735 3896 1843 3968 γὰρ
1868 3899 1902 3968 ή

336 3990 683 4059 ἀσθενήσασα
737 3987 872 4059 σάρξ
930 3986 1316 4059 φοϐηθήσεται,
1374 3988 1496 4040 ἐπεὶ
1533 3986 1594 4040 τὸ
1650 3988 1906 4059 φρόνημα

338 4082 507 4153 αὐτῆς
533 4080 724 4153 ἐχθρόν
760 4081 908 4134 ἐστιν
937 4080 1016 4143 είς
1044 4079 1195 4143 Θεὸν,
1221 4078 1300 4150 τῷ
1327 4078 1476 4150 νόμῳ
1502 4076 1593 4132 τοῦ
1623 4076 1758 4132 Θεοῦ
1805 4080 1904 4150 οὐχ

338 4172 800 4243 ύποτασσομένης.

404 4266 509 4321 Τοῦ
543 4265 728 4319 αὑτοῦ.
778 4265 912 4318 Ἐὰν
940 4261 1252 4331 ἐπαναστῇ
1278 4262 1371 4315 ἐπ’
1396 4262 1501 4332 ἐμὲ
1528 4263 1808 4333 πόλεμος,
1834 4262 1904 4316 ἐν

2012 3180 2293 3246 prudentia
2336 3180 2503 3250 ipsius
2546 3182 2764 3237 inimica
2795 3194 2879 3239 est
2914 3184 3046 3249 Deo,
3085 3199 3263 3254 neque
3288 3185 3432 3240 enim
3470 3185 3577 3257 legi

2012 3266 2104 3321 Dei
2130 3266 2427 3337 subjectum
2457 3280 2559 3326 est.
2598 3290 2617 3324 ι
2653 3273 2709 3328 Si
2736 3284 2993 3345 exsurgat
3018 3277 3302 3330 adversum
3328 3289 3415 3329 me
3436 3290 3578 3345 prae-

2012 3357 2162 3423 lium,
2220 3380 2240 3415 s
2292 3370 2396 3418 etc.
2447 3362 2755 3420 Secundum
2800 3367 2904 3422 hoc
2936 3365 3135 3423 alacris
3165 3367 3219 3421 in
3258 3366 3422 3423 corde
3453 3380 3577 3438 spes

2008 3447 2130 3503 data
2156 3459 2261 3505 est.

2075 3536 2236 3612 633
2256 3540 2526 3612 Ejusdem.
2551 3544 2652 3612 Qui
2673 3547 2837 3603 vitam
2862 3548 3093 3604 activam
3112 3548 3375 3619 sequitur,
3395 3550 3441 3606 is
3458 3551 3570 3605 vir-

2006 3633 2210 3687 tutibus
2236 3635 2353 3690 suis
2370 3635 2570 3691 bellum
2589 3647 2743 3709 gerat
2760 3654 2882 3693 cum
2900 3640 3249 3711 alienigenis;
3277 3643 3370 3712 qui
3386 3652 3566 3701 autem

2006 3726 2508 3795 contemplativam,
2541 3731 2585 3785 is
2612 3732 2757 3786 veris
2782 3733 3128 3801 dogmatibus
3159 3742 3318 3789 utens
3348 3749 3567 3792 omnem

2007 3816 2344 3872 altitudinem
2373 3833 2492 3887 qua:
2521 3829 2708 3874 contra
2740 3822 2832 3876 Dei
2868 3822 3232 3890 cognitionem
3266 3824 3570 3893 extollitur,

2006 3906 2255 3961 destruit.
2292 3907 2399 3962 Cor
2437 3919 2616 3963 autem
2653 3922 2809 3965 vocat
2841 3912 3169 3981 prtecipuam
3220 3915 3413 3971 anima:
3445 3931 3573 3986 par-

2009 4005 2113 4051 tem
2138 4037 2155 4059 .
2185 4013 2307 4066 quae
2345 4014 2449 4054 non
2487 4001 2715 4056 timebit.
2750 4001 2912 4056 Forte
2955 4005 3098 4058 enim
3143 4004 3413 4062 infirmata
3442 4023 3571 4064 caro

2008 4088 2249 4155 timebit,
2282 4092 2537 4159 quoniam
2591 4092 2709 4160 ejus
2747 4095 3013 4163 sapientia
3039 4095 3255 4154 inimica
3288 4108 3374 4156 est
3412 4099 3565 4169 Deo;

2007 4194 2180 4249 neque
2207 4180 2349 4235 enim
2381 4180 2487 4252 legi
2515 4183 2605 4237 Dei
2634 4184 2939 4254 subjicitur.

2074 4271 2353 4342 Ejusdem.
2392 4271 2455 4328 Si
2486 4284 2735 4339 exsurgat
2779 4277 3057 4332 adversum
3093 4296 3174 4334 me
3214 4281 3478 4351 praelium,
3512 4284 3569 4338 in

330 4358 516 4425 ταύτῃ
560 4354 673 4424 ἐγὼ
711 4347 942 4414 ἐλπίζω.
990 4353 1079 4405 Ἐν
1111 4355 1176 4424 τῇ
1212 4352 1428 4424 καρδίᾳ.
1471 4353 1771 4423 Ἐφωτίσθη
1793 4353 1901 4425 γὰρ

2013 4364 2099 4419 hoc
2125 4380 2218 4435 ego
2248 4367 2466 4434 sperabo
2486 4404 2502 4430 ,
2530 4375 2638 4421 etc.
2674 4368 2728 4420 lu
2772 4370 2934 4423 corde
2967 4347 3242 4425 nimirum.
3290 4347 3567 4428 lllumina-

334 4450 393 4501 ὲν
418 4446 592 4520 ταύτῃ
614 4447 679 4517 τῇ
711 4444 930 4517 βοηθείᾳ
952 4440 1020 4516 ἧς
1045 4446 1239 4515 πεῖραν
1263 4443 1473 4508 ἕλαδον,
1502 4444 1623 4498 ὅθεν
1648 4444 1770 4498 οὐδὲ
1807 4444 1901 4498 ἄλ-

2013 4463 2113 4508 Lum
2139 4432 2223 4509 est
2245 4432 2390 4509 enim
2420 4456 2523 4510 hoc
2552 4457 2754 4512 auxilio
2789 4459 2934 4527 quod
2969 4470 3227 4530 expertus
3250 4477 3392 4529 sum,
3426 4466 3568 4520 unde

332 4536 429 4607 λην
471 4536 689 4590 πλείονα
730 4535 1031 4607 παράταξιν
1057 4534 1305 4599 δέδοικα,
1347 4533 1654 4607 σκεπούσης
1691 4553 1759 4608 με
1796 4537 1899 4608 τῆς

331 4628 587 4699 τοιαύτης
622 4627 888 4698 βοηθείας.

332 4750 335 4753 λ
401 4718 559 4773 Μίαν
607 4716 926 4786 ᾐτησάμην
980 4716 1142 4785 παρὰ
1190 4717 1433 4786 Κυρίου,
1480 4718 1706 4786 ταύτην
1730 4719 1898 4789 ἐκζη-

328 4806 514 4874 τήσω’
550 4807 656 4860 τοῦ
711 4805 1008 4861 κατοικεῖν
1042 4824 1119 4877 με
1157 4807 1227 4860 ἐν
1268 4808 1412 4871 οἴκῳ
1440 4809 1660 4877 Κυρίου
1697 4811 1899 4880 πάσας

328 4900 437 4966 τὰς
483 4898 707 4969 ἡμέρας
740 4899 850 4969 τῆς
890 4898 1040 4969 ζωῆς
1074 4918 1215 4971 μου,
1253 4901 1362 4955 τοῦ
1405 4902 1643 4971 θεωρεῖν
1674 4921 1752 4973 με
1787 4906 1900 4974 τὴν

330 4992 699 5061 τερπνότητα
726 4991 945 5060 Κυρίου
963 5030 979 5056 ,
1014 4992 1111 5046 καὶ
1131 4992 1594 5048 ἐπισκέπτεσθαι
1624 5000 1732 5049 τὸν
1750 4996 1901 5050 ναὸν

329 5084 536 5139 αὑτοῦ·
570 5083 658 5137 ὅτι
684 5082 913 5152 ἔκρυψέ
925 5099 1003 5152 με
1047 5083 1117 5137 ἐν
1154 5081 1353 5154 σκηνῇ
1384 5085 1570 5139 αὐτοῦ
1600 5087 1670 5140 ἐν
1708 5087 1899 5157 ἡμέρᾳ

330 5174 532 5229 κακῶν
548 5192 666 5244 μου
686 5214 700 5239 ,
728 5172 1033 5229 ἐσκέπασέ
1058 5189 1137 5243 με
1176 5174 1247 5228 ἐν
1262 5175 1587 5245 ἀποκρύφῳ
1606 5176 1716 5245 τῆς
1740 5193 1889 5247 σκη-

328 5266 445 5336 νῆς
468 5266 674 5321 αὐτοῦ·
698 5266 767 5320 ἐν
787 5264 973 5335 πέτρᾳ
997 5264 1207 5334 ὕψωσέ
1220 5283 1316 5335 μεο
1345 5266 1757 5338 Μεμαθήκαμεν
1781 5270 1889 5341 (15)

388 5385 432 5417 ⁸³
462 5384 707 5455 Joatmn,
726 5387 813 5444 55.
889 5382 1231 5457 “lsai.t,l9,
1257 5382 1347 5439 20.
1423 5382 1469 5414 “
1495 5381 1677 5452 Gal.v,
1706 5384 1791 5441 l9.

402 5521 515 5595 (10)
540 5523 610 5576 Et
631 5522 802 5595 ἡμεῖς
816 5522 924 5589 τὰς
949 5523 1344 5593 τοῦΧριστοῦ.
1374 5533 1481 5580 etc.
1520 5522 1746 5582 Schedm
1763 5526 1894 5581 Gra-

326 5592 423 5656 bii,
448 5595 618 5662 codex
640 5592 1028 5662 Coisliuianus,
1061 5592 1353 5651 Barbarus.

398 5664 512 5732 (tt)
547 5661 611 5732 Ἦ
631 5661 1133 5732 παρεμϐολήειε.
1164 5665 1476 5721 Corderius.

397 5722 509 5803 (l2)
547 5731 602 5786 '0
623 5722 739 5802 pe}
764 5722 1103 5803 irpaxtiitdg,
1131 5748 1237 5795 etc.
1266 5734 1485 5794 Schedae
1500 5734 1887 5806 Grabii,codex

2002 4559 2100 4600 uec
2126 4546 2354 4601 alterum
2386 4546 2645 4616 majorem
2674 4550 3017 4605 inimicorum
3052 4553 3348 4610 exercitum
3378 4554 3565 4622 timeo,

1999 4650 2122 4689 cum
2152 4634 2415 4704 ejusmodi
2443 4650 2529 4690 me
2560 4637 2819 4691 auxilium
2847 4648 3117 4709 protegat.

2073 4726 2236 4781 Vens.
2267 4725 2323 4791 4,
2352 4726 2405 4791 5,
2441 4728 2496 4784 6.
2539 4725 2710 4782 Unam
2734 4731 2863 4798 petii
2887 4747 2919 4784 a
2949 4730 3198 4800 Domino,
3222 4732 3357 4789 hanc
3386 4736 3563 4810 requi-

1996 4835 2133 4884 ram,
2184 4829 2239 4872 ut
2286 4819 2570 4874 inhabilem
2596 4821 2652 4876 in
2677 4822 2830 4876 domo
2865 4823 3077 4878 Domini
3118 4827 3360 4881 omnibus
3383 4830 3562 4884 diebus

1995 4912 2115 4965 vita:
2147 4927 2309 4976 mete;
2344 4921 2398 4964 ut
2434 4913 2636 4967 videant
2670 4914 2981 4983 voluptatem
3009 4916 3255 4983 Domini,
3284 4930 3332 4974 et
3362 4922 3562 4977 visitem

1998 5002 2243 5073 templum
2271 5002 2385 5071 ejus
2405 5020 2427 5068 ;
2455 5006 2705 5075 quoniam
2740 5007 3007 5062 abscondit
3032 5025 3113 5063 me
3140 5009 3195 5063 in
3226 5012 3564 5068 tabernaculo

2001 5111 2097 5148 suo
2146 5095 2199 5149 in
2232 5097 2320 5150 die
2348 5097 2607 5152 malorum
2636 5138 2653 5165 ,
2681 5103 2909 5167 protexit
2937 5117 3018 5155 me
3054 5104 3109 5156 in
3139 5105 3446 5160 abscondito
3481 5115 3565 5161 ta-

2005 5185 2272 5241 bernaculi
2301 5189 2422 5248 sui;
2452 5189 2507 5243 in
2532 5198 2682 5258 petra
2713 5192 2961 5246 exultavit
2988 5210 3088 5260 me,
3126 5202 3232 5248 etc.
3266 5193 3565 5251 Didicimus

2006 5277 2223 5341 domum
2265 5280 2483 5337 Domini
2517 5283 2622 5338 dici
2649 5282 2943 5340 Ecclesium
2977 5283 3072 5341 Dei
3107 5286 3358 5355 viventis,
3388 5300 3457 5341 es
3484 5286 3563 5342 la-

1997 5533 2377 5594 Coisliniauus,
2421 5531 2717 5586 Barbarus.

2068 5607 2178 5675 (ibi
2220 5598 2676 5675 Μεμαθήκαμεν,
2707 5606 2814 5675 etc.
2845 5598 3139 5659 Corderius
3179 5599 3422 5673 Origeui,
3448 5598 3549 5656 Ca-

1997 5671 2118 5732 tena
2150 5675 2378 5732 Barbari
2403 5674 2626 5741 Didyme
2652 5671 2855 5726 tribuit.
