4020 6152
477 248 612 304 1Ξ79

1908 239 2000 295 EX
2031 238 2335 296 ORIGENE

3578 234 3722 290 1280

474 357 687 429 pidibus
720 355 877 410 vivis.
908 352 1041 411 Cum
1089 371 1217 411 vero
1250 364 1306 411 et
1347 354 1653 426 benignitas
1683 362 1740 409 et
1774 353 2032 409 severitas

2141 346 2286 404 οἷκον
2316 350 2521 422 Κυρίου
2548 349 2798 420 λέγεσθαι
2827 347 2922 419 τὴν
2961 348 3281 420 Ἐκκλησίαν
3315 345 3453 401 Θεοῦ
3484 346 3723 413 ζῶντος,

473 450 720 520 (ιιιαξώιιη
750 448 822 502 sit
850 447 964 511 Dei,
1003 449 1094 516 qui
1127 448 1377 502 habitant
1411 449 1464 502 in
1496 448 1660 502 domo
1690 445 1925 511 Domini,
1960 446 2040 499 vi-

474 542 679 595 debunt
709 539 761 593 in
812 539 1058 594 bonitate
1107 540 1198 595 Dei
1248 537 1684 606 jucunditatem;
1717 538 1808 608 qui
1858 546 2036 593 autem

466 641 624 685 extra
654 630 871 685 domum
899 631 1019 699 ejus
1044 641 1200 695 sunt,
1232 635 1577 686 severitatem
1610 631 1726 699 ejus
1754 632 2039 700 experien-

473 728 577 774 tur.
609 719 867 775 Advertes
903 733 1078 776 autem
1105 737 1234 776 num
1267 719 1480 776 differat
1515 721 1770 790 templqu
1803 719 2035 787 Domini,

470 826 501 862 a
536 812 694 866 domo
731 812 983 877 Domini,
1031 821 1087 867 et
1134 828 1260 866 num
1297 814 1489 868 domus
1529 814 1600 867 sit
1643 813 1882 869 Ecclesia
1918 828 2037 883 quae

470 910 675 969 Spertet
716 903 873 958 simul
922 905 989 958 ad
1049 904 1264 960 Levitas
1312 915 1366 960 et
1408 908 1739 961 sacerdotes.
1789 904 2036 960 Primum

469 994 689 1062 quidem
719 995 769 1047 in
806 995 893 1049 die
920 994 1185 1051 malorum
1222 996 1570 1050 absconditur
1596 996 1717 1066 quis
1741 1012 1770 1050 a
1807 995 2037 1051 Domino

470 1084 524 1139 in
563 1086 655 1140 Dei
708 1085 1083 1151 tabernaculo,
1125 1087 1318 1141 deinde
1370 1087 1674 1157 protegitur
1707 1087 1760 1141 in
1810 1088 2039 1141 abscon-

468 1178 584 1234 dito
608 1177 940 1234 tabernaculi
967 1181 1157 1251 ipsius,
1192 1184 1349 1235 tertio
1375 1180 1590 1235 demum
1616 1181 1667 1235 in
1698 1190 1849 1250 petra
1884 1180 2038 1234 exal-

469 1278 639 1326 tatur.
666 1271 808 1326 Petit
840 1274 1024 1343 itaque
1054 1283 1109 1328 ut
1141 1275 1194 1328 in
1226 1272 1465 1329 Ecclesia
1499 1272 1763 1328 inhabitet
1792 1275 2037 1328 curando

470 1375 562 1416 res
606 1362 1010 1420 ecclesiasticas
1058 1366 1310 1421 omnibus
1342 1366 1532 1421 diebus
1564 1366 1881 1419 illuminatm
1916 1366 2035 1419 vita:

468 1465 602 1507 suae.
632 1449 688 1507 In
726 1462 893 1520 terra,
933 1455 1129 1525 inquit,
1167 1470 1413 1520 manens,
1445 1456 1660 1510 tametsi
1693 1455 1876 1511 multis
1934 1458 2033 1510 bo-

381 1611 388 1619 _
470 1542 555 1597 nis
586 1557 809 1613 egeam,
857 1560 1021 1598 unum
1061 1546 1323 1602 hactenus
1354 1557 1497 1615 peto.
1550 1547 1683 1603 Cum
1720 1549 1865 1604 enim
1900 1564 2034 1604 con-

469 1634 648 1690 fertim
698 1637 751 1692 in
787 1639 1039 1695 omnibus
1084 1639 1241 1695 bonis
1278 1641 1482 1696 versari
1514 1657 1807 1711 nequeam,
1834 1657 1901 1696 ne
1931 1643 2035 1697 sal-

2140 444 2204 496 ἐκ
2230 441 2390 496 λίθων
2418 441 2649 506 ζώντων.
2687 438 2866 512 Οὔσης
2903 440 2960 493 δὲ
2998 441 3093 493 καὶ
3131 439 3521 510 χρηστότητος,
3552 435 3726 508 οὔσης

2138 534 2194 587 δὲ
2228 534 2320 587 καὶ
2348 532 2649 604 ἀποτομίας
2680 530 2815 585 Θεοῦ
2834 570 2850 596 ,
2879 532 2927 584 οἱ
2953 532 3049 602 μὲν
3082 529 3463 592 κατοικοῦντες
3494 531 3560 582 ὲν
3587 529 3727 598 οἴκῳ

2140 625 2343 697 Κυρίου
2383 624 2602 693 ὄψονται
2631 625 2729 697 τὴν
2765 626 2823 677 ὲν
2847 625 2913 694 τῇ
2940 622 3265 695 χρηστότητι
3294 619 3390 674 τοῦ
3424 619 3571 674 Θεοῦ
3599 635 3729 692 τερ-

2139 719 2399 790 πνότηταο
2432 720 2480 771 οί
2507 719 2563 771 δὲ
2594 718 2698 784 ἔξω
2719 717 2810 771 τοῦ
2832 716 2981 770 οἴκου
3008 715 3366 784 τυγχάνοντες
3387 714 3493 784 τῆς
3511 714 3727 767 ἀποτο-

2141 807 2268 878 μίας
2297 808 2459 861 αὐτοῦ
2496 810 2690 880 πεῖραν
2738 806 3016 878 λήψονται.
3052 804 3116 857 Et
3162 802 3411 875 διαφέρει
3464 803 3525 855 δὲ
3594 800 3728 864 ναὸς

2138 901 2343 972 Κυρίου
2377 901 2471 954 καὶ
2499 895 2645 964 οἶκος
2674 899 2877 971 Κυρίου
2901 898 3230 970 ἐπιστήσεις,
3254 896 3346 950 καὶ
3372 899 3423 949 εί
3445 891 3601 957 οἶκος
3625 894 3727 964 μὲν
3812 954 3821 959 ,

2136 994 2170 1063 ἡ
2218 992 2509 1064 Ἐκκλησία
2537 991 2812 1061 ἀναλόγως
2848 991 3098 1055 Λευΐταις
3137 991 3229 1043 καὶ
3274 987 3502 1060 ἱερεῦσι.
3549 984 3722 1056 Πρῶ-

2136 1101 2226 1138 τον
2254 1087 2312 1143 ὲν
2348 1087 2414 1155 τῇ
2449 1087 2616 1155 σκηνῇ
2664 1083 2758 1137 τοῦ
2804 1081 2937 1135 Θεοῦ
2977 1081 3273 1153 κρύπτεταί
3309 1097 3395 1143 τις
3431 1079 3491 1131 ὲν
3528 1077 3725 1148 ἡμέρᾳ

2137 1176 2323 1229 κακῶν
2358 1177 2465 1230 ἀπὸ
2500 1176 2738 1248 Κυρίου,
2785 1173 2903 1228 εἶτα
2947 1173 3274 1239 σκεπάζεται
3310 1173 3370 1226 ὲν
3406 1168 3723 1241 ἀποκρύφῳ

2135 1268 2235 1338 τῆς
2277 1268 2479 1339 σκηνῆς
2514 1265 2710 1330 αὑτοῦ,
2762 1266 2855 1319 καὶ
2898 1266 3078 1340 τρίτον
3116 1267 3174 1318 ὲν
3223 1262 3399 1336 πέτρᾳ
3459 1261 3720 1332 ὑψοῦται.

2135 1360 2286 1412 Αίτεί
2346 1360 2522 1413 τοίνυν
2559 1360 2656 1430 τὴν
2697 1358 3016 1431 Ἐκκλησίαν
3053 1358 3219 1410 οἰκεῖν
3246 1355 3335 1410 διὰ
3367 1353 3464 1410 τοῦ
3493 1355 3721 1424 φρονεῖν

2134 1446 2205 1500 τὰ
2260 1446 2690 1517 ὲκκλησιαστικὰ
2748 1449 2928 1509 πασας
2974 1446 3073 1509 τὰς
3116 1446 3326 1517 ἡμέρας
3379 1445 3479 1516 τῆς
3522 1460 3720 1511 πειρω-

2134 1538 2392 1609 τισμένης
2422 1537 2584 1591 αὑτοῦ
2620 1536 2782 1609 ζωῆς.
2832 1538 2954 1590 Ἐπὶ
2989 1537 3113 1608 γῆς,
3145 1536 3633 1607 φησὶ,τυγχάνων,
3669 1534 3720 1587 εἰ

2136 1632 2227 1685 καὶ
2255 1631 2461 1687 πολλῶν
2511 1631 2590 1685 δεῖ
2641 1649 2731 1701 μοι
2760 1629 2867 1682 τῶν
2896 1627 3137 1697 ἀγαθῶν,
3168 1628 3294 1700 μίαν
3319 1627 3539 1699 αἴτησιν
3572 1625 3718 1688 τέως

468 1734 579 1781 tem
610 1726 713 1782 hoc
737 1743 824 1784 me
847 1729 1063 1785 deﬁciat
1087 1731 1227 1799 quod
1260 1747 1511 1803 magnum
1553 1741 1607 1787 et
1634 1734 1893 1789 eximium
1926 1744 2030 1803 est,

2135 1723 2287 1778 αίτῶ.
2331 1722 2564 1794 Ἀθρόως
2609 1723 2717 1796 γὰρ
2764 1725 2821 1777 ὲν
2872 1725 3036 1778 πᾶσιν
3073 1724 3171 1794 οὐχ
3202 1716 3311 1774 οἷόν
3348 1737 3409 1772 τε
3447 1717 3715 1787 γενέσθαι

471 1832 494 1867 ι
523 1825 578 1870 ut
609 1816 842 1884 videam,
875 1837 895 1870 ι
937 1828 1044 1875 etc.
1096 1820 1195 1887 Qui
1232 1831 1415 1876 autem
1445 1822 1622 1891 diligit
1653 1817 1902 1879 decorem
1935 1826 2035 1882 do-

468 1920 591 1961 mus
616 1906 851 1978 Domini,
878 1910 1111 1966 dulciter
1135 1912 1253 1981 ejus
1281 1927 1574 1983 conspectu
1608 1914 1711 1970 frui
1738 1917 2031 1983 desiderat,

466 2004 524 2053 et
558 2008 679 2068 post
722 2003 1236 2073 contemplationem
1262 2045 1279 2073 ,
1318 2005 1553 2062 invisere
1594 2009 1846 2078 templum
1893 2010 2031 2079 ejus.

467 2088 638 2147 Porro
673 2092 718 2146 is
740 2094 886 2149 videt
909 2094 1306 2165 jucunditatem
1338 2096 1551 2152 Domini
1584 2099 1676 2168 qui
1717 2100 2034 2159 fundamen-

472 2183 596 2237 talia
643 2183 897 2241 Ecclesiae
955 2187 1204 2258 dogmata
1249 2190 1525 2245 intuetur:
1576 2191 1861 2248 Trinitatis
1905 2211 2034 2252 vero

470 2276 724 2346 mysteria
759 2277 1113 2334 considerans
1137 2319 1153 2346 ,
1200 2282 1451 2351 templum
1483 2281 1599 2351 ejus
1648 2285 2035 2356 contemplabi-

466 2375 573 2422 tur.
610 2367 783 2423 Decor
809 2371 1043 2436 Domini,
1071 2381 1150 2427 est
1180 2375 1343 2428 etiam
1372 2377 1549 2431 omnis
1582 2391 1770 2431 eorum
1798 2378 1907 2432 vita
1938 2380 2029 2449 qui

466 2460 664 2514 virtute
706 2469 763 2515 et
800 2461 998 2530 pietate
1041 2474 1322 2534 prtestant.
1375 2484 1394 2518 ι
1433 2464 1700 2534 Quoniam
1745 2469 2031 2524 abscondit

465 2563 573 2615 me,
598 2568 619 2603 ι
653 2559 759 2605 etc.
799 2571 818 2605 ι
842 2554 1049 2609 Inimici
1079 2556 1319 2625 quidem,
1359 2557 1552 2627 inquit,
1584 2559 1880 2615 infirmitati
1907 2571 2033 2617 sunt

461 2645 519 2691 et
540 2639 885 2708 ceciderunt;
918 2662 936 2695 ι
977 2657 1077 2714 ego
1113 2655 1289 2700 autem
1319 2648 1420 2703 sub
1442 2649 1665 2704 dextera
1701 2651 1868 2722 ipsius
1900 2653 2029 2709 abs-

418 2770 419 2773 η
463 2730 763 2797 condebar,
798 2734 1050 2792 habitans
1094 2736 1147 2791 in
1187 2739 1574 2808 tabernaculo;
1630 2743 1885 2812 quoniam
1918 2753 2030 2799 tum

464 2818 518 2873 in
551 2818 781 2877 desertis
814 2825 1083 2895 morabar,
1116 2844 1215 2884 nec
1242 2830 1506 2886 habebam
1533 2832 1752 2887 domum
1783 2834 1897 2902 Dei,
1932 2852 2029 2893 nec

465 2912 720 2981 templum
785 2915 921 2986 ejus.
979 2918 1361 2975 Verumtamen
1413 2921 1518 2977 isto
1577 2928 2027 2994 persecutionum

464 3002 629 3078 634
678 3014 918 3076 tempore
968 3011 1206 3078 protexit
1254 3027 1359 3068 me.
1404 3013 1795 3071 Absconditum
1848 3028 2100 3106 autemc

467 3098 827 3165 tabernaculi,
857 3110 976 3154 erat
999 3102 1116 3172 ejus
1143 3103 1391 3158 intimum
1420 3115 1475 3159 et
1502 3105 1859 3176 inaccessum,
1883 3112 2028 3180 quod

465 3182 666 3239 Sancta
699 3197 1010 3242 sanctorum
1034 3189 1404 3258 appellabant.
1447 3190 1560 3246 Non
1596 3194 1815 3248 omnino
1849 3206 2030 3250 autem

462 3278 876 3333 tabernaculum
932 3281 987 3335 in
1036 3280 1156 3337 loco
1191 3281 1356 3337 fuisse
1406 3284 1637 3351 asserit,
1676 3285 1773 3340 sed
1819 3286 1873 3339 in
1903 3302 2029 3341 sana

461 3372 661 3427 anima:
691 3372 1082 3430 constitutione
1110 3391 1230 3444 qua:
1261 3377 1332 3431 sit
1372 3378 1444 3432 ab
1474 3378 1621 3433 omni
1667 3380 2032 3437 multitudinis

460 3464 843 3520 communione
866 3466 1056 3522 libera.
1084 3466 1199 3522 Non
1230 3469 1475 3538 permisit
1498 3485 1606 3536 me,
1632 3471 1828 3542 inquit,
1864 3471 2032 3529 latere

465 3571 634 3626 usque
669 3558 722 3612 in
765 3558 927 3614 finem
953 3599 970 3625 ,
1010 3560 1104 3615 sed
1136 3575 1255 3615 cum
1288 3562 1452 3615 etiam
1500 3562 1622 3618 aliis
1661 3579 1746 3618 me
1776 3565 2032 3634 prodesse

466 3648 646 3714 vellet,
683 3650 733 3703 in
770 3661 942 3718 petra,
980 3653 1032 3707 id
1079 3663 1163 3707 est
1196 3652 1410 3708 Christo
1435 3655 1698 3710 exaltavit
1727 3671 1835 3711 me.
1881 3657 2031 3713 Alias

464 3740 630 3794 etiam
660 3756 799 3812 sa‘pe
829 3744 1029 3798 dictum
1059 3754 1143 3800 est
1185 3745 1537 3801 tabernaculo
1564 3746 1902 3817 profectum,
1937 3749 2032 3805 do-

467 3845 555 3884 mo
585 3840 761 3886 autem
810 3835 1204 3903 perfectionem
1258 3836 1575 3907 significari.
1615 3837 1784 3894 Nemo
1830 3841 2027 3910 igitur,

463 3936 586 3976 cum
633 3924 732 3996 ipsi
779 3925 894 3981 dies
937 3929 1109 3984 malus
1157 3929 1442 3995 imminet,
1484 3930 1537 3985 in
1566 3931 1727 3985 domo
1772 3931 1866 3987 Dei
1903 3949 2024 3989 esse

462 4023 676 4083 potest:
720 4016 812 4070 sed
849 4017 902 4071 in
942 4020 1131 4075 umbra
1173 4016 1525 4076 absconditur
1548 4063 1565 4089 ,
1600 4024 1742 4092 quod
1779 4024 1825 4078 is
1873 4026 1965 4095 qui
1998 4041 2029 4080 a

466 4105 608 4160 malo
656 4105 848 4161 liberat
895 4108 1192 4177 profectum
1246 4111 1363 4182 ejus
1409 4122 1676 4184 protegat.
1732 4114 1834 4181 Qui
1881 4117 2029 4172 enim

463 4199 644 4253 adhuc
668 4209 834 4267 agunt
862 4201 1252 4269 pmuitentiam,
1290 4205 1678 4274 perfectionem
1714 4207 1913 4263 habere
1942 4223 2032 4263 ne-

464 4297 690 4356 queunt.
720 4288 950 4345 Possunt
976 4292 1137 4347 etiam
1170 4293 1308 4348 mala
1346 4295 1433 4352 hic
1465 4295 1694 4368 intelligi
1727 4299 2029 4354 adversita-

2133 1819 2245 1880 τοῖς
2277 1815 2517 1885 ἀγαθοῖς,
2555 1817 2719 1888 μήπω
2745 1815 2863 1869 τόδε
2889 1816 3063 1869 λείποι
3103 1815 3162 1870 τὸ
3191 1815 3331 1887 μέγα
3358 1814 3451 1867 καὶ
3492 1812 3716 1884 ἐξαίρε-

2132 1923 2256 1971 τον,
2304 1925 2323 1957 ι
2353 1906 2415 1959 τὸ
2459 1907 2679 1979 θεωρεῖν
2711 1923 2796 1977 με,
2825 1926 2844 1957 ›
2879 1908 2972 1959 καὶ
3008 1905 3077 1959 τὰ
3109 1904 3255 1976 ἑξῆς.
3303 1904 3360 1957 Ὁ
3388 1904 3445 1956 δὲ
3476 1901 3716 1973 ἀγαπῶν

2132 1997 2230 2068 τὴν
2261 1996 2591 2069 εὐπρέπειαν
2620 1996 2714 2051 τοῦ
2754 1996 2901 2051 οἴκου
2931 1998 3134 2069 Κυρίου
3172 1996 3415 2067 βούλεται
3453 1995 3717 2068 τερπνῶς

2133 2088 2498 2151 ἐναπολαῦσαι
2529 2092 2593 2161 τῇ
2629 2089 2746 2162 θέᾳ,
2782 2091 2875 2144 καὶ
2912 2092 3049 2162 μετὰ
3080 2092 3177 2163 τὴν
3205 2089 3436 2162 θεωρίαν
3481 2088 3709 2141 ἐπισκέ-

2134 2182 2363 2235 πτεσθαι
2389 2182 2481 2236 τὸν
2513 2183 2639 2236 ναὸν
2663 2182 2850 2236 αὐτοῦ.
2881 2183 3086 2255 Θεωρεῖ
3122 2183 3180 2235 δέ
3222 2200 3306 2248 τις
3333 2182 3432 2254 τὴν
3475 2182 3707 2253 τερπνό-

2132 2292 2268 2346 τητα
2307 2274 2533 2346 Κυρίου,
2561 2274 2630 2328 τὰ
2656 2275 3035 2347 ὑποόεόηκότα
3067 2275 3310 2347 δόγματα
3346 2276 3445 2346 τῆς
3478 2274 3705 2347 Ἐκκλη-

2135 2366 2255 2429 σίας
2296 2365 2457 2437 ὁρῶν·
2505 2366 2824 2437 προσϐαλὼν
2855 2367 2912 2420 δὲ
2938 2370 3049 2432 τοῖς
3075 2368 3203 2436 περὶ
3231 2367 3480 2438 Τριάδος,
3509 2383 3702 2438 περια-

2132 2456 2322 2529 θρήσει
2346 2457 2438 2511 τὸν
2457 2458 2580 2511 ναὸν
2605 2458 2790 2513 αὑτοῦ.
2822 2459 3136 2531 Εὐπρὲπεια
3154 2458 3209 2511 δὲ
3235 2459 3442 2528 Κυρίου
3476 2460 3570 2510 καὶ
3596 2459 3703 2523 πᾶς

2131 2551 2160 2602 ὁ
2186 2552 2306 2604 κατ’
2345 2550 2543 2621 ἀρετὴν
2573 2550 2684 2621 βίος
2716 2550 2825 2605 τῶν
2864 2553 2921 2607 ὲν
2971 2550 3245 2621 θεοσεϐείᾳ
3273 2550 3700 2622 διαπρεπόντων.

2137 2660 2157 2695 ι
2184 2643 2306 2697 ’Ὀτι
2339 2642 2542 2715 ἔκρυψὲ
2570 2660 2656 2715 με,
2688 2662 2706 2695 ι
2739 2645 2833 2697 καὶ
2873 2644 2943 2697 τὰ
2978 2643 3122 2715 ἑξῆς.
3161 2664 3179 2694 ‹
3200 2645 3263 2697 Οί
3343 2642 3440 2713 μὲν
3474 2642 3693 2712 ἐχθροὶ,

2131 2735 2322 2805 φησὶν,
2380 2734 2637 2804 ἠσθένουν
2687 2735 2781 2789 καὶ
2807 2736 3052 2790 ἔπιπτον-
3078 2755 3094 2787 ι
3125 2733 3236 2804 ἐγὼ
3272 2735 3329 2788 δὲ
3361 2734 3466 2787 ὑπὸ
3488 2736 3589 2806 τῆς
3608 2735 3702 2788 αὑ-

2131 2825 2225 2880 τοῦ
2257 2826 2436 2892 δεξιᾶς
2477 2828 2827 2899 ἐκρυπτόμην
2872 2830 2929 2881 ὲν
2975 2830 3145 2899 σκηνῇ
3178 2826 3482 2893 κατοικῶν,
3516 2826 3603 2879 διὰ
3642 2825 3700 2879 τὸ

2129 2917 2334 2987 διάγειν
2360 2920 2417 2974 ὲν
2446 2918 2724 2991 ἐρημίαις,
2760 2919 2855 2972 καὶ
2899 2918 2972 2990 μὴ
3000 2918 3140 2989 ἔχειν
3168 2918 3291 2971 τότε
3314 2917 3408 2970 τὸν
3434 2914 3581 2970 οἷκον
3607 2916 3698 2970 τοῦ

2130 3009 2264 3065 Θεοῦ
2289 3051 2303 3076 ,
2361 3009 2493 3080 μηδὲ
2535 3010 2627 3064 τὸν
2665 3011 2791 3064 ναὸν
2833 3010 3018 3066 αὑτοῦ.
3061 3010 3173 3064 Καὶ
3218 3011 3277 3063 ὲν
3318 3009 3454 3080 τῷδε
3488 3009 3568 3079 τῷ
3594 3009 3699 3063 τῶν

2131 3101 2383 3171 διωγμῶν
2419 3101 2596 3174 καιρῷ
2630 3102 2900 3156 ἐσκέπασέ
2958 3120 3045 3173 με.
3098 3103 3441 3174 Ἀπόκρυφον
3478 3103 3537 3154 δὲ
3570 3118 3699 3171 σκη-

2132 3194 2228 3263 νῆς
2263 3192 2325 3245 τὸ
2356 3192 2631 3247 ὲνδότατόν
2662 3211 2720 3249 τε
2754 3195 2849 3248 καὶ
2878 3194 3094 3258 ἄϐατον,
3122 3195 3258 3266 ὅπερ
3283 3193 3510 3247 ἐκάλουν
3534 3192 3702 3262 Ἅγια

2130 3283 2321 3352 ἁγίων.
2362 3286 2434 3338 Οὐ
2458 3284 2675 3348 πάντως
2698 3284 2752 3338 δὲ
2777 3286 2876 3354 τὴν
2898 3285 3101 3356 σκηνὴν
3126 3286 3182 3337 ὲν
3204 3285 3354 3355 τόπῳ
3378 3282 3700 3355 γεγενῆσθαί

2132 3396 2316 3450 φησιν,
2368 3378 2482 3432 ἀλλ’
2533 3380 2589 3431 ὲν
2630 3376 2806 3448 ψυχῆς
2864 3376 3190 3431 καταστάσει
3240 3376 3570 3450 ἡγιασμένη,
3613 3375 3702 3429 καὶ

2131 3471 2313 3542 πάσης
2342 3469 2736 3543 ἀπηλλαγμένῃ
2756 3470 2854 3541 τῆς
2872 3468 2981 3522 τῶν
3010 3467 3219 3521 πολλῶν
3246 3466 3547 3531 κοινωνίας.
3566 3465 3700 3519 Ἀλλ’

2129 3565 2229 3617 οὐκ
2253 3562 2434 3633 ἀφῆκέ
2470 3579 2557 3633 με,
2596 3561 2754 3633 φησι,
2797 3559 2959 3631 μέχρι
3001 3559 3186 3623 τέλους
3229 3555 3699 3623 mammeata

2132 3658 2225 3710 καὶ
2255 3655 2460 3727 ἑτέροις
2491 3655 2759 3726 χρήσιμον
2790 3650 3040 3722 γενέσθαι
3074 3649 3415 3721 βουλόμενος,
3440 3649 3499 3700 ὲν
3532 3647 3704 3720 πέτρᾳ

2130 3751 2207 3821 τῷ
2237 3749 2457 3823 Χριστῷ
2492 3748 2673 3820 ὕψωσέ
2716 3765 2803 3819 με.
2835 3746 2944 3800 Καὶ
2972 3745 3145 3810 ἄλλως
3173 3745 3230 3798 δὲ
3264 3743 3522 3806 πολλάκις
3554 3742 3703 3816 εἴρη-

2129 3861 2219 3898 ται
2251 3843 2348 3914 τὴν
2382 3843 2477 3913 μὲν
2507 3840 2709 3913 σκηνὴν
2746 3839 2939 3912 δηλοῦν
2995 3838 3295 3911 προκοπὴν,
3340 3836 3430 3890 τὸν
3464 3834 3612 3891 οἷκον
3646 3837 3702 3890 δὲ

2130 3933 2462 4007 τελειότητα.
2498 3932 2683 3996 Οὐδεὶς
2713 3926 2805 3985 οὖν
2829 3970 2844 3996 ,
2878 3929 3228 4000 ἐνεστηκυίας
3261 3927 3409 3999 αὐτῷ
3442 3928 3543 4000 τῆς
3595 3927 3700 3981 τῶν

2132 4028 2318 4081 κακῶν
2346 4024 2579 4097 ἡμέρας,
2614 4025 2671 4076 ὲν
2701 4022 2835 4093 οἴκῳ
2864 4017 3001 4076 εῖναι
3027 4020 3245 4075 δύναται
3272 4019 3365 4074 τοῦ
3395 4019 3553 4073 Θεοῦ·
3588 4019 3699 4074 ἀλλ’

2131 4120 2189 4173 ὲν
2228 4119 2294 4189 τῇ
2328 4118 2455 4187 σκιᾷ
2487 4112 2916 4188 κρύπτεται,τῷ
2946 4113 3044 4185 τὴν
3077 4112 3360 4185 προκοπὴν
3406 4112 3697 4178 σκεπάζειν

2129 4208 2221 4263 τὸν
2248 4206 2445 4271 κακίας
2481 4206 2971 4276 ἁπαλλαττόμενον.
3010 4205 3130 4257 Ἔτι
3162 4203 3269 4276 γὰρ
3294 4203 3696 4275 μετανοοῦντες,

2131 4301 2193 4354 οὐ
2227 4298 2481 4355 δύνανται
2513 4297 2657 4369 ἔχειν
2704 4296 2802 4369 τὴν
2846 4297 3179 4367 τελειότητα.
3235 4294 3468 4349 Δύναται
3515 4296 3574 4349 δὲ
3610 4296 3700 4349 καὶ

469 4390 578 4444 tes;
630 4383 1003 4437 absconditum
1052 4394 1229 4439 autem
1264 4388 1593 4446 tabernaculi
1627 4388 1744 4460 ejus
1782 4391 2029 4462 discipli-

2133 4392 2227 4446 νῦν
2270 4390 2416 4446 κακὰ
2468 4390 2703 4444 νοεῖσθαι
2762 4389 2830 4443 τὰ
2881 4387 3255 4460 περιστατικά·
3295 4386 3613 4459 ἀπόκρυφον
3645 4388 3696 4441 δὲ

466 4489 568 4536 na,
611 4490 716 4543 qua
748 4476 910 4528 etiam
945 4476 1280 4545 proficimus.
1315 4480 1493 4548 Atque
1525 4481 1629 4536 alia
1656 4482 1873 4552 quidem
1904 4494 2029 4542 sunt

465 4562 780 4629 manifesta,
817 4565 917 4619 alia
952 4581 1078 4621 vero
1110 4569 1358 4637 mystica.
1394 4568 1536 4627 Deus
1577 4574 1761 4645 itaque
1802 4590 1907 4631 non
1937 4593 2028 4632 su-

464 4659 681 4724 pt-rli'cie
718 4668 874 4714 tenus
899 4659 1267 4727 proficientem
1298 4665 1557 4733 protegit.
1589 4665 1733 4722 Dixit
1766 4670 2026 4726 taberna-

465 4747 644 4801 culum
679 4748 826 4818 ejus,
859 4753 1113 4821 quoniam
1160 4767 1264 4808 non
1317 4756 1499 4810 omnis
1527 4757 1800 4826 profectus
1834 4776 2026 4818 secun-

464 4839 591 4893 dum
617 4839 781 4894 Deum
812 4852 924 4907 est,
969 4842 1113 4898 hunc
1141 4854 1318 4900 autem
1353 4846 1652 4916 profectum
1689 4854 1899 4924 excepit
1930 4871 2024 4925 pe-

466 4940 545 4986 tra
574 4931 938 5001 perfectionis.
976 4934 1249 4992 Profectui
1287 4939 1578 5008 respondet
1608 4942 1825 4998 verbum
1861 4964 1881 4994 ς
1902 4948 2028 5003 abs-

464 5022 679 5088 condit;
733 5043 753 5077 »
831 5027 1153 5095 perfectioni
1201 5044 1330 5086 vero
1388 5050 1407 5086 ι
1453 5033 1731 5089 exaltavit.
1773 5055 1792 5089 ι
1846 5037 2028 5094 Possis

463 5116 627 5170 etiam
665 5117 1065 5174 tabernaculum
1106 5121 1420 5194 intelligere,
1463 5126 1584 5182 vitae
1613 5127 1914 5183 institutum
1941 5145 2027 5185 se-

464 5207 697 5262 cundum
728 5208 898 5279 legem
926 5219 981 5265 et
1004 5214 1319 5282 prephetas,
1347 5217 1398 5271 iu
1424 5233 1551 5287 quo,
1587 5219 1638 5273 id
1672 5228 1754 5274 est
1782 5221 1833 5273 in
1864 5236 2024 5277 sensu

464 5302 713 5368 mystico,
747 5302 1041 5383 abscondit.
1071 5304 1208 5361 Deus
1238 5323 1361 5363 eum
1399 5323 1556 5378 quem
1589 5310 1830 5377 instruit,
1875 5314 2026 5367 clul-

466 5398 587 5442 tans
616 5391 793 5458 ipsum
824 5393 874 5446 in
902 5401 1075 5462 petra,
1104 5396 1156 5452 id
1189 5405 1271 5453 est
1295 5398 1346 5452 in
1371 5397 1607 5454 Christo.

540 5479 698 5537 Vsus.
749 5484 801 5536 5.
839 5484 1102 5550 Quoniam
1149 5488 1421 5545 abscondit
1466 5509 1545 5546 me
1590 5494 1646 5547 in
1692 5495 2027 5551 tabernaculo

468 5584 564 5625 suo
593 5572 649 5626 in
687 5574 771 5629 die
805 5577 1066 5633 malorum
1089 5619 1105 5644 ,
1144 5589 1250 5636 etc.
1285 5582 1717 5640 Tabernaculum
1751 5584 2024 5643 Christum

2135 4486 2341 4558 σκηνῆς
2368 4466 2532 4539 αὐτοῦ
2567 4484 2661 4538 ἐπὶ
2694 4484 2792 4554 τῆς
2820 4481 3170 4545 παιδεύσεως,
3210 4482 3368 4534 κάκεῖ
3397 4481 3695 4550 προκόπτο-

2138 4594 2255 4649 μεν.
2283 4578 2365 4631 Τὰ
2391 4578 2492 4648 μέν
2516 4578 2634 4630 ἐστι
2678 4574 2928 4646 προφανῆ
2952 4616 2967 4638 ,
2993 4572 3062 4627 τὰ
3085 4574 3143 4627 δὲ
3186 4572 3443 4645 μυστικά.
3494 4573 3609 4626 Οὐκ
3642 4575 3697 4627 ἐν

2131 4674 2243 4735 τοῖς
2267 4668 2601 4732 ὲπιπολαίοις
2629 4662 2721 4722 οὖν
2747 4668 2775 4719 ὁ
2796 4666 2927 4729 Θεὸς
2948 4665 3040 4719 τὸν
3063 4665 3443 4737 προκόπτοντα
3488 4664 3693 4717 σκέπει.

2131 4764 2303 4819 Αὐτοῦ
2330 4764 2387 4818 δὲ
2413 4759 2531 4817 εἷπε
2560 4760 2787 4833 σκηνὴν,
2810 4760 2931 4813 ἐπεὶ
2956 4759 3030 4832 μὴ
3071 4760 3220 4813 πᾶσα
3249 4756 3389 4812 κατὰ
3412 4757 3544 4811 Θεὸν
3569 4773 3697 4829 προ-

2131 4857 2294 4929 κοπή·
2314 4854 2580 4919 διεδέξατο
2607 4854 2664 4907 δὲ
2686 4853 2784 4926 τὴν
2811 4850 3093 4922 προκοπὴν
3119 4850 3151 4921 ἡ
3178 4850 3350 4919 πέτρα
3376 4850 3479 4919 τῆς
3500 4847 3695 4902 τελειό-

2131 4965 2313 5019 τητος.
2344 4945 2694 5010 Κατάλληλον
2725 4944 2783 4998 δὲ
2813 4947 2878 5015 τῇ
2908 4942 3008 5014 μὲν
3026 4943 3274 5014 προκοπῇ
3307 4941 3368 4994 τὸ
3401 4961 3419 4992 ι
3439 4940 3688 5013 hepatia,»

2132 5043 2200 5112 τῇ
2231 5040 2287 5093 δὲ
2317 5038 2613 5108 τελειότητι
2642 5037 2704 5089 τὸ
2732 5056 2749 5087 ι
2774 5035 2977 5104 ῦψωσε.
3006 5053 3025 5087 ›
3061 5033 3253 5103 Λέγοις
3300 5033 3345 5085 δ’
3378 5032 3445 5086 ἂν
3496 5031 3693 5102 σκηνὴν

2135 5132 2228 5186 καὶ
2254 5131 2352 5203 τὴν
2380 5129 2469 5183 διὰ
2487 5130 2652 5199 νόμου
2682 5127 2775 5181 καὶ
2803 5126 3096 5198 προφητῶν
3120 5124 3362 5196 ἀγωγὴν,
3391 5117 3503 5198 ὲνῇ
3532 5125 3589 5176 ὲν
3619 5122 3694 5192 τῷ

2137 5218 2379 5292 μυστικῷ
2409 5217 2486 5290 νῷ
2513 5217 2744 5289 κρύπτει
2781 5217 2872 5270 τὸν
2900 5214 3283 5286 παιδευόμενον
3312 5214 3341 5267 ὁ
3367 5212 3518 5278 Θεὸς,
3548 5211 3693 5280 ύψιῖιν

2134 5313 2295 5368 αὑτὸν
2324 5314 2382 5366 ὲν
2408 5313 2474 5383 τῇ
2504 5309 2679 5381 πέτρα
2717 5308 2794 5380 τῷ
2818 5305 3058 5379 Χριστῷ.

2204 5495 2323 5548 Ὅτι
2346 5489 2574 5562 ἔκρυψέ
2597 5509 2674 5561 με
2704 5491 2775 5545 ἐν
2815 5489 3018 5559 σκηνῇ
3044 5487 3229 5544 αὑτοῦ
3263 5488 3334 5542 ἐν
3374 5486 3563 5557 ἡμέρᾳ
3593 5502 3690 5540 κα-

2133 5588 2256 5643 κῶν
2274 5605 2414 5658 μου,
2441 5605 2495 5641 κ.
2518 5604 2568 5640 τ.
2597 5587 2643 5639 ὲ.
2671 5585 2881 5657 Σκηνὴν
2908 5585 2999 5639 τὸν
3028 5583 3257 5654 Χριστὸν
3291 5582 3398 5654 (14)
3418 5580 3687 5653 ὀνομάζει,

534 5687 644 5760 (ll)
670 5686 715 5739 Σ
723 5688 920 5760 κηνὴν
950 5693 1055 5750 τὸν
1083 5696 1362 5766 Χριστόν,
1396 5707 1500 5757 etc.
1540 5698 1769 5758 Schetla‘.
1813 5699 2022 5776 Grabii,

2133 5706 2220 5763 lex
2250 5702 2634 5770 Coislinianus,
2668 5698 2957 5757 Barbarus.
