4020 6152
326 234 458 292 1281
1278 239 1587 294 SELECTA
1620 241 1684 295 ΙΝ
1718 241 1898 297 ΡδΑι.

2000 244 2056 300 S.
2085 273 2156 285 -
2183 245 2374 299 PSAL.
2408 246 2596 300 χλνι.
3423 259 3562 311 1282

322 356 384 411 ὲν
415 350 461 425 ᾧ
501 354 600 413 κα.)⁸
656 356 1071 429 κατεσκήνωσεν
1129 354 1159 407 6
1200 355 1364 420 Θεός’
1413 376 1431 409 ι
1467 358 1556 413 Ἐν
1588 358 1668 430 τῷ
1705 360 1840 432 ἡλίῳ
1877 381 1895 412 ι

2000 367 2172 423 vocat,
2203 359 2261 413 in
2288 375 2395 430 quo
2424 359 2567 415 Deus
2594 359 2876 415 habitavit.
2913 378 2931 413 ι
2965 362 3026 415 In
3070 362 3183 417 sole
3219 381 3238 415 ι
3272 363 3413 420 enim
3432 407 3446 432 ,
3477 369 3562 424 in-

321 450 454 522 γὰρ,
488 448 675 521 φησὶν,
725 468 743 501 ι
768 446 921 501 ἔθετο
948 448 1008 502 τὸ
1043 449 1308 521 σκήνωμα
1354 450 1539 506 αὑτοῦ.
1571 471 1590 503 ι
1624 452 1808 517 Ἥλιος
1848 452 1898 507 δὲ

2000 450 2113 519 quit
2141 450 2205 518 ⁸³,
2236 469 2255 503 ι
2296 451 2477 521 posuit
2518 452 2921 508 tabernaculum
2967 469 3144 510 suum.
3183 475 3201 508 ι
3245 456 3336 513 Sol
3376 469 3557 516 autem

322 538 673 612 δικαιοσύνης
710 541 740 593 6
785 538 1010 612 Κύριος.
1043 541 1153 594 Καὶ
1180 541 1290 613 γάρ
1324 543 1389 595 ὲκ
1431 541 1525 596 τοῦ
1575 543 1704 599 ναοῦ
1749 563 1898 616 φησι.

2000 538 2213 607 iustitiae
2244 539 2505 596 Dominus
2542 550 2642 596 est.
2680 542 2893 597 Etenim
2934 544 3001 598 de
3029 546 3229 616 templo
3257 548 3404 603 dicit.
3445 551 3561 608 Hoc

324 632 543 705 Ταύτην
573 631 704 705 γὰρ,
737 632 906 702 λέγει,
967 632 1170 707 σκηνὴν
1227 633 1384 707 ἔσχον
1435 635 1534 707 τὴν
1574 635 1783 708 σκέπην
1812 639 1898 692 καὶ

2000 634 2139 686 enim
2160 673 2173 697 ,
2202 632 2394 703 inquit,
2427 634 2829 689 tabernaculum
2858 638 3181 706 protectioni
3207 640 3340 694 mihi
3367 651 3420 696 et
3459 659 3559 698 au-

321 725 426 799 τὴν
475 725 746 798 βοήθειαν.
782 725 999 798 Ἐπειδὴ
1032 728 1090 780 ὲν
1120 730 1187 800 τῇ
1219 726 1314 781 τοῦ
1347 727 1482 783 Θεοῦ
1517 732 1687 801 σκηνῇ
1740 748 1898 803 προσ-

2000 727 2122 781 xilio
2148 726 2268 783 fuit.
2314 728 2448 782 Nam
2476 742 2601 781 cum
2635 737 2840 783 orasset
2869 728 2925 783 in
2969 730 3315 788 tabernaculo
3353 733 3470 799 Dei,
3505 745 3560 791 et

323 816 620 889 ευξάμενος
640 858 656 884 ,
695 817 789 871 καὶ
819 819 918 892 τὴν
947 818 1054 875 ἀπὸ
1077 818 1184 874 τῶν
1215 821 1393 893 άρτων
1427 819 1607 875 λαϐὼν
1627 820 1898 892 εὐλογίαν,

2000 833 2163 887 panes
2205 819 2599 874 benedictionis
2645 821 2959 891 accepisset,
2989 836 3183 876 manus
3211 822 3445 877 hostium
3477 825 3559 879 ef-

321 908 426 974 τὰς
460 912 651 982 χεῖρας
682 909 791 967 τῶν
841 910 1221 982 πολεμούντων
1250 913 1502 984 διέφυγεν
1527 954 1543 979 ,
1589 914 1749 970 ὁπότε
1810 918 1906 973 καὶ

320 1002 487 1075 Δωὴκ
513 1002 612 1068 τὰς
643 1002 928 1074 βασιλικὰς
963 1004 1219 1076 ἡμιόνους
1258 1006 1439 1079 νέμων
1475 1008 1574 1082 τὴν
1603 1008 1769 1064 αὐτοῦ
1805 1027 1906 1080 φυ-

321 1096 429 1169 γὴν
456 1096 534 1168 τῷ
559 1097 733 1151 Σαοὺλ
761 1099 1157 1170 κατεμήνυσεν.
1197 1120 1216 1151 σ
1258 1101 1563 1156 Ἐσκέπασέ
1594 1119 1661 1173 με
1690 1104 1747 1157 ὲν
1770 1103 1905 1157 ἀπο-

321 1186 522 1261 κρύφῳ
568 1188 667 1260 τῆς
718 1189 926 1261 σκηνῆς
970 1189 1159 1244 αὑτοῦ.
1184 1209 1204 1243 ι
1256 1190 1400 1245 Ἀντ),
1424 1191 1542 1257 τοῦ,
1574 1193 1649 1257 ὼς
1677 1196 1735 1248 ἐν
1769 1196 1905 1249 ἀπο-

322 1278 542 1351 κρύφῳ.
577 1279 752 1346 Οὕτω,
788 1280 943 1352 φησὶ,
978 1280 1149 1336 πολλὰ
1177 1281 1511 1355 ζητήσαντες
1536 1284 1667 1357 περ).
1697 1284 1831 1356 ὲμοῦ
1854 1287 1903 1340 οἱ

323 1370 574 1443 πολέμιοι
605 1372 707 1444 οὐχ
748 1365 906 1445 εῦρόν
957 1389 1046 1445 με,
1090 1372 1184 1428 τοῦ
1212 1373 1348 1430 Θεοῦ
1391 1393 1460 1448 με
1515 1377 1901 1442 σκεπάζοντος.

320 1462 435 1516 Καὶ
469 1460 611 1517 οὕτω
637 1463 720 1529 τὸ,
754 1465 1036 1539 «Ἕκρυψέ
1062 1484 1183 1539 με.»

396 1556 505 1610 Καί
531 1557 647 1611 νῦν
676 1556 807 1612 ίδοὺ
837 1558 1049 1628 ϋψωσε
1080 1556 1198 1626 τὴν
1237 1559 1513 1630 κεφαλήν
1536 1578 1656 1631 μου
1685 1561 1778 1616 ἐπ’
1804 1562 1906 1632 ἐχ-

321 1648 508 1717 θρούς
528 1665 666 1719 μου·
702 1649 1022 1707 ἑκύκλωσα
1043 1652 1140 1707 καί
1159 1653 1352 1709 ἔθυσα
1381 1654 1452 1707 ἐν
1480 1652 1556 1723 τῇ
1579 1653 1787 1724 σκηνῇ
1805 1658 1906 1709 αὐ-

1994 907 2150 982 fugit,
2176 911 2391 980 quando
2424 911 2569 981 Doeg
2594 912 2856 981 regiarum
2884 913 3149 967 mularum
3175 923 3361 984 pastor
3388 915 3559 985 ipsius

1992 1002 2171 1074 fugam
2199 1003 2344 1057 Sauli
2372 1003 2753 1058 manifestavit.
2789 1022 2808 1054 ι
2846 1003 3083 1059 Protexit
3119 1020 3206 1060 me
3240 1008 3297 1060 in
3325 1007 3558 1063 abscon-

2004 1094 2119 1151 dito
2147 1097 2480 1152 tabernaculi
2503 1097 2607 1152 sui.
2642 1115 2662 1150 ι
2702 1097 2845 1153 Loco
2870 1097 3033 1162 illius,
3070 1108 3325 1168 tanquam
3364 1103 3416 1157 in
3449 1105 3575 1158 abs-

2004 1186 2245 1243 condito.
2307 1187 2399 1243 Sic
2421 1228 2438 1254 ,
2481 1187 2675 1257 inquit,
2707 1204 2831 1243 cum
2863 1188 3085 1243 multum
3120 1204 3205 1243 tne
3239 1192 3580 1260 qumsiissent

2004 1278 2231 1343 inimici,
2270 1293 2375 1334 non
2402 1279 2724 1335 invenerunt
2752 1295 2856 1345 me,
2882 1282 3079 1351 quippe
3105 1296 3264 1352 quem
3296 1283 3434 1338 Deus
3456 1301 3581 1353 pro-

2006 1368 2240 1438 tegebat.
2271 1368 2472 1439 Sicque
2505 1369 2882 1438 accipiendum
2915 1378 2997 1425 est
3031 1371 3200 1427 illud:
3237 1390 3255 1423 ι
3282 1373 3580 1428 Abscondit

2005 1476 2111 1514 me.
2140 1478 2159 1512 ι
3500 1472 3507 1481 '

2077 1553 2242 1608 Vens.
2274 1551 2327 1608 6.
2361 1549 2430 1605 Et
2462 1569 2601 1607 nunc
2630 1553 2879 1608 exaltatvit
2909 1563 3064 1621 caput
3100 1571 3269 1609 meum
3301 1572 3457 1624 super
3484 1557 3582 1611 ini-

2006 1645 2170 1699 micos
2196 1659 2375 1697 meos:
2402 1645 2617 1698 circuivi
2646 1654 2693 1697 et
2722 1645 2985 1699 immolavi
3013 1646 3066 1697 in
3096 1645 3432 1701 tabernacula
3462 1648 3578 1709 eius

319 1736 432 1792 τοῦ
464 1739 686 1793 θυσίαν
714 1739 1088 1812 ἀλαλαγμοῦ,
1106 1759 1161 1795 κ.
1186 1759 1237 1796 τ.
1261 1743 1308 1796 ἑ.
1329 1744 1394 1796 El
1421 1746 1450 1797 6
1473 1719 1898 1815 ueniamque-‘05)

2003 1735 2228 1787 hostiam
2258 1733 2676 1802 vociferationis.
2699 1743 2807 1787 etc.
2838 1731 2893 1786 Si
2924 1736 3015 1804 qui
3040 1736 3255 1801 circuit,
3280 1737 3573 1803 sacriﬁcat,

318 1826 460 1881 θύειο
495 1827 655 1883 θυσία
697 1831 755 1885 δέ
788 1833 905 1885 ἐστι
953 1833 1168 1905 πνεῦμα
1212 1835 1689 1907 συντετριμμένον·
1722 1836 1750 1887 6
1780 1852 1904 1889 συν-

315 1921 518 1994 τρίψας
554 1923 653 1996 τὴν
705 1922 897 1978 ἑαυτοῦ
947 1924 1125 1997 ψυχὴν
1177 1926 1360 1999 κύκλῳ
1412 1927 1583 2000 αὐτὴν
1636 1926 1902 2000 πεποίηκε

319 2015 509 2086 σχῆμα
539 2015 741 2085 γωνίας
769 2015 844 2089 μὴ
877 2016 1102 2089 ἔχουσαν
1138 2019 1527 2091 ἐπιδεχομένην
1556 2019 1782 2091 φθορὰν,
1811 2019 1904 2074 κα),

315 2104 420 2177 τὴν
447 2107 758 2181 ἀφροσύνην
790 2109 959 2182 αὐτὴν
981 2151 996 2176 ,
1028 2112 1062 2182 ἥ
1084 2154 1098 2177 ,
1141 2112 1275 2182 φησὶ
1305 2111 1575 2184 Σολομὼν,
1611 2132 1629 2164 ι
1660 2116 1780 2177 ταῖς
1801 2129 1905 2182 γω-

316 2198 464 2263 νίαις
499 2200 843 2272 παρεδρεύει·
872 2221 891 2254 ο
939 2204 1033 2256 καὶ
1062 2203 1144 2271 τὸ,
1174 2224 1192 2256 ι
1216 2204 1490 2259 Κατελθὸν
1532 2205 1589 2258 δὲ
1641 2206 1734 2258 ἐπὶ
1777 2206 1903 2269 τοὺς

317 2286 517 2352 παῖδας
561 2286 678 2341 Ἰὼϐ
722 2288 832 2362 πῦρ
879 2290 989 2347 τῶν
1021 2293 1303 2365 τεσσάρων
1350 2294 1527 2367 ἥψατο
1552 2294 1762 2365 γωνιῶν
1806 2296 1899 2351 τοῦ

317 2397 474 2433 οικου
485 2421 499 2434 .
532 2400 550 2432 ι

392 2474 493 2529 Σοί
523 2472 692 2531 εἶπεν
714 2477 753 2545 τ’)
783 2476 995 2546 καρδία
1024 2491 1162 2546 μου·
1205 2475 1569 2548 Ἐξεζήτησα
1602 2478 1668 2533 τὸ
1708 2480 1901 2549 πρόσ-

316 2566 484 2619 ωπόν
498 2580 637 2627 σου,
649 2566 715 2621 τὸ
730 2570 1054 2635 πρόσωπόν
1077 2584 1215 2632 σου,
1238 2569 1433 2637 Κύριε,
1451 2569 1703 2639 ζητήσω,
1717 2587 1834 2624 κ.τ.
1850 2572 1898 2625 ὲ.

321 2653 493 2710 Ὀταν
525 2655 586 2709 τὸ
625 2657 915 2729 πρόσωπόν
943 2676 1088 2722 τινος
1122 2658 1230 2730 (16)
1258 2659 1319 2712 τὸ
1347 2660 1636 2730 πρόσωπον
1666 2657 1760 2715 τοῦ
1788 2662 1902 2716 Κυ-

322 2745 442 2819 ρίου
476 2746 720 2821 ζητήσει,
772 2749 893 2803 τότε
927 2750 1463 2822 ἀνακεκαλυμμένως
1483 2750 1582 2823 τὴν
1601 2751 1758 2819 δόξαν
1784 2754 1900 2807 Κυ-

321 2836 440 2910 ρίου
486 2841 927 2912 κατοπτρίζεται,
963 2842 1058 2896 κα)⁵
1093 2842 1385 2913 γενόμενος
1436 2842 1754 2912 ίσάγγελος,
1812 2842 1899 2898 διὰ

318 2925 522 2992 παντὸς
548 2928 737 2999 ὄψεται
764 2931 826 2984 τὸ
864 2931 1152 3004 πρόσωπον
1180 2929 1274 2985 τοῦ
1303 2932 1361 2985 ἐν
1383 2932 1632 3003 οὐρανοῖς
1665 2932 1898 3006 Πατρός.

397 3023 507 3077 Τοῦ
531 3024 736 3078 αὑτοῦ.
771 3026 849 3078 Δι’
883 3019 957 3079 ὧν
995 3024 1246 3094 καθαίρει
1276 3041 1360 3088 τις
1399 3022 1510 3096 (17)
1552 3023 1764 3091 ἑαυτὸν,
1792 3024 1901 3079 δεί-

319 3130 479 3167 κνυσι
534 3113 713 3186 ζητῶν
749 3116 812 3170 τὸ
838 3118 1128 3190 πρόσωπον
1160 3115 1255 3170 τοῦ
1300 3116 1460 3183 Θεοῦ,
1495 3118 1633 3189 ὅπερ
1657 3118 1707 3171 oi
1736 3116 1900 3189 ἄγγε-

318 3204 403 3259 λοι
442 3206 531 3260 διὰ
561 3207 760 3272 παντὸς
782 3207 1030 3279 λέγονται
1058 3209 1294 3281 βλέπειν.

391 3297 522 3354 Ὀτι
554 3301 588 3354 ό
617 3300 812 3370 πατήρ
835 3319 955 3372 μου
993 3304 1091 3359 καί
1127 3305 1168 3374 ἡ
1206 3305 1405 3375 μήτηρ
1442 3323 1563 3375 μου
1596 3306 1899 3379 ἐγκατέλι-

319 3392 440 3446 πόν
473 3409 580 3462 με,
612 3410 668 3447 κ.
700 3406 756 3447 τ.
803 3394 851 3448 ὲ.
903 3395 1191 3467 Μακάριος
1230 3400 1259 3451 ὁ
1298 3398 1747 3469 ἐγκαταλειφθεὶς
1787 3402 1897 3473 (l8)

317 3483 426 3537 ὑπὸ
452 3482 547 3537 τοῦ
578 3484 826 3538 διαϐόλου
866 3487 960 3540 καὶ
985 3487 1086 3556 τῆς
1115 3486 1348 3557 συζύγου
1396 3489 1560 3542 αὐτοῦ
1588 3491 1806 3557 κακίας,
1840 3491 1898 3560 ἐξ

315 3573 387 3649 ἧς
438 3577 614 3633 τίκτει
654 3579 781 3644 τοὺς
831 3579 1181 3652 παρανόμους
1239 3581 1427 3635 τούτου
1467 3581 1633 3646 υἱούς.
1688 3584 1898 3656 Ὠσπερ

316 3670 533 3735 Παῦλος
566 3670 654 3725 διὰ
683 3670 777 3725 τοῦ
815 3672 1150 3740 Εύαγγελίου
1176 3673 1340 3744 γεννᾷ
1363 3672 1489 3737 τοὺς
1518 3672 1785 3738 Γαλάτας,
1808 3672 1899 3727 οὔ·

316 3780 395 3816 τω
422 3762 517 3817 καὶ
543 3762 631 3816 διὰ
667 3762 767 3834 τῆς
794 3762 994 3827 κακίας
1034 3765 1062 3816 ὁ
1095 3763 1337 3829 διάϐολος
1375 3767 1540 3837 γεννᾷ
1567 3766 1692 3830 τοὺς
1730 3783 1898 3839 πονη-

320 3855 467 3926 ρούς.
508 3854 620 3925 Τῆς
653 3855 956 3926 συμφορᾶς,
983 3854 1181 3927 φησὶν,
1214 3857 1512 3928 ἐπιστάσης
1553 3874 1642 3928 μοι
1665 3858 1780 3923 νῦν,
1804 3859 1898 3912 καὶ

316 3945 417 4017 τῆς
445 3944 714 4000 τοσούτων
753 3944 1029 4018 πολεμίων
1073 3948 1289 4018 ἐφόδου,
1340 3950 1460 4002 οὐδὲ
1505 3951 1685 4024 πατὴρ
1716 3954 1782 4007 άν
1829 3971 1896 4024 με

317 4032 609 4107 ὠφέλησαν
659 4035 781 4090 οὐδὲ
805 4037 1010 4109 μήτηρ,
1041 4036 1204 4101 αὐτὸς
1225 4037 1281 4091 δὲ
1307 4038 1429 4093 ἀντὶ
1463 4039 1679 4095 πάντων
1712 4040 1898 4115 ὤφθης

321 4144 412 4198 μοι
438 4126 650 4199 βοηθός.
1539 4197 1542 4200 ,

387 4219 807 4288 Νομοθέτησόν
821 4237 919 4290 με,
948 4221 1146 4288 Κύριε,
1177 4220 1291 4290 τὴν
1310 4221 1457 4277 ὀδόν
1476 4239 1613 4291 σου,
1637 4225 1733 4279 καί
1758 4224 1896 4294 661i-

317 4313 512 4381 γησόν
544 4329 623 4382 με
662 4313 734 4368 ἐν
764 4313 939 4382 τρίϐῳ
972 4313 1193 4380 εὐθείᾳ,
1246 4331 1302 4368 κ.
1346 4332 1400 4369 τ.
1442 4317 1489 4368 έ.
1537 4318 1677 4391 Ὅρα
1713 4318 1804 4371 τὸν
1838 4320 1895 4372 ὲν

2004 1825 2336 1881 sacrificium
2367 1838 2546 1881 autem
2599 1833 2683 1880 est
2720 1824 2946 1894 spiritus
2975 1827 3281 1881 contritus:
3313 1827 3404 1895 qui
3438 1842 3577 1881 con--

2006 1921 2132 1974 terit
2161 1920 2399 1973 animam
2430 1932 2606 1981 suam,
2643 1919 2909 1974 circulum
2948 1934 3068 1973 eam
3101 1919 3230 1975 facit
3259 1919 3354 1991 qui
3384 1920 3451 1976 ab
3480 1936 3582 1974 an-

2001 2011 2172 2080 gulari
2222 2010 2395 2083 ﬁgura
2440 2011 2778 2081 corruptibili
2823 2013 3012 2081 procul
3045 2013 3222 2076 abest,
3260 2027 3467 2068 necnon
3506 2015 3575 2070 ab

2003 2105 2117 2174 ipsa
2142 2104 2472 2175 insipientia,
2499 2119 2660 2173 quam
2684 2104 2941 2160 Salomon
2973 2123 2992 2155 ι
3014 2107 3067 2158 in
3097 2105 3309 2173 angulis
3332 2105 3520 2161 sedere
3552 2125 3575 2158 ι

2002 2197 2167 2254 dicit:
2201 2201 2342 2267 quod
2374 2198 2539 2252 etiam
2569 2199 2927 2252 conﬁrmatur
2955 2213 3020 2251 ex
3054 2199 3154 2252 hoc
3182 2198 3256 2252 6°:
3292 2217 3312 2250 ι
3343 2198 3579 2255 Dercen-

2001 2293 2134 2348 dens
2172 2308 2301 2346 vero
2337 2291 2474 2362 ignis
2506 2306 2669 2363 super
2703 2291 2841 2347 lilios
2871 2289 2972 2346 Job
3007 2291 3174 2362 tetigit
3214 2301 3452 2361 quatuor
3477 2309 3576 2346 an-

1998 2384 2156 2456 gulos
2189 2384 2400 2439 domus.
2433 2401 2450 2435 ι

2074 2475 2237 2530 Vens.
2285 2477 2337 2531 8.
2391 2473 2506 2528 Tibi
2543 2475 2678 2528 dixit
2723 2490 2815 2528 cor
2861 2474 3343 2544 meum,Ea;quisivi
3386 2474 3578 2546 {aciem

1998 2579 2164 2634 luam,
2190 2567 2353 2640 635
2374 2568 2563 2636 faciem
2598 2579 2763 2631 tuam,
2818 2567 3066 2634 Domine,
3104 2569 3369 2638 requiram
3399 2607 3415 2632 ,
3462 2578 3574 2623 etc.

1999 2657 2230 2726 Quando
2259 2658 2424 2712 facies
2447 2657 2676 2727 alicujus
2697 2656 2891 2713 faciem
2927 2655 3139 2713 Domini
3171 2658 3419 2727 requirit,
3449 2669 3575 2715 tunc

1998 2749 2117 2803 sine
2155 2747 2276 2803 velo
2306 2747 2531 2819 gloriam
2568 2747 2779 2802 Domini
2815 2748 3079 2812 intuetur,
3118 2757 3174 2803 et
3205 2748 3432 2818 aequalis
3474 2765 3574 2804 au-

1999 2841 2135 2911 gelis
2166 2840 2389 2897 effectus
2419 2882 2434 2910 ,
2482 2855 2699 2912 semper
2730 2841 2878 2896 videt
2922 2840 3119 2897 faciem
3159 2841 3336 2898 Patris
3369 2844 3460 2913 qui
3517 2844 3578 2899 in

1997 2932 2152 2988 caelis
2182 2943 2285 2989 est.

2071 3022 2348 3094 Ejusdem.
2382 3022 2487 3079 Per
2514 3038 2635 3093 quae
2687 3022 2923 3092 seipsum
2955 3023 3223 3094 quispiam
3265 3032 3571 3094 expurgat,

2000 3117 2235 3173 ostendit
2263 3133 2323 3172 se
2350 3131 2594 3187 quaerere
2625 3115 2719 3171 Dei
2776 3114 2966 3173 faciem
2994 3157 3011 3183 ,
3040 3132 3204 3188 quam
3240 3132 3454 3188 semper
3487 3118 3574 3173 iu-

2002 3211 2137 3265 tneri
2168 3208 2343 3278 angeli
2381 3208 2656 3262 dicuntur.

2077 3301 2240 3358 Vsus.
2283 3300 2373 3356 10.
2411 3299 2676 3366 Quoniam
2708 3311 2859 3368 pater
2884 3317 3028 3356 mea:
3059 3311 3107 3356 et
3139 3312 3311 3359 mater
3344 3321 3458 3360 mea
3489 3306 3579 3360 de-

1998 3395 2320 3466 reliquerum
2356 3410 2433 3448 me
2455 3433 2471 3458 ,
2507 3403 2616 3448 etc.
2649 3390 2847 3447 Beatus
2874 3402 2957 3448 est
2982 3393 3074 3464 qui
3105 3409 3135 3448 a
3167 3395 3382 3451 diabolo
3418 3396 3575 3452 dere-

1998 3488 2262 3558 linquitur
2299 3497 2356 3543 et
2386 3485 2615 3555 conjuge
2647 3485 2764 3555 ejus
2798 3484 3033 3550 malitia,
3065 3500 3131 3540 ex
3165 3501 3269 3556 qua
3293 3485 3438 3543 filios
3467 3489 3575 3543 iui-

1998 3580 2225 3652 quitatis
2253 3578 2418 3647 parit.
2451 3578 2914 3645 Quemadmodum
2942 3573 3146 3630 Paulus
3190 3592 3288 3646 per
3326 3578 3575 3651 Evangeo

1998 3672 2126 3727 lium
2156 3669 2378 3726 Galatas
2411 3670 2621 3740 genuit,
2662 3669 2743 3724 sic
2781 3682 2878 3737 per
2911 3666 3172 3723 malitiam
3207 3668 3447 3725 diabolus
3480 3685 3577 3740 ge-

1998 3773 2154 3820 nerat
2181 3762 2370 3817 malos.
2402 3762 2461 3816 ln
2492 3764 2626 3827 hac,
2664 3761 2872 3829 inquit,
2901 3760 3187 3828 ingruente
3224 3760 3275 3813 itt
3310 3776 3394 3814 tne
3425 3761 3575 3816 cala-

1999 3856 2221 3919 mitate,
2253 3862 2308 3908 et
2347 3853 2551 3922 impetu
2589 3852 2969 3915 inimicorum,
3011 3866 3189 3921 neque
3219 3861 3577 3922 paterneque

1999 3957 2174 4001 mater
2214 3944 2346 4000 mihi
2377 3954 2572 4014 praesto
2621 3943 2892 4009 fuissent,
2942 3942 3035 3998 sed
3084 3952 3137 3999 tu
3175 3943 3294 3999 loco
3326 3944 3571 4001 omnium

1999 4041 2131 4096 mihi
2161 4038 2455 4094 auxiliator
2482 4037 2652 4091 fuisti.

2067 4219 2231 4274 Vtilis.
2271 4217 2357 4273 11.
2401 4216 2584 4289 Legem
2614 4232 2746 4285 pone
2782 4214 2928 4279 mihi,
2960 4213 3205 4279 Domine,
3245 4231 3299 4268 ιη
3333 4216 3415 4269 via
3453 4229 3569 4280 tua,

1996 4323 2042 4368 ει
2078 4313 2243 4382 dirige
2277 4328 2356 4364 me
2392 4312 2447 4365 in
2478 4319 2718 4364 semitam
2757 4324 2974 4372 recram,
3007 4317 3114 4361 etc.
3150 4307 3285 4363 Vide
3323 4321 3444 4363 eum
3476 4309 3570 4377 qui

314 4401 397 4473 τῷ
423 4404 572 4476 νόμῳ
606 4404 717 4476 (19)
744 4405 1022 4471 Μωῦσέως
1060 4407 1153 4460 καὶ
1180 4408 1486 4479 γράμματι,
1521 4409 1596 4474 ὠς
1629 4411 1729 4464 οὐκ
1766 4411 1895 4465 ὅντα

2001 4405 2054 4459 in
2092 4406 2208 4475 lege
2235 4402 2434 4476 Moysis
2465 4411 2522 4456 et
2552 4403 2604 4454 in
2639 4400 2823 4455 littera
2852 4409 2954 4463 est,
2986 4414 3050 4453 ac
3077 4397 3123 4452 si
3158 4415 3262 4452 non
3296 4400 3366 4454 sit
3397 4400 3450 4454 in
3481 4400 3569 4454 via

318 4493 378 4545 ὲν
409 4493 512 4564 ὁδῷ
536 4494 764 4566 Κυρίου,
787 4497 1210 4571 νομοθετηθῆναι
1257 4498 1549 4571 εὐχόμενον
1573 4504 1641 4574 τῇ
1669 4503 1772 4576 ὁδῷ
1798 4504 1893 4559 τοῦ

316 4586 549 4642 Κυρίου.

447 4603 549 4642 ιου.

404 4603 702 4744 ξλνδρίζου
722 4719 737 4743 ,
789 4681 889 4734 καί
935 4685 1342 4750 κραταιούσθω
1382 4687 1421 4755 ἡ
1462 4687 1676 4756 καρδία
1726 4704 1845 4743 σου
1872 4737 1888 4761 ,

316 4782 375 4822 κ.
400 4784 450 4820 τ.
484 4768 531 4820 ὲ.
559 4767 835 4840 Ἀνδρίζου
867 4770 1002 4843 (20),
1038 4773 1314 4833 τουτέστιν
1352 4775 1602 4846 ἀνδρείαν
1634 4776 1890 4843 άνάλαϐε,

321 4859 398 4931 μὴ
442 4861 562 4914 κατ’
607 4861 758 4931 ἰσχὺν
808 4860 1078 4933 σώματος,
1132 4863 1267 4918 ἀλλὰ
1309 4867 1745 4940 κραταιουμένης
1797 4869 1895 4939 τῆς

318 4950 548 5023 καρδίας
588 4968 703 5006 σου·
739 4951 881 5007 οὕτω
906 4953 1015 5026 γὰρ
1044 4956 1332 5028 ὑπομεῖναι
1369 4956 1461 5012 τὸν
1489 4958 1695 5031 Κύριον
1735 4959 1894 5031 δυνη-

396 5060 486 5099 στι.

321 5042 505 5186 θήὲἒῦ
532 5133 741 5188 αὐτοῦ.
779 5130 1019 5206 ’Δνδρεία
1044 5133 1243 5205 καρδία
1277 5135 1390 5209 (21)
1422 5137 1517 5193 καὶ
1554 5137 1699 5212 ψυχή
1741 5142 1889 5194 ἐστιν

390 5227 438 5261 ⁸⁸
473 5227 618 5286 Psal.
650 5246 804 5298 mu,
835 5231 890 5288 6.
965 5232 1011 5264 “
1037 5229 1162 5290 Job.
1195 5247 1235 5298 I,
1263 5231 1353 5287 19.

320 5345 501 5471 mitti)
541 5350 612 5403 El
642 5350 676 5402 δ
707 5347 1048 5417 κυκλώσας,
1079 5360 1185 5408 etc.
1237 5351 1464 5408 Scbedre
1510 5352 1719 5422 Grabii,
1748 5354 1886 5411 Bar-

352 5555 364 5566 .
389 5487 500 5558 (16)
541 5487 718 5547 Ὅταν
772 5491 837 5546 τὸ
893 5491 1218 5561 πρόσωπόν
1267 5507 1462 5560 τινος,
1523 5505 1627 5550 etc.
1677 5493 1884 5552 Corde-

324 5571 503 5703 ωὸἶζ)
541 5630 620 5683 Δι’
763 5634 1028 5703 καθαίρει
1057 5651 1167 5701 τις,
1197 5643 1305 5691 etc.
1345 5634 1570 5690 Selteda:
1601 5633 1812 5691 Grabii.

418 5628 503 5695 Π)
541 5630 620 5683 Δι’
645 5628 734 5685 ὧν
763 5634 1028 5703 καθαίρει
1057 5651 1167 5701 τις,
1197 5643 1305 5691 etc.
1345 5634 1570 5690 Selteda:
1601 5633 1812 5691 Grabii.

391 5628 504 5771 (18)
544 5700 842 5773 Μακάριος
881 5707 916 5759 ὁ
962 5705 1478 5777 ἐγκαταλειφθείς,
1520 5714 1628 5761 etc.
1675 5705 1886 5764 Eaedem

2001 4498 2239 4563 Domini,
2265 4510 2427 4551 orare
2461 4502 2519 4548 ut
2549 4493 2633 4549 lex
2667 4493 2768 4548 sibi
2799 4502 3038 4562 ponatur
3067 4493 3120 4547 in
3151 4493 3236 4547 via
3263 4494 3498 4549 Domini.

2079 4678 2235 4734 Vens.
2276 4676 2363 4732 M.
2405 4674 2643 4730 Viriliter
2678 4690 2803 4745 age,
2825 4682 2875 4727 et
2924 4673 3248 4743 confortatur
3280 4688 3373 4727 ear
3395 4680 3566 4736 tuum,

2001 4782 2110 4828 etc.
2145 4770 2388 4824 Viriliter
2415 4783 2538 4838 age,
2576 4766 2629 4821 id
2657 4776 2763 4834 est,
2795 4765 3006 4820 virilem
3036 4765 3276 4818 animum
3307 4779 3568 4830 assume,

2004 4879 2111 4918 non
2138 4864 2432 4918 secundum
2469 4860 2637 4915 robur
2665 4859 2931 4929 corporis,
2966 4858 3061 4911 sed
3096 4858 3395 4911 secundum
3425 4856 3571 4911 vires

2004 4954 2185 5010 cordis
2216 4954 2331 5009 tui:
2362 4953 2446 5008 sic
2476 4952 2622 5008 enim
2659 4950 2943 5005 Dominum
2973 4949 3177 5020 poteris
3207 4951 3495 5004 sustinere.

1992 5181 1995 5183 .
2071 5134 2346 5208 Ejusdem.
2379 5134 2489 5192 Cor
2527 5132 2684 5189 virile
2719 5132 2884 5188 etiam
2913 5131 3091 5187 anima
3123 5140 3205 5188 est
3243 5146 3362 5201 quae
3393 5132 3568 5202 impu—

1989 5353 2203 5410 schedte
2228 5364 2291 5403 ac
2319 5347 2613 5401 Barbarus.

2061 5421 2174 5491 (l9l
2214 5417 2494 5491 '0pa__z6r
2521 5415 2592 5469 ἐν
2623 5413 2704 5481 τῷ
2734 5413 2915 5483 νόμῳ,
2943 5421 3051 5468 etc.
3096 5409 3323 5467 Scitedaa
3350 5408 3564 5478 Grahii,

1991 5488 2307 5552 Cortlerius,
2342 5488 2632 5540 Barbarus.

2080 5562 2174 5627 20)
2224 5553 2536 5627 Ἅνδρίζου,
2568 5552 3018 5627 etc._Corderius.

2085 5619 2173 5695 21)
2231 5619 2487 5695 Ἀνδρεία
2517 5619 2751 5695 καρδία,
2782 5637 2890 5680 etc.
2929 5621 3158 5679 Schedte
3201 5619 3423 5692 Grabii,
3470 5634 3567 5677 cc-

1993 5694 2097 5761 ἀεὶ
2144 5694 2528 5759 Coislinianus,
2568 5694 2857 5749 Barbarus.
