4020 6152
514 196 651 252 1283

1940 200 2033 256 EX
2069 198 2370 258 ORIGENE

3600 211 3753 266 ’1234

508 295 587 369 ris
634 313 1053 386 cogitationibus
1120 325 1176 372 et
1232 314 1385 372 falsis
1437 316 1783 390 dogmatibus
1837 333 1943 374 non
1996 336 2048 375 es

2180 320 2213 391 ή
2263 320 2339 392 μὴ
2393 320 2588 392 ἔχουσα
2637 322 2928 395 λογισμοὺς
2980 322 3323 396 ἀκαθάρτους
3371 322 3472 378 καὶ
3512 321 3754 394 δόγματα

508 406 739 471 imbuta.

999 589 1122 646 PSA
1132 590 1324 648 LMUS
1371 593 1582 650 XXVII.

578 683 742 738 Vens.
778 684 829 737 1.
857 683 941 737 Ad
970 694 1019 739 te
1043 724 1062 750 ,
1100 682 1325 740 Domine
1346 726 1365 752 ,
1393 685 1631 741 clamabo
1657 727 1675 754 ,
1714 687 1855 744 Deus
1897 707 2071 758 meus,

2187 416 2376 489 ψευδῆ.

2726 599 3015 654 ΨΑΛΜΟΣ
3051 598 3177 655 ΚΖ’.

2262 693 2416 761 Πρὸς
2461 691 2568 757 σὲ,
2598 689 2799 759 Κύριε,
2837 690 3216 762 κεκράξομαι,
3257 695 3291 747 ό
3321 695 3467 759 Θεός
3498 710 3646 762 μου,
3664 690 3751 760 μὴ

506 791 570 829 ne
597 775 753 829 sileas
787 792 819 829 a
847 792 949 844 me,
984 786 1090 832 etc.
1123 779 1202 832 Ex
1227 779 1293 834 iis
1319 780 1409 849 qui
1438 779 1677 835 clamant
1705 783 1773 837 ad
1822 784 1989 840 Deum
2018 801 2048 841 e

2178 783 2655 853 παρασιωπήσῃς
2689 784 2791 838 ἀπ’
2825 782 2992 852 ἐμοῦ,
3035 801 3091 839 κ.
3120 802 3171 841 τ.
3215 785 3262 838 ὲ.
3312 784 3437 837 Τῶν
3476 784 3617 855 πρὸς
3663 784 3752 837 τὸν

506 865 757 919 emittunt
805 882 995 936 preces
1022 908 1039 933 ,
1094 869 1137 923 si
1175 870 1299 938 quis
1337 879 1557 926 terrena
1595 872 1767 941 petit,
1803 873 1921 942 ejus
1966 890 2048 931 vo:

2179 877 2311 931 Θεὸν
2350 878 2463 949 (22)
2504 877 2751 949 βοώντων
2792 880 2887 930 καὶ
2923 876 3297 947 ἀναφερόντων
3323 877 3420 939 τὰς
3454 876 3623 945 εὐχὰς
3647 917 3662 939 ,
3705 874 3755 929 εί

501 955 684 1012 brevis
716 968 771 1012 et
800 959 959 1013 exilis
990 968 1094 1014 est.
1131 960 1187 1015 Si
1242 969 1423 1015 autem
1472 961 1715 1017 coelestia
1750 967 1920 1032 petit,
1954 966 2038 1022 cla

2182 969 2277 1042 μὲν
2305 969 2373 1023 τὰ
2403 969 2625 1038 ἐπίγειά
2656 986 2741 1034 τις
2787 969 2948 1034 αἰτεῖ,
2995 968 3143 1021 ἐστὶν
3181 970 3214 1039 ἠ
3242 968 3396 1038 φωνὴ
3422 967 3590 1020 αὑτοῦ
3622 966 3754 1039 βραο
3814 998 3823 1002 -

503 1055 639 1102 mat.
672 1045 828 1104 Unde
857 1047 1168 1119 frequenter
1197 1050 1248 1105 in
1278 1051 1575 1121 Scripturis
1600 1055 1774 1111 sancti
1808 1056 1874 1111 ad
1903 1055 2048 1112 Deun

2178 1065 2315 1132 χεῖα·
2344 1063 2392 1114 εί
2425 1061 2481 1114 δέ
2511 1062 2579 1116 τὰ
2622 1061 2922 1132 ἐπουράνιά
2954 1079 3039 1126 τις
3073 1062 3235 1124 αἰτεῖ,
3266 1059 3381 1129 βοᾷ.
3417 1057 3584 1111 Ὅθεν
3622 1059 3749 1111 πολ-

505 1136 770 1193 clamasse
840 1139 1117 1195 dicuntur.
1175 1139 1415 1197 Conetur
1474 1143 1642 1208 igitur
1700 1149 2048 1217 unusquisqut

2175 1153 2330 1216 λάκις
2364 1152 2581 1222 λέγεται
2622 1153 2679 1205 ἐν
2707 1155 2828 1215 ταῖς
2859 1152 3111 1226 Γραφαῖς
3137 1152 3268 1224 περὶ
3292 1150 3400 1206 τῶν
3446 1150 3638 1218 ἁγίων,
3664 1151 3746 1203 ὅτι

510 1231 675 1284 Deum
711 1243 870 1285 orare
902 1247 1022 1286 cum
1070 1232 1309 1288 clamore
1333 1273 1347 1297 ,
1383 1242 1438 1288 et
1484 1236 1663 1290 dicam
1694 1252 1802 1307 quo
1850 1239 2048 1295 insolitt

2172 1243 2309 1316 πρὸς
2334 1243 2425 1298 τὸν
2451 1244 2582 1299 Θεὸν
2612 1242 2936 1315 ἐκέκραξαν.
2976 1242 3264 1315 Πειράσθω
3300 1243 3485 1296 τοίνυν
3517 1243 3747 1305 ἕκαστος

504 1322 759 1378 clamore.
808 1323 1114 1395 Ingreditur
1147 1326 1273 1395 quis
1318 1326 1371 1380 in
1404 1328 1711 1384 cubiculum
1760 1341 1814 1385 et
1862 1331 2039 1387 claudi

2171 1333 2421 1407 εὔχεσθαι
2452 1336 2529 1408 τῷ
2560 1336 2678 1408 Θεῷ
2711 1335 3017 1408 κεκραγὼς,
3047 1336 3141 1389 καὶ
3179 1334 3612 1408 παραδοξότερον
3635 1335 3747 1408 ἐρῶ

501 1413 728 1479 ostium,
755 1428 819 1469 ac
841 1414 919 1471 sic
942 1414 1197 1471 clamavit
1217 1417 1285 1471 ad
1315 1417 1502 1472 Deum.
1529 1438 1551 1471 ί
1577 1418 1650 1474 Ne
1674 1420 1837 1477 sileas
1859 1437 1889 1476 a
1914 1438 2048 1479 me.t

2172 1431 2290 1496 πῶς
2319 1431 2624 1504 κεκραγὼς.
2652 1430 2922 1485 Εἰσελθὼν
2949 1433 3030 1494 εἰς
3052 1430 3114 1483 τὸ
3136 1432 3357 1500 ταμεῖον
3385 1428 3553 1482 αὑτοῦ
3578 1427 3744 1483 κλείει

503 1504 778 1575 Scriptum
805 1516 887 1575 est
923 1506 1094 1562 Deum
1127 1507 1322 1578 Moysi,
1357 1508 1557 1565 Aaroni
1586 1522 1640 1566 et
1665 1512 1789 1568 Jesu
1823 1514 1967 1571 Nave
1996 1517 2047 1571 lo

2170 1520 2266 1593 τὴν
2306 1522 2493 1595 θύραν,
2527 1524 2621 1577 καὶ
2648 1522 2822 1586 οὕτως
2864 1521 3125 1615 κέκραγε-
3144 1521 3278 1615 πρὸς
3304 1520 3397 1615 τὸν
3421 1518 3579 1573 Θεόν.
3609 1537 3629 1569 ι
3651 1519 3741 1615 μὴ

498 1606 684 1653 cntum
714 1613 855 1654 esse.
889 1598 1046 1669 Digni
1072 1601 1217 1655 enim
1249 1613 1405 1658 erant
1429 1605 1623 1674 quibus
1652 1607 1795 1663 Deus
1823 1608 2070 1678 loquere-

502 1693 612 1739 tur.
643 1685 747 1742 Per
775 1688 1069 1757 prophetas
1096 1705 1315 1761 quoque
1345 1692 1556 1749 locutus
1577 1704 1679 1759 est,
1708 1699 1943 1766 quandiu
1973 1714 2068 1769 po-

495 1778 658 1847 pulus
688 1778 782 1834 Dei
820 1781 985 1835 stetit.
1019 1780 1128 1837 Nec
1159 1793 1412 1853 putemus
1440 1787 1605 1842 Deum
1635 1790 1877 1845 exterius
1911 1792 2066 1846 nobis

494 1869 642 1940 loqui
670 1889 685 1926 :
718 1872 884 1944 636
911 1889 1032 1928 nam
1062 1886 1267 1932 sanctae
1303 1878 1417 1934 illae.
1436 1882 1796 1951 cogitationes
1828 1898 1946 1952 qua:
1970 1899 2066 1939 cor

494 1972 740 2018 nostrum
786 1966 1054 2032 subeunt,
1096 1969 1268 2025 verba
1304 1980 1430 2025 sunt
1464 1986 1529 2025 ac
1568 1987 1727 2029 voces
1756 1974 1951 2043 quibus
1982 1976 2061 2030 lo-

495 2054 686 2123 quitur
715 2055 874 2111 nobis
902 2056 1063 2113 Deus.
1099 2058 1192 2113 Sic
1221 2062 1426 2132 accipe,
1456 2066 1673 2134 quando
1701 2066 1898 2122 dicitur
1921 2068 2064 2126 Deus

496 2145 564 2199 ad
590 2147 732 2201 hunc
759 2147 841 2201 vel
873 2146 1020 2202 illum
1055 2149 1287 2206 locutus.
1319 2154 1471 2221 Quod
1504 2156 1608 2211 hoc
1649 2157 1722 2211 ita
1751 2172 1811 2213 se
1841 2159 2060 2224 habeat,

495 2236 783 2308 Scriptura
812 2248 1041 2301 testatur
1063 2242 1145 2298 ‘7:
1196 2262 1217 2296 ι
1250 2244 1447 2301 Beatus
1481 2246 1564 2301 vir
1591 2248 1744 2320 cujus
1771 2260 1855 2306 est
1901 2251 2060 2306 auxi-

491 2325 620 2380 lium
647 2328 745 2384 abs
775 2338 846 2392 te.
882 2329 1132 2400 Domine,
1162 2335 1508 2392 ascensiones
1531 2337 1586 2392 in
1619 2341 1781 2397 corde
1811 2356 1911 2397 suo
1951 2342 2062 2398 dis-

490 2420 691 2489 posuit.
744 2440 767 2475 ι
826 2422 1092 2481 Habemus
1141 2438 1321 2483 autem
1369 2438 1425 2484 et
1476 2429 1643 2485 altum
1679 2431 1920 2489 auditum
1953 2451 2059 2506 quo

488 2516 714 2569 verbum
742 2513 839 2571 Dei
866 2518 1102 2573 auditur.
1133 2518 1358 2577 Divinus
1386 2531 1470 2577 est
1511 2537 1705 2580 sensus
1736 2524 1825 2581 ille
1863 2529 1953 2597 qui
1981 2530 2060 2585 sic

489 2605 632 2674 apud
668 2606 1015 2665 Salomonem
1044 2613 1377 2680 nominatur,
1410 2615 1501 2685 qui
1530 2616 1686 2671 audit
1707 2618 1931 2674 verbum
1965 2620 2056 2676 Dei

486 2704 543 2749 et
566 2695 616 2750 ei
656 2696 983 2753 admiscetur
1012 2715 1076 2755 ac
1119 2701 1488 2774 conjungitur.
1526 2723 1545 2757 ι
1578 2705 1720 2761 Deus
1756 2722 1939 2777 meus,
1971 2710 2054 2764 in-

486 2786 624 2857 quit,
656 2802 726 2843 ne
756 2788 916 2845 sileas
947 2805 977 2844 a
1024 2800 1198 2858 me,et
1228 2795 1577 2851 assimilabor
1603 2797 2055 2859 descendentibus

2172 1613 2609 1685 παρασιωπήσῃς
2649 1612 2745 1666 ἀπ’
2792 1610 2948 1682 ἐμοῦ.
2980 1629 2998 1661 ι
3037 1610 3170 1674 Θεὸς
3212 1609 3630 1681 ἀναγέγραπται
3661 1607 3743 1660 λε-

2165 1702 2454 1773 λαληκέναι
2486 1702 2623 1773 πρὸς
2646 1703 2905 1767 Μωῦσέα,
2941 1701 3032 1755 καὶ
3056 1702 3191 1775 πρὸς
3222 1699 3454 1771 Ἀαρὼν,
3485 1699 3580 1753 καὶ
3606 1697 3738 1768 πρὸς

2179 1793 2383 1866 Ἰησοῦν
2422 1794 2514 1847 τὸν
2549 1793 2642 1848 τοῦ
2679 1794 2857 1866 Ναυῆ.
2903 1792 3143 1846 Τοιοῦτοι
3177 1792 3282 1865 γὰρ
3308 1786 3449 1863 ἦσαν
3483 1791 3572 1843 ἴνα
3603 1789 3735 1859 λαλῇ

2166 1886 2303 1958 πρὸς
2343 1886 2540 1950 αὐτοὺς
2588 1887 2616 1939 6
2652 1884 2802 1949 Θεός.
2840 1886 2950 1939 Καὶ
2988 1884 3074 1938 διὰ
3105 1883 3214 1937 τῶν
3244 1880 3561 1956 προφητῶν,
3597 1882 3684 1933 ὅτε
3709 1883 3739 1934 6

2165 1978 2290 2042 λαὸς
2318 1974 2385 2049 ἦν
2415 1979 2508 2031 τοῦ
2548 1977 2682 2032 Θεοῦ
2707 2018 2722 2042 ,
2769 1978 2869 2031 οὐκ
2911 1976 3138 2031 ἐσιώπα.
3179 1978 3290 2030 Καὶ
3324 1975 3397 2048 μὴ
3426 1974 3737 2046 νομίσωμεν

2162 2074 2361 2143 ἔξωθεν
2386 2078 2519 2148 ἡμῖν
2544 2076 2724 2130 λαλεῖν
2761 2075 2854 2130 τὸν
2892 2075 3043 2129 Θεόν·
3080 2074 3214 2129 ἀλλὰ
3252 2073 3361 2145 γὰρ
3405 2072 3477 2126 τὰ
3515 2071 3737 2127 ἀναϐαί-

2162 2186 2321 2223 νοντα
2344 2169 2500 2240 ὴμῶν
2530 2169 2624 2222 ἐπὶ
2647 2168 2745 2241 τὴν
2776 2168 3001 2240 καρδίαν
3037 2168 3167 2237 ἆγια
3196 2166 3379 2221 ἐκεῖνά
3414 2168 3565 2219 ἐστιν
3589 2164 3624 2218 ἃ
3646 2164 3733 2218 λα-

2161 2262 2244 2316 λεῖ
2266 2264 2396 2334 ἡμῖν
2421 2263 2449 2315 ὁ
2469 2261 2621 2326 Θεός.
2651 2260 2837 2325 Οὕτως
2867 2261 3031 2315 ἄκουε
3064 2260 3177 2325 τοῦ,
3230 2259 3521 2331 Ἐλάλησεν
3549 2261 3578 2311 ὁ
3601 2258 3729 2320 Θεὸς

2162 2356 2300 2428 πρὸς
2325 2354 2415 2409 τὸν
2448 2353 2615 2407 δεῖνα.
2660 2355 2780 2407 ’Ότι
2812 2354 2869 2407 δέ
2895 2353 3044 2408 τοῦθ’
3072 2351 3241 2416 οὕτως
3267 2351 3381 2422 ἔχει
3398 2392 3415 2415 ,
3443 2352 3606 2405 ἄκουε
3630 2349 3728 2419 τῆς

2160 2447 2385 2518 Γραφῆς
2436 2446 2606 2517 αὐτῆς
2655 2438 3057 2518 μαρτυρούσης·
3103 2464 3121 2496 ι
3146 2444 3433 2514 Μακάριος
3481 2441 3621 2512 ἀνὴρ
3664 2432 3724 2493 οὗ

2159 2536 2306 2590 ἐστιν
2339 2536 2620 2607 ἀντίληψις
2651 2534 2816 2589 αὐτοῦ
2846 2534 2996 2605 παρὰ
3025 2534 3152 2600 σοῦ,
3184 2533 3353 2604 Κύριε
3378 2572 3394 2595 ,
3441 2531 3725 2594 ἀναϐάσεις

2161 2632 2242 2693 είς
2304 2628 2403 2701 τὴν
2454 2628 2682 2700 καρδίαν
2740 2627 2926 2684 αὐτοῦ.
2960 2647 2978 2679 ι
3046 2628 3280 2698 Ἔχομεν
3336 2623 3502 2693 ἄλλην
3561 2621 3723 2690 ἀκοὴν

2156 2719 2457 2776 ἀκούουσαν
2495 2720 2653 2789 λόγου
2678 2719 2833 2773 Θεοῦ.
2865 2718 2996 2772 Θεία
3034 2719 3180 2771 ἐστὶν
3207 2719 3241 2789 ἡ
3273 2715 3523 2786 αἴσθησις
3543 2713 3723 2780 ἐκείνη

2156 2814 2191 2884 ἡ
2229 2811 2373 2867 οὕτω
2409 2812 2561 2887 παρὰ
2596 2812 2901 2884 Σολομῶντι
2943 2810 3315 2882 ὀνομαζομένη
3336 2849 3351 2873 ,
3386 2810 3423 2880 ἡ
3457 2806 3721 2861 ἀκούουσα

484 2878 541 2933 in
575 2879 777 2938 lacum.
813 2900 833 2934 ι
869 2881 1151 2939 Neminem
1183 2895 1493 2941 sanctorum
1524 2887 1699 2944 lacum
1730 2890 1930 2947 fodisse
1954 2908 2048 2947 no-

2154 2878 2311 2973 λόγου
2339 2878 2507 2971 Θεοῦξ
2531 2878 2949 2977 άνακεκνραμένη
2993 2878 3139 2974 αύτῷ
3172 2878 3267 2956 καὶ
3296 2878 3572 2974 si)th
3608 2917 3629 2950 ι
3664 2898 3720 2952 '0

483 2970 683 3027 vimus.
717 2970 773 3028 Si
796 2975 1011 3043 quando
1036 2985 1216 3031 autem
1242 2977 1359 3032 viro
1384 2990 1575 3035 sancto
1598 2996 1738 3053 aqua
1769 2998 1905 3052 opus
1931 2983 2052 3050 fuit,

484 3073 703 3132 puteum
731 3064 887 3121 fodit.
922 3066 1180 3123 Salomon
1207 3085 1238 3125 e
1268 3072 1444 3140 puteis
1477 3073 1662 3131 bibere
1695 3074 1881 3144 jubet;
1913 3078 2054 3134 Deus

482 3168 616 3208 vero
645 3171 741 3225 per
766 3158 1083 3227 pr0phetam
1117 3161 1183 3215 iis
1214 3164 1305 3231 qui
1335 3163 1400 3219 de
1433 3163 1550 3219 lacu
1574 3165 1784 3237 bibunt,
1817 3169 2055 3225 minatur

482 3244 675 3301 dicens
698 3245 778 3301 “:
817 3265 838 3299 ‹
887 3249 971 3304 Me
1012 3251 1420 3323 dereliquerunt
1452 3256 1656 3312 fontem
1687 3274 1841 3330 aqua:
1879 3262 2012 3317 vivae
2035 3303 2051 3329 ,

482 3343 538 3389 et
566 3334 820 3391 foderunt
846 3338 947 3394 sibi
980 3339 1130 3397 lacus
1157 3343 1489 3402 confractos.
1521 3347 1599 3404 Ne
1640 3351 1802 3422 igitur
1826 3353 1987 3409 sileas
2020 3371 2051 3409 a

483 3441 595 3495 me,
626 3438 681 3483 et
710 3429 1058 3487 assimilabor
1094 3434 1549 3494 descendentibus
1579 3442 1632 3495 ln
1664 3441 1860 3496 lacum.
1893 3464 1911 3497 ι
1944 3445 2051 3501 Ye-

480 3534 600 3574 rum
633 3529 692 3574 ut
718 3520 992 3588 sciamus,
1022 3525 1240 3594 quinam
1277 3528 1327 3582 in
1361 3529 1537 3584 lacum
1576 3532 1928 3603 descendant,
1965 3551 2052 3592 sa-

478 3626 571 3666 cra
603 3610 884 3681 Scriptura
917 3615 1131 3672 divinas
1161 3634 1271 3687 res,
1317 3622 1557 3689 calidas;
1582 3640 1702 3693 qua:
1730 3637 1905 3683 autem
1937 3646 2049 3685 ma-

478 3705 616 3760 teria
643 3716 699 3763 et
722 3718 958 3781 'prccato
989 3708 1203 3765 infecta:
1234 3722 1394 3779 sunt,
1424 3728 1517 3770 eas
1543 3714 1766 3787 frigidas
1794 3721 2050 3790 appellat.

476 3796 554 3852 lbi
585 3800 868 3854 hominum
921 3801 1097 3857 hostis
1141 3802 1307 3859 draco
1351 3804 1654 3874 inhabitat,
1690 3810 1780 3879 qui
1820 3810 2048 3883 frigidus

476 3900 815 3958 nuncupatus
838 3898 935 3945 est.
964 3890 1179 3946 Nullum
1204 3894 1348 3947 enim
1375 3895 1714 3950 terrestrium
1735 3899 2046 3955 animalium

475 3978 704 4047 perinde
769 3980 1020 4052 frigidum
1068 3994 1171 4051 est,
1225 3996 1388 4057 atque
1439 3988 1624 4043 draco.
1666 3989 1838 4046 Omne
1883 3992 2048 4062 igitur

474 4078 761 4138 peccatum
792 4064 1043 4143 frigidum
1073 4085 1199 4143 est;
1237 4094 1325 4134 res
1355 4090 1534 4135 autem
1564 4080 1781 4145 divina.
1820 4085 2045 4140 utvide-

2154 2992 2287 3057 Θεὸς
2323 2990 2417 3049 οῦν
2454 3012 2555 3066 μου
2576 3035 2590 3059 ,
2626 2996 2824 3067 φησὶν,
2868 2996 2943 3066 μὴ
2976 2996 3407 3066 παρασιωπήσῃς
3436 2991 3531 3045 ἀπ’
3568 2988 3717 3060 ἐμοῦ,

2156 3087 2248 3141 καὶ
2299 3088 2737 3159 όμοιωθήσομαι,
2791 3088 2986 3158 φησὶν,
3039 3090 3151 3150 τοῖς
3185 3084 3604 3139 καταϐαίνουσιν
3644 3085 3720 3147 είς

2153 3167 2373 3233 λάκκον.
2401 3198 2419 3230 ι
2458 3179 2663 3232 Οὐδένα
2697 3178 2806 3232 τῶν
2835 3178 3004 3247 ἁγίων
3018 3177 3248 3248 οἴδαμεν
3270 3175 3470 3230 λάκκον
3503 3174 3720 3247 ὀρύξανο

2152 3283 2241 3323 τα*
2274 3268 2387 3322 ἀλλ’
2430 3270 2612 3323 εἴποτε
2651 3270 2804 3338 ἆγιος
2845 3269 3033 3340 χρείαν
3072 3268 3228 3339 ἔσχεν
3285 3267 3504 3334 ὕδατος,
3547 3267 3716 3338 φρέαρ

2152 3359 2347 3433 ὤρυξε.
2376 3361 2486 3415 Καὶ
2514 3360 2763 3432 Σολομὼν
2786 3361 3086 3415 ἐντέλλεται
3112 3361 3222 3415 ἀπὸ
3245 3360 3495 3432 φρεάτων
3523 3359 3714 3413 πίνειν·

2150 3455 2180 3507 ὀ
2218 3453 2274 3507 δὲ
2322 3455 2605 3525 προφήτης
2662 3454 2877 3508 ἀπειλεῖ
2921 3456 3035 3518 τοῖς
3082 3454 3326 3508 πίνουσιν
3378 3454 3443 3506 ἐκ
3484 3451 3717 3512 λάκκου,

2151 3543 2322 3613 λέγων
2348 3546 2423 3609 ὡς
2452 3548 2517 3599 ἐκ
2541 3545 2831 3618 προσώπου
2855 3545 2948 3600 τοῦ
2973 3546 3127 3600 Θεοῦ·
3167 3565 3186 3597 ι
3217 3544 3346 3616 Ἐμὲ
3367 3542 3718 3613 ἐγκατέλιπον

2152 3637 2332 3710 πηγὴν
2365 3637 2555 3704 ὕδατος
2583 3639 2812 3705 ζῶντος,
2849 3640 2945 3694 καὶ
2984 3637 3199 3707 ὤρυξαν
3234 3639 3447 3700 ἑαυτοῖς
3483 3636 3717 3699 λάκκους

2151 3732 2659 3806 συντετριμμένους.
2715 3733 2940 3805 Μήποτε
2995 3729 3088 3786 οὖν
3140 3730 3580 3802 παρασιωπήσῃς
3625 3730 3715 3783 ἀπ’

2149 3823 2301 3895 ἐμοῦ,
2316 3825 2409 3878 καὶ
2436 3824 2844 3895 ὁμοιωθήσομαι
2884 3825 2997 3887 τοῖς
3040 3820 3452 3877 καταϐαίνουσιν
3485 3822 3566 3883 εἰς
3591 3819 3717 3872 λάκ-

2148 3933 2263 3970 κον.
2283 3936 2303 3970 ι
2349 3916 2487 3970 Ἀλλ’
2520 3918 2667 3981 ὅπως
2700 3917 2896 3987 ἴδωμεν
2932 3916 3073 3978 τίνες
3101 3916 3150 3968 οἱ
3178 3912 3596 3975 καταϐαίνοντες
3640 3913 3716 3973 εἰς

2146 4008 2365 4074 λάκκον,
2395 4010 2430 4079 ἡ
2460 4008 2582 4080 ιερὰ
2614 4008 2804 4080 Γραφὴ
2830 4007 2900 4061 τά
2936 4005 3054 4061 θεῖα
3077 4006 3224 4075 λέγει
3246 4000 3383 4059 εἶναι
3422 4003 3621 4078 θερμὰ,
3647 4005 3712 4057 τὰ

2145 4101 2202 4154 δὲ
2234 4100 2333 4170 τῆς
2379 4100 2648 4172 ἁμαρτίας
2698 4100 2793 4154 καὶ
2843 4100 2943 4170 τῆς
2989 4098 3119 4171 ὕλης
3169 4098 3469 4169 πράγματα
3509 4093 3708 4165 ψυχρά.

477 4165 586 4223 tur,
620 4157 840 4216 fervidae
880 4173 1027 4218 sunt.
1068 4166 1160 4219 Ait
1202 4168 1346 4222 enim
1379 4168 1453 4222 σοι
1492 4187 1512 4220 ι
1540 4168 1641 4236 Qui
1671 4172 1797 4228 facit
1828 4177 2045 4245 angelos

2159 4157 2667 4245 ’Exei'obtsilxalv6
2700 4157 2954 4261 πολέμιος
2992 4157 3114 4245 τῶν-
3138 4157 3439 4261 ἀνθρώπων
3475 4157 3707 4261 δράκων,

474 4262 603 4304 suos
632 4251 857 4321 spiritus
879 4293 897 4321 ,
937 4266 992 4309 et
1024 4257 1301 4314 ministros
1332 4275 1461 4318 suos
1506 4260 1773 4318 flammam
1804 4266 1944 4335 ignis
1968 4309 1982 4334 ,
2014 4286 2034 4321 ι

2151 4235 2542 4353 δξ”ἇξνοέζῖσθη
2583 4280 2808 4353 ψυχρός.
2834 4235 3006 4335 ⁶Θύδὲν
3040 4280 3147 4352 γὰρ
3178 4235 3285 4335 τῶιν
3318 4282 3412 4334 ἐπὶ
3440 4235 3547 4352 γῆις
3577 4279 3708 4344 ζῶόν

472 4346 604 4408 et",
638 4365 658 4398 ι
701 4349 885 4416 Ignem
926 4353 1046 4407 veni
1092 4354 1307 4409 mittere
1335 4357 1386 4410 in
1415 4367 1649 4426 terram;
1675 4379 1694 4412 ι
1729 4370 1785 4415 et
1805 4361 1935 4417 illud
1959 4365 2036 4420 ":

478 4453 498 4487 ι
536 4434 741 4507 Spiritu
775 4438 1081 4516 ferventes.
1116 4462 1136 4496 ι
1177 4443 1458 4511 Quomodo
1492 4457 1672 4505 autem
1721 4461 2036 4520 peccatores

471 4529 611 4598 apud
659 4530 811 4586 lacus
850 4533 996 4598 sint,
1026 4535 1172 4590 audi.
1214 4535 1269 4590 In
1313 4536 1501 4592 Exodo
1533 4541 1790 4610 scriptum
1837 4552 1922 4597 est
1943 4545 2030 4598 7':

475 4634 496 4668 ι
527 4617 801 4676 Ιηίετΐθοίι
844 4621 987 4678 Deus
1038 4625 1105 4679 ab
1142 4627 1290 4681 omni
1336 4629 1696 4699 primogenita
1733 4632 2031 4691 Pharaonis

468 4709 561 4778 qui
611 4711 829 4768 sedebat
861 4714 914 4769 in
949 4717 1143 4772 throno
1186 4734 1360 4790 usque
1398 4724 1465 4778 ad
1501 4726 1916 4796 primogenitum
1944 4742 2035 4783 ca-

465 4800 625 4872 ptivae
663 4818 783 4873 quae
829 4817 949 4861 erat
995 4808 1048 4862 in
1080 4809 1222 4864 lacu.
1256 4829 1276 4862 ι
1323 4810 1415 4867 Sic
1462 4829 1592 4885 ergo
1619 4817 1711 4886 qui
1752 4819 1803 4872 in
1853 4819 2029 4874 lacum

466 4893 816 4962 descendunt,
843 4909 968 4955 sunt
990 4913 1305 4971 peccatores
1326 4916 1377 4961 et
1394 4907 1614 4976 captivi,
1640 4910 1734 4964 sed
1761 4912 2031 4983 benignus

450 4982 610 5041 Deus
643 4989 741 5043 bos
774 4990 942 5044 etiam
980 5003 1160 5060 vocat,
1191 5005 1358 5067 atque
1388 4998 1493 5052 illis
1523 5000 1782 5068 praedicat
1811 5003 2034 5059 liberta-

466 5085 595 5132 tem.
646 5097 665 5130 ι
694 5078 930 5150 Spiritus
976 5086 1119 5140 enim
1173 5087 1385 5143 Domini
1434 5106 1600 5162 super
1650 5109 1770 5158 mc,
1813 5105 2032 5166 propter

465 5169 607 5237 quod
635 5172 790 5227 unxit
832 5188 940 5239 me,
969 5178 1345 5248 evangelizare
1380 5184 1706 5253 pauperibus
1739 5187 1887 5243 misit
1919 5204 2026 5256 me,

464 5260 757 5330 praedicare
799 5266 1031 5335 captivis
1065 5268 1370 5328 libertatem
1390 5315 1406 5339 ,
1447 5284 1503 5330 et
1534 5277 1692 5333 cazcis
1721 5278 1893 5334 visum
1925 5282 1991 5335 ⁷³.

533 5378 1005 5460 πεδαίχμιῃι,
1035 5386 1088 5441 6.
1146 5458 1157 5460 _
1184 5388 1228 5420 ⁵⁸
1247 5386 1446 5447 Jerem.
1482 5408 1541 5460 tt,
1573 5393 1659 5450 15.

462 5449 681 5513 “1,29.
754 5453 801 5484 ⁷³
820 5451 955 5510 Jsai.
998 5458 1188 5522 Lami.

535 5541 1017 5639 (g2)hTrcEJ:.:fpgc
1052 5551 1175 5639 £67
1213 5553 1398 5624 Θεόν,
1456 5562 1564 5612 etc.
1620 5554 1800 5612 Codex
1863 5554 2048 5614 Baroct

2151 5574 2255 5628 ius,
2304 5562 2612 5634 partimque
2655 5563 2855 5622 Catena
2906 5556 3193 5639 Corderii;

463 5613 687 5669 ascribit
720 5613 920 5674 Daniel
942 5613 1232 5679 Barbarus.

1764 5396 1808 5428 ⁶⁹
1835 5394 1980 5453 Psal.
2006 5402 2246 5482 cum-4.
2321 5404 2366 5434 "°
2400 5402 2529 5459 Luc.
2565 5420 2663 5471 xu,
2691 5405 2778 5461 40.

2143 4375 2259 4428 ἐστι
2301 4374 2525 4446 ψυχρὸν,
2569 4375 2644 4438 ὡς
2671 4377 2699 4428 6
2730 4374 2966 4447 δράκων.
2996 4376 3155 4428 Πᾶσα
3193 4370 3286 4429 οὖν
3334 4374 3581 4446 ἁμαρτία
3611 4373 3705 4442 ψυ-

2140 4466 2248 4537 χρά
2276 4465 2412 4519 ἐστι’
2443 4465 2511 4519 τὰ
2555 4465 2613 4519 δέ
2658 4465 2797 4532 θεῖα,
2830 4467 2907 4530 ὼς
2948 4466 3111 4532 ἔοικε,
3159 4467 3355 4541 θερμά.
3396 4487 3418 4521 ι
3453 4470 3514 4522 '0
3543 4467 3703 4523 ποιῶν

2140 4559 2265 4622 τοὺς
2292 4558 2553 4623 ἀγγέλους
2586 4559 2747 4613 αὐτοῦ
2774 4559 3056 4631 πνεύματα
3089 4560 3182 4614 καὶ
3212 4562 3339 4625 τοὺς
3364 4560 3701 4634 λειτουργοὺς

2137 4648 2302 4703 αὐτοῦ
2356 4649 2525 4723 πυρὸς
2563 4650 2790 4719 φλόγα-ι
2824 4652 2954 4715 καὶ,
2991 4670 3010 4703 ι
3041 4651 3159 4725 Πῦρ
3181 4648 3367 4724 ’ἦλθον
3398 4652 3577 4723 βαλεῖν
3610 4653 3698 4705 ἐπὶ

2136 4743 2234 4813 τὴν
2272 4744 2396 4814 γῆν⁸
2434 4763 2453 4796 ι
2514 4744 2625 4808 καὶ,
2655 4763 2675 4795 ί
2696 4742 2786 4815 Τῷ
2818 4745 3081 4816 πνεύματι
3112 4744 3339 4809 ζέοντες.
3367 4766 3385 4797 ι
3422 4747 3547 4810 Πῶς
3574 4747 3629 4800 δὲ
3652 4747 3697 4799 oi

2141 4831 2450 4903 ἁμαρτωλοὶ
2476 4834 2625 4903 παρὰ
2650 4832 2872 4899 λάκκοις
2892 4836 3248 4901 είσὶν,ἄκουε.
3292 4837 3380 4889 Ἐν
3434 4836 3501 4905 τῇ
3559 4836 3695 4901 Ἐξό-

2132 4922 2206 4993 δῳ
2294 4923 2636 4996 γέγραπται·
2684 4946 2702 4978 ι
2740 4927 3085 4982 Ἀπέκτεινεν
3112 4929 3139 4980 6
3180 4927 3312 4990 Θεὸς
3348 4927 3458 4980 ἀπὸ
3502 4945 3697 4999 πρωτο-

2131 5012 2293 5067 τόκου
2324 5015 2541 5087 Φαραὼ,
2573 5016 2630 5080 ὃς
2661 5017 2892 5087 κάθηται
2932 5019 3027 5071 ἐπὶ
3071 5017 3164 5071 τοῦ
3194 5018 3384 5089 θρόνου
3416 5018 3520 5081 ἕως
3554 5035 3696 5089 πρω-

2132 5105 2353 5159 τοτόκου
2380 5106 2480 5175 τῆς
2508 5107 2907 5179 αίχμαλωτίδος
2934 5109 3035 5180 τῆς
3057 5111 3114 5162 ἐν
3135 5109 3211 5181 τῷ
3232 5109 3439 5181 λάκκῳ.
3469 5129 3488 5160 ι
3514 5107 3695 5173 Οὕτως

2130 5195 2182 5247 οἱ
2220 5196 2633 5261 καταϐαίνοντες
2691 5199 2771 5262 εἰς
2826 5199 3024 5253 λάκκον
3080 5200 3388 5272 ἁμαρτωλοί
3444 5202 3551 5252 εἱσι
3607 5200 3695 5252 καὶ

2133 5288 2484 5358 αἰχμάλωτον
2520 5290 2632 5345 ἀλλ’
2658 5291 2907 5361 ὁάγαθὸς
2947 5293 3079 5356 Θεὸς
3126 5294 3221 5346 καὶ
3268 5293 3492 5356 τούτους
3523 5290 3689 5351 καλεῖ,

2883 5408 2926 5438 ⁷⁸
2959 5405 3116 5461 Rom.
3136 5422 3235 5472 xu,
3278 5407 3365 5462 Η.
3439 5408 3487 5439 ⁷³
3521 5406 3684 5461 Exod.

3250 5569 3468 5644 Origeni
3523 5570 3680 5629 etiam
