4020 6152
341 213 483 271 1285

1295 213 1618 272 SELECTA-
1638 212 1705 270 IN
1737 213 2075 273 PSALMOS.
2112 246 2184 259 --
2215 215 2414 274 PSAL.
2453 216 2664 273 XXVII.

3473 225 3610 283 £286

338 338 434 391 καὶ
466 333 733 409 κηρύσσει
771 336 953 402 αὐτοῖς
986 336 1198 406 ἄφεσιν.
1247 356 1265 389 ι
1302 338 1526 410 Πνεῦμα
1564 337 1673 412 γὰρ
1715 340 1920 412 Κυρίου
1952 339 2039 392 ἐπ’
2076 340 2199 412 ἐμὲ,
2248 332 2309 395 οῦ
2352 338 2539 395 ἕνεκεν
2593 339 2779 412 έχρισέ
2829 358 2918 412 με,
2970 341 3428 412 εὐαγγελίσασθαι
3458 361 3606 401 πτω-

338 431 455 502 χοῖς
477 428 788 484 ἀπέσταλκε
819 446 908 504 με,
939 428 1173 501 κηρύξαι
1202 429 1569 503 αἰχμαλώτοις
1599 432 1795 501 ἄφεσιν
1824 432 1918 484 καὶ
1952 432 2177 502 τυφλοῖς
2207 432 2527 503 ἀνάϐλεψιν.
2571 452 2591 486 ι

407 520 818 587 Εὶσὰκουσον,
864 523 1069 589 Κύριε,
1112 520 1223 590 τῆς
1264 521 1528 590 δεήσεώς
1560 542 1681 594 μου
1723 525 1795 577 ἐν
1841 523 1917 590 τῷ

2096 525 2262 582 Vsus.
2304 526 2358 580 2.
2406 525 2656 592 Exaudi,
2692 525 2951 593 Domine,
3005 544 3178 583 vocem
3212 528 3606 598 deprecationis

338 612 583 668 δέεσθαι
611 630 690 683 με
722 613 877 682 πρὸς
910 612 1005 677 σὲ,
1040 612 1112 667 ἐν
1144 611 1227 679 τῷ
1254 614 1447 683 αἴρειν
1481 632 1557 685 με
1588 614 1789 683 χεῖράς
1803 633 1923 685 μου

337 706 490 774 πρὸς
515 705 669 760 ναὸν
699 705 872 776 ἅγιόν
897 721 1035 771 σου,
1080 724 1135 760 κ.
1188 724 1239 761 τ.
1280 708 1326 760 ὲ.
1371 709 1434 760 Εί
1467 708 1594 772 ναός
1625 709 1772 761 ἐστιν
1812 708 1923 780 (25)

335 799 365 851 6
394 798 533 869 ἔχων
569 798 722 865 Θεὸν,
751 800 781 853 6
812 798 944 863 Θεὸς
968 798 1026 851 δὲ
1067 794 1137 871 ἦν
1171 802 1231 853 ὲν
1255 799 1475 871 Χριστῷ
1506 800 1707 873 κόσμον
1737 802 1927 856 καταλ-

336 891 553 946 λάσσων
609 891 787 963 ἐαυτῴ
808 935 824 959 ,
877 893 1006 958 ναὸς
1064 894 1172 966 ἄρα
1205 896 1354 949 ἐστὶν
1388 896 1544 965 ἆγιος
1573 900 1602 951 6
1633 897 1871 968 Χριστὸς
1903 936 1921 961 ,

337 983 477 1057 πρὸς
508 984 568 1038 ὃν
591 985 734 1057 αἴρει
766 1003 850 1049 τις
872 987 968 1039 καὶ
1000 986 1125 1057 ὐψοῖ
1145 985 1243 1059 τὴν
1276 987 1472 1042 ἑαυτοῦ
1505 988 1680 1061 ψυχὴν
1701 988 1787 1043 διά
1812 987 1923 1042 τῶν

340 1077 573 1151 ἀρετῶν.

415 1171 526 1227 Τοῦ
559 1171 766 1248 αὐτοῦ.
812 1173 967 1245 Ἐμοὶ
1002 1172 1150 1229 δοκεῖ
1177 1175 1451 1248 διαφέρειν
1486 1174 1597 1247 (24)
1633 1175 1767 1247 εὐχὴ
1796 1174 1921 1247 δεή-

340 1280 503 1327 σεως,
538 1262 633 1317 καὶ
683 1262 830 1318 δοκεῖ
865 1282 952 1335 μοι
990 1261 1020 1314 6
1064 1264 1387 1330 Ἀπόστολος
1432 1264 1652 1319 πλείονα
1682 1266 1921 1335 ὀνόματα

338 1357 421 1419 εἰς
468 1355 676 1426 ταύτην
722 1355 821 1427 τὴν
852 1354 1114 1426 διαφορὰν
1138 1356 1414 1412 διαθέσθαι
1452 1355 1646 1426 λέγων’
1687 1375 1705 1409 ι
1737 1357 1922 1429 Παρα-

338 1446 491 1501 καλῶ
520 1445 735 1517 πρῶτον
765 1445 981 1501 πάντων
1025 1445 1296 1502 ποιεῖσθαι
1326 1447 1556 1519 δεήσεις,
1590 1446 1915 1519 προσευχὰς,

337 1538 629 1607 ἐντεύξεις,
662 1540 1033 1612 εὐχαριστίας,
1062 1560 1080 1593 ι
1104 1540 1322 1612 μείζονα
1341 1539 1513 1611 λέγων
1533 1540 1609 1605 ὡς
1635 1540 1759 1611 ἐμοὶ
1774 1540 1923 1594 δοκεῖ

334 1633 438 1703 τῆς
482 1633 719 1705 δεήσεως
762 1632 859 1706 τὴν
889 1633 1212 1707 προσευχὴν,
1244 1635 1338 1688 καὶ
1369 1633 1573 1689 τούτων
1608 1634 1707 1705 τὴν
1738 1633 1920 1688 ἐντευ-

338 1724 442 1790 ξιν,
481 1725 698 1781 πάντων
734 1726 791 1779 δὲ
817 1726 913 1799 τὴν
941 1727 1310 1799 εὐχαριστίαν.
1349 1727 1567 1798 Είποιμ⁹
1599 1725 1664 1781 ἂν
1692 1722 1805 1792 οὖν,
1838 1728 1919 1781 ὅτι

335 1818 430 1871 τοῦ
473 1818 552 1872 ἔτι
580 1817 812 1883 ἐνδεοῦς,
848 1819 942 1873 καὶ
971 1813 1053 1882 οἷς
1084 1818 1163 1872 ἔτι
1196 1819 1337 1872 ἐνδεῖ
1367 1835 1508 1882 τινα,
1544 1818 1751 1874 τούτων
1771 1819 1918 1872 ἐστὶν

333 1911 367 1980 ἠ
396 1908 599 1980 δέησις.
636 1911 766 1965 Ὅτε
804 1909 861 1964 δὲ
890 1909 951 1964 τὸ
991 1910 1209 1982 ἀξίωμα
1255 1909 1349 1965 τοῦ
1394 1910 1530 1965 Θεοῦ
1555 1912 1755 1983 νοήσας
1781 1910 1918 1965 αἰτῶ

334 2018 386 2055 τι
420 2000 570 2074 παρά
603 2001 699 2057 τοῦ
730 2001 888 2068 Θεοῦ,
930 2003 1053 2057 τότε
1096 2004 1486 2077 προσεύχομαι·
1518 2005 1646 2058 ὅταν
1680 2004 1736 2057 δὲ
1768 2004 1918 2075 φίλος

334 2092 428 2146 ἐπὶ
466 2093 648 2149 πλεῖον
676 2096 942 2169 γένωμαι,
980 2097 1101 2150 τότε
1151 2098 1454 2171 εὐχαριστῶ
1494 2097 1573 2169 τῷ
1602 2098 1740 2170 Θεῷ.
1770 2118 1788 2151 ι
1830 2100 1919 2152 Ἐν

334 2185 414 2257 τῷ
437 2187 613 2259 αἴρειν
644 2206 712 2261 με
737 2193 926 2262 χεῖρας
955 2190 1091 2262 πρὸς
1126 2189 1252 2244 ναὸν
1280 2190 1434 2261 ἅγιόν
1454 2208 1568 2245 σου.
1602 2209 1621 2242 ι
1653 2191 1920 2256 Πολλάκις

336 2276 597 2348 ἐλέγομεν
628 2280 756 2349 περὶ
787 2279 1204 2352 τῆςοὲπάρσεως
1268 2279 1376 2334 τῶν
1419 2281 1642 2354 χειρῶν.
1711 2283 1916 2354 Ἐπῆρε

336 2369 578 2442 Μωύσῆς
600 2369 698 2434 τάς
731 2372 1040 2442 χεῖρας,καὶ
1061 2371 1389 2443 κατίσχυσεν
1418 2374 1447 2426 6
1484 2372 1720 2445 Ἰσραήλ*
1742 2373 1829 2426 ὅτε
1860 2372 1917 2425 δὲ

337 2459 549 2532 καθῆκε
597 2461 692 2526 τὰς
738 2464 947 2534 χεῖρας,
986 2462 1311 2535 κατίσχυσεν
1347 2465 1376 2518 6
1440 2463 1687 2537 Ἀμαλήκ
1708 2481 1721 2495 ·
1778 2464 1870 2517 καὶ
1898 2504 1916 2529 ,

342 2570 362 2603 ι
413 2551 756 2625 Ὲπαίροντες
778 2553 961 2618 ὁσίους
988 2557 1178 2627 χεῖρας
1231 2556 1401 2629 χωρὶς
1420 2556 1588 2629 ὀργῆς
1617 2556 1710 2609 καὶ
1740 2555 1918 2610 διαλο-

335 2642 558 2713 γισμοῦο
590 2662 611 2696 ι
657 2643 773 2707 καὶ,
820 2644 1133 2716 «Ἔπαρσις
1178 2645 1288 2699 τῶν
1334 2645 1536 2717 χειρῶν
1596 2663 1696 2718 μου
1758 2646 1917 2701 θυσία

336 2735 615 2807 ἑσπερινή.
646 2752 665 2787 ι
690 2735 911 2807 Είποιμι
939 2734 1006 2789 ἂν
1033 2732 1148 2801 οὖν,
1181 2737 1262 2790 ὅτι
1300 2738 1356 2791 αί
1390 2740 1568 2811 χεῖρες
1596 2737 1753 2809 ήμῶν
1781 2739 1917 2793 είσιν

336 2830 394 2882 αἱ
426 2827 569 2882 κατά
598 2826 906 2882 θεοσέϐειαν
945 2828 1192 2901 πράξεις.
1235 2829 1360 2883 Ἐἀν
1394 2829 1812 2902 θησαυρίζωμεν
1859 2832 1917 2885 ὲν

336 2920 584 2993 οὐρανοῖς
609 2957 623 2981 ,
668 2917 862 2991 ἔχομεν
905 2919 1004 2983 τὰς
1044 2920 1233 2992 χεῖρας
1289 2919 1604 2991 ὲπηρμένας
1646 2919 1783 2993 πρὸς
1826 2919 1918 2975 τὸν

336 3007 490 3075 Θεὸν,
526 3008 617 3063 καὶ
643 3008 883 3080 νικῶμεν
903 3009 994 3063 τὸν
1022 3008 1232 3080 ἐχθρόν’
1259 3008 1386 3066 ὅταν
1414 3009 1470 3062 δὲ
1497 3008 1654 3081 ἡμῶν
1670 3010 1724 3063 αί
1741 3011 1918 3083 χεῖρες

337 3101 490 3155 κάτω
519 3102 802 3171 γένωνται,
854 3103 1068 3175 ἀνάγκη
1104 3103 1251 3173 ἡμᾶς
1302 3101 1577 3159 νικᾶσθαι.
1616 3103 1786 3157 Ὅταν
1825 3099 1917 3157 οῦν

336 3193 549 3266 ὲπαίρω
579 3192 677 3257 τὰς
699 3194 886 3267 χεῖράς
920 3211 1022 3265 μου
1056 3193 1194 3266 πρὸς
1225 3194 1318 3248 τὸν
1346 3194 1500 3259 Θεὸν,
1535 3194 1629 3248 καὶ
1673 3193 1764 3248 διά
1808 3193 1915 3248 τῶν

337 3285 537 3359 χειρῶν
567 3286 668 3357 τῆς
710 3286 889 3358 ψυχῆς
918 3286 1141 3359 ὐψῶμαι
1171 3286 1310 3359 πρὸς
1347 3285 1530 3350 αὐτὸν,
1576 3287 1792 3340 νικᾶται
1821 3287 1913 3340 ὐπ’

335 3377 471 3451 ἐμοῦ
506 3380 536 3432 6
592 3378 838 3451 Ἀμαλὴκ
859 3418 875 3444 ,
928 3379 1024 3432 καὶ
1070 3377 1305 3449 οὐδαμοῦ
1346 3378 1510 3431 ἐστιν.
1572 3377 1783 3432 Οὐκοῦν
1835 3377 1918 3432 δεῖ

335 3472 582 3543 ιπαίρειν
621 3473 811 3544 χεῖρας
849 3471 985 3543 πρὸς
1020 3471 1147 3525 ναὸν
1179 3470 1335 3539 ἅγιον
1366 3468 1460 3523 τοῦ
1489 3469 1646 3523 Θεοῦ.
1694 3470 1753 3524 '0
1791 3469 1916 3534 ναὸς

334 3564 392 3619 δὲ
419 3563 514 3619 τοῦ
542 3562 678 3618 Θεοῦ
706 3562 832 3631 δόξα
864 3564 982 3616 ἐστὶ
1008 3562 1099 3617 τοῦ
1129 3561 1287 3617 Θεοῦ.

403 3741 503 3813 Μὴ
527 3743 921 3813 συνελκύσῃς
950 3758 1028 3813 με
1047 3743 1199 3813 μετά
1225 3740 1609 3812 ἁμαρτωλῶν,
1645 3740 1744 3797 καί
1762 3741 1916 3813 μετὰ

334 3835 732 3908 ἐργαζομένων
761 3836 1001 3892 ἀδικίαν
1021 3836 1108 3905 μὴ
1136 3835 1574 3907 συναπολέσῃς
1590 3854 1688 3907 με,
1707 3854 1762 3894 κ.
1793 3855 1843 3891 τ.
1866 3838 1913 3890 ὲ.

335 3931 402 3984 Ei
436 3932 520 4001 ἐφ’
553 3933 685 4003 ἡμῖν
710 3930 822 4003 (25)
870 3931 1148 4004 ἑκάτερον,
1185 3930 1239 3984 τί
1267 3928 1377 3984 τῶν
1413 3929 1635 4000 ἀγαθῶν
1664 3930 1782 4003 Θεῷ
1818 3931 1917 4001 τὴν

338 4025 520 4080 αἰτίαν
547 4024 841 4097 ἀνέθηκεν;
896 4025 1034 4079 Ἀλλ’
1067 4027 1147 4079 ὅτι
1183 4025 1271 4079 ὅτε
1320 4024 1565 4079 συνέλκει
1608 4024 1745 4097 πρὸς
1790 4025 1917 4089 τοὺς

339 4116 613 4181 τοιούτους
643 4116 774 4179 Θεὸς
806 4117 898 4172 τὸν
921 4117 1092 4171 σῶσαι
1115 4117 1442 4184 δυνάμενον;
1488 4115 1790 4188 Τοιγαροῦν
1826 4133 1917 4171 τε-

340 4211 525 4265 λωνῶν
565 4210 716 4283 φίλος
769 4212 999 4285 ἤκουσεν
1047 4214 1076 4266 6
1126 4211 1334 4283 Σωτὴρ,
1389 4210 1555 4283 μηδὲν
1602 4209 1663 4275 ἐξ
1696 4210 1918 4264 ἐκείνων

341 4306 729 4379 βλαπτόμενος.
783 4305 1052 4378 Τοιαύτην
1102 4301 1196 4361 οὖν
1257 4304 1370 4370 ἒξιν
1424 4302 1712 4359 ἀναλαϐεῖν
1753 4304 1913 4358 αἰτεῖ.

339 4402 498 4466 Ἴσως
529 4400 586 4455 δὲ
608 4401 735 4464 τοὺς
755 4401 897 4455 πάνυ
929 4398 1285 4471 ἁμαρτωλοὺς
1314 4399 1679 4469 παραιτεῖται,
1701 4396 1916 4461 ὁποίους

335 4493 529 4563 ἐπάγει
572 4495 699 4558 τοὺς
734 4493 763 4547 ὃ
810 4493 884 4565 μὴ
934 4491 1192 4564 φρονοῦσι
1222 4489 1533 4553 λαλοῦντας.
1565 4489 1629 4542 Εί
1661 4487 1770 4561 γὰρ
1825 4490 1916 4542 καὶ

2026 631 2157 671 mea:
2193 618 2318 669 dum
2363 633 2454 670 oro
2500 616 2571 669 ad
2604 624 2687 671 te:
2732 619 2859 673 dum
2901 620 3098 674 extollo
3146 636 3337 674 manus
3362 637 3505 674 ateas
3536 624 3608 674 ad

2026 706 2273 777 templum
2303 718 2545 763 sanctum
2595 718 2743 762 tuum
2772 749 2788 770 .
2837 720 2943 766 etc.
2996 708 3051 764 Si
3088 711 3345 780 templum
3386 720 3472 767 est
3503 713 3601 781 qui

2025 799 2189 855 habet
2218 800 2383 855 Deum
2415 841 2429 866 ,
2459 800 2605 857 Deus
2642 812 2824 857 autem
2856 815 2974 857 erat
3001 803 3055 857 in
3093 803 3312 858 Christo
3345 806 3604 857 mundum

2026 891 2384 947 reconcilians
2439 893 2588 958 sibi,
2643 902 2891 949 sanctum
2961 894 3150 963 utique
3201 896 3462 967 templum
3519 904 3605 951 est

2024 979 2275 1037 Christus
2321 983 2389 1038 ad
2432 998 2593 1053 quem
2636 984 2816 1040 elevat
2850 994 2906 1041 et
2937 986 3148 1042 extollit
3189 988 3314 1058 quis
3362 987 3601 1043 animam

2024 1088 2178 1128 suam
2207 1089 2305 1143 per
2336 1076 2586 1131 virtutes.

2093 1164 2376 1235 Ejusdem.
2421 1167 2691 1223 Dillerunt
2743 1170 2887 1225 inter
2926 1185 3026 1237 se,
3063 1179 3122 1227 ut
3178 1172 3310 1227 mihi
3346 1172 3599 1240 videtur,

2022 1263 2199 1316 oratio
2224 1270 2280 1317 et
2315 1262 2651 1333 deprecatio.
2701 1261 2879 1333 Atque
2912 1266 3076 1320 etiam
3119 1264 3414 1334 Apostolus
3446 1265 3601 1335 plura

2024 1352 2183 1406 simul
2233 1354 2451 1407 nomina
2483 1353 2588 1409 hoc
2631 1354 2950 1410 discrimine
2978 1356 3225 1425 posuisse
3268 1356 3486 1411 videtur
3514 1355 3601 1410 di—

2022 1458 2152 1499 cens
2180 1444 2258 1499 7"z
2306 1464 2324 1497 ι
2354 1446 2597 1502 Obsecro
2633 1446 2865 1516 primum
2902 1451 3143 1503 omnium
3182 1447 3298 1502 ﬁeri
3341 1448 3601 1503 obsecra-

2023 1535 2199 1589 tiones
2217 1576 2233 1602 ,
2272 1536 2551 1591 orationes
2576 1576 2593 1601 ,
2637 1536 3034 1607 postulationes
3062 1578 3078 1603 ,
3106 1537 3271 1609 637
3300 1536 3601 1609 gratiarum

2022 1627 2268 1682 actiones
2290 1667 2303 1690 ,
2341 1645 2361 1678 ι
2402 1625 2785 1684 obsecratione
2808 1670 2823 1696 ,
2874 1639 2932 1683 ut
2979 1629 3217 1684 arbitror
3254 1628 3555 1683 orationem
3581 1667 3600 1694 ,

2020 1719 2273 1774 oratione
2319 1719 2746 1789 postulationem
2776 1759 2791 1787 ,
2826 1720 2913 1775 his
2938 1734 3069 1775 vero
3095 1720 3346 1775 omnibus
3395 1719 3599 1791 gratia-

2022 1827 2140 1866 rum
2172 1811 2444 1867 actionem
2473 1812 2734 1882 majorem
2768 1812 3132 1869 constituens.
3166 1811 3403 1867 Dixerim
3431 1810 3602 1881 igitur

2021 1905 2312 1976 indigentis
2342 1914 2397 1961 et
2426 1920 2615 1961 eorum
2650 1905 2851 1976 quibus
2884 1905 3063 1977 aliqua
3100 1905 3317 1973 desunt,
3353 1918 3475 1961 esse
3499 1904 3600 1960 oh-

2019 1999 2413 2056 secrationem.
2440 1998 2574 2055 Cum
2610 2014 2740 2055 vero
2772 2000 3044 2057 intellecta
3070 1999 3184 2071 jam
3218 2000 3309 2055 Dei
3337 1998 3602 2071 dignitate

2019 2092 2227 2163 aliquid
2261 2099 2391 2163 peto
2432 2107 2461 2146 a
2492 2091 2624 2156 Deo,
2662 2100 2794 2147 tunc
2825 2107 2943 2147 oro.
2980 2093 3051 2148 At
3081 2108 3205 2149 cum
3245 2091 3508 2160 meipsum
3539 2089 3598 2144 in

2020 2183 2165 2239 illius
2193 2184 2489 2239 amicitiam
2522 2199 2752 2255 prorsus
2781 2185 3153 2249 insinuavero,
3189 2194 3301 2240 tum
3336 2185 3447 2240 Deo
3472 2199 3598 2254 gra-

2020 2277 2126 2331 tias
2160 2292 2282 2349 ago.
2341 2295 2358 2329 ι
2393 2276 2528 2331 Dum
2565 2277 2772 2333 extollo
2813 2293 3007 2333 manus
3044 2293 3195 2333 meas
3240 2277 3308 2333 ad
3338 2276 3598 2348 templum

2019 2376 2265 2424 sanctum
2297 2380 2471 2425 tuum.
2505 2388 2525 2421 ι
2556 2368 2712 2440 Smpe
2734 2372 2799 2427 de
2827 2385 3085 2426 manuum
3110 2370 3413 2426 elevatione
3434 2368 3598 2426 verba

2018 2456 2270 2516 fecimus.
2320 2460 2537 2532 Moyses
2593 2478 2786 2519 manus
2819 2464 3054 2531 extulit,
3096 2472 3151 2519 et
3207 2464 3370 2520 lsrael
3420 2464 3600 2521 vietor

2018 2554 2212 2609 evasit.
2245 2552 2381 2610 Cum
2417 2570 2550 2612 vero
2583 2571 2780 2614 manus
2806 2557 3080 2629 deposuit,
3115 2558 3401 2629 prrevaluit
3427 2558 3598 2614 Ama-

2018 2646 2191 2703 1εε⁷⁸.
2223 2646 2325 2702 Et:
2357 2665 2376 2699 ι
2402 2646 2672 2704 Levantes
2702 2664 2868 2720 puras
2918 2664 3114 2704 manus
3145 2650 3266 2705 sine
3295 2650 3373 2704 ira
3403 2659 3459 2705 et
3487 2648 3599 2705 dis-

2018 2742 2326 2813 ceptatione
2368 2741 2434 2797 ".
2479 2760 2498 2795 ι
2558 2742 2624 2797 Ει
2670 2741 2801 2797 illud
2841 2741 2886 2775 ⁷⁷
2925 2758 2940 2796 :
2985 2760 3004 2793 ι
3036 2741 3284 2797 Elevatio
3337 2756 3597 2797 manuum

2019 2850 2265 2890 mearum
2296 2834 2624 2891 sacriﬁcium
2663 2833 3057 2904 vespertinum.
3091 2852 3110 2885 ι
3149 2832 3390 2889 Dixerim
3431 2832 3598 2904 igitur

2018 2944 2214 2985 manus
2254 2939 2471 2984 nostras
2519 2941 2644 2983 esse
2680 2935 2898 2982 nostras
2947 2926 3169 2997 pietatis
3224 2926 3488 2981 actiones.
3533 2920 3594 2980 Si

2020 3024 2331 3079 thesaurum
2363 3022 2417 3076 in
2445 3020 2598 3077 caelis
2615 3034 3029 3090 congregemus,
3060 3018 3300 3075 sublatas
3327 3020 3395 3076 ad
3423 3021 3594 3076 Deum

2018 3129 2213 3172 manus
2250 3113 2551 3180 habemus,
2594 3121 2646 3167 et
2692 3111 2905 3167 boatem
2938 3127 3281 3181 superamus.
3317 3112 3374 3167 Si
3413 3122 3594 3167 autem

2020 3219 2214 3262 manus
2252 3212 2453 3260 nostrae
2485 3204 2734 3260 demissas
2766 3201 2969 3257 fuerint
2996 3242 3012 3267 ,
3049 3202 3193 3257 vinci
3241 3216 3342 3257 nos
3374 3216 3595 3257 necesse

2016 3308 2119 3354 est.
2148 3298 2284 3355 Cum
2315 3298 2480 3369 igitur
2506 3298 2574 3350 ad
2605 3297 2771 3351 Deum
2799 3293 3082 3350 elevavero
3110 3310 3305 3350 manus
3340 3310 3511 3356 meas,
3542 3303 3598 3349 et

2016 3405 2113 3460 per
2132 3404 2330 3445 manus
2362 3389 2559 3443 anima:
2586 3388 2653 3442 ad
2680 3388 2855 3459 ipsum
2887 3387 3135 3443 sublatus
3163 3386 3340 3455 fuero,
3365 3387 3594 3444 Amalec

2017 3499 2049 3538 a
2083 3498 2170 3538 me
2194 3483 2433 3538 vincitur
2453 3521 2469 3547 ,
2501 3490 2557 3536 et
2586 3480 2776 3536 nullibi
2818 3480 3107 3551 reperitur.
3157 3478 3345 3551 Itaque
3378 3480 3596 3536 elevare

2017 3591 2211 3631 manus
2258 3582 2477 3645 oportet
2523 3576 2592 3629 ad
2636 3574 2895 3643 templum
2951 3582 3202 3629 sanctum
3252 3572 3370 3627 Dei.
3417 3570 3595 3628 Porro

2017 3667 2276 3737 templum
2310 3667 2426 3731 Dei,
2459 3666 2633 3737 gloria
2667 3665 2790 3736 ejus
2823 3674 2926 3721 est.

2087 3753 2253 3809 Vsus.
2287 3753 2340 3808 5.
2373 3751 2456 3807 Ne
2484 3752 2646 3807 simul
2668 3754 2850 3808 trahas
2883 3770 2965 3808 me
2983 3769 3102 3808 cum
3126 3754 3511 3824 peccatoribus,
3542 3765 3595 3812 et

2017 3862 2134 3902 cum
2163 3845 2499 3915 operantibus
2529 3846 2859 3914 iniquitatem
2884 3862 2948 3900 ne
2978 3847 3169 3909 perdas
3200 3863 3306 3913 me,
3361 3857 3473 3903 etc.
3534 3848 3594 3905 Si

2018 3937 2072 3991 in
2106 3937 2260 3993 nobis
2314 3936 2418 3992 hoc
2461 3946 2753 4006 utrumque
2806 3936 2970 3990 situm
3007 3945 3109 4002 est,
3166 3952 3266 3992 cur
3326 3938 3595 3996 bonorum

2018 4027 2129 4083 Deo
2152 4042 2369 4083 causam
2407 4024 2637 4080 tribuit?
2673 4027 2754 4079 An
2794 4025 2942 4096 quod
2989 4026 3258 4082 interdum
3320 4028 3388 4082 ad
3446 4028 3594 4098 ejus-

2018 4117 2162 4173 modi
2189 4117 2436 4172 homines
2478 4115 2643 4170 simul
2678 4115 2846 4171 trahit
2878 4115 3022 4173 Deus
3046 4132 3169 4172 eum
3198 4133 3360 4191 quem
3384 4118 3595 4176 salvare

2016 4210 2239 4281 potest?
2269 4210 2611 4279 Quapropter
2636 4209 3045 4280 publicanorum
3073 4210 3283 4267 amicus
3308 4211 3485 4269 dictus
3511 4221 3597 4268 est

2019 4305 2291 4371 Salvator,
2316 4319 2437 4359 cum
2464 4304 2703 4375 alioquin
2726 4305 2861 4360 nihil
2889 4308 2958 4361 ab
2990 4305 3098 4361 illis
3140 4306 3450 4362 detrimenti
3498 4322 3595 4363 ca-

2015 4405 2188 4468 peret.
2222 4397 2377 4454 Hunc
2435 4398 2601 4469 igitur
2661 4396 2906 4452 habitum
2961 4406 3020 4451 ut
3082 4397 3271 4453 induat
3320 4399 3592 4466 exposcit.

2017 4487 2274 4545 Fortasse
2304 4503 2435 4545 vero
2479 4502 2800 4557 magnorum
2849 4497 3219 4558 peccatorum,
3279 4488 3463 4560 quales
3514 4489 3598 4545 in.

338 4586 475 4658 μετά
497 4586 700 4659 πόρνης
722 4585 943 4656 γέγονεν
969 4588 998 4639 6
1017 4584 1226 4657 Σωτὴρ,
1261 4583 1374 4639 ἀλλ’
1406 4581 1636 4656 ᾀδούσης
1663 4582 1914 4655 εἰρηνικὰ

2022 4581 2171 4637 ducit
2192 4597 2284 4638 eos
2310 4581 2427 4653 qni,
2452 4596 2572 4652 qua:
2589 4598 2694 4637 non
2719 4584 2981 4650 sentiunt,
3009 4582 3325 4652 loquuntur,
3366 4597 3595 4637 consor-

334 4678 429 4734 καὶ
458 4677 716 4733 τάναντία
739 4674 1115 4748 λογιζομένης.

408 4861 519 4917 Τοῦ
541 4860 746 4916 αὐτοῦ.
780 4860 877 4924 Τίς
908 4859 1068 4932 χρεία
1107 4858 1282 4913 ταῦτα
1318 4858 1571 4929 λέγεσθαι
1605 4858 1750 4930 (26);
1792 4858 1910 4930 ἤτοι

333 4957 442 5029 γάρ
464 4958 635 5018 ποιεῖς
650 4956 748 5026 τὴν
770 4953 1018 5025 ἀνομίαν,
1054 4952 1149 5007 καὶ
1178 4952 1533 5008 συναπολλύει
1564 4970 1643 5019 σε,
1683 4952 1776 5006 καὶ
1809 4951 1915 5024 μά-

331 5068 430 5122 την
468 5048 644 5117 λέγεις
683 5046 855 5101 ταῦτα
890 5046 1026 5117 πρὸς
1055 5044 1206 5099 Θεόν·
1234 5044 1268 5116 ἢ
1307 5045 1458 5098 οὐδὲν
1486 5047 1658 5109 ποιεῖς
1691 5044 1911 5115 ἄνομον,

331 5143 425 5196 καὶ
449 5140 550 5193 οὐκ
577 5138 830 5193 ἀπολλύει
852 5140 881 5192 6
907 5138 1058 5202 Θεός.
1098 5139 1157 5190 '0
1178 5137 1310 5202 Θεὸς
1340 5136 1451 5209 γὰρ
1477 5137 1575 5207 οὐχ
1601 5135 1774 5200 οὕτως
1800 5136 1913 5190 ἀδι-

329 5235 422 5298 κὸς
452 5235 589 5287 ἐστι.
623 5230 922 5303 Τολμῶμεν
951 5227 1044 5286 οὖν
1068 5231 1177 5285 ἀπὸ
1196 5229 1291 5284 τοῦ
1324 5229 1678 5301 Εὐαγγελίου,
1711 5230 1804 5283 καὶ
1834 5228 1915 5282 λέ-

2021 4674 2155 4728 tium
2181 4674 2527 4743 deprecatur.
2556 4674 2689 4731 Nam
2720 4676 2847 4731 licet
2874 4675 3127 4731 Salvator
3153 4691 3273 4730 cum
3313 4678 3599 4735 meretrice

2019 4765 2206 4831 fuerit,
2233 4775 2291 4818 at
2325 4765 2410 4819 illa
2437 4767 2662 4835 pacifica
2692 4777 2748 4822 et
2777 4768 3053 4824 contraria
3084 4766 3383 4837 cogitabat.

2090 4855 2369 4925 Ejusdem.
2407 4857 2544 4924 Quid
2598 4873 2736 4927 opus
2765 4868 2850 4914 est
2884 4858 2998 4914 hate
3032 4858 3253 4915 dicere?
3308 4859 3395 4915 vel
3448 4862 3596 4918 enim

2025 4952 2160 5008 facis
2202 4952 2571 5022 iniquitatem,
2597 4961 2653 5008 et
2705 4953 2865 5009 simul
2906 4954 3021 5011 haec
3083 4953 3259 5023 perdit
3306 4962 3380 5018 te,
3436 4965 3598 5024 atque

2021 5047 2136 5101 haec
2177 5045 2381 5101 frustra
2414 5045 2522 5100 Deo
2555 5045 2729 5112 dicis;
2757 5044 2841 5099 vel
2873 5044 3008 5099 nihil
3050 5043 3344 5100 committis
3399 5044 3596 5115 iniqui,

2017 5145 2073 5192 et
2095 5151 2433 5207 nequaquam
2463 5137 2643 5206 perdit
2666 5148 2718 5191 te
2739 5136 2899 5191 Deus.
2929 5133 3114 5206 Neque
3135 5137 3279 5193 enim
3309 5135 3454 5191 Deus
3487 5145 3593 5189 tam

2018 5228 2253 5300 injustns
2279 5237 2381 5284 est.
2415 5229 2699 5285 Audemus
2728 5227 2916 5298 itaque
2937 5242 3003 5283 ex
3031 5225 3327 5297 Evangelio
3359 5236 3415 5283 et
3454 5224 3593 5282 dici-

440 5381 487 5412 "
518 5379 539 5433 ι
565 5377 708 5433 Tim.
742 5393 806 5444 tt,
837 5377 891 5432 1.
963 5377 1011 5410 ⁷⁵
1048 5376 1216 5432 Exod.
1252 5390 1384 5440 xvn,
1411 5375 1500 5429 Η.
1573 5372 1663 5426 "1
1693 5372 1833 5428 Tim.
1859 5372 1994 5437 ",8.
2072 5372 2117 5403 ""
2137 5371 2284 5428 Psal.
2312 5386 2439 5437 οτι..
2466 5371 2522 5425 2.

407 5502 520 5585 (ἓξ)
546 5502 629 5582 .El
653 5500 801 5566 ναός
823 5499 1015 5566 ἐστιν,
1031 5507 1139 5554 etc.
1167 5498 1392 5555 Schedrc
1418 5495 1631 5563 Grabii,
1654 5504 1707 5554 ει
1738 5497 1908 5552 codex

333 5572 725 5627 Coislinianus.

406 5641 521 5713 (24)
572 5641 729 5713 Ἑμρὶ
758 5639 928 5713 δοκεῖ
954 5638 1276 5710 διαφέρειν,
1306 5650 1411 5697 etc.
1449 5636 1633 5694 Codex
1681 5636 1907 5696 Barocc.

336 5724 391 5769 et
418 5710 622 5770 Catena
660 5710 917 5767 Barbari.

2079 5491 2193 5567 (25)
2226 5494 2307 5567 Et
2330 5492 2422 5562 ἐφ’
2446 5491 2612 5563 ἡμῖν.
2644 5500 2751 5547 etc.
2780 5490 2963 5551 Codex
2993 5488 3345 5560 Anglicanus,
3379 5487 3590 5545 Catena

2006 5565 2185 5620 Barba
2195 5566 2260 5619 ri.

2041 5635 2197 5716 .(16)
2243 5635 2337 5702 Τίς
2388 5632 2561 5704 χρεία
2611 5632 2798 5689 ταῦτα
2854 5633 3172 5703 λέγεσθαι,
3219 5636 3328 5688 etc.
3391 5633 3596 5691 Corde-

2012 5719 2148 5763 τιυε.
