4020 6152
477 177 609 233 ΙιΞΒἹ
1923 169 2011 225 EX

2137 169 2341 228 lCENE
3590 184 3729 239 {9.88

473 304 614 353 mus,
643 288 808 344 Deum
840 285 999 341 simul
1027 285 1247 340 trahere
1273 282 1475 352 justum
1501 297 1624 338 cum
1644 283 2020 352 peccatoribus

2147 299 2335 354 γομεν,
2375 285 2456 339 ὅτι
2479 286 2507 337 6
2535 285 2666 350 Θεὸς
2693 285 2936 341 συνέλκει
2957 288 3048 341 τὸν
3069 287 3271 343 δίκαιον
3302 291 3442 361 μετά
3464 293 3731 367 ἀμαρτω-

471 378 629 436 simul
660 380 876 433 trahere
904 377 1114 446 justum
1166 385 1392 447 propter
1436 386 1771 446 peccatores,
1810 387 1864 430 et
1919 391 2025 445 ope

2148 373 2274 440 λῶν,
2319 376 2563 431 συνέλκει
2594 378 2683 431 τὸν
2704 379 2910 432 δίκαιον
2943 379 3028 434 διὰ
3049 381 3175 445 τοὺς
3209 382 3589 454 ἁμαρτωλοὺς,
3635 390 3729 441 καὶ

472 483 657 529 rantes
687 469 1025 540 iniquitatem
1064 476 1124 523 ut
1176 469 1313 525 salvi
1371 467 1523 522 fiant.
1560 466 1660 534 Qui
1711 478 1890 521 autem
1923 483 2025 539 my-

2145 469 2270 532 τοὺς
2298 469 2696 541 ἐργαζομένους
2731 471 2830 542 τὴν
2864 471 3111 542 ἀνομίαν,
3151 473 3241 528 ἵνα
3270 474 3536 532 σωθῶσιν.
3570 479 3635 532 Οἱ
3672 480 3727 534 δὲ

470 564 699 620 sterinm
737 564 840 617 hoc
863 576 969 616 nou
1006 568 1289 639 noverant,
1318 560 1618 631 arguebant
1641 559 1824 614 Jesum
1851 560 2025 615 dicent

2148 559 2222 631 μὴ
2261 561 2459 625 εἰδότες
2485 561 2641 615 τοῦτο
2667 562 2728 616 τὸ
2761 565 3055 635 μυστήριον
3097 566 3380 621 ἐνεκάλουν
3404 567 3483 639 τῷ
3529 570 3727 640 Ἰησοῦν

472 664 552 711 tes
579 654 665 706 ":
706 674 724 704 ‹
763 652 1058 707 Manducas
1108 661 1162 706 et
1211 650 1351 706 bibis
1407 666 1529 706 cum
1578 652 1978 721 peccatoribus.
2019 669 2025 702 ι

2144 650 2410 719 λέγοντεςο
2454 670 2473 703 ι
2528 653 2755 718 Ἐσθῖεις
2811 654 2904 708 καὶ
2942 656 3117 719 πίνεις
3150 656 3290 729 μετά
3319 658 3428 712 τῶν
3460 660 3698 732 ἁμαρτω

469 745 590 818 Ipse
623 754 800 800 autem
831 743 1058 799 multum
1090 744 1299 807 aberat,
1332 751 1391 797 ut
1424 743 1491 797 ab
1560 743 1691 812 ipsis
1744 743 2025 797 detrimeu

2142 741 2268 797 λῶν.
2309 762 2330 795 ι
2376 743 2551 806 Αὐτὸς
2578 743 2636 797 δὲ
2665 746 2880 818 μακρὰν
2916 742 2985 817 ἦν
3029 747 3129 818 τῆς
3161 748 3255 802 ἀπ’
3283 749 3463 803 αὐτῶν
3496 749 3725 823 βλάϐης,

469 849 581 893 tum
611 842 850 906 caperet.
892 833 1204 901 Quinetiam
1244 832 1377 901 ipsis
1423 831 1699 902 proderat.
1758 830 1850 885 Sic
1876 833 2025 886 etiau‘

2145 836 2281 907 πρὸς
2305 835 2366 889 τὸ
2397 835 2490 888 καὶ
2513 834 2742 905 ὠφελεῖν
2776 838 2992 901 αὐτούς.
3026 837 3182 893 Οὕτω
3208 840 3301 893 καὶ
3322 839 3467 903 εἴτις
3481 843 3726 913 Χριστοῦ

469 928 758 997 contingit,
781 941 903 982 cum
929 924 1200 996 quispiam
1236 923 1438 979 Christi
1484 923 1723 977 imitator
1754 923 1855 978 hoc
1891 922 2039 977 facit.

470 1019 528 1077 Si
557 1020 678 1091 quis
710 1029 889 1075 autem
945 1019 1243 1088 imparatus
1291 1026 1345 1070 ct
1400 1014 1683 1070 imbecillis
1716 1016 1767 1070 in
1828 1026 2025 1070 tantun

2143 1019 2510 1090 σκευασμένος
2533 1015 2589 1092 ᾖ,
2624 1021 2759 1092 μηδέ
2803 1021 3029 1093 δύναμιν
3062 1022 3219 1094 ἔχων,
3254 1024 3593 1096 ἐμϐάλληται
3641 1027 3723 1089 είς

2146 927 2390 1001 μιμητὴς
2447 928 2604 981 τοῦτο
2657 933 2821 986 ποιεῖ.
2868 930 2991 984 Ἐὰν
3024 932 3275 1003 μέντοιγέ
3321 951 3407 998 τις
3452 934 3528 1005 μὴ
3560 953 3725 1007 παρεο
3810 998 3819 1002 λ

468 1112 767 1185 periculum
802 1125 861 1167 se
879 1110 1156 1181 conjiciat,
1185 1120 1244 1162 ut
1273 1122 1396 1162 cum
1420 1109 1800 1177 peccatoribus
1821 1117 1877 1163 et
1911 1124 2041 1179 ope~

465 1205 720 1260 tantibus
760 1203 1510 1275 iniquitatemconversetur,
1544 1215 1718 1269 neque
1743 1200 1874 1270 ipsis
1910 1216 2038 1270 pro-

467 1296 629 1362 derit,
655 1305 710 1351 et
747 1296 987 1365 seipsum
1021 1295 1228 1364 perdet.
1267 1292 1538 1363 Propheta
1586 1291 1752 1361 igitur
1791 1292 1881 1348 hic
1925 1292 2040 1346 vult

467 1404 587 1445 sese
613 1389 962 1461 praemunire,
992 1399 1049 1442 ut
1088 1390 1261 1459 possit
1286 1389 1503 1458 quidem
1530 1403 1654 1443 cum
1694 1386 1862 1459 638
1907 1401 2035 1456 pec-

466 1481 742 1536 catoribus
772 1488 827 1534 et
863 1478 1201 1549 iniquitatem
1223 1481 1579 1549 operantibus
1601 1482 1831 1543 versari,
1863 1494 2038 1548 mque

466 1580 650 1626 tamen
681 1586 803 1626 cum
839 1571 948 1628 illis
992 1572 1154 1628 simul
1194 1574 1355 1627 trahi.
1385 1573 1655 1629 Fortassis
1682 1590 1811 1629 vero
1846 1589 2037 1643 pecca-

2140 1110 2390 1165 τοσοῦτον
2448 1110 2710 1176 κίνδυνον,
2742 1110 2880 1166 ὥστε
2911 1114 3161 1183 γενέσθαι
3209 1115 3346 1187 μετά
3380 1117 3719 1188 ἁμαρτωλῶν

2139 1203 2233 1258 καὶ
2255 1204 2364 1257 τῶν
2378 1203 2756 1276 ἐργαζομένων
2774 1204 2872 1277 τὴν
2896 1206 3141 1278 ἀνομίαν,
3171 1206 3293 1261 οὔτε
3314 1207 3557 1272 ἐκείνους
3581 1209 3721 1278 ὠφε-

2138 1294 2313 1365 λήσει,
2353 1294 2445 1348 καὶ
2480 1294 2670 1347 ἐαυτὸν
2719 1295 3136 1367 προσαπολέσει.
3170 1298 3472 1370 Τοιγαροῦν
3500 1298 3599 1352 καὶ
3636 1300 3719 1352 ἐν.

2137 1385 2263 1441 θάδε
2304 1388 2332 1440 6
2382 1385 2666 1458 προφήτης
2721 1386 3159 1458 παρασκευάζειν
3207 1389 3400 1442 ἐαυτὸν
3445 1389 3716 1460 βούλεται,

2136 1478 2276 1533 ὥστε
2304 1477 2559 1533 δύνασθαι
2597 1479 2695 1549 μὲν
2717 1474 2853 1532 εἶναι
2891 1479 3029 1549 μετά
3060 1480 3394 1551 ἁμαρτωλῶν
3423 1485 3520 1536 καὶ
3551 1484 3718 1554 ἐργα-

2138 1569 2381 1642 ζομένων
2413 1571 2659 1641 ἀνομίαν,
2694 1571 2768 1642 μὴ
2793 1570 3215 1643 συνελκυσθῆναι
3246 1572 3304 1626 δέ
3331 1572 3534 1637 αὐτοῖς.
3557 1576 3714 1640 Ἴσως

469 1672 614 1718 tores
644 1662 736 1734 qui
775 1678 837 1718 ea
893 1678 1011 1732 quae
1036 1666 1218 1720 curari
1261 1676 1554 1734 nequeunt,
1585 1665 1899 1732 admittunt,
1937 1666 2025 1721 de-

2137 1633 2318 1715 δὲ’καὶ
2346 1662 2473 1729 τοῦς
2511 1633 2591 1717 .τά
2635 1633 2831 1717 ἀνίατα
2879 1633 3289 1735 ἁμαρτάνοντας
3344 1633 3711 1735 παραιτεῖται,

468 1766 719 1822 testatur,
755 1772 878 1811 cum
913 1756 1018 1812 hoc
1046 1758 1200 1810 dicit.
1232 1756 1374 1811 Nam
1423 1757 1630 1813 addidit
1660 1776 1673 1812 :
1740 1778 1758 1810 ι
1797 1758 1898 1826 Qui
1966 1759 2025 1814 lo

2134 1755 2293 1809 τοῦτο
2319 1756 2511 1826 λέγων.
2550 1756 2660 1809 Καὶ
2684 1757 2791 1828 γὰρ
2835 1756 3163 1829 προσέθηκε·
3206 1774 3225 1807 ι
3262 1756 3382 1809 Τῶν
3411 1756 3715 1813 λαλούντων

463 1858 706 1920 quuntur
745 1864 933 1919 pacem
963 1863 1085 1902 cum
1123 1849 1372 1917 proximo
1406 1865 1525 1917 suo,
1557 1851 1694 1904 mala
1746 1862 1927 1907 autem
1980 1852 2033 1906 in

462 1942 719 1997 cordibus
742 1956 951 1996 eorum.
987 1960 1005 1992 ι
1043 1940 1217 1996 Valde
1254 1942 1400 1997 enim
1429 1943 1575 2011 impii
1603 1952 1750 2009 sunt,
1775 1944 1902 2014 quia
1933 1959 2036 2000 nec

463 2042 522 2087 ut
547 2033 706 2088 amici
736 2031 916 2088 alrecti
940 2042 1089 2095 sunt,
1122 2048 1296 2103 neque
1342 2044 1402 2087 ut
1440 2034 1646 2089 inimici
1704 2034 2029 2106 loquuntur;

463 2125 556 2181 sed
587 2127 871 2181 continent
893 2126 1110 2196 quidem
1152 2126 1496 2181 inimicitiam
1526 2127 1579 2180 in
1606 2125 1821 2195 seipsis,
1850 2126 2031 2181 verbis

462 2227 645 2271 autem
719 2217 958 2287 pacilicis
1017 2214 1282 2273 simulant
1354 2217 1676 2272 amicitiam.
1722 2216 2029 2273 Istiusmodi

461 2316 642 2362 autem
666 2307 978 2363 hominibus
1008 2308 1140 2362 nihil
1165 2317 1252 2363 est
1284 2307 1679 2363 detestabilius.
1738 2307 1897 2363 Tales
1932 2308 2033 2362 ita-

460 2414 570 2470 que
618 2399 703 2452 vir
742 2400 923 2469 justus
960 2409 1262 2456 aversatur.
1315 2397 1510 2455 Videte
1563 2399 1708 2455 enim
1760 2397 2031 2468 quomodo

459 2494 624 2548 etiam
665 2492 918 2547 Salvator
967 2500 1153 2548 noster
1211 2507 1334 2548 cum
1384 2492 1766 2562 peccatoribus
1810 2489 2029 2561 quidem

460 2597 814 2642 conversatus
850 2586 1036 2653 fuerit,
1073 2596 1273 2642 etcum
1305 2586 1613 2651 meretrice,
1644 2584 1739 2639 sed
1771 2598 1879 2638 non
1905 2596 2028 2638 cum

461 2677 578 2744 tali,
600 2692 721 2747 qua
751 2676 1064 2748 loqueretur
1090 2677 1309 2748 quidem
1358 2676 1606 2747 paciﬁca,
1657 2675 1798 2731 mala
1850 2682 2028 2728 autem

460 2769 516 2824 in
582 2771 747 2825 corde
812 2786 912 2825 suo
976 2769 1226 2825 haberet.
1283 2768 1379 2824 Vel
1449 2778 1706 2840 precatur
1758 2767 1945 2822 dicens
2012 2783 2025 2820 :

452 2859 588 2915 Cum
636 2862 820 2932 inique
865 2872 1115 2932 agentem
1148 2862 1373 2917 omnino
1424 2870 1681 2932 sequatur
1736 2860 2027 2925 interitus;

2135 1848 2359 1920 εἰρήνην
2391 1849 2528 1920 μετά
2554 1847 2663 1901 τῶν
2690 1848 2916 1920 πλησίον
2949 1847 3148 1912 αὐτῶν,
3193 1847 3341 1903 κακά
3371 1850 3429 1903 δὲ
3476 1853 3536 1905 ἐν
3582 1868 3713 1924 καρ-

2133 1936 2271 2001 δίαις
2294 1938 2493 1993 αὐτῶν.
2532 1959 2550 1990 ι
2580 1939 2790 2009 Σφόδρα
2816 1939 2924 2010 γὰρ
2958 1939 3191 2005 ἀσεϐεῖς,
3216 1941 3296 1994 ὅτι
3323 1940 3445 1996 οὔτε
3473 1943 3549 2006 ὠς
3572 1944 3710 2014 φίλοι

2131 2027 2448 2095 διάκεινται,
2470 2029 2593 2083 οὔτε
2627 2031 2704 2096 ὡς
2740 2031 2923 2103 ἐχθροὶ
2952 2030 3220 2096 λαλοῦσιν,
3254 2033 3368 2087 ἀλλ’
3399 2034 3579 2106 έχουσι
3614 2037 3710 2107 μὲν

2133 2120 2230 2191 τὴν
2266 2120 2462 2192 ἔχθραν
2502 2124 2560 2178 ἐν
2595 2116 2828 2189 ἐαυτοῖς,
2862 2123 3040 2192 λόγοις
3071 2124 3129 2177 δὲ
3162 2127 3456 2198 εἰρηνικοῖς
3483 2129 3703 2201 ὑποκρί-

2132 2229 2310 2267 νονται
2329 2214 2528 2282 φιλίαν.
2556 2215 2676 2269 Τῶν
2697 2215 2753 2269 δέ
2772 2215 3025 2270 τοιούτων
3054 2217 3355 2290 ἀνθρώπων
3371 2220 3701 2293 μιαρώτερον

2131 2303 2231 2357 οὒκ
2257 2304 2393 2360 ἐστι.
2430 2307 2568 2371 Τοὺς
2618 2303 2710 2361 οὖν
2738 2308 3008 2375 τοιούτους
3040 2311 3068 2362 6
3095 2310 3301 2375 δίκαιος
3341 2315 3690 2383 παραιτεῖται.

2142 2395 2335 2467 Ὁρᾶτε
2362 2396 2469 2471 γάρ
2497 2399 2572 2463 ὡς
2604 2400 2698 2453 καὶ
2723 2404 2751 2455 6
2778 2401 2968 2475 Σωτὴρ
3012 2403 3167 2475 ἡμῶν
3195 2405 3334 2475 μετά
3369 2405 3699 2479 ἁμαρτωλῶν

2133 2487 2348 2557 ἐγένετο
2373 2491 2467 2544 καὶ
2491 2493 2625 2561 μετά
2652 2494 2874 2566 πόρνης,
2908 2495 2969 2548 οὐ
3000 2495 3183 2567 μέντοι
3216 2495 3482 2568 λαλούσης
3508 2499 3607 2568 μὲν
3630 2500 3701 2551 εῖ-

2132 2579 2350 2650 ρηνικά,
2381 2581 2526 2637 κακά
2543 2583 2600 2636 δὲ
2633 2584 2863 2657 ἐχούσης
2883 2588 2939 2642 ἐν
2958 2590 3024 2658 τῇ
3049 2587 3246 2659 καρδίᾳ
3271 2588 3493 2659 ἑαυτῆς.
3521 2591 3590 2643 Ἦ
3613 2589 3697 2643 εὖ-

2131 2687 2283 2740 χεται
2319 2670 2509 2741 λέγων·
2579 2675 2729 2729 Ἐπεὶ
2776 2678 2994 2743 πάντως
3026 2678 3104 2750 τῷ
3151 2679 3420 2734 ἀδικοῦντι
3462 2681 3693 2737 ἀπώλεια

2130 2760 2340 2829 ἕπεται,
2389 2764 2734 2840 δικαιοσύνην
2772 2770 3025 2841 παρέχων
3062 2789 3174 2842 μοι,
3223 2773 3297 2845 μὴ
3331 2773 3495 2846 ἐάσῃς
3530 2792 3595 2845 με
3641 2777 3696 2828 ἐν

2131 2851 2314 2926 ἀδικίᾳ
2340 2856 2613 2924 γενέσθαι,
2646 2859 2795 2924 ὅπως
2828 2860 2901 2933 μὴ
2938 2861 3224 2935 ἀπόλωμαι
3253 2864 3513 2936 μετὰτῶν
3540 2868 3695 2940 ἐργα-

452 2953 720 3024 justitiam
755 2954 886 3009 mihi
910 2955 1178 3025 prmbens,
1217 2968 1286 3009 ne
1313 2956 1599 3025 permittas
1629 2968 1714 3007 me
1740 2951 1943 3007 versari
1971 2952 2025 3005 in

2130 2947 2371 3019 ζομένων
2396 2949 2586 3021 αὐτήν.

462 3044 769 3115 iniquitate,
802 3059 868 3099 ne
892 3045 1053 3100 simul
1083 3060 1301 3117 peream
1328 3060 1451 3100 cum
1486 3043 1553 3099 iis
1576 3044 1667 3113 qui
1697 3042 1845 3098 illam
1897 3057 2028 3113 ope—

456 3148 670 3191 rantur.

529 3223 773 3283 “1113.4.
808 3226 891 3281 Da
919 3229 1048 3294 illis,
1090 3227 1345 3296 Domine,
1395 3228 1685 3284 secundum
1731 3244 1889 3295 opera
1940 3242 2027 3280 eo-

460 3336 601 3386 runt,
627 3330 677 3376 et
737 3323 1028 3376 secundum
1081 3323 1368 3394 nequitiam
1417 3322 1846 3377 adinvenlt'onum
1893 3322 2030 3390 ipso-

456 3429 597 3479 rum,
620 3424 728 3469 etc.
763 3412 1014 3470 Postulat
1059 3429 1159 3484 per
1188 3415 1527 3484 disciplinam
1568 3413 1688 3469 illos
1722 3412 1880 3485 alliigi
1902 3454 1917 3477 ,
1968 3425 2028 3468 ut

455 3520 686 3577 peccare
716 3505 1007 3561 desistant.
1041 3503 1221 3574 Opera
1256 3520 1389 3560 vero
1418 3505 1631 3560 occulta
1662 3504 1795 3560 dicit
1826 3522 1841 3561 :
1898 3520 2022 3561 nam

455 3598 598 3652 mala
634 3600 686 3652 in
716 3598 977 3653 cordibus
1012 3597 1389 3669 loquebantur.

528 3689 805 3762 Ejusdem.
840 3691 1108 3746 Docemur
1139 3692 1224 3748 his
1246 3691 1426 3748 verbis
1468 3701 1691 3760 peccata
1730 3689 1912 3747 omnia
1932 3688 2024 3745 de-

451 3800 681 3855 ponere.
711 3784 768 3839 Si
800 3787 943 3839 enim
974 3802 1082 3841 non
1116 3801 1304 3841 sumus
1339 3786 1711 3856 puri,oportet
1743 3799 1842 3838 nos
1867 3782 2025 3852 puni-

452 3875 528 3937 ri,
553 3884 611 3927 ut
639 3876 1350 3946 corrigantur.rSecundum
1385 3892 1573 3946 opera,
1600 3895 1619 3927 ι
1642 3875 1837 3943 inquit,
1871 3891 1891 3925 ι
1915 3888 2023 3927 ma-

450 3982 617 4022 nuum
644 3981 834 4023 eorum
867 3970 1044 4025 tribue
1078 3970 1204 4037 illis,
1237 3988 1257 4022 ι
1289 3970 1447 4040 quasi
1480 3970 1624 4024 dicat
1666 3985 1682 4023 :
1714 3961 2019 4022 Secundum

449 4073 619 4128 opera
660 4059 903 4128 ipsorum
938 4063 1170 4128 occulta,
1203 4063 1368 4118 redde
1395 4061 1808 4117 retributionem
1833 4074 2020 4115 eorum

448 4149 605 4219 ipsis.
635 4149 735 4216 Qui
766 4153 1059 4224 perspicax
1088 4165 1190 4219 est,
1223 4165 1278 4209 et
1300 4154 1597 4226 prudenter
1632 4169 1721 4208 res
1768 4152 2020 4225 aggredi—

2199 3219 2311 3285 Δὸς
2336 3218 2560 3286 αὐτοῖς,
2585 3222 2779 3289 Κύριε,
2807 3223 2954 3277 κατὰ
2972 3223 3046 3277 τὰ
3070 3223 3216 3295 ἔργα
3244 3226 3445 3280 αὐτῶν
3471 3227 3570 3282 καὶ
3598 3246 3694 3283 κα-

2126 3310 2199 3365 τὰ
2222 3311 2335 3380 τὴν
2350 3313 2643 3381 πονηρίαν
2660 3313 2777 3367 τῶν
2789 3314 3268 3386 ἐπιτηδευμάτων
3278 3319 3499 3384 αὐτῶν,
3514 3338 3567 3373 κ.
3584 3338 3634 3376 τ.
3645 3322 3690 3375 ἐ.

2125 3405 2279 3458 Αίτεῖ
2305 3406 2501 3470 αὐτοὺς
2531 3405 2642 3477 (29)
2667 3408 2982 3479 κακωθῆναι
3019 3408 3109 3464 διά
3139 3411 3406 3476 παιδείας,
3436 3414 3584 3477 ὅπως
3631 3415 3692 3468 ἂν

2128 3496 2441 3551 παύσωνται
2483 3497 2944 3569 πλημμελοῦντες.
2984 3503 3157 3573 Ἔργα
3194 3502 3252 3556 δὲ
3294 3503 3440 3573 λέγει
3468 3505 3537 3559 τὰ
3566 3523 3693 3578 κρυ-

2125 3586 2251 3639 πτά·
2286 3587 2431 3640 κακά
2459 3586 2567 3660 γὰρ
2597 3591 2653 3643 ἐν
2678 3593 2796 3654 ταῖς
2825 3591 3075 3661 καρδίαις
3102 3590 3342 3648 ἐλάλουν.

2200 3679 2309 3733 Τοῦ
2337 3679 2542 3734 αὐτοῦ.
2581 3681 2951 3753 Διδασκόμεθα
2986 3685 3091 3738 ὑπὸ
3124 3685 3216 3739 τοῦ
3241 3687 3398 3757 λόγου
3427 3689 3537 3761 (24)
3563 3690 3690 3744 ἀπο-

2124 3769 2308 3823 θέσθαι
2338 3771 2514 3826 πάντα
2540 3770 2609 3826 τά
2641 3773 3027 3846 ἁμαρτήματα·
3062 3778 3111 3831 εἰ
3138 3777 3245 3850 γὰρ
3273 3781 3373 3833 οὐκ
3403 3781 3568 3853 ἐσμὲν
3593 3800 3690 3835 κα-

2124 3859 2298 3931 θαροὶ,
2322 3860 2403 3915 δεῖ
2420 3862 2565 3945 ημᾶς
2593 3860 2940 3932 κολασθῆναι,
2968 3863 3056 3917 ἵνα
3077 3865 3467 3937 παιδευθῶμεν.
3500 3886 3518 3918 ι
3538 3869 3690 3941 κατὰ

2119 3950 2192 4005 τὰ
2223 3952 2359 4024 ἔργα
2399 3954 2505 4006 τῶν
2556 3953 2756 4025 χειρῶν
2783 3955 2982 4021 αὐτῶν,
3023 3976 3040 4008 ι
3080 3959 3233 4028 φησὶ,
3268 3978 3288 4007 ι
3323 3958 3410 4023 δὸς
3435 3961 3633 4025 αὐτοῖς·
3666 3980 3682 4011 ι

2120 4044 2253 4098 ὡσεὶ
2292 4045 2467 4115 ἕλεγεο
2501 4047 2659 4100 Κατά
2694 4046 2761 4101 τὰ
2793 4048 3012 4118 κρυπτὰ
3039 4048 3144 4101 τῶν
3177 4049 3352 4121 ἔργων
3396 4052 3593 4116 ἀπόδος
3632 4052 3689 4105 τὸ

2122 4138 2465 4211 ἀνταπόδομα
2505 4137 2684 4193 αὐτῶν
2724 4140 2923 4203 αὐτοῖς.
2974 4141 3032 4193 ’0
3063 4140 3365 4213 διορατικὸς
3393 4145 3687 4216 ἐπιστημο-

448 4250 563 4307 tur,
627 4242 675 4298 is
717 4259 885 4314 prava
938 4254 1194 4314 tanquam
1245 4248 1406 4303 noxia
1459 4256 1763 4313 aversatur,
1812 4248 2018 4318 eligens

2127 4230 2283 4294 νικῶς
2312 4236 2423 4295 τοῖς
2452 4233 2738 4304 πράγμασι
2767 4233 3195 4306 προσερχόμενος
3222 4234 3296 4298 ὼς
3328 4233 3599 4305 βλαπτικά
3624 4235 3688 4288 τά

450 4336 590 4390 bona
633 4351 755 4406 quae
817 4337 972 4392 utilia
1021 4349 1169 4394 sunt.
1229 4339 1512 4410 Improbus
1562 4354 1690 4395 vero
1745 4337 2019 4408 voluptate

2127 4323 2304 4393 φαῦλα
2328 4325 2746 4397 ἀποστρέφεται,
2770 4326 3089 4398 αἱρούμενος
3112 4325 3183 4379 τὰ
3212 4325 3412 4396 ἀγαθὰ,
3444 4327 3688 4397 ὠφέλιμα

446 4430 699 4496 allectus,
749 4443 1014 4501 operatur
1077 4432 1256 4500 mala,
1297 4448 1405 4487 non
1446 4433 1802 4488 considerans
1852 4448 2014 4502 quam

449 4521 612 4574 noxia
639 4522 770 4578 sint.
800 4522 934 4577 Cum
963 4523 1150 4592 itaque
1174 4524 1384 4579 ratione
1412 4539 1517 4578 non
1566 4524 1832 4595 percipiat
1884 4525 2014 4594 quid

448 4613 503 4667 iu
532 4612 614 4667 eis
637 4614 706 4667 sit
731 4616 974 4682 noxium,
1005 4623 1161 4686 rogat
1194 4616 1273 4668 vir
1293 4622 1512 4670 sanctus
1537 4617 1836 4671 secundum
1887 4630 2012 4687 ope-

448 4717 508 4758 ra
554 4718 648 4758 sua
711 4705 935 4759 retribui
997 4705 1098 4759 sibi
1132 4718 1197 4760 ea
1225 4720 1343 4775 qua:
1386 4704 1607 4758 molesta
1647 4715 1790 4770 sunt,
1835 4715 1894 4760 ut
1930 4705 2016 4759 vel

446 4793 517 4847 ob
539 4794 819 4851 molestias
854 4796 992 4850 mala
1023 4796 1194 4867 fugiat
1219 4811 1338 4867 quae
1383 4796 1637 4867 supplicii
1697 4796 1800 4866 ipsi
1847 4811 2013 4853 causa

446 4884 666 4942 fuerint.

519 4978 781 5044 Quoniam
814 4996 917 5034 non
942 4979 1310 5036 intellexerunt
1338 4979 1395 5034 in
1422 4995 1581 5048 opera
1604 4977 1852 5043 Domini,
1879 4985 1929 5032 et
1954 4977 2010 5031 in

446 5085 602 5140 opera
623 5087 876 5129 manuum
910 5071 1050 5142 ejus,
1097 5082 1200 5128 etc.
1255 5071 1429 5142 Opera
1465 5069 1676 5126 Domini
1709 5069 1847 5124 forte
1883 5075 2011 5122 sunt

444 5177 563 5232 quae
597 5162 869 5221 intellectu
910 5164 1306 5235 percipiuntur,
1335 5177 1501 5234 opera
1527 5170 1708 5216 autem
1749 5172 2006 5213 manuum

440 5254 562 5324 ejus
616 5256 849 5313 arbitror
894 5272 1030 5314 esse
1080 5272 1144 5313 ea
1212 5272 1334 5329 quae
1398 5255 1501 5312 sub
1544 5267 1737 5311 sensus
1783 5252 2001 5308 cadunt.

518 5372 567 5407 ⁷³
598 5375 764 5432 Marc;
788 5393 853 5454 ιι,
890 5377 977 5433 16.

509 5491 623 5559 (27)
661 5492 825 5548 Αιτεῖ
853 5490 1095 5558 αὐτούς,
1121 5502 1228 5547 etc.
1262 5489 1488 5546 Sclicdte
1521 5486 1729 5543 Grabii.

511 5554 1220 5647 (ἓξδβιδασκόιέεραὺπό
1269 5561 1375 5618 τοῦ
1426 5560 1634 5633 λόγου,
1674 5567 1779 5615 etc.
1829 5554 2007 5615 Codex

436 5632 820 5696 Coislinianus,
849 5650 905 5688 n.
934 5632 1056 5689 489.

2121 4414 2267 4471 ὄντα.
2305 4416 2361 4471 Ὁ
2388 4416 2445 4470 δὲ
2470 4417 2689 4486 φαῦλος,
2719 4419 2878 4490 ἡδονῇ
2912 4418 3251 4489 θελγόμενος,
3283 4416 3575 4490 ἐργάζεται
3622 4418 3685 4472 τά

2122 4507 2288 4573 κακὰ,
2319 4509 2419 4579 οὐχ
2455 4508 2595 4581 ὁρῶν
2622 4509 2800 4563 αὐτῶν
2832 4509 2894 4562 τὸ
2927 4510 3204 4581 βλαϐερόν.
3244 4510 3396 4562 Ἐπεὶ
3424 4506 3518 4564 οὖν
3546 4508 3685 4578 λογι-

2120 4601 2233 4666 κῶς
2265 4603 2364 4655 οὐκ
2408 4603 2717 4657 αἰσθάνεται
2755 4601 2869 4655 τῶν
2903 4601 3200 4673 βλαϐερῶν,
3236 4601 3453 4672 εὔχεται
3478 4604 3506 4655 6
3540 4603 3687 4670 ἅγιος

2121 4696 2374 4749 ἀποτῖσαι
2422 4694 2572 4765 αὐτῷ
2601 4694 2740 4748 κατὰ
2770 4694 2838 4748 τὰ
2883 4694 3018 4765 ἔργα
3054 4693 3216 4747 αὑτοῦ
3246 4694 3497 4758 ἐπίπονα,
3545 4694 3685 4755 ὅπως

2121 4787 2188 4842 ἂν
2218 4787 2307 4841 διὰ
2333 4789 2459 4850 τοὺς
2492 4787 2686 4850 πόνους
2714 4786 3036 4858 ἀποστραφῇ
3068 4784 3135 4837 τὰ
3165 4784 3329 4850 κακὰ,
3353 4786 3501 4838 αἴτια
3530 4785 3681 4840 κολα-

2121 4897 2258 4944 σεως
2293 4878 2442 4950 αὺτῷ
2468 4878 2828 4950 γεγενημένα.

2194 4974 2313 5025 Ὅτι
2365 4974 2438 5026 οὺ
2470 4969 2749 5039 συνῆκαν
2792 4973 2880 5037 εις
2916 4970 2989 5024 τὰ
3018 4968 3161 5040 ἔργα
3199 4968 3439 5036 Κυρίου,
3476 4967 3574 5022 καί
3601 4968 3683 5032 εις

2114 5065 2187 5120 τὰ
2217 5065 2361 5134 ἔργα
2383 5063 2502 5117 τῶν
2524 5062 2737 5133 χειρῶν
2765 5062 2970 5126 αὑτοῦ,
3006 5079 3060 5115 κ.
3086 5078 3135 5114 τ.
3161 5062 3206 5115 ἐ.
3242 5062 3421 5132 Ἔργα
3454 5061 3549 5131 μὲν
3571 5062 3652 5113 Κυ
3673 5087 3684 5100 -

2115 5157 2232 5228 ρίου
2259 5157 2368 5227 (29)
2404 5154 2546 5226 τάχα
2585 5155 2703 5207 ἐστὶ
2730 5153 2798 5206 τὰ
2828 5152 3014 5224 νοητὰ,
3049 5151 3184 5223 ἔργα
3214 5151 3269 5204 δέ
3296 5152 3493 5223 χειρῶν
3522 5150 3680 5205 αὐτοῦ

2110 5248 2178 5303 τὰ
2225 5246 2458 5319 αἰσθητά
2496 5243 2734 5316 νομίζω.
2791 5262 2811 5296 ι
2852 5242 2986 5313 Οὐχὶ
3036 5244 3069 5313 ἡ
3118 5242 3238 5314 χείρ
3299 5257 3433 5310 μου,
3500 5241 3678 5312 φησὶν,

2212 5477 2303 5547 29)
2342 5477 2526 5547 Ἔργα
2565 5468 2683 5547 μὲν
2717 5471 3106 5547 Κυρίουιριιῑ2
3134 5468 3355 5547 Schedte
3396 5469 3582 5547 Grabii
3625 5481 3678 5526 et

2116 5540 2296 5607 codeti
2366 5540 2752 5603 Coislinianus.
2808 5540 3023 5599 Similia
3080 5540 3195 5598 fere
3267 5540 3431 5596 habet
3508 5540 3675 5598 Eusc-

2115 5621 2260 5679 bius.
2299 5699 2305 5706 δ
