4020 6152
436 253 456 306 l
468 252 573 309 289

1366 253 1676 312 SELECTA
1712 254 1782 310 IN
1821 251 2158 311 PSALMOS.
2193 285 2262 295 —
2294 252 2494 311 PSAL.
2533 250 2773 309 XXVIII.

3547 255 3686 312 l290

435 393 454 426 ι
489 373 712 447 ἐποίησε
750 374 920 429 ταῦτα
959 376 1164 441 πάντας
1196 396 1215 428 ι
1252 377 1322 431 ’Ἡ
1344 378 1483 449 τάχα
1512 377 1648 450 ἔργα
1677 377 1778 449 μὲν
1801 379 1991 451 Κυρίοι

2121 395 2140 428 ι
2178 375 2388 445 Nonne,
2419 375 2595 447 inquit
2623 375 2695 441 ⁷⁸,
2722 386 2918 430 manus
2949 388 3071 431 mea
3104 373 3230 431 fecit
3265 373 3379 431 haec
3397 375 3578 433 omnia
3605 378 3630 432 ?
3662 397 3682 430 ι

428 464 485 518 αἱ
509 465 722 535 ἀρεταὶ,
753 464 889 536 ἔργα
920 465 976 519 δὲ
1000 466 1196 537 χειρῶν
1216 466 1382 522 αὑτοῦ
1404 471 1452 521 οἱ
1485 467 1631 538 λόγοι
1658 466 1766 522 τῶν
1792 466 2014 535 γεγονό-

425 574 552 610 των.
567 577 584 608 ι
597 557 860 622 Καθελεῖς
877 560 1071 623 αὑτοὺς
1086 560 1179 613 καὶ
1196 561 1255 613 οὑ
1278 560 1353 632 μὴ
1368 560 1618 632 οἰκοδομή
1627 578 1738 624 σεις
1755 560 1972 625 αὐτούς.
1988 579 2008 611 ι

426 648 662 703 Καθελεί
708 648 913 721 Κύριος
967 650 1067 715 τὰς
1118 649 1261 718 ἔξεις
1320 651 1419 715 τὰς
1475 651 1750 724 πονηράς,
1798 651 1893 704 καὶ
1945 650 2007 703 οὑ

429 739 504 808 μὴ
544 736 622 790 ἔτι
670 740 1014 811 συγχωρήσει
1076 742 1190 804 τοῖς
1244 741 1614 812 οἰκοδομοῦσιν
1658 741 2011 813 οἰκοδομῆσαι

427 830 616 894 αὑτάς.

496 926 604 979 Καὶ
646 924 940 980 ἀνέθαλεν
966 927 1005 994 ἡ
1036 929 1193 995 σαρξ
1217 946 1358 996 μου,
1393 946 1448 982 κ.
1489 946 1539 984 τ.
1576 931 1623 984 ὲ.
1670 929 1859 1001 Σάρκα
1910 927 2009 999 μὲν

424 1017 678 1088 ὠνόμασε
708 1017 821 1089 (50)
839 1019 936 1090 τὴν
956 1019 1133 1090 ψυχὴν
1156 1020 1243 1074 διὰ
1271 1020 1331 1073 τὸ
1360 1021 1719 1092 κεκολλῆσοαι
1745 1021 1913 1092 αὐτὴν
1938 1024 2005 1094 τῇ

429 1108 612 1177 σαρκὶ,
648 1108 789 1162 κατὰ
832 1108 913 1172 τὸ,
959 1128 977 1161 r
1017 1109 1245 1179 Ὀψεται
1288 1113 1437 1164 πᾶσα
1473 1111 1609 1182 σὰρξ
1648 1112 1709 1165 τὸ
1741 1114 2008 1183 σωτήριον

425 1197 520 1251 τοῦ
568 1197 703 1252 Θεοῦ
735 1198 914 1270 ἡμῶν.
955 1219 972 1250 ι
1010 1200 1080 1252 Ἢ
1120 1200 1261 1271 τάχα
1294 1203 1327 1272 ἡ
1362 1200 1593 1274 αἰσθητὴ
1642 1202 1824 1256 ϐάλλει
1870 1201 2009 1272 σάρξ

425 1290 737 1362 ἀποθεμένη
765 1290 833 1343 τὰ
851 1291 1016 1360 πάθη.

489 1379 699 1434 Σῶσον
729 1381 835 1434 τὸν
883 1383 1042 1435 λαόν
1066 1395 1204 1443 σου,
1230 1378 1327 1434 καί
1359 1381 1700 1449 εὐλόγησαν
1722 1379 1837 1447 τὴν
1863 1384 2007 1448 κλη-

416 1473 707 1541 ρονομίαν
732 1488 871 1537 σου,
910 1473 1007 1526 καί
1043 1473 1337 1541 ποίμανον
1354 1471 1597 1537 αὐτοὺς,
1632 1471 1731 1525 καὶ
1779 1472 2005 1539 ἔπορον

420 1556 645 1624 αὐτοὺς
697 1560 809 1627 ἕως
836 1559 946 1615 τοῦ
975 1559 1209 1625 αἰῶνος,
1243 1579 1296 1614 κ.
1332 1579 1377 1613 τ.
1412 1562 1461 1613 ὲ.
1490 1559 2000 1631 Κληρονομίανῶὶ)

420 1651 516 1705 νῦν
551 1652 698 1719 λέγει
740 1654 841 1726 τὴν
884 1653 1322 1726 κληρονομοῦσαν
1360 1654 1521 1707 αὑτὸν
1553 1653 1712 1723 φύσιν
1753 1653 1998 1725 λογικήν.

498 1744 610 1801 Τοῦ
635 1724 842 1801 αὑτοῦ.
873 1724 1045 1809 asta;
1067 1749 1096 1800 6
1135 1745 1367 1818 Χριστὸς
1412 1745 1522 1816 (5:!)
1562 1746 1714 1815 ἡμᾶς
1745 1724 1991 1816 ποιμανεῖ

2178 1745 2456 1815 Ejusdem.
2494 1747 2611 1815 ipse
2648 1747 2895 1802 Christus
2938 1745 3115 1816 pascit
3147 1758 3246 1798 nos
3276 1743 3368 1812 qui
3405 1742 3459 1796 in
3499 1742 3673 1811 ipsum
3788 1746 3791 1749 ’

417 1837 546 1901 τοὺς
594 1839 673 1902 είς
716 1839 878 1892 αὑτὸν
923 1838 1373 1901 πεπιστευκότας,
1419 1838 1642 1908 πέμψας
1671 1836 1785 1891 ἀντ’
1830 1835 1995 1891 αὑτοῦ

418 1932 514 1984 καὶ
546 1930 623 1994 ὡς
649 1931 810 1984 αὑτὸν
835 1931 924 1984 τὸν
954 1930 1329 2002 Παράκλητον,
1355 1931 1384 1984 ὅ
1418 1933 1532 1983 ἐστι
1560 1929 1620 1983 τὸ
1650 1930 1875 2000 Πνεῦμα
1898 1930 1999 2001 τῆς

417 2022 695 2094 ἀληθείας.
713 2022 824 2075 Καὶ
855 2022 960 2094 μὴν
983 2023 1074 2076 καὶ
1100 2023 1315 2095 ἐπαίρει
1342 2022 1451 2076 ἀπὸ
1472 2021 1581 2075 τῶν
1598 2022 1821 2093 γηΐνων,
1842 2039 1998 2076 τουτ-

2116 466 2213 522 Vel
2241 466 2386 523 forte
2415 481 2582 537 opera
2612 464 2824 522 Domini
2852 474 2983 521 sunt
3007 467 3239 522 virtutes
3259 508 3275 535 ,
3305 481 3470 537 Opera
3498 478 3685 526 autem

2115 573 2373 614 manuum
2395 558 2533 627 ejus,
2563 565 2690 614 sunt
2720 570 2899 613 rerum
2925 555 3195 616 factarum
3228 561 3492 618 rationes.
3533 581 3551 613 ι
3585 560 3684 616 De-

2113 660 2296 707 strues
2319 651 2442 707 illos
2464 662 2520 706 et
2548 666 2657 708 non
2687 651 2983 710 aadiﬁcabis
3005 665 3122 708 eos.
3172 670 3193 704 ι
3220 651 3460 707 Destruit
3497 653 3684 708 Domi-

2113 759 2219 800 nus
2263 744 2435 799 malos
2482 744 2719 813 habitus,
2754 760 2856 802 nec
2893 744 3164 816 permittit
3193 744 3584 801 aediﬁcantibus
3624 754 3684 802 ut

2112 836 2263 907 ipsos
2288 838 2615 893 instaurent.

2184 928 2346 985 Vens.
2381 929 2435 982 7.
2461 929 2527 983 Et
2550 930 2788 1000 reﬂoruit
2820 944 2944 984 caro
2984 945 3122 996 mea,
3150 936 3259 983 etc.
3301 927 3533 984 Carnem
3582 942 3683 982 vo-

2111 1022 2255 1076 cavit
2281 1022 2541 1089 animam,
2571 1022 2716 1092 quod
2740 1021 2890 1076 carni
2917 1019 3216 1084 adhaereat,
3242 1019 3397 1090 juxta
3420 1019 3549 1075 illud
3574 1019 3619 1052 ⁸⁸
3662 1036 3678 1075 :

2116 1132 2134 1165 ‹
2170 1113 2387 1169 Videbit
2406 1115 2585 1169 onmis
2607 1130 2740 1170 caro
2761 1112 3003 1169 salutare
3027 1112 3122 1168 Dei
3143 1113 3333 1168 nostri.
3363 1132 3384 1165 ι
3418 1112 3515 1169 Vel
3542 1113 3684 1169 forte

2109 1207 2326 1262 sensilis
2363 1221 2493 1260 caro
2522 1204 2842 1273 rellorescit,
2873 1220 2996 1260 cum
3039 1203 3265 1258 allectus
3302 1202 3571 1273 deposuit.

2176 1382 2342 1455 639
2376 1389 2530 1445 Vens.
2559 1382 2611 1438 9.
2649 1381 2867 1437 Salvum
2892 1380 2979 1451 fac
3004 1378 3256 1450 populant
3288 1388 3459 1441 tuum,
3488 1386 3537 1429 et
3586 1377 3679 1429 be-

2108 1475 2260 1527 nedic
2290 1474 2591 1527 ltwreditatt’
2630 1484 2755 1536 tum,
2793 1484 2841 1527 et
2882 1487 2998 1541 rege
3053 1487 3163 1534 eos,
3197 1479 3246 1525 et
3300 1469 3491 1523 extolle
3555 1466 3680 1521 illos

2106 1580 2266 1633 usque
2287 1564 2341 1617 in
2365 1579 2637 1625 (uernum,
2671 1573 2777 1619 etc.
2803 1561 3189 1616 llacreditatem
3230 1569 3390 1615 vocat
3438 1558 3680 1613 rationac

2106 1654 2269 1710 bilem
2296 1664 2540 1708 naturam
2570 1670 2688 1724 qua:
2719 1654 2891 1724 ipsius
2917 1654 3091 1709 haeres
3120 1651 3258 1706 facta
3290 1660 3396 1707 est.

2102 1840 2453 1903 credidimus,
2490 1839 2706 1893 mittens
2737 1854 2833 1909 pro
2863 1853 2921 1893 se
2949 1847 3005 1893 et
3039 1848 3295 1908 tanquam
3333 1850 3394 1892 se
3420 1834 3676 1891 Paracle-

2107 1941 2243 2001 tutn,
2274 1930 2536 2002 Spiritum
2560 1933 2825 1986 veritatis.
2844 1931 2983 1999 Quin
3011 1940 3067 1986 et
3088 1930 3295 1986 extollit
3319 1944 3417 1985 nos
3440 1945 3471 1985 a
3504 1938 3677 1983 terre-

2106 2025 2210 2086 nis,
2238 2025 2285 2077 id
2316 2034 2400 2079 est
2425 2024 2683 2081 sublimes
2712 2025 2841 2080 facit
2868 2025 2920 2079 in
2944 2023 3127 2080 futura
3150 2033 3206 2078 et
3224 2022 3435 2078 inﬁnita
3452 2021 3671 2077 saecula.

418 2115 567 2171 ἐστιν
627 2117 858 2187 ὑψηλοὺς
904 2117 1195 2187 ἀποφαίνει
1227 2117 1308 2180 είς
1355 2115 1482 2178 τοὺς
1531 2113 1820 2186 μέλλοντας
1861 2116 1955 2169 καὶ
1994 2116 2380 2189 ἁτελευτήτους
2419 2116 2642 2180 αἰῶνας.

976 2313 1268 2367 ΨΑΛΜΟΣ
1288 2314 1421 2366 ΚΗ¹.

486 2430 792 2502 Ἐνέγκατε
824 2426 903 2494 τῷ
943 2428 1154 2496 Κυρίῳ,
1179 2426 1295 2481 υἱοὶ
1318 2428 1487 2489 Θεοῦ,
1522 2446 1574 2480 κ.
1609 2445 1656 2480 τ.
1696 2429 1741 2480 έ.
1780 2427 1991 2495 Παῦλος

407 2522 440 2578 6
472 2522 624 2591 ἆγιος
656 2522 768 2588 (55)
817 2519 930 2583 υἱὸς
963 2517 1099 2573 Θεοῦ
1132 2518 1324 2586 γέγονε
1368 2517 1458 2572 διὰ
1496 2517 1591 2570 τοῦ
1629 2517 1984 2586 Εὑαγγελίου.

421 2614 645 2684 Ἐγέννα
682 2613 741 2668 δὲ
786 2612 882 2666 καὶ
925 2613 1088 2676 αὑτὸς
1147 2612 1295 2675 υἱοὺς
1343 2611 1435 2664 καὶ
1471 2610 1710 2682 προσῆγε
1736 2610 1817 2682 τῷ
1844 2613 1984 2685 Θεῷ.
2020 2657 2064 2718 c

409 2707 575 2769 Υίοὺς
626 2703 783 2759 καλεῖ
813 2705 942 2767 τοὺς
990 2702 1191 2772 πολλῆς
1238 2702 1499 2773 τυχόντας
1540 2702 1690 2773 παρὰ
1728 2702 1823 2758 τοῦ
1857 2702 1991 2757 Θεοῦ

408 2799 765 2871 κηδεμονίας,
815 2798 912 2852 καὶ
959 2797 1232 2860 σωθέντας
1278 2796 1628 2866 παραδόξως,
1670 2789 1745 2851 ὧν
1784 2799 1812 2852 6
1860 2794 1991 2861 Θεὸς

408 2891 663 2962 ἐφείσατο
682 2889 855 2954 οὑτως
883 2888 960 2954 ὡς
991 2888 1148 2944 υἱῶν.

486 2984 794 3057 Ἐνέγκατε
830 2982 910 3050 τῷ
960 2983 1158 3052 Κυρίῳ
1209 2981 1380 3048 υἱοὺς
1417 2980 1616 3049 κριῶν,
1650 2999 1705 3035 κ.
1742 2998 1794 3035 τ.
1839 2980 1887 3035 ἐ.
1928 2981 1988 3035 '0

409 3078 656 3146 συνάγων
688 3075 802 3146 (54)
834 3074 904 3129 τά
932 3074 1393 3147 διεσκορπισμένα
1429 3072 1678 3145 πρόϐατα
1725 3070 1984 3145 Χριστοῦ,

404 3171 503 3227 καὶ
542 3160 888 3242 ἐπιστρέφων
917 3167 988 3221 τὰ
1027 3166 1435 3236 πεπλανημένα,
1469 3165 1562 3219 καὶ
1608 3165 1878 3235 εὑρίσκων
1917 3165 1987 3220 τὰ

403 3262 740 3324 ἀπολωλότα,
769 3255 925 3326 οὗτος
959 3259 1113 3330 φέρει
1145 3256 1223 3328 τῷ
1256 3255 1445 3328 Κυρίῳ
1475 3255 1624 3318 uici);
1670 3253 1859 3324 κριῶν·
1890 3254 1985 3309 καὶ

403 3356 434 3409 6
464 3354 632 3409 ποιῶν
657 3354 805 3416 ὅπως
842 3352 1024 3407 ἴδωσιν
1053 3351 1102 3403 οί
1141 3348 1417 3421 ἄνθρωποι
1445 3347 1513 3400 τὰ
1546 3346 1683 3400 καλά
1714 3346 1851 3418 ἔργα
1883 3348 1985 3400 αὑ-

403 3446 519 3510 τοῦ,
547 3446 639 3499 καὶ
662 3444 925 3511 δοξάσωσι
956 3444 1046 3496 τὸν
1088 3445 1146 3496 ὲν
1186 3443 1433 3515 οὐρανοῖς
1456 3440 1697 3513 Πατέρα.
1729 3437 1888 3510 Φέρει
1928 3438 1983 3493 δὲ

400 3537 481 3609 τῷ
503 3538 692 3609 Κυρίῳ
722 3534 878 3602 δόξαν
912 3536 1002 3588 καὶ
1034 3536 1063 3587 6
1089 3536 1147 3587 ὲν
1180 3533 1321 3603 λόγῳ
1356 3531 1546 3601 σοφίας
1566 3528 1848 3599 θεολογῶν.
1885 3530 1982 3583 Τι·

407 3632 515 3704 μὴν
556 3631 613 3685 δὲ
656 3630 810 3702 φέρει
858 3628 1048 3700 Κυρίῳ
1073 3629 1101 3681 6
1139 3627 1211 3699 μὴ
1252 3628 1316 3680 ὲκ
1348 3625 1523 3694 λύπης
1554 3623 1587 3695 ἢ
1642 3622 1702 3688 ἐξ
1736 3622 1983 3694 ἀνάγκης

402 3722 566 3778 ἐλεῶν
594 3723 827 3793 πτωχὸν,
868 3722 962 3775 καὶ
1012 3722 1072 3773 ὲν
1127 3718 1301 3790 τούτῳ
1339 3716 1569 3781 δανείζει
1598 3715 1735 3785 Θεῷ.
1768 3715 1842 3767 Τὸ
1870 3714 1980 3787 γάρ

408 3835 428 3867 ι
466 3817 632 3888 τιμᾷν
665 3835 684 3868 ι
709 3814 854 3879 ἰδίως
874 3814 968 3868 καὶ
984 3813 1077 3865 ἐπὶ
1095 3812 1297 3865 τούτων
1311 3813 1369 3864 ἐν
1391 3814 1456 3882 τῇ
1488 3811 1676 3883 Γραφῇ
1696 3810 1976 3873 τέτακται,

2594 2313 2911 2371 PSALMUS
2947 2313 3186 2369 XXVI“.

2169 2429 2411 2485 γεκαὶ.
2469 2430 2667 2501 Aﬂ‘erte
2704 2430 2952 2494 Domino,
3002 2431 3105 2499 ﬁlii
3155 2431 3271 2498 Dei,
3319 2440 3428 2487 etc.
3467 2430 3669 2489 Paulus

2096 2533 2319 2578 sanctus
2343 2522 2484 2578 ﬁlius
2514 2523 2608 2578 Dei
2643 2538 2740 2591 per
2772 2521 3123 2592 Evangelium
3149 2523 3321 2579 lactus
3349 2523 3669 2582 est.Genuit

2095 2625 2274 2668 autem
2315 2625 2369 2668 et
2398 2614 2515 2683 ipse
2562 2614 2700 2669 ﬁlios
2727 2626 2782 2669 et
2807 2615 2988 2670 attulit
3043 2615 3173 2670 Deo.
3215 2613 3379 2671 Filios
3408 2624 3568 2672 vocat
3596 2616 3668 2673 de

2095 2710 2292 2778 quibus
2316 2709 2504 2779 ingens
2529 2725 2659 2764 cura
2689 2720 2772 2766 est
2802 2712 2931 2777 Deo,
2964 2711 3056 2781 qui
3078 2713 3398 2770 mirabiliter
3431 2714 3666 2771 salutem

2094 2809 2221 2857 sunt
2241 2802 2444 2872 adepti,
2470 2811 2526 2857 et
2550 2803 2755 2871 quibus
2798 2804 2940 2861 Deus
2994 2813 3248 2877 tanquam
3303 2806 3430 2863 ﬁliis
3471 2822 3665 2879 peper-

2093 2893 2188 2949 cit.

2165 2985 2366 3057 A/ferte
2391 2987 2618 3044 Domino
2660 2988 2799 3057 ﬁlios
2829 2989 3078 3053 arietum,
3137 2998 3243 3047 etc.
3306 2990 3408 3059 Qui
3452 2993 3660 3066 colligit

2092 3079 2368 3149 dispersas
2392 3079 2595 3136 Christi
2623 3096 2786 3146 oves,
2822 3088 2877 3136 et
2913 3090 3165 3137 errantes
3205 3082 3435 3149 reducit,
3482 3086 3662 3153 perdi-

2093 3180 2285 3240 tasqne
2317 3170 2546 3243 reperit,
2597 3172 2646 3229 is
2703 3170 2860 3228 aﬁ‘ert
2920 3171 3147 3227 Domino
3179 3172 3319 3229 ﬁlios
3370 3174 3606 3230 arietum
3637 3189 3658 3232 :

2086 3264 2231 3331 quod
2256 3264 2386 3319 item
2418 3264 2549 3320 facit
2579 3264 2672 3335 qui
2701 3264 2777 3319 ita
2824 3264 2994 3319 vitam
3044 3264 3299 3331 instituit,
3330 3276 3389 3320 nt
3432 3266 3658 3324 videant

2092 3354 2340 3411 homines
2393 3369 2559 3424 opera
2614 3355 2729 3424 ejus
2766 3354 2933 3420 bona,
2968 3363 3025 3410 et
3078 3356 3383 3427 gloriﬁcent
3434 3357 3656 3414 Patrem

2084 3445 2176 3513 qui
2217 3445 2272 3499 in
2310 3444 2467 3499 cadis
2493 3455 2599 3501 est.
2620 3441 2788 3499 Aﬂ‘ert
2809 3444 2975 3500 etiam
3018 3444 3128 3501 Deo
3177 3445 3401 3517 gloriam
3445 3449 3536 3517 qui
3588 3449 3659 3504 de

2084 3537 2197 3592 Deo
2233 3538 2512 3607 sapienter
2550 3536 2790 3604 loquitur
2837 3547 2891 3591 et
2946 3537 3131 3593 sentit.
3192 3536 3467 3594 Honorem
3525 3555 3657 3596 vero

2086 3626 2313 3683 Domino
2344 3625 2519 3689 allert,
2543 3627 2633 3696 qui
2665 3642 2773 3680 non
2807 3640 2879 3681 ex
2912 3626 3134 3681 tristitia
3175 3626 3260 3680 vel
3295 3642 3363 3685 ex
3415 3629 3628 3684 necessi

2086 3730 2197 3777 tate
2219 3721 2438 3789 pauperi
2462 3720 2554 3773 dat
2585 3720 3009 3789 eleemosynam,
3037 3727 3093 3773 et
3126 3719 3180 3774 in
3202 3719 3319 3789 ipso
3347 3713 3655 3777 imperatur

2082 3811 2214 3867 Deo.
2247 3828 2267 3862 ι
2301 3808 2583 3865 Honorare
2608 3830 2626 3861 ι
2651 3810 2800 3864 enim
2831 3812 3049 3878 proprie
3077 3811 3245 3865 etiam
3275 3814 3379 3869 hoc
3402 3830 3565 3874 sensu
3595 3817 3653 3874 in

400 3906 477 3970 ὡς
503 3907 658 3979 δῆλον
689 3908 756 3960 ἐκ
780 3905 894 3959 τοῦ·
937 3924 957 3956 ι
992 3904 1180 3975 Χήρας
1207 3903 1360 3972 τίμα,
1390 3902 1487 3964 τὰς
1513 3900 1681 3964 ὅντως
1710 3902 1905 3972 χήρας,
1953 3918 1971 3950 ι

2096 3902 2368 3972 Scriptura
2392 3902 2628 3970 ponitur,
2660 3902 2738 3954 uti
2792 3901 3140 3956 manifestum
3166 3911 3249 3959 est
3273 3918 3341 3959 ex
3380 3907 3467 3962 his
3524 3924 3653 3965 ver-

406 3998 516 4061 καὶ,
547 4014 566 4048 ι
601 3996 746 4066 Τίμα
771 3996 861 4050 τὸν
907 3995 1117 4067 πατέρα
1145 3994 1239 4047 καὶ
1266 3993 1364 4064 τὴν
1397 3991 1627 4064 μητέρα.
1670 4011 1688 4044 t
1738 3991 1884 4063 Αὑλὴ
1917 3990 1975 4043 δὲ

2096 3992 2164 4047 )is
2192 3991 2237 4023 ⁸⁸
2276 4009 2289 4044 :
2333 4010 2351 4043 ι
2385 3989 2585 4046 Viduas
2613 3992 2838 4054 honora,
2876 4003 2996 4058 qua:
3036 4005 3163 4046 vere
3216 3992 3394 4049 viduze
3422 4007 3587 4063 sunt;
3626 4020 3646 4052 ι

404 4090 536 4160 ἁγία
562 4091 597 4161 ἠ
632 4088 944 4161 Ἐκκλησία.

470 4272 643 4341 Φωνὴ
677 4272 897 4341 Κυρίου
917 4272 1017 4326 ἐπὶ
1039 4270 1158 4326 τῶν
1181 4271 1434 4330 ὑδάτων.
1464 4288 1519 4324 κ.
1536 4286 1587 4322 τ.
1614 4270 1661 4322 ἐ.
1686 4268 1840 4338 Φωνὴ
1874 4268 1974 4338 μὲν

397 4368 606 4441 Κυρίου
649 4366 761 4434 (55)
793 4365 978 4428 ἁπλῶς
1006 4366 1230 4419 ἐπὶτῶν
1271 4366 1497 4425 ὑδάτων,
1526 4362 1689 4425 αὑτὸς
1717 4360 1771 4414 δὲ
1802 4362 1831 4413 6
1860 4360 1975 4415 Κύ-

401 4477 513 4532 ριος
543 4460 635 4513 ἐπὶ
663 4458 869 4512 ὑδάτων
897 4457 1124 4511 πολλῶν.
1172 4456 1408 4526 Λογικας
1434 4456 1491 4509 δὲ
1522 4453 1713 4524 φύσεις
1745 4451 1841 4506 νῦν
1873 4468 1971 4523 ση-

2076 4093 2126 4138 et
2154 4084 2269 4139 istis
2288 4083 2333 4115 ⁸⁸
2368 4098 2385 4137 :
2422 4101 2441 4132 ι
2481 4082 2695 4138 Honora
2721 4091 2932 4152 patrem
2955 4090 3011 4138 et
3034 4092 3283 4142 matrem.
3315 4105 3335 4139 ι
3370 4089 3507 4144 Aula
3546 4107 3651 4146 au-

2080 4186 2187 4230 tem
2223 4184 2433 4240 sancta,
2472 4184 2553 4227 est
2584 4174 2846 4229 Ecclesia.

2147 4267 2313 4323 Vens.
2340 4266 2394 4320 '5.
2444 4264 2554 4320 γοα
2581 4265 2800 4320 Domini
2821 4283 2979 4335 super
2994 4283 3182 4338 aquas,
3214 4278 3320 4325 etc.
3380 4273 3498 4331 Vox
3530 4276 3654 4344 qui-

2076 4362 2199 4414 dem
2236 4358 2448 4414 Domini
2476 4356 2798 4427 simpliciter
2835 4367 2920 4413 est
2950 4372 3116 4428 super
3144 4374 3350 4430 aquas;
3399 4362 3518 4432 ipse
3551 4378 3650 4417 au-

2080 4459 2187 4506 tem
2224 4449 2487 4505 Dominus
2510 4463 2673 4517 super
2698 4462 2868 4516 aquas
2901 4448 3115 4503 multas.
3150 4449 3526 4508 Rationabiles
3549 4469 3653 4507 na-

398 4553 579 4624 μαίνει
603 4551 872 4605 τάῦδατα.
901 4569 921 4602 r
952 4549 1256 4621 Γενηθήτω,
1336 4548 1489 4617 φησὶ,
1581 4544 1642 4598 τὸ
1678 4543 1966 4616 στερέωμα

2101 4559 2210 4596 ura:
2234 4543 2338 4598 hoc
2365 4543 2483 4595 loco
2505 4540 2663 4609 aquis
2696 4538 3092 4610 signiﬁcantur.
3131 4561 3151 4594 ι
3192 4542 3335 4601 Fiat.
3369 4543 3545 4613 inquit
3570 4544 3641 4612 ⁸³,

397 4645 454 4696 ὲν
479 4643 628 4715 μέσῳ
650 4643 743 4696 τοῦ
776 4641 986 4706 ὓδατος,
1021 4642 1114 4696 κα)¹
1146 4641 1284 4694 έστω
1310 4638 1652 4711 διαχωρίζον.
1700 4656 1719 4688 ι

456 4736 565 4790 Καὶ
589 4734 874 4789 λεπτυνεῖ
900 4734 1084 4800 αὐτὰς
1108 4734 1188 4799 ὡς
1217 4732 1323 4787 τὸν
1347 4734 1587 4801 μόσχον
1625 4727 1733 4782 τοῦ
1790 4726 1967 4783 Λιϐά-

391 4846 524 4892 νου,
569 4845 624 4881 κ.
651 4844 703 4881 τ.
735 4829 782 4880 ὲ.
817 4827 1032 4897 Μόσχος
1065 4824 1296 4878 Λιϐάνου
1325 4822 1433 4887 (56)
1472 4824 1501 4876 ὀ
1550 4820 1783 4891 πονηρὸς
1832 4817 1968 4872 evo-

394 4936 516 4972 ταον
534 4919 738 4990 Κυρίου
766 4916 1202 4988 παντοκράτορος
1224 4913 1597 4987 τραχηλιάσας
1625 4913 1719 4966 καὶ
1742 4908 1968 4982 ἀπορρί-

389 5009 497 5080 ψας
539 5010 631 5064 τὸν
669 5008 1019 5078 εὑαγγελικὺν
1052 5007 1235 5078 ζυγὸν,
1299 5007 1417 5071 θεὸς
1457 5001 1595 5059 εἶναι
1630 5000 1967 5075 βιαζόμενος.

2074 4632 2472 4686 ﬁrmamentum
2504 4631 2555 4685 in
2584 4630 2759 4685 medio
2789 4645 2965 4698 aqum,
2996 4641 3051 4684 et
3072 4632 3144 4684 sit
3165 4631 3430 4687 dividens.
3473 4650 3493 4683 ι

2148 4720 2309 4777 Vnus.
2337 4720 2390 4775 6.
2418 4718 2487 4774 Et
2509 4721 2823 4775 comminuet
2852 4737 2941 4776 eas
2964 4732 3213 4789 tanquam
3266 4725 3489 4780 vitulum
3551 4725 3645 4781 Li-

2071 4814 2214 4882 bani,
2243 4824 2351 4871 etc.
2375 4812 2590 4869 Vitulus
2615 4812 2804 4869 Libani
2856 4814 3124 4893 malignus
3171 4824 3255 4870 est
3300 4818 3391 4886 qui
3446 4833 3633 4875 coram

2073 4904 2300 4960 Domino
2320 4904 2693 4973 omnipotente
2723 4902 2988 4958 cervicem
3014 4903 3272 4961 attollens
3311 4910 3523 4966 excutit
3546 4908 3641 4990 ju-

2076 5012 2202 5068 gum
2224 4995 2621 5066 evangelicum,
2649 5003 2705 5052 et
2730 4996 2864 5053 deus
2889 4995 3077 5054 haberi
3101 5009 3353 5056 conatur.

459 5175 505 5207 "
536 5174 656 5228 Act.
678 5189 775 5236 νη.
807 5172 898 5231 50.
972 5173 1018 5205 ⁸⁸
1042 5172 1173 5227 Luc.
1201 5187 1281 5232 tu.
1312 5173 1366 5224 6.
1440 5170 1485 5200 ’ί
1525 5169 1541 5223 |
1576 5168 1718 5222 Tim.
1741 5184 1794 5232 v,
1821 5167 1875 5221 3.
1950 5163 1991 5196 "

2096 5162 2201 5217 :od.
2236 5175 2329 5226 xx,
2366 5159 2453 5216 12.
2530 5159 2576 5191 ⁸³
2595 5158 2791 5215 Cenes.
2816 5175 2857 5226 ι,
2885 5160 2940 5219 6.

457 5333 570 5404 (50)
609 5331 808 5402 Σάρκα
855 5334 974 5404 μὲν
1024 5333 1330 5404 ὠνόμασε,
1368 5339 1476 5383 etc.
1524 5328 1702 5404 codex
1754 5325 1953 5404 Co_isli-

388 5397 606 5511 :iia'nu's,
657 5397 873 5462 schedia?
918 5397 1155 5468 Grabii,
1193 5400 1504 5472 partimque
1557 5397 1759 5492 Catena
1820 5397 1953 5451 Bar-

399 5491 524 5529 ΜΠ.

481 5546 569 5607 51)
608 5543 1046 5614 Κληρονομίαν,
1069 5553 1174 5614 etc.
1207 5543 1367 5614 idem
1382 5553 1517 5614 mss.

481 5546 569 5607 5t)
608 5544 1046 5614 Κληρονομίαν,
1069 5553 1174 5598 etc.
1207 5544 1351 5598 idem
1382 5553 1517 5597 mss.

457 5544 573 5683 ίὸὶ)
613 5616 807 5681 Αὐτὸς
831 5618 865 5669 ό
894 5613 1168 5682 Χριστός,
1193 5623 1299 5669 etc.
1330 5610 1508 5683 Codex
1536 5609 1670 5683 Rue.

459 5677 575 5756 1'55)
611 5677 856 5751 Παῦλος
885 5677 1155 5752 δ’ἄγιοςῖ,
1187 5694 1293 5740 etc.
1343 5682 1528 5737 Codex
1576 5681 1710 5749 Rue,
1755 5677 1960 5735 Barba-

590 5780 865 5840 PATROL.
899 5778 1017 5839 Gn.
1050 5777 1195 5840 ΧΠ.

2067 5338 2177 5381 rus.
2205 5321 2375 5376 codex
2397 5320 2786 5378 Coisliuianus.

2134 5393 2247 5462 (54)
2299 5392 2352 5444 Ὁ
2384 5391 2687 5463 συνάγων,
2716 5405 2823 5449 etc.
2853 5394 3055 5450 Catena
3083 5391 3354 5463 corderii.

2136 5461 2251 5535 (55)
2289 5461 2463 5535 Φωηὴ
2509 5461 2931 5535 μένᾲΚυρίου,
2975 5474 3082 5535 etc.
3131 5462 3362 5519 Sciteda:
3407 5461 3632 5529 Grabii,

2063 5531 2600 5605 partimqueCatena
2632 5531 2899 5605 corderli,
2934 5531 3325 5605 ac_Barbaru_s.

2137 5602 2251 5675 (36)
2286 5600 2535 5674 Μόσχος
2559 5602 2839 5672 Λιϐάνου,
2865 5614 2974 5662 etc.
3006 5600 3235 5660 Sc'hedte
3258 5603 3474 5672 Grabii,
3499 5605 3631 5659 Baro

2070 5674 2256 5730 barus.

3237 5766 3312 5829 ltl
