4020 6152
469 228 600 284 1231

1870 223 1959 278 EX
2001 221 2301 280 ORIGENE

3547 230 3671 285 ηαξ

536 345 699 401 Vens.
748 344 801 399 7.
873 344 984 399 Vox
1056 343 1270 399 Domini
1336 345 1695 399 intercidentis
1763 345 2031 414 flammam

2206 344 2377 413 Φωνὴ
2398 346 2619 414 Κυρίου
2632 344 3057 414 διακόπτοντος
3078 348 3271 418 φλόγα
3286 349 3487 415 πυρὸς,
3500 365 3550 403 κ.
3570 368 3594 404 τ
3628 354 3668 407 ἐ.

465 437 625 507 ignis,
663 446 773 493 etc.
806 436 916 491 Vox
946 436 1157 491 Domini
1190 436 1489 505 exstinguit
1517 434 1769 489 ardentes
1810 435 2031 501 maligni

468 530 717 598 sagittas.
758 526 870 582 Vox
900 528 1002 583 ista
1055 537 1140 583 est
1184 527 1447 595 spiritalis
1499 527 1743 581 doctrina
1793 542 1913 596 qum
1967 530 2032 582 ad

468 622 766 691 sapientem
792 620 912 672 vitae
941 619 1340 674 institutionem
1365 620 1654 675 credentes
1675 618 1729 673 in
1756 617 2032 674 Christum

470 721 643 765 vorat.

550 805 707 856 \‘sns.
734 801 788 857 8.
834 800 950 857 Vox
992 801 1209 855 Domini
1261 803 1609 856 concutientis
1653 802 1938 867 desertum,
1989 812 2037 855 et

2147 438 2208 492 Ἦ
2238 440 2389 509 φωνὴ
2416 438 2618 509 Κυρίου
2650 439 2763 509 (57)
2793 439 3039 493 σόέννυσι
3070 440 3138 493 τὰ
3168 442 3533 512 πεπυρωμένα
3559 444 3670 515 βέλη

2132 529 2229 584 τοῦ
2257 530 2513 603 πονηροῦ
2538 531 2663 601 ἧτις
2692 530 2808 584 ἐστὶ
2838 529 3152 585 διδασκαλία
3190 534 3525 605 πνευματικὴ
3557 534 3673 606 πρὸς

2138 622 2306 694 σοφὴν
2336 622 2611 677 πολιτείαν
2637 622 3012 694 ἐκκαλουμένη
3054 624 3143 678 τὸν
3178 626 3570 679 πεπιστευκότα
3609 626 3676 698 τῷ

2136 716 2376 788 Χριστῷ.
3032 772 3035 779 .

2210 807 2381 877 Φωνὴ
2404 808 2624 877 Κυρίου
2651 808 3050 875 συσσείοντος
3080 808 3321 878 ἔρημον.
3337 809 3433 863 καὶ
3462 811 3679 863 συσσείο

472 896 802 950 commovebit
834 893 1094 949 Dominus
1115 897 1376 950 desertum
1415 895 1604 960 Cades,
1641 905 1749 949 etc.
1792 893 1903 963 Ego
1944 911 2037 948 vox

2140 910 2234 949 σει
2272 897 2487 964 Κύριος
2536 896 2652 964 τὴν
2695 898 2919 967 ἔρημον
2966 898 3205 965 Κὰὃης,
3260 916 3315 951 κ.
3366 915 3415 952 τ.
3466 899 3511 951 ἐ.
3559 898 3677 967 Ἑτὼ

469 985 750 1040 clamantis
795 987 853 1039 in
900 988 1131 1048 deserto,
1168 985 1366 1039 Parate
1393 986 1530 1041 viam
1573 985 1785 1040 Domini
1811 985 1878 1040 ⁸⁸.
1932 986 2036 1041 De-

470 1088 673 1134 sertum
703 1089 791 1135 est
816 1078 992 1133 anima
1027 1080 1305 1134 rationalis
1335 1080 1443 1134 Deo
1467 1081 1700 1149 privata.

866 1354 1030 1427 ego
1064 1353 1384 1410 PSALMUS
1420 1353 1613 1411 XXIX.

547 1448 707 1503 Vens.
746 1448 798 1502 l.
832 1446 900 1502 In
933 1448 1109 1514 ﬁnem,
1155 1447 1388 1515 psalmus
1432 1449 1626 1501 cantici
1685 1448 2035 1503 dedicationis

2042 1288 2110 1305 ὀ

2132 987 2302 1057 φωνὴ
2327 990 2440 1059 (58)
2456 988 2728 1055 βοῶντος
2746 992 2817 1043 ἐν
2841 989 2918 1059 τῇ
2939 990 3160 1059 ἐρήμῳ
3188 990 3560 1058 Ἑτοιμάσατε
3582 990 3679 1055 τὴν

2132 1079 2279 1134 ὁδὸν
2309 1083 2555 1149 Κυρίου.
2594 1082 2838 1154 Ἔρημός
2882 1083 2999 1135 ἐστι
3033 1080 3179 1154 ψυχὴ
3236 1081 3427 1153 λογικὴ
3484 1082 3679 1153 ἐστερηο

2133 1172 2271 1241 μένη
2294 1170 2451 1226 Θεοῦ.

2706 1352 2995 1405 ΨΛΛΜΟΣ
3024 1351 3152 1406 ΚΘ.

2214 1451 2318 1514 Εἰς
2369 1446 2437 1500 τὸ
2470 1445 2668 1512 τέλος,
2705 1444 2947 1514 ψαλμὸς
2982 1442 3140 1511 ᾠδῆς
3174 1443 3283 1497 τοῦ
3326 1443 3682 1513 ἐγκαινισμεῦ

471 1546 657 1595 domus
693 1538 1024 1601 David,etc.
1078 1537 1329 1594 [Edilicat
1385 1539 1603 1608 quidem
1653 1538 1873 1594 domum
1926 1542 2033 1595 vita

2140 1540 2244 1595 τοῦ
2275 1539 2446 1594 οἴκου
2488 1536 2595 1590 τοῦ
2638 1534 2839 1599 Δαυῒδ,
2877 1552 2929 1587 κ.
2976 1552 3025 1587 τ.
3069 1536 3117 1588 ἐ.
3153 1534 3439 1605 Οἰκοδομεῖ
3468 1534 3559 1603 μὲν
3585 1534 3680 1602 (39)

472 1644 638 1698 recta,
665 1631 878 1685 dedicat
905 1644 1033 1684 vero
1061 1630 1287 1685 scientia
1329 1630 1444 1684 Dei.

545 1719 705 1774 Vens.
736 1718 791 1772 2.
829 1716 1096 1772 Exaltabo
1123 1728 1193 1781 te,
1222 1717 1462 1782 Domine,
1484 1720 1732 1789 quoniam
1759 1721 2034 1789 suscepisti

471 1830 572 1875 me,
598 1823 704 1867 etc.
733 1813 807 1866 Ex
838 1826 1067 1878 persona
1091 1810 1291 1865 Christi
1318 1812 1423 1865 dici
1460 1813 1600 1866 hunc
1630 1812 1895 1881 psalmum
1918 1855 1934 1881 ,
1965 1829 2032 1869 ex

471 1902 557 1956 bis
583 1900 928 1955 manifestum
962 1910 1045 1955 est
1081 1915 1095 1953 :
1134 1919 1153 1951 ί
1191 1899 1258 1954 Et
1292 1901 1528 1955 eduxisti
1566 1903 1633 1957 ab
1669 1901 1888 1957 inferno
1916 1904 2038 1957 ani-

471 2007 612 2045 mam
671 2004 868 2046 meam.
904 2010 924 2044 ι
970 1991 1201 2047 Possunt
1253 1991 1415 2044 etiam
1458 2007 1521 2046 ex
1572 1980 1804 2061 persona
1859 1995 2033 2050 sancti

468 2083 572 2136 viri
599 2083 711 2138 haec
733 2082 862 2147 dici,
885 2097 1007 2138 cum
1036 2083 1243 2153 tropice
1267 2095 1491 2138 sanctus
1513 2085 1741 2154 quilibet
1768 2102 1876 2156 quo
1900 2097 2038 2142 tem-

471 2190 601 2244 pore
640 2175 694 2231 in
728 2183 953 2244 peccato
976 2185 1117 2241 erat,
1140 2189 1239 2232 ceu
1273 2177 1328 2231 in
1354 2175 1569 2232 inferno
1600 2178 1760 2232 fuerit
1783 2220 1797 2244 ,
1827 2188 1879 2234 et
1910 2180 2036 2237 inde

470 2284 501 2322 ο
529 2268 637 2323 Deo
667 2269 896 2323 eductus
934 2269 1025 2333 sit,
1048 2270 1267 2338 quando
1295 2269 1453 2324 Verbi
1484 2271 1630 2340 quod
1663 2281 1882 2327 secutus
1928 2282 2032 2338 est,

470 2361 695 2425 auxilio,
722 2360 991 2430 perlectus
1020 2362 1213 2417 evasit.
1257 2361 1441 2430 Neque
1476 2363 1622 2416 enim
1668 2373 1843 2432 potest
1887 2363 2035 2419 exal-

473 2462 588 2506 tare
625 2446 945 2514 Dominum,'
975 2452 1077 2507 nisi
1126 2452 1195 2507 ab
1248 2453 1364 2520 ipso
1406 2453 1634 2509 Domino
1679 2455 2029 2523 suscipiatur.

469 2541 605 2598 Nam
630 2544 844 2611 quando
872 2543 1095 2598 exaltati
1127 2558 1313 2598 sumus
1345 2558 1375 2601 α
1414 2555 1552 2600 terra
1608 2546 1659 2598 in
1693 2545 1856 2600 altum
1902 2549 2035 2602 sub-

471 2632 564 2687 lati
616 2647 712 2702 per
764 2648 979 2687 crttcem
1025 2632 1224 2688 Christi
1255 2635 1482 2689 dicentis
1510 2635 1557 2667 ⁸⁸
1593 2653 1607 2687 :
1648 2654 1666 2687 ί
1703 2635 1835 2691 Cum
1876 2639 2033 2693 exal-

2135 1627 2283 1686 οἶκον
2318 1630 2428 1701 βίος
2457 1627 2639 1700 ὀρθὸς,
2670 1626 2968 1695 ἐγκαινίςει
3009 1626 3067 1679 δὲ
3098 1625 3289 1679 τοῦτον
3319 1625 3517 1694 γνῶσις
3545 1624 3679 1678 Θεοῦ.

2208 1722 2447 1792 ’Υψὼσω
2466 1737 2563 1785 σε,
2585 1722 2782 1788 Κύριε,
2808 1718 2897 1772 ὅτι
2919 1717 3214 1783 ὑπέλαϐές
3232 1734 3330 1787 με,
3358 1735 3413 1770 κ.
3431 1734 3482 1771 τ.
3506 1718 3549 1770 ἐ.
3579 1718 3682 1771 Ὀτι

2135 1817 2201 1869 ἐκ
2229 1814 2519 1886 προσώπου
2549 1813 2662 1884 (40)
2688 1813 2782 1867 τοῦ
2815 1811 3052 1884 Χριστοῦ
3075 1810 3294 1879 λέγεται
3322 1812 3351 1863 ό
3371 1808 3681 1880 ψαλμὸς,ὁῆ-

2136 1908 2227 1960 λον
2260 1907 2324 1959 ἐκ
2350 1904 2465 1959 τοῦ’
2496 1924 2514 1956 ι
2533 1905 2644 1957 Καὶ⁵
2662 1904 2937 1971 ἀνήγαγες
2962 1902 3023 1965 ἐξ
3049 1901 3176 1972 ᾅδου
3204 1901 3307 1971 τὴν
3333 1901 3504 1971 ψυχήν
3535 1918 3643 1971 μου.
3661 1919 3676 1950 ι

2138 2000 2369 2053 Δύναται
2394 1998 2451 2051 δὲ
2484 1999 2578 2052 καὶ
2618 1997 2684 2049 ἐκ
2728 1994 3016 2067 προσώπου
3040 1993 3135 2046 τοῦ
3175 1994 3336 2062 ἁγίου
3368 1991 3531 2047 ταῦτα
3550 1992 3679 2060 λέγε-

2143 2090 2285 2156 σθαι,
2317 2088 2713 2164 τροπικώτερον
2744 2088 2939 2150 παντὸς
2970 2087 3127 2154 ἁγίου
3158 2086 3236 2149 ώς
3263 2088 3321 2138 ἐν
3347 2085 3469 2156 ᾅδου
3491 2101 3683 2153 γεγενη·

2144 2182 2303 2254 μένου
2333 2182 2474 2237 κατὰ
2511 2181 2603 2235 τὸν
2633 2182 2731 2252 τῆς
2764 2181 2959 2242 κακίας
3005 2178 3214 2250 καιρὸν,
3252 2179 3348 2232 xa‘t
3371 2176 3568 2230 ἐκεῖθεν
3594 2175 3681 2229 ὑπὸ

2139 2276 2233 2329 τοῦ
2263 2273 2397 2329 Θεοῦ
2448 2274 2792 2345 ἀναχθέντος,
2823 2273 2911 2325 ὅτε
2957 2269 3319 2341 βοηθούμενος
3349 2270 3451 2323 ὑπὸ
3477 2269 3565 2321 τοῦ
3590 2268 3677 2321 A6-

2143 2384 2259 2435 γου,
2290 2367 2384 2421 καὶ
2403 2366 2663 2437 ἑπόμενος
2691 2363 2840 2433 αὐτῷ
2863 2363 3219 2416 τετελείωται.
3255 2362 3391 2416 Οὐδὲ
3422 2360 3525 2432 γάρ
3538 2358 3679 2428 ὑψοῦν

2139 2457 2358 2512 δύναται
2385 2456 2476 2510 τὸν
2496 2454 2697 2527 Κύριον
2731 2454 2805 2525 μὴ
2839 2454 3197 2518 ὑπολαϐόντος
3239 2453 3405 2506 αὑτὸν
3431 2451 3581 2506 αὑτοῦ
3598 2448 3675 2502 τοῦ

2141 2550 2368 2621 Κυρίου.
2401 2548 2568 2602 Ὅταν
2594 2548 2702 2618 γάρ
2735 2545 3038 2617 ὑψωθῶμεν
3085 2547 3194 2599 άπὸ
3232 2546 3336 2616 τῆς
3366 2545 3466 2615 γῆς
3504 2559 3679 2615 μετεω-

2145 2642 2413 2714 ριζόμενοι
2437 2642 2531 2695 καὶ
2559 2640 2906 2710 ἐπαιρόμενοι
2936 2637 3040 2692 ὑπὸ
3060 2637 3151 2691 τοῦ
3182 2637 3418 2709 σταυροῦ
3457 2635 3542 2689 τοῦ
3568 2635 3678 2705 Χρι-

472 2732 619 2780 tatus
650 2724 823 2790 luero,
851 2741 1040 2780 omnes
1070 2728 1283 2781 traham
1305 2726 1372 2781 ad
1396 2742 1481 2783 me
1513 2728 1713 2797 ipsum,
1756 2747 1776 2780 ι
1837 2732 2037 2785 exalta-

2141 2732 2266 2786 στοῦ
2295 2731 2387 2786 τοῦ
2419 2731 2683 2796 εἰπόντος·
2719 2750 2739 2783 r
2787 2731 2955 2785 Ὅταν
2981 2728 3198 2799 ὑψωθῶ,
3244 2729 3452 2791 πάντας
3498 2724 3678 2779 ἑλκύσω

472 2833 592 2871 tuus
620 2819 905 2873 Dominum
934 2819 1025 2889 qui
1071 2828 1125 2873 et
1185 2819 1301 2888 ipse
1356 2820 1617 2874 exaltavit
1670 2820 1884 2876 Patrem
1918 2862 1933 2885 ,
1984 2833 2039 2878 et

473 2920 732 2982 quantum
774 2912 826 2964 in
861 2926 917 2965 se
947 2912 1068 2977 fuit,
1106 2911 1427 2967 altissimam
1458 2911 1525 2965 de
1560 2912 1720 2968 Patre
1763 2913 2037 2968 notionem

472 3004 822 3059 credentibus
867 3004 1113 3074 praebuit.
1167 3004 1335 3060 Docet
1380 3012 1561 3060 autem
1613 3004 1876 3074 quosdam
1920 3019 2039 3061 esse

472 3097 771 3153 invisibiles
823 3098 1070 3152 humanae
1102 3097 1296 3151 animae
1351 3097 1559 3162 hostes,
1589 3099 1682 3168 qui
1735 3097 1968 3153 salutem
2006 3112 2037 3152 a

472 3190 586 3245 Deo
644 3190 895 3243 traditam
954 3188 1029 3242 illi
1089 3189 1412 3252 invideant,
1465 3188 1540 3241 illi
1589 3190 1935 3256 insidientur,
1985 3197 2040 3245 et

472 3281 667 3337 deinde
694 3281 984 3335 observent
1016 3295 1141 3333 num
1164 3280 1284 3344 quis
1339 3280 1388 3335 ei
1442 3294 1619 3344 error,
1682 3280 1889 3351 lapsus,
1946 3291 2042 3335 aut

472 3390 631 3429 casus
666 3373 897 3439 accidat,
928 3388 1159 3442 quorum
1195 3373 1241 3428 si
1271 3372 1399 3442 quid
1433 3374 1740 3442 contigerit,
1794 3375 2040 3443 protinus

473 3482 572 3522 ceu
604 3466 759 3519 malis
810 3464 961 3520 laetos
1010 3463 1156 3519 illam
1207 3463 1460 3527 irridere,
1519 3471 1745 3519 econtra
1802 3463 2041 3533 graviter

474 3559 618 3612 ferre
640 3557 685 3610 si
714 3573 833 3611 eam
863 3555 1099 3612 viderint
1128 3557 1324 3613 divinis
1371 3556 1754 3627 progressibus
1800 3556 2040 3612 illustra-

464 3657 605 3703 tam.
629 3648 847 3704 Gratias
875 3648 1037 3719 igitur
1061 3649 1173 3704 Deo
1218 3648 1331 3717 agit
1372 3648 1517 3718 quod
1583 3663 1687 3702 non
1735 3646 2042 3718 permiserit

462 3740 721 3797 inimicos
753 3742 911 3797 malis
935 3741 1054 3811 ejus
1084 3741 1363 3804 delectari,
1410 3743 1505 3796 sed
1532 3739 1707 3809 ipsum
1737 3739 1912 3808 gratia
1943 3754 2039 3795 sua

474 3846 504 3884 a
530 3831 680 3899 lapsu
708 3834 965 3887 erexerit.
990 3832 1041 3888 ls
1073 3848 1200 3887 veno
1231 3832 1520 3887 Dominum
1544 3831 1752 3886 exaltat
1783 3834 1873 3901 qui
1906 3847 2042 3902 prte-

476 3923 624 3977 clare
652 3934 705 3976 et
737 3924 1045 3981 sublimiter
1070 3925 1139 3979 de
1173 3926 1260 3980 illo
1303 3926 1503 3990 sentit,
1550 3939 1612 3979 ac
1665 3924 1775 3979 Deo
1824 3923 2040 3994 dignam

2140 2825 2276 2895 πρὸς
2330 2824 2589 2895 ἐμαυτὸν,
2625 2842 2644 2874 ι
2703 2821 2944 2893 ὑψοῦμεν
2987 2821 3080 2876 τὸν
3126 2820 3354 2893 Κύριον,
3406 2819 3496 2873 καὶ
3540 2816 3677 2870 αὑτὸν

2138 2914 2427 2984 ὑψώσαντα
2451 2914 2541 2967 τὸν
2569 2915 2808 2986 Πατέρα,
2836 2915 2933 2967 καὶ
2950 2913 3052 2985 τὴν
3078 2913 3207 2984 περὶ
3233 2911 3401 2967 αὑτοῦ
3425 2907 3673 2980 ὑπόληψιν,

2138 3007 2259 3060 ὅσον
2286 3006 2371 3077 ἐφ’
2401 3006 2597 3079 ἐαυτῷ,
2629 3007 2969 3078 ὑψηλοτάτην
3001 3009 3115 3071 τοῖς
3144 3005 3486 3060 πιστεύουσιν
3509 3005 3578 3065 είς
3602 3000 3675 3054 τὸν

2137 3096 2269 3152 Θεὸν
2310 3099 2747 3171 παραδεδωκότα.
2780 3100 3027 3153 Διδάσκει
3056 3099 3112 3153 δὲ
3145 3099 3241 3153 καί
3268 3116 3418 3162 τινας
3449 3095 3677 3167 ἀοράτους

2138 3191 2363 3263 ἐχθροὺς
2384 3192 2482 3263 τῆς
2519 3192 2863 3263 ἀνθρωπίνης
2889 3191 3065 3260 ψυχῆς
3096 3190 3489 3259 διαφθονείσθαι
3515 3190 3573 3257 τῇ
3592 3202 3673 3238 κα-

2137 3282 2207 3335 τὰ
2233 3283 2365 3336 Θεὸν
2397 3284 2565 3353 αὐτῆς
2601 3282 2866 3354 σωτηρίᾳ,
2923 3282 3232 3353 ἐφεδρεύειν
3275 3299 3335 3334 τε
3370 3280 3461 3333 καὶ
3492 3276 3676 3330 ἐπιδου-

2138 3373 2313 3427 λεύειν
2364 3374 2523 3445 αὐτῇ,
2573 3369 2670 3428 εἶτ’
2696 3374 2974 3444 ἐπιτηρεῖν
3012 3372 3067 3425 εἴ
3096 3387 3198 3424 που
3227 3370 3437 3438 γένοιτό
3483 3385 3531 3420 τι
3560 3365 3673 3433 αὐτῇ

2140 3465 2415 3537 σφάλμαῆ
2449 3465 2680 3530 ὅλισθος,
2714 3462 2749 3535 ἢ
2785 3464 3010 3529 πτῶσις·
3040 3455 3117 3517 ὧν
3143 3461 3273 3515 εἴτι
3305 3459 3533 3530 συμϐαίη
3572 3455 3676 3526 περὶ

2138 3556 2329 3626 αὐτὴν,
2357 3556 2484 3619 τοὺς
2523 3554 2750 3626 ἐχθροὺς
2776 3551 2866 3608 οἷα
2898 3552 3323 3625 χαιρεσικάκους
3359 3545 3675 3609 ἐπιτωθάξειν

2139 3647 2311 3718 αὐτῇ,
2342 3645 2653 3699 τούναντίον
2705 3645 2763 3699 δέ
2812 3645 3044 3716 πάσχειν
3089 3642 3497 3712 διαλαμπούσης
3531 3637 3676 3705 αὐτῆς

2140 3741 2259 3802 ταῖς
2286 3737 2425 3791 κατὰ
2450 3737 2581 3790 Θεὸν
2594 3738 2917 3808 προκοπαῖς.
2937 3734 3264 3806 Εὐχαριστεῖ
3287 3733 3461 3785 τοίνυν
3476 3728 3546 3798 τῷ
3558 3725 3674 3796 Θεῷ,

2140 3831 2222 3883 ὅτι
2276 3829 2350 3901 μὴ
2384 3828 2757 3900 συνεχώρησεν
2812 3829 2925 3891 τοῖς
2952 3827 3163 3898 ἐχθροῖς
3201 3824 3496 3895 ἐφησθῆναι
3536 3815 3673 3872 αὑτοῦ

2139 3923 2251 3985 τοῖς
2278 3924 2487 3984 κακοῖς,
2529 3921 2832 3991 ἀνιμήσατο
2870 3919 2926 3972 δέ
2954 3918 3117 3972 αὑτὸν
3140 3916 3422 3971 ἀναλαϐὼν
3442 3913 3526 3968 τοῦ
3550 3908 3673 3964 πτώ-

478 4014 617 4082 apud
648 4030 705 4068 se
730 4015 1037 4071 doctrinam
1062 4029 1263 4076 servat.
1298 4017 1428 4073 item
1456 4017 1768 4087 quicunque
1801 4021 2037 4073 animam

2148 4028 2331 4082 ματος.
2392 4009 2549 4080 ’Υψοί
2583 4010 2639 4063 δέ
2669 4009 2759 4064 τὸν
2795 4008 2997 4081 Κύριον
3042 4007 3291 4078 μεγάλως
3352 4006 3443 4060 καὶ
3489 3996 3674 4099 ὑψηλῶς

477 4119 627 4157 suam
653 4104 906 4159 omnibus
938 4105 1228 4160 virtutibus
1279 4107 1638 4176 prudentique
1694 4120 1759 4161 ac
1804 4107 2037 4175 sapienti

479 4194 587 4247 vita
616 4195 798 4261 erigit,
832 4195 881 4250 is
905 4194 1064 4249 simul
1097 4196 1298 4250 exultat
1328 4211 1451 4250 eum
1472 4196 1561 4264 qui
1590 4195 1643 4248 in
1678 4194 1793 4264 ipsa
1821 4195 2039 4250 inhabi-

480 4294 577 4342 tat.
618 4303 637 4338 ι
682 4286 947 4355 Quoniam
1008 4286 1295 4356 suscepisti
1355 4302 1459 4342 me.
1518 4306 1538 4337 ι
1587 4285 1735 4342 Loco
1786 4305 1806 4339 ι
1855 4302 2042 4343 susce-

482 4379 626 4449 pisti,
661 4398 678 4430 ι
712 4379 903 4447 Aquila
934 4379 1119 4442 vertit,
1154 4397 1171 4429 ι
1201 4378 1449 4435 salvasti.
1491 4400 1508 4431 ι
1551 4382 1731 4450 Atque
1755 4382 1858 4436 hoc
1882 4380 2042 4436 modo

481 4485 671 4525 sensus
707 4480 790 4524 est
817 4469 1150 4535 manifestus,
1185 4485 1306 4523 Clllll
1342 4471 1520 4525 omnis
1548 4474 1640 4542 qui
1669 4488 1697 4525 a
1730 4472 1836 4527 Deo
1868 4471 2041 4526 susci-

482 4560 644 4630 pitur,
679 4577 707 4614 a
741 4561 946 4615 malitia
976 4572 1355 4616 nrteservctur.

559 4744 714 4799 Vens.
746 4744 803 4799 3.
860 4743 1079 4800 Domine
1124 4743 1263 4799 Deus
1316 4761 1481 4808 meus,
1513 4745 1733 4799 clamavi
1768 4745 1835 4801 ad
1872 4754 1941 4811 te,
1989 4755 2038 4801 et

481 4840 680 4894 sanasti
706 4854 806 4904 me,
841 4848 944 4893 etc.
975 4836 1097 4893 Haec
1132 4852 1262 4893 sane
1293 4853 1360 4894 ex
1384 4838 1517 4907 justi
1568 4854 1797 4908 persona
1843 4838 2038 4893 dicun-

485 4939 591 4983 tur.
615 4928 673 4982 Si
724 4937 904 4985 autem
935 4927 1209 4984 Salvatori
1246 4929 1580 4991 tribuuntur,
1611 4929 1729 4982 vide
1765 4944 1891 4982 nutu
1939 4930 2041 4983 hoc

485 5021 642 5075 modo
667 5019 924 5075 decenter
962 5020 1220 5090 explicari
1272 5028 1471 5089 queant
1518 5037 1531 5073 :
1581 5019 1879 5074 Credentes
1918 5028 2044 5073 sunt

479 5123 683 5179 corpus
716 5108 919 5164 Christi
944 5117 1000 5165 et
1032 5110 1272 5163 membra
1303 5110 1367 5165 de
1393 5109 1635 5164 membro
1660 5107 1722 5161 '°.
1758 5108 1813 5161 Si
1862 5116 2041 5162 autem

556 5269 604 5303 “
626 5268 729 5324 lsa.
751 5282 825 5335 tv,
863 5268 919 5323 5.
993 5265 1222 5323 "Joan.
1254 5282 1354 5332 xu,
1382 5264 1472 5321 32.
1545 5261 1776 5317 “lCor.
1802 5277 1905 5325 xu,
1928 5260 2020 5315 9.6.

484 5429 672 5557 8617)
723 5430 784 5485 Ἠ
811 5429 979 5500 φωνὴ
1016 5431 1265 5498 Κυρίου,
1309 5435 1415 5481 etc.
1469 5424 1682 5486 Eaedem
1721 5425 1936 5482 scheda:
1983 5438 2048 5479 ac

484 5520 485 5533 ³
534 5516 592 5553 ar
634 5516 781 5553 arus.

478 5516 781 5553 Barbarus.

579 5570 671 5641 58)
720 5567 859 5639 Ἐγὼ
886 5569 1072 5641 φωνή,
1096 5580 1202 5626 etc.
1238 5569 1450 5641 Eaedem
1486 5567 1721 5641 s_che_d:e_,
1749 5567 2045 5641 Barbarus.

579 5571 671 5641 '58)
720 5571 859 5639 Ἐγὼ
886 5571 1072 5639 φωνή,
1096 5580 1202 5626 etc.
1238 5571 1450 5625 Eaedem
1486 5571 1721 5632 schedte,
1749 5571 1797 5623 B:

552 5571 674 5714 E59)
717 5640 1023 5710 οικοδομεῖ
1044 5642 1175 5708 μέν,
1201 5652 1305 5697 etc.
1341 5638 1561 5697 Scbedae
1590 5637 1797 5695 Grabii.

2143 4102 2304 4157 αὑτὸν
2350 4102 2612 4173 θεολογῶν
2664 4103 2761 4157 καὶ
2804 4104 2833 4156 ὁ
2881 4101 3157 4173 πρέποντα
3197 4099 3318 4170 Θεῷ
3366 4097 3539 4162 σώζων
3567 4088 3671 4160 παρ’

2144 4195 2323 4268 ἐαυτῷ
2350 4196 2613 4268 δόγματα·
2645 4196 2739 4250 καὶ
2767 4194 2865 4267 τὴν
2914 4193 3108 4248 ἐαυτοῦ
3146 4193 3203 4247 δὲ
3251 4192 3424 4263 ψυχὴν
3465 4193 3518 4243 ἐν
3550 4185 3671 4251 πάσῃ

2144 4290 2313 4360 ἀρετῇ
2362 4289 2458 4342 καὶ
2503 4286 2773 4357 φιλοσόφῳ
2816 4285 2915 4356 βίῳ
2957 4285 3222 4356 ἐπαίρων,
3264 4285 3358 4340 τὸν
3402 4277 3670 4335 ἐνοικοῦντα

2146 4380 2284 4449 αὐτῇ
2314 4377 2457 4448 ὑψοῖ.
2494 4395 2513 4429 ι
2551 4378 2669 4430 ’Ὁτι
2710 4375 2978 4438 ὑπέλαϐές
3019 4392 3107 4445 με.
3159 4393 3178 4427 ι
3226 4374 3372 4427 ’Δντὶ
3395 4368 3530 4426 τοῦί
3560 4362 3669 4421 ὑπέ-

2145 4472 2328 4534 λαϐες,
2363 4490 2382 4522 ι
2413 4474 2442 4524 ὁ
2485 4468 2735 4531 Ἀκύλας,
2769 4486 2788 4519 r
2825 4468 3122 4531 άνέσωσας,
3165 4485 3184 4519 ι
3226 4466 3378 4536 φησί.
3415 4460 3520 4518 Καὶ
3552 4455 3670 4510 οὕτω

2146 4563 2203 4616 δὲ
2238 4562 2410 4633 σαφὴς
2453 4561 2480 4613 ὁ
2510 4560 2652 4623 νοῦς,
2685 4559 2885 4622 παντὸς
2916 4558 3010 4611 τοῦ
3045 4553 3541 4627 ὑπολαμϐανομένου
3584 4540 3669 4598 ὑπδ

2144 4653 2239 4707 τοῦ
2260 4654 2393 4708 Θεοῦ
2423 4650 2832 4724 άνασωζομένου
2864 4649 3099 4720 ἀπδ’τῆς
3130 4649 3350 4711 κακίας.

2216 4745 2391 4811 Κύριε
2424 4744 2457 4797 ὁ
2497 4743 2640 4806 Θεός
2658 4757 2798 4809 μου,
2827 4738 3119 4807 ἐκέκραξα
3145 4739 3294 4806 πρὸς
3318 4737 3414 4797 σὲ,
3433 4730 3524 4787 καὶ
3540 4725 3668 4783 ἰάσω

2141 4850 2237 4903 με,
2266 4850 2319 4886 κ.
2350 4850 2400 4885 τ.
2435 4834 2481 4885 ἐ.
2520 4830 2702 4884 Ταῦτα
2731 4829 2828 4900 μὲν
2844 4823 2937 4882 οῦν
2965 4827 3078 4898 (41)
3101 4829 3163 4880 ὲκ
3191 4825 3471 4898 προσώπου
3504 4813 3584 4870 τοῦ
3605 4812 3666 4903 διῖ

2145 4899 2302 4981 καίου
2331 4924 2562 4992 λέγεται.
2604 4899 2740 4974 Ἐὰν
2760 4920 2817 4973 δέ
2852 4921 2881 4972 ὀ
2913 4919 3104 4991 Σωτὴρ
3144 4917 3275 4989 λέγῃ
3309 4914 3487 4974 ταῦτα,
3513 4908 3599 4976 ὅρα
3625 4899 3665 4950 εξ

2147 5018 2289 5071 οὕτω
2312 5015 2531 5070 δύναται
2558 5013 2653 5067 καὶ
2670 5013 2825 5066 τοῦτο
2855 5012 2952 5081 τῆς
2977 5009 3288 5081 πρεπούσης
3315 5005 3484 5076 τυχεῖν
3511 4993 3665 5067 διηγή-

2148 5126 2304 5174 σεως.
2334 5110 2399 5161 0i
2432 5106 2772 5170 πιστεύοντές
2795 5107 2899 5159 εἰσι
2916 5102 3073 5173 σῶμα
3102 5099 3338 5173 Χριστοῦ
3364 5097 3451 5152 καὶ
3479 5089 3594 5164 μέλη
3614 5085 3665 5135 ἐκ

2224 5422 2337 5493 (40)
2368 5420 2604 5493 “Quae
2619 5418 2964 5489 προσώπου,
2986 5427 3095 5475 etc.
3120 5414 3301 5473 Codex
3327 5405 3659 5468 Baroccianus,

2152 5490 2353 5548 Catena
2387 5490 2628 5545 Barbari.

2158 5540 2353 5632 "(ii)"
2383 5540 2579 5615 ἧἧᾶ
2746 5555 2879 5631 οὖν,
2902 5567 3010 5618 etc.
3042 5557 3245 5616 Catena
3276 5540 3660 5617 Barbameode!

2154 5631 2541 5689 Baroccianus.
