4020 6152
532 247 671 307 ιὲθό

1482 247 1791 305 SELECTA
1828 248 1893 304 IN
1931 245 2268 307 PSALMOS.
2308 277 2379 289 —
2412 248 2608 306 PSAL.
2643 246 2835 304 XXIX.

3636 250 3775 321 teat

531 364 746 435 μέλους·
771 364 869 420 ἐάν
899 364 957 419 δὲ
991 366 1173 439 πάσχῃ
1211 367 1371 439 μέλος
1396 367 1474 433 ἓν,
1506 368 1816 439 συμπάσχει
1838 369 2015 424 πάντα
2041 370 2103 423 τὰ

2214 370 2516 426 membrum
2540 369 2757 439 aliquod
2787 369 3015 440 patitur,
3037 368 3286 427 universa
3315 368 3476 425 simul
3531 372 3771 425 membra

530 454 665 528 μέλη
676 495 688 509 .
713 456 823 511 Καὶ
839 457 934 510 ἐὰν
949 457 1236 532 δοξάζηται
1255 460 1417 531 μέλος
1434 458 1511 525 ἓν,
1528 458 1905 525 συνδοξάξεται
1926 460 2102 514 πάντα

527 546 593 599 τά
625 547 781 620 μέλη.
804 549 1008 620 Πάσχει
1037 550 1093 603 δὲ
1119 551 1179 604 τὸ
1195 551 1367 616 οὕτως
1382 551 1615 624 Χριστοῦ
1644 551 1803 621 σῶμα
1819 552 1913 604 καὶ
1934 552 2102 605 δεῖται

527 642 844 716 θεραπείας.
884 646 1008 699 Ἐπὶ
1033 649 1101 718 τῇ
1150 647 1399 718 ἡμετέρᾳ
1445 647 1622 700 τοίνυν
1660 645 1926 717 θεραπεία
1949 646 2103 699 οὐδὲν

525 734 725 791 ἄτοπον
756 736 933 805 λέγειν
956 737 1093 809 πρὸς
1118 739 1302 792 αὐτόν’
1337 757 1357 791 t
1400 738 1571 811 Κύριε
1597 739 1627 791 ό
1659 738 1791 801 Θεός
1821 754 1947 809 μου,
1982 739 2105 792 ἐ.κέ-

525 826 705 900 κραξα
723 829 862 901 πρὸς
887 829 971 893 σὲ,
989 831 1083 884 καὶ
1106 830 1241 884 ίάσω
1273 847 1361 902 με.
1393 850 1412 884 ι
1443 831 1554 885 Καὶ⁴
1578 831 1685 902 γάρ
1708 830 1784 894 ὡς
1802 830 1906 884 ἴδια
1926 831 2105 903 ἁμαρ-

525 921 743 991 τήματα
775 919 1174 991 ὲξομολογεῐται
1191 921 1261 975 τά
1292 922 1555 993 ἡμέτερα,
1584 921 1659 985 ὡς
1680 923 1738 975 ὲν
1764 920 1842 993 τῷ
1873 921 2105 993 εἰκοστῷ

526 1011 728 1085 πρώτῳ
758 1012 958 1085 ψαλμῷ
1005 1013 1199 1082 λέγων·
1243 1032 1263 1065 t
1309 1014 1544 1086 Μακρὰν
1570 1014 1679 1069 ἀπὸ
1703 1015 1804 1085 τῆς
1831 1015 2105 1086 σωτηρίας

530 1123 630 1177 μου
661 1108 712 1160 oi
742 1106 889 1175 λόγοι
922 1106 1383 1178 παραπτωμάτων
1424 1124 1545 1178 μου*
1582 1127 1602 1159 ι
1645 1108 1741 1162 καὶ
1770 1109 1829 1162 ὲν
1868 1107 1947 1179 τῷ
1979 1107 2104 1178 ἐξη-

528 1197 707 1270 κοστῷ
733 1197 924 1270 ὀγδόῳ·
962 1216 982 1250 ι
1018 1198 1210 1270 Κύριε,
1241 1199 1305 1252 σὺ
1330 1197 1500 1267 ἔγνως
1527 1198 1626 1269 τὴν
1642 1198 1952 1270 ἀφροσύνην
1975 1216 2102 1271 μου,

532 1288 628 1342 καὶ
668 1289 726 1342 αἱ
765 1288 1135 1360 πλημμέλειαι
1164 1306 1265 1360 μου
1309 1288 1416 1342 ἀπὸ
1446 1287 1539 1342 σοῦ
1573 1289 1674 1341 οὐκ
1704 1286 2033 1360 ἐκρύδησαν.
2077 1306 2098 1340 ι

543 1382 641 1435 Ἐκ
665 1379 957 1453 προσώπου
985 1380 1043 1434 δὲ
1070 1380 1166 1435 τοῦ
1193 1378 1427 1452 Χριστοῦ
1454 1380 1752 1451 ἀμφότεροι
1780 1380 2106 1457 εἴρηνται.οί

526 1473 753 1545 ψαλμοί.

604 1565 844 1621 Ψιὶλατε
861 1563 942 1631 τῷ
961 1564 1175 1633 Κυρίῳ,
1201 1564 1256 1618 οἱ
1282 1563 1434 1618 ὅσιοι
1462 1563 1671 1630 αὑτοῦ,
1699 1563 1799 1618 καὶ
1822 1562 2106 1635 ἐξομολο-

527 1658 728 1731 γεῖσθε
753 1658 829 1728 τῇ
855 1657 1063 1727 μνήμῃ
1104 1654 1212 1724 τῆς
1242 1657 1586 1727 ἁγιωσύνης
1616 1657 1836 1723 αὐτοῦ,
1884 1676 1941 1712 κ.
1967 1675 2018 1711 τ.
2055 1660 2102 1711 ὲ.

2203 461 2519 531 patiuntur;
2565 471 2621 517 et
2669 462 2714 517 si
2770 462 3077 517 membrum
3132 461 3353 531 aliquod
3413 460 3770 532 gloriﬁcatur,

2206 554 2454 611 universa
2514 553 2755 609 membra
2822 553 2981 610 simul
3028 554 3423 626 gloriﬁcantur.
3494 554 3584 608 Sic
3649 569 3776 607 vvro

2207 645 2411 716 patitur
2438 644 2640 701 Christi
2664 658 2862 714 corpus
2890 659 2953 699 ac
2975 644 3181 716 indiget
3206 647 3470 703 sanitate.
3538 646 3777 700 Proinde

2205 736 2341 790 nihil
2373 735 2666 791 absurdum
2697 744 2783 790 est
2811 734 2858 789 si
2893 733 2947 787 in
2994 738 3227 790 sanitate
3274 746 3454 791 nostra
3489 736 3555 789 ad
3599 735 3774 804 ipsum

2204 828 2495 885 dicamus:
2540 848 2560 881 ι
2598 827 2825 884 Domine
2885 829 3028 885 Deus
3076 842 3251 894 meus,
3307 829 3536 883 clamavi
3577 829 3644 882 ad
3701 839 3774 894 te,

2204 927 2264 973 et
2315 918 2522 972 sanasti
2575 932 2683 974 me.
2725 936 2745 971 ι
2801 917 2937 974 Nam
2996 928 3184 975 nostra
3248 927 3505 987 tanquam
3558 918 3775 986 propria

2201 1006 2361 1081 65.1
2409 1017 2630 1078 peccata
2684 1009 3017 1076 conﬁtetur,
3080 1018 3139 1063 ut
3191 1008 3246 1063 in
3296 1009 3557 1064 vicesimo
3598 1008 3777 1079 primo

2204 1102 2413 1171 psalmo
2444 1101 2632 1157 dicens
2658 1101 2703 1134 ⁸⁷
2734 1117 2749 1154 :
2789 1120 2809 1154 ι
2844 1101 3028 1172 Longe
3053 1118 3082 1156 a
3110 1102 3281 1157 salute
3316 1117 3438 1157 mea
3481 1102 3644 1156 verba
3677 1104 3773 1155 de-

2205 1191 2454 1246 lictorum
2507 1206 2785 1260 meorum;
2821 1211 2840 1246 ι
2890 1205 2945 1249 et
2976 1194 3027 1248 in
3072 1196 3408 1264 sexagesimo
3457 1204 3650 1248 octavo
3681 1191 3725 1224 ⁸⁸
3757 1209 3771 1245 :

2210 1303 2231 1337 ι
2261 1284 2506 1348 Domine,
2544 1293 2599 1340 tu
2629 1284 2738 1341 scis
2793 1286 3163 1356 insipientiam
3218 1301 3419 1352 meam,
3475 1295 3530 1339 et
3576 1284 3776 1340 delicta

2205 1391 2327 1432 mea
2353 1391 2382 1431 a
2418 1387 2467 1431 te
2489 1393 2596 1433 non
2623 1389 2749 1434 sunt
2770 1382 3113 1436 abscondita.
3151 1399 3169 1431 ι
3201 1379 3278 1435 Ex
3311 1395 3541 1465 persona
3594 1391 3776 1437 autem

2203 1462 2406 1519 Christi
2437 1474 2664 1535 uterque
2694 1468 2933 1535 psalmus
2950 1470 3122 1524 dictus
3144 1481 3245 1525 est.

2284 1555 2447 1608 Vsus.
2481 1556 2532 1610 5.
2562 1557 2785 1612 Psallite
2828 1559 3072 1625 Domino,
3105 1573 3273 1615 sancta
3309 1563 3447 1631 ejus,
3473 1572 3520 1616 et
3561 1562 3779 1632 conﬁte-

2210 1648 2338 1703 mini
2383 1651 2654 1704 memorie
2693 1654 2994 1708 sanctitatis
3043 1654 3193 1722 ejus,
3228 1665 3336 1709 etc.
3368 1655 3632 1721 Quoniam
3669 1672 3777 1713 non

539 1751 692 1806 Ἐπεὶ
718 1750 817 1821 οὐχ
847 1750 1046 1822 ὡραῖος
1082 1748 1196 1821 (42)
1226 1743 1377 1812 αἶνος
1404 1749 1463 1802 ὲν
1497 1750 1724 1821 στόματι
1751 1748 2100 1821 ἀμαρτωλοῦ,

2205 1751 2292 1795 est
2323 1741 2567 1811 speciosa
2611 1740 2730 1799 laus
2776 1743 2830 1797 in
2871 1758 2968 1798 ore
3017 1746 3347 1814 peccatoris,
3375 1762 3483 1802 non
3519 1746 3777 1818 quilibet,

525 1837 623 1909 οὐχ
643 1840 673 1893 6
694 1836 873 1909 τυχὼν
903 1838 1301 1910 προστάσσεται
1327 1837 1551 1909 ψάλλειν
1578 1839 1657 1912 τῷ
1675 1840 1884 1913 Κυρίῳ,
1908 1840 2023 1894 ἀλλ’
2053 1844 2101 1894 oi

524 1928 661 1981 ὅσιοι
701 1927 865 1981 αὐτοῦ
885 1968 901 1993 ,
926 1928 1123 1991 οἵτινες
1145 1926 1399 1982 δύνανται
1437 1927 1660 1998 ψάλλειν
1698 1928 1779 1999 τῷ
1811 1929 2099 2001 πνεύματι,

525 2020 748 2091 ψάλλειν
776 2021 833 2075 δὲ
857 2021 954 2075 καὶ
991 2020 1072 2091 τῷ
1099 2020 1199 2074 νοΐ.
1237 2020 1334 2074 Διὰ
1357 2020 1410 2074 τί
1436 2020 1495 2074 δὲ
1531 2021 1605 2093 μὴ
1638 2020 1875 2096 ἠρκέσθη
1912 2023 1942 2074 ὁ
1971 2023 2105 2096 H90-

526 2114 706 2184 φήτης
753 2111 833 2183 τῷ
877 2113 1078 2165 εἰπεῖν·
1128 2130 1147 2164 ι
1176 2112 1396 2167 Ψάλατε
1429 2111 1509 2183 τῷ
1541 2113 1750 2183 Κυρίῳ,
1781 2115 1829 2167 οί
1865 2114 2031 2177 ὅσιοι,
2077 2133 2097 2165 ι

527 2203 662 2258 ἀλλὰ
681 2204 988 2276 προσέθηκε
1017 2206 1111 2258 καὶ
1133 2204 1194 2257 τὸ
1220 2223 1239 2256 ι
1263 2203 1451 2271 αὐτοῦ,
1476 2224 1495 2255 ι
1522 2204 1598 2268 ὡς
1625 2205 1794 2260 ὄντων
1821 2206 1981 2259 ὁσίων
2002 2207 2104 2260 οὐκ

527 2295 690 2350 αὐτοῦ
714 2313 732 2363 ;
759 2297 943 2368 Φαμὲν
972 2296 1149 2351 τοίνυν
1176 2337 1190 2359 ,
1223 2296 1411 2368 ὥσπερ
1454 2298 1623 2368 χωρὶς
1651 2298 1829 2367 πάσης
1864 2298 2104 2369 προσθή-

528 2407 632 2461 κης
663 2389 820 2461 μόνος
845 2392 874 2442 6
897 2388 1029 2453 Θεὸς
1057 2389 1259 2459 ἀγαθός
1295 2390 1442 2442 ἐστιν
1465 2428 1481 2454 ,
1523 2388 1667 2442 οὕτω
1708 2391 1880 2462 χωρὶς
1922 2390 2104 2462 πάσης

526 2480 844 2557 προσθήκης
869 2483 1012 2545 ὅσιος
1046 2481 1205 2551 μόνος
1231 2483 1262 2533 ὁ
1294 2480 1518 2552 Κύριος,
1551 2480 1626 2546 ὡς
1656 2483 1715 2534 ὲν
1747 2485 1815 2554 τῇ
1846 2482 1940 2535 τοῦ
1974 2485 2105 2535 Δευ-

526 2572 840 2646 τερονομίου
877 2573 986 2644 ᾠδῇ
1011 2572 1246 2645 εὕρομεν
1270 2590 1283 2604 ·
1322 2593 1342 2627 ι
1379 2574 1597 2638 Δίκαιος
1637 2573 1734 2627 καὶ
1760 2573 1907 2637 ὂσιος
1935 2575 1964 2627 6
1990 2573 2103 2627 Κύ-

529 2678 659 2739 ριος,
689 2684 708 2718 ι
728 2667 814 2731 Ὠς
835 2666 890 2718 δὲ
914 2666 1050 2736 μετὰ
1070 2663 1387 2738 προσθήκης
1410 2666 1529 2719 ἐστί
1554 2664 1738 2730 δοῦλος
1766 2664 1989 2734 ἀγαθὸς,
2014 2682 2107 2718 κα-

526 2758 596 2812 τά
617 2757 677 2811 τό
701 2775 714 2788 ·
759 2777 779 2808 ι
812 2754 908 2823 Εὖ,
931 2756 1084 2811 δοῦλε
1117 2758 1288 2825 ἀγαθὲ
1320 2760 1416 2811 καὶ
1443 2757 1623 2821 πιστὲ,
1655 2776 1673 2808 ι
1706 2758 1801 2811 καὶ
1821 2755 2107 2828 ἄνθρωπος

528 2849 732 2918 ἀγαθὸς
761 2848 903 2903 κατὰ
933 2849 1029 2913 τδρ
1054 2868 1074 2901 t
1119 2849 1177 2902 '0
1204 2850 1408 2917 ἀγαθὸς
1447 2848 1732 2919 ἄνθρωπος
1759 2850 1825 2901 ὲκ
1845 2847 1941 2901 τοῦ
1969 2848 2106 2917 ἀγα-

529 2939 622 2994 θοῦ
651 2939 925 3013 θησαυροῦ
953 2941 1054 3011 τῆς
1082 2942 1331 3012 καρδίας,
1362 2960 1381 2993 ο
1413 2939 1597 2994 καὶτὰ
1624 2941 1769 3013 ιέξῆς⁴
1794 2940 1935 2995 οὓτω
1969 2939 2106 3011 μετὰ

528 3032 847 3106 προσθήκης
875 3034 924 3086 οί
951 3032 1086 3086 ὅσιοι
1110 3032 1203 3086 τοῦ
1233 3034 1461 3104 Κυρίου.

602 3123 713 3178 Τοῦ
740 3123 946 3177 αὐτοῦ.
1002 3124 1157 3194 Τάχα
1194 3123 1252 3176 δὲ
1286 3124 1382 3177 καὶ
1419 3125 1547 3188 τοὺς
1597 3124 1712 3195 (43)
1760 3123 1875 3179 ὅσοι
1907 3123 2103 3196 πρότε-

530 3231 622 3283 ρον
654 3217 713 3269 ὲν
742 3215 1071 3288 ἀκαθάρτοις
1114 3215 1392 3285 διάγοντες
1427 3218 1507 3279 είς
1554 3217 1773 3287 μνήμην
1814 3211 1981 3286 ἦλθον
2008 3231 2105 3285 με·

526 3304 596 3361 τὰ
621 3305 795 3361 ταῦτα
823 3307 921 3378 τῆς
950 3306 1259 3378 ἁγιωσύνης
1287 3307 1476 3375 αὐτοῦ,
1507 3307 1808 3379 προτρέπει
1836 3308 1916 3370 είς
1943 3323 2102 3377 χαρι-

529 3401 733 3455 στείαν.

601 3492 715 3548 Τοῦ
745 3492 948 3548 αὐτοῦ.
977 3493 1092 3559 Πᾶς
1128 3496 1157 3547 6
1195 3491 1538 3565 μεμνημένος
1567 3491 1680 3565 (44)
1717 3491 1815 3563 τῆς
1841 3490 1936 3545 τοῦ
1968 3488 2103 3544 Θεοῦ

528 3585 933 3656 φιλανθρωπίας
959 3586 1359 3658 ὲξομολογεῖται
1391 3583 1561 3654 αὐτῷ.

600 3677 727 3733 Ὀτι
756 3676 904 3747 ὀργὴ
932 3678 1002 3731 ἐν
1026 3677 1107 3744 τῷ
1129 3676 1293 3746 θυμῷ
1319 3676 1526 3739 αὐτοῦ,
1555 3675 1653 3729 καί
1679 3673 1790 3743 ζωὴ
1818 3673 1888 3727 ἐν
1913 3673 1993 3738 τῷ
2014 3675 2104 3726 θε-

526 3768 746 3839 λήματι
768 3769 976 3833 αὐτοῦ,
997 3786 1052 3823 κ.
1069 3785 1121 3823 τ.
1140 3771 1189 3821 ὲ.
1220 3769 1431 3837 ’Ὠσπερ
1460 3769 1526 3821 ὲκ
1555 3766 1651 3818 τοῦ
1675 3765 1966 3837 λεγομένου
1990 3764 2103 3835 (45)

527 3859 701 3932 θυμοῦ
738 3860 944 3934 Κυρίου
979 3860 1258 3933 ἐξέρχεται
1284 3861 1422 3931 ὀργὴ
1447 3900 1461 3925 ,
1495 3859 1637 3912 οὕτω
1674 3858 1769 3912 καὶ
1798 3858 1865 3911 ἐκ
1891 3857 1986 3911 τοῦ
2019 3857 2106 3910 θε-

527 3951 768 4025 λήματος
818 3953 982 4008 αὐτοῦ
1028 3955 1280 4021 γεννᾶται
1337 3950 1473 4023 ζωή.
1519 3952 1629 4007 Καὶ
1673 3952 1721 4003 εί
1767 3952 1799 4020 ἡ
1849 3948 1961 4019 ζωὴ
2005 3949 2106 4019 τὴν

531 4044 729 4112 γνῶσιν
754 4045 1025 4116 σημαίνει⁶
1060 4063 1079 4097 ι
1102 4045 1243 4114 Ἐγὼ
1267 4064 1285 4096 ι
1304 4044 1414 4116 γάρ
1441 4045 1619 4114 ‹·εἰμι,
1646 4061 1664 4092 ι
1692 4042 1825 4114 φησὶ
1850 4040 2103 4110 Χριστὸς,

533 4151 553 4186 ι
580 4136 614 4206 ή
631 4135 766 4207 ζωή,
794 4156 812 4188 ι
832 4138 866 4206 ἠ
886 4136 1023 4208 ὀργὴ
1045 4134 1143 4208 τὴν
1163 4137 1437 4205 ἀγνωσίαν
1463 4134 1631 4206 δηλοῖ.
1652 4135 1731 4206 Τῇ
1754 4133 1866 4205 ζωῇ
1887 4133 1943 4187 δὲ
1958 4133 2106 4187 άντί-

527 4235 704 4274 κειται
730 4221 760 4273 6
786 4221 1013 4286 θάνατος
1034 4240 1050 4254 ·
1079 4223 1275 4276 οὐκοῦν
1307 4224 1340 4295 ἡ
1370 4222 1509 4294 ὀργὴ
1528 4222 1620 4275 τὸν
1647 4221 1875 4276 θάνατον
1903 4223 2105 4292 σημαί-

535 4326 628 4374 νει,
661 4311 762 4383 τήν
796 4312 1190 4384 καταστέρησιν
1228 4313 1328 4383 τῆς
1376 4312 1608 4384 θεωρίας
1645 4312 2098 4384 ἐπισημαίνουσα.

2205 1830 2300 1886 sed
2326 1832 2500 1887 sancti
2529 1832 2648 1903 ejus
2679 1833 2914 1904 psallere
2943 1835 3051 1891 Deo
3072 1834 3357 1903 jubentur,
3386 1838 3476 1907 qui
3506 1852 3636 1893 sane
3665 1848 3777 1894 tum

2204 1922 2417 1992 Spiritu,
2444 1932 2556 1978 tum
2588 1936 2770 1982 mente
2790 1928 3286 1998 psallerepossunt.
3305 1928 3417 1985 Cur
3440 1940 3617 1985 autem
3651 1929 3777 1985 Prn-

2203 2012 2377 2082 pbetae
2392 2030 2497 2069 non
2513 2016 2649 2071 satis
2668 2016 2767 2071 fuit
2782 2018 2963 2073 dicere
2982 2034 3027 2071 ει
3052 2017 3270 2075 Psallite
3286 2021 3529 2086 Domino,
3543 2024 3736 2088 sancti,
3751 2042 3772 2074 ι

2201 2106 2296 2160 sed
2317 2107 2526 2163 addidit
2547 2125 2567 2159 ι
2603 2109 2740 2179 ejus,
2764 2128 2783 2161 ι
2810 2111 2964 2179 quasi
2995 2112 3163 2168 sancti
3190 2113 3527 2183 reperiantur
3549 2115 3641 2185 qui
3667 2131 3775 2170 non

2208 2198 2318 2252 sint
2355 2199 2512 2267 ejus?
2544 2201 2783 2258 Dicimus
2822 2216 2974 2270 ergo,
3011 2206 3471 2272 quemadmodum
3522 2208 3639 2262 sine
3680 2208 3775 2261 ad-

2202 2291 2439 2360 jectione
2468 2293 2649 2363 aliqua
2682 2294 2830 2349 solus
2856 2295 2999 2352 Deus
3024 2308 3108 2352 est
3139 2297 3338 2363 bonus,
3387 2299 3459 2352 ita
3504 2300 3621 2354 sine
3667 2301 3776 2355 ullo

2204 2382 2580 2440 additamento
2613 2392 2859 2439 sanctum
2895 2386 3071 2441 solum
3105 2402 3227 2443 esse
3293 2391 3778 2460 Dominum,quem

2203 2475 2497 2532 admodum
2529 2478 2584 2532 in
2663 2479 2878 2533 cantico
2906 2478 3313 2535 Deuteronomii
3358 2482 3655 2548 reperimus
3675 2483 3721 2515 ⁸⁸
3756 2502 3771 2536 :

2211 2583 2231 2616 ι
2275 2566 2460 2623 Justus
2508 2578 2564 2623 et
2610 2580 2832 2626 sanctus
2860 2571 3146 2627 Dominus.
3179 2591 3197 2624 ι
3226 2570 3380 2628 Sicut
3432 2585 3614 2627 autem
3647 2589 3771 2630 cum

2206 2660 2505 2729 atljectione
2538 2673 2619 2717 est
2643 2678 2834 2720 servus
2858 2665 3058 2729 bonus,
3079 2664 3233 2734 juxta
3266 2665 3397 2720 illud
3422 2666 3470 2698 "
3499 2681 3511 2717 :
3551 2683 3571 2717 ι
3603 2666 3775 2738 Euge,

2205 2760 2362 2803 serve
2389 2748 2527 2803 bone
2541 2762 2596 2804 et
2614 2751 2805 2814 ﬁdelis.
2826 2773 2846 2807 ι
2870 2763 2926 2809 et
2944 2754 3106 2809 homo
3132 2756 3327 2818 bonus,
3345 2755 3501 2825 juxta
3523 2756 3667 2813 istud
3688 2759 3732 2792 ⁹¹
3757 2776 3771 2811 :

2215 2855 2232 2887 ι
2268 2836 2450 2895 Bonus
2484 2842 2646 2897 homo
2674 2843 2743 2897 de
2779 2844 2921 2901 bono
2957 2848 3216 2904 thesauro
3252 2850 3452 2914 cordis,
3487 2870 3507 2902 ι
3536 2855 3775 2912 etc..:sic

2207 2943 2330 2982 cum
2356 2930 2657 2998 adjectione
2688 2934 2861 2990 sancti
2892 2935 3107 2993 Domini
3134 2938 3387 2993 dicuntur

2129 3073 2173 3134 θ
2283 3108 2560 3181 Ejusdem.
2580 3112 2851 3171 Fortassis
2865 3117 3028 3171 etiam
3047 3132 3141 3173 eos
3168 3119 3259 3189 qui
3290 3120 3439 3191 prius
3465 3121 3519 3177 in
3546 3123 3773 3179 immun-

2205 3202 2337 3258 ditia
2388 3204 2772 3269 versabantur,
2815 3218 2870 3261 et
2910 3218 3098 3276 postea
3133 3212 3185 3264 in
3218 3212 3532 3268 memoriam
3578 3216 3773 3270 sancti-

2205 3295 2333 3350 tatis
2374 3296 2490 3364 ejus
2536 3307 2826 3365 venernnt,
2856 3308 3121 3370 provocat
3163 3302 3232 3357 ad
3261 3305 3563 3375 gratiarum
3600 3308 3773 3364 actio-

2202 3404 2349 3443 nem.

2278 3480 2554 3549 Ejusdem.
2589 3481 2779 3540 Omnis
2812 3484 2908 3551 qui
2936 3497 3142 3542 memor
3165 3494 3248 3544 est
3273 3485 3621 3561 benignitatis
3656 3490 3774 3560 Dei,

2204 3573 2499 3627 conﬁtetur
2529 3573 2603 3629 ei.

2274 3664 2438 3721 Vens.
2463 3666 2517 3721 6.
2555 3667 2818 3732 Quoniam
2846 3668 2927 3721 ira
2960 3666 3018 3722 in
3046 3668 3406 3738 indignatione
3435 3673 3569 3739 eius,
3590 3682 3639 3726 et
3667 3674 3773 3729 vita

2202 3759 2260 3813 in
2302 3759 2567 3814 voluntate
2605 3778 2743 3831 qus,
2788 3771 2895 3818 etc.
2921 3760 3388 3829 Quemadmodum
3416 3779 3485 3820 ex
3527 3766 3772 3837 indigna-

2202 3852 2352 3907 tione
2393 3851 2598 3911 Domini
2653 3853 2831 3907 oritur
2884 3850 3004 3917 ira,
3045 3852 3124 3907 sic
3181 3852 3348 3909 etiam
3386 3868 3454 3909 ex
3493 3856 3771 3912 voluntate

2202 3942 2319 4011 ejus
2347 3951 2649 4012 generatur
2671 3944 2804 3998 vita.
2850 3941 2908 3999 Si
2949 3952 3130 3999 autem
3161 3945 3268 4000 vita
3292 3946 3585 4003 scientiam
3627 3949 3773 4005 iudi-

2201 4043 2331 4089 cat:
2360 4053 2380 4086 ι
2412 4034 2526 4104 Ego
2553 4036 2869 4100 suunenim,
2901 4035 3078 4105 inquit
3098 4035 3352 4093 Christus
3378 4038 3609 4108 ",tvita,
3640 4060 3662 4094 ι
3690 4043 3770 4097 ira

2204 4124 2473 4181 inscitiam
2502 4125 2742 4180 denotat.
2760 4125 2916 4218 ‘Vita:
2957 4142 3086 4183 vero
3113 4128 3437 4185 adversatur
3461 4146 3610 4187 mors
3641 4148 3655 4186 :
3689 4134 3770 4189 ira

2203 4218 2370 4288 igitur
2390 4225 2623 4272 mortem
2654 4217 2946 4287 signiﬁcat,
2967 4219 3326 4288 privationem
3358 4221 3610 4276 nimirum
3639 4237 3773 4278 con-

2205 4308 2591 4379 templationis.
2644 4307 2877 4366 Pulchre
2914 4325 3047 4381 ergo
3095 4310 3297 4368 dicitur
3322 4312 3371 4345 "
3438 4329 3449 4362 ε
3489 4331 3508 4366 ι
3557 4312 3680 4369 Vita
3715 4324 3772 4369 et

529 4402 723 4466 Καλῶς
756 4392 873 4457 οὖν’
892 4402 1109 4470 λέγεται
1149 4404 1211 4457 τὸ
1237 4444 1251 4457 .
1289 4423 1307 4455 ι
1338 4404 1460 4474 Ζωὴ
1492 4405 1586 4457 καὶ
1620 4403 1844 4468 θάνατος
1872 4406 1930 4459 ὲν
1954 4407 2098 4477 χειρὶ

2205 4418 2352 4457 mors
2375 4403 2428 4456 in
2460 4417 2623 4458 manu
2655 4404 2873 4474 linguae.
2913 4422 2935 4456 ι

535 4493 794 4567 γλώσσης.
833 4515 854 4548 ι

606 4593 718 4647 Τοῦ
747 4590 952 4645 αὑτοῦ.
981 4590 1136 4642 Ἐστι
1175 4592 1230 4641 οὲ
1260 4589 1318 4641 ὲν
1356 4588 1434 4658 τῷ
1461 4588 1892 4658 άναθυμιωμένῳ
1929 4587 2087 4658 θυμῷ

530 4686 836 4757 ἑτοιμότης,
868 4685 962 4737 καὶ
987 4684 1123 4757 ὀργὴ
1164 4684 1263 4752 τῆς
1292 4681 1728 4745 ἁνταποδόσεως,
1763 4680 1858 4734 καὶ⁵
1888 4677 2002 4752 ζωὴ
2030 4684 2087 4734 ἐν

531 4780 606 4851 τῷ
628 4778 886 4848 θελήματι
913 4776 1330 4848 προηγουμένως
1357 4774 1471 4828 ἐστὶ
1500 4774 1593 4827 τοῦ
1615 4774 1770 4827 Θεοῦ.

600 4866 748 4938 Ἐγὼ
778 4866 846 4920 δὲ
885 4862 1023 4920 εἶπα
1058 4866 1128 4918 ἐν
1165 4864 1241 4933 τῇ
1283 4864 1528 4931 εὐθηνίᾳ
1564 4880 1713 4932 μου·
1746 4864 1828 4915 Οὐ
1857 4862 1942 4932 μὴ
1975 4878 2085 4917 σα-

532 4961 719 5015 λευθῶ
762 4962 845 5025 εἷς
880 4959 989 5011 τὸν
1024 4956 1234 5020 αἰῶνα,
1266 4974 1319 5009 κ.
1363 4972 1414 5010 τ.
1461 4957 1507 5009 ὲ.
1548 4955 1670 5007 Εἴτε
1714 4955 1948 5025 Χριστός
1977 4971 2086 5024 φη-

2275 4585 2548 4654 Ejusdem.
2576 4586 2672 4642 Est
2701 4596 2882 4643 autem
2925 4588 2981 4644 in
3025 4587 3362 4646 fervescente
3392 4590 3470 4645 ira
3502 4593 3769 4661 prompti-

2201 4682 2348 4742 tudo.
2379 4692 2434 4736 et
2467 4681 2546 4736 ira
2588 4681 2960 4737 retributionis
2981 4721 2995 4745 ,
3042 4693 3099 4736 et
3135 4682 3246 4736 vita
3292 4684 3565 4754 praecipue
3598 4694 3680 4739 est
3712 4688 3766 4739 in

2200 4773 2479 4829 voluntate
2508 4773 2620 4829 Dei.

2269 4864 2434 4920 Vens.
2464 4865 2520 4920 7.
2547 4866 2659 4935 Ego
2696 4876 2868 4922 autem
2897 4868 3012 4922 dixi
3036 4868 3092 4921 in
3118 4866 3446 4922 abundantia
3478 4883 3613 4925 mea.
3640 4865 3763 4920 Non

2196 4955 2438 5009 movebor
2463 4955 2517 5009 in
2546 4964 2823 5024 veternum,
2850 4967 2958 5012 etc.
2987 4956 3114 5013 Sive
3133 4957 3410 5020 Christus,
3444 4956 3559 5010 sive
3579 4955 3763 5023 justus

531 5071 612 5107 σιν
639 5052 773 5124 (46),
802 5052 911 5105 εἴτε
934 5051 1136 5114 δίκαιος
1163 5050 1242 5113 τὸ,
1270 5066 1289 5099 ι
1319 5045 1481 5103 Εἴπω
1522 5068 1539 5098 ι
1567 5044 1681 5101 εἷτα
1708 5048 1844 5118 μετὰ
1877 5048 1976 5119 τὴν
1996 5048 2089 5100 ἐπὶ

2202 5045 2401 5101 dixerit
2451 5047 2624 5103 illud:
2671 5067 2691 5102 ι
2729 5050 2845 5121 Ego
2902 5049 3056 5117 dixi;
3089 5066 3109 5102 ι
3162 5049 3359 5106 deinde
3407 5058 3529 5119 post
3563 5049 3762 5103 factum

531 5146 699 5215 τούτῳ
730 5142 980 5214 στιγμὴν,
1016 5159 1033 5192 ι
1076 5142 1133 5194 ὲν
1171 5143 1234 5211 τῇ
1265 5140 1485 5210 εὐθηνίᾳ
1515 5155 1613 5205 μου
1647 5139 1706 5190 οὐ
1746 5137 1819 5207 μὴ
1846 5137 2088 5192 σαλευθῶ

2202 5137 2397 5193 ibidem
2436 5141 2947 5209 interpunctionem,
2989 5159 3009 5194 ι
3050 5142 3103 5198 in
3131 5140 3458 5196 abundantia
3501 5156 3618 5194 mea
3652 5157 3762 5194 non

529 5239 606 5302 είς
636 5238 727 5291 τὸν
765 5235 968 5289 αἰῶνα’
1016 5252 1034 5285 ›
1073 5233 1299 5304 ἁρμόζει
1338 5232 1399 5285 τὸ
1446 5232 1520 5303 μὴ
1558 5229 1873 5284 σαλεύεσθαι
1909 5230 2087 5298 λέγειν

2202 5230 2453 5285 movebor
2490 5232 2541 5285 in
2570 5243 2862 5300 aeternum,
2886 5248 2907 5285 ι
2941 5232 3193 5286 convenit
3230 5245 3351 5286 eum
3385 5230 3472 5299 qui
3506 5230 3556 5282 in
3591 5231 3761 5284 abun-

595 5329 640 5361 ⁸⁷
672 5327 758 5382 Ps.
798 5342 907 5388 xxI,
939 5324 994 5378 2.
1079 5324 1124 5355 ⁸⁸
1147 5324 1236 5378 Ps.
1266 5323 1446 5389 vaui,
1483 5323 1535 5377 6.
1624 5323 1667 5363 θ’
1699 5319 1856 5374 Deut.
1885 5336 2053 5388 “XII.
2092 5322 2146 5378 4ο

530 5415 636 5463 xtv,
669 5398 722 5453 6.
796 5396 841 5427 ⁹³
871 5396 1028 5450 Prov.
1055 5409 1207 5458 xvm,
1236 5394 1326 5448 21.

562 5492 710 5572 ,(42)
769 5488 933 5544 Ἐπεί
994 5490 1106 5557 οὐχ
1166 5485 1414 5555 ὡραῖος,
1471 5498 1576 5542 etc.
1641 5485 1821 5543 Codex
1888 5485 2085 5543 Baroc-

530 5574 735 5683 val/Illis.
754 5626 912 5696 Τάχα
947 5625 1016 5680 δὲ
1051 5625 1150 5680 καὶ
1186 5627 1345 5691 τούς,
1385 5634 1491 5681 etc.
1531 5626 1753 5683 Scltedte
1789 5627 1988 5683 Grabii.

599 5629 710 5771 (443
750 5696 874 5763 Πᾶς
909 5700 942 5752 ό
974 5696 1367 5767 μεμνημένος,
1406 5706 1510 5752 etc.
1552 5699 1764 5753 Eaedem
1805 5699 1988 5754 scltedz

622 5696 709 5771 44)
750 5696 874 5763 Πᾶς
909 5700 942 5752 ό
974 5696 1367 5767 μεμνημένος,
1406 5706 1510 5752 etc.
1552 5699 1764 5753 Eaedem
1805 5699 2051 5772 scltedze.

2256 5327 2302 5358 ⁹⁰
2326 5326 2513 5384 Matth.
2551 5343 2677 5395 xxv,
2711 5328 2799 5383 2!.
2906 5326 2953 5359 "
2980 5325 3171 5381 Matth.
3202 5340 3299 5390 xu,
3330 5324 3423 5380 55.
3523 5324 3570 5358 "
3594 5323 3755 5379 Junn.

2260 5488 2372 5561 (45)
2414 5488 2637 5557 ’Ὠσπερ
2691 5488 2762 5540 ἐκ
2816 5483 2925 5540 τοῦ
2963 5482 3290 5554 λεγομένου
3314 5525 3329 5550 ,
3374 5491 3480 5538 etc.
3548 5481 3762 5537 Eadem

2191 5561 2425 5616 scltedm.

2266 5630 2378 5699 (46)
2419 5629 2557 5685 Εἴτε
2624 5627 2876 5698 Χριστός
2930 5636 3138 5693 φησιν,
3192 5632 3300 5678 etc.
3359 5624 3559 5679 Catena
3625 5622 3763 5675 (Zor-

2194 5701 2354 5757 derii.
