4020 6152
402 231 543 286 1295

1800 232 1889 288 EX
1924 231 2226 291 ORIGENE

3493 251 3632 309 1296

399 348 583 404 dantia
610 357 714 416 est,
755 348 934 403 dicere
964 362 1026 403 se
1053 362 1159 402 non
1192 357 1391 404 motum
1419 350 1507 403 iri.
1551 349 1872 416 Salvatoris,
1905 362 1951 405 ιιι

2065 354 2123 406 ὲν
2160 355 2387 429 εὐθηνίᾳ
2418 356 2565 411 ὄντα.
2599 357 2703 412 Τοῦ
2733 358 2984 432 Σωτῆρος
3017 361 3233 433 μέντοι,
3267 362 3346 426 ὡς
3377 364 3633 431 πολλάκις

398 455 545 512 saepe
564 440 824 506 diximus,
850 440 1154 495 humanitas
1180 441 1281 497 hoc
1299 442 1452 497 dicit.
1477 441 1787 498 Secundum
1813 445 1965 515 Sym-

400 532 654 588 machum
697 544 852 595 vero,
887 530 933 585 si
966 531 1205 597 dicatur,
1257 550 1275 583 ι
1330 532 1385 588 in
1439 534 1735 590 solitudine
1762 550 1906 601 mea,
1937 553 1958 588 ι

2066 448 2308 518 εἴπομεν,
2336 449 2396 502 τὸ
2422 449 2760 522 ἀνθρώπινον
2788 452 2944 507 τοῦτο
2958 454 3125 524 λέγει.
3159 454 3316 510 Κατὰ
3336 455 3393 509 δὲ
3411 456 3631 528 Σύμμα-

2065 553 2186 606 χον,
2213 537 2310 591 saw
2333 534 2399 611 ᾗ,
2435 557 2455 590 s
2494 540 2555 593 ὲν
2586 543 2653 612 τῇ
2682 541 2886 613 ἠρεμίᾳ
2918 558 3017 614 μου
3041 581 3058 608 ,
3098 561 3116 595 ι
3142 541 3365 596 δύναται
3385 544 3445 597 τὸ
3471 544 3630 616 γαλη-

395 632 577 694 potest
599 620 827 692 intelligi
857 621 1228 692 tranquillitas
1256 631 1313 678 et
1344 624 1543 680 animre
1583 625 1837 694 perfecta:
1863 626 1951 679 im-

2061 628 2153 681 νον
2173 630 2268 684 καὶ
2285 629 2556 703 ἀτάραχον
2568 630 2667 702 τῆς
2689 633 3111 704 τετελειωμένης
3128 632 3417 703 δηλοῦσθαι
3435 634 3626 707 ψυχῆς,

398 713 758 782 perturbatio,
788 713 952 786 642
984 728 1088 783 qua
1114 713 1207 784 qui
1236 713 1454 782 fruitur,
1479 730 1818 786 nequaquam
1847 730 1965 770 am-

392 807 538 878 plius
581 808 1040 862 commovebitur.
1089 806 1193 873 Qui
1239 807 1387 862 enim
1419 807 1581 863 bonis
1624 805 1962 878 spiritalibus

394 898 654 965 abundat,
677 915 784 955 non
805 901 1116 955 movebitur
1144 903 1198 955 in
1222 912 1506 956 aeternum.
1698 892 1705 897 ’

463 994 629 1049 γεω.
656 993 711 1050 8.
737 992 982 1060 Domine,
1014 996 1072 1049 in
1110 994 1377 1050 voluntate
1407 1008 1500 1049 tua
1528 996 1824 1065 prtcstitisti
1868 997 1962 1050 de-

392 1082 503 1138 cori
534 1099 649 1139 meo
680 1084 948 1139 uirtutem.
978 1083 1226 1139 Avertisti
1262 1083 1455 1152 [aciem
1495 1094 1664 1149 tuam,
1694 1093 1746 1139 et
1786 1085 1960 1153 factus

397 1190 517 1229 sum
566 1176 947 1243 conturbatus,
997 1186 1104 1230 etc.
1157 1176 1308 1230 Alius
1346 1176 1517 1231 dicit:
1548 1176 1615 1231 Et
1658 1175 1861 1231 Christi
1905 1186 1961 1229 et

388 1267 520 1337 justi
545 1269 753 1338 gratias
777 1269 987 1340 agentis
1008 1284 1109 1324 vox
1144 1278 1245 1325 est.
1265 1268 1398 1322 Nam
1423 1278 1618 1337 praeter
1647 1269 1957 1339 praedictum

390 1357 696 1414 divinitatis
718 1358 989 1425 decorem,
1015 1358 1236 1413 virtutis
1253 1358 1415 1413 etiam
1432 1359 1739 1413 humanitas
1756 1358 1958 1414 Christi

389 1457 448 1503 et
466 1450 647 1505 omnis
677 1458 898 1505 sanctus
926 1450 1199 1521 particeps
1226 1459 1337 1515 est;
1378 1451 1574 1506 horum
1611 1461 1791 1504 autem
1824 1467 1957 1506 con-

388 1556 511 1597 sors
536 1553 621 1598 est
642 1543 919 1598 voluntate
954 1543 1045 1599 Dei
1065 1552 1121 1600 et
1150 1546 1425 1615 praecipuo
1450 1543 1567 1613 ejus
1594 1542 1955 1615 beneplacito.

391 1633 450 1691 Si
485 1649 637 1701 vero,
664 1643 723 1689 ut
744 1624 969 1704 Aquilas
998 1636 1251 1704 scripsit,
1287 1654 1307 1688 s
1345 1638 1398 1691 in
1429 1645 1611 1691 monte
1641 1649 1781 1702 meo,
1818 1653 1839 1688 ι
1879 1634 1954 1690 le-

2063 714 2180 794 ὲνῇ
2212 722 2318 785 πᾶς
2342 722 2372 774 6
2406 722 2694 793 γενόμενος
2729 723 2981 795 οὐδαμῶς
3026 725 3103 779 ἔτι
3140 728 3623 799 περιτραπήσεται.

2074 809 2133 864 '0
2173 811 2281 883 γάρ
2323 812 2565 885 εὐθηνῶν
2608 815 2995 884 πνευματικῶς
3039 816 3101 871 οὐ
3143 817 3629 890 σαλευθήσεταιείς

2061 901 2155 956 τὸν
2182 903 2376 957 αἰῶνα.

2133 994 2329 1061 Κύριε,
2348 995 2419 1049 ἐν
2437 993 2519 1061 τῷ
2547 995 2833 1066 θελήματι
2846 1012 2964 1054 σου
2985 1001 3294 1070 παρέσχου
3324 1000 3404 1067 τῷ
3426 1000 3629 1055 κάλλει

2055 1104 2174 1156 μου
2202 1088 2475 1157 δύναμιν.
2514 1090 2926 1160 Ἀπέστρεψας
2951 1091 3021 1145 δὲ
3046 1094 3111 1147 τό
3139 1095 3462 1162 πρόσωπόν
3493 1109 3627 1151 σου,

2060 1178 2158 1232 καὶ
2204 1179 2501 1249 ἐγενήθην
2547 1180 3017 1251 τεταραγμένος,
3056 1199 3112 1237 κ.
3147 1200 3198 1236 τ.
3241 1184 3287 1236 ὲ.
3341 1182 3527 1245 Ἀλλος
3572 1182 3627 1235 δέ

2060 1288 2224 1341 φησιν
2259 1271 2403 1342 (47)·
2433 1272 2543 1324 Καὶ
2562 1271 2797 1344 Χριστοῦ
2826 1274 2921 1326 καὶ
2957 1273 3164 1327 δικαίου
3198 1275 3318 1326 ἐστὶ
3354 1274 3502 1344 φωνὴ
3536 1273 3627 1325 εὑ-

2058 1364 2373 1433 χαριστικὴ.
2408 1363 2553 1434 Πρὸς
2593 1363 2702 1435 γὰρ
2729 1362 2807 1434 τῷ
2845 1365 3222 1436 προειρημένῳ
3252 1364 3350 1434 τῆς
3384 1364 3625 1434 θεότητος

2058 1454 2242 1506 κάλλει
2265 1493 2279 1516 ,
2324 1455 2418 1507 καὶ
2456 1455 2738 1526 δυνάμεως
2780 1453 2843 1507 τὸ
2873 1454 3212 1525 ἀνθρώπινον
3242 1456 3337 1509 τοῦ
3373 1455 3623 1527 Χριστοῦ.

2057 1543 2153 1597 καὶ
2173 1545 2283 1607 πᾶς
2315 1545 2465 1613 ἆγιος
2505 1544 2866 1617 κεκοινώνηκε
2889 1586 2905 1610 ,
2942 1547 3038 1600 καὶ
3079 1547 3296 1619 μετέχει
3328 1548 3386 1601 δὲ
3424 1547 3623 1600 τούτων

2058 1633 2321 1706 θελήματι
2350 1635 2485 1689 Θεοῦ
2518 1638 2614 1691 καὶ
2655 1636 2732 1709 τῷ
2754 1637 3146 1711 προηγουμένῳ
3181 1639 3413 1711 ἑκουσίῳ
3442 1639 3622 1692 αὑτοῦ.

386 1699 828 1799 gamus,imons_
851 1727 1056 1783 Christi
1110 1699 1355 1784 Ecclesia
1414 1729 1531 1798 ejus
1602 1699 1950 1797 intelligenda

2068 1699 2297 1791 δὲ,
2326 1728 2402 1791 ὡς
2430 1731 2460 1782 6
2493 1699 2721 1792 Ἀκύλας
2752 1699 3016 1801 ἔγραιινεν,
3042 1748 3061 1783 s
3092 1699 3150 1784 ὲν
3180 1731 3259 1802 τῷ
3291 1699 3406 1802 ὄρει
3436 1749 3557 1801 μου,
3598 1750 3616 1781 ι

391 1826 501 1884 est,
531 1830 651 1886 quae
678 1815 939 1872 altissima
968 1827 1021 1871 et
1040 1818 1285 1873 sublimis
1314 1828 1417 1873 est.
1442 1816 1576 1871 lluic
1605 1818 1769 1873 monti
1794 1815 1955 1872 Pater

380 1907 539 1980 juxta
567 1909 962 1982 beneplacitum
995 1927 1177 1978 suum,
1207 1912 1421 1967 ﬁrmum
1469 1911 1753 1980 imperium
1785 1910 1954 1965 tradi-

386 2000 488 2066 dit,
514 1999 950 2071 quandoquidem
982 2001 1225 2058 Ecclesia
1249 2002 1470 2073 reliquis
1495 2002 1644 2056 orbis
1670 2010 1825 2056 terras
1848 2002 1950 2054 im-

383 2099 564 2160 perat,
616 2101 673 2147 et
703 2106 809 2147 una
844 2107 965 2147 cum
995 2091 1214 2149 Christo
1255 2102 1466 2164 regnat.
1516 2092 1575 2149 Si
1604 2107 1735 2148 vero
1773 2092 1951 2148 locum

383 2181 588 2240 habeat
617 2181 929 2256 Symmachi
969 2184 1151 2251 lectio,
1186 2205 1206 2237 s
1248 2187 1426 2254 primo
1464 2186 1713 2256 parenti,
1746 2203 1766 2238 ι
1798 2185 1950 2255 quis-

383 2289 513 2331 nam
555 2273 758 2332 Cbristi
793 2276 877 2332 vel
916 2275 1049 2344 justi
1098 2279 1307 2346 primus
1362 2291 1565 2347 parens
1611 2278 1719 2332 dici
1771 2285 1951 2346 potest

381 2377 582 2439 prater
622 2367 931 2436 Abraham,
980 2368 1067 2426 cui
1120 2372 1499 2425 conﬁrmatum
1530 2368 1740 2425 censeri
1768 2376 1946 2438 potest

384 2461 695 2533 imperium,
745 2461 1053 2531 adimpletis
1093 2460 1206 2532 jam
1243 2459 1443 2517 divinis
1474 2460 1946 2531 promissionibus,

387 2566 511 2622 quae
535 2562 592 2608 et
624 2552 813 2623 generi
855 2553 993 2622 ejus,
1021 2561 1076 2607 et
1103 2550 1356 2606 omnibus
1385 2551 1584 2621 quibus
1609 2549 1664 2604 in
1704 2548 1821 2621 ipso
1863 2548 1949 2603 he-

382 2644 655 2701 nedictum
694 2654 779 2700 est
797 2645 1045 2716 gentibus
1067 2643 1221 2697 facta:
1247 2641 1406 2698 sunt?

453 2734 732 2806 Ejusdem.
768 2735 883 2790 Non
911 2743 995 2790 est
1032 2734 1324 2789 absurdum
1351 2732 1628 2789 Christum
1678 2744 1784 2802 quo
1812 2739 1948 2785 tein-

385 2843 519 2900 pore
552 2843 747 2899 passus
779 2836 886 2895 est,
913 2827 1119 2883 dixisse
1151 2841 1167 2882 :
1204 2846 1223 2877 ι
1261 2826 1517 2881 Avertisti
1573 2824 1765 2880 facient
1802 2835 1945 2878 tuam

381 2935 413 2974 a
450 2934 556 2984 me,
581 2927 638 2975 ct
685 2918 864 2974 factus
898 2932 1016 2972 sum
1043 2917 1422 2984 conturbatus,
1458 2936 1477 2968 ι
1505 2931 1626 2971 cum
1672 2916 1725 2969 in
1767 2913 1944 2970 Evan-

381 3010 525 3079 gelio
561 3008 722 3066 modo
760 3008 970 3065 dicat”
1006 3028 1020 3064 :
1065 3028 1084 3061 s
1141 3008 1285 3064 Deus
1324 3006 1505 3073 meus,
1560 3007 1701 3063 Deus
1756 3022 1944 3071 meus.
1973 3049 2016 3107 ο

384 3115 552 3171 quare
596 3114 682 3156 me
709 3098 1086 3168 dereliquisti?
1126 3117 1147 3151 ι
1183 3098 1344 3155 ιιιοιΙο
1397 3109 1579 3156 autem
1602 3099 1697 3153 "z
1736 3119 1754 3153 s
1790 3098 1948 3156 Nunc

376 3194 563 3248 anima
592 3208 708 3248 mea
734 3192 946 3247 turbata
968 3202 1072 3246 est.
1107 3210 1127 3242 ι

454 3372 732 3443 Ejusdem.
775 3369 928 3426 Hanc
955 3368 1148 3426 faciem
1194 3384 1410 3440 semper
1436 3371 1623 3426 vident
1654 3371 1851 3443 angeli.
1884 3370 1945 3427 Si

378 3473 561 3521 autem
601 3462 760 3533 juxta
790 3459 1089 3532 sapientem
1141 3460 1422 3517 mulierem
1453 3459 1739 3517 Thecoitin
1770 3461 1947 3531 angeli

377 3559 559 3612 omnia
607 3563 806 3611 norunt
844 3568 965 3626 qua:
1004 3561 1135 3608 sunt
1182 3567 1349 3624 super
1395 3562 1618 3617 terram,
1650 3551 1819 3607 facies
1851 3552 1946 3608 Dei

384 3658 512 3706 sunt
540 3662 727 3704 eorum
757 3662 877 3716 qua:
903 3655 1029 3702 sunt
1062 3660 1224 3715 super
1255 3656 1491 3711 terram,
1529 3644 1795 3712 rationes,
1820 3644 1946 3716 qui-

380 3739 482 3795 bus
498 3738 679 3810 opifex
700 3738 821 3809 ejus
838 3738 1067 3793 verbum
1094 3735 1442 3806 exprimitur.

447 3919 614 3976 Vnus.
646 3921 703 3984 9,
732 3921 817 3976 10.
844 3920 925 3973 Ad
947 3929 1016 3985 te,
1050 3919 1290 3984 Domine,
1313 3918 1575 3984 clamabo,
1604 3927 1653 3972 et
1675 3918 1744 3971 ad
1777 3916 1945 3973 Deum

374 4027 546 4066 meum
574 4010 907 4078 deprecabor.
938 4009 1069 4075 Qui:
1091 4010 1295 4064 utilitas
1316 4010 1369 4062 in
1389 4011 1643 4079 sanguine
1669 4025 1803 4074 meo,
1818 4008 1944 4061 dum

376 4102 631 4158 descendo
659 4105 714 4155 in
746 4101 1158 4169 corruptionem,
1193 4112 1301 4156 etc.
1362 4100 1488 4156 Haec
1529 4099 1727 4155 clamat
1774 4099 1943 4155 etiam

377 4193 474 4263 qui
504 4190 745 4249 cmlestia
773 4190 891 4244 sola
923 4190 1077 4258 petit.
1123 4189 1264 4256 Quid
1309 4189 1440 4247 mihi
1469 4190 1709 4260 prodest,
1745 4188 1941 4260 inquit,

378 4298 574 4341 sanum
598 4280 676 4338 ἐι
718 4280 997 4350 sanguinis
1044 4280 1375 4350 plenitudine
1427 4293 1646 4349 corpus,
1677 4294 1805 4335 cum
1857 4293 1942 4334 me

2053 1815 2177 1887 ὅρος
2206 1816 2441 1887 Χριστοῦ
2469 1817 2567 1888 τὴν
2606 1817 2932 1887 Ἐκκλησίαν
2964 1818 3126 1871 αὐτοῦ
3157 1818 3396 1887 νοητέον,
3425 1817 3620 1886 64ml!)-

2051 1907 2219 1978 τάτην
2242 1908 2338 1962 καὶ
2370 1909 2641 1980 μετέωρον
2677 1909 2862 1964 οὖσαν.
2890 1909 3076 1979 Τούτῳ
3103 1909 3161 1963 δὲ
3183 1909 3262 1979 τῷ
3292 1909 3405 1981 δρει
3426 1908 3622 1979 κράτος

2052 1997 2160 2051 ἀπὸ
2182 1999 2278 2053 τοῦ
2310 2000 2520 2071 Πατρὸς
2556 2003 2613 2054 ἐν
2652 2004 2719 2073 τῇ
2768 2002 2983 2073 εὐδοκία
3029 2001 3194 2055 αὑτοῦ
3239 2004 3356 2054 ἐστι
3390 2000 3618 2070 ﬂamini;

2050 2088 2222 2145 δοθέν.
2252 2091 2459 2162 Κρατεῖ
2486 2091 2543 2145 δὲ
2569 2093 2602 2163 ή
2643 2093 2942 2164 Ἐκκλησία
2990 2092 3344 2163 βασιλεύουσα
3374 2093 3480 2145 τῶν
3507 2091 3616 2144 λοι-

2051 2182 2167 2235 πῶν
2198 2184 2288 2236 ὲπὶ
2311 2184 2412 2254 γῆς
2441 2185 2534 2237 καὶ
2560 2184 2776 2256 Χριστῷ
2804 2185 3291 2256 συμϐασιλεύουσα.
3314 2186 3377 2239 Εἰ
3406 2185 3459 2237 δὲ
3483 2185 3620 2239 κατὰ

2050 2273 2142 2326 τὸν
2172 2274 2464 2346 Σύμμαχον
2487 2271 2574 2346 ᾖ,ι
2602 2276 2680 2347 τῷ
2711 2279 3035 2349 προπάτορι,
3077 2296 3096 2329 ι
3119 2276 3200 2340 τίς
3231 2276 3295 2329 ἂν
3327 2277 3617 2347 προπάτωρ

2049 2361 2258 2430 λέγοιτο
2274 2363 2509 2435 Χριστοῦ
2538 2365 2571 2435 ἢ
2598 2365 2693 2418 τοῦ
2714 2365 2922 2418 δικαίου
2946 2366 2979 2436 ἦ
3000 2368 3028 2419 6
3044 2364 3244 2435 Ἀϐραὰ
3252 2383 3311 2435 μ,
3339 2359 3383 2433 ᾧ
3402 2365 3616 2418 δύναται

2048 2455 2305 2509 ἑστάσθαι
2334 2454 2397 2509 τὸ
2428 2457 2627 2527 κράτος
2660 2456 2737 2527 τῷ
2770 2456 2918 2524 γένει
2954 2454 3119 2511 αὐτοῦ
3148 2458 3241 2509 καὶ
3267 2460 3379 2519 τοῖς
3414 2457 3616 2509 ἐνευλοο

2048 2544 2332 2618 γουμένοις
2358 2547 2506 2618 αὐτῷ
2534 2549 2697 2601 πᾶσιν
2721 2546 2896 2602 ἔθνεσι
2929 2547 3317 2618 πληρουμένων
3335 2546 3442 2601 τῶν
3462 2545 3614 2600 θείων

2050 2638 2409 2712 εὐαγγελίωις
2964 2652 2971 2657 ’

2124 2731 2233 2785 Τοῦ
2265 2730 2470 2785 αὑτοῦ.
2504 2731 2701 2800 Λέγειν
2743 2731 2802 2785 δὲ
2826 2731 2939 2803 (48)
2980 2732 3076 2785 καὶ
3103 2730 3195 2784 τὸν
3221 2727 3456 2800 Χριστὸν
3484 2726 3615 2798 πρὸς

2046 2823 2125 2894 τῷ
2156 2822 2331 2895 καιρῷ
2374 2823 2664 2893 γενόμενον
2695 2821 2789 2877 τοῦ
2831 2823 3034 2886 πάθους
3070 2821 3131 2875 ’ὠ
3152 2861 3168 2885 ,
3209 2839 3228 2873 ι
3251 2819 3613 2890 Ἀπέστρεψας

2046 2915 2108 2969 τδ
2143 2914 2432 2987 πρόσωπόν
2471 2931 2567 2968 σου
2591 2952 2608 2980 ,
2654 2914 2750 2969 καὶ
2812 2911 3076 2985 ἐγενήθην
3115 2909 3516 2983 τεταραγμένος
3538 2950 3554 2975 ,
3587 2929 3606 2960 ι

2047 3008 2148 3061 οὐκ
2184 3007 2330 3060 ἐστιν
2390 3006 2622 3071 ἄτοπον,
2666 3005 2852 3079 ὥσπερ
2905 3006 3001 3060 καὶ
3054 3007 3111 3058 ὲν
3168 3004 3249 3075 τῷ
3281 3002 3608 3074 Εὐαγγελίῳ,

2048 3101 2180 3155 ὅπου
2215 3100 2313 3170 μέν
2341 3116 2499 3170 φησι·
2540 3118 2560 3151 s
2595 3098 2698 3154 Θεέ
2729 3117 2828 3171 μου
2854 3139 2869 3165 ,
2894 3098 2994 3152 Θεέ
3022 3115 3121 3168 μου
3146 3137 3161 3160 ,
3193 3098 3280 3152 ἵνα
3316 3098 3369 3150 τί
3414 3113 3483 3167 με
3524 3098 3610 3164 ἐγ-

2047 3190 2335 3255 κατέλιπες
2366 3206 2382 3257 ;
2421 3211 2441 3243 ι
2481 3192 2615 3245 ὅπου
2658 3192 2749 3257 δὲ,
2802 3211 2821 3242 s
2853 3187 2965 3244 Νῦν
2993 3193 3027 3262 ὴ
3059 3190 3202 3262 ψυχή
3241 3207 3343 3261 μου
3386 3190 3610 3261 τετάρα-

2047 3302 2192 3339 κται.
2231 3302 2251 3335 ι

2121 3375 2231 3429 Τοῦ
2257 3372 2465 3429 αὑτοῦ.
2505 3374 2679 3429 Τοῦτο
2713 3373 2776 3428 τὸ
2814 3374 3104 3447 πρόσωπον
3146 3374 3256 3444 (49)
3299 3377 3351 3427 οι
3395 3374 3607 3443 ἄγγελοι

2048 3465 2302 3538 βλέπουσι
2338 3464 2647 3530 διαπαντός.
2684 3465 2747 3519 El
2778 3463 2837 3518 δὲ
2868 3465 3007 3521 κατὰ
3047 3466 3145 3536 τὴν
3179 3465 3349 3537 σοφὴν
3381 3468 3609 3534 γυναῖκα

2043 3559 2144 3629 τὴν
2184 3557 2487 3612 Θεκωῖτίδα
2534 3557 2587 3611 οἱ
2641 3556 2862 3626 ἄγγελοι
2914 3558 3090 3611 πάντα
3144 3557 3315 3611 οἴδασι
3377 3557 3449 3612 τά.
3519 3556 3607 3609 ἐπὶ

2043 3648 2170 3718 γῆς,
2222 3647 2285 3702 τὸ
2335 3648 2624 3719 πρόσωπον
2665 3646 2759 3702 τοῦ
2819 3646 2957 3701 Θεοῦ
3016 3650 3068 3701 οἱ
3121 3648 3269 3716 λόγοι
3334 3648 3444 3701 εἰσὶ
3501 3646 3605 3699 τῶν

2043 3741 2138 3793 ἐπὶ
2161 3739 2284 3809 γῆς,
2311 3740 2362 3793 ol
2388 3737 2879 3810 χαρακτηρίξοντες
2919 3737 3010 3805 τὸν
3040 3737 3423 3809 δημιουργικὸν
3444 3735 3604 3793 αὐτοῦ

2043 3830 2221 3899 λόγον.

2115 3922 2271 3990 Πρὸς
2293 3920 2386 3985 σὲ,
2409 3921 2601 3989 Κύριε,
2627 3918 3003 3988 κεκράξομαι,
3028 3918 3123 3972 καὶ
3154 3917 3305 3986 πρὸς
3331 3918 3437 3972 τὸν
3463 3917 3605 3972 Θεόν

2036 4030 2157 4082 μου
2196 4011 2581 4080 δεηθήσομαι.
2615 4010 2713 4075 Τις
2749 4008 3007 4078 ὠφέλεια
3031 4009 3101 4062 ἐν
3136 4006 3216 4073 τῷ
3256 4008 3460 4079 αἵματί
3485 4023 3604 4072 μου

2040 4103 2111 4157 ὲν
2138 4101 2217 4169 τῷ
2246 4101 2571 4169 καταϐῆναι
2588 4119 2665 4173 με
2691 4103 2777 4169 εις
2799 4101 3148 4171 διαφθορὰν,
3170 4118 3225 4154 κ.
3251 4116 3305 4155 τ.
3331 4100 3378 4152 ὲ.
3402 4099 3605 4169 Κράζει

2040 4192 2213 4250 ταῦτα
2244 4193 2360 4265 (50)
2393 4195 2487 4248 καὶ
2531 4196 2561 4249 6
2601 4194 2670 4248 τὰ
2700 4192 2998 4264 ἐπουράνια
3044 4192 3181 4263 μόνα
3210 4190 3412 4246 ποθῶν.
3440 4190 3507 4243 Τί
3538 4206 3604 4260 με

2039 4286 2155 4351 δεῖ,
2202 4286 2400 4356 φησὶν,
2431 4285 2669 4339 εὖεκτεῖν
2716 4288 2774 4339 ὲν
2817 4286 3046 4355 αἵματος
3096 4282 3292 4355 πλήθει
3334 4283 3395 4336 τὸ
3424 4282 3601 4352 σῶμα.

377 4384 598 4430 maneat
628 4370 807 4427 futura
835 4385 901 4426 ex
948 4381 1128 4426 morte
1167 4371 1491 4441 corruptio?
1520 4372 1601 4426 An
1624 4384 1730 4425 non
1756 4371 1936 4441 potius

2048 4376 2488 4449 προσδοκωμένης
2515 4394 2603 4446 μοι
2632 4375 2732 4446 τῆς
2754 4377 2817 4428 ὲκ
2831 4374 2924 4428 τοῦ
2948 4373 3177 4429 θανάτου
3200 4371 3440 4442 φθορᾶςς
3468 4368 3602 4424 Ἀλλ’

375 4465 752 4536 castigandum
811 4472 915 4526 est,
969 4476 1035 4517 ne
1108 4464 1328 4533 sanguis
1384 4461 1743 4518 eﬂ‘ervescens
1781 4477 1941 4517 occa-

376 4558 587 4614 sionem
646 4554 905 4626 peccandi
940 4553 1221 4623 praebeat?

445 4647 725 4719 Ejusdem.
769 4646 970 4703 Videtis
1000 4661 1100 4702 nos
1128 4644 1262 4700 nihil
1289 4645 1526 4713 pretioso
1560 4645 1694 4715 ejus,
1718 4660 1825 4715 quo
1852 4660 1936 4700 re-

374 4741 579 4809 dempti
601 4753 813 4806 sumus,
855 4737 1122 4808 sanguine
1144 4736 1366 4806 dignum
1395 4751 1581 4806 agere,
1613 4738 1729 4791 haec
1752 4738 1938 4791 Salva-

374 4843 463 4889 tor
482 4834 576 4889 ait.
600 4832 736 4888 Cum
764 4831 911 4887 enim
941 4828 1182 4885 nonnulli
1212 4843 1307 4898 pro
1329 4829 1523 4897 quibus
1549 4837 1799 4885 mortuus
1830 4837 1935 4894 est,

375 4925 431 4981 in
456 4932 678 4993 peccato
708 4933 764 4979 et
792 4924 1069 4994 impietate
1091 4931 1461 4992 permaneant,
1482 4920 1683 4975 frustra
1713 4921 1936 4975 descen-

375 5018 522 5071 disse
555 5016 610 5071 in
642 5017 1068 5082 corruptionem,
1117 5028 1174 5070 et
1217 5013 1534 5081 sanguinem
1576 5009 1830 5065 cll'udisse
1862 5013 1935 5065 vi-

444 5158 491 5193 “
517 5154 709 5213 Matth.
738 5172 903 5221 xxv",
931 5154 1020 5210 46.
1097 5154 1142 5186 ’³
1177 5152 1332 5209 Joan.
1378 5168 1476 5219 xu,
1504 5151 1597 5205 9.7.

443 5290 561 5362 (Π)
601 5291 818 5362 Ἄλλος
843 5287 910 5342 δέ
936 5300 1145 5357 φησιν,
1183 5294 1289 5340 etc.
1320 5284 1499 5340 Codex
1543 5280 1930 5351 Baroccianus,

371 5359 573 5421 Catena
599 5359 842 5414 Barbari.

446 5430 560 5509 (illi)
598 5430 804 5509 Αέϊειν
833 5428 921 5509 δέ,
950 5436 1068 5509 etc:
1083 5424 1265 5481 Codex
1295 5422 1678 5509 Baroccianus.

446 5492 558 5573 (49")
602 5492 781 5553 Τοῦτο
823 5492 1298 5573 ινδ-προσωρίσθη,
1345 5503 1450 5551 etc.
1501 5493 1684 5550 Codex
1735 5492 1930 5550 Coisli-

374 5566 569 5628 nianus
593 5580 647 5623 et
677 5569 884 5624 schedia
908 5566 1118 5624 Grabii.

441 5642 554 5709 (50)
593 5637 795 5707 KpdCst
817 5637 1021 5704 ταῦτα,
1057 5650 1163 5693 etc.
1191 5635 1410 5706 Origeni
1443 5635 1687 5692 tribuunt
1711 5633 1925 5693 scheda:

2034 4469 2097 4522 οὐ
2132 4467 2327 4539 μᾶλλον
2359 4468 2697 4532 ὑπωπιάζειν
2728 4466 2790 4520 τὸ
2822 4466 3015 4536 σῶμα,
3066 4466 3260 4537 μήπως
3301 4462 3604 4534 ὑπερζέων

2034 4558 2096 4612 τὸ
2126 4553 2268 4630 αἷμα
2299 4559 2433 4629 πρὸς
2460 4558 2737 4629 ἁμαρτίαν
2764 4559 2964 4629 κινήσῃ
2990 4574 3005 4623 ἱ

2110 4650 2222 4706 Τοῦ
2246 4649 2452 4706 αὑτοῦ.
2496 4649 2667 4721 Ὁρῶν
2699 4648 2862 4721 μηδὲν
2895 4648 3044 4713 ἄξιον
3074 4646 3184 4716 (51)
3211 4647 3361 4717 ἡμᾶς
3392 4642 3603 4699 ποιοῦν-

2035 4759 2134 4806 τας
2165 4740 2260 4795 τοῦ
2281 4742 2463 4812 τιμίου
2493 4741 2741 4813 αἵματος,
2771 4734 2832 4794 οὗ
2865 4738 3270 4811 ἠγοράσθημεν,
3297 4736 3471 4791 ταῦτά
3502 4753 3602 4807 qm-

2043 4848 2127 4887 σιν
2146 4834 2175 4886 6
2204 4833 2411 4905 Σωτήρ.
2450 4832 2668 4904 Ἐπειδὴ
2696 4832 2805 4904 γάρ
2833 4849 2975 4894 τινες
3005 4830 3115 4885 τῶν
3140 4830 3279 4902 ὑπὲρ
3303 4822 3379 4884 ὧν
3401 4827 3598 4884 ἀπέθα-

2041 4941 2163 4991 νεν,
2196 4924 2512 4995 ἐπιμένουσι
2551 4924 2719 4996 κακίᾳ
2765 4924 2859 4977 καὶ
2896 4923 3214 4995 δυσσεϐείᾳ,
3240 4920 3415 4987 ἔδοξεν
3458 4922 3493 4991 ἡ
3524 4920 3598 4984 είς

2036 5014 2456 5086 τὴνδιαφθοραν
2482 5014 2576 5070 τοῦ
2611 5014 2861 5087 Σωτῆρος
2894 5013 3117 5079 κάθοδος
3145 5052 3161 5078 ,
3185 5014 3280 5070 καὶ
3307 5016 3343 5085 ἠ
3389 5013 3598 5085 ἔκχυσις

2039 5288 2250 5353 Grabii,
2279 5285 2374 5343 sed
2410 5298 2603 5343 vereor
2631 5299 2699 5339 ne
2726 5284 2856 5354 quid
2871 5298 2947 5354 _cx
2983 5281 3180 5338 Basilio
3218 5281 3306 5354 hic
3336 5274 3595 5354 insertum

2038 5351 2245 5414 fuerit}
2276 5356 2378 5412 nisi
2437 5355 2592 5410 malis
2637 5351 2819 5409 dicere
2868 5352 3126 5407 Basilium
3160 5368 3227 5408 ex
3272 5351 3505 5421 Origene
3535 5368 3594 5404 ea

2035 5443 2159 5485 eSse
2191 5435 2515 5482 mutuatum.
2551 5422 2681 5479 Vide
2712 5422 2936 5478 Barbari
2963 5423 3246 5478 Catenam.

2104 5518 2220 5590 (51)
2269 5514 2673 5590 Ὁρῶν-μηδὲν
2701 5512 2895 5590 ᾷξεον,
2937 5525 3046 5571 etc.
3091 5515 3293 5570 Catena
3329 5511 3591 5579 Corderii,

2031 5600 2087 5647 et
2112 5584 2288 5646 codex
2312 5584 2679 5644 Coislinianus
2711 5584 2833 5642 189.
