4020 6152
443 311 581 366 1297

1456 305 1765 362 SELECTA
1804 305 1871 362 IN
1908 303 2244 360 PSALMOS.
2282 336 2329 348 —
2381 304 2570 359 PSAL.
2612 300 2778 358 XXX.

3548 301 3684 359 1298

438 425 536 480 τοῦ
563 426 790 495 αἵματος
819 422 983 478 αὐτοῦ
1020 424 1197 498 μάτην
1235 424 1582 494 γεγενῆσθαι.
1626 423 1937 495 Διαφθορὰν
1971 422 2017 477 δὲ

2127 422 2304 480 detur.
2336 423 2747 493 Corruptionem
2782 429 2966 477 autem
3001 428 3159 476 vocat
3203 429 3453 477 naturam
3502 424 3687 476 carnis

438 519 587 586 λέγει
614 515 713 586 τὴν
743 515 907 585 φύσιν
938 516 1037 587 τῆς
1066 515 1288 588 σαρκὸς,
1321 515 1389 586 ἧν
1421 517 1712 579 ἐνδέδυται,
1743 515 1778 588 ἢ
1807 517 1899 570 τὸν
1927 516 2023 571 θά-

439 623 599 666 νατον
635 607 716 669 εἰς
743 605 802 660 ὃν
825 605 1080 675 ἔφθασεν.
1128 607 1304 678 Ἐρεῖς
1346 606 1435 670 δὲ,
1469 609 1550 662 ὅτι
1573 607 1776 678 κατέϐη
1815 607 1912 677 μὲν
1941 608 2024 672 εἰς

437 697 754 769 διαφθορὰν,
797 698 898 751 ούκ
951 697 1111 753 ἔλαϐε
1162 699 1219 753 δὲ
1255 699 1361 753 ἀπὸ
1408 699 1501 753 τοῦ
1546 699 1683 753 Θεοῦ
1725 699 1849 753 ἰδεῖν
1903 698 2021 753 δια-

438 790 665 862 φθοράν.
723 809 742 844 ι
791 791 884 862 Μὴ
934 791 1387 864 ἐξομολογήσεται
1430 809 1513 846 σοι
1559 792 1731 863 χοῦ;;
1777 793 1811 864 ἧ
1857 792 2022 862 ἀναγ-

437 882 588 950 γελεῖ
607 881 707 954 τὴν
732 881 990 953 ἀλήθειάν
1019 899 1112 935 σου
1139 900 1154 948 ;
1191 903 1209 936 ι
1253 883 1311 937 Ὀ
1334 883 1421 937 διά
1447 882 1542 938 τοῦ
1570 885 1638 939 τά
1663 883 1822 937 ύλικά
1849 884 2022 955 πράτο

436 990 573 1036 τειν,
599 975 694 1028 καὶ
725 976 940 1044 φρονεῖν
961 973 1032 1027 τὰ
1055 975 1290 1044 ἐπίγεια,
1320 974 1450 1046 χοῦς
1479 974 1739 1045 γεγονὼς,
1771 973 1866 1029 καὶ
1897 976 2018 1028 ἐπι-

443 1062 623 1134 μένων
655 1065 721 1136 τῇ
749 1063 996 1136 ἁμαρτία
1015 1103 1030 1130 ,
1061 1065 1168 1118 οὐδ’
1203 1065 1656 1138 ἐξομολογήσεται
1686 1065 1764 1138 τῷ
1804 1062 1955 1134 Θεῷ,
1983 1065 2018 1137 ἢ

440 1153 732 1223 ἀναγγελεῖ
759 1153 855 1225 τὴν
877 1153 1134 1224 ἀλήθειαν
1157 1153 1342 1220 αὑτοῦ,
1368 1154 1462 1208 καὶ
1489 1153 1554 1206 δι’
1580 1153 1727 1224 ἠθῶν
1759 1153 1852 1206 καὶ
1879 1149 2020 1222 γνώο

442 1260 582 1308 σεως
612 1244 968 1316 ἐσφαλμένος.
1004 1245 1064 1298 Ὁ
1094 1246 1202 1318 γάρ
1241 1245 1380 1316 ἔχων
1407 1246 1506 1318 τὴν
1549 1247 1732 1301 εἰκόνα
1775 1245 1870 1300 τοῦ
1903 1251 2018 1318 χοῖ-
2057 1237 2060 1241 ’

440 1332 565 1394 κοῦ,
597 1332 675 1404 τῷ
703 1331 840 1389 εἶναι
875 1337 932 1388 ἐν
957 1338 1144 1408 σαρκὶ,
1178 1339 1270 1390 καὶ
1295 1337 1370 1410 μὴ
1403 1337 1695 1408 πνεύματι,
1723 1338 1851 1408 χοῦς
1879 1339 2018 1404 ἐστι,

441 1426 537 1479 καὶ
561 1428 618 1479 ἐν
648 1426 751 1502 ᾄδῃ
777 1429 892 1482 ἐστί
911 1445 925 1460 ο
957 1429 1036 1482 διὸ
1063 1429 1182 1483 οὐδὲ
1203 1429 1650 1501 ἐξομολογήσεται
1679 1429 1758 1501 τῷ
1781 1429 1919 1500 Θεῷ.
1961 1431 2020 1484 '0

441 1517 497 1570 δέ
544 1517 888 1588 ἀναγγέλλων
929 1520 1025 1592 τὴν
1064 1521 1320 1592 ἀλήθειαν
1348 1521 1444 1574 τοῦ
1474 1520 1631 1586 Θεοῦ,
1664 1521 1885 1592 ταχθεὶς
1926 1521 2018 1574 ὑπ’

441 1609 607 1663 αύτοῦ
641 1611 975 1677 διδάσκαλος,
1007 1613 1105 1667 ούκ
1139 1615 1205 1667 ἂν
1233 1613 1318 1684 εἴη
1362 1613 1518 1685 χοῦς·
1551 1613 1888 1684 κολλώμενος
1912 1614 2020 1686 γὰρ

447 1702 518 1773 τῷ
554 1704 766 1775 Κυρίῳ,
791 1704 850 1758 ἓν
884 1706 1101 1776 πνεῦμά
1141 1708 1307 1760 ἐστιν.
1363 1705 1522 1758 Ἀλλά
1549 1707 1652 1759 κᾶν
1692 1705 1821 1776 χοῦς
1848 1722 1932 1768 τις
1959 1702 2016 1780 ᾖ,

2126 530 2284 586 quam
2343 515 2538 581 induit,
2571 516 2654 571 vel
2685 525 2941 578 mortem,
2985 527 3145 582 quam
3182 515 3438 584 suscepit.
3487 512 3684 569 Verum

2124 609 2272 662 dices
2321 606 2664 663 descendisse
2713 622 2836 661 eum
2865 606 3083 675 quidem
3139 606 3192 660 in
3237 607 3682 674 corruptionem,

2122 696 2284 770 643
2319 710 2376 752 at
2404 715 2507 753 non
2531 699 2806 760 accepisse
2833 711 2864 752 a
2901 697 3010 752 Deo
3032 697 3217 753 videre
3259 697 3682 765 corruptionem.

2127 807 2145 841 ι
2178 788 2432 858 Nunquid
2460 787 2810 842 conﬁtebitur
2860 787 2956 844 tibi
2993 787 3190 858 pulvis,
3230 785 3686 842 autannuntiabE-t

2121 879 2403 933 veritatem
2430 878 2618 933 tuam?
2647 897 2667 931 ι
2701 877 2803 946 Qui
2831 891 2897 932 eo
2929 882 3073 946 quod
3107 875 3412 932 materialia
3447 885 3684 941 tractet,

2118 981 2177 1030 et
2211 983 2421 1027 terrena
2447 973 2642 1040 sapiat,
2676 970 2851 1041 pulvis
2880 969 3102 1026 eﬂ‘ectus
3125 981 3236 1038 est,
3267 980 3321 1026 et
3376 973 3428 1026 in
3461 980 3684 1040 peccato

2120 1071 2420 1130 permanet,
2450 1064 2495 1118 is
2524 1077 2699 1133 neque
2739 1063 3082 1118 conﬁtebitur
3103 1061 3235 1127 Deo,
3267 1077 3440 1133 neque
3471 1078 3681 1118 annun-

2120 1153 2275 1208 tiabit
2303 1152 2590 1208 veritatem
2628 1153 2772 1224 ejus,
2799 1163 2986 1224 utpote
3015 1155 3256 1208 moribus
3282 1163 3337 1209 et
3375 1154 3684 1224 cognitione

2120 1244 2405 1300 aberrans.
2441 1243 2542 1310 Qui
2573 1245 2718 1300 enim
2768 1245 2821 1300 in
2855 1259 3022 1300 carne
3060 1258 3114 1300 et
3142 1261 3249 1300 non
3273 1247 3326 1298 in
3350 1245 3542 1316 spiritu
3569 1261 3684 1300 am-

2119 1335 2358 1392 bulando
2391 1337 2591 1393 terreni
2624 1337 2912 1408 imaginem
2937 1338 3097 1407 gerit,
3132 1339 3176 1392 is
3202 1337 3396 1408 pulvis,
3423 1347 3479 1392 et
3509 1337 3561 1393 in
3595 1339 3683 1393 in-

2123 1420 2275 1483 ferno
2303 1435 2416 1494 est;
2463 1428 2808 1496 quamobrem
2844 1443 2950 1482 non
2995 1429 3343 1484 conﬁtebitur
3389 1427 3521 1483 Deo.
3578 1430 3681 1496 Qui

2119 1527 2295 1572 autem
2335 1520 2621 1572 annuntiat
2647 1519 2930 1574 veritatem
2963 1519 3080 1584 Dei,
3113 1529 3414 1590 praeceptor
3461 1521 3531 1575 ab
3566 1523 3684 1590 ipso

2119 1609 2464 1674 constitutus,
2501 1609 2546 1664 is
2587 1619 2805 1663 nonest
2835 1610 3035 1680 pulvis.
3075 1611 3376 1665 Adhauens
3413 1611 3554 1666 enim
3580 1609 3685 1666 Do-

2119 1703 2289 1770 mino,
2322 1717 2461 1756 unus
2506 1717 2627 1756 cum
2655 1715 2720 1758 eo
2751 1703 2973 1772 Spiritus
3004 1712 3109 1756 est.
3150 1704 3220 1757 At
3271 1703 3316 1756 si
3363 1704 3486 1771 quis
3521 1702 3684 1757 fuerit

449 1795 537 1848 ιιαί
582 1794 763 1866 φορῶν
803 1796 901 1868 τὴν
949 1797 1136 1852 εἰκόνα
1179 1793 1272 1852 τοῦ
1321 1793 1540 1868 χοϊκοῦ,
1573 1798 1678 1851 οὐκ
1707 1797 1774 1852 ἂν
1805 1787 2017 1852 δύναιτο

2120 1793 2313 1863 pulvis,
2352 1801 2410 1848 et
2431 1791 2720 1863 imaginem
2752 1793 2950 1847 terreni
2985 1792 3321 1861 portaverit,
3355 1791 3403 1846 is
3442 1807 3550 1848 non
3580 1809 3684 1862 po-

439 1885 787 1954 ἀναγγέλλειν
814 1887 913 1960 τὴν
942 1889 1200 1961 ἀλήθειαν
1222 1888 1316 1942 τοῦ
1343 1885 1502 1943 Θεοῦ.

530 1975 639 2033 Τοῦ
680 1978 886 2034 αὐτοῦ.
936 1981 1012 2034 Ού
1067 1980 1278 2048 δοξάσει
1319 1982 1461 2050 (52)
1510 1979 1709 2052 χοϊκός.
1771 1978 2018 2052 Ἀλήθεια

437 2069 468 2122 6
505 2071 772 2142 Χριστός·
817 2073 851 2144 ἢ
893 2075 1033 2146 τάχα
1074 2074 1174 2144 τὴν
1229 2077 1290 2130 ἐν
1339 2075 1629 2148 πράγμασι
1689 2076 1836 2145 λέγει
1887 2077 2019 2150 ἀλή-

442 2158 614 2214 θειαν.

516 2255 772 2310 Ἤκουσε
811 2256 1054 2325 Κύριος,
1101 2258 1199 2310 καί
1243 2257 1475 2327 ἠλέησέ
1505 2277 1601 2329 με.
1649 2261 1863 2329 Κύριος
1893 2261 2019 2330 ἐγε-

439 2343 593 2413 νήθη
627 2346 857 2414 βοηθός
882 2366 1032 2415 μου,
1069 2367 1124 2403 κ.
1159 2368 1209 2403 τ.
1241 2352 1288 2406 ἐ.
1329 2352 1490 2420 Λέγοι
1528 2352 1572 2404 δ’
1606 2353 1674 2406 ἂν
1703 2354 1875 2407 ταῦτα
1905 2353 2018 2425 (5'5)

440 2439 536 2489 καὶ
569 2438 598 2491 6
629 2437 820 2509 Σωτὴρ
859 2440 1231 2506 εἰσακουσθεὶς
1270 2443 1397 2514 περὶ
1438 2442 1544 2497 τῶν
1580 2444 1908 2499 κοινωνικῶν
1943 2445 2020 2508 ὡς

437 2524 504 2579 δι’
529 2527 693 2582 αὑτοῦ
729 2529 1026 2599 μελλόντων
1059 2533 1496 2603 ἐξομολογεῖσθαι
1528 2536 1605 2608 τῷ
1638 2536 1788 2606 Θεῷ,
1821 2537 1904 2605 ἐφ’
1937 2531 2018 2600 οἷς

440 2619 859 2692 εὐφραινόμενος
879 2639 1038 2692 φησιν
1061 2640 1078 2656 ο
1112 2625 1186 2678 Ού
1219 2625 1294 2698 μὴ
1322 2625 1566 2697 λυπηθῶ,
1589 2627 1764 2700 (τοῦτο
1798 2627 1908 2698 γὰρ
1935 2627 2015 2692 τὸ,

445 2729 464 2760 ι
500 2710 574 2764 Ού
611 2710 686 2782 μὴ
722 2714 1041 2783 κατανυγῶ·
1077 2715 1125 2786 ι)
1165 2716 1264 2787 τὴν
1314 2719 1452 2790 ἐμὴν
1501 2719 1660 2784 δόξαν
1708 2718 2010 2774 ἀπολαϐών.

451 2801 740 2872 Ἦλεῆσθαι
791 2802 847 2856 δέ
897 2803 1044 2873 λέγει
1098 2805 1340 2878 ἐλεηθείς
1402 2808 1510 2862 τῶν
1563 2809 1720 2881 ἡμῶν
1744 2849 1759 2874 ,
1811 2810 1905 2864 καί⁹
1956 2809 2018 2863 τὸ

440 2893 570 2964 περὶ
596 2893 753 2964 ἡμῶν
785 2895 977 2961 πένθος
1028 2898 1124 2951 καὶ
1165 2899 1394 2954 κοπετὸν
1427 2901 1507 2963 εἰς
1547 2901 1885 2973 εὐφροσύνην
1919 2918 2017 2972 με·

439 2984 704 3039 τιϐαλών.
747 2987 856 3040 Καὶ
885 2987 978 3041 ἐπὶ
1015 2991 1082 3060 τῇ
1128 2989 1236 3043 τῶν
1273 2991 1594 3062 σωζομένων
1640 2994 1885 3066 σωτηρίᾳ
1913 3013 2018 3066 φη-

441 3075 526 3129 σιν
545 3091 561 3107 ·
608 3094 627 3129 ι
668 3076 839 3151 Κύριε
867 3079 897 3131 6
925 3079 1058 3144 Θεός
1088 3097 1222 3151 μου,
1252 3084 1330 3147 εἰς
1362 3083 1454 3138 τὸν
1491 3084 1660 3138 αἰῶνα
1692 3085 2014 3157 ἐξομολογή-

444 3165 607 3238 σομαε
647 3185 750 3223 σοι.
771 3188 793 3224 ι

516 3262 859 3331 Ἕστρεψας
904 3263 1011 3318 τὸν
1050 3268 1311 3320 κοπετόν
1344 3283 1464 3336 μου
1503 3269 1593 3334 εἰς
1635 3268 1828 3337 χαρὰν
1864 3269 2014 3338 ἐμοὶ,

439 3366 494 3402 κ.
524 3367 575 3405 τ.
610 3351 658 3405 ἐ.
692 3353 900 3426 Ὠσπερ
923 3359 1016 3408 τὸν
1058 3357 1226 3410 κόπον
1250 3357 1363 3427 (54)
1411 3358 1624 3429 δέχεται
1667 3359 1845 3431 χαρὰ,
1875 3361 2017 3414 οὕτω

440 3442 536 3496 καὶ
557 3444 656 3516 τὴν
676 3446 987 3518 πρακτικὴν
1016 3447 1216 3517 γνῶσις
1247 3449 1404 3504 Θεοῦ.

1032 3672 1324 3729 ΨΑΛΜΟΣ
1354 3676 1434 3728 A'.

521 3766 655 3823 Ἔπί
682 3772 786 3830 σοι
808 3807 824 3833 ,
855 3767 1032 3834 Κύριε
1051 3805 1066 3828 ,
1100 3766 1365 3834 ἤλπισα,
1393 3767 1480 3835 μὴ
1507 3771 2015 3838 καταισχυνθείην

439 3862 525 3926 εἰς
549 3861 656 3914 τὸν
693 3859 910 3918 αἰῶνα.
947 3857 1018 3911 ἐν
1052 3857 1126 3928 τῇ
1157 3857 1516 3927 δικαιοσύνῃ
1559 3873 1676 3912 σου
1707 3861 1896 3926 ῥῦσαί
1937 3881 2015 3934 με

443 3953 543 4006 καὶ
561 3950 778 4017 ἐξελοῦ
800 3966 898 4021 με,
920 3969 976 4005 κ.
1000 3969 1052 4006 τ.
1087 3952 1134 4005 ἐ.
1179 3951 1323 4006 Ὠσεὶ
1353 3951 1506 4020 ἔλεγε
1533 3951 1645 4021 (55)
1663 3969 1675 3981 ·
1713 3953 1892 4023 Μηδὲν
1918 3955 2011 4008 τοῦ

442 4044 634 4108 αἰῶνος
664 4045 826 4115 μέρος
855 4043 1338 4114 καταισχυνθείην,
1371 4043 1485 4098 ἀλλ’
1521 4045 1604 4112 ἐφ’
1636 4045 1755 4099 ὅλον
1783 4044 2011 4100 ἀνεπαί-

446 4151 667 4205 σχυντος
699 4135 956 4206 γενοίμην
977 4151 991 4166 °
1037 4134 1180 4198 τινὲς
1211 4134 1318 4206 γὰρ
1375 4135 1474 4205 μὲν
1501 4135 1893 4206 ἀναστήσονται
1931 4139 2013 4200 εἰς

443 4225 741 4294 ὀνειδισμὸν
786 4226 882 4279 καί
923 4225 1203 4297 αἰσχύνην.
1263 4225 1336 4278 Τὸ
1393 4225 1451 4278 δὲ
1512 4225 1641 4297 ἐξῆς
1695 4227 2010 4291 πεποιθότος

2119 1887 2243 1941 terit
2267 1888 2596 1942 annuntiare
2621 1884 2903 1941 veritatem
2939 1885 3056 1938 Dei.

2191 1978 2464 2050 Ejusdem.
2499 1978 2614 2033 Non
2641 1977 2965 2049 gloriticabit
2993 1987 3263 2032 terrenus.
3291 1977 3502 2034 Veritas
3524 1979 3686 2034 Chri-

2118 2086 2233 2127 snus
2273 2083 2386 2140 est;
2415 2071 2498 2126 vel
2519 2071 2658 2126 forte
2685 2085 2804 2124 eam
2827 2083 2944 2138 qua:
2976 2069 3029 2121 in
3057 2069 3216 2124 rebus
3247 2079 3352 2134 est,
3394 2071 3682 2126 veritatem

2118 2167 2271 2220 dicit.

2196 2253 2355 2308 Vens.
2383 2255 2468 2310 ll.
2500 2254 2716 2309 Audiuit
2757 2253 3014 2307 Dominus
3061 2261 3111 2306 et
3149 2251 3398 2306 misertus
3444 2262 3522 2306 est
3555 2253 3680 2308 mei.

2120 2347 2376 2402 Dominus
2405 2347 2575 2414 factus
2615 2357 2690 2400 est
2735 2347 2953 2413 adjutor
2993 2361 3159 2409 meus,
3191 2355 3298 2398 etc.
3330 2343 3453 2399 Hinc
3482 2344 3681 2399 dixerit

2118 2443 2280 2494 etiam
2321 2439 2570 2496 Salvator
2592 2440 2886 2495 exauditus
2931 2453 3030 2508 pro
3067 2437 3231 2493 sociis
3261 2439 3350 2506 qui
3383 2452 3481 2506 per
3508 2440 3677 2508 ipsum

2119 2533 2322 2599 gratius
2374 2532 2547 2588 acturi
2595 2542 2750 2588 erant
2797 2531 2928 2596 Deo,
2980 2545 3087 2599 qua
3127 2531 3195 2583 de
3221 2545 3278 2584 re
3309 2529 3515 2584 laetatus
3551 2531 3673 2589 ait:

2119 2623 2234 2677 Non
2265 2624 2575 2694 angat-(hoc
2601 2623 2744 2678 enim
2773 2623 2874 2678 sibi
2907 2621 3039 2688 vult,
3069 2639 3088 2674 ι
3111 2620 3230 2676 Non
3255 2636 3588 2693 compungar
3607 2620 3676 2693 ι),

2119 2731 2240 2770 cmn
2277 2731 2452 2771 meam
2478 2715 2702 2786 gloriam
2733 2730 3012 2783 recepero.
3058 2713 3334 2770 Misenum
3367 2724 3549 2769 autem
3591 2715 3679 2770 sui

2119 2809 2286 2862 Deum
2315 2821 2436 2863 esse
2473 2807 2607 2864 dicit
2635 2808 2852 2878 quando
2905 2807 3019 2877 ipse
3063 2808 3318 2862 misertus
3366 2816 3450 2862 est
3478 2807 3678 2872 nostri,

2117 2911 2172 2954 et
2193 2901 2392 2956 luctum
2423 2909 2480 2955 et
2527 2899 2806 2968 planctum
2837 2913 2992 2954 suum
3024 2913 3121 2968 pro
3158 2899 3317 2954 nobis
3349 2898 3401 2952 in
3427 2897 3679 2968 gaudium

2118 2991 2409 3050 convertit.
2439 2992 2578 3058 Quin
2604 3002 2658 3047 et
2682 2991 2754 3048 ob
2789 3006 2980 3047 eorum
3007 2993 3099 3062 qui
3136 2991 3418 3048 salvantur
3443 2991 3675 3047 salutem

2120 3086 2196 3137 ait
2224 3082 2400 3154 (Vera.
2429 3084 2520 3156 15)
2553 3105 2568 3141 :
2610 3103 2630 3136 ι
2660 3084 2889 3140 Domine
2922 3085 3063 3140 Deus
3092 3098 3266 3151 meus,
3310 3085 3364 3139 in
3415 3095 3678 3142 zelernum

2119 3178 2421 3230 conlitebor
2454 3177 2568 3232 tibi.
2603 3196 2622 3229 ι

2195 3267 2464 3326 “5:13.42.
2496 3267 3096 3338 Convertistiplanctum
3130 3286 3300 3324 meum
3341 3272 3399 3325 in
3427 3272 3678 3342 gaudium

2117 3358 2266 3425 mihi,
2296 3371 2402 3413 etc.
2441 3360 2906 3426 Quemadmodum
2930 3364 3206 3432 planctum
3241 3364 3441 3432 excipit
3469 3363 3678 3429 latitia,

2117 3451 2191 3506 ita
2217 3455 2485 3508 actionem
2522 3455 2764 3524 cognitio
2799 3454 2920 3510 Dei.

2648 3679 2964 3737 PSALMUS
3000 3678 3173 3734 XXX.

2190 3779 2355 3832 Vens.
2385 3778 2439 3832 2.
2474 3776 2538 3830 In
2572 3787 2640 3832 te.
2678 3775 2916 3836 Domine,
2946 3773 3174 3838 speravi,
3230 3785 3331 3822 non
3381 3770 3679 3837 confundor

2115 3871 2169 3922 in
2198 3883 2469 3933 a'ternum,
2509 3869 2564 3921 in
2600 3866 2816 3935 justitia
2855 3874 2948 3917 tua
2987 3864 3150 3915 libera
3185 3878 3264 3914 me
3303 3872 3351 3914 et
3394 3861 3537 3928 eripe
3565 3878 3675 3929 me,

2115 3970 2224 4015 etc.
2279 3958 2443 4026 Quasi
2497 3960 2683 4012 dicat:
2718 3954 2874 4009 Nulla
2907 3953 3094 4008 saeculi
3137 3963 3294 4023 parte
3341 3953 3675 4021 confundar,

2115 4050 2210 4104 sed
2237 4048 2459 4102 omnino
2497 4061 2691 4117 expers
2727 4045 2828 4099 sim
2875 4043 3205 4114 ignominiae.
3251 4042 3481 4110 Quidam
3529 4044 3675 4100 enim

2118 4143 2404 4204 resurgeut
2439 4135 2505 4188 ad
2565 4133 2915 4203 opprobrium
2967 4142 3023 4186 et
3073 4131 3464 4186 confusionem.
3519 4131 3675 4199 Quod

2117 4237 2294 4280 autem
2325 4227 2596 4296 sequitur,
2624 4239 2726 4278 vox
2754 4232 2838 4278 est
2866 4224 2968 4278 sibi
3002 4225 3345 4279 conﬁdentis.
3382 4224 3496 4280 Non
3531 4226 3676 4280 enim

443 4317 588 4370 ἐστὶν
626 4317 802 4389 ἐαυτῷ
840 4319 873 4388 ἡ
906 4321 1055 4388 φωνή
1081 4334 1095 4348 ·
1121 4318 1182 4370 οὐ
1215 4318 1323 4389 γὰρ
1352 4319 1547 4372 ταυτόν
1574 4320 1720 4372 ἐστιν
1751 4319 1884 4390 ἐλέῳ
1915 4323 2010 4388 ῥυ-

2118 4319 2258 4373 idem
2308 4327 2395 4370 est
2442 4315 2820 4372 misericordia
2877 4316 3120 4380 liberari,
3149 4331 3213 4370 ac
3243 4331 3265 4368 ι
3295 4317 3349 4370 in
3375 4316 3617 4386 justitia;
3646 4337 3669 4372 ι

441 4409 633 4479 σθῆναι
664 4409 743 4479 τῷ
781 4430 797 4462 ι
836 4412 893 4463 ἐν
931 4409 1241 4480 δικαιοσύνη
1268 4427 1282 4441 ο
1324 4428 1344 4461 ι
1387 4409 1448 4463 τὸ
1487 4410 1585 4479 μὲν
1615 4411 1722 4482 γὰρ
1759 4413 2012 4482 ἐμφαίνει

443 4501 749 4572 παρρησίαν
773 4539 789 4565 ,
829 4501 890 4554 τὸ
915 4503 972 4555 δέ
1003 4501 1065 4555 οὐ
1099 4501 1241 4556 κατά
1275 4501 1374 4571 τὴν
1402 4500 1578 4565 ἀξίαν.
1625 4502 1720 4565 Τίς
1750 4501 1806 4556 δέ
1844 4503 1953 4575 ἄρα
1983 4505 2012 4556 ὁ

441 4591 658 4664 θαρρῶν
689 4593 775 4645 ἐπ’
811 4594 1075 4665 ἀκρόασιν
1104 4594 1214 4647 τῶν
1251 4593 1442 4648 ἑαυτοῦ
1469 4593 1640 4661 λόγων
1672 4595 1887 4647 καλέσει
1919 4595 2011 4650 τὸν

440 4683 594 4744 Θεὸν,
617 4685 692 4748 ῶς
729 4687 758 4738 6
796 4685 968 4740 ταῦτα
993 4685 1202 4754 λέγων;
1237 4687 1348 4756 Οὐχ
1377 4685 1548 4749 οὕτως
1573 4687 1680 4740 ἀπὸ
1706 4687 1905 4748 πόνων,
1933 4686 2010 4749 ὡς

439 4773 549 4827 ἀπὸ
585 4776 782 4841 κακίας
830 4774 1108 4846 ταχύτατα
1149 4775 1394 4844 αἰτῃτέον
1415 4813 1430 4836 ,
1478 4775 1562 4829 ἵνα
1599 4775 1730 4838 Θεὸς
1762 4775 2008 4844 ἐξέληται

439 4867 586 4936 ἡμᾶς
639 4866 733 4921 ἀπ’
767 4867 973 4938 αὐτῆς,
1011 4867 1142 4936 πρὶν
1187 4868 1282 4921 ἐπὶ⁵
1319 4866 1498 4920 πλεῖον
1546 4869 1604 4921 ἐν
1641 4866 1777 4938 αὐτῇ
1819 4867 2005 4938 βαφῶ-

443 4971 563 5026 μεν.

511 5045 624 5102 Τοῦ
648 5047 856 5101 αὐτοῦ.
879 5046 955 5100 υύ
989 5047 1148 5118 μόνον
1172 5046 1284 5118 (56)
1313 5047 1370 5098 ἐν
1397 5048 1462 5118 τῇ
1488 5047 1802 5121 δικαιοσύνῃ
1829 5047 2016 5118 ῥύεται

439 5138 587 5208 ἡμᾶς
627 5139 657 5191 6
685 5138 850 5204 Θεὸς,
882 5138 1016 5192 ἀλλὰ
1057 5138 1166 5210 γὰρ
1214 5141 1309 5193 καὶ
1339 5141 1398 5196 ἐν
1443 5139 1766 5212 σωφροσύνῃ
1794 5140 1887 5193 καὶ
1923 5141 2016 5191 ἀν-

441 5232 597 5304 δρείᾳ
635 5235 731 5288 καί
761 5235 970 5308 ἀγάπῃ.
1015 5235 1130 5288 Νῦν
1171 5235 1230 5288 δὲ
1266 5236 1478 5290 τέθεικε
1517 5236 1616 5307 τὴν
1649 5236 2012 5305 δικαιοσύνην,

2118 4425 2241 4464 nam
2262 4410 2360 4464 ltoc
2384 4409 2583 4462 indicat
2609 4407 3012 4469 conﬁdentiam,
3041 4407 3170 4461 illud
3196 4421 3324 4461 vero
3350 4422 3456 4460 non
3482 4423 3676 4461 secun-

2114 4501 2244 4556 dum
2281 4501 2534 4554 meritum
2568 4499 2645 4554 iit.
2687 4499 2823 4566 Quis
2872 4498 3057 4567 itaque
3093 4498 3257 4552 Deum
3285 4500 3353 4552 ad
3392 4513 3675 4554 sermones

2113 4607 2242 4648 suos
2280 4591 2581 4645 audiendos
2613 4603 2807 4644 vocare
2835 4591 3055 4657 audeat,
3079 4601 3136 4644 ut
3167 4591 3210 4644 is
3241 4591 3333 4658 qui
3368 4590 3483 4645 lucc
3505 4591 3674 4645 dicit?

2115 4682 2231 4736 Non
2267 4681 2348 4736 sic
2382 4698 2412 4734 a
2455 4681 2750 4748 laboribus,
2780 4679 2923 4736 sicut
2953 4696 2983 4735 a
3026 4681 3231 4736 malitia
3260 4683 3546 4738 celerrime
3574 4696 3673 4750 pe-

2115 4771 2337 4827 tendum
2379 4782 2464 4825 est
2490 4781 2550 4824 ut
2576 4771 2719 4827 Deus
2747 4786 2848 4827 nos
2869 4771 3087 4841 eripiat,
3124 4782 3415 4844 antequam
3441 4773 3672 4830 altiusin

2111 4880 2228 4920 eam
2253 4865 2652 4934 iunuergamur.

2187 5042 2460 5111 Ejusdem.
2515 5043 2630 5100 NOII
2680 5047 2731 5100 in
2785 5045 2998 5114 justitia
3052 5055 3264 5102 tantum
3315 5047 3519 5105 liberat
3571 5065 3670 5105 nos

2113 5139 2272 5202 Deus,
2325 5140 2420 5193 sed
2450 5150 2502 5193 et
2536 5141 2586 5194 in
2636 5142 3018 5208 temperantia,
3047 5141 3100 5195 in
3136 5141 3476 5206 fortitudine,
3503 5143 3669 5216 644

2110 5231 2163 5285 in
2208 5232 2497 5286 charitate.
2534 5232 2684 5288 Nunc
2726 5245 2907 5289 autem
2937 5235 3204 5304 justitiam
3233 5238 3438 5306 posuit,
3467 5239 3666 5308 quippe

443 5326 634 5399 ἐπειδὴ
673 5329 990 5400 περιεκτική
1015 5329 1133 5382 ἐστι
1155 5328 1479 5384 πασῶνετῶν
1509 5329 1739 5400 ἀρετῶν.
1773 5329 1845 5381 Ἢ
1873 5327 2016 5398 τάχα

2118 5337 2229 5393 qua:
2253 5338 2440 5380 omnes
2477 5326 2703 5380 virtutes
2725 5326 3094 5396 amplectitur.
3133 5329 3244 5383 Aut
3282 5328 3422 5386 forte
3440 5329 3666 5398 iustitiae

511 5521 624 5599 (52)
649 5524 735 5599 ρο
764 5521 1029 5599 δοξάσει,
1058 5533 1167 5580 etc.
1200 5523 1428 5582 Scbedae
1448 5524 1658 5591 Grabii,
1699 5527 2002 5599 partimque

441 5594 606 5648 codex
640 5593 1001 5647 Coisliniattns
1023 5604 1197 5650 vetus.

513 5662 625 5734 (55)
652 5662 825 5732 Λέγοι
853 5661 904 5714 δ’
938 5663 1014 5716 ἂν
1037 5665 1242 5727 ταῦτα,
1279 5673 1386 5720 etc.
1432 5664 1656 5720 Scheda:
1679 5665 1884 5725 Grabii.
1917 5667 1999 5724 Si-

445 5734 571 5788 mile
599 5743 776 5788 autem
805 5734 1081 5798 quidpiam
1111 5735 1278 5792 habet
1299 5734 1505 5792 Catena
1532 5736 1777 5792 Barbari.

2178 5526 2290 5596 (54)
2321 5527 2540 5596 Ὥσπερ
2560 5527 2666 5581 τὸν
2689 5531 2899 5594 κόπον,
2921 5539 3028 5584 etc.
3069 5529 3291 5587 Schedte
3314 5531 3521 5590 Grabii.

2175 5597 2288 5739 255)
2325 5598 2476 5652 ’.0σεί
2511 5598 2700 5668 ἔλεγε,
2733 5612 2836 5655 etc.
2879 5601 3076 5654 Catena
3104 5600 3366 5658 Corderii.

2202 5669 2293 5739 56)
2317 5670 2397 5722 οὐ
2415 5669 2624 5737 μόνον.
2664 5671 2845 5726 Codex
2876 5671 3255 5739 Coislinianus,
3290 5675 3366 5732 sci

2202 5669 2293 5740 5ο)
2317 5670 2397 5722 οὐ
2415 5669 2624 5737 μόνον.
2664 5671 2845 5726 Codex
2876 5671 3255 5740 Coislinianus,
3290 5675 3499 5732 schedae
3523 5673 3629 5728 Cra

2108 5737 2206 5804 bii,
2234 5737 2525 5795 Barbarus.
