4020 6152
428 179 567 236 1299

1827 182 1920 237 EX
1955 182 2257 239 ORIGENE

3517 184 3667 240 i500

425 302 648 357 nomine
692 301 965 357 Christum
1008 303 1284 371 intelligit.
1317 304 1435 372 Ipse
1462 303 1603 357 enim
1633 323 1651 355 ‹
1691 302 1864 360 factus
1904 322 1962 360 es

2087 304 2429 376 δικαιοσύνην
2455 304 2602 373 λέγει
2626 304 2715 357 τὸν
2746 303 3006 376 Χριστόν-
3038 303 3198 368 αὐτὸς
3222 305 3329 375 γὰρ
3366 322 3385 356 ι
3420 304 3662 376 ἐγενήθη

421 395 579 448 nobis
602 394 866 462 sapientia
908 407 937 447 a
969 394 1077 448 Deo
1108 405 1161 451 et
1184 395 1394 463 justitia
1441 405 1492 449 et
1544 395 1904 451 sanctiﬁcatio
1928 408 1982 453 et

420 485 721 554 redemptio
747 486 813 538 ".
851 503 871 535 ι

491 575 655 630 Vsus.
685 575 742 631 5.
771 574 901 630 Esto
924 575 1051 629 mihi
1070 577 1124 630 in
1160 577 1328 630 Deum
1354 586 1698 646 protectorem
1726 590 1773 632 et
1801 580 1856 632 in
1882 581 1980 634 do-

416 682 560 720 mum
591 666 802 736 refugii,
828 675 888 720 ut
914 668 1115 722 salvum
1146 683 1226 722 me
1252 667 1441 736 facias,
1466 678 1572 723 etc.
1600 669 1712 724 Deo
1733 685 1830 725 nos
1859 686 1982 741 pro.

420 765 661 828 tegente,
689 757 816 829 quis
855 758 1014 814 nobis
1044 759 1400 814 adversetur?
1449 759 1618 816 Porro
1657 760 1748 819 Dei
1780 762 1981 819 auxilio

419 851 746 921 indigemus,
773 864 894 904 cum
928 850 1231 921 angelicum
1263 867 1368 907 non
1398 851 1618 910 sufﬁcit.

485 1031 766 1103 Ejusdem.
804 1033 1006 1089 Domus
1042 1034 1232 1107 refugii
1274 1047 1359 1092 est
1377 1038 1619 1107 cognitio
1647 1037 1763 1093 Dei.

484 1216 648 1273 Vens.
668 1217 721 1272 4.
749 1216 1008 1285 Quoniam
1031 1219 1282 1286 fortitudo
1303 1235 1417 1272 mea
1441 1230 1490 1273 et
1514 1219 1773 1290 refugium
1809 1237 1977 1277 meum

410 1326 466 1367 es
504 1319 581 1374 tu,
604 1319 655 1363 et
692 1319 902 1377 propter
928 1326 1112 1364 nomen
1143 1320 1289 1365 tuum
1317 1311 1537 1365 deduces
1561 1327 1640 1364 me
1676 1320 1722 1365 et
1749 1313 1976 1366 enutries

413 1419 524 1468 me,
567 1413 674 1456 etc.
713 1402 941 1458 Deducit
967 1403 1186 1472 quidem
1231 1416 1324 1472 per
1357 1410 1563 1457 rectam
1599 1401 1758 1457 ﬁdem
1788 1414 1844 1461 et
1881 1419 1977 1475 per

411 1510 622 1565 Opera,
671 1497 845 1552 nutrit
892 1507 1071 1553 autem
1128 1512 1225 1565 per
1278 1511 1432 1553 suam
1487 1497 1653 1567 ipsius
1709 1500 1975 1571 cognitio-

412 1602 561 1643 nem.

484 1679 647 1736 Vens.
693 1679 751 1735 6.
798 1679 866 1735 In
913 1688 1101 1737 manus
1146 1693 1265 1739 tuas
1305 1684 1673 1741 commendabo
1732 1686 1974 1752 spiritum

410 1788 605 1840 meum,
637 1780 745 1828 etc.
791 1773 1000 1845 Quippe
1041 1775 1196 1845 cujus
1243 1777 1423 1831 anima
1480 1785 1844 1848 oppugnatur.
1899 1777 1976 1831 De

412 1876 642 1931 corpore
669 1864 812 1918 enim
846 1879 1039 1936 parum
1078 1866 1293 1922 solliciti
1322 1876 1447 1922 sunt
1473 1869 1669 1923 sancti.
1700 1867 1768 1923 Et
1790 1883 1913 1923 cum
1943 1882 1973 1922 a

408 1954 790 2027 deceptoribus
816 1956 1006 2014 timeat
1044 1974 1111 2013 ne
1136 1960 1474 2025 vulneretur,
1516 1960 1766 2032 spiritum
1815 1975 1972 2017 suum

410 2048 756 2103 commendat
788 2047 920 2105 Deo.
943 2050 1098 2117 cujus
1128 2050 1546 2121 providentiam,
1574 2065 1769 2107 manus
1790 2062 1969 2109 vocat.

409 2137 524 2193 Hac
552 2140 820 2195 sententia
875 2142 1038 2195 etiam
1074 2158 1203 2199 usus
1225 2151 1309 2199 est
1338 2142 1609 2206 Salvator,
1650 2159 1776 2199 cum
1823 2144 1971 2200 cruci

408 2228 603 2285 aﬂixus
648 2242 788 2286 erat.
836 2229 1009 2287 Porro
1053 2233 1299 2302 spiritum
1356 2234 1634 2304 Scriptura
1694 2235 1968 2290 interdum

407 2329 644 2375 mentem
671 2332 829 2378 vocat
856 2322 926 2387 ⁸⁷,
962 2332 1021 2377 ut
1044 2338 1166 2379 cum
1193 2323 1441 2379 hortatur
1468 2325 1736 2395 virginem
1765 2333 1824 2379 ut
1845 2338 1971 2381 san-

406 2419 496 2466 cta
527 2409 601 2467 sit
626 2426 857 2482 corpore
883 2422 937 2467 et
970 2415 1198 2482 spiritu;
1235 2415 1521 2485 aliquando
1553 2431 1682 2471 vero
1708 2416 1968 2482 animam,

410 2512 470 2555 ut
501 2504 644 2575 apud
664 2501 924 2561 Iacobum
948 2506 994 2536 ⁰⁸
1020 2525 1035 2561 ;
1073 2525 1094 2557 ο
1128 2506 1279 2563 Sicut
1305 2508 1449 2561 enim
1490 2522 1687 2577 corpus
1715 2507 1831 2561 sine
1859 2506 1970 2574 spi-

408 2596 517 2650 ritu
556 2607 827 2652 mortuum
854 2607 973 2667 est;
1015 2617 1034 2650 ι
1068 2614 1459 2669 nonnunquam
1510 2614 1640 2654 vero
1682 2599 1968 2654 conscien-

408 2688 539 2742 tiam
579 2691 779 2745 animae
822 2689 1166 2760 coniunctam
1216 2690 1509 2763 intelligit,
1557 2701 1615 2745 ut
1666 2692 1716 2745 in
1769 2690 1859 2745 illo
1880 2690 1962 2741 ⁹⁹ε

412 2798 435 2833 s
472 2780 640 2838 Nemo
664 2784 770 2839 scit
793 2798 913 2856 quas
935 2795 1061 2839 sunt
1088 2785 1344 2849 hominis,
1382 2784 1483 2840 nisi
1523 2785 1747 2854 spiritus
1778 2785 1869 2854 qui
1911 2785 1968 2840 in

409 2874 525 2940 ipso
547 2873 772 2929 habitat.
814 2893 834 2927 ι
869 2874 1023 2942 Quod
1058 2886 1238 2929 autem
1262 2876 1601 2946 propositum
1624 2885 1729 2941 est,
1764 2875 1963 2945 triplici

2085 397 2218 467 ἡμῖν
2240 397 2399 464 σοφία
2425 396 2532 449 ἀπὸ
2563 395 2718 460 Θεοῦ,
2737 396 3041 467 δικαιοσύνη
3066 413 3123 449 τε
3145 397 3238 450 καὶ
3260 396 3533 467 ἁγιασμὸς
3563 397 3663 450 καὶ

2083 488 2478 560 ἀπολύτρωσις.
2508 510 2524 541 ι

2155 578 2349 632 Γενοῦ
2370 595 2470 647 μοι
2496 579 2583 643 είς
2607 576 2755 631 Θεὸν
2769 578 3231 646 ὐπερασπιστὴν
3254 579 3351 632 καί
3377 581 3465 644 εἰς
3486 572 3658 632 οἷκον

2082 670 2423 741 καταφυγῆς
2438 670 2562 734 ,τοῦ
2584 669 2782 724 σῶσαί
2815 688 2912 739 με,
2949 687 3005 724 κ.
3033 688 3085 727 τ.
3134 673 3181 723 ἐ.
3226 669 3651 742 Ὑπερασπίζον-

2082 780 2176 826 τος
2200 763 2294 825 τοῦ
2322 761 2455 816 Θεοῦ
2486 762 2598 835 (57)
2631 763 2770 835 ὑπὲρ
2796 763 2950 834 ἡμῶν
2969 804 2983 827 ,
3011 763 3094 828 τίς
3126 761 3247 816 καθ’
3287 763 3439 833 ἡμῶν
3473 779 3489 827 ;
3517 761 3651 815 Θεοῦ

2080 854 2137 907 δέ
2164 832 2570 925 ὑπερασπιστοῦ
2602 832 2893 924 χρῄζομεν,
2932 852 3027 906 ἐὰν
3057 852 3132 923 μὴ
3172 832 3469 923 ἀρκώμεθα
3488 854 3649 921 ἀγγε-

2081 943 2205 1016 λικῇ
2232 942 2537 1014 συμμαχίᾳ.

2157 1032 2269 1088 Τοῦ
2299 1034 2510 1089 αὑτοῦ.
2545 1029 2707 1098 Οἶκος
2756 1034 3074 1105 καταφυγῆς
3129 1035 3265 1106 (58)
3318 1033 3519 1102 γνῶσις
3558 1033 3648 1087 τοῦ

2083 1124 2243 1180 Θεοῦ.

2151 1215 2280 1269 Ὅτι
2311 1215 2646 1285 κραταιωμά
2679 1232 2797 1285 μου
2832 1216 2930 1269 καὶ
2966 1215 3276 1287 καταφυγή
3306 1234 3423 1287 μου
3462 1210 3519 1270 εἷ
3544 1216 3644 1284 σὺ,

2078 1307 2179 1360 καί
2202 1306 2409 1360 ἕνεκεν
2445 1307 2552 1362 τοῦ
2576 1309 2865 1377 ὀνόματός
2907 1322 3022 1362 σου
3056 1308 3377 1379 ὀδηγήσεις
3404 1326 3515 1379 με,
3550 1310 3646 1363 καῖ

2077 1398 2418 1469 διαθρέψεις
2435 1418 2533 1469 με,
2561 1418 2615 1455 κ.
2646 1418 2696 1454 τ.
2732 1401 2779 1454 ἐ.
2814 1400 3030 1472 Ὀδηγεῖ
3058 1402 3157 1471 μὲν
3187 1401 3298 1472 (59)
3330 1401 3419 1455 διὰ
3438 1403 3536 1473 τῆς
3564 1402 3627 1454 πί

2078 1508 2250 1556 στεως
2278 1492 2376 1563 τῆς
2406 1493 2571 1564 ὀρθῆς
2605 1493 2698 1545 καὶ
2723 1490 2812 1545 διὰ
2843 1491 2942 1562 τῆς
2980 1494 3289 1564 πρακτικῆς
3312 1532 3329 1556 ,
3367 1494 3555 1565 τρέφει
3595 1494 3644 1547 δὲ

2078 1582 2167 1636 διὰ
2189 1583 2290 1654 τῆς
2314 1583 2564 1652 γνώσεως
2586 1583 2771 1638 αὑτοῦ.

2009 1645 2051 1702 Β
2144 1645 2495 1745 Εἰς-*χεῖράς
2519 1645 2636 1731 o'ov
2682 1678 3099 1746 παραθήσομαι
3142 1676 3211 1731 τὸ
3237 1674 3472 1746 πνεῦμά
3505 1689 3642 1741 μου.

2076 1784 2130 1820 κ.
2164 1784 2216 1821 τ.
2248 1766 2295 1821 ἐ.
2336 1768 2424 1831 Ὠς
2452 1786 2550 1840 την
2575 1768 2754 1840 ψυχὴν
2783 1768 2889 1840 (60)
2924 1769 3359 1841 πολεμούμενος⁸
3401 1768 3619 1841 σώματι)

2073 1860 2183 1934 γὰρ
2208 1860 2321 1924 τοῖς
2341 1861 2518 1930 ἁγίοις
2543 1861 2696 1932 ὀλίγη
2726 1863 2964 1932 φροντίς.
2994 1864 3104 1917 Καὶ
3122 1863 3261 1935 πρὸς
3276 1863 3383 1916 τῶν
3404 1861 3655 1917 ἀπατεὼσ

2074 1972 2178 2009 νων
2201 1953 2474 2026 τρωθῆναι
2496 1953 2826 2027 φοϐούμενος
2846 1955 2907 2008 τὸ
2933 1956 3151 2026 πνεῦμα
3179 1956 3536 2026 παρατίθεται
3565 1954 3642 2025 τῷ

2072 2045 2211 2116 Θεῷ,
2234 2046 2335 2112 τὰς
2366 2047 2730 2118 προνοητικὰς
2756 2048 2918 2101 αὑτοῦ
2943 2030 3199 2119 δυνάμεις
3233 2052 3419 2119 χεῖρας
3442 2047 3638 2102 καλῶν.

2071 2137 2163 2209 Τῷ
2195 2139 2253 2192 δὲ
2297 2139 2523 2210 παρόντι
2564 2138 2714 2211 ρητῷ
2753 2140 2849 2193 καὶ
2878 2141 2907 2193 ὁ
2950 2140 3139 2211 Σωτὴρ
3171 2140 3263 2192 ἐπὶ
3284 2140 3379 2192 τοῦ
3410 2138 3640 2210 σταυροῦ

2070 2230 2420 2303 πεπηγμένος
2447 2232 2733 2303 ἐχρήσατο.
2768 2230 2995 2303 Πνεῦμα
3015 2232 3072 2285 δέ
3103 2233 3137 2303 ἠ
3169 2230 3360 2302 Γραφὴ
3390 2230 3519 2284 ποτὲ
3541 2231 3637 2302 μὲν

2069 2324 2168 2394 τὴν
2195 2323 2431 2377 διάνοιαν
2463 2324 2646 2389 καλεῖ,
2686 2325 2761 2389 ὡς
2797 2325 2855 2377 ἐν
2896 2324 2974 2395 τῷ
3022 2321 3342 2387 σπουδάζειν
3377 2316 3514 2375 εἶναι
3544 2324 3638 2392 τὴν

2069 2415 2339 2487 παρθένον
2370 2416 2531 2486 ἁγίαν
2563 2417 2833 2488 πνεύματι
2869 2417 2964 2470 καὶ
2995 2413 3238 2486 σώματι·
3274 2414 3404 2467 ποτὲ
3447 2414 3503 2466 δὲ
3538 2415 3638 2486 τὴν

2067 2505 2263 2577 ψυχὴν,
2287 2506 2362 2570 ώς
2392 2507 2543 2579 παρὰ
2579 2507 2819 2579 Ἰακώϐῳ
2837 2525 2851 2539 ·
2885 2528 2903 2560 ι
2937 2508 3146 2578 Ὥσπερ
3175 2506 3232 2559 δέ
3257 2506 3318 2559 τὸ
3352 2504 3506 2576 σῶμα
3534 2523 3636 2576 χω-

2070 2602 2155 2671 ρἰς
2177 2599 2483 2672 πνεύματος
2511 2601 2699 2672 νεκρόν
2723 2603 2858 2654 ἐστι·
2894 2619 2912 2652 ι
2945 2600 3075 2654 ποτὲ
3098 2597 3156 2652 δὲ
3187 2598 3249 2650 τὸ
3282 2597 3636 2670 συνεζευγμὲ-

2068 2708 2156 2746 νον
2179 2695 2246 2763 τῇ
2273 2693 2418 2764 ψυχῇ
2446 2692 2699 2758 συνειδὸς,
2730 2691 2806 2756 ώς
2838 2694 2896 2746 ἐν
2916 2690 3012 2762 τῷ,
3048 2710 3066 2742 ι
3098 2690 3283 2753 Οὐδεὶς
3316 2688 3419 2743 οἶδε
3451 2693 3518 2743 τὰ.
3544 2691 3635 2745 τοῦ

2066 2784 2353 2857 ἀνθρώπου
2382 2786 2430 2838 εί
2455 2786 2530 2857 μὴ
2557 2786 2620 2838 τὸ
2648 2785 2862 2856 πνεῦμα
2886 2785 2945 2838 τὸ
2976 2783 3219 2838 ἐνοικοῦν
3239 2786 3296 2838 ἐν
3319 2784 3484 2855 αὐτῷ.
3518 2802 3538 2836 ι
3567 2785 3636 2839 Τὸ

2066 2875 2123 2929 δὲ
2149 2876 2503 2946 προκείμενον
2533 2874 2674 2928 κατὰ
2703 2876 2828 2940 τοὺς
2856 2877 3002 2946 τρεῖς
3032 2874 3354 2946 νοηθήσεται
3385 2875 3631 2947 τρόπους.

408 2965 515 3020 isto
565 2966 895 3037 intelligetur
938 2969 1117 3024 modo.
1169 2967 1344 3024 Porro
1395 2967 1553 3038 quasi
1608 2968 1677 3023 ab
1731 2969 1967 3023 inimicis

2083 2966 2170 3031 Ὦς
2196 2968 2355 3031 ἁλοὺς
2378 2968 2435 3021 δὲ
2457 2968 2608 3041 παρὰ
2636 2968 2743 3023 τῶν
2764 2968 3055 3039 πολεμίων,
3078 2967 3184 3021 ὑπὸ
3211 2965 3346 3020 Θεοῦ
3376 2966 3634 3038 λελυτρῶ-

405 3065 620 3125 (aptus,
651 3071 680 3108 a
703 3054 815 3110 Deo
851 3071 910 3112 se
936 3058 1271 3127 redemptum
1301 3060 1454 3116 dicit.

473 3139 753 3213 Ejusdem.
788 3145 902 3201 Hoc
952 3147 1073 3204 loco
1129 3150 1358 3217 spiritus
1388 3159 1624 3206 mentem
1672 3151 1962 3220 signiﬁcat.

407 3236 537 3305 Qua:
559 3238 702 3292 enim
730 3239 969 3293 adhaeret
1001 3238 1110 3294 Deo
1140 3254 1313 3308 mens,
1341 3257 1480 3298 unus
1502 3251 1590 3298 est
1610 3243 1856 3313 spiritus.

477 3434 640 3489 Vsus.
665 3434 718 3501 7,
757 3434 813 3491 8.
858 3434 1033 3491 Odisti
1079 3436 1407 3491 observantes
1439 3439 1694 3492 vanitates
1720 3454 1965 3507 superua-

402 3542 517 3589 cue,
550 3540 642 3593 ego
672 3536 843 3579 autem
874 3526 928 3577 in
972 3525 1196 3580 Domino
1224 3527 1455 3593 speravi,
1494 3534 1599 3580 etc.
1629 3524 1686 3581 Si
1711 3537 1963 3595 peccato-

403 3632 521 3669 rum
547 3630 670 3686 spes
696 3617 749 3670 in
779 3618 881 3673 hac
915 3618 1166 3688 praesenti
1210 3619 1312 3672 sita
1350 3620 1584 3686 estvita,
1614 3633 1736 3688 qua:
1770 3632 1966 3674 secun—

402 3706 527 3760 dum
560 3706 904 3763 Salomonem
939 3708 1150 3763 vanitas
1182 3719 1265 3763 est
1300 3708 1606 3761 vanitatum
1635 3707 1677 3773 ί,
1702 3707 1792 3776 qui
1823 3707 1964 3761 hanc

400 3796 572 3851 vitam
591 3798 860 3864 observat,
885 3798 1141 3854 observat
1158 3798 1425 3853 vanitates
1447 3811 1803 3868 supervacue.
1829 3796 1965 3851 Illud

405 3907 424 3942 ι
456 3903 784 3957 supervacue
816 3909 835 3941 ι
864 3891 947 3945 his
975 3892 1174 3959 verbis,
1208 3910 1226 3942 ι
1256 3890 1608 3945 observantes
1625 3889 1913 3952 vanitates,
1936 3906 1955 3939 ι

401 3987 674 4039 adnexum
720 3993 824 4049 est,
854 3984 1233 4055 significatque
1281 4000 1374 4039 eos
1405 3999 1472 4039 ex
1505 4000 1634 4040 cura
1686 3998 1851 4053 quam
1907 3986 1959 4038 in

400 4076 544 4130 malo
566 4074 772 4147 agendo
801 4086 1028 4145 ponunt,
1052 4079 1184 4132 nihil
1212 4078 1462 4132 utilitatis
1475 4092 1686 4147 capere,
1712 4087 1962 4147 propter-

399 4182 463 4221 ea
514 4168 660 4237 quod
710 4166 850 4222 Deus
884 4167 1003 4222 illos
1044 4169 1188 4232 odit,
1232 4178 1286 4222 et
1328 4170 1523 4238 punit,
1565 4182 1666 4222 nec
1696 4160 1963 4238 permittit

398 4273 493 4315 eos
522 4260 586 4314 ad
618 4258 777 4315 ﬁnem
801 4259 1102 4321 studiorum
1129 4274 1346 4313 suorum
1383 4260 1687 4329 pervenire.

468 4430 631 4488 Vens.
659 4432 714 4488 9.
745 4433 858 4489 Nec
889 4434 1193 4490 conclusisti
1218 4453 1299 4491 me
1343 4440 1400 4490 in
1447 4438 1687 4492 manibus
1732 4439 1955 4502 inimici,

395 4528 634 4580 statuisti
662 4528 718 4580 in
751 4526 864 4581 loco
895 4529 1124 4594 spatioso
1163 4530 1316 4596 pedes
1351 4546 1513 4595 meos,
1552 4539 1658 4585 etc.
1702 4529 1961 4586 Rationes

397 4618 757 4673 tentationum
787 4635 909 4673 cum
941 4621 1334 4692 intelliguntur,
1391 4622 1764 4677 dilatationem
1816 4636 1959 4691 prae-

393 4705 524 4761 bent
546 4708 763 4763 animae.
802 4708 1099 4765 Laudabile
1145 4719 1227 4765 est
1277 4711 1652 4767 dilatationem
1684 4714 1956 4780 conﬁteri,

395 4798 655 4866 quoniam
686 4801 781 4869 qui
811 4803 1103 4871 premitur,
1148 4819 1251 4857 non
1285 4804 1649 4872 angustiatur.
1687 4805 1959 4863 Dilatatus

393 4897 573 4945 autem
614 4900 669 4945 et
710 4891 960 4948 laborum
992 4896 1208 4964 patiens
1256 4896 1593 4954 dilatationis
1629 4899 1848 4955 nomine
1888 4900 1956 4956 li-

393 4983 659 5040 bertatem
686 4985 913 5041 instituti
948 4989 1029 5041 sui
1054 4990 1288 5043 vocavit.

463 5114 511 5147 “
538 5114 559 5169 1
588 5113 717 5189 Cor.
759 5133 799 5183 ι,
833 5118 924 5172 50.
1000 5121 1043 5152 ⁹⁷
1072 5119 1093 5175 1
1122 5121 1245 5176 Cor.
1278 5138 1371 5183 vn.
1396 5121 1486 5175 34.
1558 5122 1606 5157 ⁸⁸
1638 5121 1752 5178 Jac.
1788 5139 1847 5189 ιι,
1875 5123 1967 5180 26.

393 5229 1147 5352 εοξξέήῖπερασπιζοντος
1193 5234 1300 5289 τοῦ
1358 5234 1523 5301 Θεοῦ,
1582 5244 1689 5290 etc.
1756 5235 1959 5290 Catena

440 5301 791 5444 Οἷὲὧηὸἷκος
812 5373 1321 5444 καταφυγῆς-,κείω
1378 5372 1604 5430 δοίιεόω
1629 5375 1835 5444 Grabii,
1865 5391 1959 5433 co-

395 5438 494 5490 dex
530 5438 915 5505 Coislinianus,
947 5438 1150 5498 Catena
1181 5443 1432 5499 Barbari.

466 5509 577 5578 (59)
620 5511 856 5584 :0671732
868 5512 1002 5582 μέν,
1035 5525 1140 5569 etc.
1182 5515 1362 5570 Codex
1394 5514 1759 5572 Coislinianus
1783 5527 1955 5584 vetus,

392 5578 595 5637 Catena
626 5578 868 5637 Barbari.

463 5647 575 5718 (00)
622 5651 716 5717 Ὠς
736 5651 851 5719 τὴν
881 5655 1114 5723 ψυχήν,
1147 5664 1251 5710 etc.
1310 5654 1511 5714 Partim
1570 5659 1741 5717 codex
1773 5660 1958 5717 Coisli-

2071 3058 2195 3111 σθαί
2228 3075 2381 3129 φησι.

2141 3149 2251 3206 Τοῦ
2294 3150 2497 3204 αὑτοῦ.
2543 3148 2657 3203 Νῦν
2699 3150 2761 3203 τὸ
2814 3148 3027 3221 πνεῦμα
3064 3149 3199 3220 (61)
3254 3147 3507 3221 σημαίνει
3548 3147 3634 3201 τὸν

2067 3242 2189 3296 νοῦν
2212 3259 2226 3272 ·
2271 3244 2300 3295 ὁ
2325 3241 2432 3311 γὰρ
2464 3240 2799 3311 κολλώμενος
2836 3240 2914 3313 τῷ
2945 3241 3132 3313 Κυρίῳ
3167 3238 3289 3304 νοῦς
3324 3240 3384 3294 ἒν
3431 3239 3633 3309 γίνεται

2067 3333 2307 3404 πνεῦμα.

2148 3428 2481 3496 Ἐμίσησας
2516 3424 2657 3491 τοὺς
2685 3422 3219 3493 διαφυλάσσοντας
3239 3425 3633 3494 ματαιότητας

2064 3515 2344 3584 διακενῆς
2362 3533 2375 3546 ’
2409 3516 2524 3586 ἐγὼ
2546 3515 2616 3568 δὲ
2643 3516 2739 3568 ἐπὶ
2779 3514 2859 3580 τῷ
2886 3515 3078 3583 Κυρίῳ
3104 3514 3336 3583 ἤλπισα
3354 3555 3369 3579 ,
3399 3534 3452 3569 κ.
3499 3533 3551 3569 τ.
3582 3518 3629 3570 ἐ.

2065 3611 2129 3662 Εἰ
2165 3609 2215 3661 οἱ
2241 3606 2556 3679 ἁμαρτωλοὶ
2587 3606 2696 3678 (6⁵2.)
2730 3608 2787 3659 ἐν
2826 3608 2892 3677 τῇ
2924 3607 3171 3678 παρούσῃ
3198 3605 3308 3678 ζωῇ
3342 3606 3631 3678 ἠλπικότες

2064 3702 2171 3755 εἰσὶ
2205 3701 2393 3772 μόνον·
2429 3700 2568 3771 αῦτη
2607 3699 2662 3752 δὲ
2695 3698 2837 3752 κατὰ
2863 3698 2956 3751 τὸν
2989 3699 3308 3770 Σολομῶντα
3340 3701 3631 3772 ματαιότης

2063 3795 2179 3847 ἐστι
2206 3794 2579 3865 ματαιοτήτων
2602 3809 2616 3822 ·
2648 3793 2678 3845 δ
2708 3791 2908 3862 ταύτην
2939 3791 3037 3862 τὴν
3077 3791 3222 3862 ζωὴν
3265 3791 3629 3861 διαφυλάττων

2066 3887 2429 3958 ματαιότητας
2511 3885 2765 3955 φυλάττει
2838 3885 3110 3956 διακενῆς.
3193 3885 3503 3955 Παρέπεται
3570 3884 3628 3937 τὸ

2067 3999 2086 4030 ‹
2112 3979 2362 4050 διακενῆς
2384 3998 2402 4030 ι
2424 3978 2503 4050 τῷ
2529 3998 2548 4030 ι
2572 3978 2893 4049 φυλάσσοντι
2911 3978 3265 4048 ματαιότητα.
3291 3997 3310 4028 ι
3327 3978 3401 4030 Τὸ
3420 3997 3437 4029 ι
3457 3977 3627 4030 διακε-

2062 4072 2177 4143 νῆς,
2207 4089 2225 4123 ι
2247 4072 2366 4124 ἀντὶ
2382 4069 2496 4137 τοῦ,
2518 4071 2668 4124 οὐδὲν
2694 4069 3023 4140 ὠφελοῦνται
3048 4070 3112 4121 ἐκ
3138 4069 3237 4139 τῆς
3264 4068 3357 4122 τοῦ
3381 4068 3443 4121 τὸ
3466 4068 3628 4121 κακὸν

2060 4165 2322 4236 πράττειν
2346 4162 2691 4234 ἐπιμελείας,
2719 4163 2807 4217 διὰ
2845 4162 2907 4215 τὸ
2942 4164 3115 4233 μισεῖν
3152 4162 3347 4224 αὐτοὺς
3372 4163 3461 4213 τὸν
3503 4160 3627 4213 Θεὸν

2061 4255 2155 4308 καὶ
2194 4254 2585 4327 τιμωρεῖσθαι,
2613 4255 2708 4309 καὶ
2745 4254 2819 4326 μὴ
2850 4255 2945 4324 ἐᾷν
2980 4253 3061 4317 εἷς
3099 4270 3152 4305 τι
3182 4253 3352 4323 πέρας
3388 4254 3540 4322 ἄγειν
3569 4250 3625 4304 τὸ

1990 4339 2040 4398 Ι)
2067 4345 2515 4416 σπουδαζόμενον.

2126 4436 2236 4491 Καὶ
2263 4440 2336 4492 οὺ
2365 4437 2770 4505 συνέκλεισάς
2784 4454 2860 4507 με
2883 4438 2967 4504 εις
2984 4435 3186 4507 χεῖρας
3203 4434 3444 4505 ἐχθροῦ,
3464 4434 3625 4500 ἐστη-

2054 4545 2172 4595 σας
2195 4531 2265 4583 ἐν
2289 4528 2601 4597 εὐρυχώρῳ
2625 4530 2766 4596 τοὺς
2797 4529 2987 4595 πόδας
3013 4546 3131 4598 μου
3152 4570 3166 4593 ,
3198 4546 3253 4582 κ.
3283 4546 3335 4584 τ.
3363 4530 3409 4582 ὲ.
3447 4529 3507 4581 0i
3540 4525 3623 4578 λό·

2055 4637 2141 4689 γοι
2166 4619 2273 4691 (65)
2291 4620 2400 4674 τῶν
2418 4620 2737 4693 πειρασμῶν
2757 4620 3116 4691 θεωρούμενοι
3138 4619 3473 4691 εὐρυχωρίαν
3502 4632 3623 4687 παρο

2055 4714 2235 4784 έχουσι
2275 4718 2340 4786 τῇ
2379 4715 2542 4787 ψυχῇ.
2596 4713 2907 4768 Ἐπαινετὸν
2951 4713 3012 4766 τὸ
3062 4712 3405 4784 εὐρυχωρίαν
3448 4710 3620 4780 ὁμολο-

2063 4809 2201 4875 γεῖν,
2225 4808 2308 4861 ὅτι
2338 4807 2650 4878 θλιϐόμενος
2670 4808 2730 4859 οὐ
2762 4808 3190 4878 στενοχωρεῖται.
3222 4801 3619 4873 Πλατυνόμενός

2063 4915 2121 4950 τε
2144 4899 2366 4962 καὶτοῖς
2395 4899 2577 4961 πόνοις
2600 4896 2946 4970 ἐγκαρτερῶν
2971 4895 3309 4968 εὐρυχωρίαν
3339 4895 3436 4967 τὴν
3466 4892 3616 4946 αὑτο-

2059 4990 2251 5060 νομίαν
2269 4990 2368 5060 τῆς
2390 4990 2662 5055 πολιτείας
2683 4991 2958 5046 ἐκάλεσεν.

2036 5124 2083 5155 ”
2116 5120 2135 5175 l
2163 5121 2288 5176 Cor.
2328 5137 2390 5188 ιι,
2416 5121 2503 5176 12.
2581 5124 2599 5156 ³
2629 5123 2775 5179 Eccl.
2802 5140 2841 5188 r,
2866 5123 2922 5177 2.

2057 5239 2251 5325 manus
2279 5254 2429 5325 num.
2457 5238 2579 5325 1‘89,
2613 5241 2813 5321 partim
2845 5239 3049 5325 catena
3078 5238 3398 5325 (Eorderli...
3443 5310 3456 5321 ο

2127 5308 2239 5380 (61)
2271 5308 2401 5363 Νῦν
2430 5312 2495 5364 τὸ
2534 5308 2792 5380 πνεῦμα,
2846 5319 2955 5365 etc.
3008 5309 3190 5365 Codex
3233 5308 3611 5377 Coislinianus,

2054 5378 2257 5436 Catena
2292 5378 2539 5434 Barbari.

2127 5448 2238 5518 (6‘2)
2266 5451 2337 5503 El
2360 5452 2415 5503 οἱ
2441 5449 2794 5519 ἁμαρτωλοί,
2825 5458 2931 5504 etc.
2999 5448 3222 5504 Schedae
3252 5446 3456 5511 Grabii,
3491 5463 3612 5518 par-

2057 5520 2449 5606 timquevetug
2469 5522 2637 5606 cades
2671 5519 3054 5576 Coislinianus.
3093 5518 3285 5574 Latine
3304 5521 3488 5574 omnia
3520 5521 3611 5573 ha~

2055 5590 2148 5645 bet
2178 5589 2379 5660 Catena
2409 5588 2655 5644 Barbari.

2126 5657 2240 5727 (65)
2272 5661 2336 5714 Οί
2366 5660 2556 5727 λόγοι,
2585 5670 2690 5716 etc.
2731 5659 2958 5718 Schedae
2985 5658 3198 5716 Grabii.
