4020 6152
420 278 556 337 1301

1373 270 1685 328 SELECTA
1715 269 1783 324 IN
1818 268 2158 327 PSALMOS.
2197 298 2266 311 —
2306 266 2499 324 PSAL.
2539 263 2733 321 XXXI.

3528 262 3674 317 1502

504 389 831 458 Ἐταράχθη
860 387 930 441 ἐν
965 385 1129 456 θυμῷ
1174 389 1208 442 ό
1244 388 1549 458 ὀφθαλμός
1578 406 1727 459 μου,
1768 405 1821 442 κ.
1860 406 1910 442 τ.
1935 390 1979 441 ὲ.

2156 386 2323 442 Vsus.
2372 384 2460 440 i0.
2498 382 2661 456 645
2723 379 3078 436 Conturbatus
3134 387 3208 432 est
3252 377 3308 431 in
3357 378 3436 430 ira
3480 377 3663 430 oculus

419 482 587 538 Οὐδὲν
635 484 778 535 οὓτω
819 480 930 540 (64)
982 482 1165 534 σκοτεῖ
1213 481 1451 535 διάνοιαν
1486 480 1561 545 ὡς
1588 480 1760 551 θυμὸς
1790 496 1990 552 ταρατ-

418 583 477 629 τό
485 591 663 645 μενος.

501 667 596 719 Ἐν
617 664 747 731 ταῖς
780 663 956 733 χερσί
982 678 1098 718 σου
1123 666 1177 717 ol
1198 662 1411 731 κλῆροί
1434 679 1574 732 μου,
1601 663 1791 732 ῥῦσαί
1814 680 1891 733 με
1919 665 1989 718 ἐκ

418 763 614 834 χειρὸς
636 762 867 833 ἐχθρῶν
878 780 1021 832 μου,
1045 761 1143 814 καὶ
1163 762 1231 815 ἐκ
1253 759 1371 814 τῶν
1390 759 1871 814 καταδιιωιιόντιιη⁸
1892 778 1988 828 με,

419 872 473 907 κ.
506 871 555 907 τ.
595 853 641 906 ὲ.
692 852 901 923 Κλῆροι
939 850 1047 904 τῶν
1090 849 1314 903 δικαίων
1362 847 1470 918 (65)
1508 845 1809 919 ἀνθρώπων
1853 847 1991 899 είσὶν

417 948 472 1000 αἱ
504 944 608 999 ὑπὸ
638 944 747 999 τῶν
772 943 943 1013 ἁγίων
968 941 1217 1011 ἀγγέλων
1244 939 1648 1010 γινωσκόμεναι
1674 938 1919 1010 θεωρίαι.

498 1037 609 1091 Τοῦ
640 1036 846 1092 αὑτοῦ.
880 1056 899 1088 ι
930 1034 1162 1105 Φεύγετε
1191 1032 1287 1104 τὴν
1321 1032 1575 1102 πορνείαν
1606 1030 1738 1099 (66),
1775 1049 1795 1082 ι
1828 1030 1993 1101 φησὶν

419 1129 448 1181 ό
477 1129 709 1193 Παῦλος.
762 1129 825 1181 Ei
852 1128 911 1181 δὲ
946 1126 1129 1180 διώκει
1159 1126 1193 1196 ἡ
1228 1124 1453 1197 πορνεία
1473 1165 1488 1186 ,
1537 1122 1778 1193 δηλονότι
1814 1122 1909 1175 καὶ
1958 1122 1992 1191 ἡ

426 1222 658 1294 μοιχεία,
688 1221 783 1274 καὶ
815 1223 849 1292 ἡ
878 1217 1176 1285 πλεονεξία,
1206 1218 1301 1272 καὶ
1330 1216 1521 1287 θυμὸς,
1552 1216 1643 1269 καὶ
1674 1214 1810 1287 ὀργὴ
1832 1252 1846 1277 ,
1899 1214 1994 1266 καὶ

422 1313 492 1367 τὰ
525 1312 707 1367 λοιπά.

498 1406 725 1459 Ἀλαλα
764 1400 1065 1474 γενηθήτω
1094 1400 1170 1454 τὰ
1201 1400 1375 1469 χείλη
1421 1399 1493 1452 τὰ
1529 1397 1701 1451 δόλια
1722 1436 1739 1461 ,
1793 1396 1864 1450 τὰ
1891 1399 1996 1450 .Za-

424 1495 652 1549 λοῦντα
680 1494 829 1549 κατὰ
855 1493 959 1548 τοῦ
984 1490 1215 1547 δικαίου
1244 1491 1498 1560 ἀνομίαν
1520 1490 1590 1544 ἐν
1616 1489 1997 1557 ὑπερηφανίᾳ

427 1587 523 1640 καὶ
560 1585 973 1651 ἐξουδενώσει,
1006 1603 1062 1639 κ.
1096 1603 1147 1638 τ.
1182 1586 1227 1638 ὲ.
1285 1584 1668 1655 Εὑεργετεῖται
1706 1580 1814 1652 (67)
1842 1582 1871 1633 ὁ
1896 1580 1995 1633 λα-

2092 496 2257 544 meus,
2295 490 2401 534 etc.
2433 477 2580 534 Nihil
2614 491 2767 546 teque
2795 476 3052 533 obscurat
3077 479 3310 529 mentem
3333 486 3397 526 ac
3423 472 3501 527 ira
3533 486 3664 526 con-

2093 571 2326 625 turbata.

2166 658 2324 714 Vsus.
2354 656 2442 712 16.
2480 656 2546 710 In
2571 655 2811 710 manibus
2838 655 2940 708 tuis
2967 662 3130 706 sortes
3157 666 3305 713 meae,
3334 648 3471 711 eripe
3494 663 3571 700 me
3599 645 3664 699 de

2092 768 2251 805 manu
2318 750 2654 803 inimicorum
2719 762 2995 809 meorum,
3041 756 3089 798 et
3142 760 3176 797 α
3237 738 3663 813 persequentibus

2092 860 2192 909 me,
2211 853 2320 899 etc.
2339 840 2527 896 Sortes
2543 841 2811 908 iustorum
2831 839 3110 894 hominum
3141 844 3268 891 sunt
3289 833 3515 904 cognita:
3537 847 3663 886 san-

2092 935 2205 988 ctis-
2226 939 2436 1003 angelts
2459 930 2962 998 contemplationes.

2158 1005 2437 1094 'Ejusdem.
2463 1040 2480 1073 ι
2508 1019 2719 1092 Fugite,
2758 1038 2778 1072 ι
2814 1019 2987 1088 inquit
3010 1015 3205 1071 Paulus
3224 1016 3272 1082 ’,
3299 1033 3317 1065 ι
3345 1011 3666 1069 fornicatio-

2093 1129 2238 1170 nem.
2276 1133 2296 1168 ι
2323 1114 2476 1181 Quod
2505 1115 2551 1169 si
2590 1111 2879 1167 fornicatio
2919 1109 3291 1179 persequitur,
3326 1102 3669 1174 persequitur

2093 1206 2259 1259 etiam
2296 1204 2644 1268 adulterium,
2675 1201 2926 1265 avaritia,
2956 1208 3012 1254 et
3038 1198 3212 1260 furor,
3246 1207 3301 1251 et
3330 1196 3431 1258 ira,
3469 1202 3523 1248 et
3561 1207 3668 1248 ca:-

2096 1309 2233 1354 tera.

2167 1387 2331 1442 VERS.
2357 1386 2442 1443 i9.
2478 1385 2633 1440 Muta
2662 1385 2797 1452 ﬁant
2850 1383 2991 1437 labia
3023 1380 3206 1436 dolosa
3246 1394 3362 1450 qua:
3384 1378 3672 1445 loquuntur

2096 1478 2342 1533 adversus
2374 1478 2582 1546 justum
2617 1477 2945 1545 iniquitatem
2975 1474 3031 1527 in
3067 1470 3332 1540 superbia,
3369 1479 3415 1522 et
3452 1470 3505 1520 in
3540 1467 3672 1520 abu-

2095 1571 2262 1637 sione,
2295 1578 2403 1625 etc.
2449 1569 2549 1635 Qui
2584 1567 2769 1622 dolose
2809 1565 3069 1635 loquitur,
3115 1561 3385 1616 beneiicio
3418 1557 3670 1615 adicitur.

426 1677 532 1730 λῶν
554 1678 883 1749 δολιότητας,
915 1678 1008 1731 ἐὰν
1036 1677 1259 1748 γένηται
1290 1675 1485 1740 ἀλαλος
1504 1693 1517 1705 ·
1561 1672 1854 1728 ἀποϐάλλει
1884 1672 1995 1743 γὰρ

2105 1678 2222 1717 cum
2260 1661 2323 1717 ﬁt
2353 1670 2557 1717 mutus.
2593 1657 2782 1714 Dolum
2808 1658 2952 1714 enim
2989 1655 3213 1711 amittit.

424 1768 669 1841 δηλονότι
695 1771 790 1841 τὴν
820 1770 1118 1841 δολιότητα.

497 1861 911 1930 Κατακρύψεις
954 1860 1175 1925 αὐτοὺς
1210 1860 1279 1913 ἐν
1321 1858 1647 1927 ἀποκρύφῳ
1676 1855 1783 1910 τοῦ
1812 1868 1999 1923 προσ-

423 1952 587 2006 ώπου
613 1966 765 2017 σου,
803 1970 856 2006 κ.
902 1969 954 2006 τ.
1000 1953 1046 2006 ὲ.
1076 1953 1285 2029 ’ᾯσπερ
1324 1950 1386 2003 τὸ
1418 1948 1708 2021 πρόσωπον
1756 1945 1866 2015 (68)
1902 1943 1999 1998 τοῦ

427 2044 560 2097 Θεοῦ
604 2042 835 2115 κρύπτει
876 2043 973 2114 τὴν
1016 2043 1190 2113 ψυχὴν
1239 2042 1346 2095 ἀπὸ
1386 2039 1633 2111 ταραχῆς
1675 2035 2000 2108 ἀνθρώπων,

425 2136 692 2192 ἀπάθειαν
718 2137 806 2190 διὰ
840 2136 937 2207 τῆς
972 2135 1280 2207 πρακτικῆς
1309 2131 1688 2205 χαριζόμενον,
1723 2128 1865 2184 οὓτω
1906 2127 2000 2180 καὶ

426 2231 460 2299 ὴ
492 2226 664 2299 σκηνὴ
684 2227 775 2281 τὸν
805 2226 930 2281 νοῦν
957 2226 1043 2279 διὰ
1075 2226 1173 2297 τῆς
1202 2223 1435 2295 ἀληθοῦς
1460 2221 1714 2291 γνώσεως
1741 2219 2000 2290 φυλάττει

427 2321 535 2374 ἀπὸ
563 2321 735 2389 λόγων
763 2320 1018 2373 ἐναντίων
1048 2319 1144 2372 καὶ
1174 2316 1454 2386 δογμάτων
1476 2313 1703 2385 ψευδῶν.

499 2400 844 2483 Εὐλογητὸς
866 2413 1099 2479 Κύριος,
1135 2409 1222 2463 ὅτι
1254 2405 1677 2477 ἐθαυμάστωσε
1721 2403 1785 2458 τὸ
1827 2402 2001 2470 ἕλεος

423 2505 611 2560 αὑτοῦ
637 2506 708 2559 ἐν
739 2505 909 2557 πόλει
940 2499 1258 2571 περιοχῆς,
1297 2517 1351 2553 κ.
1381 2516 1431 2551 τ.
1460 2500 1508 2553 ἑ.
1573 2496 1735 2568 Ψυχὴ
1785 2494 2001 2565 ἀπαθὴς

427 2596 537 2668 (69)
565 2596 718 2660 πόλις
750 2596 866 2648 ἐστί
889 2593 1297 2664 τετειχισμένη·
1344 2593 1480 2662 ὅπερ
1518 2592 1696 2660 τεῖχος
1740 2587 1998 2641 καθελόν-

422 2705 515 2755 τες
553 2690 604 2741 oi
638 2686 823 2759 ἐχθροὶ
867 2684 1003 2757 μετά
1046 2685 1326 2757 Βηρσαϐεὲ
1366 2681 1614 2753 εἰσῆλθον
1648 2680 1782 2752 πρὸς
1813 2678 1995 2733 Δαυΐδο

428 2781 509 2835 διὸ
542 2781 637 2834 καὶ
662 2781 832 2834 δεῖται
860 2782 916 2832 ὲν
934 2777 1013 2849 τῷ
1034 2785 1076 2831 ν’
1097 2774 1297 2847 ψαλμῷ
1315 2771 1732 2845 οἰκοδομηθῆναι
1750 2769 1820 2823 τὰ
1843 2769 1999 2841 τείχη

439 2872 813 2947 Ἰερουσαλήμ.

508 3056 638 3108 ’Ὀτι
675 3053 965 3121 ἀληθείας
1000 3050 1229 3115 arma:
1263 3051 1509 3119 Κύριος,
1553 3067 1606 3102 κ.
1631 3067 1681 3102 τ.
1718 3048 1763 3101 ὲ.
1840 3045 1997 3119 Ἀλη-

2173 1842 2336 1898 Vens.
2372 1841 2464 1896 2|.
2496 1838 2792 1894 Abscondes
2818 1853 2905 1893 eos
2946 1839 3001 1891 in
3023 1834 3331 1889 abscondito
3359 1830 3515 1900 faciei
3547 1840 3671 1891 tum,

2100 1944 2204 1991 etc.
2239 1932 2704 2002 Quemadmodum
2740 1930 2923 1984 vultus
2965 1927 3060 1982 Dei
3105 1925 3345 1980 animam
3385 1937 3415 1975 a
3460 1930 3676 1974 contur-

2101 2028 2319 2081 batione
2359 2024 2640 2079 hominum
2675 2020 2983 2082 abscondit,
3015 2018 3254 2087 quietem
3284 2014 3352 2069 ab
3392 2009 3675 2067 aﬂ'ectibus

2100 2132 2195 2186 per
2219 2131 2381 2188 opera
2414 2107 2751 2185 impertiens,
2778 2112 2857 2166 sic
2881 2098 3291 2164 tabernaculum
3328 2111 3561 2159 mentem
3582 2114 3676 2167 per

2102 2207 2431 2276 agnitionem
2463 2203 2706 2258 veritatis
2736 2209 2967 2256 servata
2991 2197 3283 2254 contrariis
3311 2190 3675 2253 sermonibus,

2100 2307 2156 2352 et
2184 2296 2524 2366 dogmatibus
2550 2293 2719 2348 falsis.

2172 2387 2336 2443 Vens.
2362 2386 2453 2439 22.
2486 2386 2802 2439 Benedictus
2830 2381 3111 2446 Dominus,
3138 2377 3388 2449 quoniam
3414 2372 3674 2441 miriﬁca-

2102 2482 2168 2534 vit
2199 2478 2619 2534 misericordiam
2647 2462 2795 2530 suam
2818 2476 2872 2530 in
2902 2474 3110 2528 civitate
3146 2470 3366 2535 munita,
3400 2479 3506 2523 etc.
3537 2466 3671 2519 Ani-

2103 2587 2187 2625 tua
2210 2571 2277 2625 ab
2300 2568 2580 2625 affectibus
2601 2569 2788 2634 libera,
2811 2568 3003 2622 civitas
3027 2575 3109 2621 est
3133 2562 3490 2624 communita,
3519 2559 3675 2628 cujus

2102 2678 2314 2717 murum
2341 2660 2657 2729 dejicientes
2695 2662 2882 2716 hostes
2913 2674 3021 2713 una
3046 2674 3167 2713 cum
3196 2655 3464 2710 Bersabee
3498 2655 3673 2723 impe-

2101 2762 2213 2808 tum
2270 2753 2514 2807 fecerunt
2557 2753 2610 2806 in
2656 2751 2844 2806 David.
2895 2751 3235 2820 QuaprOpter
3268 2756 3390 2803 orat
3426 2748 3480 2800 in
3520 2746 3675 2816 quin-

2101 2846 2413 2915 quagesimo
2462 2844 2710 2916 psalmo,
2759 2853 2819 2898 ut
2876 2842 3213 2898 aediﬁcentur
3264 2840 3406 2896 muri
3455 2836 3674 2893 Jerusa-

2101 2936 2226 2993 lem.

2173 3054 2337 3111 γωδ.
2356 3055 2444 3109 24.
2473 3055 2733 3121 Quoniam
2756 3055 2994 3108 veritates
3020 3050 3242 3121 exquirit
3262 3049 3537 3113 Dominus,
3565 3056 3671 3101 etc.

427 3144 573 3208 θείας
605 3145 724 3199 ἀντὶ
757 3144 866 3215 (70)
895 3141 989 3197 τοῦ
1024 3142 1297 3215 ἀληθινοῦ.
1344 3143 1620 3215 Ἀληθινὸν
1665 3143 1774 3215 γὰρ
1800 3141 1996 3214 στόμα,

2108 3146 2380 3204 Veritates
2410 3164 2510 3217 pro
2550 3148 2695 3202 veris
2743 3147 2943 3217 posuit.
2975 3144 3169 3199 Verum
3206 3143 3348 3197 enim
3390 3158 3472 3209 os,
3505 3141 3556 3194 id
3593 3149 3678 3194 est

427 3236 670 3290 τουτέστι
698 3234 1134 3307 νοῦν,¹ὲμπλήσει
1161 3235 1413 3305 γέλωτος,
1432 3235 1554 3289 ἀντὶ
1581 3235 1695 3299 τοῦ,
1726 3234 1999 3305 γνώσεως.

433 3348 451 3378 ι
474 3328 585 3382 Καὶ
608 3328 997 3383 ἀνταποδίδωσι
1023 3330 1135 3392 τοῖς
1159 3327 1432 3399 περισσῶς
1456 3326 1700 3382 ποιοῦσιν
1728 3329 2005 3400 ὑπερηφα-

429 3419 569 3474 νίαν.
594 3436 612 3469 ι
631 3420 988 3493 Μακροθυμεῖ
1023 3420 1121 3491 μὲν
1148 3420 1177 3471 ό
1209 3417 1413 3491 Κύριος
1444 3419 1538 3472 ἐπὶ
1566 3421 1679 3483 τοῖς
1717 3419 2003 3491 ὑπερηφά-

2106 3247 2365 3304 mentem,
2391 3239 2633 3309 implebit
2662 3238 2801 3303 risu,
2840 3240 2891 3293 itt
2926 3245 3012 3291 est
3056 3234 3383 3304 cognitione.
3421 3251 3439 3284 ι
3479 3231 3543 3286 Et
3588 3247 3676 3286 re-

2108 3330 2312 3383 tribuet
2353 3328 2694 3384 abundanter
2733 3330 3058 3384 facientibus
3089 3325 3414 3396 superbiam.
3457 3343 3474 3375 I
3528 3322 3676 3377 Lon-

2107 3420 2340 3487 ganimis
2366 3430 2450 3476 est
2489 3422 2748 3476 Dominus
2781 3434 2909 3490 erga
2945 3423 3246 3490 superbos;
3279 3418 3346 3472 iis
3374 3427 3552 3471 autem
3583 3414 3679 3487 qui

428 3528 572 3575 νοις,
617 3514 728 3575 τοῖς
770 3510 827 3563 δὲ
879 3509 1157 3581 περισσῶς
1208 3508 1450 3563 ποιοῦσιν
1492 3510 1867 3582 ὑπερηφανίαν
1911 3509 1999 3564 καὶ

2108 3511 2452 3568 abundanter
2490 3512 2696 3569 faciunt
2746 3511 3093 3583 superbiam,
3135 3512 3295 3565 etiam
3338 3507 3680 3565 abundanter

430 3604 841 3659 ἀνταποδίδωσι.

1003 3784 1292 3837 ΨᾹΑΜΟΣ
1329 3783 1453 3836 AA’.

500 3872 793 3944 Μακάριοι
830 3869 917 3929 ὧν
938 3873 1252 3943 ἀφέθησαν
1278 3876 1337 3927 αἱ
1368 3872 1630 3942 ἀνομίαι,
1653 3874 1752 3939 καὶ
1783 3875 2003 3930 ἀπεκας

430 3969 751 4036 λύφθησαν
780 3968 840 4019 αὶ
867 3965 1164 4035 ἁμαρτίαι,
1197 3982 1253 4018 κ.
1282 3981 1334 4018 τ.
1359 3965 1405 4019 ὲ.
1454 3964 1728 4035 ’Δφίενται
1762 3966 1860 4036 μὲν
1888 3967 2002 4038 (71)

431 4059 489 4109 αἱ
523 4056 741 4127 ἀνομίαι
770 4055 857 4109 διὰ
878 4054 972 4108 τοῦ
1003 4054 1157 4122 ἁγίου
1193 4053 1601 4125 βαπτίσματος,
1636 4057 2001 4112 καλύπτονται

431 4146 486 4201 δὲ
514 4150 567 4201 αἱ
604 4146 974 4219 ἀμαρτίαιδιά
999 4147 1098 4217 τῆς
1133 4148 1338 4217 πικρᾶς
1369 4148 1645 4218 ἁμαρτίας
1672 4150 1976 4219 μετανοίας.

508 4238 633 4291 Ὅτι
661 4237 955 4306 ἐσίγησα,
1010 4234 1346 4303 ἐπαλαιώθη
1382 4236 1454 4289 τὰ
1495 4236 1644 4292 ὀστᾶ
1674 4257 1828 4307 μου,
1884 4239 2003 4295 ἀπὸ

435 4328 541 4382 τοῦ
565 4326 796 4396 κράζειν
819 4344 894 4396 με
920 4326 1075 4394 ὅλην
1103 4325 1220 4395 τὴν
1249 4326 1475 4395 ἡμέραν
1494 4367 1508 4391 ,
1557 4347 1610 4382 κ.
1647 4346 1697 4382 τ.
1733 4331 1779 4383 ὲ.
1839 4332 2004 4385 Ἐπα-

432 4419 637 4492 λαιώθη
656 4418 726 4472 τά
744 4419 877 4473 ὀστᾶ
901 4438 1002 4490 μου
1023 4420 1155 4492 (Ἱῖ),
1176 4420 1310 4474 διότι
1337 4419 1587 4492 ὲσίγησα.
1617 4423 1746 4475 Ἀπὸ
1767 4422 1859 4475 τοῦ
1882 4425 2011 4496 κρά-

439 4513 549 4577 ζειν
567 4512 830 4584 διηνεκῶς
852 4514 987 4585 πρὸς
1006 4515 1096 4567 τὸν
1114 4513 1245 4566 Θεὸν
1264 4513 1322 4564 οὐ
1342 4512 1697 4568 παλαιοῦνται
1719 4516 1774 4568 αἱ
1793 4515 1890 4585 τῆς
1908 4516 2010 4586 ψυ-

437 4608 539 4677 χῆς
570 4606 843 4676 δυνάμεις,
869 4605 983 4660 ἀλλ’
1006 4605 1090 4658 ἀεὶ
1109 4603 1457 4657 ἀνανεοῦνται
1474 4604 1659 4676 ἡμέρᾳ
1681 4606 1774 4659 καὶ
1799 4607 2003 4681 ἡμέρα.

438 4695 777 4751 Σιωπώντων
807 4696 866 4750 δὲ
897 4695 1248 4750 παλαιοῦνται
1296 4696 1392 4750 τὸν
1433 4695 1658 4750 παλαιὸν
1694 4697 2007 4769 ἀναλαμϐά-

438 4807 624 4844 νουσαι
651 4788 968 4861 ἄνθρωπον,
1005 4789 1098 4843 τὸν
1129 4789 1484 4861 φθειρόμενον
1520 4791 1660 4845 κατά
1690 4790 1789 4856 τὰς
1827 4792 2011 4847 ἐπιθυ-

426 4927 428 4929 ,
444 4882 569 4954 μίας
594 4881 694 4951 τῆς
722 4881 955 4951 ἀπάτης.

506 4973 626 5036 Τὴν
652 4974 946 5043 ἁμαρτίαν
971 4990 1091 5043 μου
1116 4971 1439 5043 ἐγνώρισα,
1480 4974 1576 5028 καὶ
1604 4974 1719 5044 τὴν
1754 4977 2010 5046 ἀνομίαν

511 5114 533 5145 ⁸
568 5110 589 5164 l
623 5109 750 5165 Cor.
783 5125 858 5175 vi,
901 5109 987 5165 i8.

509 5232 623 5301 (64)
659 5231 852 5286 Οὐδὲν
879 5231 1054 5297 οὕτω,
1092 5239 1199 5285 etc.
1241 5231 1474 5290 Eazdem.

511 5302 624 5372 (65)
651 5301 878 5372 Κλῆροι
902 5301 1021 5356 τῶν
1046 5301 1308 5372 δικαίων,
1348 5315 1454 5361 etc.
1518 5307 1705 5365 Codex
1729 5308 2015 5366 Coislinia-

443 5371 569 5433 nus.
606 5371 900 5437 Barbarus,
932 5383 989 5427 et
1019 5373 1236 5426 schedte
1264 5371 1473 5432 Grabii.

2107 3606 2383 3658 retribuit.

2611 3786 2930 3843 PSALMUS
2964 3783 3158 3841 XXXI.

2184 3879 2355 3938 Vens.
2388 3883 2438 3936 i.
2481 3880 2633 3935 Beati
2680 3895 2903 3948 quorum
2931 3879 3164 3933 remissa:
3200 3888 3320 3933 sunt
3346 3879 3673 3951 iniquitates.

2109 3982 2157 4028 et
2181 3990 2400 4044 quorum
2425 3982 2556 4026 tecta
2597 3980 2719 4026 sunt
2759 3982 2993 4040 peccata,
3028 3981 3136 4026 etc.
3174 3971 3545 4026 “emittuntur
3574 3971 3676 4026 inio

2111 4064 2349 4131 quitates
2386 4076 2483 4130 per
2501 4072 2747 4116 sanctum
2780 4059 3070 4128 baptisma,
3091 4059 3434 4115 occultantur
3456 4070 3680 4131 peccata

2110 4171 2206 4226 per
2236 4169 2477 4210 amaram
2509 4154 2713 4222 peccati
2742 4151 3143 4221 pmnitentiant.

2181 4250 2346 4306 νεεδ.
2384 4250 2440 4306 5.
2477 4250 2740 4315 Quoniam
2767 4247 2929 4313 tacui,
2958 4250 3372 4301 inveteraverunt
3397 4263 3516 4301 ossa
3539 4263 3680 4309 mea,

2113 4343 2238 4398 dum
2287 4342 2569 4397 clamarem
2618 4351 2727 4394 tota
2762 4343 2869 4406 die,
2914 4351 3019 4397 etc.
3056 4342 3501 4394 lnveteraverunt
3553 4353 3677 4394 ossa

2117 4448 2260 4499 mea,
2295 4434 2547 4501 quoniam
2580 4432 2742 4486 tacui.
2766 4432 2845 4486 Ex
2868 4432 3123 4488 continuo
3150 4431 3390 4487 clamore
3418 4432 3484 4484 ad
3510 4429 3677 4485 Deum

2116 4540 2221 4578 non
2253 4533 2599 4580 veterascunt
2632 4526 2827 4579 animae
2870 4525 3032 4588 vires,
3072 4522 3241 4595 646
3270 4524 3365 4579 sed
3411 4537 3679 4577 renovan-

2117 4624 2205 4671 tur
2242 4615 2309 4670 de
2344 4616 2432 4670 die
2464 4617 2517 4669 in
2551 4616 2715 4671 diem.
2753 4615 2830 4670 Ex
2867 4614 3085 4670 silentio
3117 4625 3298 4669 autem
3327 4623 3679 4669 veterascunt

2114 4716 2367 4765 veterem
2406 4715 2583 4761 denuo
2611 4707 2895 4760 induentes
2935 4703 3230 4772 hominem,
3260 4705 3352 4776 qui
3382 4704 3680 4775 corrumpi-

2113 4805 2199 4852 tur
2225 4801 2521 4854 secundum
2552 4798 2815 4854 desideria
2852 4798 3077 4853 erroris.

2182 4978 2342 5036 Vens.
2373 4981 2427 5048 5,
2471 4982 2522 5035 6.
2567 4980 2826 5035 Delictum
2860 4997 3031 5037 meum
3076 4983 3339 5053 cognitum
3371 4983 3491 5052 feci,
3521 4993 3567 5038 et
3595 4984 3678 5037 in-

2184 5237 2302 5308 (69)
2336 5235 2512 5307 Ψυχὴ
2563 5234 2821 5306 ἀπαθής,
2874 5243 2978 5290 etc.
3052 5233 3238 5290 Codex
3287 5232 3677 5299 Coislinianus,

2108 5309 2310 5365 Catena
2335 5308 2578 5362 Barbari.
3454 5322 3473 5343 .

2182 5380 2293 5451 (70)
2328 5376 2643 5451 Ἀληθείας
2673 5376 2808 5451 ἀντὶ
2854 5377 2995 5451 τοῦ,
3035 5385 3143 5451 etc.
3175 5375 3427 5451 _Scbeda:
3465 5371 3677 5439 Grabii,

518 5443 626 5516 (66)
654 5444 904 5514 Φεύγετε
947 5441 1062 5513 τὴν
1092 5442 1399 5513 πορνείαν,
1430 5455 1538 5507 etc.
1594 5448 1760 5506 Iidem
1798 5465 1930 5506 mss.
1962 5462 1999 5507 e‘

2112 5441 2284 5506 codex’
2316 5441 2704 5511 Coislinianus,
2724 5448 2937 5516 (Catena
2963 5441 3211 5501 Barbari.

446 5514 619 5568 Barba
629 5529 741 5568 rus.

514 5582 629 5718 (67)
657 5583 1081 5655 Εὐεργετεῗται,
1111 5590 1220 5638 etc.
1258 5583 1486 5644 Scbetla:
1509 5588 1719 5647 Grabii.

517 5652 607 5717 (68
660 5655 886 5718 ’Ὠσπερ
909 5656 976 5711 τὸ
998 5653 1342 5718 πρόσωπον.
1374 5669 1483 5717 etc.
1532 5660 1719 5718 Eaeden

517 5652 886 5730 (permeat-2p
909 5656 976 5711 τὸ
998 5653 1342 5726 πρόσωπον,
1374 5669 1483 5717 etc.
1532 5660 1745 5718 Eaedem
1780 5660 2012 5730 schedae,

447 5730 505 5775 et
537 5723 831 5783 Barbarus.
848 5723 862 5727 ⁷
1041 5723 1046 5724 “
1327 5723 1336 5726 ⁷
1988 5723 2001 5753 λ

2184 5518 2295 5588 (7i)
2333 5517 2620 5588 Ἀφίενται
2653 5515 2791 5588 μέν,
2834 5529 2940 5570 etc.
2978 5516 3228 5588 fSchedte
3263 5514 3470 5580 Grabii,
3505 5512 3673 5568 codex

2111 5586 2497 5652 Coisliuiauus,
2531 5586 2731 5641 Catena
2766 5587 3011 5641 Barbari.

2113 5658 2296 5785 huc”)
2332 5650 2698 5724 Ἐπαλαιώθη
2722 5654 2795 5708 τὰ
2815 5655 2965 5712 ὅστᾶ
2984 5674 3122 5726 μου,
3153 5666 3257 5714 etc.
3301 5654 3519 5710 St'ltcdze
3543 5650 3678 5705 Gra-

2149 5745 2209 5785 tt.

2149 5745 2209 5785 ιι.
