4020 6152
409 197 551 254 1303
1812 199 1903 253 EX
1939 201 1978 254 0

2082 199 2242 256 IENE
3500 195 3644 250 I504

408 308 662 369 iustitiam
687 323 851 360 meam
874 323 974 359 non
994 308 1262 361 abscondi.
1291 308 1410 362 Dixi
1431 325 1448 364 :
1466 307 1766 379 Conﬁtebor
1792 312 1978 365 adver-

2082 330 2196 382 μου
2230 313 2340 368 οὐκ
2368 310 2668 381 ἐκάλυψα.
2700 307 2875 364 Εἴπαο
2917 311 2972 362 Ἐ
2977 305 3318 379 ξαγεορεὺσω
3345 309 3466 362 κατ’
3493 309 3646 379 ἐμοῦ

406 411 522 448 sum
565 411 645 449 me
675 395 987 465 injustitiam
1013 412 1182 450 meum
1227 397 1454 452 Domino
1473 439 1487 462 ,
1517 409 1624 453 etc.
1649 415 1668 449 ι
1708 397 1894 454 Justus
1925 399 1978 454 in

2082 402 2196 471 τὴν
2214 404 2472 474 ἀνομίαν
2493 421 2611 473 μου
2630 401 2712 467 τῷ
2745 401 2938 468 Κυρίῳ
2955 439 2970 463 ,
2999 418 3054 455 κ.
3079 417 3131 454 τ.
3163 400 3211 452 ἐ.
3245 417 3264 451 ι
3289 399 3499 465 Δίκαιος
3528 401 3647 472 (75)

407 486 673 555 principio
707 485 976 541 sermonis
995 497 1280 543 accusator
1304 498 1388 544 est
1414 489 1494 543 sui
1517 488 1559 544 ³.
1600 507 1620 541 ι

2082 493 2243 549 αὑτοῦ
2277 495 2579 564 κατήγορος
2607 494 2665 546 ὲν
2694 491 3052 564 πρωτολογὶᾳ.
3083 511 3104 545 ι

485 577 644 632 Vens.
671 577 724 632 9.
770 575 946 631 Nolite
984 577 1102 645 fieri
1129 578 1266 632 sicut
1302 595 1464 648 equus
1492 590 1540 634 et
1563 579 1763 643 mulus,
1790 580 1978 651 quibus

2144 585 2241 653 Μὴ
2273 586 2514 655 γίνεσθε
2537 585 2617 650 ὡς
2645 584 2829 650 ἵππος
2857 585 2955 638 καὶ
2982 585 3232 654 ἡμίονος
3267 577 3358 650 οἷς
3384 586 3489 637 οὐκ
3516 582 3653 637 ἐστι

409 690 512 727 non
541 680 618 726 est
643 669 962 735 intellectus,
1003 679 1113 726 etc.
1153 671 1591 729 lrrationabilem
1628 676 1824 729 animae
1863 689 1978 730 mo-

2082 677 2350 743 σύνεσις,
2383 695 2438 731 κ.
2463 694 2516 731 τ.
2545 677 2593 730 ὲ.
2655 677 2767 748 Τὴν
2795 676 2986 745 ἄλογον
3015 677 3126 747 (74)
3169 676 3383 748 κίνησιν
3417 675 3514 746 τῆς
3549 675 3652 745 ψυ-

410 775 522 819 tum
555 771 717 817 vocat
751 777 952 832 equum
984 772 1040 819 et
1082 764 1307 820 mulum.
1338 766 1651 823 Intellectus
1685 775 1978 821 autemest

2082 769 2178 840 χῆς
2222 768 2370 837 λέγει
2417 769 2582 822 ἵππον
2615 768 2710 822 κα)⁸
2749 768 2996 840 ἡμίονον.
3046 768 3270 834 Σύνεσις
3311 768 3370 822 δέ
3401 769 3514 822 ἐστι
3559 768 3652 820 λο-

409 851 745 910 rationabilis
783 853 1022 922 cognitio
1051 863 1108 910 et
1146 855 1487 924 dijudicatio.

2082 861 2206 931 γικὴ
2239 859 2550 929 διάγνωσις.

477 944 644 1002 Vens.
674 943 764 1000 I0.
809 943 981 998 Multa
1028 945 1242 1014 ﬂagella
1292 949 1581 1016 peccatoris
1606 988 1622 1013 ,
1654 957 1759 1002 etc.
1795 947 1978 1002 Multas

2148 950 2378 1003 Πολλαί
2421 951 2480 1002 αἱ
2499 946 2786 1020 μάστιγες
2827 947 2934 1004 τοῦ
2978 949 3358 1020 ἀμαρτωλοῦ,
3411 967 3462 1002 κ.
3499 968 3551 1003 τ.
3596 950 3645 1004 ἑ.

410 1035 1107 1106 triludationesiustorum,
1146 1040 1314 1095 multa
1345 1041 1596 1097 dicuntur
1615 1041 1822 1113 ﬂagella
1859 1056 1978 1110 pec-

2082 1041 2147 1095 Ai.
2179 1040 2371 1093 πολλαὶ
2404 1040 2611 1109 θλίψεις
2639 1040 2752 1110 (75)
2778 1039 2888 1094 τῶν
2913 1040 3136 1095 δικαίων
3162 1041 3354 1094 πολλαὶ
3387 1041 3654 1112 μάστιγες

409 1136 682 1180 calorum.

2082 1131 2322 1200 λέγονται
2349 1131 2460 1184 τῶν
2493 1131 2852 1203 ἁμαρτωλῶν.

481 1221 644 1276 Vens.
686 1221 773 1278 Il.
817 1218 889 1277 Et
923 1223 1248 1294 gloriamini,
1270 1240 1446 1278 omnes
1484 1224 1612 1280 recti
1662 1226 1838 1290 corde,
1869 1235 1976 1281 etc.

2145 1220 2256 1276 Καὶ
2285 1221 2840 1291 καυχᾶσθε,πάντες
2869 1225 2922 1276 ol
2953 1220 3145 1289 εὐθεῖς
3181 1221 3258 1291 τῇ
3299 1223 3512 1291 καρδίᾳ
3531 1261 3549 1287 ,
3595 1241 3652 1279 κ.

411 1313 471 1366 Si
499 1313 592 1382 qui
622 1311 940 1382 gloriantur,
971 1312 1007 1367 ii
1041 1312 1173 1368 recti
1219 1322 1347 1368 sunt
1377 1315 1562 1375 corde.
1598 1329 1704 1369 non
1737 1315 1976 1368 omnium

2082 1329 2128 1364 τ.
2155 1313 2202 1364 ἑ.
2232 1313 2296 1365 Εί
2341 1313 2393 1365 ot
2439 1311 2780 1382 καυχώμενοι
2824 1313 2936 1384 (76)
2981 1312 3157 1376 εὐθεῖς
3192 1316 3298 1366 είσι
3323 1315 3389 1384 τῇ
3421 1311 3644 1384 καρδίᾳ,

409 1412 495 1458 est
525 1404 576 1458 in
607 1402 836 1458 Domino
865 1402 1104 1473 gloriari,
1135 1404 1390 1473 quoniam
1425 1417 1597 1472 neque
1625 1419 1814 1460 omnes
1846 1406 1975 1460 recti

2082 1401 2139 1454 οὐ
2169 1404 2387 1457 πάντων
2411 1403 2528 1456 ἐστὶ
2558 1403 2618 1455 τὸ
2646 1405 2702 1455 ἐν
2725 1403 2917 1476 Κυρίῳ
2947 1403 3288 1476 καυχᾶσθαι,
3341 1403 3474 1458 διότι
3516 1403 3655 1475 μηδὲ

409 1503 540 1549 Sunt
562 1496 748 1548 corde.

2082 1491 2280 1554 πάντες
2308 1492 2480 1556 εὐθεῖς
2506 1496 2571 1565 τῇ
2599 1493 2816 1565 καρδίᾳ.

483 1583 760 1656 Ejusdem.
795 1583 929 1640 Jure
979 1585 1172 1640 merito
1219 1585 1488 1641 ltetabitur
1518 1587 1562 1642 is
1599 1585 1688 1656 qui
1713 1595 1862 1640 recto
1897 1595 1978 1640 est

2154 1583 2268 1638 Τοῦ
2294 1585 2502 1638 αὑτοῦ.
2533 1585 2784 1654 Εὺλόγως
2809 1587 3146 1656 καυχήσεται
3185 1585 3298 1656 (7'7)
3339 1584 3369 1638 δ
3397 1584 3562 1647 εὐθὺς
3585 1585 3652 1654 τῇ

411 1677 597 1732 corde.
627 1676 769 1744 Quin
805 1686 862 1733 et
895 1677 1091 1732 rationi
1128 1688 1554 1732 consentaneum
1603 1690 1685 1733 est
1725 1680 1776 1732 in
1809 1678 1978 1732 tribu-

2082 1677 2299 1748 καρδίᾳ.
2328 1677 2562 1746 Εὒλογον
2586 1677 2643 1730 δὲ
2672 1678 2764 1730 καὶ
2783 1679 2844 1730 τὸ
2859 1679 3162 1748 καυχᾶσθαι
3189 1681 3246 1732 ὲν
3267 1679 3388 1740 ταῖς
3413 1677 3649 1746 Θλίψεσι.

411 1767 704 1824 lationibus
725 1767 1003 1823 delectari.
1027 1767 1161 1823 Vide
1192 1785 1324 1839 ergo
1355 1785 1482 1824 num
1514 1781 1694 1826 rectus
1721 1772 1795 1825 sit
1816 1769 1978 1824 corde

2085 1771 2313 1840 Μήποτε
2379 1769 2543 1834 εὐθύς
2586 1771 2703 1824 ἐστι
2745 1772 2814 1842 τῇ
2861 1771 3060 1844 καρδία
3113 1774 3142 1826 ὁ
3189 1769 3541 1842 καυχώμενος
3593 1771 3652 1823 ἐν

411 1858 504 1927 qui
531 1858 585 1913 in
610 1857 1047 1915 tribulationibus
1077 1859 1312 1914 laetatur.

2087 1859 2319 1932 θλίψεσι.

904 2063 1228 2118 PSALMUS
1255 2062 1468 2118 XXXII.

483 2156 645 2213 Vens.
679 2155 735 2211 I.
775 2153 1073 2220 Exsultate,
1089 2155 1251 2226 justi,
1279 2157 1335 2210 in
1363 2156 1607 2223 Domino,
1634 2166 1742 2216 etc.
1771 2156 1829 2212 Si
1866 2156 1976 2212 Do-

411 2251 596 2307 minus
630 2257 814 2304 noster
847 2250 1107 2320 sapientia
1154 2259 1270 2312 est,
1299 2249 1430 2319 justi
1476 2264 1608 2305 vero
1642 2250 1698 2305 in
1752 2249 1979 2304 Domino

410 2341 708 2410 exsultant,
736 2340 994 2395 continuo
1042 2341 1288 2410 sequitur
1333 2349 1392 2394 ut
1430 2341 1560 2410 justi
1610 2341 1665 2395 in
1713 2339 1978 2410 sapientia

410 2434 700 2488 exsultent.

484 2523 646 2580 Vens.
679 2522 735 2579 2.
776 2522 1112 2592 Couﬁtemini
1151 2520 1375 2577 Domino
1403 2522 1460 2576 in
1486 2521 1711 2587 cithara,
1738 2521 1797 2575 iu
1841 2520 1983 2590 psal-

409 2619 539 2671 terio
569 2619 744 2672 decem
777 2617 1094 2671 chordarum
1121 2614 1329 2684 psallite
1360 2613 1463 2680 illi,
1495 2623 1606 2669 etc.
1638 2613 1863 2670 Cithara
1899 2621 1980 2669 est

411 2708 590 2762 actrix
615 2708 796 2763 anima
819 2722 850 2762 a
881 2706 971 2762 Dei
995 2705 1280 2777 praeceptis
1315 2714 1625 2769 commota;
1661 2703 1980 2774 psalterium

2647 2063 2741 2117 ΨΑ
2751 2063 2941 2116 ΛΜΟΣ
2971 2061 3094 2116 AB’.

2169 2153 2575 2227 Ἀταλλιᾶσθε,
2601 2155 2837 2219 δίκαιοι,
2872 2154 2945 2206 ἐν
2966 2152 3046 2219 τῷ
3074 2153 3289 2221 Κυρίῳ,
3320 2169 3377 2206 κ.
3407 2169 3458 2205 τ.
3498 2152 3547 2204 ἐ.
3593 2151 3657 2205 Εί

2084 2247 2286 2320 Κύριος
2305 2247 2416 2320 (78)
2440 2248 2598 2320 ὴμῶν
2631 2247 2790 2317 σοφία
2821 2246 2988 2310 ἐστὶν,
3015 2247 3064 2300 οἱ
3083 2246 3140 2300 δὲ
3169 2245 3367 2298 δίκαιοι
3395 2247 3452 2298 ὲν
3465 2243 3657 2316 Κυρίῳ

2083 2342 2436 2412 ἀγαλλιῶσιν,
2469 2343 2518 2395 οἱ
2546 2341 2742 2395 δίκαιοι
2767 2342 2875 2413 ἄρα
2905 2342 2962 2394 ὲν
2987 2340 3148 2410 σοφία
3179 2337 3524 2407 ἀγαλλιῶσιν.

2167 2521 2653 2593 Ἐξομολογεῒσθε
2694 2518 2776 2586 τῷ
2809 2520 3006 2590 Κυρίῳ
3034 2519 3107 2573 ἐν
3132 2517 3367 2587 κιθάρᾳ,
3397 2517 3468 2573 ἐν
3498 2519 3658 2588 ψαλ-

2081 2617 2263 2686 τηρίῳ
2297 2613 2640 2684 δεκαχόρδφ
2677 2612 2914 2683 (hilare
2950 2609 3142 2678 αὐτῷ,
3192 2627 3248 2664 κ.
3283 2627 3334 2664 τ.
3363 2612 3410 2664 ὲ.
3442 2609 3658 2680 Κιθάρα

2082 2708 2200 2764 ἐστὶ
2226 2707 2336 2778 (79)
2371 2706 2518 2778 ψυχὴ
2551 2705 2827 2779 πρακτικὴ
2855 2703 2960 2759 ὑπὸ
2987 2703 3098 2758 τῶν
3136 2702 3368 2757 ἐντολῶν
3397 2701 3492 2756 τοῦ
3519 2701 3654 2756 Θεοῦ

410 2816 540 2856 vero
591 2813 745 2856 mens
791 2813 927 2870 pura
968 2812 1000 2853 a
1045 2796 1274 2868 spiritali
1319 2796 1624 2866 cognitione
1669 2807 1814 2852 acta.
1846 2798 1978 2854 Con-

2087 2801 2400 2872 κινουμὲνη,
2427 2800 2724 2871 ψαλτήριον
2745 2797 2801 2850 δὲ
2831 2797 2958 2861 νοῦς
2996 2797 3235 2868 καθαρὸς
3262 2795 3366 2849 ὑπὸ
3412 2812 3657 2866 πνευμα·

409 2901 613 2963 gruunt
645 2891 812 2948 etiam
841 2890 1002 2947 nobis
1031 2891 1225 2958 qumin
1261 2888 1442 2945 Veteri
1477 2889 1829 2945 Testamento
1859 2905 1980 2943 nm-

409 2983 527 3041 sica
556 2991 719 3039 erant
755 2997 987 3049 organa,
1017 2979 1063 3035 si
1098 2978 1419 3047 Spiritaliter
1459 2977 1857 3050 intelligantur.
1893 2977 1982 3033 Fi-

412 3090 548 3144 gura
577 3073 725 3129 enim
764 3073 1002 3142 quadam
1027 3084 1229 3139 corpus
1262 3068 1467 3124 dicitur
1494 3069 1728 3134 cithara,
1761 3068 1983 3138 spiritus

411 3176 594 3222 autem
644 3163 987 3236 psalterium,
1046 3177 1168 3233 quas
1221 3162 1427 3216 musica
1483 3161 1716 3232 quadam
1773 3161 1986 3217 ratione

411 3265 668 3327 aptantur
689 3254 944 3326 sapienti,
977 3255 1069 3325 qui
1111 3252 1392 3324 corporeis
1426 3252 1690 3310 membris
1723 3265 1981 3322 tanquam

410 3349 636 3405 chordis
651 3347 906 3402 decenter
939 3347 1137 3410 utitur,
1167 3353 1222 3399 et
1254 3343 1478 3414 spiritus
1515 3343 1808 3399 facultates
1843 3345 1984 3414 opti-

412 3454 501 3494 me
533 3439 691 3511 regit.
722 3437 958 3496 Pulchre
993 3445 1171 3492 autem
1211 3435 1400 3506 psallit
1428 3435 1473 3490 is
1501 3433 1594 3504 qui
1627 3443 1810 3500 mente
1839 3433 1983 3504 psal-

412 3535 496 3600 lit,
527 3533 764 3605 psalmos
793 3531 1036 3588 recitans
1079 3527 1374 3600 spiritales,
1396 3527 1530 3583 etin
1563 3528 1726 3585 corde
1747 3529 1982 3600 psallens

413 3627 547 3681 Deo.
579 3623 678 3682 Vel
701 3643 724 3680 ι
757 3624 948 3680 decem
995 3621 1320 3678 chordarum
1359 3638 1378 3673 ι
1419 3619 1558 3677 dixit
1588 3636 1706 3692 pro,
1735 3641 1754 3673 ι
1795 3622 1980 3676 decem

413 3732 744 3781 nervorum;
783 3735 804 3770 ι
833 3715 1036 3771 chorda
1070 3713 1220 3769 enim
1255 3726 1459 3768 nervus
1499 3723 1606 3771 est.
1655 3712 1980 3768 Psalterium

413 3812 596 3883 itaque
624 3810 811 3865 decem
853 3807 1183 3863 chordarum
1212 3805 1416 3860 dicitur
1449 3803 1615 3859 etiam
1654 3819 1872 3874 corpus,
1898 3815 1984 3860 ut-

413 3915 540 3974 pote
573 3905 719 3976 quod
751 3904 990 3975 quinque
1022 3917 1215 3959 sensus
1231 3902 1416 3968 habet,
1447 3911 1502 3958 et
1521 3900 1762 3970 quinque
1782 3899 1983 3954 anitum

415 3999 729 4064 facultates,
755 4011 982 4067 quarum
1013 3995 1241 4067 singulm
1260 4010 1290 4050 a
1317 3993 1550 4065 singulis
1583 3991 1836 4049 sensibus
1859 4005 1983 4062 per-

409 4099 662 4162 aguntur.

2083 2890 2244 2958 τικῆς
2295 2888 2615 2960 κινούμενος
2645 2887 2918 2959 γνώσεως.
2969 2887 3222 2958 Ἀρμόζει
3266 2886 3325 2940 δὲ
3383 2887 3478 2940 καὶ
3524 2887 3656 2956 ήμῐν

2082 2981 2153 3035 τὰ
2175 2981 2232 3034 ἐν
2253 2983 2318 3052 τῇ
2352 2982 2563 3051 Παλαιᾷ
2597 2979 2832 3052 μουσικὰ
2857 2978 3065 3052 ὄργανα
3088 2977 3473 3049 πνευματικῶς
3507 2977 3656 3032 νοού-

2087 3091 2243 3146 μενα,
2276 3074 2476 3145 κιθάρα
2499 3073 2596 3144 μὲν
2622 3071 2898 3143 τροπικῶς
2924 3072 2984 3126 τὸ
3005 3070 3162 3140 σῶμα
3185 3069 3498 3141 λεγόμενον,
3519 3067 3656 3138 ψαλ-

2084 3167 2272 3238 τήριον
2310 3165 2368 3218 δὲ
2399 3164 2460 3218 τὸ
2493 3163 2710 3234 πνεῦμα
2729 3179 2744 3194 ο
2776 3163 2932 3217 ἅτινα
2965 3161 3238 3235 μουσικῶς
3268 3161 3542 3231 ἥρμοσται
3577 3156 3656 3228 τῷ

2084 3263 2232 3336 σοφῷ
2266 3261 2346 3322 είς
2379 3258 2498 3313 δέον
2541 3257 2810 3330 χρωμένῳ
2843 3255 2918 3322 ὡς
2945 3257 3163 3330 χορδαῖς
3194 3257 3307 3319 τοῖς
3345 3254 3529 3326 μέλεσι
3559 3252 3650 3308 τοῦ

2085 3353 2365 3424 σώματος,
2391 3351 2485 3408 καὶ
2532 3353 2654 3415 ταῖς
2684 3351 2946 3422 δυνάμεσι
2977 3349 3071 3403 τοῦ
3104 3349 3434 3420 πνεύματος.
3465 3346 3656 3411 Καλῶς

2081 3441 2140 3496 δὲ
2177 3441 2366 3512 ψάλλει
2392 3443 2422 3496 ὁ
2465 3441 2683 3512 ψάλλων
2709 3440 2823 3506 νοῒ,
2855 3440 3103 3512 ψαλμοὺς
3140 3439 3314 3508 λέγων
3358 3454 3652 3508 πνευματι-

2083 3533 2235 3598 κοὺς,
2265 3533 2359 3588 καὶ
2385 3535 2444 3588 ὲν
2472 3533 2671 3606 καρδίᾳ
2698 3533 2840 3605 ᾅδων
2866 3532 2944 3603 τῷ
2972 3530 3109 3603 Θεῷ.
3146 3531 3218 3584 Ἣ
3258 3549 3276 3582 ι
3301 3530 3606 3602 δεκαχὸρδῳ
3625 3548 3648 3583 ι

2081 3627 2204 3680 ἀντὶ
2226 3625 2320 3680 τοῦ
2355 3645 2372 3678 ι
2401 3626 2739 3697 δεκανεύρῳ’
2754 3646 2774 3678 ι
2804 3624 2972 3697 χορδή
2989 3624 3098 3696 γὰρ
3116 3624 3150 3696 ἡ
3171 3623 3358 3696 νευ
3384 3623 3654 3695 Δεκάχορ-

2081 3718 2173 3772 δον
2219 3719 2278 3773 δὲ
2323 3719 2386 3774 τὸ
2413 3719 2714 3792 ψαλτήριον
2760 3717 2979 3788 λέγεται
3011 3711 3107 3772 οὖν
3140 3718 3234 3770 καὶ
3263 3717 3326 3770 τὸ
3359 3717 3549 3789 σῶμα,
3578 3715 3652 3780 ὡς

2083 3811 2247 3866 πέντε
2297 3810 2576 3883 αἰσθήσεις
2630 3811 2753 3882 ἔχον
2772 3851 2788 3877 ,
2812 3810 2910 3864 καὶ
2949 3808 3116 3863 πέντε
3147 3810 3426 3881 ἐνεργείας
3455 3809 3649 3880 ψυχῆς,

2080 3902 2150 3958 δι’
2178 3903 2416 3974 ἑκάστης
2446 3902 2752 3974 αἰσθήσεως
2775 3903 3013 3974 ἑκάστης
3039 3903 3320 3974 ἐνεργείας
3344 3902 3651 3973 γινομένης.

483 4179 648 4237 Visus.
681 4180 738 4236 3.
767 4177 990 4236 Cautate
1014 4181 1062 4234 ei
1103 4179 1363 4232 canticum
1389 4194 1598 4242 nouum,
1625 4186 1732 4231 etc.
1769 4173 1870 4242 Qui
1897 4189 1978 4231 se-

2159 4173 2370 4242 ’ᾼσατε
2425 4169 2588 4236 αὐτῷ
2643 4163 2809 4240 ᾆσμα
2853 4169 3099 4236 καινὸν,
3131 4188 3190 4226 κ.
3217 4189 3270 4226 τ.
3309 4172 3358 4226 ὲ.
3405 4171 3465 4226 '0
3517 4172 3652 4226 κατὰ

413 4275 652 4329 cundum
684 4271 1000 4328 interiorem
1047 4269 1318 4325 hominem
1355 4279 1650 4326 renovatus
1678 4278 1786 4334 est,
1815 4267 1982 4340 647

413 4367 459 4420 is
491 4363 690 4435 poterit
727 4376 932 4417 canere
973 4360 1246 4416 canticum
1280 4375 1501 4426 novum,
1532 4361 1734 4432 quippe
1770 4360 1860 4429 qui
1891 4375 1985 4414 ve-

410 4465 583 4510 terem
615 4453 771 4510 exuit
799 4452 1098 4514 hominem,
1126 4458 1182 4505 et
1225 4450 1398 4504 induit
1444 4465 1660 4518 novum,
1686 4450 1780 4522 qui
1821 4464 1982 4505 reno-

410 4557 570 4600 vatur
607 4544 906 4601 secundum
941 4544 1230 4614 imaginem
1256 4542 1534 4597 Creatoris
1556 4542 1598 4597 ⁸.

481 4638 648 4694 Vens.
681 4636 736 4692 5.
781 4636 964 4704 Diligit
1021 4631 1437 4688 misericordiam
1470 4642 1518 4687 et
1545 4634 1833 4703 judicium,
1868 4647 1977 4690 etc.

407 4730 466 4784 Id
491 4739 594 4794 est,
627 4729 1030 4784 misericordem
1057 4735 1110 4782 ct
1138 4725 1413 4794 iudicandi
1439 4726 1694 4794 peritum.

481 4821 754 4892 Ejusdem.
787 4821 967 4891 Diligit
1001 4837 1020 4874 ι
1072 4818 1520 4882 miscricordiam,
1550 4837 1569 4869 ι
1599 4833 1702 4888 qua
1750 4818 1975 4874 misere-

407 4926 519 4980 tur,
547 4922 816 4969 eteorum
847 4913 941 4982 qui
975 4912 1334 4968 miserentur:
1361 4909 1612 4965 similiter
1645 4912 1812 4966 etiam
1848 4929 1868 4962 ι
1890 4909 1976 4979 ju-

479 5034 501 5065 ³
527 5034 685 5088 Prov.
716 5030 975 5095 xvxtt,t'1'.
1045 5031 1068 5063 ⁸
1091 5029 1397 5093 Coloss.tn,
1432 5027 1485 5083 9.

473 5129 590 5196 (T5;
619 5128 872 5192 Δίκαιος,
908 5137 1013 5180 etc.
1055 5125 1267 5180 Eaedem
1298 5127 1528 5180 schedte.

477 5194 749 5281 (7:91:17
776 5197 1020 5267 ἄλογον,
1052 5204 1158 5250 etc.
1217 5196 1429 5251 Eaedem
1475 5194 1688 5252 schedaa
1718 5203 1777 5250 et
1801 5195 1970 5249 codex

407 5269 793 5326 Coislinianus.

478 5340 594 5407 (75)
620 5339 689 5393 At
725 5337 948 5393 πολλαὶ
982 5337 1240 5407 θλίψεις,
1263 5345 1366 5390 etc.
1408 5334 1570 5390 Iidem
1597 5333 1758 5389 codd.
1791 5347 1924 5390 mss.

506 5406 592 5477 76)
615 5411 680 5462 El
715 5412 769 5463 οἱ
801 5406 1190 5476 καυχώμενοι,
1217 5416 1323 5461 etc.
1363 5407 1546 5460 Iidem.

475 5472 592 5563 (ῖςιὸ
640 5472 1355 5548 Ε’ὺλόγωζνὶαυχήσεται,
1409 5486 1516 5531 etc.
1586 5474 1790 5530 Catena
1841 5472 1976 5531 Cor-

407 5550 592 5687 ἁεῖῗέ)
620 5620 690 5674 Et
711 5621 947 5688 Κύριος,
977 5628 1082 5675 etc.
1118 5617 1299 5675 Codex
1327 5617 1580 5686 Coislin.,
1608 5614 1974 5676 schedaeGra-

2081 4266 2174 4320 τὸν
2198 4266 2304 4319 Esto
2329 4264 2442 4336 (80)
2464 4263 2757 4320 ἀνακαινού
2766 4279 2924 4335 μενος
2946 4263 3231 4335 ἄνθρωπον
3248 4302 3264 4329 ,
3297 4264 3481 4335 ᾄσειεν
3504 4265 3569 4320 ἂν
3589 4266 3648 4317 τὸ

2082 4359 2264 4414 καινὸν
2295 4355 2448 4430 ᾆσμα
2466 4395 2483 4422 ,
2527 4357 2625 4411 ἅτε
2654 4356 2747 4412 τὸν
2778 4357 3007 4410 παλαιὸν
3049 4356 3414 4426 ἐκδυσάμενος
3444 4355 3648 4428 ἄνθρω-

2083 4470 2203 4515 πον,
2227 4452 2322 4506 καὶ
2360 4453 2718 4522 ἐνδυσάμενος
2758 4449 2850 4504 τὸν
2876 4449 3027 4513 νέον,
3055 4448 3147 4503 τὸν
3197 4448 3646 4520 ἀνακαινούμενον

2082 4544 2203 4598 κατ’
2235 4542 2417 4597 εἰκόνα
2447 4543 2542 4595 τοῦ
2573 4542 2877 4604 κτίσαντος.

2168 4633 2384 4706 Ἀγαπᾷ
2425 4634 2850 4704 ἐλεημοσύνην
2881 4630 2981 4686 καὶ
3009 4632 3232 4700 κρίσιν,
3259 4647 3313 4683 κ.
3338 4646 3390 4685 τ.
3421 4629 3470 4684 ἑ.
3511 4630 3646 4683 ’Λντὶ

2085 4725 2180 4781 τοῦ
2218 4725 2622 4796 (81),ὲλεήμονα
2651 4725 2742 4778 καὶ
2765 4722 3118 4794 διακριτικόν.

2161 4818 2273 4874 Τοῦ
2309 4818 2512 4872 αὐτοῦ.
2561 4817 2768 4887 Ἀγαπᾷ
2810 4835 2829 4868 ι
2870 4815 3240 4886 ἐλεημοσύνην
3283 4814 3416 4886 (82),
3452 4833 3474 4866 ι
3533 4813 3644 4867 καθ’

2083 4911 2152 4984 ἢν
2173 4909 2333 4973 ἐλεεῖ,
2353 4909 2447 4963 κα)¹
2475 4908 2572 4982 τὴν
2590 4909 2700 4962 τῶν
2736 4907 3046 4962 ἐλεούντων·
3075 4907 3272 4976 ὁμοίως
3303 4906 3360 4958 δὲ
3387 4907 3480 4959 καὶ
3514 4902 3642 4974 ικρί·

2081 5122 2176 5183 bii,
2211 5131 2267 5176 et
2295 5119 2497 5174 Catena
2527 5115 2773 5170 Barbari.

2153 5181 2266 5261 (79)
2292 5187 2513 5256 Κιθάρα
2533 5188 2690 5261 ἐστι,
2743 5196 2868 5261 etc.
2929 5184 3157 5261 Schcda:
3208 5181 3451 5261 Q_rah_ii._
3480 5181 3642 5238 codex

2081 5253 2469 5321 Co‘isli'nianus',
2499 5259 2805 5327 partimque
2839 5257 3112 5326 Barbarth
3134 5263 3197 5327 et
3220 5253 3540 5327 Corderius.

2153 5332 2264 5396 (80)
2310 5330 2374 5383 Ὀ
2412 5323 2563 5382 κατὰ
2585 5327 2692 5381 τὸν
2720 5323 2863 5398 ἔσω,
2889 5337 2996 5381 etc.
3055 5323 3284 5381 Scheda:
3331 5323 3541 5391 Grabii,
3586 5329 3638 5377 et

2080 5402 2280 5458 Catena
2310 5399 2572 5454 Corderii.

2154 5472 2266 5540 (8t)
2312 5469 2459 5524 Ἆντὶ
2492 5469 2617 5540 τοῦ,
2655 5477 2764 5523 etc.
2803 5467 2984 5522 Codex
3018 5465 3399 5540 Coislinia_nus.

2081 5613 2114 5670 ὁ
2150 5531 2264 5623 (βξ)
2305 5538 2531 5612 Ἀγαπᾷ
2578 5531 3018 5609 ἐλεημοσύνην,
3071 5547 3178 5594 etc.
3252 5536 3452 5593 Catena
3516 5531 3638 5588 Cor-

2117 5628 2239 5670 ern.

2117 5628 2239 5670 CI‘II.
