4020 6152
314 245 459 303 1505

1277 237 1589 296 SELECTA
1623 237 1694 293 ΙΝ
1728 236 2069 294 PSALMOS.
2104 271 2144 282 -
2197 238 2395 296 PSAL.
2435 239 2654 295 XXXII.

3431 239 3571 299 1306

314 383 421 431 σιν,
453 383 472 416 ι
522 361 646 417 καθ’
678 362 744 433 ἢν
791 359 1005 434 κρίνεν
1040 360 1122 414 ὅτι
1176 358 1245 413 τὰ
1309 360 1554 432 κρίματα
1600 357 1696 413 τοῦ
1750 358 1884 412 Θεοῦ

1998 358 2189 413 dicinm
2234 380 2253 413 ι
2306 376 2417 431 quo
2448 360 2694 430 jndicat,
2726 359 2984 431 quoniam
3025 360 3227 433 judicia
3273 361 3368 417 Dei
3420 379 3571 431 vera,

310 458 457 510 ἔστιν
485 454 715 526 ἀληθινὰ
733 495 746 515 ,
775 453 870 507 καὶ
893 452 1127 515 ἄϐυσσος
1154 450 1352 523 πολλὴ,
1400 454 1494 506 καὶ
1531 449 1886 524 άνεξεύρητα.

262 524 275 547 ί
321 549 534 620 Ἀγαπᾷ
564 524 621 601 δὲ
653 547 834 619 κρίσιν
873 546 967 600 καὶ
993 545 1093 617 τὴν
1126 544 1236 598 τῶν
1288 546 1534 610 δικαίων,
1571 540 1646 599 ὧν
1698 546 1746 597 οἱ
1807 544 1886 597 λο-

309 640 497 710 γισμοὶ
525 638 773 710 κρίματά
833 638 961 701 είσι,
1015 637 1147 709 περ)⁵
1195 630 1270 691 ὧν
1320 636 1537 707 λέγεται
1566 652 1582 668 ’
1645 655 1663 687 ι
1701 635 1893 709 Κρίμα

308 729 513 784 δίκαιον
546 727 788 801 κρίνατε.
817 747 835 781 ι
874 728 1003 781 Ὅτε
1032 727 1089 780 δὲ
1121 746 1140 779 ι
1176 729 1268 782 τὸν
1288 728 1437 799 ἣλιον
1476 726 1754 781 ἀνατέλλει
1799 727 1893 780 ἐπὶ

308 820 579 892 πονηροὺς
605 820 698 873 καὶ
725 817 985 888 ἀγαθοὺς,
1021 819 1116 874 καὶ
1144 818 1325 890 βρέχει
1376 819 1468 872 ἐπὶ
1514 818 1753 881 δικαίους
1797 821 1892 873 καὶ

309 910 548 976 ἀδίκους,
591 930 611 962 ι
648 908 916 981 βλέπομεν
944 908 1062 973 πῶς
1083 909 1177 963 τοῦ
1206 908 1386 974 ἐλέους
1427 909 1633 981 Κυρίου
1680 908 1893 982 πλήρης

310 1002 345 1072 ἡ
374 1001 471 1074 ﬁ-

386 1117 572 1185 Τιθείς
601 1119 672 1173 ἐν
696 1117 1028 1188 θησαυροῖς
1052 1117 1385 1182 ἀϐύσσους,
1416 1132 1473 1170 κ.
1506 1133 1558 1170 τ.
1592 1117 1638 1171 ὲ.
1701 1116 1765 1168 Οἱ
1805 1114 1889 1168 λό-

307 1226 396 1279 γοι
427 1209 537 1282 (85)
565 1212 662 1283 τῆς
683 1210 921 1265 ἀϐύσσου
945 1211 1004 1263 ὲν
1033 1210 1145 1273 τοῖς
1167 1208 1458 1280 θησαυροῖς
1479 1210 1582 1261 είσι
1614 1225 1706 1261 του
1733 1206 1889 1261 Θεοῦ.

383 1301 700 1371 Φοϐηθήτω
736 1303 844 1357 τὸν
869 1303 1088 1371 Κύριον
1116 1299 1283 1355 πᾶσα
1318 1301 1356 1368 ἠ
1388 1298 1484 1370 γῆ,
1547 1301 1649 1355 ἀπ’
1705 1299 1891 1353 αὐτοῦ

308 1392 381 1447 δὲ
406 1393 879 1460 σαλευθήτωσαν
909 1392 1131 1459 πάντες
1188 1394 1244 1446 οἱ
1299 1390 1720 1457 κατοικοῦντες
1778 1389 1893 1458 τὴν

307 1485 695 1555 οἰκουμένην,
739 1503 792 1540 κ.
828 1502 873 1538 τ.
905 1485 951 1538 ἑ.
976 1483 1148 1539 Τοῦτο
1191 1486 1249 1539 ὲν
1272 1486 1339 1554 τῇ
1373 1483 1771 1554 παρουσία(84)
1796 1480 1890 1534 τοῦ

307 1578 444 1632 Θεοῦ
485 1578 860 1651 πεπλήρωται,
904 1579 993 1633 ὅτε
1028 1579 1179 1631 πᾶσα
1211 1578 1245 1648 ἡ
1292 1577 1365 1646 γῆ
1412 1574 1650 1647 Χριστοῦ
1672 1572 1893 1645 Ἐκκλη-

311 1669 455 1734 σίαις
484 1669 830 1741 πεπλήρωτο.
866 1669 1019 1740 Τάχα
1040 1668 1238 1737 λέγοιτ’
1270 1668 1335 1723 ἄν
1354 1685 1368 1698 ο
1402 1669 1465 1721 Οἱ
1529 1666 1625 1737 μὲν
1682 1665 1892 1737 ἀνθρω-

311 1776 425 1827 ποι,
442 1760 791 1832 ἀγαπήσατε,
820 1760 934 1832 ἡδὲ
968 1762 1041 1831 γῆ
1069 1759 1379 1832 φοϐηθήτω.
1416 1761 1479 1812 Ol
1512 1758 1562 1812 δὲ
1591 1758 1688 1829 τὴν
1716 1759 1891 1811 οἰκου-

309 1847 480 1921 μένην
521 1849 847 1921 Ἐκκλησίας
870 1849 962 1904 τοῦ
984 1849 1120 1904 Θεοῦ
1152 1848 1564 1913 κατοικοῦντες,
1598 1849 1699 1903 οὐκ
1737 1850 1891 1902 ἀναι-

307 1939 631 2011 σθητοῦντες
656 1939 749 1994 τοῦ
774 1942 1005 2013 Κυρίου,
1040 1942 1135 1996 ἀπ’
1177 1942 1342 1996 αὑτοῦ
1379 1939 1716 2006 σαλεύονται,
1749 1939 1889 2012 πλη-

307 2030 530 2102 ροῦντες
557 2029 656 2102 τὴν
684 2031 1052 2104 προκειμένην
1084 2032 1327 2103 ἐντολήν.
1357 2032 1428 2084 Ἦ
1463 2033 1512 2085 οἱ
1566 2031 1678 2086 ἀπὸ
1727 2031 1888 2101 λόγου

303 2122 401 2176 τοῦ
427 2122 563 2176 Θεοῦ
595 2123 905 2195 κινούμενοι
939 2124 1034 2178 ἀπ’
1077 2124 1242 2178 αὑτοῦ
1293 2124 1632 2191 σαλεύονται,
1689 2124 1890 2189 ζῶντος

302 2216 363 2269 ὲν
389 2215 573 2279 αὐτοῖς
604 2214 698 2269 τοῦ
734 2215 997 2287 Χριστοῦ.

382 2305 494 2360 Τοῦ
527 2307 738 2361 αὐτοῦ.
794 2306 964 2371 Σάλος
1013 2307 1161 2361 ἐστὶν
1213 2306 1326 2377 (85)
1366 2306 1652 2371 ἐπαινετὸς
1708 2306 1890 2381 ψυχῆς

304 2394 534 2468 λογικῆς
565 2398 674 2452 ἀπὸ
700 2397 898 2464 κακίας
956 2399 1052 2453 καὶ
1096 2398 1373 2470 ἀγνωσίας
1431 2400 1520 2453 ἐπ’
1552 2399 1753 2472 ἀρετὴν
1795 2401 1890 2455 καὶ

302 2488 507 2559 γνῶσιν
546 2491 857 2561 μετάθεσις.

378 2603 501 2655 Ὀτι
528 2601 713 2669 αὐτὸς
738 2598 887 2667 εἷπε,
912 2601 1009 2655 καί
1028 2600 1407 2673 ἐγενήθησαν
1424 2619 1439 2634 ο
1468 2604 1653 2666 αὐτὸς
1673 2602 1890 2659 ἐνετεί-

302 2698 474 2760 .lazo,
506 2696 607 2747 καὶ
644 2689 1033 2762 ἐκτίσθησαν,
1059 2710 1115 2747 κ.
1148 2710 1199 2746 τ.
1238 2695 1284 2747 ὲ.
1325 2695 1389 2747 Ἠ
1413 2695 1511 2766 μὲν
1535 2695 1749 2763 γένεσις
1779 2695 1887 2767 (86)

302 2788 403 2859 τὴν
434 2784 545 2840 τῶν
578 2784 812 2855 λογικῶν
857 2785 1114 2839 οὑσίωσιν
1156 2782 1345 2857 δηλοῖ·
1394 2788 1428 2857 ἡ
1477 2787 1535 2841 δὲ
1575 2788 1752 2851 κτίσις
1788 2788 1889 2858 τὴν

301 2878 530 2933 ἀπὸτοῦ
565 2878 873 2952 κρείττονος
908 2879 1000 2932 ἐπὶ
1038 2878 1100 2933 τὸ
1137 2882 1319 2951 χεῖρον
1369 2879 1702 2951 μεταϐολήν·
1764 2900 1782 2932 ι
1823 2879 1893 2933 Εἴ

301 2984 388 3031 τις
424 2987 444 3021 ι
470 2968 579 3040 γὰρ
614 2986 632 3019 ι
664 2969 721 3021 ἐν
748 2965 968 3040 Χριστῷ
988 2968 1147 3040 καινὴ
1174 2969 1372 3035 κτίσις,
1405 2988 1422 3022 ι
1454 2967 1882 3034 ἀνακαινίζεται.

1992 460 2045 503 et
2072 450 2299 522 abyssus
2328 453 2494 506 multa
2529 463 2582 508 et
2629 452 3000 509 inscrutabilis
3022 454 3063 509 ⁵.
3088 453 3395 522 Quinetiam
3422 466 3574 511 amat

1984 542 2248 612 judicium
2299 543 2610 614 justornm,
2657 561 2889 614 quorum
2950 548 3309 617 cogitationes
3361 548 3571 619 judicia

1990 642 2135 697 sunt,
2164 635 2229 687 de
2263 634 2459 702 quibus
2497 634 2699 689 dicitur
2726 635 2747 667 ⁸
2783 653 2797 690 :
2831 654 2850 688 ι
2887 635 3099 691 Justum
3128 637 3394 708 judicium
3426 639 3573 707 judi-

1992 732 2135 778 cate.
2169 743 2188 776 ι
2214 724 2446 791 Quando
2491 735 2671 779 autem
2708 744 2726 778 ι
2758 726 2927 782 solem
2964 742 3122 783 suum
3160 729 3288 783 oriri
3322 729 3452 783 facit
3480 745 3573 782 su-

1992 830 2090 885 per
2112 817 2282 872 malos
2316 826 2365 870 et
2404 820 2597 885 Ιιοιιιο,
2626 825 2680 871 et
2730 818 2868 887 pluit
2909 834 3073 889 super
3117 818 3294 888 justos
3341 832 3395 875 et
3427 820 3574 889 inju-

1992 916 2108 963 stos
2127 910 2173 973 ",
2188 929 2206 961 ι
2226 910 2468 965 videmus
2489 912 2757 987 quomodo
2781 912 3154 967 misericordia
3177 911 3387 969 Domini
3410 913 3571 983 plena

1993 1001 2062 1057 sit
2101 1009 2262 1054 terra.

2065 1114 2233 1170 Vens.
2259 1112 2317 1166 7.
2358 1112 2570 1167 Poneus
2608 1115 2662 1167 in
2690 1114 2952 1169 thesauris
2984 1116 3220 1185 abyssos,
3250 1126 3355 1173 etc.
3383 1115 3572 1174 Ratio-

1993 1220 2090 1262 nes
2125 1207 2305 1276 abyssi
2343 1207 2397 1260 in
2425 1206 2703 1279 thesauris
2724 1207 2817 1260 Dei
2843 1217 2992 1265 sunt.

2070 1297 2229 1351 Vens.
2260 1296 2315 1350 8.
2349 1296 2549 1352 Timeat
2581 1298 2864 1352 Dominum
2903 1299 3075 1354 omnis
3106 1309 3268 1366 terra,
3297 1299 3362 1353 ab
3387 1316 3448 1354 eo
3471 1318 3571 1353 au-

1994 1398 2094 1441 tem
2144 1400 2571 1443 commoveantur
2619 1406 2797 1443 omnes
2823 1391 3177 1446 inhabitantes
3221 1393 3423 1458 orbem,
3455 1406 3566 1448 etc.

1995 1478 2108 1533 Hoc
2142 1478 2193 1531 in
2227 1478 2459 1532 adventu
2494 1479 2584 1532 Dei
2613 1480 2896 1549 impletum
2928 1491 3032 1542 est,
3067 1482 3286 1550 quando
3314 1483 3572 1537 universa
3631 1482 3635 1486 ’

1998 1580 2142 1625 terra
2172 1568 2372 1625 Christi
2398 1568 2650 1626 Ecclesiis
2689 1579 2775 1625 est
2812 1572 3035 1642 repleta.
3060 1572 3225 1628 Forte
3265 1575 3432 1627 etiam
3465 1573 3571 1628 dici

1997 1666 2163 1734 possit
2190 1682 2204 1717 :
2232 1664 2509 1731 Homines,
2528 1665 2759 1735 diligite,
2786 1677 2929 1720 terra
2958 1682 3087 1721 vero
3113 1668 3321 1721 timeat.
3349 1666 3448 1734 Qui
3476 1683 3573 1720 au-

1997 1765 2100 1809 tem
2128 1754 2316 1809 orbem
2349 1754 2602 1809 Ecclesia:
2633 1754 2727 1808 Dei
2770 1754 3104 1819 inhabitant,
3137 1771 3258 1809 cum
3287 1753 3570 1808 Dominum

1992 1850 2379 1917 cognoverint,
2413 1849 2482 1903 ab
2517 1848 2635 1918 ipso
2680 1856 3127 1912 commoventur,
3163 1848 3289 1901 dum
3326 1846 3378 1901 id
3427 1847 3573 1918 quod

1992 1940 2325 2010 propositum
2379 1949 2483 2003 est,
2518 1949 2846 2009 praeceptum
2894 1940 3211 1994 observant.
3259 1937 3357 1994 Vel
3405 1937 3500 2009 qui
3540 1953 3571 1991 a

1990 2036 2157 2089 verbo
2184 2035 2278 2089 Dei
2312 2045 2620 2099 moventur,
2645 2034 2714 2089 ab
2744 2035 2859 2105 ipso
2887 2042 3320 2100 commoventur,
3351 2033 3573 2087 vivente

1991 2126 2046 2182 in
2084 2127 2216 2197 ipsis
2245 2127 2485 2183 Christo.

2060 2302 2341 2373 Ejusdem.
2385 2303 2691 2359 Commotio
2736 2300 3024 2357 laudabilis
3051 2309 3131 2356 est
3177 2301 3371 2355 animae
3403 2301 3571 2357 ratio-

1991 2397 2135 2452 nalis
2169 2414 2198 2452 a
2231 2397 2431 2451 malitia
2461 2407 2516 2452 et
2553 2397 2856 2467 ignorantia
2907 2396 2974 2451 ad
3010 2397 3269 2449 virtutem
3299 2407 3353 2451 et
3396 2396 3573 2452 scien-

1994 2497 2122 2551 tiam
2152 2496 2461 2552 translatio.

2060 2607 2226 2663 VEns.
2265 2607 2319 2663 9.
2354 2606 2618 2673 Quoniam
2661 2606 2773 2674 ipse
2814 2606 2972 2673 dixit,
2998 2617 3044 2660 et
3086 2607 3231 2674 facta
3262 2614 3410 2667 sunt,
3454 2605 3567 2673 ipse

1988 2699 2280 2765 mandavit,
2300 2710 2348 2754 et
2369 2710 2545 2754 creata
2577 2709 2723 2766 sunt,
2755 2710 2861 2754 etc.
2888 2698 3181 2754 Generatio
3202 2698 3568 2754 substantiam

1991 2792 2394 2848 rationabiliutn
2455 2807 2635 2845 rerum
2703 2790 3022 2861 signilicat;
3108 2792 3320 2843 rreatio
3381 2800 3564 2843 autem

1990 2885 2343 2940 mutationem
2372 2899 2401 2937 a
2435 2883 2578 2937 bono
2603 2883 2653 2936 in
2684 2882 2908 2937 malum.
2940 2899 2960 2932 ι
2999 2881 3054 2934 Si
3087 2897 3188 2949 qua
3227 2899 3247 2932 ι
3277 2881 3420 2935 enim
3456 2899 3476 2933 ι
3513 2882 3566 2937 in

1989 2978 2206 3033 Christo
2234 2991 2369 3030 nova
2400 2984 2649 3031 creatura
2675 2974 2750 3038 ⁸,»
2785 2982 3097 3028 renovatur.

371 3082 586 3150 Κύριος
636 3080 1010 3143 διασκεδάζει
1054 3082 1294 3149 ,ϐουλὰς
1312 3082 1523 3150 ἐθνῶν,
1569 3084 1771 3139 ἀθετεῖ
1816 3085 1885 3139 δὲ

2056 3089 2220 3142 Ἶεῐιε.
2248 3086 2334 3141 10.
2381 3087 2635 3140 Dominus
2675 3085 2899 3153 dissipat
2930 3081 3154 3136 consilia
3195 3081 3450 3152 gentium,
3484 3095 3566 3133 re-

302 3172 632 3249 λογισμοὺς
663 3171 829 3228 λαῶν
848 3210 866 3239 ,
896 3173 998 3228 καὶ
1025 3173 1221 3228 ἀθετεῖ
1261 3174 1500 3241 βουλὰς
1553 3175 1881 3246 ἀρχόντων,

302 3284 360 3321 κ.
393 3281 444 3320 τ.
475 3267 521 3319 ὲ.
546 3266 612 3318 Αἱ
644 3265 830 3336 βουλαὶ
858 3265 968 3319 τῶν
998 3265 1168 3319 ἐθνῶν
1208 3265 1358 3337 (87),
1414 3267 1508 3320 καὶ
1546 3268 1596 3320 οἱ
1635 3268 1885 3337 λογισμοὶ

300 3359 414 3412 τῶν
436 3359 602 3423 λαῶν,
633 3359 728 3414 καὶ
748 3361 806 3414 αἱ
838 3359 1026 3431 βουλαὶ
1083 3358 1193 3412 τῶν
1243 3358 1519 3431 ἀρχόντων
1565 3360 1884 3415 ἀθετοῦνται

301 3452 410 3507 ὑπὸ
436 3453 663 3526 Κυρίου,
698 3454 775 3517 ὡς
803 3452 1212 3522 ἐναντιούμεναι
1258 3453 1339 3522 τῷ
1370 3451 1636 3523 θελήματι
1694 3453 1882 3520 αὐτοῦ,

301 3543 399 3599 τοῦ
421 3563 441 3597 ι
465 3546 670 3609 πάντας
693 3544 1013 3617 ἀνθρώπους
1033 3544 1278 3609 θέλοντος
1297 3544 1534 3616 σωθῆναι
1559 3545 1653 3600 καὶ
1669 3549 1747 3610 είς
1772 3547 1886 3600 ἐπί-

302 3654 504 3708 γνωσιν
532 3636 790 3709 ἀληθείας
815 3636 1010 3691 ἐλθεῖν.
1057 3656 1077 3690 ι

386 3728 440 3781 Ὀ
478 3729 722 3794 πλάσας
753 3728 904 3783 κατὰ
935 3730 1133 3800 μόνας
1191 3730 1300 3795 τὰς
1350 3731 1601 3799 καρδίας
1662 3729 1880 3795 αὐτῶν,

300 3822 337 3875 ό
362 3819 597 3886 συνιείς
626 3817 824 3873 πάντα
850 3820 922 3873 τὰ
952 3821 1096 3890 ἔργα
1121 3819 1340 3884 αὐτῶν,
1376 3840 1429 3875 κ.
1458 3840 1509 3875 τ.
1539 3824 1588 3877 ὲ.
1632 3824 1691 3875 'U
1723 3822 1886 3893 μόνος

302 3911 516 3974 πλάσας
537 3908 647 3980 (88)
677 3910 838 3980 μόνος
866 3912 960 3964 καὶ
988 3910 1277 3981 γινώσκει·
1322 3911 1404 3966 διὸ
1445 3913 1626 3978 καλῶς
1668 3914 1886 3980 λέγεται

303 4004 333 4055 ὁ
360 4001 494 4066 Θεὸς
529 4001 690 4072 μόνος
718 4001 1177 4076 καρδιογνώστης.

368 4115 718 4170 ’Ῥύσασθαι
751 4117 820 4171 ἐκ
852 4116 1112 4173 θανάτου
1149 4119 1256 4184 τὰς
1290 4120 1498 4190 ψυχὰς
1534 4118 1752 4185 αὐτῶν,
1785 4120 1885 4175 καὶ

302 4205 617 4275 διαθρέψαι
644 4209 867 4276 αὐτοὺς
896 4210 965 4263 ἐν
989 4209 1162 4280 λιμῷ,
1197 4228 1250 4265 κ.
1297 4229 1349 4264 τ.
1398 4212 1444 4266 ὲ.
1491 4211 1760 4283 Πρότερον
1807 4212 1890 4265 δεῖ

304 4299 418 4372 (89)
442 4317 563 4354 τινα
591 4300 853 4371 ῥύσασθαι
882 4302 991 4355 ἀπὸ
1013 4302 1263 4368 θανάτου,
1284 4300 1383 4358 εἴθ’
1407 4303 1578 4368 οὕτως
1599 4305 1889 4377 διατραφῆ-

1985 3182 2169 3250 probat
2197 3189 2370 3232 autem
2391 3177 2732 3247 cogitationes
2748 3172 3083 3243 populorum,
3099 3181 3147 3227 et
3173 3172 3416 3239 reprobat
3439 3187 3567 3225 eon-

1986 3271 2110 3326 silia
2132 3271 2454 3341 principum,
2481 3278 2587 3323 etc.
2629 3266 2870 3322 Consilia
2921 3266 3185 3335 gentium,
3211 3265 3566 3334 cogitationes

1986 3363 2304 3434 populorum
2342 3401 2358 3427 ,
2391 3370 2447 3417 et
2493 3360 2714 3415 consilia
2764 3359 3067 3429 principum
3122 3359 3489 3426 reprobantur
3531 3371 3563 3412 a

1990 3456 2240 3522 Domino,
2271 3465 2329 3509 ut
2378 3455 2652 3510 contraria
2687 3453 2953 3507 voluntati
3007 3452 3125 3521 ejus
3175 3468 3194 3502 ι
3239 3450 3330 3519 qui
3367 3463 3564 3503 omnes

1987 3548 2236 3606 homines
2270 3548 2384 3603 vult
2421 3547 2599 3604 salvos
2628 3546 2745 3602 ﬁeri
2775 3554 2830 3603 et
2850 3545 2917 3600 ad
2948 3545 3279 3616 agnitionem
3313 3541 3565 3598 veritatis

1989 3644 2178 3699 venire
2204 3644 2248 3697 ’.
2288 3661 2309 3695 ι

2058 3733 2229 3790 Vens.
2256 3732 2344 3788 l5.
2386 3732 2490 3798 Qui
2522 3731 2680 3802 ﬁnxit
2714 3729 3031 3800 singillatim
3062 3726 3222 3781 corda
3247 3742 3451 3790 eorum,
3475 3724 3568 3794 qui

1986 3825 2234 3894 intelligit
2280 3827 2457 3878 omnia
2493 3839 2652 3892 opera
2706 3838 2907 3887 eorum,
2937 3829 3042 3876 etc.
3074 3820 3176 3887 Qui
3209 3819 3357 3875 solus
3388 3819 3563 3882 ﬁnxit.

1986 3918 2136 3973 solus
2157 3918 2321 3973 etiam
2355 3917 2658 3988 cognoscit.
2683 3915 2861 3983 Quare
2896 3913 3124 3983 pulchre
3156 3913 3448 3968 admodum
3475 3928 3567 3970 suo

1986 4011 2073 4065 lus
2102 4012 2241 4066 Deus
2272 4010 2518 4065 cordium
2544 4011 2798 4079 cognitor
2828 4007 3047 4062 dicitur.

2063 4126 2223 4181 Vens.
2252 4125 2338 4181 i9.
2376 4122 2446 4178 Ut
2475 4132 2624 4178 eruat
2653 4140 2684 4177 a
2712 4130 2877 4176 morte
2900 4122 3109 4175 animas
3139 4135 3341 4185 eorum,
3372 4129 3422 4173 et
3449 4117 3562 4172 alat

1987 4237 2074 4274 eos
2103 4221 2157 4273 in
2194 4219 2352 4289 fame.
2378 4225 2484 4271 etc.
2516 4216 2672 4270 Prius
2692 4212 2966 4268 eruendus
2990 4220 3070 4267 est
3105 4211 3372 4280 quispiam
3394 4207 3566 4281 δίε

1989 4328 2017 4367 a
2057 4319 2255 4374 morte,
2279 4309 2474 4364 deinde
2522 4308 2602 4362 sic
2650 4304 2892 4361 alendus.
2927 4303 3081 4358 Hunc
3112 4317 3210 4372 per
3230 4316 3392 4371 opera
3420 4300 3565 4355 eruit

303 4408 414 4447 ναι.
449 4393 560 4445 Καὶ
587 4392 676 4446 διὰ
707 4393 805 4464 μὲν
829 4394 1139 4464 πρακτικῆς
1159 4393 1347 4464 ῥύεταί
1374 4411 1495 4449 τινα
1519 4395 1629 4449 ἀπὸ
1656 4396 1886 4450 θανάτου

1998 4403 2136 4459 Deus
2169 4417 2199 4457 a
2234 4409 2428 4467 morte,
2454 4399 2550 4454 alit
2578 4407 2758 4453 autem
2798 4411 2894 4467 per
2929 4395 3311 4465 cognitionem.

302 4483 331 4536 ὁ
363 4481 588 4552 Κύριος,
608 4481 695 4536 διὰ
712 4482 770 4536 δὲ
796 4480 1051 4552 γνώσεως
1070 4484 1279 4556 τρέφει.

386 4597 543 4654 Ἡδὲ
592 4597 765 4668 ψυχὴ
812 4595 982 4667 ήμῶν
1024 4598 1317 4668 ὑπομενεῖ
1370 4599 1453 4667 τῷ
1518 4601 1731 4669 Κυρίῳ,
1794 4601 1884 4655 ὄτι

308 4689 529 4757 ϐοηθὸς
568 4690 669 4743 καὶ
701 4690 1167 4759 ὑπερασπιστὴς
1210 4689 1391 4761 ἡμῶν
1407 4692 1597 4753 ἐστιν,
1631 4708 1685 4746 κ.
1730 4709 1782 4746 τ.
1833 4695 1883 4748 ἐ.

314 4782 382 4835 Ἦ
411 4781 507 4834 τοῦ
528 4779 737 4835 δικαίου
762 4781 897 4852 (89⁶)
916 4783 1112 4853 καρδία
1136 4783 1236 4836 οὐκ
1266 4783 1614 4855 εὐφραίνεται
1644 4786 1701 4837 ἐν
1740 4782 1882 4857 βρώ-

304 4889 471 4944 μασιν
499 4872 532 4943 ἥ
568 4874 625 4925 ὲν
659 4872 920 4944 πόμασιν,
950 4872 1069 4927 ἀλλ’
1101 4874 1160 4926 ὲν
1179 4872 1520 4945 δικαιοσύνῃ,
1546 4880 1640 4928 καὶ
1670 4875 1885 4943 γίώσει,

304 4965 401 5019 κα)⁸
435 4965 621 5038 σοφίᾳ.

2066 4599 2226 4654 Vnus.
2251 4596 2342 4651 20.
2375 4595 2567 4649 Anima
2617 4602 2794 4646 nostra
2841 4591 3055 4645 sustinet
3088 4588 3399 4649 Dominum,
3430 4601 3562 4654 quo-

1991 4694 2133 4747 niam
2156 4692 2374 4762 adjutor
2409 4697 2460 4744 et
2503 4696 2761 4756 protector
2800 4695 2974 4738 noster
2999 4692 3092 4742 est,
3142 4690 3249 4732 etc.
3300 4672 3559 4742 Corjusti

1992 4800 2095 4840 non
2126 4784 2427 4839 delectatur
2457 4780 2511 4834 in
2546 4780 2668 4834 cibo
2719 4786 2811 4832 aut
2840 4786 2989 4847 potu,
3025 4773 3119 4829 scd
3164 4773 3215 4825 in
3248 4769 3481 4838 jnstitia,
3505 4773 3560 4820 et

1995 4875 2241 4941 scientia,
2271 4886 2322 4931 et
2353 4873 2642 4944 sapientia.

375 5102 398 5135 ⁸
430 5101 577 5157 Psal.
620 5116 778 5177 xvm,
805 5101 873 5156 19
897 5109 953 5157 et
990 5115 1155 5167 xxxv,
1181 5100 1239 5156 7.
1312 5102 1334 5133 ⁸
1356 5100 1513 5158 Joan.
1539 5119 1637 5169 vn,
1664 5103 1756 5158 2t.
1829 5104 1849 5135 "
1877 5103 1887 5158 1

1998 5101 2065 5156 th.
2096 5114 2150 5167 ν,
2177 5095 2264 5152 45.
2341 5096 2363 5129 ⁸
2386 5092 2430 5149 ll
2453 5092 2583 5149 Cor.
2619 5108 2670 5157 ν,
2705 5090 2794 5145 17.
2867 5089 2931 5144 ’l
2960 5086 3100 5143 Tim.
3126 5102 3184 5152 ll,
3220 5084 3275 5138 4.

340 5261 490 5333 (85)
515 5262 582 5316 Ol
612 5260 802 5333 λόγοι,
838 5269 944 5333 etc.
989 5258 1219 5333 Schedte
1247 5259 1457 5329 Grabii,
1486 5262 1657 5318 codex
1687 5261 1883 5318 Coisli-

306 5330 528 5395 nianus,
558 5344 614 5387 et
649 5330 854 5387 Catena
888 5330 1142 5386 Barbari.

374 5402 490 5484 (ει)
522 5403 708 5460 Τοῦτο
747 5402 818 5456 ἐν
859 5399 935 5471 τῇ
972 5403 1295 5473 παρουσίᾳ,
1344 5413 1451 5460 etc.
1510 5400 1711 5458 Catena
1754 5402 1887 5459 Cor-

306 5473 488 5615 άθῖέὲ)
516 5542 715 5612 Σάλος
751 5543 949 5612 ἐστίν,
987 5553 1097 5600 etc.
1159 5544 1340 5602 Codex
1392 5542 1779 5606 Coislinianus.
1826 5505 1883 5601 et

315 5614 527 5660 st-lievm
552 5613 756 5660 ﬂrahii-

315 5614 527 5667 St'ltevl'e
552 5614 759 5670 Grabii.

398 5681 512 5754 (86)
549 5684 618 5738 'H
631 5684 749 5754 μὲν
774 5685 1031 5758 γένεσις,
1057 5694 1167 5742 etc.
1208 5684 1389 5741 Codex
1418 5683 1799 5742 Coislinianus.

2062 5260 2176 5382 (87)
2202 5263 2274 5315 Αἰ
2291 5256 2515 5344 τΒρομί
2544 5254 2664 5310 τῶν
2698 5251 2912 5321 ἐθνῶν,
2940 5263 3049 5307 etc.
3109 5249 3336 5305 Schedae
3366 5244 3554 5304 Grabii

2073 5347 2153 5382 ent
2176 5347 2242 5382 ex
2270 5330 2654 5382 (.otslnuanus.

1990 5341 2045 5387 et
2073 5330 2242 5385 codex
2270 5330 2654 5382 (loislinianus.

2060 5401 2173 5471 (88)
2212 5403 2264 5454 '0
2289 5400 2471 5474 μόνος
2498 5395 2761 5474 πλάσας,
2792 5404 2901 5449 etc.
2955 5392 3135 5447 Codex
3167 5387 3547 5474 Coislinianus,

1869 5505 1872 5508 ~
1984 5482 2039 5527 et
2059 5470 2258 5535 Catena
2289 5470 2533 5523 Barbari.

2061 5534 2170 5624 (ευ)
2196 5542 2492 5624 βρότερωρ
2521 5536 2633 5601 δεῖ,
2668 5546 2776 5591 etc.
2829 5532 3051 5590 Schedze
3080 5530 3264 5586 Grabii
3296 5539 3352 5585 et
3381 5528 3550 5585 codex

1990 5611 2370 5669 Coislinianus.

2064 5685 2199 5749 (89')
2247 5684 2303 5737 Η
2322 5676 2438 5734 τοῦ
2462 5676 2716 5741 δικαίου,
2746 5684 2857 5731 etc.
2894 5675 3028 5730 idem
3052 5670 3207 5728 codd.
3242 5686 3375 5726 mss.
