4020 6152
553 238 692 292 1507

1028 352 1351 411 PSALMUS
1389 352 1624 413 XXXIII.

617 443 781 498 Vens.
819 444 870 497 I.
903 443 1114 510 Davidi,
1149 462 1266 498 cum
1301 447 1596 502 immutavit
1623 447 1824 502 vultum
1854 464 2007 502 suum
2035 466 2120 504 co-

546 546 661 585 ram
711 533 1029 600 Abimelech,
1070 545 1119 588 et
1156 536 1355 590 dimisit
1405 556 1546 606 eum,
1580 549 1629 594 et
1675 540 1838 604 obiit,
1879 550 1984 595 etc.
2017 540 2119 608 Qui

544 620 800 690 fugiendo
831 624 1034 679 vultum
1081 629 1321 683 ostendit
1350 646 1454 685 non
1503 641 1561 686 ut
1611 632 1891 701 fugientis,
1920 635 2015 688 sed
2063 644 2121 691 ut

544 714 718 779 missi,
744 716 788 770 is
828 716 1366 777 immutavitvultum
1405 738 1584 778 suum.
1623 722 1841 779 Vultum
1873 726 1976 781 hoc
2000 726 2118 784 loco

541 807 671 861 dicit
696 809 889 864 animae
912 811 1174 868 habitum.
1204 815 1356 871 Alius
1386 817 1528 869 enim
1564 824 1645 870 est
1665 816 1920 887 fugientis
1941 859 1957 884 ,
1980 820 2117 876 alius

539 899 718 953 missi.
748 900 963 955 Vultum
1008 918 1139 959 vero
1170 904 1486 975 frequenter
1507 905 1786 976 Scriptura
1815 918 1972 963 vocat
2000 925 2116 963 ser-

538 1004 754 1045 monem
802 992 1060 1061 hominis,
1106 998 1561 1064 quemadmodum
1621 998 1845 1068 angelus
1892 1000 1955 1053 ad
2012 996 2141 1057 Lot'

532 1078 675 1133 dixit
710 1080 754 1112 ¹⁰
790 1102 802 1135 :
834 1099 854 1133 ι
888 1082 1029 1137 Ecce
1058 1086 1257 1140 veritus
1298 1101 1419 1141 sum
1472 1087 1674 1141 vultum
1725 1099 1897 1153 tuum,
1942 1099 1996 1144 et
2051 1092 2107 1146 in

534 1171 700 1225 verbo
751 1171 854 1226 hoc
901 1188 1008 1227 non
1046 1177 1357 1231 subvertam
1391 1178 1670 1233 civitatem
1702 1181 1770 1234 de
1802 1195 1906 1248 qua
1958 1183 2108 1236 tocu-

536 1267 628 1314 Ius
657 1274 738 1315 es.
792 1279 813 1314 ι

600 1439 764 1497 Vnns.
811 1443 868 1498 2.
926 1443 1233 1502 Benedicam
1282 1448 1610 1516 Dominum,
1644 1460 1750 1507 etc.
1800 1452 1927 1509 Haec
1976 1454 2109 1509 dicit

530 1530 800 1600 Christus,
824 1536 917 1605 qui
937 1552 1155 1608 semper
1182 1542 1314 1595 vivit
1343 1551 1398 1597 et
1429 1559 1703 1614 nunquam
1752 1545 1974 1601 excidit.

602 1710 763 1768 Vens.
804 1713 862 1771 5.
894 1714 962 1769 In
991 1717 1218 1773 Domino
1249 1720 1558 1775 laudabitur
1592 1724 1774 1778 anima
1817 1741 1953 1791 mea,
1995 1737 2099 1783 etc.
2134 1721 2176 1777 Β

529 1799 649 1857 Non
681 1804 732 1856 in
764 1803 866 1859 alia
902 1806 1008 1861 ulla
1040 1824 1102 1863 re
1131 1809 1415 1877 laudabor,
1438 1814 1539 1869 nisi
1565 1815 1617 1869 in
1657 1817 1921 1885 sapientia
1955 1838 1969 1875 :
2000 1822 2105 1877 Do-

536 1894 720 1949 minus
749 1898 892 1950 enim
929 1912 1115 1955 noster
1141 1903 1413 1970 sapientia
1438 1919 1540 1961 est.

596 1982 761 2043 Vens.
793 1986 846 2041 5.
872 1987 1145 2060 Exquisivi
1170 1991 1478 2060 Dominum,
1503 2008 1551 2050 et
1582 2001 1849 2055 exaudivit
1874 2019 1975 2069 me,
1993 2013 2097 2060 etc.

529 2093 551 2128 ι
592 2075 780 2132 Omnis
804 2081 948 2134 enim
981 2083 1072 2151 qui
1108 2086 1336 2152 quaerit,
1363 2087 1569 2144 invenit
1611 2091 1676 2156 “,
1712 2111 1731 2145 ι
1776 2095 1868 2164 qui
1915 2111 2099 2152 autem

523 2167 667 2222 male
695 2171 927 2240 quierit,
962 2188 1070 2227 non
1109 2175 1332 2233 invenit.
1964 2174 1970 2180 ’

592 2256 759 2315 Vens.
782 2260 836 2314 6.
861 2262 1101 2318 Accedite
1120 2269 1191 2318 ad
1220 2282 1357 2334 eum,
1380 2278 1429 2323 et
1447 2271 1847 2341 illuminamini,
1870 2286 1977 2333 etc.
1995 2278 2103 2334 Per

521 2359 728 2421 rectam
779 2350 903 2406 vitae
946 2353 1344 2412 institutionem
1394 2364 1748 2431 accedimus;
1782 2382 1881 2437 per
1924 2370 2101 2424 scien-

524 2441 653 2495 tiam
687 2444 1227 2502 veroilluminatnur.
1257 2468 1276 2501 ‹
1301 2450 1605 2510 Illuminate
1632 2458 1799 2526 enim,
1834 2460 2010 2530 inquit
2032 2463 2095 2530 ¹²,

520 2534 676 2588 vobis
711 2536 888 2592 lumen
919 2540 1179 2597 scientiae.
1223 2563 1243 2596 ι

592 2622 754 2681 νειιε.
786 2626 842 2682 7.
862 2628 971 2684 Iste
989 2649 1188 2701 pauper
1214 2634 1478 2707 clamavit,
1509 2652 1558 2693 et
1595 2640 1850 2698 Dominus
1876 2648 2093 2701 exaudi-

518 2716 590 2769 vit
611 2733 750 2783 eum,
789 2728 895 2775 etc.
933 2720 1051 2777 Non
1085 2739 1274 2782 omnes
1302 2731 1395 2798 qui
1444 2731 1678 2799 clamant
1712 2736 1969 2793 Dominus
1999 2756 2095 2795 ex-

519 2806 695 2874 audit,
723 2809 818 2865 sed
844 2809 964 2866 illos
985 2814 1081 2883 qui
1109 2830 1210 2886 per
1239 2821 1606 2890 cognitionem
1643 2826 1734 2881 Dei
1763 2827 2021 2884 clamant.

591 2988 751 3044 Vens.
796 2990 848 3047 8.
882 2990 1136 3048 Immittet
1180 2996 1395 3067 angelus
1435 2998 1650 3056 Domini
1687 3003 1742 3058 in
1783 3006 2005 3062 circuitu
2028 3007 2095 3062 ti-

517 3085 768 3137 mentium
796 3100 934 3150 eum,
965 3096 1072 3141 etc.
1103 3090 1341 3159 Angelus
1375 3092 1587 3147 Domini
1638 3095 1764 3152 licet
1809 3113 1949 3155 unus
1996 3102 2087 3168 sit,

518 3186 615 3226 ceu
645 3175 912 3242 integrum
946 3180 1409 3247 pr0pugnaculum
1437 3192 1544 3236 est.

586 3261 749 3317 Vens.
787 3263 841 3317 9.
883 3263 1104 3321 Custote
1132 3278 1182 3322 et
1206 3272 1374 3325 uidete
1399 3276 1649 3342 quoniam
1670 3280 1845 3333 suavis
1881 3288 1957 3334 est
1982 3279 2093 3335 Do-

514 3351 711 3415 minus,
749 3360 856 3406 etc.
893 3353 948 3407 Si
994 3366 1243 3422 gustatur
1281 3360 1564 3427 Dominus,
1596 3381 1692 3435 per
1720 3366 1876 3422 ﬁdem
1907 3379 2089 3440 gusta-

514 3453 623 3500 tur.
671 3443 729 3498 Si
764 3445 946 3500 suavis
977 3455 1081 3513 est,
1116 3463 1215 3519 per
1248 3454 1614 3523 cognitionem
1648 3460 1832 3516 suavis
1877 3472 1979 3517 est.

583 3618 748 3677 Vens.
804 3622 891 3678 10.
944 3624 1206 3690 Quoniam
1257 3644 1361 3683 non
1413 3641 1489 3684 est
1546 3633 1725 3701 inopia
1784 3637 2087 3696 timentibus

508 3726 652 3777 eum,
682 3721 787 3769 etc.
826 3714 886 3770 Si
935 3732 1040 3771 non
1075 3727 1160 3773 est
1203 3720 1383 3790 inopia
1429 3723 1741 3782 timentibus
1771 3744 1914 3795 eum,
1953 3748 2086 3801 quo-

512 3803 676 3857 modo
725 3806 898 3860 sancti
950 3816 1106 3862 erant
1160 3828 1180 3861 ι
1232 3822 1493 3881 egentes,
1528 3819 1842 3888 angustiati,
1878 3822 2081 3890 alllicti,

512 3895 708 3962 quibus
738 3898 929 3967 dignus
962 3916 1065 3954 non
1096 3913 1211 3957 erat
1241 3907 1471 3961 mundus
1502 3908 1592 3965 "‘t
1626 3928 1646 3961 ι
1686 3911 1791 3966 Sed
1826 3916 1926 3970 etsi
1961 3917 2084 3973 cibo

510 3996 565 4039 et
593 3987 758 4058 649
785 3999 910 4057 potu
944 3995 1222 4061 carebant,
1261 4013 1366 4053 non
1408 4010 1586 4056 tamen
1617 4005 1926 4073 cognitione
1960 4008 2080 4064 iuo-

509 4091 607 4145 pcs
644 4090 821 4135 erant.

582 4171 744 4226 Vens.
792 4173 874 4227 12.
919 4173 1118 4242 Venite,
1160 4178 1283 4247 ﬁlii,
1330 4183 1512 4239 audite
1547 4202 1651 4251 me,
1696 4189 1931 4245 timorem
1972 4194 2082 4248 Do-

509 4261 640 4315 mini
676 4264 868 4319 docebo
918 4285 1052 4337 vos,
1105 4282 1214 4326 etc.
1268 4274 1433 4330 Docet
1493 4294 1592 4334 nos
1640 4293 1859 4337 sanctus
1908 4284 2078 4343 David

1993 234 2088 292 EX
2125 232 2425 292 ORIGENE

3665 232 3816 293 {3(18'

2783 354 3073 409 ΨΛΛΜΟΣ
3111 354 3232 408 ΛΓ.

2299 446 2382 513 Τῷ
2411 445 2619 505 Δαυῒδ.
2660 447 2831 501 ὁπότε
2860 447 3160 515 ἠλλοίωσε
3187 444 3254 498 τὸ
3306 444 3641 512 πρόσωπον
3690 447 3799 498 αὐ.

2220 540 2325 594 τοῦ
2347 540 2625 593 ἐναντίον
2650 539 2967 608 Ἀϐιμέλεχ,
2995 539 3091 592 καὶ
3122 536 3431 592 ἀπέλυσεν
3457 534 3671 600 αὑτὸν,
3700 537 3797 588 καὶ

2220 628 2512 698 ἀπῆλθεν,
2544 648 2599 684 κ.
2630 647 2681 683 τ.
2715 631 2762 683 ὲ.
2807 632 2864 682 '0
2894 629 2956 681 τὸ
2978 628 3178 697 φεῦγον
3210 628 3322 699 (90)
3366 625 3660 697 πρόσωπον
3720 627 3799 698 μὴ

2219 720 2495 789 ἐπιδείξας
2550 723 2624 788 ὡς
2670 722 2908 792 φεῦγον,
2960 720 3076 775 ἀλλ’
3115 721 3192 783 ὡς
3248 719 3582 785 ἅποσταλὲν,
3638 711 3798 783 οὖτος

2219 810 2479 881 ἠλλοίωσε
2499 811 2559 865 τὸ
2585 813 2877 884 πρόσωπον
2924 808 3109 866 αὐτοῦ.
3159 808 3454 881 Πρόσωπον
3499 809 3557 863 δὲ
3602 809 3703 864 νῦν
3734 810 3797 863 τὸ

2216 900 2317 971 τῆς
2339 902 2516 973 ψυχῆς
2551 902 2698 971 λέγει
2728 902 3087 971 κατάστημα’
3124 899 3313 953 ἀλλοία
3340 901 3446 972 γάρ
3489 903 3607 953 ἐστι
3655 898 3795 969 gsti-

2215 1007 2411 1059 γουσα,
2439 994 2534 1045 καὶ
2556 992 2741 1045 ἀλλοία
2778 990 3164 1045 ἀποσταλεῖσα.
3197 990 3493 1061 Πρόσωπον
3515 990 3571 1044 δὲ
3594 992 3791 1046 monti;

2215 1096 2302 1143 κις
2336 1070 2369 1137 ἡ
2391 1082 2581 1153 Γραφὴ
2607 1083 2702 1135 καὶ
2727 1081 2818 1136 τὸν
2847 1081 3002 1148 λόγον
3031 1079 3178 1146 λέγει
3200 1080 3294 1133 τοῦ
3324 1080 3611 1152 ἀνθρώπου
3634 1123 3649 1146 ,
3686 1100 3789 1135 κα-

2214 1171 2320 1235 Θὼς
2348 1172 2626 1243 ὁᾶγγελός
2663 1190 2796 1243 φησι
2840 1173 2975 1244 πρὸς
3030 1173 3121 1225 τὸν
3161 1170 3315 1226 Λὼτσ
3360 1191 3381 1224 ί
3428 1173 3561 1226 Ἰδοὺ
3626 1173 3786 1226 ἐθαύ-

2215 1266 2365 1336 μασά
2392 1284 2486 1320 σου
2518 1266 2579 1320 τὸ
2620 1267 2930 1338 πρόσωπον,
2988 1266 3079 1319 καὶ
3123 1267 3216 1319 ἐπὶ
3256 1265 3334 1336 τῷ
3377 1268 3580 1337 ῥήματι
3613 1266 3783 1337 τούτῳ

2210 1358 2271 1412 οὐ
2299 1359 2372 1430 μὴ
2395 1357 2753 1430 καταστρέφω
2797 1356 2895 1428 τὴν
2927 1357 3078 1411 πόλιν
3119 1358 3246 1428 περὶ
3276 1352 3343 1428 ἦς
3368 1356 3655 1429 ὲλὰλησας.
3688 1378 3707 1409 ι

2278 1450 2612 1519 Εὑλογήσω
2637 1450 2744 1504 τὸν
2768 1452 3004 1518 Κύριον,
3026 1467 3077 1503 κ.
3108 1467 3156 1502 τ.
3186 1452 3233 1505 ἑ.
3274 1450 3331 1503 ’0
3368 1452 3424 1502 ὲν
3464 1451 3627 1502 παντὶ
3664 1468 3777 1504 καις

2212 1537 2289 1609 ρῷ
2336 1538 2446 1610 (91)
2486 1537 2593 1604 ζῶν
2643 1538 2737 1592 καὶ
2793 1538 3050 1609 ὑπάρχων
3098 1539 3500 1610 ’ἀμετάπτωτος
3549 1540 3777 1611 Χριστὸς

2207 1629 2380 1682 ταῦτά
2407 1647 2560 1700 φησι.

2289 1723 2385 1774 Ἐν
2417 1721 2497 1787 τῷ
2530 1722 2724 1790 Κυρίῳ
2755 1721 3211 1788 ἐπαινεθήσεται
3236 1724 3273 1791 ἡ
3312 1724 3482 1794 ψυχή
3530 1744 3672 1795 μου,
3720 1748 3772 1782 κ.

2206 1831 2258 1867 τ.
2287 1815 2335 1865 ὲ.
2370 1814 2483 1865 Οὐκ
2511 1814 2570 1866 ὲν
2603 1812 2746 1884 ἄλλῳ
2769 1815 2876 1866 τινὶ
2910 1814 3023 1884 (92)
3062 1813 3526 1887 ὲπαινεθήσομαι,
3564 1817 3677 1871 ἀλλ’
3718 1823 3774 1872 ἐν

2207 1904 2371 1975 σοφίᾳ
2388 1922 2403 1936 ·
2429 1906 2459 1957 6
2483 1904 2589 1976 γὰρ
2616 1905 2819 1976 Κύριος
2849 1906 3004 1976 ἡμῶν
3036 1908 3196 1976 σοφία
3221 1907 3386 1961 ἐστίν.

2288 1994 2643 2064 Ἐξεζτήτησα
2696 1998 2804 2051 τὸν
2852 1999 3090 2066 Κύριον,
3138 2000 3234 2052 καὶ
3289 2000 3598 2065 ἐπήκουσέ
3633 2022 3771 2072 μου,

2204 2109 2263 2144 κ.
2290 2108 2339 2144 τ.
2367 2092 2414 2145 ὲ.
2450 2111 2469 2142 ι
2501 2092 2617 2155 Πᾶς
2649 2090 2757 2163 γὰρ
2782 2091 2892 2159 (93)
2932 2092 2960 2143 6
2987 2090 3165 2161 ζητῶν
3196 2093 3469 2163 εὑρίσκει’
3498 2114 3516 2147 ι
3547 2098 3575 2148 6
3597 2095 3652 2148 δὲ
3675 2114 3773 2149 κα-

2202 2181 2312 2244 κῶς
2339 2180 2515 2251 ζητῶν
2544 2183 2642 2252 οὐχ
2672 2182 2933 2253 εὑρίσκει.

2270 2272 2640 2340 Προσέλθετε
2669 2273 2819 2342 πρὸς
2849 2272 3056 2337 αὐτὸν,
3084 2272 3183 2327 καὶ
3218 2276 3585 2344 φωτίσθητε,
3637 2295 3692 2332 κ.
3713 2292 3769 2337 τ.

2200 2365 2246 2417 ὲ.
2291 2365 2389 2418 Διὰ
2419 2368 2517 2435 μὲν
2547 2364 2818 2428 πολιτείας
2849 2363 2960 2434 (94)
3008 2363 3171 2436 ὀρθῆς
3203 2367 3613 2438 προσερχόμεθα
3636 2409 3650 2432 ,
3682 2370 3769 2425 διὰ

2198 2455 2254 2508 δὲ
2304 2454 2559 2523 γνώσεως
2608 2454 2975 2526 φωτιζόμεθα.
3032 2474 3051 2505 ι
3082 2455 3355 2509 Φωτίσατε
3393 2458 3532 2529 γὰρ,
3581 2463 3766 2532 φησιν,

2199 2549 2416 2612 ἑαυτοῖς
2443 2547 2557 2618 φῶς
2580 2549 2854 2616 γνώσεως.
2887 2567 2907 2599 ι

2277 2636 2465 2707 Οὗτος
2500 2644 2531 2694 ὀ
2560 2641 2794 2710 πτωχὸς
2825 2641 3133 2711 ἐκέκραξε,
3169 2644 3265 2696 καὶ
3306 2647 3337 2697 ό
3382 2645 3596 2713 Κύριος
3640 2649 3765 2700 εἱσ-

2195 2732 2463 2798 ήκουσεν
2484 2733 2689 2797 αὐτοῦ,
2725 2750 2780 2786 κ.
2820 2750 2873 2786 τ.
2905 2735 2951 2786 ὲ.
2981 2736 3053 2788 06
3093 2736 3309 2790 πάντων
3343 2737 3454 2807 (95)
3510 2739 3764 2792 ἐπακούει

2196 2822 2304 2876 τῶν
2334 2822 2645 2895 κραζόντων
2685 2826 2713 2878 6
2754 2824 2975 2898 Κύριος,
3006 2826 3141 2880 ἀλλὰ
3166 2826 3274 2880 τῶν
3306 2828 3395 2881 διὰ
3422 2829 3521 2901 τὴν
3568 2830 3762 2899 γνῶσιν

2195 2913 2296 2984 τὴν
2323 2912 2416 2966 τοῦ
2444 2912 2599 2967 Θεοῦ.

2264 3004 2639 3074 Παρεμὸαλεῖ
2660 3004 2913 3075 ἅγγελος
2932 3009 3152 3075 Κυρίου
3183 3011 3387 3074 κύκλῳ
3411 3011 3527 3064 τῶν
3550 3014 3755 3080 φοϐου-

2118 3061 2162 3120 C
2191 3061 2392 3179 pusum;
2412 3061 2618 3159 αὐτὸν,
2655 3061 2719 3151 κ..
2824 3100 2868 3151 ὲ.
2889 3061 2967 3152 ’Ὀ
2998 3061 3368 3174 ἐγγελοςφϐ)
3417 3061 3511 3158 τοῦ
3550 3067 3751 3179 ὶίυρίω

2193 3176 2317 3262 ῥληςὲ
2346 3188 2688 3261 παρεμϐολῆς
2710 3188 2866 3258 λόγον
2900 3192 3084 3261 ἐπέχει
3111 3187 3190 3255 εἷς
3226 3192 3325 3248 ὧν.

2193 3255 2593 3344 νΓεύσῖχάΟε,
2625 3255 2724 3333 καὶ
2763 3255 2937 3344 ἴδετε,
3118 3285 3385 3352 χρηστὸς
3443 3290 3478 3340 ὀ
3528 3289 3750 3356 Κύριος,

2189 3386 2244 3424 κ.
2269 3388 2318 3425 τ.
2355 3372 2402 3425 ὲ.
2428 3373 2490 3425 Εἰ
2514 3373 2741 3441 γευστός
2771 3374 2916 3426 ἐστιν
2941 3373 3052 3445 (97)
3079 3376 3106 3428 6
3140 3376 3374 3447 Κύριος,
3416 3377 3501 3431 διὰ
3538 3380 3633 3449 τῆς
3667 3379 3750 3433 sti-

2189 3461 2359 3527 στεὼς
2391 3465 2504 3517 ἐστι
2527 3464 2775 3533 γευστάς·
2838 3465 2932 3518 καὶ
2986 3468 3033 3518 εἰ
3070 3467 3333 3539 χρηστὸς,
3365 3469 3451 3522 διὰ
3480 3469 3579 3541 τῆς
3616 3469 3751 3539 γνώ-

2189 3553 2326 3617 σεώς
2359 3555 2476 3607 ἐστι
2501 3555 2756 3626 χρηστός.

2262 3647 2380 3699 Ὅτι
2403 3650 2513 3701 οὐκ
2541 3647 2709 3700 ἐστιν
2740 3647 3047 3718 ὑστέρημα
3072 3649 3192 3716 τοῖς
3230 3651 3618 3718 φοϐουμένοις
3646 3655 3749 3707 αὐ-

2184 3736 2311 3801 τὸν,
2346 3756 2400 3791 κ.
2434 3756 2486 3791 τ.
2514 3740 2559 3791 ὲ.
2589 3739 2652 3791 Εἰ
2686 3740 2787 3791 οὐκ
2827 3737 2976 3793 ἐστιν
2997 3739 3107 3810 (98)
3163 3741 3445 3812 ὑστέρημα
3503 3746 3611 3806 rei;
3667 3761 3750 3813 φο-

2186 3832 2278 3884 ϐου
2289 3831 2465 3902 μένοις
2494 3830 2656 3884 αὐτὸν
2675 3871 2690 3893 ,
2720 3830 2836 3894 πῶς
2866 3833 2913 3884 οἱ
2955 3832 3096 3900 ἅγιοι
3118 3828 3256 3903 ἦσαν
3311 3852 3329 3883 r
3349 3834 3744 3905 ὑστερούμενοι,

2184 3922 2506 3994 θλιϐόμενοι,
2557 3922 3000 3994 κακουχούμενοι,
3034 3917 3107 3978 ὧν
3148 3925 3248 3978 οὐκ
3300 3921 3367 3996 ἦν
3393 3926 3537 3991 ἄξιος
3583 3930 3610 3980 6
3656 3928 3745 3981 x6-

2184 4031 2349 4085 σμος;
2386 4033 2404 4064 ι
2436 4013 2571 4067 Ἀλλ’
2607 4018 2654 4068 εὶ
2682 4017 2775 4069 κα).
2803 4014 3122 4087 ὑστεροῦντο
3164 4018 3221 4070 ὲν
3252 4016 3502 4088 βρώμασι
3533 4018 3625 4072 καὶ
3648 4019 3744 4072 πό-

2185 4121 2368 4178 μασιν,
2404 4106 2465 4157 06
2497 4106 2603 4177 μὴν
2629 4108 2723 4159 καὶ
2755 4108 2812 4158 ὲν
2838 4106 3056 4175 γνώσει.

2252 4196 2450 4259 Δεῦτε,
2486 4196 2687 4261 τέκνα,
2712 4198 3013 4252 ἀκούσατέ
3034 4217 3173 4268 μου,
3207 4202 3391 4269 φόϐον
3423 4203 3642 4270 Kvplov
3663 4201 3741 4255 δι-

2180 4284 2340 4349 δάξω
2366 4284 2540 4355 ὑμᾶς,
2569 4304 2622 4341 κ.
2654 4305 2707 4342 τ.
2734 4290 2780 4341 ὲ.
2817 4289 2977 4361 Παρὰ
2998 4290 3090 4342 τοῦ
3114 4289 3225 4359 (99)
3268 4290 3422 4358 ἁγίου
3466 4291 3626 4345 Δαυϊδ
3667 4290 3737 4343 δι-

506 4367 756 4422 quaenam
793 4356 973 4414 facere
1006 4372 1062 4416 et
1096 4363 1279 4420 dicere
1322 4378 1573 4435 oporteat
1619 4385 1743 4427 eum
1790 4375 1883 4444 qui
1922 4377 2077 4432 timet

2194 4377 2492 4447 Βασκόμεθα
2514 4378 2634 4432 τίνα
2661 4379 2741 4432 δεῖ
2768 4383 2941 4434 ποιεῖν
2970 4398 3030 4434 τε
3064 4381 3158 4433 καὶ
3190 4381 3367 4450 λέγειν
3414 4383 3506 4436 τὸν
3548 4381 3732 4451 φοϐού-

508 4442 703 4504 Deum.

578 4535 746 4593 Vens.
774 4540 1094 4597 l5.Declina
1129 4563 1161 4599 a
1192 4547 1335 4601 malo
1358 4560 1405 4603 et
1436 4551 1520 4619 [ac
1552 4554 1764 4609 bonum.
1792 4557 2072 4616 Declinare

507 4638 538 4676 a
568 4628 708 4682 man
737 4630 899 4685 timor
927 4633 1102 4699 docet,
1136 4634 1319 4690 facere
1361 4639 1579 4708 bonum,
1622 4644 1862 4703 dilectio.
1894 4648 2072 4716 Quare

506 4717 553 4770 is
582 4720 672 4787 qui
700 4721 896 4793 diligit,
924 4724 1101 4794 major
1131 4737 1215 4782 est
1240 4729 1487 4786 timente.

2183 4485 2339 4538 μενον
2371 4468 2461 4520 τὸν
2491 4468 2644 4522 Θεόν.

2252 4557 2573 4609 ’Έκκλινον
2602 4555 2721 4609 ἀπὸ
2768 4558 2977 4622 κακοῦ,
3035 4559 3133 4611 καὶ
3191 4558 3449 4625 ποίησον
3500 4556 3728 4627 ἀγαθὸν,

2178 4664 2235 4701 κ.
2263 4664 2312 4700 τ.
2348 4647 2394 4698 ὲ.
2421 4647 2494 4699 Τὸ
2513 4648 2757 4701 ἐκκλῖναι
2789 4649 2897 4701 ἀπὸ
2925 4650 3094 4702 κακοῦ
3122 4651 3151 4702 6
3179 4650 3340 4718 φόϐος
3371 4650 3639 4713 διδάσκει,
3678 4650 3731 4701 τὸ

2180 4737 2238 4790 δὲ
2266 4735 2491 4806 ποιῆσαι
2519 4736 2579 4788 τὸ
2602 4737 2803 4805 ἀγαθὸν
2827 4739 2861 4809 ἠ
2893 4738 3104 4809 ἀγάπη.
3134 4738 3224 4791 Διὸ
3246 4737 3446 4810 μείζων
3467 4740 3496 4791 6
3517 4738 3731 4809 ἀγαπῶν

2181 4827 2275 4881 τοῦ
2299 4827 2460 4897 φοϐον
2469 4826 2652 4899 μένου.

577 4934 621 4966 ⁸⁸
650 4934 783 4993 Gen.
815 4955 930 5005 xix,
957 4940 1048 4997 2i.
1133 4945 1174 4975 η
1203 4945 1334 5003 an.
1378 4962 1454 5013 xu,
1488 4948 1573 5004 10.
1653 4952 1694 4983 ¹²
1721 4951 1858 5009 Osee
1895 4971 1948 5019 ι,
1982 4958 2068 5013 12.

2215 4962 2382 5018 Hebr.
2414 4980 2489 5032 ιι,
2520 4964 2606 5029 57,
2642 4964 2729 5019 58.

575 5051 688 5123 (90)
727 5054 780 5107 '0
809 5055 876 5109 τὸ
904 5058 1152 5129 φεῦγον,
1191 5073 1297 5116 etc.
1360 5063 1588 5121 Schedze
1613 5065 1824 5135 Grabii,
1877 5079 1933 5125 et
1965 5072 2068 5128 Cn-

498 5125 627 5177 lena
662 5123 902 5177 Barbari.

529 5138 627 5177 CH3
662 5138 902 5178 HaI'IIIII'I.

729 5195 795 5271 ’ρ
821 5195 900 5271 ἐν.
924 5199 1101 5271 παντὶ
1124 5201 1327 5271 καιρῷ,
1359 5214 1467 5260 etc.
1507 5206 1819 5266 Corderius.

572 5264 689 5346 (92‘)
722 5266 946 5346 ἐν
976 5264 1440 5346 ἄλλῳ-τιὶθίξεις.
1484 5274 1704 5331 Scheda:
1733 5264 1940 5346 Gr'abii,
1971 5297 2064 5337 co-

506 5332 618 5406 dex;
640 5334 1028 5406 Coislinianus,
1056 5350 1111 5392 et
1136 5332 1335 5397 Catena
1374 5344 1622 5400 Barbari.

573 5404 685 5476 (95)
720 5406 845 5473 Πᾶς
874 5404 1140 5476 γάμοιο.
1184 5410 1346 5467 Iidem
1383 5417 1539 5472 codd.
1579 5432 1709 5472 mss.

574 5474 701 5598 (ξιὲ
722 5479 824 5599 At?
995 5482 1317 5550 πολιτείας,
1352 5494 1456 5541 etc.
1517 5487 1680 5542 Iidem
1721 5502 1851 5544 mss.
1882 5497 1936 5544 ei
1963 5489 2065 5546 Ca-

581 5560 611 5595 Ι.
707 5562 764 5597 al'
806 5563 905 5599 art.

503 5549 627 5595 lena
664 5548 905 5602 Barbari.

577 5616 692 5679 (95)
716 5619 797 5670 Οὐ
822 5615 1080 5686 πάντων,
1120 5629 1225 5678 etc.
1263 5621 1425 5682 lidcm
1458 5641 1583 5684 mss.
1615 5636 1669 5684 et
1702 5628 1903 5693 Catena
1930 5632 2063 5688 Bar-

2173 5076 2357 5219 bagii)
2399 5148 2461 5201 '0
2484 5148 2756 5219 ἅγγελος,
2782 5158 2890 5219 etc.
2931 5148 3094 5203 Iidem
3132 5166 3261 5206 mss.

2247 5217 2359 5300 (9‘7)
2381 5220 2448 5300 _El
2479 5217 2733 5300 γευστάς
2767 5218 2959 5285 ἐστιν,
2989 5228 3092 5276 etc.
3154 5222 3313 5275 Iidem
3340 5236 3466 5274 mss.
3493 5233 3547 5276 et
3575 5223 3723 5277 (late-

2176 5303 2239 5341 ttn
2276 5288 2516 5341 Barbari.

2176 5425 2210 5439 Η
2242 5356 2355 5439 (98)
2380 5360 2455 5439 ει
2487 5359 2597 5412 οὐκ
2644 5359 2836 5425 ἐστιν,
2871 5368 2976 5414 etc.
3032 5359 3199 5416 Iidem
3251 5375 3381 5416 mss.
3426 5370 3485 5416 et
3530 5360 3718 5417 Catena

2169 5425 2587 5570 {hisiismﬂctpd
2619 5500 2748 5570 toﬁ,
2808 5510 2913 5554 etc.
2980 5498 3138 5570 Istud
3188 5516 3398 5555 necnon
3451 5501 3717 5570 sequentia

2169 5564 2474 5646 fragmenta
2489 5564 2759 5626 exhibent
2780 5570 2994 5627 schedae
3017 5568 3224 5637 Grabii,
3260 5579 3313 5626 et
3342 5574 3515 5629 codex
3531 5564 3719 5627 'Coisli-

2169 5650 2383 5694 manus.
