4020 6152
338 255 475 313 1509

1319 259 1629 317 SELECTA
1671 260 1737 315 ΙΝ
1768 259 2105 319 PSALMOS.
2151 258 2428 318 -~PSAL.
2475 264 2714 321 XXXIV.

3427 258 3569 317 1310

419 379 621 449 Ἐγγύς
654 382 868 450 Κύριος
892 379 1015 447 τοῖς
1051 384 1576 452 συντετριμμένοις
1616 384 1729 453 τὴν
1766 402 1893 452 καρ-

2082 386 2241 438 Vuns.
2294 387 2381 442 19.
2437 388 2611 440 Juxta
2662 392 2739 439 est
2788 383 3042 439 Dominus
3095 384 3161 438 iis
3199 381 3288 452 qui
3318 380 3568 434 tribulato

335 468 493 533 δίον,
521 473 619 525 καὶ
660 473 803 539 τοὺς
858 471 1175 537 ταπεινοὺς
1217 473 1296 539 τῷ
1349 476 1637 544 πνεύματι
1697 475 1900 539 σώσει,

338 577 391 613 κ.
421 578 470 614 τ.
502 562 550 617 ἑ.
590 564 652 616 Εἰ
690 584 709 615 ι
738 564 896 617 θυσία
930 562 1007 633 τῷ
1032 561 1150 633 Θεῷ
1185 566 1401 636 πνεῦμα
1428 567 1901 639 συντετριμμένον,

336 654 449 715 τοῖς
477 652 533 706 δὲ
563 654 1040 726 συντετριμμένοις
1078 655 1178 728 τὴν
1211 656 1437 726 καρδίαν
1476 656 1681 725 ἐγγίζει
1710 658 1739 709 ὁ
1788 656 1903 709 Κύ-

2005 486 2127 527 sunt
2154 474 2331 542 corde,
2352 485 2399 529 et
2426 476 2646 530 humiles
2679 476 2869 543 spiritu
2900 475 3145 538 salvabit,
3175 483 3281 529 etc.
3313 471 3375 526 Si
3408 487 3428 522 ι
3465 485 3560 523 sa-

2002 564 2265 619 criﬁcium
2304 585 2322 617 ι
2348 575 2433 621 est
2459 586 2478 618 ι
2511 567 2736 622 Domino
2762 567 2981 635 spiritus
3009 563 3423 628 contribulatus,
3464 578 3485 612 ι
3512 567 3569 615 et

2007 672 2031 707 ι
2067 655 2131 710 iis
2163 656 2255 726 qui
2298 657 2550 711 tribulato
2613 664 2737 711 sunt
2792 658 2954 711 corde
3006 670 3174 727 prope
3228 662 3316 708 est
3381 650 3566 706 Domi-

339 761 475 815 ριος.
516 764 535 796 ι
568 746 739 820 ταύτῃ
772 749 878 820 ἄρα
912 752 978 822 τῇ
1006 751 1166 823 θυσίᾳ
1185 752 1279 806 καὶ
1323 751 1422 804 οὐκ
1452 750 1584 822 ἄλλῃ
1632 745 1837 818 ἐγγίζει
1874 749 1893 800 ἐ

2006 763 2106 802 nus
2134 749 2198 811 ",
2241 767 2261 801 ι
2288 749 2412 803 huic
2441 749 2629 818 utique
2662 749 2933 805 sacrilicio
2957 756 3015 803 et
3036 763 3142 802 non
3177 744 3338 799 alteri
3364 754 3569 812 appro-

336 834 562 907 Κύριος.

408 925 721 983 Φυλάσσει
747 930 963 1000 Κύριος
994 931 1189 987 πάντα
1215 932 1286 986 τὰ
1313 929 1464 985 ὀστᾶ
1487 929 1685 985 αὐτῶν
1702 946 1716 960 ·
1743 929 1814 983 ἓν
1835 927 1903 993 ἐξ

335 1015 535 1071 αὐτῶν
558 1020 629 1071 οὐ
660 1021 1143 1090 συντριϐήσεται,
1175 1041 1230 1077 κ.
1259 1040 1310 1075 τ.
1344 1023 1391 1075 ὲ.
1430 1022 1592 1075 Ὀστᾶ
1616 1019 1711 1074 νῦν
1755 1019 1902 1088 λέγει

336 1108 436 1171 τάς
459 1107 716 1180 δυνάμεις
744 1110 844 1180 τῆς
869 1111 1062 1183 ψυχῆς,
1097 1112 1128 1183 ἢ
1159 1112 1227 1165 τὰ
1253 1111 1497 1183 δόγματα
1522 1109 1591 1162 τὰ
1618 1109 1813 1179 ἀληθῆ,
1834 1109 1902 1163 τὰ

338 1198 632 1270 συνέχοντα
652 1201 750 1271 τὴν
780 1202 922 1273 ζωὴν
943 1202 1044 1273 τῆς
1062 1202 1258 1274 ψυχῆς.

406 1285 673 1353 Θάνατος
695 1288 1057 1358 ἁμαρτωλῶν
1086 1290 1375 1359 πονηρὸς,
1399 1307 1453 1344 κ.
1480 1307 1529 1342 τ.
1564 1290 1610 1342 έ.
1642 1290 1900 1362 Πονηρὸς,

334 1376 609 1441 ὲπίπονος,
638 1379 854 1451 πικρός.
880 1381 1060 1434 Ἐοικε
1088 1381 1144 1434 δὲ
1172 1382 1352 1449 λέγειν
1381 1380 1611 1435 θάνατον
1659 1379 1757 1451 τὴν
1806 1380 1900 1433 κό-

330 1465 486 1520 λασιν
509 1467 841 1540 χωρίζουσαν
867 1469 1041 1542 ψυχὴν
1066 1470 1174 1524 ἀπὸ
1197 1470 1415 1534 κακίας.

321 1654 325 1663 ’
402 1646 776 1716 Λυτρώσεται
851 1649 1065 1717 Κύριος
1134 1649 1338 1717 ψυχὰς
1402 1647 1638 1703 δούλων
1689 1650 1897 1714 αὐτοῦ,

2001 850 2193 895 xumat.

2073 928 2234 983 Vens.
2267 929 2358 983 2|.
2403 929 2646 985 Custodit
2690 929 2950 983 Dominus
2978 929 3157 982 omnia
3182 944 3303 983 ossa
3328 943 3508 983 eorum
3542 939 3566 980 :

2005 1032 2165 1071 unum
2197 1035 2264 1072 ea:
2290 1020 2372 1073 Itis
2397 1036 2501 1074 non
2528 1029 2844 1084 conteretur,
2882 1028 2990 1076 etc.
3031 1019 3168 1075 Ossa
3202 1020 3303 1074 hoc
3328 1020 3447 1075 loco
3482 1017 3569 1072 di-

2004 1108 2079 1162 cit
2106 1108 2297 1162 animae
2320 1111 2568 1177 virtutes,
2590 1109 2677 1165 vel
2699 1109 2952 1179 dogmata
2976 1124 3129 1177 vera,
3149 1110 3345 1180 quibus
3369 1108 3569 1163 anima:

2004 1199 2111 1254 vita
2142 1202 2475 1256 continetur.

2072 1290 2238 1345 Vnus.
2266 1293 2360 1348 22.
2393 1294 2539 1348 Mors
2575 1303 2910 1364 peccatorum
2959 1293 3208 1363 pessima,
3238 1298 3345 1346 etc.
3385 1287 3565 1344 Pessi-

2005 1397 2120 1441 ma.
2155 1383 2365 1439 doloris
2414 1385 2591 1452 plena,
2635 1399 2844 1440 amara.
2880 1383 3068 1438 Mortis
3118 1390 3299 1436 autem
3341 1377 3569 1433 nomine

1912 1524 1913 1527 η
1998 1475 2218 1528 videtur
2249 1476 2520 1545 appellare
2558 1492 2748 1547 ptenas
2789 1477 2990 1547 quibus
3036 1475 3216 1529 anima
3268 1488 3300 1528 a
3354 1471 3567 1525 malitia

1998 1564 2296 1623 divellitur.

2075 1654 2341 1713 “£33.23.
2366 1657 2599 1713 Redimet
2631 1658 2886 1714 Dominus
2911 1661 3118 1714 animas
3146 1676 3412 1715 servorum
3440 1674 3565 1715 suo-

331 1753 386 1790 κ.
414 1755 462 1790 τ.
499 1741 545 1793 ἐ.
570 1738 779 1810 Λύτρον
810 1740 927 1793 ἐστὶ
957 1740 1093 1812 δόμα
1130 1758 1183 1793 τι
1225 1743 1337 1803 τοῖς
1384 1739 1661 1809 πολεμίοις
1692 1740 1893 1811 διδόμε-

2004 1763 2142 1814 rum,
2175 1756 2281 1806 etc.
2326 1748 2735 1821 Redemptionis
2762 1752 2999 1822 pretium
3023 1758 3110 1806 est
3161 1752 3212 1805 id
3261 1749 3407 1821 quod
3432 1749 3561 1805 victi

327 1845 420 1881 vov
447 1829 581 1900 πρὸς
606 1829 714 1883 τῶν
745 1829 1099 1901 ἡττηθέντων,
1127 1830 1161 1902 ἦ
1184 1830 1320 1901 πρὸς
1365 1830 1459 1883 τοῦ
1483 1830 1591 1883 τῶν
1629 1832 1891 1904 ἡττηθέν-

328 1938 437 1974 των
487 1922 879 1993 προνοουμένου
941 1922 1034 1976 ὲπὶ
1091 1922 1336 1994 σωτηρίᾳ
1392 1922 1486 1977 καὶ
1543 1924 1732 1994 ἀφέσει
1786 1923 1894 1978 τῶν

329 2011 891 2083 αἰχμαλωτισθέντων.

889 2269 1180 2325 ΨΔΛΜΟΣ
1218 2271 1337 2324 AA'.

398 2407 679 2472 Δίκασον,
711 2404 907 2473 Κύριε,
938 2404 1081 2470 τοὺς
1127 2402 1483 2469 ἀδικοῦντάς
1514 2420 1605 2470 με,
1634 2403 1895 2475 πολέμη-

324 2512 447 2552 σον
473 2494 613 2561 τοὺς
639 2492 1052 2563 πολεμοῦντάς
1072 2510 1170 2563 με,
1216 2510 1272 2545 κ.
1314 2508 1366 2545 τ.
1392 2493 1439 2546 ἑ.
1473 2492 1664 2558 Εἰδὼς,
1693 2495 1774 2547 ὅτι
1813 2496 1889 2565 (1)

326 2588 435 2642 τῶν
465 2587 835 2659 ἀδικησάντων
863 2586 1023 2640 αὑτὸν
1060 2584 1317 2639 Ἰουδαίων.
1348 2584 1769 2656 παραπτώματι,
1801 2588 1894 2640 καὶ

329 2678 753 2751 πολεμησάντων
797 2677 961 2731 αὐτὸν
1003 2674 1347 2749 Ἰσραηλιτῶν
1400 2676 1754 2747 ἁμαρτήματι
1799 2695 1898 2732 σω-

2000 1837 2087 1892 vel
2109 1840 2201 1908 qui
2225 1840 2380 1895 victis
2404 1852 2661 1909 praesunt,
2702 1843 2832 1898 dant
2863 1844 3162 1899 victoribus
3188 1841 3436 1898 hostibus
3461 1853 3571 1912 pro

2000 1932 2180 1988 salute
2208 1941 2265 1988 et
2287 1932 2539 1990 libertate
2562 1935 2926 2006 captivorum.

2476 2274 2795 2331 PSALMUS
2832 2273 3070 2330 XXXIV.

2064 2409 2230 2466 Vens.
2277 2411 2328 2465 l.
2370 2412 2588 2475 Jutlica,
2619 2409 2860 2472 Domine,
2892 2418 3131 2462 nocentes
3168 2424 3269 2474 me,
3318 2421 3557 2473 expugna

1998 2504 2365 2573 impugnantes
2412 2519 2515 2567 me,
2542 2512 2647 2557 etc.
2679 2501 2870 2555 Sciens
2897 2499 3231 2561 Judzeorum,
3266 2500 3357 2567 qui
3404 2498 3551 2551 illum

1997 2594 2197 2663 injuria
2260 2592 2601 2661 affecerunt,
2664 2592 2838 2660 lapsu,
2889 2603 2947 2646 et
3000 2590 3406 2654 lsraelitarum,
3463 2588 3555 2656 qui

2001 2688 2175 2756 ipsum
2226 2686 2632 2756 impugnarunt,
2660 2695 2903 2753 peccato,
2935 2683 3161 2738 salutem
3224 2681 3338 2734 fore
3383 2680 3560 2749 genti-

326 2771 488 2841 τηρία
522 2770 671 2823 ἔσται
708 2772 820 2833 τοῖς
850 2768 1079 2831 ἔθνεσιν,
1138 2767 1273 2838 ὑπὲρ
1313 2766 1421 2820 τῶν
1461 2766 1627 2820 ἐθνῶν
1669 2767 1893 2839 δυνάμει

2000 2780 2122 2845 bus,
2154 2793 2252 2848 pro
2278 2777 2530 2848 gentibus
2573 2770 2732 2831 enixe
2778 2785 2926 2838 orat,
2959 2785 3016 2827 nt
3048 2773 3122 2826 illi
3167 2771 3478 2839 iudicentur
3503 2779 3559 2825 et

334 2829 572 2933 εέχεται,
606 2860 694 2914 διὰ
724 2829 1073 2923 τὸίέκείνουςί
1103 2829 1420 2929 δικασθῆναι
1453 2860 1548 2912 καὶ
1580 2829 1891 2931 πολεμηθῆ-

1997 2879 2392 2940 expugnentur.
2440 2868 2602 2923 Forte
2648 2883 2781 2921 vero
2830 2866 2984 2936 quasi
3040 2866 3107 2918 ad
3144 2863 3407 2931 judicium
3440 2863 3553 2915 eri-

326 2971 435 3008 ναι.
471 2954 624 3025 Τάχα
648 2953 704 3006 δὲ
738 2953 833 3008 καὶ
864 2952 941 3015 ὼς
969 2950 1106 3023 πρὸς
1136 2951 1236 3022 τὴν
1269 2951 1448 3022 κρίσιν
1478 2952 1819 3021 κουφίζονται
1846 2957 1894 3008 οἱ

327 3044 560 3099 ἐνταῦθα
606 3042 950 3105 δικασθέντες
988 3041 1082 3096 καὶ
1120 3040 1533 3111 πολεμηθέντες.
1589 3042 1797 3107 Πάντες
1838 3043 1894 3097 δὲ

325 3140 374 3191 οἰ
421 3136 731 3200 ἀδικοῦντες
773 3133 1016 3188 ἀδικοῦσι
1067 3132 1321 3204 Χριστὸν,
1371 3134 1471 3206 τὴν
1508 3134 1849 3207 δικαιοσύνην
1875 3153 1891 3169 ο

328 3230 423 3283 καὶ
453 3230 501 3282 οἱ
529 3227 604 3300 μὴ
639 3227 849 3299 ἔχοντες
880 3228 936 3279 ὲν
958 3227 1168 3279 ἑαυτοῖς
1200 3227 1420 3297 εἰρήνην
1443 3226 1711 3298 πολέμους
1743 3228 1895 3299 ἔχου-

328 3339 401 3382 σι.
429 3320 522 3374 καὶ
546 3319 838 3389 πολεμοῦσι
878 3319 1132 3390 Χριστὸν,
1181 3318 1239 3382 ὃς
1283 3320 1430 3372 ἐστιν
1490 3322 1678 3393 εἰρήνη
1713 3322 1889 3394 ήμῶν.

325 3415 568 3479 Δικάζων
589 3414 645 3468 δὲ
666 3417 694 3468 ό
718 3413 922 3485 Κύριος
949 3416 1075 3477 τοὺς
1108 3412 1453 3480 ἀδικοῦντας,
1487 3414 1586 3485 τὴν
1621 3414 1678 3467 ὲν
1710 3417 1894 3481 αὐτοῖς

325 3505 540 3560 ἀδικίαν
560 3505 872 3561 ἀπόλλυσιν.
898 3503 1053 3557 Οὕτω
1084 3504 1142 3557 δὲ
1173 3503 1268 3557 καὶ
1301 3503 1528 3576 πολεμεί
1563 3506 1688 3571 τοὺς
1737 3509 1895 3561 πολε-

327 3598 562 3673 μοῦντας
589 3599 679 3652 τὸν
707 3598 933 3661 δίκαιον,
959 3599 1048 3651 ἐπ’
1077 3595 1269 3667 ἀγαθῷ
1299 3597 1408 3651 τῶν
1450 3598 1890 3672 πολεμουμένων,

322 3690 480 3746 τοῦτο
509 3689 696 3755 ποιῶν,
725 3691 801 3754 ὡς
832 3690 897 3743 ἂν
934 3689 1230 3744 παύσαιντό
1253 3707 1382 3743 ποτε
1411 3690 1478 3744 τὰ
1522 3691 1692 3764 ἐχθρὰ
1717 3694 1784 3764 τῇ
1809 3692 1891 3745 δι-

325 3783 587 3857 καιοσύνῃ
616 3783 968 3854 πράττοντες.

397 3884 510 3939 Τοῦ
541 3881 747 3938 αὐτοῦ.
776 3882 938 3935 Οὐδὲν
976 3880 1146 3946 οὕτως
1171 3880 1246 3952 (‘2)
1286 3882 1599 3938 ἀνθίσταται
1628 3886 1741 3947 τοῖς
1781 3882 1893 3938 δαί-

329 3992 484 4047 μοσιν
509 3975 583 4037 ὡς
612 3973 921 4044 δικαιοσύνη
957 3973 1051 4025 καὶ
1074 3973 1294 4042 γνῶσις.

409 4061 729 4117 Ἐπιλιιϐοῦ
752 4061 945 4115 ὅπλου
975 4061 1071 4114 καὶ
1096 4060 1330 4129 θυρεοῦ,
1364 4062 1460 4115 καὶ
1499 4059 1788 4129 ἀνάστηθι
1805 4063 1891 4127 εἰς

1998 2971 2221 3032 guntur,
2254 2962 2346 3030 qui
2380 2959 2469 3014 hic
2507 2960 2839 3027 judicantur,
2867 2967 2920 3012 et
2951 2965 3350 3025 expugnantur.
3385 2953 3558 3008 Porro

1993 3065 2185 3107 omnes
2220 3051 2391 3122 iniqui
2423 3049 2662 3115 Christo,
2696 3049 2786 3118 Qui
2813 3048 3020 3117 jnstitia
3060 3058 3164 3112 est,
3196 3047 3443 3115 injuriam
3474 3043 3557 3097 fa-

1993 3145 2169 3209 ciunt,
2219 3154 2276 3199 et
2324 3142 2415 3213 qui
2468 3159 2571 3196 non
2623 3142 2821 3195 habent
2876 3138 2928 3193 in
2984 3138 3293 3206 semetipsis
3340 3150 3553 3206 pacem,

1993 3235 2136 3291 bella
2185 3246 2402 3305 gerunt,
2455 3245 2508 3289 et
2534 3233 2805 3288 Christum
2844 3239 3178 3301 Oppuguant,
3206 3228 3296 3296 qui
3331 3242 3433 3296 pax
3461 3241 3558 3278 no-

1993 3336 2105 3382 stra
2160 3338 2263 3381 est.
2329 3326 2593 3380 Dominus
2653 3331 2875 3386 autem,
2939 3323 3065 3375 dum
3126 3320 3339 3388 iniquos
3407 3316 3552 3387 judi-

1993 3426 2098 3482 cat,
2152 3417 2491 3486 iniquitatem
2539 3431 2659 3487 quae
2710 3417 2764 3470 in
2819 3414 2950 3483 ipsis
3002 3420 3108 3476 est,
3162 3410 3364 3479 perdit.
3413 3408 3552 3475 Quin

1993 3518 2048 3563 et
2103 3509 2206 3564 hoc
2258 3509 2420 3563 modo
2475 3516 2747 3578 expugnat
2793 3520 2921 3570 eos,
2976 3503 3066 3573 qui
3116 3502 3323 3572 justum
3378 3514 3554 3568 oppu-

1993 3611 2199 3671 gnant,
2255 3601 2322 3654 ad
2372 3601 2572 3655 bonum
2617 3614 2806 3654 eorum
2853 3596 2943 3666 qui
2991 3603 3409 3663 expugnantur,
3453 3590 3556 3645 hoc

1991 3691 2225 3757 faciens,
2260 3700 2319 3747 ut
2346 3706 2407 3746 ea
2442 3706 2562 3761 qua:
2590 3692 2948 3745 adversantur
2976 3685 3222 3756 justitize,
3255 3682 3437 3737 facere
3463 3683 3567 3737 deo

1954 3780 1969 3787 ’
1993 3785 2196 3839 sinant.

2064 3875 2346 3943 Ejusdem.
2396 3874 2537 3927 Nihil
2567 3887 2719 3945 mque
2765 3870 3100 3925 dannonibus
3128 3867 3351 3929 resistit,
3380 3881 3442 3919 ac
3467 3864 3554 3934 ju-

1992 3964 2142 4019 stitia
2167 3977 2221 4019 et
2248 3964 2499 4019 scicntia.

2063 4056 2233 4111 Vens.
2259 4055 2315 4110 2.
2359 4053 2700 4123 Apprcltende
2734 4067 2884 4105 arma
2915 4059 2963 4104 et
2991 4061 3215 4116 scutum,
3250 4059 3297 4103 et
3333 4063 3555 4117 exsurge

321 4153 610 4220 ,βοήθειάν
632 4170 731 4222 μοι
751 4193 767 4213 ,
795 4168 851 4205 κ.
883 4168 934 4207 τ.
964 4153 1007 4204 ὲ.
1042 4170 1061 4204 ι
1090 4152 1332 4223 Λήψεται
1359 4151 1658 4206 πανοπλίαν
1694 4153 1768 4222 (5)
1798 4153 1887 4205 τὸν

1994 4146 2050 4199 in
2099 4145 2424 4215 adjutorium
2474 4143 2623 4204 mihi,
2684 4151 2789 4195 etc.
2848 4158 2868 4191 ι
2923 4139 3168 4208 Accipiet
3219 4148 3552 4193 armaturam

328 4243 485 4315 ζῆλον
512 4242 697 4307 αὑτοῦ,
734 4241 828 4295 καὶ
848 4241 1195 4312 ὀπλοποιήσει
1228 4242 1325 4313 τὴν
1350 4242 1525 4296 κτίσιν
1568 4244 1647 4306 εἰς
1680 4242 1889 4312 ἄμυναν

325 4333 433 4388 τῶν
460 4332 684 4405 ἐχθρῶν.
704 4330 1005 4385 Ἐνδύσεται
1032 4330 1253 4404 θώρακα
1283 4332 1645 4403 δικαιοσύνην,
1671 4335 1764 4387 καὶ
1793 4351 1893 4386 πε-

327 4423 603 4495 ριθήσεται
629 4420 832 4492 κόρυθα
859 4420 1035 4490 κρίσιν
1054 4421 1414 4494 ἀνυπόκριτον
1432 4440 1445 4453 ο
1469 4421 1687 4492 λήψεται
1728 4424 1889 4476 ἀσπί-

321 4514 388 4568 δα
413 4511 835 4582 ἀκαταμάχητον
858 4510 1112 4581 ὁσιότητα
1132 4527 1147 4540 ·
1185 4510 1363 4575 ὁξυνεῖ
1394 4511 1451 4564 δὲ
1494 4511 1767 4580 ἀπότομον
1804 4512 1890 4581 ὀρ-

324 4604 425 4675 γὴν
451 4604 529 4665 είς
562 4600 851 4672 ῥομφαίαν.
885 4618 903 4650 ›
934 4600 1151 4654 Τούτων
1183 4600 1343 4672 χρείᾳ
1377 4600 1573 4670 φησίν·
1615 4618 1632 4651 ι
1670 4600 1889 4654 Ἐπιλα-

322 4693 418 4747 δοῦ
442 4691 607 4746 ὅπλου
636 4690 731 4743 καὶ
758 4688 973 4761 θυρεοῦ.
1011 4710 1031 4742 ι
1068 4691 1278 4763 Ὥσπερ
1307 4691 1364 4744 δὲ
1394 4691 1787 4759 συγκόπτουσιν
1838 4693 1887 4745 οἱ

321 4786 520 4840 δίκαιοι
546 4780 917 4846 τελειωθέντες
965 4782 1065 4846 τὰς
1110 4783 1380 4855 μαχαίρας
1410 4784 1490 4847 είς
1535 4782 1761 4855 ἄροτρα,
1794 4781 1889 4836 καὶ

321 4877 420 4942 τὰς
441 4876 660 4942 ζιὸύνας
684 4873 861 4929 αὐτῶν
885 4874 964 4937 εἰς
990 4874 1228 4945 δρέπανα
1245 4892 1260 4906 ο
1302 4874 1443 4929 οὕτω
1489 4874 1626 4946 μετὰ
1669 4874 1767 4937 τάς
1798 4890 1891 4926 κο-

321 4967 505 5031 λάσεις
539 4964 893 5037 μεταποιήσει
919 4963 1016 5035 τήν
1053 4965 1246 5019 ἑαυτοῦ
1269 4965 1567 5019 πανοπλίαν
1588 4967 1618 5017 ὁ
1642 4965 1773 5028 Θεὸς
1798 4964 1890 5017 τὸν

325 5059 486 5132 ζῆλον
509 5059 673 5113 αὑτοῦ
699 5061 778 5122 εἰς
810 5056 1061 5130 εἰρηνικά
1086 5056 1379 5127 ἐνδύματα,
1404 5058 1497 5110 καὶ
1541 5057 1633 5110 τὸν
1666 5056 1891 5127 θώρακα

323 5156 404 5219 εἰς
429 5153 637 5225 ποδήρη
669 5153 763 5205 καὶ
794 5151 1001 5220 λόγιον,
1054 5148 1151 5220 τὴν
1181 5149 1236 5202 δὲ
1292 5148 1496 5221 κόρυθα
1553 5151 1633 5213 εἰς
1678 5149 1891 5218 κίδαριν

326 5249 369 5302 ιε
380 5246 626 5318 ρατικὴν,
654 5243 751 5315 τὴν
774 5242 832 5297 δὲ
856 5241 1154 5312 ἀσφάλειαν
1179 5241 1260 5304 εἰς
1285 5241 1383 5308 τὴν
1417 5242 1476 5294 ὲν
1523 5241 1714 5313 εἰρήνῃ
1754 5238 1892 5293 ὁσιό-

397 5433 440 5465 ¹⁸
472 5430 612 5486 Psal.
642 5446 695 5496 ι..
732 5429 824 5487 l9.
899 5428 946 5460 ¹⁹
974 5428 1101 5501 Sap.
1143 5427 1316 5495 ν,18.
1392 5423 1437 5456 ³⁸
1484 5423 1588 5480 lsa.
1629 5437 1690 5489 ιι,
1718 5423 1774 5478 4.

396 5620 474 5685 (1)
502 5619 709 5685 Εἰδὼς.
742 5618 850 5686 ὅτι,
882 5628 986 5676 etc.
1029 5619 1228 5675 Catena
1261 5615 1528 5673 Corderii.

402 5688 479 5750 (2)
499 5689 688 5743 Οὐδὲν
715 5690 920 5753 οὕτως,
948 5701 1052 5746 etc.
1107 5689 1287 5747 Codex
1315 5687 1692 5750 Coislinianus.
1722 5687 1884 5744 sche-

1997 4236 2161 4309 650
2195 4235 2368 4290 zelum
2404 4234 2629 4296 illius,et
2658 4231 2892 4286 armabit
2934 4239 3238 4285 creaturam
3286 4230 3353 4283 ad
3400 4228 3556 4282 ultio-

1998 4344 2118 4382 nem
2163 4326 2527 4381 inimicorum.
2552 4322 2745 4376 lnduet
2788 4337 2887 4390 pro
2933 4322 3155 4376 thorace
3181 4320 3466 4389 justitiam,
3498 4327 3556 4372 et

1997 4419 2227 4487 accipiet
2265 4432 2363 4487 pro
2389 4416 2535 4486 galea
2568 4413 2832 4482 judicium
2865 4424 3098 4475 certum,
3132 4421 3311 4467 sumet
3342 4421 3553 4465 scutum

1995 4507 2419 4578 inexpugnabile
2446 4504 2779 4572 arquitatem,
2809 4512 2969 4555 acuet
2994 4513 3174 4555 autem
3206 4503 3391 4555 duram
3417 4500 3553 4553 iram

1995 4600 2051 4653 in
2090 4601 2331 4653 lanceam
2356 4596 2456 4650 η.)
2484 4593 2775 4665 Propterea
2859 4592 2990 4650 dicit
3064 4609 3079 4646 :
3124 4610 3144 4644 ι
3199 4590 3555 4662 Apprehende

1994 4705 2147 4744 arma
2201 4697 2254 4745 et
2305 4698 2539 4744 scutum.
2601 4706 2618 4738 ι
2670 4684 3131 4752 Quemadmodum
3167 4693 3350 4738 autem
3386 4680 3553 4749 justi,

1995 4795 2118 4834 cum
2150 4779 2263 4849 jam
2300 4778 2523 4849 perfecti
2557 4776 2782 4840 fuerint,
2836 4773 3073 4829 conﬂant
3120 4775 3324 4846 gladios
3375 4775 3428 4828 in
3462 4787 3556 4826 vo-

1996 4888 2193 4938 meres,
2228 4881 2283 4927 et.
2326 4872 2540 4927 lanceas
2580 4886 2706 4926 suas
2750 4870 2803 4922 in
2848 4867 3012 4926 falces
3041 4872 3085 4903 ’⁸
3117 4871 3234 4926 :sic
3276 4876 3399 4935 post
3429 4881 3556 4936 sup-

1994 4964 2179 5033 plicia,
2198 4973 2480 5020 convertet
2505 4976 2838 5022 armaturam
2864 4984 3014 5024 suam
3038 4964 3178 5019 Deus
3206 4962 3379 5017 zelum
3395 4974 3554 5014 suum

1998 5055 2050 5108 in
2084 5056 2308 5126 paciﬁca
2347 5058 2683 5128 indumenta,
2713 5070 2765 5115 et
2800 5061 3074 5116 thoracem
3112 5059 3164 5110 in
3200 5055 3453 5126 poderem
3485 5069 3549 5106 ac

2000 5146 2286 5211 rationale,
2321 5148 2530 5215 galeam
2562 5163 2689 5204 vero
2726 5149 2779 5203 in
2809 5150 3002 5202 tiaram
3051 5143 3460 5206 sacerdotalem,
3500 5150 3554 5194 et

1998 5237 2396 5292 munimentum
2450 5239 2504 5292 in
2552 5241 2700 5310 pacis
2739 5242 3070 5311 aequitatem,
3104 5247 3264 5307 atque
3310 5234 3447 5289 iram
3497 5233 3552 5286 in

1986 5614 2067 5671 dae
2091 5612 2306 5676 Grabii,
2332 5622 2387 5667 et
2414 5612 2615 5667 Catena
2645 5607 2888 5664 Barbari.

2062 5684 2138 5749 (ὃ)
2172 5673 2436 5751 Λήψεται
2470 5678 2835 5746 πανοπλίαν,
2866 5690 2971 5737 etc.
3009 5675 3211 5733 Catena
3234 5673 3498 5732 Coraci-ii.
