4020 6152
486 208 619 264 ιειι
1880 193 1974 249 EX
2011 191 2073 248 0|

2181 189 2311 246 ENE
3617 178 3768 237 1⁸512

485 326 901 393 benignitatem.
934 320 1108 378 Porro
1138 319 1449 389 benignitas
1494 325 1580 373 est
1626 329 1732 372 non
1765 314 1939 370 solum
1968 312 2050 368 ef-

2178 326 2311 381 ητα,
2344 307 2443 381 τὴν
2468 309 2524 363 δὲ
2550 309 2719 382 ὀργὴν
2747 311 2827 373 είς
2851 309 3211 382 χρηστότητα.
3261 305 3575 375 ’Δγαθότης
3607 301 3668 356 δὲ
3696 301 3765 353 τὸ

485 418 665 483 fundi,
713 430 900 469 verum
945 416 1107 470 etiam
1157 411 1408 468 concludi
1467 410 1755 464 frameam.
1811 408 1905 463 Vel
1950 408 2056 463 hoc

2173 400 2219 452 n’i
2259 400 2418 471 μόνον
2446 400 2762 471 ἐκχυθῆναι,
2793 401 2929 455 ἀλλὰ
2972 402 3068 454 καὶ
3121 398 3549 469 συγκλεισθῆναι
3609 398 3760 467 ῥομο

486 510 567 564 ait
629 526 645 563 :
696 507 1129 577 Apprehendens
1188 513 1397 558 scutum
1454 513 1510 558 et
1566 517 1718 556 arma
1765 501 2056 567 veritatis,

2179 491 2344 559 palav.
2395 491 2464 543 Ἤ
2492 489 2651 544 τοῦτό
2677 508 2868 562 φησιν·
2905 490 3322 560 Ἐπιλαϐόμενος
3351 488 3449 541 τοῦ
3478 487 3766 557 καταλλή-

491 619 511 652 ι
555 614 787 668 exsurge
818 598 872 652 in
903 597 1230 667 adjutorium
1274 610 1476 656 meum,
1515 612 1536 646 ι
1593 595 1775 659 idest,
1803 593 2061 649 defensor

2169 586 2250 635 λου
2272 583 2365 635 τοῦ
2400 583 2614 654 θυρεοῦ,
2644 584 2739 637 καὶ
2765 584 2933 638 ὅπλου
2962 584 3065 653 τῆς
3091 581 3349 652 ἀληθείας
3389 623 3406 645 ,
3462 599 3483 631 ι
3528 581 3756 634 ἀνάστα

487 704 641 746 meus
687 701 825 745 esto.
881 691 949 745 Et
1003 690 1197 753 illud,¢
1256 687 1488 745 Eil‘unde
1537 688 1824 754 frameam,
1865 707 1888 740 ι
1924 688 2060 743 dicit

2171 677 2237 738 εἰς
2286 675 2386 746 τὴν
2468 676 2723 745 βοήθειάν
2770 694 2905 747 μουο
2940 697 2959 729 ι
3036 676 3312 730 τουτέστιν
3347 716 3364 741 ,
3420 674 3758 745 ὑπέρμαχθς

484 800 609 856 pro,
639 784 875 853 Evagina
911 784 1091 849 illam;
1143 784 1286 838 istud
1316 796 1467 846 vero,
1502 800 1522 833 ι
1558 781 1832 837 Conclude
1864 781 2058 836 adver-

2163 766 2337 834 γενοῦ.
2387 767 2497 819 Kal.
2547 768 2627 830 τὸ,
2668 788 2687 819 ι
2732 771 2958 838 ’Έκχεον
3014 768 3320 839 ῥομφαίαν,
3362 786 3381 819 ι
3442 768 3572 820 ἀντὶ
3624 765 3750 826 τοῦ,

487 894 581 936 sus
604 893 698 932 eos
726 878 818 947 qui
853 891 939 931 me
963 888 1386 947 persequamur,
1428 896 1446 930 ι
1496 877 1641 931 idem
1667 884 1754 931 est
1782 889 1847 928 ac
1885 875 1930 928 si
1972 874 2058 927 di-

2163 857 2468 928 Γύμνωσον,
2495 859 2669 927 λέγει’
2702 861 2763 912 τὸ
2795 860 2873 926 δὲ,
2930 878 2949 910 ι
2985 859 3308 927 Σύγκλεισον
3366 858 3429 924 ἐξ
3485 858 3750 941 ἐναντίας

486 982 596 1034 cat,
638 969 881 1027 Occurre
914 980 971 1024 et
997 970 1261 1039 intercipe
1308 969 1442 1039 ipsis
1466 983 1713 1034 cursum,
1743 965 1923 1036 gladio
1949 965 2055 1020 im-

2161 952 2265 1006 τῶν
2292 953 2733 1007 καταδιωκόντων
2776 971 2865 1024 με,
2895 973 2914 1006 ι
2954 953 3074 1006 ἀντὶ
3104 951 3219 1017 τοῦ,
3264 950 3608 1021 Ἀπάντησον
3651 951 3748 1003 καὶ

488 1072 672 1131 petum
702 1076 888 1117 eorum
925 1076 1141 1127 arcens.

2160 1043 2502 1115 περίκλεισον
2528 1046 2711 1109 αὐτοῖς
2738 1045 2831 1097 τὸν
2855 1044 3074 1114 δρόμον,
3106 1043 3249 1112 ξίφει
3277 1042 3378 1115 τὴν
3432 1040 3617 1112 ὁρμὴν
3644 1041 3747 1094 αὑ-

2156 1133 2267 1187 τῶν
2305 1136 2605 1206 ἁπείργων.

562 1243 837 1313 Ejusdem.
872 1242 932 1298 Si
960 1243 1053 1312 qui
1086 1242 1214 1298 vicit
1242 1242 1295 1296 in
1330 1241 1492 1305 bello,
1523 1241 1578 1297 in
1621 1240 1941 1297 servitutem
1970 1255 2059 1296 re-

2233 1228 2344 1282 Τοῦ
2374 1227 2580 1281 αὐτοῦ.
2614 1227 2676 1280 Εἰ
2706 1228 2735 1281 ὁ
2761 1233 2989 1297 νικήσας
3015 1226 3093 1296 (4)
3125 1227 3183 1280 ἐν
3219 1225 3446 1297 πολέμῳ
3477 1225 3746 1279 καταδου-

488 1333 627 1404 digit
658 1336 880 1390 hostes:
917 1336 1168 1391 Christus
1198 1351 1325 1391 vero
1362 1334 1617 1389 mundum
1650 1334 1816 1401 vicit;
1855 1352 1875 1384 ‹
1912 1333 2059 1388 Con-

2159 1319 2342 1373 λοῦται
2368 1318 2494 1382 τοὺς
2530 1317 2841 1389 πολεμίους,
2866 1316 3097 1389 Χριστὸς
3125 1316 3183 1370 δὲ
3228 1316 3485 1386 νενίκηκε
3517 1315 3612 1369 τὸν
3647 1317 3746 1368 κό-

490 1424 641 1479 lidite
672 1425 839 1493 enim,
860 1427 1034 1496 inquit
1061 1427 1128 1491 ‘7,
1154 1442 1255 1497 ego
1283 1427 1386 1483 vici
1420 1426 1675 1481 mundum
1702 1443 1718 1492 ;
1757 1444 1777 1478 ι
1807 1425 2059 1480 Christus

2159 1427 2329 1483 σμοψ
2372 1429 2390 1460 ι
2425 1410 2687 1481 Θαρσεῖτε
2736 1409 2866 1481 γὰρ,
2928 1409 3114 1479 φησιν,
3162 1407 3273 1476 ἐγὼ
3322 1408 3589 1479 νενίκηκα
3646 1407 3745 1463 τὸν

493 1517 666 1587 igitur
715 1519 971 1573 mundum
1010 1518 1065 1573 in
1113 1519 1429 1575 servitutem
1487 1518 1722 1588 redegit,
1767 1528 1828 1573 ut
1869 1532 2060 1573 omnes

2159 1505 2363 1575 κόσμον
2387 1520 2401 1534 ο
2441 1522 2460 1554 ι
2503 1502 2736 1575 Χριστὸς
2777 1501 2885 1573 ἄρα
2912 1502 3002 1555 τὸν
3036 1501 3239 1571 κόσμον
3270 1499 3740 1563 κατεδουλώσατο,

490 1609 631 1664 servi
662 1608 779 1677 ejus
819 1608 971 1664 liant.

2091 1653 2134 1677 ἢ
2163 1596 2251 1649 ἵνα
2278 1595 2543 1665 γένωνται
2575 1594 2774 1658 πάντες
2789 1593 2962 1647 δοῦλοι
2991 1592 3250 1665 Χριστοῦ.

564 1653 728 1755 Vanis.
750 1653 851 1758 *δῖ
1026 1703 1216 1756 animle
1248 1718 1376 1757 mea:
1411 1716 1432 1756 :
1461 1700 1621 1758 Salus
1656 1713 1747 1756 tua
1790 1718 1882 1773 ego
1922 1718 2058 1766 sum,
2091 1653 2136 1712 Β

2231 1653 2424 1742 Είπον
2448 1686 2522 1755 τῇ
2565 1653 2768 1757 ψυχῇ*
2779 1703 2897 1756 μου
2919 1702 2933 1716 ·
2970 1653 3240 1754 Σωτηρία
3281 1700 3398 1739 σου
3443 1685 3563 1753 ἐγώ
3600 1685 3737 1752 εἰμι,

492 1799 599 1845 etc.
629 1789 781 1846 Tunc
815 1792 1013 1847 animae
1036 1794 1183 1848 salus
1212 1804 1317 1858 est,
1347 1810 1470 1849 cum
1506 1795 1640 1848 dicit
1669 1795 1716 1848 ei
1746 1772 2011 1847 Dominus
2042 1810 2057 1847 :

2162 1794 2214 1830 κ.
2245 1795 2297 1832 τ.
2328 1779 2374 1833 ὲ.
2406 1777 2547 1830 Αὐτὸ
2578 1777 2734 1830 τοῦτο
2763 1776 2838 1847 (5)
2871 1775 3111 1846 σωτηρία
3153 1774 3271 1828 ἐστὶ
3300 1773 3515 1845 ψυχῆς,
3541 1772 3608 1825 τὸ
3658 1773 3735 1823 εἰ-

498 1900 518 1932 σ
556 1880 714 1937 Salus
741 1890 830 1936 tua
859 1896 959 1952 ego
983 1897 1139 1950 sum;
1172 1900 1194 1937 ι
1232 1899 1332 1940 nec
1367 1886 1434 1939 de
1462 1886 1572 1941 alio
1593 1884 1850 1955 quopiam
1885 1884 1936 1938 id
1967 1900 2062 1954 po-

2162 1872 2282 1923 πείν
2310 1871 2447 1941 αὐτῇ
2475 1870 2565 1923 τὸν
2597 1869 2803 1941 Κύριον
2826 1886 2840 1900 ο
2874 1888 2893 1921 ι
2936 1868 3186 1940 Σωτηρία
3225 1885 3320 1922 σου
3373 1866 3488 1936 ἐγώ
3518 1867 3641 1936 ειμι
3661 1882 3675 1894 ·
3710 1883 3730 1916 ι

496 1980 604 2028 test
636 1972 886 2044 intelligi.
1338 2024 1352 2035 ,
2163 1963 2255 2016 καὶ
2287 1963 2373 2014 ἐπ’
2405 1961 2564 2016 ἄλλου
2594 1962 2735 2025 τινὸς
2765 1962 2865 2015 οὐκ
2895 1960 2959 2014 ἂν
2985 1960 3126 2013 οὕτω
3153 1958 3389 2030 νοηθείη.

568 2063 730 2120 Vens.
760 2066 814 2120 4.
847 2066 1167 2120 Avertantur
1189 2076 1504 2134 retrorsum,
1534 2076 1641 2123 etc.
1673 2067 1772 2135 Qui
1798 2083 1828 2122 a
1858 2068 2063 2123 virtute

2240 2052 2818 2123 Ἀποστραερήτωσαν
2838 2054 2925 2119 εἰς
2948 2052 3021 2106 τὰ
3049 2052 3260 2115 ὀπίσω,
3293 2068 3351 2105 κ.
3381 2065 3436 2103 τ.
3476 2049 3528 2103 ἑ.
3564 2049 3736 2122 Εὔερ-

497 2154 556 2209 in
607 2155 872 2209 malitiam
932 2157 1183 2221 tendunt,
1212 2157 1290 2211 eis
1336 2157 1472 2211 bene
1516 2166 1619 2222 est,
1652 2158 1696 2211 si
1746 2169 2063 2212 avertantur

2162 2145 2441 2213 γετοῦνται
2471 2145 2546 2218 (6)
2589 2148 2638 2199 οἱ
2688 2147 2796 2199 ἀπὸ
2846 2145 2943 2214 τῆς
2978 2145 3180 2216 ἀρετῆς
3239 2143 3332 2196 ἐπὶ
3385 2142 3485 2216 τὴν
3529 2142 3733 2196 κακίαν

499 2254 820 2301 retrorsum.
848 2264 868 2299 ι
903 2245 1319 2302 Confundantur
1346 2249 1650 2317 cogitantes
1683 2248 1815 2302 mihi
1847 2249 2006 2303 mala.
2036 2267 2055 2302 ι

2162 2238 2451 2303 ὁδεύοντες,
2486 2238 2581 2292 ἐὰν
2633 2239 2713 2302 είς
2764 2237 2833 2292 τά
2868 2237 3042 2290 όπίσω
3083 2234 3530 2307 ἀπα-τραφῶσιν.
3567 2253 3586 2285 ι
3622 2233 3736 2286 Καὶ

493 2338 751 2395 Conlusio
780 2341 916 2403 haec,
940 2338 1164 2397 allectus
1188 2350 1272 2396 est
1300 2341 1607 2410 laudabilis,
1624 2340 1717 2413 qui
1745 2350 2058 2412 peccantem

2162 2329 2712 2401 xarataxuvﬂﬁcoioav
2749 2330 2799 2381 οἱ
2855 2327 3191 2398 λογιζόμενοί
3241 2344 3334 2397 μοι
3382 2324 3551 2381 κακά.
3581 2345 3602 2377 ι
3668 2325 3734 2378 Ἦ

492 2431 561 2483 ad
588 2430 672 2485 sui
713 2428 883 2500 ipsius
909 2431 1298 2486 conscientiam
1325 2431 1496 2486 ducit.

2162 2424 2390 2496 αἰσχύνη
2418 2423 2555 2494 αὕτη
2585 2422 2755 2485 πάθος
2787 2421 2934 2476 ἐστὶν
2969 2420 3281 2485 ἐπαινετὸν,
3314 2420 3395 2483 εἰς
3434 2419 3733 2490 συναίσθη-

2164 2537 2247 2573 σιν
2274 2521 2403 2589 άγον
2435 2519 2525 2573 τὸν
2552 2519 2953 2590 ἁμαρτάνοντα.

570 2601 734 2660 Vsus.
788 2605 841 2660 6.
897 2604 1026 2659 Fiat
1067 2609 1150 2661 via
1187 2607 1400 2662 illorum
1448 2610 1695 2677 tenebrat,
1741 2622 1851 2667 etc.
1907 2611 2058 2668 Viam

2232 2610 2550 2680 Γενηθήτω
2586 2613 2623 2680 ἡ
2646 2611 2785 2678 ὁδὸς
2812 2608 3009 2665 αὐτῶν
3035 2611 3275 2676 σκότος,
3298 2625 3355 2666 κ.
3389 2628 3441 2664 τ.
3481 2610 3530 2663 ὲ.
3580 2610 3731 2665 Ὀξὺν

493 2695 805 2764 impiorum,
843 2707 997 2752 vocat
1024 2698 1321 2767 improbam
1351 2700 1537 2762 vitam,
1575 2703 1869 2756 secundum
1898 2719 2057 2772 quam

2161 2704 2373 2760 ἀσεϐῶν
2395 2703 2471 2777 (7)
2499 2704 2591 2758 τὸν
2628 2703 2901 2776 μοχθηρὸν
2932 2703 3044 2774 βίον
3070 2703 3346 2774 ὀνομάζει,
3380 2704 3502 2757 καθ’
3532 2702 3594 2756 ὃν
3628 2702 3730 2775 τὴν

494 2793 863 2850 ambularunt.
913 2793 1060 2860 llaec,
1108 2795 1306 2864 inquit,
1339 2795 1427 2850 liat
1481 2797 1616 2865 ipsis
1667 2816 1688 2849 ι
1734 2798 1992 2861 tenebrae,
2031 2818 2053 2853 ι

2161 2796 2383 2868 πορείαν
2426 2797 2765 2867 ἐποιήσαντο.
2820 2795 3106 2866 Γενηθήτω
3160 2795 3345 2857 αὐτοῖς
3403 2814 3422 2846 ι
3455 2795 3662 2859 σκότος,
3703 2814 3721 2843 ι

495 2889 642 2940 οηιηὶ
690 2885 979 2953 splendore
1024 2889 1307 2953 destituta,
1343 2900 1394 2944 et
1435 2908 1453 2941 ι
1514 2892 1802 2956 lubricum,
1850 2911 1870 2945 ι
1907 2903 2058 2948 utne

2159 2888 2358 2951 παντὸς
2390 2886 2721 2959 στερουμένη
2755 2886 3008 2956 φέγγους,
3039 2886 3135 2939 καὶ
3162 2900 3182 2935 ι
3211 2884 3499 2955 ὀλίσθημα,
3531 2905 3549 2938 ι
3575 2888 3723 2948 ὅπως

494 2976 796 3031 (ευηείεῑειέ
864 2976 1079 3044 quidem
1136 2977 1393 3042 valeant,
1454 2979 1647 3048 angelo
1710 2980 1804 3035 Dei
1869 2994 2055 3048 perse-

2164 2978 2283 3051 μηδ’
2318 2977 2537 3031 ἑστάναι
2564 2976 2827 3037 δύναιντο,
2860 2973 3090 3043 ἀγγέλου
3112 2971 3246 3026 Θεοῦ
3281 2974 3720 3040 καταδιώκοντες.

496 3075 714 3135 quente.
754 3065 918 3121 Vides
945 3076 1003 3120 ut
1033 3067 1198 3121 etiam
1232 3068 1491 3139 angelica:
1516 3072 1744 3127 virtutes
1777 3087 1926 3126 arma
1952 3074 2061 3126 sint

2176 3073 2337 3143 Ὁρᾷς
2366 3072 2423 3125 δὲ
2450 3071 2526 3135 ὠς
2551 3071 2607 3123 αἱ
2657 3068 2945 3138 ἁγγελικα).
2995 3067 3250 3139 δυνάμεις
3288 3068 3430 3122 ὅπλα
3474 3070 3581 3122 εἰσὶ
3629 3069 3716 3121 τοῦ

497 3157 613 3213 Dei.

2162 3162 2316 3215 Θεοῦ.

568 3247 730 3303 Vsus.
764 3248 818 3304 8.
866 3247 1047 3303 Veniat
1099 3250 1180 3304 illi
1227 3251 1443 3314 laqueus
1472 3272 1624 3324 quem
1674 3257 1902 3328 ignorat,
1951 3270 2057 3320 etc.

2246 3250 2488 3307 Ἐλθέτω
2513 3249 2678 3316 αὐτῷ
2704 3248 2904 3320 παγίς,
2927 3246 3010 3318 ἦν
3043 3250 3116 3305 οὐ
3156 3248 3454 3318 γινώσκει,
3508 3268 3564 3306 κ.
3586 3268 3637 3305 τ.
3672 3252 3718 3305 ι.

495 3338 803 3394 Notandum
851 3348 937 3395 cst
976 3342 1151 3410 ipsum
1201 3343 1686 3411 impraesentiarum
1749 3365 1848 3417 pro
1881 3353 2062 3408 verbis

2162 3343 2501 3416 Σημειωτέον
2534 3343 2632 3412 (8),
2657 3344 2738 3396 ὃτι
2763 3345 2820 3395 ὲν
2840 3344 2953 3405 τοῖς
2976 3338 3358 3413 προκειμένοις
3389 3341 3512 3395 ἀντὶ
3545 3341 3719 3395 εὐκτι-

495 3431 770 3498 optativis,
803 3445 959 3485 usum
995 3445 1117 3486 esse
1150 3432 1489 3501 imperativis
1516 3453 1530 3489 :
1564 3452 1688 3491 nam
1717 3439 1948 3508 quisque
1971 3456 2061 3495 se-

2162 3437 2274 3491 κῶν
2326 3437 2745 3507 προστακτικῶς
2794 3434 3063 3508 ἐχρήσατο
3120 3434 3357 3503 ῥήμασι·
3412 3432 3555 3487 κατὰ
3618 3431 3717 3506 γὰρ

495 3522 732 3576 cundum
775 3523 1150 3592 operationem
1176 3526 1419 3594 punitur.
1453 3525 1544 3582 Vel
1576 3506 1758 3598 potius
1789 3506 1885 3596 pro
1911 3531 2059 3587 futu-

2161 3530 2260 3600 τὴν
2290 3506 2486 3601 πρᾶξιν
2507 3527 2735 3591 ἕκαστος
2763 3506 3185 3598 τιμωρεῖτοίι.“Η
3214 3523 3411 3596 μᾶλλον
3448 3523 3573 3577 ἀντὶ
3602 3522 3721 3595 μελ-

497 3611 573 3668 ris
603 3626 732 3666 usus
764 3624 867 3667 est.

2161 3620 2358 3674 λόντων
2382 3620 2658 3691 κέχρηται.

566 3702 639 3757 Et
668 3705 839 3770 captio
869 3720 1025 3774 quam
1057 3706 1351 3769 abscondit,
1382 3709 1742 3777 apprehendat
1769 3726 1909 3772 eum,
1934 3723 1981 3765 et
2007 3713 2062 3767 in

2230 3712 2341 3767 Kal
2367 3713 2404 3780 ὴ
2444 3708 2594 3781 θήρα
2622 3708 2701 3777 ἢν
2726 3709 2953 3777 ἔκρυψε
2983 3705 3333 3761 συλλαϐἐτω
3371 3705 3556 3760 αὑτὸν
3578 3744 3595 3772 ,
3628 3705 3726 3761 καὶ

495 3792 743 3863 laqueum
770 3798 928 3850 cadat
959 3796 1014 3850 in
1056 3797 1248 3866 ipsum,
1280 3809 1388 3855 etc.
1420 3799 1668 3853 Arbitror
1694 3800 1852 3872 651
1887 3803 2059 3871 ipsum

2161 3804 2230 3856 ὲν
2262 3802 2334 3872 τῇ
2373 3801 2576 3872 παγιδι
2629 3798 2895 3854 πεσεῖται
2921 3798 2991 3854 ἐν
3017 3796 3172 3867 αὐτῇ
3193 3837 3210 3864 ,
3250 3816 3309 3854 κ.
3345 3816 3396 3855 τ.
3424 3800 3472 3852 ὲ.
3502 3800 3726 3871 Νομίζω

496 3885 563 3937 de
593 3899 756 3940 cruce
788 3885 955 3956 loqui,
989 3889 1042 3940 in
1066 3903 1230 3957 quam
1282 3890 1537 3958 ignorans
1576 3891 1760 3945 incidit
1791 3892 2058 3950 diabolus.

2163 3894 2239 3965 (9)
2272 3893 2399 3964 περὶ
2427 3890 2519 3945 τοῦ
2555 3888 2790 3963 σταυροῦ
2817 3888 2994 3958 λέγειν
3026 3889 3206 3953 αὐτὸν,
3231 3891 3311 3954 εἰς
3347 3890 3406 3943 ὃν
3438 3890 3721 3961 ἐμπέπτω-

495 3974 633 4033 Nam
676 3974 722 4030 si
776 3982 1153 4049 cognovisset,
1209 3998 1483 4052 nunquam
1534 3982 1822 4042 Dominum
1877 3986 2061 4057 gloriae

2162 4002 2256 4038 κεν
2284 3987 2312 4038 ὁ
2337 3983 2580 4047 διάϐολος
2609 3983 2832 4051 ἀγνοῶν.
2862 3983 2925 4034 Εἰ
2959 3982 3066 4054 γὰρ
3101 3980 3273 4049 ἔγνω,
3315 3982 3415 4035 οὐκ
3455 3981 3521 4036 ἂν
3568 3983 3725 4037 αὑτὸν

496 4064 646 4123 (πυρὶ
677 4062 955 4119 θίηλίδδθι.
2161 4078 2366 4151 Κύριον
2397 4078 2496 4148 τῆς
2527 4077 2683 4147 δόξης
2716 4075 3047 4147 ὲσταύρωσε.

568 4153 733 4212 Vsus.
778 4158 866 4213 10.
924 4158 1172 4228 Eri/lien:
1224 4161 1426 4231 inopem
1466 4163 1530 4217 de
1577 4182 1735 4218 manu
1779 4165 2060 4234 fortiorum

2244 4171 2562 4240 Ῥυόμενος
2590 4168 2830 4238 πτωχὸν
2860 4167 2929 4221 ἐκ
2961 4166 3158 4236 χειρὸς
3190 4166 3595 4236 στερεωτέρων
3623 4168 3725 4222 οἰ·-

495 4246 633 4317 ejus,
663 4257 769 4303 etc.
804 4247 942 4302 llinc
997 4252 1373 4319 cognoscimus
1429 4268 1527 4307 nos
1579 4256 1695 4309 sine
1722 4255 1814 4309 Dei
1861 4257 2060 4310 auxilio

2161 4262 2288 4323 τοῦ,
2317 4278 2373 4314 κ.
2408 4278 2458 4313 τ.
2494 4261 2542 4313 ὲ.
2596 4258 2874 4312 Ἐντεῦθεν
2910 4257 3021 4329 (10)
3057 4256 3419 4328 γινώσκομεν,
3452 4259 3536 4329 ὅτι
3564 4259 3723 4329 χωρὶς

498 4341 762 4393 adversus
793 4339 1044 4394 inimicos
1089 4356 1331 4410 pugnare
1381 4357 1489 4397 non
1535 4343 1734 4400 valere.
1780 4343 2060 4400 Fortiores

2132 4344 2134 4365 ¹
2163 4313 2366 4425 ίξυᾎιου
2398 4352 2652 4423 πολεμεῖν
2684 4353 2795 4414 τοῖς
2822 4313 3033 4422 ἐχθροῖς
3059 4313 3159 4404 «iam
3182 4313 3461 4422 ἰσχύομεν.

495 4432 640 4485 enim
674 4431 828 4485 nobis
856 4440 1002 4486 sunt.

2161 4461 2310 4516 τεροι
2349 4442 2457 4514 γὰρ
2486 4441 2645 4514 ἡμῶν
2674 4444 2829 4495 εἰσιν.

567 4520 732 4576 Vens.
789 4521 876 4575 l2.
926 4520 1299 4575 Retribuebant
1348 4522 1476 4576 mihi
1525 4524 1667 4577 mala
1719 4542 1816 4593 pro
1868 4525 2057 4591 bonis,

2243 4532 2739 4591 Ἀνταπεδίδοσάν
2771 4550 2872 4604 μοι
2908 4531 3143 4603 πονηρὰ
3185 4531 3320 4587 ἀντὶ
3356 4531 3593 4603 ἀγαθῶν
3629 4531 3720 4585 καὶ

495 4612 828 4666 sterilitate»:
880 4615 1072 4667 animi:
1122 4628 1272 4676 meaz,
1329 4622 1436 4668 etc.
1495 4613 1706 4670 Stcrilis
1740 4617 1920 4670 anima
1950 4626 2055 4684 est,

2160 4628 2443 4683 ἀτεκνίαν
2476 4624 2546 4694 τῇ
2575 4621 2747 4693 ψυχῇ
2769 4640 2907 4693 μου,
2936 4638 2990 4675 κ.
3020 4638 3073 4674 τ.
3099 4619 3148 4676 ὲ.
3186 4622 3444 4685 Ἀτεκνός
3467 4624 3583 4675 ἐστι
3619 4621 3720 4691 (Η)

495 4721 616 4772 qure
676 4706 811 4761 nihil
858 4706 981 4761 boni
1035 4708 1284 4776 peperit,
1338 4715 1392 4761 et
1440 4707 1570 4763 nulli
1624 4709 1832 4762 homini
1887 4712 2028 4767 bene

2160 4717 2307 4789 ψυχὴ
2339 4717 2371 4787 ἡ
2404 4715 2568 4787 μηδὲν
2597 4715 2902 4786 γεννήσασα
2927 4709 3151 4780 ἀγαθὸν,
3178 4711 3212 4782 ἢ
3244 4711 3433 4783 μηδεν).
3463 4710 3722 4782 ἀνθρώπῳ

496 4798 646 4853 l'ecil.

2165 4807 2437 4878 ποιήσασα
2470 4802 2692 4873 ἀγαθόν.

568 4887 731 4943 Vens.
755 4889 838 4943 i3.
858 4888 922 4942 Et
954 4889 1298 4944 Immiliabam
1315 4892 1369 4945 in
1387 4891 1597 4961 jejunio
1621 4910 1850 4948 animum
1866 4910 2057 4964 meum,

2234 4894 2343 4949 Kal
2378 4893 2732 4947 ἑτιιπείνουν
2767 4892 2839 4945 ἐν
2883 4892 3134 4959 νηστείᾳ
3178 4889 3292 4959 τὴν
3332 4889 3545 4960 ψυχήν
3587 4906 3720 4960 μου,

492 4991 601 5037 etc.
623 4979 767 5034 Nihil
794 4995 948 5051 irque
982 4982 1233 5037 humiliat
1255 4981 1515 5050 animam,
1541 5000 1604 5040 ac
1630 4984 1920 5054 jejunium.
1947 5006 1966 5040 ι
1993 4989 2057 5044 Et

2166 5007 2222 5044 κ.
2254 5006 2306 5042 τ.
2345 4989 2391 5041 ὲ.
2421 4986 2585 5041 Οὐδὲν
2617 4985 2760 5039 οὕτω
2792 4983 2902 5057 (12)
2924 4985 3168 5038 ταπεινοῖ
3197 4983 3297 5054 τὴν
3328 4982 3507 5055 ψυχὴν
3531 4982 3603 5046 ὡς
3633 4997 3720 5051 νη-

568 5099 610 5133 "
640 5097 803 5155 Joan.
831 5114 942 5165 xw,
965 5099 1058 5153 ⁸55.

565 5221 643 5294 (ξ)
683 5224 753 5276 El
777 5221 1108 5294 νικήσας,
1137 5229 1240 5276 etc.
1303 5222 1528 5277 Schedu:
1558 5223 1768 5287 Grallii,
1813 5233 1869 5278 et
1907 5225 2064 5282 Cule-

2237 5224 2317 5286 (9)
2350 5220 2573 5291 Νομίζω
2616 5220 2912 5294 περὶτοῦ,
2965 5232 3071 5276 etc.
3133 5218 3316 5275 Codex
3351 5217 3570 5275 Coislin.
3606 5233 3722 5289 par-

493 5291 837 5363 titi-Barbari.
1226 5360 1249 5363 _
1306 5362 1311 5363 ν
1434 5362 1441 5363 γ
2175 5296 2381 5363 tinique
2416 5295 2619 5346 Catena
2659 5291 2906 5363 Barbari.

565 5364 642 5434 (5)
673 5362 827 5418 Αὐτὸ
850 5363 1043 5428 τοῦτο,
1071 5371 1179 5419 etc.
1211 5360 1392 5417 Codex
1419 5362 1804 5428 Coislinianus,
1827 5376 1882 5419 et
1904 5365 2061 5421 sche-

1864 5365 2061 5421 tschc-
2234 5358 2344 5434 (10)
2370 5363 2702 5434 Ἐντεῦθεν,
2725 5372 2830 5415 etc.
2863 5360 3042 5434 Codex
3058 5358 3448 5434 _Coislinianus.

493 5436 526 5487 α
565 5367 655 5486 (5‘);
673 5367 827 5485 Aibat)
850 5367 1043 5428 τοῦτο,
1071 5371 1179 5419 etc.
1211 5367 1392 5417 Codex
1419 5367 1804 5428 Coislinianus,
1827 5376 1882 5419 et
1904 5367 2061 5421 sche-

531 5451 575 5488 αξ
666 5450 717 5485 ra
741 5450 818 5487 )Il.

2234 5367 2324 5434 (10
2370 5367 2702 5423 Ἐντεῦθεν,
2725 5372 2830 5415 etc.
2863 5367 3042 5415 Codex
3068 5367 3449 5414 Coislinianus.

2160 5503 2193 5508 _
2233 5436 2279 5508 (ί
2296 5367 2345 5503 li
2369 5434 2653 5508 ξΑτεκνός
2671 5432 2821 5497 ἐστι,
2842 5441 2949 5486 etc.
2982 5429 3205 5484 Scheda:
3225 5428 3435 5493 Grabii,
3461 5439 3517 5481 et
3537 5438 3717 5482 catena

567 5505 643 5572 (6)
671 5501 1154 5573 Εὑεργετοῦνται,
1187 5517 1295 5559 etc.
1337 5502 1500 5557 Iidem
1541 5504 1697 5558 codd.
1728 5519 1859 5560 mss.

818 5501 1154 5573 νγετοῦνται,
1187 5517 1295 5559 etc.
1337 5502 1500 5557 Iidem
1541 5504 1697 5558 codd.
1728 5519 1859 5560 mss.
2158 5501 2405 5558 Barbari.

568 5568 644 5646 (ἶ)
688 5568 861 5626 Ὀδὸίη
882 5572 1137 5646 ἀσεϐῶν,
1168 5583 1279 5646 etc.
1320 5573 1520 5646 Catena
1556 5573 1820 5646 corderii.

2186 5645 2197 5646 ί
2234 5573 2344 5646 (l2)
2380 5572 2572 5628 Οὐδὲν
2592 5572 2765 5646 οὕτω,
2796 5580 2904 5625 etc.
2935 5569 3193 5646 _Schedaa_
3226 5568 3413 5646 G‘rabii
3457 5579 3515 5625 et
3559 5570 3715 5625 codex

567 5643 643 5716 (8)
678 5643 1066 5714 Σημειωτέσν,
1095 5651 1204 5700 etc.
1243 5644 1443 5702 Catena
1476 5642 1740 5700 Corderii.
2170 5640 2557 5710 Coislinianus,
2597 5644 2901 5714 partimque
2925 5642 3126 5697 Catena
3155 5640 3402 5697 Barbari.
