4020 6152
218 257 364 315 1513

1214 261 1523 319 SELECTA
1554 262 1619 318 11⁵(
1654 262 1997 323 ΡδΑιιιοε.
2036 295 2107 307 -
2137 267 2334 326 PSAL.
2368 269 2585 329 XXXV.

3324 281 3458 338 l5“

217 376 395 433 στεία.
435 395 457 431 ι
511 379 621 433 Καὶ
650 380 684 452 ή
720 362 999 454 προσευχῆ
1049 399 1149 454 μου
1184 386 1265 447 εἰς
1291 384 1492 438 κόλπον
1523 402 1624 457 μου
1656 386 1783 441 ἀπο-

1900 388 2075 444 oratio
2097 405 2214 446 mea
2248 393 2302 447 in
2335 394 2455 448 sinu
2493 409 2614 451 meo
2651 406 3020 456 convertetur.
3072 419 3093 456 ι
3126 401 3316 459 Sinum
3353 404 3459 461 hoc

218 472 616 545 στραφήσεται.
648 491 668 525 ι
699 472 915 527 Κόλπον
945 474 1040 528 νῦν
1078 475 1169 530 τὸν
1208 476 1331 529 νοῦν
1363 475 1638 547 ὀνομάζει.

300 559 664 630 Ἐπείρασάν
679 581 779 634 με,
805 565 1057 635 ἑξεμυκτ
1065 566 1286 636 ήρισάν
1292 585 1368 636 με
1379 568 1791 639 μυκτηρισμῷ,

212 669 274 709 κ.
308 670 360 708 τ.
392 654 439 707 ὲ.
485 654 656 709 Ἐλεῖν
693 657 756 709 οὐ
791 656 1111 728 δυνηθέντες
1143 659 1255 729 (l5)
1290 659 1358 713 δι’
1395 653 1470 714 ὧν
1494 660 1790 732 ἐπειράθη-

214 760 339 808 σαν,
366 742 530 816 χλεύη
569 744 702 814 γοῦν
735 746 1149 819 παρεμυθοῦντο
1182 749 1319 820 πρὸς
1342 750 1464 820 ἐμὲ,
1511 751 1604 803 καὶ
1635 750 1792 822 δίκην

212 835 400 908 θηρῶν
429 836 636 908 ἀγρίων
659 837 787 900 τοὺς
813 838 1050 904 ὀδόντας,
1086 842 1180 893 καὶ
1202 841 1300 910 τὴν
1331 840 1552 912 όργίλην
1580 843 1675 895 καὶ
1700 840 1793 894 θυ-

216 927 463 1000 μωτικὴν
492 927 673 982 αὐτῶν
713 928 941 1000 δύναμιν
985 931 1070 983 ἐπ’
1104 931 1205 1000 ἐμὲ
1247 929 1504 1002 ἔϐρυξαν·
1542 948 1790 1002 καταφα-

212 1019 334 1086 γεῖν
370 1034 437 1090 με
462 1017 571 1091 γὰρ
596 1017 862 1084 θέλοντες,
893 1020 1187 1090 ἀπέτυχον.

286 1197 383 1268 Μὴ
415 1198 846 1268 ἐπιχαρείησάν
879 1216 981 1270 μοι
1017 1202 1072 1253 οἰ
1099 1198 1516 1267 ἐχθραίνοντές
1543 1216 1645 1269 μοι
1677 1215 1791 1268 μα-

214 1290 415 1356 ταίως,
441 1308 495 1343 κ.
527 1308 579 1343 τ.
617 1292 663 1344 ὲ.
701 1290 789 1362 Τῷ
820 1291 1014 1359 δικαίῳ
1055 1289 1165 1362 (Μ)
1197 1291 1284 1345 διὰ
1315 1291 1414 1363 τὴν
1445 1291 1788 1363 δικαιοσύνην

213 1380 611 1452 ἐχθραίνοντες,
643 1381 844 1445 ἀδίκως
868 1381 1229 1454 ὲχθραίνουσι.

234 1484 239 1488 ‘
292 1475 419 1527 Ὅτι
446 1473 576 1543 ἐμοὶ
611 1473 728 1543 μὲν
755 1475 1021 1544 εἰρηνικὰ
1061 1474 1344 1539 ἐλάλουν,
1383 1475 1481 1528 καὶ
1517 1476 1610 1529 ἐπ’
1640 1474 1787 1546 ὀργῇ

214 1566 442 1632 δόλους
468 1566 878 1637 διελογίζοντο,
912 1585 966 1622 κ.
993 1585 1044 1623 τ.
1072 1570 1119 1622 ὲ.
1145 1587 1164 1620 ι
1192 1567 1420 1622 Ἕσεσθε
1455 1586 1475 1621 ι
1508 1568 1617 1640 γὰρ
1649 1568 1783 1640 (15),

215 1657 404 1728 φησὶν,
440 1675 459 1708 ι
501 1658 576 1722 ὠς
606 1658 738 1721 θεοὶ,
767 1659 1124 1729 γινώσκοντες
1157 1661 1319 1717 καλὸν
1347 1661 1440 1715 καὶ
1471 1661 1723 1735 πονηρόν’
1758 1681 1778 1716 ι

214 1749 491 1820 εἰρηνικὸς
520 1750 624 1823 γὰρ
656 1746 808 1815 οὗτος
836 1753 864 1805 ὁ
892 1751 1069 1821 λόγος.

282 1928 450 1998 Μηδὲ
475 1930 781 1986 εἰποισαν·
810 1933 1181 2004 Κατεπίομεν
1203 1933 1408 1998 αὐτὸν,
1437 1952 1491 1988 κ.
1518 1951 1568 1989 τ.
1597 1936 1644 1989 ὲ.
1671 1935 1784 1990 Καὶ

209 2020 240 2074 ὁ
272 2019 481 2083 nasia;
514 2038 646 2094 φησι
680 2022 789 2093 (16)
826 2023 1074 2095 περὶτοῦ
1106 2025 1162 2077 ὲν
1198 2023 1446 2096 Κορίνθῳ
1484 2042 1784 2097 πεπορνευ-

212 2112 396 2176 κότος’
437 2132 456 2165 ι
505 2115 730 2186 Μήποτε
775 2117 842 2187 τῇ
875 2116 1237 2188 περισσοτέρᾳ
1265 2115 1412 2192 λύπῃ
1447 2117 1724 2191 καταποθῇ
1754 2120 1784 2173 ὁ

209 2219 468 2267 τοιουτος.
512 2226 533 2257 ι

300 2293 808 2350 Ἐνδυσάσθωσαν
868 2299 1171 2368 αἰσχύνην
1225 2299 1326 2354 καί
1381 2300 1681 2370 ἐντροπὴν
1728 2304 1783 2356 οἰ

208 2388 880 2457 μεγαλορῤημονοῦντες
903 2389 997 2442 ἐπ’
1040 2390 1165 2459 ἐμὲ,
1205 2408 1260 2444 κ.
1293 2408 1347 2446 τ.
1386 2392 1433 2445 ὲ.
1466 2394 1529 2446 Οἰ
1573 2393 1670 2463 μὲν
1703 2395 1782 2457 εἰς

213 2477 304 2532 τὸν
330 2478 562 2548 Χριστὸν
606 2478 720 2549 (17)
757 2478 1142 2551 βαπτιζόμενοι
1185 2481 1278 2534 τὸν
1305 2481 1781 2553 Χριστὸν-ἐνδύον-

210 2585 323 2633 ται,
356 2567 602 2621 τουτέστι
634 2569 980 2640 δικαιοσύνην
1017 2571 1113 2624 καὶ
1139 2570 1366 2640 σοφίανσ
1408 2574 1456 2625 οἱ
1492 2571 1548 2625 δὲ
1587 2574 1666 2635 εἰς
1691 2572 1782 2625 τὸν

212 2661 455 2715 Σατανᾶν
480 2658 861 2732 βαπτιζόμενοι
890 2660 1149 2734 αἰσχύνην
1173 2661 1445 2716 ἐνδύονται
1475 2662 1569 2717 καὶ
1597 2663 1782 2733 ἐντρο-

211 2754 341 2827 πήν.

255 2844 394 2900 -Kal
427 2844 772 2903 εἰπάτωσαν
823 2844 923 2899 διὰ
966 2846 1226 2912 παντός·
1266 2842 1708 2916 Μεταλυνθήτω
1746 2845 1782 2897 ὁ

211 2936 447 3005 Κύριος,
478 2940 533 2991 οἰ
562 2936 841 3005 θέλοντες
876 2936 993 3007 τὴν
1015 2937 1264 3007 εἰρήνην
1289 2937 1394 2991 τοῦ
1426 2936 1648 2991 δούλου
1676 2936 1783 2989 αὑ-

210 3028 339 3092 τοῦ,
366 3047 421 3082 κ.
449 3046 501 3084 τ.
530 3030 577 3084 ἑ.
620 3031 888 3101 ’Δγγέλων
922 3031 1021 3101 μὲν
1048 3031 1156 3103 (18)
1185 3030 1247 3083 τὺ
1270 3030 1358 3085 διὰ
1383 3030 1582 3093 παντὸς
1611 3043 1781 3099 μεγα-

1896 477 2013 533 loco
2037 493 2277 536 mentem
2316 495 2496 541 vocat.

1964 571 2129 626 Vsus.
2183 574 2272 627 t6.
2316 574 2669 631 Tentaverunt
2714 593 2819 646 me,
2865 583 3324 639 subsannaverunt
3377 602 3457 641 me

1890 664 2323 729 subsannatione.
2360 678 2467 723 etc.
2518 669 2652 723 Cum
2690 685 2777 727 me
2838 688 3032 743 capere
3082 691 3188 731 non
3239 687 3458 746 possent

1893 769 1990 823 per
2032 771 2096 809 ea
2141 771 2261 825 qute
2306 761 2785 828 machinabantur,
2829 766 3118 835 opprobria
3166 770 3454 823 adversum

1893 862 1979 902 me
2001 850 2406 916 excogitarunt,
2436 861 2491 905 et
2517 868 2669 908 more
2701 852 2936 909 ferarum
2962 857 3307 923 silvestrium,
3325 860 3456 914 den-

1893 948 1975 994 tes
2005 948 2061 993 et
2107 940 2438 996 irascibilem
2470 956 2536 997 ac
2584 944 2929 1000 furibundam
2964 951 3066 1003 vim
3097 963 3248 1004 suam
3286 952 3338 1004 in
3369 964 3456 1005 me

1893 1027 2179 1084 fremendo
2211 1031 2479 1086 acuebant
2519 1050 2535 1099 ;
2622 1034 2894 1103 siquidem
2929 1038 3196 1093 devorare
3225 1055 3311 1096 me
3355 1046 3453 1095 vo-

1891 1117 2090 1182 lentes,
2123 1113 2364 1174 frustrati
2397 1130 2544 1177 sunt.

1959 1209 2124 1265 Vens.
2160 1213 2247 1268 l9.
2280 1214 2405 1267 Non
2432 1217 2856 1285 supergaudeont
2882 1218 3012 1270 mihi
3046 1217 3137 1286 qui
3162 1220 3453 1274 adversan-

1888 1314 1974 1357 tur
1999 1304 2127 1357 milti
2168 1305 2365 1375 inique,
2418 1317 2526 1361 etc.
2575 1307 2676 1374 Qui
2722 1309 2869 1377 justo
2902 1318 3122 1378 propter
3169 1310 3439 1379 justitiam

1889 1395 2270 1460 adversantur,
2302 1396 2502 1466 injuste
2531 1397 2911 1454 adversantur.

1960 1486 2124 1541 Vsus.
2160 1485 2250 1541 20.
2286 1486 2552 1553 Quoniam
2592 1490 2723 1544 mihi
2750 1493 2962 1561 quidem
3002 1493 3222 1563 paciﬁca
3266 1493 3449 1565 loque-

1887 1581 2123 1645 bantur,
2183 1590 2231 1635 et
2287 1582 2344 1635 in
2397 1583 2678 1637 iracundia
2729 1584 2883 1638 dolos
2927 1588 3273 1656 cogitabant,
3338 1599 3446 1642 etc.

1893 1688 1912 1723 ι
1988 1670 2189 1726 Eritiss
2220 1672 2364 1726 enim
2396 1717 2411 1738 ,
2473 1673 2649 1743 inquit
2694 1673 2812 1738 ⁸⁸,ι
2843 1676 2983 1730 sicut
3031 1676 3102 1730 dii
3135 1716 3152 1742 ,
3215 1678 3448 1731 scientes

1819 1752 2087 1816 Bbonum
2147 1771 2205 1817 et
2247 1762 2496 1818 ~malutn.
2567 1781 2589 1817 ι
2645 1762 2921 1819 Paciﬁcus
2978 1767 3122 1821 enim
3177 1776 3295 1821 erat
3360 1768 3448 1823 hic

1881 1865 2082 1906 sermo.

1954 1942 2119 1999 Vens.
2165 1943 2259 2000 25.
2295 1943 2408 2000 Nec
2450 1946 2628 1999 dicant
2659 1959 2681 1999 :
2728 1945 3102 2002 Devorarimus
3147 1965 3283 2013 eum,
3341 1956 3451 2007 etc.

1882 2033 2088 2090 Paulus
2135 2036 2299 2091 etiam
2348 2037 2418 2091 de
2470 2039 2678 2092 incesto
2734 2038 3018 2093 Corinthio
3056 2039 3135 2094 ait
3164 2040 3208 2072 "
3241 2058 3254 2095 :
3291 2057 3312 2091 ι
3369 2041 3449 2095 Ne

1884 2126 2021 2183 forte
2064 2127 2449 2182 abundantiori
2494 2128 2717 2183 tristitia
2765 2130 3128 2185 absorbeatur
3164 2133 3255 2200 qui
3302 2131 3450 2200 ejus-

1885 2217 2027 2271 modi
2058 2230 2161 2271 εει.
2206 2234 2225 2268 ι

1953 2305 2117 2361 Vens.
2152 2305 2243 2361 26.
2280 2305 2587 2361 lnduantur
2622 2308 2932 2376 confusione
2957 2319 3005 2362 et
3041 2318 3328 2363 reverentia
3354 2310 3442 2378 qui

1882 2413 2075 2466 magna
2118 2397 2407 2467 loquuntur
2451 2415 2607 2468 super
2653 2415 2755 2465 me,
2788 2409 2894 2455 etc.
2930 2399 3033 2466 Qui
3079 2401 3131 2454 in
3161 2401 3438 2455 Christum

1882 2485 2258 2555 baptizantur,
2293 2487 2570 2543 Christum
2617 2490 2867 2553 induunt,
2910 2490 3016 2545 hoc
3046 2500 3130 2544 est
3177 2490 3445 2559 justitiam

1880 2583 1936 2628 et
1967 2576 2322 2645 sapientiam;
2354 2576 2445 2645 qui
2478 2586 2656 2631 autem
2692 2577 2745 2631 in
2781 2574 3042 2631 Satanam
3076 2579 3444 2648 baptizautur,

1880 2665 2200 2723 confusione
2234 2669 2529 2723 induuntur
2554 2677 2611 2724 et
2642 2669 2977 2725 reverentia.

1951 2850 2117 2906 Vens.
2143 2850 2238 2905 27.
2290 2846 2359 2902 Ει
2388 2861 2566 2905 dicant
2610 2865 2833 2919 semper,
2867 2849 3237 2921 Magniﬁcetur
3268 2849 3445 2904 Domi-

1879 2957 1999 3008 nus,
2033 2943 2126 3011 qui
2149 2940 2326 2995 volunt
2356 2957 2536 3010 pacem
2579 2942 2715 2994 servi
2735 2941 2873 3010 ejus.
2907 2951 3014 2996 etc.
3045 2941 3242 3011 Angeli
3295 2958 3442 2997 sem-

1876 3048 1997 3102 per,
2033 3032 2280 3087 homines
2334 3047 2443 3087 non
2475 3046 2717 3099 semper;
2752 3033 3029 3087 daemones
3057 3046 3159 3088 nec
3205 3046 3440 3103 semper,

211 3121 390 3174 λύνειν
417 3121 509 3175 τὸν
535 3095 768 3194 Κύριον·
810 3095 1112 3194 ἀνθρώπων
1139 3095 1206 3199 ’δὲ
1235 3121 1307 3175 eo
1324 3122 1398 3193 μὴ
1422 3121 1511 3174 διὰ

1880 3095 1990 3179 nec
2009 3123 2301 3195 aliquando
2336 3095 2690 3194 magniﬁcam
2704 3095 3027 3179 Dominum.

209 3212 477 3284 δαιμόνων
503 3212 558 3266 δὲ
584 3213 646 3267 τὸ
678 3214 814 3285 μήτε
845 3212 932 3267 διὰ
958 3213 1176 3278 παντὸς,
1213 3213 1351 3283 μήτε
1380 3209 1596 3266 ποσοῦν.

1789 3327 1862 3342 —

766 3385 1057 3440 ΨΑΛΜΟΣ
1088 3385 1213 3439 ΛΕ’.

284 3478 407 3531 οὐκ
441 3475 575 3530 ἐστι
607 3478 793 3548 φόϐος
819 3476 967 3530 Θεοῦ
997 3475 1287 3530 ἀπέναντι
1310 3472 1430 3527 τῶν
1458 3473 1778 3544 ὀφθαλμῶν

206 3569 412 3633 αὐτοῦ,
441 3586 497 3623 κ.
527 3586 577 3623 τ.
621 3570 669 3621 ὲ.
693 3566 784 3639 Τῷ
813 3568 923 3639 γὰρ
954 3566 1105 3638 φόϐῳ
1135 3565 1247 3639 (19)
1285 3564 1492 3636 Κυρίου
1541 3564 1775 3621 ἐκκλίνει

209 3663 318 3725 πᾶς
353 3661 461 3716 ἀπὸ
491 3660 686 3717 κακοῦ.

281 3756 412 3808 Ὀτι
441 3753 745 3809 ἐδόλωσεν
773 3753 1029 3808 ἐνώπιον
1057 3750 1264 3817 αὐτοῦ,
1302 3749 1408 3805 τοῦ
1435 3749 1632 3819 εὑρεῖν
1662 3749 1771 3819 τὴν

205 3844 465 3916 ἀνομίαν
511 3843 700 3901 αὐτοῦ
743 3844 844 3898 καὶ
876 3842 1157 3915 μισῆσαι,
1198 3858 1253 3895 κ.
1308 3859 1360 3895 τ.
1409 3842 1456 3895 ἑ.
1497 3842 1572 3894 Τὸ
1618 3859 1639 3893 ι
1684 3842 1775 3895 εύ-

209 3939 324 4008 ρεῖν
353 3936 464 4008 (20)
499 3955 520 3990 ι
549 3937 671 3991 ἀντὶ
700 3935 793 3990 τοῦ
832 3954 853 3987 ι
891 3934 1186 4003 ἐπιγνῶναι
1216 3952 1236 3985 ι
1271 3935 1465 3987 κεῖται.
1496 3931 1643 4006 Πλὴν
1679 3931 1777 4004 ζη-

205 4025 403 4097 τητέον
430 4028 478 4080 εἰ
511 4028 541 4081 ό
563 4025 817 4097 ἐγνωκὼς
840 4026 940 4098 τὴν
960 4025 1192 4097 ἀνομίαν
1210 4024 1285 4090 ὡς
1308 4024 1537 4098 ἀνομίαν
1562 4024 1778 4087 πάντως

207 4118 303 4172 atat
337 4119 501 4189 μισεῖ.

2265 3384 2428 3458 652
2481 3383 2799 3442 PSALMUS
2833 3383 3052 3442 XXXV.
3156 3428 3161 3435 .

1945 3478 2114 3534 Vens.
2161 3478 2219 3532 2.
2270 3478 2393 3532 Non
2442 3490 2516 3533 est
2570 3480 2728 3533 timor
2772 3478 2868 3532 Dei
2914 3491 3038 3534 ante
3079 3481 3258 3535 oculos
3300 3481 3435 3554 ejus,

1874 3581 1983 3628 etc.
2054 3571 2272 3626 Timore
2334 3572 2483 3626 enim
2547 3571 2760 3625 Domini
2818 3571 3053 3641 quilibet
3105 3572 3350 3628 declinat
3405 3589 3439 3628 ι

1874 3663 2039 3718 malo.

1949 3750 2109 3807 Vens.
2136 3751 2191 3806 5.
2226 3749 2494 3820 Quoniam
2518 3749 2699 3805 dolose
2739 3751 2844 3818 egit
2884 3752 2939 3805 in
2986 3761 3264 3819 conspectu
3300 3753 3440 3822 ejus,

1872 3855 1928 3900 ut
1960 3846 2255 3913 inveniatur
2296 3844 2549 3914 iniquitas
2574 3843 2690 3913 ejus
2719 3844 2790 3898 ad
2822 3843 3021 3904 odium.
3067 3854 3173 3902 etc.
3206 3862 3225 3899 ι
3264 3844 3430 3900 Inve-

1872 3935 1992 3990 nire
2024 3951 2044 3985 ι
2076 3932 2294 4005 ponitur
2328 3947 2431 4002 pro
2471 3950 2491 3984 ι
2531 3933 2870 4002 dignoscere.
2921 3950 2941 3985 ι
2973 3932 3246 3988 Caeterum
3278 3949 3432 4002 qua-

1875 4024 2103 4082 rendum
2135 4033 2218 4081 est
2247 4038 2316 4078 an
2344 4023 2438 4094 qui
2484 4022 2637 4078 novit
2671 4022 3039 4092 iniquitatem,
3094 4021 3243 4079 illam
3269 4024 3435 4081 etiam

1874 4125 1935 4174 ut
1960 4117 2303 4187 iniquitatem
2331 4115 2557 4170 omnino
2583 4113 2784 4169 oderit.

284 4208 363 4264 Τὰ
380 4208 620 4278 ῥήματα
648 4206 757 4262 τοῦ
779 4207 1076 4277 στόματος
1108 4204 1295 4261 αὑτοῦ
1319 4204 1535 4274 ἀνομία
1554 4202 1653 4257 καί
1675 4201 1776 4257 δό-

1946 4206 2111 4264 Vsns.
2149 4206 2207 4264 4.
2249 4205 2422 4262 Verba
2462 4206 2572 4261 oris
2596 4203 2713 4275 ejus
2736 4204 2987 4276 iniquitas
3013 4215 3063 4259 et
3108 4204 3282 4271 dolus,
3325 4214 3434 4264 etc.

201 4305 335 4369 λος,
365 4318 419 4354 κ.
449 4317 502 4354 τ.
543 4300 592 4353 ὲ.
635 4299 859 4371 Ἔτερός
894 4316 1026 4370 φησι
1069 4296 1202 4370 (21)·
1239 4315 1259 4350 ι
1309 4297 1392 4352 Τὰ
1430 4297 1650 4368 ῥήματα
1677 4294 1773 4349 τοῦ

1880 4300 2031 4357 Alius
2062 4301 2193 4355 ait:
2238 4316 2259 4352 ι
2295 4299 2469 4355 Verba
2520 4297 2638 4354 oris
2691 4295 2810 4368 ejus
2857 4294 3119 4364 iniquitas
3161 4305 3219 4352 et
3266 4297 3437 4354 mole-

205 4393 472 4463 στόματος
506 4389 673 4445 αὑτοῦ
702 4388 899 4461 ἀνομία
928 4391 1025 4444 καί⁹
1048 4389 1234 4453 κόπος,
1275 4407 1295 4442 ι
1331 4389 1605 4443 τουτέστιν
1632 4390 1771 4443 ἑπα-

1880 4393 2001 4458 stia,
2041 4408 2062 4442 ι
2100 4389 2151 4446 id
2177 4396 2265 4445 est
2291 4388 2501 4461 gravia,
2529 4388 2603 4443 ita
2637 4397 2695 4443 ut
2727 4386 3033 4443 molestiam
3068 4387 3337 4445 lacessant
3369 4388 3436 4445 iis

204 4485 334 4557 χθῆ,
376 4484 451 4548 ὡς
487 4484 655 4539 κόπον
705 4483 952 4554 ἐμποιεῖν
994 4485 1109 4546 τοῖς
1153 4481 1529 4554 προσέχουσιν.
1583 4499 1603 4533 ι
1652 4483 1770 4537 Οὐκ

1880 4482 1968 4555 qui
1997 4484 2304 4539 attendunt.
2345 4498 2366 4534 t
2397 4479 2582 4536 Noluit
2612 4479 2938 4552 intelligere.
2971 4499 2993 4533 ι
3025 4479 3106 4536 Ex
3132 4479 3296 4535 dictis
3320 4496 3436 4536 nia-

205 4574 478 4646 ἠϐουλήθη
516 4572 769 4629 συνιέναι.
816 4591 837 4626 ι
867 4572 1035 4644 Δῆλον
1058 4575 1124 4627 ὲκ
1147 4571 1257 4628 τῶν
1286 4571 1610 4645 εἰρημένων,
1642 4572 1719 4635 ὼς
1738 4572 1768 4625 ό

1880 4573 2132 4630 niiestum
2163 4581 2272 4638 est,
2296 4572 2542 4644 iniquum
2567 4587 2676 4627 non
2692 4586 2761 4628 ex
2784 4573 3061 4628 creatione
3086 4571 3251 4626 talem
3276 4585 3432 4629 esse:
3528 4638 3536 4646 ,

205 4665 519 4740 παράνομος
544 4666 643 4719 οὐκ
673 4667 739 4719 ὲκ
768 4663 1110 4734 κατασκευῆς
1134 4666 1249 4718 ἐστι
1278 4663 1540 4727 τοιοῦτος·
1571 4662 1632 4717 τὸ
1658 4664 1768 4736 γὰρ

1880 4665 2015 4721 nolle
2051 4665 2253 4736 quippe
2271 4664 2685 4733 intelligentiam
2713 4664 2914 4719 habere
2936 4664 3005 4718 ad
3035 4664 3246 4729 agenda
3271 4665 3434 4729 bona,

204 4760 280 4831 μὴ
316 4758 597 4829 βούλεσθαι
626 4757 839 4813 σύνεσιν
869 4757 1014 4829 ἔχειν
1043 4755 1135 4811 ἐπὶ
1155 4755 1233 4828 τῷ
1256 4755 1436 4826 ἀγαθὰ
1467 4759 1639 4809 ποιεῖν
1664 4757 1765 4810 αὐ-

1880 4757 2028 4814 liberi
2056 4763 2141 4812 est.
2189 4754 2424 4811 arbitrii.
2464 4755 2733 4811 Praeterea
2775 4773 2795 4807 ι
2853 4755 3153 4811 meditatus
3188 4766 3274 4811 est
3327 4758 3434 4811 ini-

202 4850 497 4916 τεξουσίου.
537 4851 660 4904 Ἔτι
698 4850 757 4905 δὲ
783 4849 920 4922 πρὸς
961 4846 1172 4914 τούτοις
1206 4866 1224 4898 ι
1267 4848 1497 4919 ἀνομίαν
1537 4848 1764 4916 διελογί-

1880 4848 2157 4919 quitatem,
2182 4862 2202 4897 ›
2232 4854 2287 4899 et
2319 4860 2440 4915 qua:
2469 4858 2792 4914 sequuntur.
2824 4841 3134 4900 Istiusmodi
3167 4856 3250 4900 est
3268 4847 3433 4902 etiam

203 4961 350 5008 σατο,
378 4962 398 4997 ι
426 4944 519 4997 καὶ
546 4941 615 4996 τὰ
639 4939 785 5013 ἑξῆς.
813 4939 1069 4995 Τοιοῦτόν
1103 4939 1219 4994 ἔστι
1246 4938 1308 4992 τό
1325 4955 1340 4969 ο
1374 4957 1395 4992 ι
1432 4938 1567 4993 Οὐαὶ
1597 4940 1647 4992 οἱ
1673 4942 1766 5011 ὲρ-

1880 4940 2002 4996 lllud
2027 4939 2114 4994 ¹⁰ε
2158 4955 2178 4991 ι
2220 4936 2312 4995 Vm
2351 4938 2440 5008 qui
2489 4948 2789 5008 operantur
2839 4937 2977 4992 mala
3009 4936 3063 4992 in
3098 4937 3267 4992 cubili
3305 4955 3429 5005 suo,

209 5036 488 5109 ταζόμενοι
517 5035 665 5089 κακὰ
700 5035 794 5089 ἐπὶ
827 5035 927 5106 τῆς
961 5032 1148 5105 κοίτης
1179 5031 1383 5097 αὐτῶν,
1420 5032 1515 5085 καὶ
1547 5032 1664 5102 ἅμα
1693 5036 1761 5104 τῇ

1880 5040 1924 5086 et
1968 5030 2130 5084 simul
2155 5044 2279 5086 cum
2309 5029 2398 5084 die
2423 5029 2769 5099 perfecerunt
2798 5041 2884 5084 ea.
2925 5047 2946 5079 ι
2986 5027 3088 5095 Qui
3137 5025 3302 5100 igitur
3333 5030 3433 5085 hoc

271 5133 315 5166 ⁸⁸
342 5131 479 5188 Gen.
514 5146 600 5197 ιιι,
629 5129 685 5185 5.
760 5129 804 5163 "
835 5129 892 5184 2.
916 5127 1042 5184 Cor.
1068 5142 1126 5197 tt,
1156 5127 1212 5181 7.
1285 5128 1331 5159 '°
1358 5126 1518 5181 Mich.
1546 5141 1608 5191 ιι,
1639 5128 1691 5185 Ι.

292 5252 379 5319 l3)
416 5250 698 5308 Ἐλεῗνού
728 5247 1103 5319 δυνηθέντες,
1132 5256 1238 5319 etc.
1273 5245 1473 5319 Catena
1496 5243 1765 5307 Corderii.

295 5316 382 5389 14)
422 5323 506 5389 Τῷ
538 5323 764 5389 δικαίῳ,
797 5316 905 5376 etc.
933 5319 1119 5389 codex
1140 5316 1524 5389 Coislinianus.
1639 5384 1673 5389 __

1880 5316 1958 5374 iis
1975 5316 2180 5389 Grabii.

268 5384 379 5468 (15)
411 5384 670 5468 Ἕσεσθε
821 5430 845 5468 ,_
866 5400 971 5468 etc.
1000 5388 1202 5444 Partim
1228 5401 1296 5442 ex
1323 5387 1509 5442 eodem
1553 5384 1763 5453 codice,

1924 5388 2047 5468 _(19_)
2313 5388 2493 5457 φόϐῳ,
2549 5396 2656 5442 etc.
2706 5384 2888 5442 Codex
2938 5384 3324 5451 Coislinianus,
3374 5396 3428 5441 et

199 5484 263 5539 pa
273 5458 397 5539 him
414 5480 453 5539 7e
479 5458 925 5539 schedisﬁ—rahii.
1169 5529 1208 5539 __
1350 5527 1366 5539 ‘
1566 5527 1597 5539 ῃ
1743 5535 1753 5539 _
1861 5458 2145 5539 schedia};
2156 5458 2308 5539 rubii.

267 5536 379 5605 (I6)
408 5535 514 5605 Καὶ
530 5538 563 5589 ό
592 5532 832 5598 Παῦλός
852 5545 1023 5602 φησι,
1040 5540 1146 5587 etc.
1169 5529 1245 5584 Ex
1266 5527 1456 5584 eodem
1476 5527 1684 5592 codice,
1703 5535 1759 5583 et

1934 5527 2046 5605 (go)
2070 5529 2147 5605 Τι’)
2186 5528 2400 5605 εὑρεῖν,
2428 5538 2534 5584 etc.
2562 5528 2726 5605 tidem
2751 5525 3072 5605 codd.._mss.
3112 5592 3143 5605 η

199 5595 407 5664 srliedis
431 5604 637 5658 Grabii.
807 5595 821 5598 “
852 5595 870 5602 ⁷
922 5595 931 5600 ’
1197 5669 1232 5673 _
1385 5670 1395 5673 _
1595 5665 1629 5673 __

1932 5595 2045 5673 (21)
2070 5595 2309 5668 Ἐτερὸς
2330 5615 2503 5670 φησι,
2532 5608 2639 5657 etc.
2669 5598 2872 5654 Catena
2902 5595 3169 5651 Corderii.

265 5673 470 5744 (1⁸1)οι
492 5672 609 5741 μὲν
636 5675 725 5740 εἰς
747 5673 1023 5741 Χριστόν,
1062 5679 1151 5727 etc
1195 5669 1271 5725 Ex
1297 5670 1487 5726 eodem
1511 5665 1717 5724 codice.

1941 5245 2366 5321 (ιβ’)’ᾼττέλων
2385 5245 2522 5316 μέν,
2544 5255 2650 5303 etc.
2671 5245 2749 5301 Ex
2766 5247 2957 5303 eodem
2979 5245 3249 5315 codice,et
3271 5248 3427 5301 sche-

358 5252 382 5463 ί
