4020 6152
227 258 374 314 1517

1231 259 1548 316 SELECTA
1587 260 1651 315 IN
1683 260 2032 318 PSALMOS.
2066 292 2137 302 —
2172 263 2370 323 PSAL.
2410 263 2654 321 XXXVI.

3353 268 3490 325 45B

221 399 281 435 κ.
301 399 355 435 τ.
382 382 429 435 ὲ.
469 380 652 451 Θυμός
676 380 823 433 ἐστιν
848 378 959 450 (28)
983 378 1121 451 ὀργὴ
1143 379 1439 450 ὲπιθυμίας
1470 380 1679 452 ἡμέρου
1705 384 1784 449 diu

1914 387 2021 435 etc.
2064 379 2238 434 Furor
2265 392 2349 436 est
2384 382 2463 437 ira
2493 398 2597 450 qua
2644 390 2927 439 mansueta
2968 384 3145 439 anima
3185 400 3345 455 supra
3377 406 3489 444 mo-

217 473 330 543 χῆς
354 475 476 527 κατ’
500 471 691 543 ἐξοχὴν
717 472 952 542 ἀμύνης·
978 472 1114 545 ὀργή
1147 473 1292 525 ἐστιν
1316 470 1495 544 ὄρεξις
1513 473 1802 544 τιμωρίας

216 566 464 637 τιμωρία
487 565 546 618 δέ
569 566 687 618 ἐστι
713 563 886 619 κακοῦ
913 565 1290 628 ἀνταπόδοσις.
1317 586 1335 617 ι
1365 566 1457 636 Μὴ
1492 564 1805 638 παραζήλου

216 656 364 709 ὥστε
393 653 815 724 πονηρεύεσθαι.
853 674 870 705 ι
903 654 995 726 Μὴ
1023 655 1139 728 ἴδῃς
1159 655 1335 707 αὐτῶν
1357 654 1457 727 τὴν
1486 655 1803 726 εὐημερίαν,

216 747 361 802 ἀλλὰ
385 747 714 819 πρόσμεινον
735 746 799 800 τὺ
831 746 1007 810 τέλος,
1042 747 1137 800 καὶ
1157 746 1277 816 ὄψει
1307 747 1398 800 τὸν
1421 746 1662 817 ὀλεθρον.

296 841 418 892 Ὅτι
489 842 544 892 οἱ
608 838 1078 908 πονηρευόμενοι
1155 837 1800 905 ἐξολοθρευθήσονται,

213 949 275 985 κ.
298 949 349 986 τ.
378 932 423 984 ἐ.
463 932 537 985 Τὸ
560 931 1007 1003 ὲξολοθρευθῆναι
1042 931 1151 1003 (29)
1183 930 1338 984 οὐδὲν
1369 930 1556 1002 ἔτερόν
1590 931 1739 984 ἐστιν
1766 930 1801 1001 ἦ

211 1021 280 1074 τὸ
304 1023 558 1075 ἐκπεσεῖν
592 1024 657 1076 ὲκ
688 1020 847 1074 Θεοῦ.

287 1113 400 1167 Καὶ
429 1114 517 1168 ἔτι
546 1114 772 1183 ὀλίγον,
808 1113 905 1166 καί
937 1112 1008 1166 οὐ
1035 1112 1121 1182 μὴ
1152 1112 1407 1181 ὑπάρξει
1432 1112 1800 1182 ἁμαρτωλὸς,

212 1223 272 1259 κ.
306 1223 357 1261 1.
398 1205 445 1258 ὲ.
494 1205 815 1276 ’Δμφίϐολος
837 1206 870 1273 ἡ
902 1203 1046 1270 λέξις
1069 1203 1202 1275 (5Ο)⁶
1241 1204 1409 1275 ἢγὰρ
1451 1202 1801 1275 ἀνύπαρκτος

212 1294 370 1348 ἔσται
399 1297 428 1348 6
460 1294 800 1365 ἁμαρτωλὸς,
829 1294 995 1365 (ὅπερ
1032 1293 1233 1347 οἴονται
1272 1295 1321 1345 οἱ
1366 1289 1647 1353 παντελῶς
1674 1292 1802 1355 τοὺς

212 1386 456 1456 φαύλους
501 1385 816 1457 φθείρεσθαι
870 1385 1121 1454 λέγοντες
1162 1385 1261 1455 οὐχ
1315 1383 1561 1453 ὑγιῶς·)
1606 1381 1641 1453 ἢ
1678 1384 1800 1439 καθ’

215 1478 245 1531 ὃ
268 1478 591 1549 ἁμαρτωλός
623 1480 790 1541 ἐστιν,
822 1478 919 1549 ούχ
953 1478 1207 1550 ὑπάρξει.

286 1571 395 1624 Καὶ
435 1568 711 1637 ζητήσεις
742 1568 848 1621 τὸν
877 1571 1064 1623 τόπον
1090 1570 1296 1635 αὐτοῦ,
1341 1573 1440 1626 καὶ
1473 1575 1545 1627 οὐ
1584 1573 1670 1645 μὴ
1696 1574 1798 1629 εὕ-

201 1676 344 1729 ρῃς,
376 1678 431 1715 κ.
467 1677 517 1712 τ.
550 1661 596 1713 ὲ.
630 1659 806 1723 Τόπος
835 1658 948 1730 (51)
983 1660 1311 1732 ἀμαρτωλοῦ
1338 1663 1372 1733 ἡ
1394 1663 1583 1717 κακία.

1909 469 2037 524 dum
2072 473 2346 527 desiderat
2388 462 2695 530 ultionem:
2733 476 2810 530 ira
2839 486 2925 532 est
2954 477 3283 533 desiderium
3322 482 3486 537 ultio-

1908 559 2014 622 nis,
2055 560 2188 615 ultio
2219 573 2400 618 autem
2439 565 2561 619 mali
2592 566 2902 623 retributio.
2933 586 2953 619 ι
2986 567 3102 622 Noli
3134 570 3375 627 aemulari
3423 583 3482 630 ut

1908 651 2241 717 maligncris.
2268 673 2287 705 ι
2322 654 2436 709 Νοη
2469 658 2654 712 videas
2680 672 2870 714 eorum
2915 664 3359 730 prosperitatem,
3384 668 3480 723 sed

1905 754 2160 812 exspecta
2195 746 2354 799 tinem
2389 759 2445 801 et
2481 749 2693 805 videbis
2727 751 3028 807 interitum.

1978 836 2138 891 Vens.
2181 838 2234 894 9.
2267 839 2532 903 Quoniam
2582 845 2672 912 qui
2716 846 3098 912 malignantur,
3162 850 3485 905 extermina.

1905 925 2119 993 buntur,
2150 940 2256 984 etc.
2285 931 2645 988 Exterminari
2678 935 2814 990 nihil
2839 937 2985 991 aliud
3016 948 3098 993 est
3126 954 3289 1009 quam
3319 957 3349 997 a
3376 946 3486 999 Dco

1904 1018 2183 1074 excidere.

1978 1111 2138 1166 Vens.
2178 1111 2263 1166 10.
2307 1112 2375 1168 Et
2405 1115 2581 1170 adhuc
2632 1116 2917 1187 pusillum,
2956 1129 3003 1173 et
3031 1136 3135 1174 non
3168 1120 3268 1176 erit
3296 1140 3481 1192 pecca-

1902 1206 2005 1263 tor,
2070 1209 2176 1255 etc.
2244 1201 2513 1271 Ambigua
2589 1215 2674 1260 est
2742 1207 2858 1261 haec
2907 1207 3275 1266 locutiozvel
3336 1215 3478 1267 enim

1903 1288 2225 1343 exsistentia
2257 1291 2464 1347 carebit
2507 1302 2759 1361 peccator
2806 1297 2972 1366 (quod
3002 1297 3321 1352 existimant
3379 1301 3477 1367 illi,

1901 1378 1992 1443 qui
2020 1395 2219 1448 pravos
2244 1384 2459 1450 penitus
2503 1386 2723 1440 interire
2758 1402 3042 1456 perperam
3088 1389 3363 1461 tradunt),
3394 1392 3479 1447 vel

1900 1470 1955 1524 in
1980 1481 2243 1541 quantum
2270 1486 2529 1544 peccator
2558 1488 2662 1543 est,
2699 1496 2802 1533 non
2829 1481 2954 1535 erit.

1972 1562 2042 1616 Et
2070 1581 2272 1633 qumres
2302 1567 2475 1620 locum
2501 1567 2640 1636 ejus,
2665 1580 2712 1623 et
2739 1586 2843 1624 non
2870 1571 3121 1636 invenies,
3157 1579 3263 1628 etc.
3295 1571 3501 1630 Locus-

1899 1657 2201 1718 peccatoris
2226 1667 2308 1712 est
2339 1659 2568 1714 malitia.

278 1757 345 1806 Ol
368 1752 437 1805 δὲ
466 1751 672 1820 πραεῖς
709 1751 1242 1820 κληρονομήσουσι
1269 1752 1408 1823 γῆν,
1455 1772 1508 1807 κ.
1548 1771 1600 1807 τ.
1635 1754 1680 1807 ὲ.
1728 1754 1784 1806 Ἦ

1969 1743 2129 1801 Vsus.
2172 1748 2260 1803 11.
2301 1747 2574 1803 Μαηειιειὶ
2610 1758 2786 1804 autem
2818 1752 3210 1806 hareditabunt
3256 1764 3472 1818 terram,

206 1844 286 1915 γῆ
320 1843 413 1898 νῦν
455 1844 564 1913 (52)
605 1842 805 1912 γνῶσιν
851 1843 1134 1913 σημαίνει·
1177 1843 1254 1907 ὡς
1290 1843 1398 1915 γὰρ
1442 1846 1501 1897 ὲν
1542 1844 1690 1915 τόπῳ
1724 1847 1790 1916 τῇ

208 1935 415 2009 θεωρίᾳ
438 1935 652 2004 λέγεται
689 1929 828 1989 εἶναι
858 1935 886 1987 6
919 1934 1062 1998 νοῦς.
1095 1954 1115 1987 ‹
1152 1936 1260 1989 Καὶ
1282 1939 1791 2008 κατατρυφήσουσιν

204 2028 304 2082 ἐπὶ
330 2027 524 2100 πλήθει
549 2028 794 2099 εἰρήνης.
830 2046 849 2079 ι
880 2026 1071 2098 Τρυφὴ
1090 2028 1297 2081 δικαίου
1322 2028 1523 2099 πλῆθος
1545 2030 1787 2101 εἰρήνης,

204 2118 412 2190 πλῆθος
453 2119 510 2173 δὲ
553 2120 778 2190 εἰρήνης
821 2120 968 2172 ἐστὶν
998 2119 1236 2173 ἀπάθεια
1265 2119 1444 2191 ψυχῆς
1487 2120 1628 2192 μετὰ
1651 2120 1787 2190 γνοῖ)-

207 2226 348 2275 σεως
376 2210 485 2265 τῶν
511 2210 680 2264 ὄντων
703 2208 957 2283 ἀληθοῦς.

278 2384 583 2456 Κρεῖσσον
637 2387 844 2457 ὀλίγον
900 2387 981 2455 τῷ
1035 2388 1243 2453 δικαίῳ
1306 2387 1460 2456 ὑπὲρ
1519 2389 1786 2444 πλοῦτον

202 2477 568 2548 ἁμαρτωλῶν
618 2479 837 2543 πολὺν,
881 2497 934 2532 κ.
983 2496 1034 2533 τ.
1091 2483 1138 2533 ὲ.
1176 2482 1443 2552 Κρεῖσσον
1469 2480 1620 2552 ὀλίγη
1671 2481 1782 2553 (55)

201 2570 402 2641 γνῶσις
431 2570 773 2642 πνευματικὴ
809 2570 948 2642 ὑπὲρ
977 2569 1180 2642 πλῆθος
1211 2572 1403 2640 σοφίας
1435 2570 1625 2626 ἐθνῶν.

288 2660 689 2730 Ὑποστηρίζει
712 2661 780 2715 δὲ
806 2660 947 2728 τοὺς
970 2661 1238 2728 δικαίους
1261 2666 1294 2716 ὁ
1320 2663 1551 2731 Κύριος,
1573 2680 1628 2716 κ.
1650 2680 1699 2716 τ.
1731 2662 1777 2715 ὲ.

201 2752 367 2807 Οὐδὲν
402 2750 706 2822 οὖτως(54)
730 2751 1082 2824 ὑποστηρίζει
1122 2752 1214 2807 τὸν
1238 2752 1465 2816 δίκαιον,
1509 2753 1584 2817 ὡς
1625 2754 1781 2824 χάρι-

203 2858 317 2913 σμα
384 2843 767 2912 πνευματικόν·
828 2861 848 2894 s
915 2844 1030 2897 Ἵνα
1088 2842 1300 2913 μεταδῶ
1353 2843 1482 2914 ὑμῖν
1538 2843 1780 2915 χάρισμα

201 2933 567 3005 πνευματικὸν
610 2936 694 2998 εἰς
730 2934 793 2987 τὸ
829 2934 1182 3007 στηριχθῆναι
1226 2936 1405 3006 ὑμᾶς,
1461 2954 1481 2987 ι
1537 2937 1703 3007 φησὶν
1750 2938 1780 2990 6

215 3024 559 3091 Ἀπόπολος.

1891 1847 1998 1891 etc.
2062 1837 2232 1893 Terra
2290 1841 2396 1897 hoc
2447 1843 2565 1897 loco
2621 1845 2896 1913 signiticat
2954 1846 3244 1900 scientiam
3293 1864 3474 1903 :nam

1892 1931 2346 2001 contemplatione
2380 1949 2532 1990 mens
2559 1934 2762 1989 dicitur
2794 1949 2915 1991 esse
2953 1946 3212 2007 tanquam
3241 1939 3293 1993 in
3323 1939 3463 1998 loco.

1896 2041 1914 2074 ι
1948 2022 2013 2076 Et
2047 2023 2464 2080 delectabantur
2500 2026 2554 2081 in
2593 2027 2940 2082 multitudine
2981 2031 3149 2098 pacis.
3180 2050 3200 2087 ›
3259 2031 3474 2086 Deliciae

1883 2112 2012 2179 justi
2062 2115 2346 2171 multitudo
2394 2117 2566 2184 pacis,
2616 2118 2906 2174 multitudo
2955 2130 3137 2175 autem
3188 2124 3339 2191 pacis
3389 2133 3474 2179 est

1889 2201 2262 2271 impatibilitas
2316 2205 2513 2261 animae
2556 2221 2682 2262 cum
2727 2223 2856 2262 vera
2908 2222 3097 2264 eorum
3164 2228 3285 2282 qua:
3344 2225 3471 2269 sunt

1887 2293 2217 2356 cognitione.

1963 2385 2120 2439 Vens.
2162 2384 2252 2440 16.
2296 2385 2489 2442 Melius
2530 2397 2607 2442 est
2646 2390 2911 2444 modicum
2937 2394 3089 2466 justo
3137 2409 3296 2460 super
3327 2396 3462 2450 divi-

1884 2477 1985 2531 tias
2004 2487 2334 2546 peccatorum
2357 2479 2576 2546 multas,
2600 2489 2706 2535 etc.
2734 2481 2926 2536 Melior
2948 2491 3032 2536 est
3055 2485 3262 2540 modica
3292 2487 3470 2542 scien-

1883 2570 1955 2623 tia
1984 2568 2267 2638 spiritalis,
2298 2584 2458 2631 auam
2491 2570 2658 2626 multa
2683 2572 2953 2647 sapientia
2985 2576 3288 2646 gentilium.

1957 2658 2116 2713 Vens.
2159 2658 2246 2713 17.
2287 2658 2454 2731 654
2499 2657 2794 2728 Conﬁrmat
2842 2675 3014 2717 autem
3059 2665 3234 2734 justas
3287 2666 3469 2721 Domi-

1884 2767 2005 2816 nus,
2034 2761 2145 2806 etc.
2192 2749 2342 2806 Nihil
2381 2767 2537 2822 aeque
2569 2754 2862 2808 confirmat
2903 2754 3132 2823 justum,
3190 2772 3253 2812 ac
3286 2760 3466 2830 gratia

1884 2841 2148 2910 Spiritalis
2178 2859 2193 2895 :
2225 2860 2243 2893 ι
2270 2841 2341 2898 Ut
2387 2844 2672 2913 impartiar
2710 2846 2863 2900 vobis
2900 2849 3129 2913 gratiam
3162 2851 3464 2919 spiritalem

1879 2933 1946 2986 ad
1975 2933 2379 2990 conﬁrmandos
2402 2934 2727 3005 vos,)inquit
2748 2936 3039 3005 Apostolus
3066 2938 3134 2992 “.

267 3118 561 3176 Γινώσκει
587 3119 800 3187 Κύριος
818 3118 925 3184 τὰς
941 3116 1122 3184 ὁδοὺς
1140 3117 1259 3172 τῶν
1277 3117 1548 3188 ἀμώμων,
1571 3135 1626 3171 κ.
1653 3136 1704 3172 τ.
1733 3118 1780 3171 ἐ.

1957 3105 2122 3163 Vens.
2165 3108 2253 3163 18.
2301 3107 2459 3164 Novit
2502 3109 2755 3165 Dominus
2802 3113 2910 3167 vias
2960 3112 3442 3183 immaculatorum,

203 3210 449 3282 "E1epog'
485 3229 504 3262 ι
534 3211 753 3282 Προοῖδε
776 3209 886 3281 (55)
911 3208 1115 3280 Κύριος
1141 3208 1239 3274 τὰς
1264 3211 1476 3282 ἡμέρας
1498 3210 1606 3263 τῶν
1632 3208 1786 3280 ἀμώ-

201 3320 338 3375 μων.
366 3323 385 3355 ι
417 3304 529 3375 Οὐχ
560 3303 910 3374 ὑποστηρίζει
939 3303 1097 3373 μόνον
1128 3304 1311 3367 αὐτοῖς
1331 3301 1430 3373 τὴν
1460 3302 1625 3373 ζωὴν,
1649 3301 1785 3356 ἀλλά

198 3392 293 3445 καὶ
310 3387 415 3445 οἶδε
432 3391 530 3456 τὰς
550 3390 843 3463 μελλούσας
867 3392 1098 3463 ἡμέρας,
1130 3393 1224 3446 καὶ
1249 3392 1346 3463 τὴν
1374 3391 1783 3463 ἡτοιμασμένην

197 3484 579 3557 κληρονομίαν.
609 3484 773 3538 Οὐδὲν
793 3479 886 3538 οὖν
905 3485 1102 3547 αὐτοὺς
1130 3483 1323 3556 βλάψει
1348 3485 1409 3538 τὸ
1436 3486 1574 3557 πρὸς
1605 3484 1805 3555 βραχὺ¹

196 3576 518 3629 λυπεῖσθαι·
544 3575 908 3647 γυμνάζονται
927 3577 1036 3649 γὰρ
1054 3581 1120 3649 τῇ
1152 3577 1440 3649 καρτερίᾳ,
1464 3577 1565 3648 τὴν
1587 3577 1780 3647 στενὴν

197 3667 291 3720 καὶ
313 3665 672 3738 τεθλιμμένην
689 3666 981 3731 ὁδεύοντες,
1004 3668 1104 3720 οὐκ
1126 3666 1501 3737 αἰσχυνόμενοι
1522 3667 1579 3718 ὲν
1597 3663 1781 3738 καιρῷ

195 3755 451 3828 πονηρῷ,
501 3757 701 3829 ὅτεπερ
759 3758 929 3829 ὀργὴν
984 3756 1181 3825 ἐπάγει
1242 3759 1358 3820 τοῖς
1411 3755 1773 3826 ἁμαρτωλοῖς.

211 3846 369 3900 Ἀλλὰ
401 3848 496 3901 καὶ
541 3847 636 3903 νῦν
661 3851 709 3903 oi
736 3849 834 3919 μὲν
854 3847 1028 3920 ἐνδείᾳ
1050 3848 1381 3902 ἀπολοῦνται
1406 3847 1632 3918 λογικῆς
1658 3862 1779 3918 τρο-

194 3938 325 4009 φῆς,
344 3942 392 3993 οἱ
420 3940 477 3995 δὲ
502 3939 597 3995 τοῦ
631 3939 767 3995 Θεοῦ
791 3942 1301 4013 κατατρυφήσουσιν
1325 3942 1405 4006 εἰς
1433 3940 1769 4012 πλησμονήν.

264 4120 377 4173 Καὶ
437 4121 476 4188 ἡ
533 4123 901 4192 κληρονομία
949 4120 1148 4175 αὐτῶν
1196 4123 1285 4187 εὶς
1336 4120 1524 4175 αἰῶνα
1578 4122 1771 4186 ἔσται,

196 4229 251 4266 κ.
277 4228 329 4285 _1.
363 4212 411 4266 ὲ.
446 4212 797 4284 Κληρονομία
820 4213 938 4265 ἐστὶ
967 4212 1079 4285 (56)
1105 4212 1206 4282 τῆς
1233 4213 1457 4283 λογικῆς
1484 4211 1701 4282 φύσεως
1735 4214 1772 4283 ή

194 4278 393 4368 γνῶσις
424 4302 458 4371 ἡ
499 4300 594 4353 τοῦ
623 4301 780 4355 Θεοῦ.
1344 4350 1351 4355 .

286 4392 370 4445 Οὐ
428 4391 1054 4462 καταισχυνθήσονται
1107 4392 1181 4446 ἐν
1240 4390 1422 4458 καιρῷ
1491 4391 1762 4461 πονηρῷ,

1884 3210 1993 3253 etc.
2030 3199 2184 3253 Alius
2212 3200 2343 3270 legit
2371 3218 2386 3255 :
2428 3218 2447 3251 ι
2472 3200 2731 3256 Ρταξνὶάίι
2754 3201 3016 3260 Dominus
3042 3202 3159 3257 dies
3192 3202 3461 3258 immacu-

1859 3290 2134 3365 vlatorum.
2160 3309 2182 3344 ι
2238 3290 2352 3346 Non
2392 3292 2687 3347 conﬁrmat
2731 3293 2905 3347 solum
2953 3292 3086 3362 ipsis
3134 3293 3323 3360 vitam,
3364 3297 3462 3349 sed

1882 3382 2036 3436 norit
2075 3381 2239 3436 etiam
2281 3382 2401 3438 dies
2440 3381 2653 3438 futuros
2685 3392 2739 3438 et
2774 3395 3132 3454 praeparatam
3174 3384 3462 3440 haaredita-

1884 3482 2013 3527 tem.
2043 3472 2185 3528 Nihil
2214 3473 2380 3546 igitur
2410 3475 2542 3545 ipsis
2581 3477 2798 3543 oberit,
2840 3477 2982 3547 quod
3012 3492 3179 3548 parvo
3219 3489 3463 3549 tempore

1879 3564 2100 3636 lugeant
2130 3583 2146 3620 :
2189 3583 2314 3621 nam
2340 3581 2439 3636 per
2465 3567 2813 3622 tolerantiam
2836 3578 3185 3636 exercentur,
3209 3585 3331 3627 cum
3365 3586 3461 3639 per

1877 3667 2164 3727 angtistam
2198 3668 2256 3713 et
2287 3669 2493 3713 arctam
2543 3659 2688 3714 viam
2741 3660 3020 3727 incedunt,
3074 3675 3182 3715 non
3228 3661 3462 3715 confun-

1877 3749 2041 3804 dendi
2069 3749 2123 3803 iu
2155 3759 2399 3820 tempore
2431 3750 2596 3815 malo,
2628 3752 2845 3820 quando
2889 3750 3026 3806 iram
3059 3752 3262 3807 inducit
3292 3769 3460 3822 super

1874 3851 2217 3912 peccatores.
2253 3842 2393 3910 Quin
2432 3843 2595 3898 etiam
2620 3858 2764 3898 nunc
2786 3842 2845 3898 hi
2869 3844 3087 3912 quidem
3119 3845 3459 3905 rationabilis

1875 3934 1982 3989 cibi
2011 3934 2236 4005 penuria
2279 3944 2544 4005 pereunt;
2585 3935 2660 3991 illi
2695 3952 2829 3993 vero
2872 3936 2942 3992 ad
2980 3937 3290 3993 satietatem
3343 3938 3456 3994 Deo

1876 4023 2310 4080 delectabantur.

1947 4111 2015 4168 Et
2056 4118 2339 4170 Iiwreditas
2377 4132 2563 4170 eorum
2598 4116 2657 4169 in
2685 4126 2938 4170 internum
2975 4118 3096 4182 erit,
3129 4127 3237 4173 etc.
3270 4118 3456 4175 "tere-

1873 4206 2012 4261 ditas
2034 4217 2117 4262 est
2144 4222 2207 4263 ea
2236 4208 2482 4279 cognitio
2500 4223 2663 4278 quam
2693 4207 2760 4263 de
2783 4208 2893 4264 Deo
2917 4209 3081 4266 habet
3111 4210 3455 4271 rationabilis

1873 4309 2087 4353 natura.

1944 4389 2106 4444 Vens.
2149 4390 2235 4446 19.
2274 4390 2400 4445 Νοη
2459 4391 2853 4459 confundantur
2895 4393 2954 4447 in
3004 4399 3234 4462 tempore
3284 4394 3448 4458 malo,

193 4499 248 4539 κ.
280 4499 330 4536 τ.
373 4484 418 4535 ὲ.
455 4483 659 4555 Καιρὸν
694 4485 930 4556 πονηρὸν
961 4483 1072 4555 (57)
1106 4485 1254 4553 λέγει
1284 4484 1377 4538 τὸν
1400 4484 1500 4555 τῆς
1532 4484 1768 4556 κρίσεως

1894 4491 1979 4536 :tc.
2023 4481 2258 4553 Tempus
2290 4484 2492 4538 malum
2532 4493 2694 4538 vocat
2721 4483 2915 4554 judicii
2953 4495 3180 4555 tempus.
3235 4504 3254 4537 ι
3284 4485 3350 4540 Ει
3393 4487 3448 4543 in

192 4574 399 4648 χρόνον.
454 4594 475 4626 ι
532 4576 642 4629 Καὶ
668 4577 726 4630 ὲν
757 4576 992 4649 ἡμέραις
1036 4575 1193 4648 λιμοῦ
1226 4577 1702 4648 χορτασθήσονται.
1743 4595 1761 4626 ι

204 4665 449 4738 Ἡμέρας
468 4666 626 4738 λιμοῦ
644 4668 898 4739 ὀνομάζει
923 4671 982 4723 ὲν
1007 4663 1096 4733 αἷς
1117 4669 1299 4723 πολλοὶ
1317 4669 1426 4723 τῶν
1439 4667 1765 4739 ἀκαθάρτων

194 4758 567 4830 στερίσκονται
586 4759 679 4813 τοῦ
706 4760 871 4832 ἄρτου
908 4759 1002 4814 τοῦ
1034 4761 1312 4825 εἰπόντος’
1350 4780 1370 4813 ι
1422 4759 1562 4829 Ἐγὼ
1586 4762 1700 4831 εἰμι
1736 4763 1767 4814 6

192 4848 355 4921 ἄρτος
386 4853 415 4904 6
444 4851 552 4904 ἀπὸ
576 4851 671 4905 τοῦ
703 4851 934 4923 οὐρανοῦ
967 4850 1232 4916 καταϐάς.
1273 4871 1293 4904 s

274 4939 689 5007 Ἐκλείποντες
728 4940 872 4995 ὡσεὶ
930 4940 1159 5006 καπνὸς
1193 4940 1497 5005 ἐξέλιπον,
1528 4956 1582 4993 κ.
1613 4957 1670 4993 τ.
1714 4939 1762 4994 ἑ.

194 5029 392 5085 Τοῦτον
412 5032 505 5085 τὸν
549 5032 755 5086 καπνὸν
783 5031 895 5104 (58)
924 5029 1216 5086 ἀποδιώκει
1254 5031 1363 5085 ἀπὸ
1397 5030 1505 5084 τῶν
1530 5031 1762 5100 λογικῶν

194 5119 362 5188 ξύλων
396 5125 458 5178 τὸ
492 5116 604 5198 πῦρ
640 5125 669 5178 ὃ
697 5120 828 5195 ἦλθε
858 5124 1039 5194 βαλεῖν
1069 5125 1161 5177 ἐπὶ
1190 5123 1287 5195 τὴν
1319 5124 1422 5194 γῆν
1451 5125 1480 5177 6
1504 5123 1756 5194 Χριστός.

260 5235 309 5270 ³⁵
346 5236 502 5291 Rom.
540 5252 579 5303 ι,
619 5237 705 5292 11.
780 5237 830 5270 ³⁸
858 5236 1020 5293 Joan.
1054 5251 1130 5302 vi,
1164 5236 1253 5301 41.

259 5378 372 5450 (28)
402 5382 598 5450 Θυμός
623 5381 816 5443 ἐστιν,
844 5390 950 5450 etc.
977 5379 1189 5434 Eaedem
1218 5378 1453 5450 schedre.

259 5448 371 5518 (29)
402 5452 471 5505 Τὸ
483 5448 1013 5519 ἐξολοθρευθῆναι,
1038 5461 1144 5504 etc.
1177 5449 1414 5504 Eaedem.

395 5514 750 5590 Ἀμςρίόολός
778 5523 818 5591 ή
852 5514 1057 5592 λέξις-,Α
1071 5529 1176 5575 etc.
1201 5521 1409 5576 Catena
1429 5514 1695 5576 Corderii.

283 5589 372 5659 5|)
411 5589 616 5657 Τόπος,
646 5603 753 5647 etc.
778 5589 1002 5647 Scheda:
1021 5589 1236 5646 Grabii.

282 5662 373 5731 52)
407 5661 478 5714 Ἠ
498 5661 573 5731 7n"
598 5661 735 5726 νῦν,
759 5673 863 5714 etc.
890 5662 1124 5731 Eaedem.

260 5723 367 5801 (55)
394 5723 693 5800 Κρεῖἁσον
713 5723 904 5803 ὀλίγη,
928 5742 1030 5788 etc.
1065 5729 1300 5787 Eaedem.

1872 4573 2062 4629 diebus
2091 4574 2256 4629 famis
2287 4575 2703 4629 saturabuntur.
2734 4594 2757 4628 ι
2810 4576 2933 4630 Dies
2968 4577 3124 4632 ramis
3144 4589 3303 4631 vocat
3328 4578 3449 4633 illas

1868 4663 1922 4717 in
1953 4665 2147 4733 quibus
2177 4665 2328 4720 multi
2358 4681 2427 4721 ex
2458 4666 2525 4722 iis
2566 4666 2656 4736 qui
2690 4667 2953 4721 immundi
3001 4678 3129 4721 sunt
3167 4668 3448 4737 privantur

1868 4771 2005 4825 pane
2050 4757 2194 4812 illius
2242 4760 2335 4826 qui
2385 4760 2521 4816 dixit
2547 4761 2592 4792 ³⁸
2622 4778 2636 4815 :
2669 4759 2830 4829 «Ego
2872 4773 2991 4816 sum
3039 4759 3195 4828 panis
3240 4760 3331 4829 qui
3379 4764 3447 4815 de

1867 4846 2009 4902 coelo
2034 4849 2306 4903 descendi.
2340 4868 2360 4902 ι

1946 4940 2113 4996 Vsus.
2148 4941 2236 4996 20.
2282 4942 2591 5011 Deﬁcientes
2616 4941 3057 5012 quemadmodum
3106 4939 3285 5009 fumus
3314 4940 3450 5008 deli-

1872 5032 2034 5098 cient,
2076 5043 2184 5087 etc.
2226 5033 2381 5089 Hunc
2430 5034 2636 5088 fumum
2683 5033 2904 5103 expellit
2948 5051 2976 5087 a
3029 5032 3446 5087 rationabilibus

1868 5123 2197 5194 [ignisignis
2220 5139 2384 5194 quem
2424 5126 2572 5181 venit
2592 5125 2846 5180 Christus
2872 5126 2925 5180 in
2960 5134 3164 5179 terram
3199 5124 3440 5181 mittere.

1941 5378 2056 5446 (54)
2082 5378 2274 5435 Οὐδὲν
2305 5378 2514 5446 οὕτως,
2541 5388 2647 5434 etc.
2678 5378 2919 5433 Eaedem.

1961 5446 2053 5519 55)
2084 5452 2349 5519 Ἕτερος·
2378 5444 2644 5517 Προοῖδε,
2671 5462 2779 5503 etc.
2794 5448 3009 5519 _Catena
3033 5444 3302 5519 Corderii.

1961 5517 2050 5580 56)
2072 5517 2448 5589 κληρονομία
2471 5519 2625 5585 ἐστι,
2651 5529 2757 5573 etc.
2786 5517 3012 5573 Schedae
3034 5517 3245 5572 Grabii.

1959 5587 2294 5666 57)Καιρὸν
2329 5587 2621 5658 πονηρόν,
2671 5598 2776 5644 etc.
2804 5589 3019 5644 Eaedem
3044 5589 3260 5643 schedae
3304 5587 3443 5645 Gra-

1865 5660 2055 5805 h"(’58)
2087 5731 2305 5787 Τοῦτον
2334 5729 2439 5784 τὸν
2461 5729 2716 5795 καπνόν,
2746 5736 2855 5786 etc.
2885 5728 3119 5785 Etcdem.

1937 5452 1957 5662 l
