4020 6152
344 238 474 296 issi

331 636 659 701 quibusdam
720 643 1123 711 exemplaribus
1156 689 1170 713 ,
1234 651 1513 709 irritamus
1579 656 1903 729 Dominum,

327 726 594 794 scriptum
624 741 726 786 est.
761 733 839 788 Ex
869 736 1067 803 quibus
1093 744 1348 800 omnibus
1383 749 1714 807 testimoniis
1761 726 1905 808 indi;

328 826 522 886 catur,
576 824 719 890 quod
761 828 1005 884 aemulari
1053 832 1328 902 aliquem,
1387 838 1607 896 irritare
1652 857 1776 899 eum
1821 856 1903 901 est

845 928 928 988 ut,
968 923 1120 978 verbi
1169 940 1333 982 eiusa
1362 968 1379 995 ,
1430 931 1474 986 si
1522 933 1613 987 tali
1688 946 1903 992 utamur

324 918 381 964 et
427 925 727 978 provocare
773 934 787 971 :

322 1005 572 1073 exemplo
598 1006 770 1063 :Sunt
802 1013 1051 1080 quaedam
1089 1017 1347 1076 mulieres
1387 1023 1673 1093 impudicae
1714 1039 1769 1083 et
1800 1045 1896 1085 ue-

321 1106 507 1161 quam,
531 1111 653 1166 qua:
677 1099 721 1153 si
755 1100 899 1156 forte
930 1103 1078 1162 viros
1104 1107 1158 1162 in
1177 1112 1384 1169 amoris
1415 1113 1599 1172 furtivi
1626 1118 1897 1176 illecebris

321 1188 585 1256 ceperint,
624 1206 884 1260 processu
916 1200 1177 1267 temporis
1205 1204 1437 1261 occultis
1474 1223 1582 1263 non
1624 1220 1895 1267 contentae

318 1277 555 1350 ﬂagitiis,
610 1284 799 1340 volunt
828 1288 993 1344 etiam
1029 1294 1246 1362 pudicis
1300 1299 1625 1369 conjugibus
1666 1303 1889 1360 innote—

318 1384 499 1437 scere,
529 1374 673 1442 quod
702 1376 770 1429 ah
801 1391 987 1434 earum
1032 1381 1162 1438 viris
1190 1395 1462 1453 amentur,
1497 1400 1554 1443 ut
1583 1405 1648 1446 ex
1694 1393 1796 1448 hoc
1834 1395 1888 1450 in

315 1464 491 1519 zelum
522 1467 788 1534 excitent,
832 1480 887 1525 et
931 1472 1168 1539 irritent,
1206 1492 1271 1531 ac
1309 1483 1629 1548 perturbent
1682 1485 1889 1542 alienas

310 1554 522 1611 domos.
556 1558 614 1613 Si
649 1559 958 1618 intellexisti
1004 1568 1241 1638 exetupli
1286 1572 1562 1636 virtutem,
1615 1581 1886 1647 quomodo

308 1647 487 1716 pellex
520 1651 694 1706 zelum
717 1657 953 1711 concitet
984 1662 1163 1729 uxori,
1197 1672 1255 1718 et
1285 1664 1385 1719 hoc
1408 1667 1574 1723 debes
1598 1671 1883 1726 advertere

306 1737 440 1805 quid
468 1739 541 1793 sit
570 1742 815 1796 aemulari
856 1746 999 1801 inter
1029 1748 1261 1820 aliquos,
1297 1753 1347 1807 id
1388 1765 1487 1821 est,
1519 1773 1642 1812 cum
1670 1760 1749 1815 eis
1773 1778 1880 1816 ma-
1914 1743 1952 1796 Β

305 1827 438 1884 lilia:
472 1829 703 1900 alicujus
734 1834 1091 1915 incitamenta
1127 1843 1461 1910 praebentur.
1486 1849 1729 1918 Denique
1752 1854 1875 1920 quia

301 1923 596 1979 sermoille
626 1912 1053 1997 Deuteronomii,
1078 1930 1131 1985 in
1167 1947 1276 2002 quo
1312 1937 1432 1990 alt:
1467 1938 1583 2008 Ipsi
1613 1942 1668 1994 in
1706 1945 1876 1998 zelum

299 2015 636 2072 adduxerunt
688 2035 768 2074 me
814 2023 871 2076 in
907 2040 1010 2080 non
1046 2025 1179 2093 Deo,
1226 2030 1276 2084 id
1321 2040 1404 2086 est
1447 2035 1868 2107 παρεζήλωσαν,

299 2106 401 2158 hoc
425 2107 713 2176 signiﬁcet,
746 2126 813 2166 ex
847 2113 955 2169 hoc
986 2119 1329 2177 manifestius
1361 2122 1537 2178 claret
1563 2106 1711 2195 quod
1739 2129 1871 2183 alibi

296 2200 554 2268 scriptum
580 2215 665 2256 est
701 2204 767 2270 ³¹,
803 2210 931 2276 quia
975 2210 1116 2265 Deus
1151 2224 1337 2269 n05ter
1378 2216 1523 2272 Deus
1568 2219 1754 2277 celans
1779 2222 1868 2277 di-

296 2289 458 2345 citur.
492 2292 688 2350 Zelans
717 2307 895 2352 autem
938 2303 1164 2358 maritus
1211 2306 1317 2361 diei
1360 2308 1498 2363 solet
1535 2310 1601 2365 de
1643 2311 1869 2384 conjuge

292 2396 414 2446 sua,
444 2398 567 2440 cum
604 2390 656 2442 ei
687 2389 1005 2457 pudicitiam
1036 2394 1326 2453 sollicitius
1352 2409 1409 2456 et
1438 2403 1655 2459 cautius
1685 2416 1863 2471 curat,

290 2487 396 2530 nec
435 2476 597 2545 pollui
637 2481 845 2548 patitur
894 2484 1147 2556 conjugis
1176 2490 1502 2547 castitatem.
1542 2492 1695 2550 Unde
1730 2511 1862 2551 con-

288 2578 582 2639 sequenter
614 2573 703 2643 qui
735 2587 944 2645 peccat,
995 2577 1167 2634 Deum
1204 2583 1295 2652 qui
1338 2584 1526 2641 zelans
1550 2588 1772 2657 dicitur,
1805 2592 1862 2647 in

287 2666 463 2721 zelum
498 2669 713 2739 incitat,
736 2680 791 2729 et
815 2674 1025 2732 irritat.
1057 2675 1259 2735 Verum
1290 2682 1408 2739 haec
1429 2687 1611 2742 omnia
1636 2690 1862 2749 abusive

287 2759 556 2815 audienda
595 2774 726 2821 sunt
772 2765 841 2821 de
884 2765 1019 2838 Deo,
1065 2770 1205 2827 sicut
1234 2782 1290 2829 et
1317 2789 1381 2829 ea
1418 2791 1538 2846 qua:
1576 2781 1645 2836 de
1672 2780 1861 2840 furore

285 2849 384 2906 Dei
434 2853 708 2923 dicuntur,
748 2859 838 2913 vel
880 2861 949 2917 de
987 2877 1206 2931 somno,
1245 2868 1331 2924 vel
1367 2869 1435 2925 de
1471 2872 1717 2939 tristitia,
1760 2890 1859 2944 per

279 2962 404 3014 qua:
450 2948 578 3003 illud
630 2950 955 3023 intelligitur
994 2959 1125 3028 quid
1178 2964 1557 3035 unusquisque
1606 2977 1852 3024 nostrum

278 3055 380 3108 pro
425 3043 643 3100 actibus
690 3047 806 3102 suis
850 3048 918 3103 de
965 3049 1076 3107 Deo
1125 3066 1422 3111 mereatur.
1472 3057 1719 3130 Denique
1768 3062 1849 3118 sic
1876 3093 1924 3154 ο

274 3130 415 3188 dixit
442 3138 495 3189 in
528 3135 953 3197 Deuteronomio
979 3143 1046 3212 ³⁸,
1076 3147 1202 3215 quia
1240 3149 1341 3217 ipsi
1380 3151 1438 3204 in
1475 3153 1646 3207 zelum
1670 3154 1846 3209 addu-

271 3240 465 3283 xerunt
485 3247 566 3285 me
585 3232 640 3287 in
672 3251 778 3290 non
804 3236 937 3305 Deo,
964 3249 1014 3292 et
1041 3242 1484 3298 ezttcerbaverunt
1509 3261 1588 3300 me
1609 3247 1662 3302 in
1690 3250 1846 3304 idolis

269 3322 403 3386 suis,
435 3323 488 3380 id
522 3334 628 3391 est,
659 3326 900 3385 colentes
934 3330 1076 3386 idola
1126 3332 1178 3388 in
1225 3334 1398 3390 zelum
1431 3338 1845 3397 concitaverunt

270 3429 381 3469 me.
410 3413 519 3473 Sed
547 3419 677 3488 quid
706 3423 997 3491 sequitur?
1027 3422 1094 3478 Et
1140 3442 1234 3496 ego
1282 3429 1339 3482 in
1373 3428 1542 3484 zelum
1578 3433 1844 3489 adducam

265 3522 359 3561 eos
395 3508 450 3562 in
490 3525 597 3565 non
629 3523 856 3582 gentem,
903 3531 959 3569 tn
995 3525 1202 3587 gentem
1249 3519 1579 3590 insipientem
1621 3526 1841 3582 irritabo

266 3614 377 3655 eos.
411 3601 563 3659 Unde
591 3606 754 3660 etiam
792 3623 939 3663 nunc
966 3609 1139 3665 Judati
1184 3627 1290 3667 non
1326 3627 1613 3671 moventur
1645 3622 1842 3675 adver-

264 3706 361 3748 sus
412 3695 663 3765 gentiles,
708 3698 997 3754 adversum
1053 3717 1156 3758 eos
1203 3706 1294 3775 qui
1343 3706 1484 3763 idola
1530 3711 1734 3779 colunt,
1786 3721 1841 3767 et

262 3786 432 3843 Deum
462 3789 860 3862 hlaspbemant,
888 3806 943 3850 et
969 3797 1093 3854 illos
1124 3814 1232 3854 non
1270 3800 1527 3867 oderunt,
1558 3818 1658 3858 nec
1689 3805 1833 3860 indi-

258 3893 496 3949 gnantur
519 3886 811 3942 adversum
838 3903 933 3944 eos
959 3906 974 3956 ;
1008 3891 1298 3946 adversum
1335 3892 1682 3951 Christianos
1707 3912 1834 3953 vero

258 3973 555 4032 insatiabili
585 3978 713 4036 odio
756 3979 1028 4049 feruntur,
1062 3984 1153 4053 qui
1194 3984 1382 4054 utique
1420 3986 1631 4042 relictis
1676 3989 1834 4046 idolis

256 4067 323 4119 ad
351 4066 516 4122 Deum
558 4072 803 4128 conversi
844 4083 991 4128 sunt.
1025 4073 1161 4132 Cum
1208 4091 1342 4147 ergo
1385 4078 1589 4135 videris
1614 4078 1831 4136 Iudaeos

254 4158 378 4213 odio
402 4160 663 4219 habentes
693 4163 1061 4222 ChriStiannm
1096 4180 1153 4223 et
1176 4169 1505 4225 insidiantes
1546 4173 1622 4240 ei,
1664 4173 1829 4229 inteln

255 4251 358 4321 lige
388 4252 514 4322 quia
547 4255 849 4324 completur
890 4260 1173 4328 prophetia
1223 4262 1313 4315 illa
1360 4278 1482 4333 quae
1517 4264 1650 4319 dicit
1690 4283 1706 4318 :
1755 4265 1827 4319 Et

250 4361 342 4415 ego
376 4346 649 4401 concitabo
677 4363 764 4402 eos
808 4349 864 4403 in
913 4366 1019 4406 non
1056 4361 1284 4422 gentem.
1316 4352 1425 4409 Nos
1450 4355 1596 4410 enim
1637 4371 1824 4414 sumus

1051 251 1358 310 SELECTA
1394 255 1460 310 IN
1496 256 1835 320 PSALMOS.
1868 295 1936 304 -—-
1970 264 2203 323 iiOMlL
2249 270 2266 321 l
2304 269 2368 325 IN
2410 272 2602 330 PSAL.
2648 278 2885 337 XXXVI.

340 365 456 430 ipse
480 376 563 421 est
588 382 790 425 sermo.
820 372 928 425 Sed
957 385 1013 427 et
1051 377 1105 429 in
1128 380 1390 447 Aposmlo
1418 385 1681 455 scriptum
1713 397 1798 443 est
1826 390 1869 420 ³ο
1897 408 1908 442 :
1944 396 1988 452 Λ
2019 395 2113 448 sed
2141 394 2262 449 ideo

335 456 418 507 An
456 456 773 511 cumulantur
824 463 1105 519 Dominum
1141 469 1168 520 ?
1209 470 1463 540 Nunquid
1522 476 1769 542 fortiores
1820 481 1912 532 illo

333 558 517 598 sumus
557 548 583 600 ?
637 548 702 602 Et
725 550 813 604 ubi
860 552 1114 623 habetur,
1147 565 1467 616 mntutnmur
1496 564 1816 632 Dominum,
1856 571 1909 625 in

3458 300 3597 355 15ἓὲ

2304 411 2421 464 qua:
2454 399 2614 452 stulta
2656 413 2785 456 sunt
2819 405 2981 476 elegit
3017 408 3157 466 Deus
3190 413 3353 485 hujus
3383 426 3588 487 mundi,

2018 493 2075 539 ut
2100 486 2398 543 confundat
2447 493 2743 561 sapientes,
2772 508 2827 550 et
2857 500 2935 557 sic
2969 502 3223 571 impletur
3268 513 3413 579 quod
3448 517 3589 570 scri-

2014 584 2164 643 ptum
2193 587 2278 633 est
2308 596 2322 632 :
2363 579 2432 634 In
2462 597 2667 650 gentem
2700 587 3027 651 insipientem
3064 596 3285 652 irritabo
3339 620 3449 663 eos.
3478 611 3586 664 Sed

2011 677 2065 720 et
2103 673 2248 751 quod
2287 672 2419 727 dicit
2456 676 2747 746 Apostolus
2786 683 2875 737 ³³ε
2920 688 2998 739 An
3042 692 3358 748 wnmlamur
3397 698 3582 755 Domi-

2009 774 2130 813 num
2152 763 2177 813 ?
2202 761 2458 835 Nunquid
2478 769 2726 838 fortiores
2756 792 2937 832 sumus
2962 779 3057 833 illo
3085 783 3110 833 ?
3135 785 3415 845 videamus
3449 795 3579 863 quid

2008 848 2230 906 indicet.
2269 852 2327 908 ln
2364 871 2429 913 eo
2460 858 2576 915 loco
2620 864 2733 920 hare
2772 867 2929 933 dixit,
2958 871 3047 925 ubi
3075 873 3147 927 de
3178 848 3485 948 sacriﬁciis:
3525 894 3580 940 et

2005 941 2069 996 de
2098 942 2184 999 his
2222 961 2343 1016 qua:
2376 948 2534 1006 idolis
2572 952 2947 1027 immolantur,
2995 962 3254 1043 disputat.
3296 972 3378 1025 An
3411 941 3579 1030 (cntu-

2001 1030 2198 1100 lantur,
2254 1038 2354 1104 ait,
2393 1040 2698 1112 Dominum,
2749 1049 2854 1106 hoc
2901 1065 2984 1108 est
3036 1059 3153 1112 zelo
3197 1066 3571 1133 concitamus,

1999 1123 2223 1181 edentes
2258 1144 2319 1184 ea
2352 1147 2472 1201 quae
2509 1135 2665 1193 idolis
2703 1141 2980 1199 immolata
3028 1161 3174 1213 sunt,
3212 1154 3351 1209 sicut
3392 1156 3565 1215 Judaei

1998 1216 2173 1271 zelum
2206 1220 2321 1290 ejus
2348 1240 2764 1287 commoverunt
2810 1236 2862 1288 in
2908 1237 3064 1293 idolis
3108 1245 3223 1298 suis
3257 1246 3280 1299 ?
3316 1245 3573 1320 Nunquid

1993 1310 2153 1363 etiam
2187 1328 2286 1368 nos
2313 1316 2477 1371 simili
2529 1323 2687 1376 modo
2732 1326 2913 1383 facere
2950 1333 3239 1389 volumus?
3276 1337 3397 1393 Ideo
3434 1357 3566 1414 ergo

1993 1402 2108 1457 ait:
2143 1404 2226 1459 An
2268 1412 2585 1467 cumulantur
2630 1415 2916 1474 Dominum
2943 1424 2969 1477 Ρ
3017 1423 3272 1497 Nunquid
3319 1431 3565 1500 fortiores

1989 1493 2086 1547 illo
2125 1512 2309 1551 sumus
2335 1499 2363 1554 ."
2386 1500 2499 1556 Hoc
2534 1514 2620 1559 est
2647 1509 2790 1577 quod
2823 1511 2972 1568 dicit.
2999 1511 3052 1567 Si
3073 1493 3290 1587 quidem
3320 1493 3562 1578 concite-

1988 1601 2110 1643 mus
2148 1589 2326 1645 zelum
2357 1593 2523 1651 alicui
2556 1600 2646 1667 qui
2684 1600 2911 1657 inferior
2953 1616 3037 1661 est
3075 1610 3288 1667 viribus
3332 1617 3556 1680 nostris,

1986 1692 2272 1746 possumus
2295 1683 2456 1741 facile
2485 1699 2841 1749 contemnere
2870 1713 2886 1760 ;
2914 1698 2959 1751 si
2997 1714 3127 1757 vero
3156 1701 3351 1760 fortem
3376 1709 3562 1765 conci-

1985 1779 2161 1828 temus
2192 1776 2244 1827 in
2281 1778 2482 1841 zelum,
2512 1785 2753 1853 nunquid
2777 1802 2884 1842 non
2911 1790 2965 1844 in
2996 1796 3272 1863 propriam
3303 1800 3559 1858 molimur

1983 1865 2082 1917 ista
2123 1869 2419 1936 perniciem
2445 1871 2467 1925 ?
2492 1871 2546 1925 Si
2577 1891 2708 1946 ergo
2741 1880 3012 1937 vescimur
3046 1885 3205 1943 idolis
3237 1888 3551 1962 immolatis,

1978 1964 2033 2009 et
2064 1956 2350 2014 adversum
2390 1977 2491 2018 nos
2522 1966 2698 2023 zelum
2734 1969 2947 2028 Domini
2981 1978 3334 2044 concitamus,
3364 1982 3554 2040 fortio-

1976 2062 2089 2101 rem
2129 2049 2264 2105 iram
2297 2064 2484 2112 contra
2515 2072 2637 2124 nos,
2667 2059 2720 2113 id
2753 2070 2839 2117 est
2868 2066 2934 2119 ad
2959 2069 3239 2138 preprium
3273 2072 3548 2131 interitum

1974 2155 2354 2209 provocamus.
2387 2145 2446 2203 Si
2483 2152 2700 2220 quando
2731 2169 2862 2227 ergo
2896 2157 3097 2216 videris
3142 2164 3413 2222 hominem
3449 2185 3547 2225 ne-

1970 2246 2157 2300 quam,
2184 2236 2435 2303 observa,
2464 2250 2521 2295 et
2551 2256 2686 2298 cave
2718 2261 2786 2301 ne
2812 2256 2993 2303 zelum
3025 2250 3148 2320 ejus
3182 2258 3426 2315 concites
3446 2263 3543 2315 ad-

1968 2339 2184 2383 versum
2226 2337 2297 2394 te,
2343 2346 2410 2385 ne
2435 2334 2565 2401 quid
2596 2335 2821 2393 incaute
2865 2338 3059 2409 facias,
3103 2347 3245 2400 unde
3297 2352 3541 2420 nequitia

1966 2417 2292 2479 concitetur.
2324 2418 2487 2478 Verbi
2520 2440 2710 2492 causa,
2756 2439 2815 2483 ut
2859 2446 2958 2500 per
2986 2438 3293 2506 exemplum
3325 2441 3541 2509 planius

1964 2505 2062 2562 liat
2093 2511 2236 2579 quod
2269 2512 2491 2580 dicitur,
2522 2517 2717 2583 beatus
2767 2522 2936 2579 David
2970 2525 3101 2580 Saul
3149 2505 3535 2602 malignantem

1963 2601 2267 2656 concitavit
2299 2604 2352 2658 in
2389 2608 2586 2672 zelum,
2620 2614 2838 2681 quando
2867 2619 3141 2686 processit
3175 2601 3301 2677 ante
3326 2629 3537 2681 exerci-

1963 2698 2114 2754 tum,
2164 2702 2219 2747 et
2267 2697 2470 2751 occidit
2520 2700 2776 2770 Goliam,
2832 2715 2885 2760 et
2937 2724 3327 2776 processerunt
3380 2717 3533 2772 chori

1958 2783 2260 2852 puellarum
2286 2798 2342 2842 et
2378 2790 2668 2848 mulierum
2694 2796 2944 2857 dicentes
2977 2800 3023 2831 “
3051 2820 3064 2855 :
3104 2800 3373 2862 Percussit
3402 2808 3532 2866 Saul

1957 2873 2014 2927 in
2049 2875 2303 2938 millibus,
2338 2888 2389 2932 et
2422 2878 2594 2935 David
2628 2885 2682 2938 in
2723 2890 2897 2943 decem
2948 2893 3197 2951 millibus.
3232 2899 3386 2965 Quod
3428 2906 3526 2958 uti-

1955 2979 2063 3034 que
2105 2967 2150 3020 si
2194 2971 2380 3024 studio
2416 2988 2514 3026 suo
2565 2976 2768 3045 egisset
2804 2980 2992 3048 David,
3023 2991 3308 3051 aemulatus
3336 2993 3526 3055 fuisset

1958 3055 2010 3109 in
2052 3059 2386 3131 malignitate
2420 3059 2570 3119 Sanl.
2605 3067 2712 3123 Sed
2748 3086 2894 3128 nunc
2934 3091 3043 3130 non
3088 3093 3186 3133 suo
3221 3085 3398 3141 studio
3440 3087 3527 3142 fa-

1954 3157 2105 3203 ctum
2130 3163 2213 3204 est
2237 3162 2295 3206 ut
2319 3155 2535 3210 exirent
2557 3157 2710 3214 chori
2732 3164 3056 3232 puellarum,
3074 3180 3129 3225 et
3152 3172 3523 3242 hujuscemodi

1951 3241 2208 3312 hymnum
2243 3245 2510 3314 dicereut,
2555 3253 2683 3321 quia
2730 3254 2896 3312 David
2943 3264 3217 3331 percussit
3250 3267 3306 3322 in
3335 3268 3520 3327 decem

1950 3331 2213 3402 millibus,
2263 3347 2319 3392 et
2361 3339 2489 3395 Saul
2543 3344 2596 3396 iu
2648 3345 2903 3407 millibus.
2951 3351 3065 3410 Hoc
3104 3364 3345 3431 estergo
3377 3369 3520 3437 quod

1949 3439 2051 3480 nos
2083 3428 2272 3484 edocet
2307 3432 2572 3501 psalmus,
2621 3448 2680 3491 ut
2726 3444 2983 3511 quonTam
3026 3461 3199 3516 genus
3240 3428 3518 3511 hominum

1948 3514 2190 3585 proclive
2221 3533 2306 3575 est
2337 3524 2404 3578 ad
2435 3526 2786 3598 zelotypiam,
2831 3543 2883 3587 et
2931 3514 3190 3604 perfacile
3223 3545 3291 3598 ad
3325 3547 3516 3602 vitium

1945 3608 2086 3665 istud
2120 3612 2436 3682 inclinatur,
2471 3622 2701 3677 observa
2747 3639 2814 3679 ne
2862 3625 2915 3681 id
2964 3644 3115 3698 agas,
3149 3636 3293 3704 quod
3343 3639 3515 3694 malus

1944 3702 2192 3759 homines
2223 3705 2275 3759 in
2309 3710 2711 3767 aemulationem
2746 3719 2820 3769 tui
2845 3717 3042 3791 irritet,
3068 3732 3124 3779 et
3149 3702 3217 3780 ad
3242 3727 3510 3787 insidian-

1939 3797 2068 3849 dum
2108 3799 2203 3852 tibi
2237 3803 2495 3869 concitet,
2526 3805 2609 3859 vel
2636 3807 2703 3860 ad
2734 3808 2919 3865 odium
2953 3814 3028 3868 tui
3062 3817 3286 3875 excitet.
3331 3821 3395 3878 Et
3426 3838 3511 3881 εει

1936 3888 2040 3944 hoc
2066 3899 2238 3945 totmn
2266 3897 2410 3963 quod
2450 3897 2794 3968 signiﬁcatur
2828 3904 2879 3958 in
2914 3905 3001 3961 his
3027 3910 3298 3980 omnibus,
3324 3925 3386 3970 ut
3420 3933 3511 3972 ne-

1935 3991 2040 4045 que
2073 3978 2187 4049 ipse
2221 3997 2488 4053 provoces
2516 3988 2641 4042 mali
2676 3991 3078 4051 aemulationem
3113 3999 3397 4059 adversum
3429 4019 3504 4074 te,

1933 4085 2109 4141 neque
2159 4082 2215 4128 tu
2255 4076 2555 4145 nequitiam
2601 4081 2876 4139 aemuleris
2921 4085 3175 4144 alienam.
3223 4091 3504 4160 Quomodo

1931 4179 2063 4235 ergo
2120 4167 2284 4223 homo
2351 4173 2647 4242 nequitiam
2707 4178 2995 4235 aunulatur
3043 4182 3320 4241 alterius?
3370 4190 3503 4248 Sine

1929 4255 2094 4313 dubio
2129 4274 2252 4314 cum
2276 4264 2464 4318 eadem
2492 4265 2622 4335 agit.
2655 4264 2809 4333 Quod
2838 4282 3019 4327 autem
3059 4277 3201 4343 dico,
3250 4281 3363 4337 tale
3394 4297 3498 4341 est:

1929 4349 1985 4403 Si
2020 4351 2143 4418 quis
2168 4354 2239 4409 sit
2265 4370 2364 4425 per
2389 4356 2728 4426 iniquitatem
2760 4361 2912 4418 dives
2938 4363 3112 4422 factus
3139 4384 3203 4423 ex
3235 4386 3494 4443 paupere,

249 4453 354 4492 non
382 4451 532 4507 gens,
576 4439 668 4508 qui
712 4441 869 4508 pauci
915 4456 984 4497 ex
1031 4444 1133 4498 ista
1169 4444 1394 4500 civitate
1430 4446 1722 4515 credimus,
1762 4450 1854 4506 eti

1958 4441 2078 4497 isit
2121 4444 2335 4501 vicinus
2367 4445 2484 4516 ejus
2531 4464 2720 4519 egens,
2767 4463 2823 4508 et
2871 4456 3050 4512 videat
3090 4439 3248 4518 illum,
3283 4468 3374 4536 qui
3429 4473 3497 4525 de

249 4527 341 4582 alii
399 4544 465 4585 ex
512 4530 640 4595 alia,
692 4541 748 4586 et
791 4549 1061 4605 nusquam
1114 4551 1250 4607 gens
1291 4537 1503 4608 integra
1548 4539 1619 4593 ab
1662 4540 1818 4597 initio

243 4617 582 4677 credulitatis
608 4624 825 4680 videtur
855 4639 1158 4698 assumpta.
1204 4629 1320 4685 Non
1365 4631 1513 4686 enim
1546 4634 1688 4689 sicut
1715 4633 1813 4689 Ju-

242 4715 479 4769 daeorum
537 4731 673 4786 gens
731 4728 874 4784 erat,
933 4720 1019 4775 vel
1069 4720 1453 4794 Aﬂgyptiorum
1522 4741 1675 4797 gens,
1740 4729 1814 4781 ita

239 4807 401 4862 etiam
428 4808 863 4865 Christianorum
894 4828 1066 4882 genus
1094 4829 1227 4885 gens
1261 4827 1347 4872 est
1377 4833 1512 4884 una,
1545 4820 1628 4875 vel
1667 4821 1810 4875 inte-

237 4917 353 4973 gra,
390 4903 485 4958 sed
513 4905 741 4974 sparsim
790 4921 857 4961 ex
905 4908 1135 4979 singulis
1172 4913 1426 4981 gentibus
1464 4913 1632 4987 εδδ
1669 4930 1805 4971 con-

235 5003 555 5065 gregantur.
592 4997 733 5052 Dicit
758 5013 908 5068 ergo,
950 5002 1073 5070 quia
1096 5000 1206 5073 Ego
1233 5006 1288 5058 in
1320 5006 1492 5060 zelum
1522 5024 1611 5063 eos
1646 5010 1809 5063 indu-

234 5104 349 5141 cam
384 5088 441 5142 in
471 5105 575 5143 non
598 5101 821 5160 gentem,
868 5095 925 5150 in
963 5107 1167 5166 gentem
1208 5099 1544 5170 insipientem
1578 5105 1800 5158 irritabo

231 5194 341 5232 eos.
374 5176 442 5233 Et
470 5179 591 5236 ideo
618 5182 905 5240 irritantur
950 5186 1003 5241 in
1051 5204 1171 5255 nos,
1202 5198 1259 5245 et
1295 5191 1422 5246 odio
1466 5207 1566 5247 nos
1599 5193 1801 5249 habent

231 5271 376 5325 velut
412 5283 629 5343 gentem
664 5274 1037 5347 insipientem,
1067 5283 1315 5339 dicentes
1346 5298 1405 5340 se
1435 5298 1557 5342 esse
1584 5287 1803 5356 sapien-

230 5369 336 5425 tes,
377 5364 636 5433 quoniam
675 5367 895 5436 quidem
940 5370 1134 5440 primis
1179 5373 1311 5444 ipsis
1354 5375 1649 5431 commissa
1678 5386 1804 5431 sunt

226 5454 438 5524 eloquia
474 5457 591 5524 Dei,
619 5469 675 5515 et
707 5461 1029 5519 meditantes
1058 5480 1089 5519 a
1121 5481 1288 5535 puero
1308 5481 1484 5538 usque
1525 5467 1595 5523 ad
1641 5482 1795 5525 sene-

226 5557 425 5603 ctutem
457 5549 628 5622 legem
657 5552 781 5621 Dei,
828 5556 883 5611 in
907 5555 1084 5629 legem
1126 5559 1222 5615 Dei
1254 5576 1361 5621 non
1392 5570 1794 5631 pervenerunt;

1872 4557 1876 4561 -
1926 4541 2075 4588 terra
2112 4538 2384 4604 surrexit,
2427 4549 2483 4595 et
2519 4542 2586 4597 ad
2626 4544 2935 4602 divitiarum
2969 4554 3178 4608 culmen
3225 4562 3494 4631 ascendit,

1927 4636 1981 4683 et
2017 4628 2243 4699 incipiat
2274 4632 2517 4688 aemulari
2545 4645 2602 4690 ut
2626 4637 2882 4696 similiter
2912 4644 3078 4698 etiam
3130 4647 3245 4714 ipse
3280 4666 3348 4706 ex
3384 4628 3490 4711 ini;

1923 4718 2131 4788 quitate
2150 4720 2401 4792 ditescat,
2436 4725 2538 4781 hoc
2566 4737 2649 4782 est
2687 4730 2927 4787 aemulari
2969 4733 3232 4794 facientes
3277 4742 3484 4820 iniqui-

1922 4819 2112 4867 tatem.
2154 4811 2258 4872 Sed
2287 4824 2341 4870 et
2368 4818 2412 4873 si
2446 4819 2568 4888 quis
2597 4835 2719 4877 eum
2749 4825 2841 4893 qui
2872 4825 2953 4880 vel
2997 4826 3216 4888 furtivis
3257 4811 3485 4907 stop—ris,

1918 4917 2002 4977 vel
2055 4918 2262 4978 illicitis
2305 4925 2595 4985 conatibus
2644 4928 2784 4984 ultra
2830 4930 3013 4989 locum
3056 4945 3135 5015 et_
3173 4954 3483 5003 mensuram

1911 5040 2066 5081 suam
2116 5027 2332 5084 invadit
2380 5031 2624 5101 nuptias,
2677 5033 2889 5101 domos,
2940 5038 3192 5110 divitias,
3238 5049 3491 5104 aemulari

1909 5131 2065 5199 velit,
2095 5134 2379 5192 aemulatus
2408 5146 2495 5192 est
2514 5136 2776 5197 facientes
2807 5142 3172 5214 iniquitatem.
3197 5148 3318 5208 Jatn
3353 5168 3483 5211 vero

1907 5252 2003 5293 eos
2027 5239 2121 5309 qui
2149 5253 2248 5311 per
2274 5240 2489 5298 diversa
2524 5240 2748 5314 ﬂagitia,
2774 5247 2862 5303 vel
2892 5249 3150 5322 indignas
3181 5263 3343 5326 atque
3369 5257 3478 5312 illi-

1904 5347 2041 5404 citas
2087 5348 2414 5406 ambitiones
2465 5352 2535 5408 ad
2587 5352 2857 5410 immerita
2912 5355 3186 5415 bonorum
3238 5360 3477 5418 culmina

1901 5463 2296 5526 pervenerunt,
2319 5465 2375 5513 et
2395 5456 2596 5528 iniquis
2626 5458 2953 5518 factionibus
2978 5461 3061 5517 vel
3088 5467 3332 5525 cruentis
3358 5485 3475 5525 ma-

1902 5558 2063 5616 nibus
2097 5560 2335 5618 honores
2357 5576 2466 5618 non
2501 5563 2606 5618 sibi
2640 5563 2850 5622 debitos
2890 5580 3256 5640 occuparunt,
3294 5573 3394 5633 hos
3424 5575 3471 5631 si

290 5724 340 5761 ⁸⁸
379 5724 398 5780 l
445 5726 569 5783 Cor.
630 5745 687 5793 ι,
726 5731 818 5786 22.
894 5734 934 5766 “
987 5735 1156 5794 Exod.
1199 5755 1254 5807 x,
1300 5738 1355 5794 5.
1432 5740 1477 5772 ³³
1521 5739 1677 5795 Deut.
1713 5755 1854 5797 χχιιι

1957 5741 2003 5798 ι.
2081 5740 2127 5774 ³³
2160 5738 2329 5798 lCor.
2363 5755 2420 5806 ι,
2448 5739 2539 5796 22.
2616 5737 2865 5814 "IReg.
2900 5757 3057 5806 xvut,
3101 5744 3151 5801 7.

457 5820 730 5885 Psauoc.
766 5823 884 5886 Gn.
921 5827 1061 5890 ΧΠ.

2928 5834 3006 5893 ἱι2
