4020 6152
582 179 617 231 Ἰ
629 180 731 234 3‘23

584 302 709 367 quis
727 298 912 353 vi'lletls
939 302 1003 354 ad
1024 301 1252 358 similem
1280 305 1648 366 inﬂamllletur
1670 313 1957 381 insaniam,
1985 334 2150 373 annu-

584 389 728 444 latus
756 400 840 445 est
872 390 1135 450 facientes
1166 396 1533 467 iniquitatem.

648 523 706 577 2.
748 524 1039 596 Propterea
1069 543 1197 599 ergo
1225 531 1476 588 mandato
1511 536 1719 592 Domini
1751 539 2144 612 illuminamur,

579 625 659 678 ut,
697 628 821 669 cum
860 618 1223 677 aemulationis
1268 622 1471 678 illicita:
1504 625 1722 683 ﬂamma
1757 647 1855 687 cor
1899 650 2142 693 nosuum

578 716 926 777 mentemque
957 710 1277 778 pulsaverit,
1310 730 1408 770 nos
1444 718 1625 773 verbis
1651 722 1825 778 edocti
1861 726 2138 784 dicamus:

574 795 630 850 Si
652 798 896 853 aemulari
936 800 1157 859 voluero
1199 804 1342 858 inter
1391 807 1773 879 malignantes,
1823 825 1918 871 aut
1975 833 2142 873 temu-

572 885 718 942 latus
746 886 903 944 fuero
937 889 1204 948 iacientes
1231 895 1600 965 iniquitatem,
1634 901 1755 958 vide
1784 906 1911 973 quid
1938 923 2135 977 sequa-

572 986 705 1030 tur:
742 977 889 1034 Sicut
933 983 1133 1053 fenum,
1161 986 1338 1057 inquit
1370 990 1436 1056 ’5,
1467 993 1570 1046 cito
1611 1007 1867 1063 arescent,
1910 1008 1962 1054 et
2001 1003 2137 1057 sicut

514 1124 519 1128 ,
570 1068 711 1123 olera
748 1071 1027 1126 herbarum
1087 1076 1192 1129 cita
1250 1079 1514 1137 decidant.
1561 1083 1656 1139 Vis
1700 1087 1863 1141 etiam
1912 1090 2136 1146 alterius

565 1161 844 1230 prOphelte
889 1163 961 1218 de
1012 1165 1207 1222 talibus
1259 1172 1480 1226 monitis
1520 1177 1853 1232 auctoritate
1887 1182 2135 1235 muniri?

563 1255 703 1310 Audi
733 1256 862 1325 quid
892 1260 1055 1313 etiam
1080 1259 1250 1317 Isaias
1276 1266 1344 1319 de
1378 1268 1526 1321 omni
1551 1268 1720 1337 gloria
1751 1274 1958 1327 carnali
2003 1291 2131 1344 pro-

564 1349 818 1405 nuntiet:
865 1349 1071 1416 Omnis,
1119 1354 1294 1423 inquit
1347 1357 1412 1422 ³⁸,
1462 1375 1586 1413 caro
1637 1360 1837 1430 fenum,
1876 1375 1924 1419 et
1960 1369 2129 1422 omnis

564 1439 734 1509 gloria
762 1441 878 1508 ejus
926 1450 984 1493 ut
1032 1443 1134 1511 ﬂos
1179 1444 1308 1513 feni.
1346 1446 1438 1502 Vis
1485 1449 1648 1503 etiam
1679 1466 1776 1520 per
1810 1455 2018 1524 singula
2048 1459 2127 1511 vi-

562 1532 692 1586 dere
734 1536 1003 1601 quomodo
1057 1534 1153 1592 llos
1200 1536 1307 1591 feni
1359 1539 1429 1593 sit
1471 1542 1653 1596 carnis
1700 1544 1872 1611 gloria
1912 1546 1936 1600 ‘i
1991 1546 2126 1603 Vide

561 1623 684 1692 quis
713 1624 1005 1693 imperavit
1044 1638 1174 1683 ante
1212 1630 1313 1683 hos
1360 1631 1577 1702 triginta
1622 1650 1813 1702 annos,
1856 1642 2124 1706 quomodo

558 1716 846 1785 imperium
873 1719 990 1789 ejus
1015 1717 1250 1776 emeruit
1282 1741 1295 1777 :
1325 1725 1583 1780 continuo
1622 1735 1800 1783 autem
1849 1730 1991 1786 sicut
2024 1731 2122 1788 llos

558 1810 664 1864 feni
722 1813 1041 1878 emarcuit,
1096 1824 1226 1871 tunc
1285 1817 1478 1874 deinde
1541 1819 1678 1875 alius
1728 1832 1850 1891 post
1905 1824 2118 1892 ipsum,

556 1902 752 1957 deinde
779 1903 918 1961 alius
940 1913 1105 1976 atque
1134 1908 1293 1977 alius,
1320 1909 1416 1979 qui
1443 1910 1640 1967 deinde
1669 1913 1855 1979 duces,
1890 1924 1945 1971 et
1969 1919 2118 1986 prin-

556 1995 741 2059 cipes:
774 2004 829 2050 et
859 1998 1035 2053 omnis
1066 2012 1253 2053 eorum
1295 2000 1465 2070 gloria
1496 2010 1551 2056 et
1577 2002 1750 2059 honor
1790 2021 1897 2061 non
1944 2008 2116 2062 solum

556 2095 811 2154 tanquam
841 2085 937 2142 llos
976 2090 1260 2153 emarcuit,
1290 2106 1478 2146 verum
1512 2095 1676 2148 etiam
1715 2105 1970 2165 tanquam
1999 2100 2117 2169 pill-

551 2176 634 2230 vis
665 2175 850 2232 aridus
892 2186 950 2232 et
979 2192 1010 2232 a
1053 2188 1219 2234 vento
1252 2180 1531 2249 dispersus
1573 2200 1641 2239 ne
1680 2186 1962 2256 vestigium
1990 2190 2113 2259 qui-

550 2268 673 2324 dem
708 2269 793 2324 sui
831 2268 1067 2340 reliquit.
1099 2270 1205 2326 Alii
1235 2273 1398 2328 etiam
1437 2275 1643 2331 divitiis
1665 2277 1817 2342 elati,
1852 2288 1906 2334 et
1938 2281 2111 2336 hono-

547 2360 702 2414 ribus
738 2362 957 2427 tumidi,
984 2362 1269 2419 studentes
1319 2364 1404 2419 vel
1441 2366 1740 2425 laudabiles
1782 2370 1974 2427 haberi
2015 2390 2112 2443 per

548 2448 860 2504 simulatam
924 2452 1249 2518 bonitatem,
1288 2454 1375 2510 vel
1404 2459 1770 2516 exsecrabiles
1811 2478 1908 2532 per
1952 2465 2107 2520 indo-

546 2540 733 2595 mitam
776 2542 1173 2600 crudelitatem.
1216 2545 1456 2612 Quorum
1499 2550 1546 2604 si
1588 2552 1712 2621 quis
1753 2568 1895 2611 vana
1929 2558 2103 2612 studia

540 2633 819 2688 existimat
847 2636 1168 2702 aemulanda,
1199 2649 1287 2692 eat
1317 2655 1458 2695 nunc
1484 2642 1552 2697 ad
1577 2645 1900 2703 cadaverum
1918 2663 2102 2704 eorum

541 2723 819 2793 reliquias,
851 2724 897 2779 si
934 2734 1112 2780 tamen
1154 2726 1241 2782 vel
1284 2728 1413 2797 ipsa:
1457 2731 1694 2788 inveniri
1725 2747 1968 2805 queant;
2000 2740 2102 2794 ali-

539 2813 762 2882 quantis
812 2814 956 2869 ellim
1003 2830 1071 2869 ne
1115 2817 1218 2872 hoc
1265 2819 1481 2888 quidem
1531 2838 1848 2882 concessum
1895 2840 2103 2888 est:et

539 2913 668 2960 tunc
712 2906 952 2962 inveniet
992 2910 1261 2976 quomodo
1300 2913 1473 2966 omnis
1533 2930 1659 2969 caro
1699 2916 1879 2986 fenum
1916 2932 2010 2987 est,
2049 2936 2097 2977 et

1954 196 2046 252 EX
2084 196 2383 257 ORIGENE

3693 233 3817 292 1524

2179 329 2221 384 Α
2255 323 2452 378 dahilia
2485 328 2653 393 olera,
2704 347 2822 400 qua:
2867 350 2964 404 per
2997 351 3325 410 praeceptum
3369 344 3622 416 Apostoli
3670 368 3816 406 man-

2251 415 2733 489 ducarejubentur
2778 426 3000 486 infirmi.
3054 432 3171 484 Alia
3218 445 3395 490 autem
3443 451 3571 493 sunt
3608 442 3733 508 illa,
3770 456 3812 499 et

2248 506 2332 561 llis
2387 515 2696 581 contraria,
2750 517 2818 571 de
2881 522 3077 588 quibus
3146 526 3346 580 dicitur
3401 530 3548 598 quod
3604 506 3811 588 ﬂumina

2246 598 2465 671 Egypti
2517 620 2653 674 aqua
2705 609 2776 663 sit
2810 611 3060 666 deorsum
3113 615 3485 687 descendens,
3531 631 3588 677 et
3635 624 3811 694 rigans

2243 692 2383 746 sicut
2435 694 2649 751 hortum
2697 701 2904 755 olerum
2932 703 2976 736 '9
3019 724 3030 759 :
3067 720 3175 775 quo
3219 709 3475 766 videlicet
3523 692 3808 786 Egyptius

2244 801 2349 839 noll
2382 789 2545 844 arbor
2577 793 2813 860 dicatur,
2845 799 2938 853 sed
2974 814 3042 854 ne
3070 803 3196 858 vitis
3221 807 3439 875 quidem
3480 813 3804 878 nominetur,

2242 879 2334 931 sed
2370 878 2517 934 olera
2562 898 2684 953 quae
2722 886 2833 941 cito
2882 890 3155 948 deﬁciunt.
3204 897 3268 951 Et
3292 899 3380 955 vis
3432 901 3617 957 videre
3652 920 3803 974 quam

2239 971 2347 1025 cito
2371 972 2660 1045 [Egyptius
2690 979 2937 1035 decidat?
2968 982 3103 1040 Vide
3126 990 3253 1058 quid
3297 991 3513 1048 dicatur
3542 997 3608 1050 de
3642 971 3724 1052 eis
3755 995 3803 1052 ill

2240 1058 2426 1117 Exodo
2450 1065 2516 1117 ⁵ο.
2544 1064 2786 1138 IEgyptii
2818 1081 2998 1128 autem
3044 1075 3459 1151 festinaverunt,
3489 1087 3687 1156 inquit,
3717 1093 3800 1144 de-

2236 1153 2626 1223 colligaverunt
2654 1174 2782 1215 axes
2807 1178 2952 1229 suos,
2979 1177 3035 1221 et
3066 1169 3174 1225 cito
3209 1170 3463 1242 fugerunt
3506 1153 3610 1230 sub
3640 1194 3796 1249 aqua.

2235 1242 2385 1298 Sicut
2413 1247 2558 1301 olera
2601 1265 2731 1319 ergo
2761 1253 3050 1312 herbarum
3098 1261 3207 1317 cito
3246 1264 3519 1320 decident.
3564 1242 3797 1342 Denique

2231 1345 2284 1388 et
2328 1336 2512 1392 Achab
2554 1340 2644 1395 ille
2675 1342 2889 1411 iniquus
2931 1351 3187 1416 quoniam
3223 1353 3346 1408 talia
3387 1357 3539 1411 olera
3575 1336 3795 1428 parabat

2230 1426 2472 1493 plantare
2518 1430 2571 1485 ill
2607 1437 2762 1491 vinea
2820 1437 3029 1495 Naboth
3076 1440 3414 1501 Jezrahelita:
3449 1449 3519 1512 “,
3573 1426 3794 1522 propter

2226 1523 2367 1590 quod
2396 1523 2711 1584 Nabutheus
2755 1532 2924 1602 magis
2957 1537 3094 1589 mori
3137 1536 3320 1606 elegit,
3363 1554 3527 1609 quam
3566 1546 3791 1612 permit-

2229 1623 2341 1668 tere
2370 1624 2429 1669 ut
2456 1621 2637 1674 excisa
2669 1623 2826 1678 vinea
2855 1624 3146 1682 Israelitica
3192 1629 3340 1684 olera
3386 1633 3783 1702 plantareutur.

2223 1704 2374 1760 Fecit
2404 1722 2534 1775 ergo
2560 1711 2664 1766 hoc
2694 1720 2948 1783 tanquam
2977 1717 3177 1786 justus,
3208 1730 3264 1774 ut
3307 1736 3409 1775 non
3446 1727 3788 1792 permitteret

2221 1796 2394 1850 excidi
2440 1799 2651 1855 vineam
2682 1802 2925 1872 justitiae,
2970 1808 3127 1877 cujus
3158 1809 3362 1867 fruetus
3405 1813 3649 1868 lielilicat
3694 1833 3786 1871 cor

2221 1886 2485 1952 hominis,
2532 1905 2653 1945 cum
2702 1896 2755 1947 in
2806 1896 3083 1966 sapientia:
3135 1911 3346 1957 cratere
3404 1905 3685 1973 miscetur,
3732 1922 3786 1963 et

2218 1979 2446 2047 plantari
2475 1983 2624 2038 olera
2671 1986 2990 2057 iniquitatis,
3043 1992 3296 2048 velociter
3339 1997 3653 2065 viridantia,
3689 2004 3782 2055 sed

2217 2072 2455 2128 velocius
2486 2079 2813 2134 arescentia.
2862 2081 2998 2138 Puto
3028 2101 3158 2157 ergo
3188 2089 3331 2156 quod
3379 2092 3544 2145 etiam
3589 2094 3643 2147 in
3678 2110 3772 2147 no-

2214 2170 2344 2220 Sll‘is
2393 2167 2647 2224 cordibus
2686 2174 2777 2242 qui
2814 2176 3084 2232 credimus
3135 2178 3423 2246 Salvatori,
3474 2186 3549 2239 sit
3598 2185 3775 2257 aliqua

2212 2256 2366 2311 vinea
2414 2259 2678 2329 plantata,
2725 2265 2863 2320 sicut
2900 2269 3137 2323 dixit":
3181 2269 3343 2327 Vinea
3387 2276 3534 2343 facta
3566 2288 3642 2331 est

2211 2346 2339 2400 lecto
2370 2350 2427 2403 in
2454 2367 2636 2420 cornu,
2666 2354 2722 2408 in
2752 2357 2865 2409 loco
2895 2359 3059 2414 uberi.
3108 2360 3215 2416 Sed
3244 2372 3298 2417 et
3324 2365 3388 2418 ad
3423 2365 3543 2420 illus
3573 2369 3769 2423 dictum

2209 2449 2291 2492 est
2320 2442 2515 2508 quibus
2555 2459 2733 2500 sermo
2784 2446 2874 2502 Dei
2914 2449 3088 2504 factus
3133 2462 3215 2506 est
3261 2454 3490 2522 primum
3525 2457 3593 2523 ⁸³,
3642 2463 3768 2529 quia

2204 2528 2316 2602 Ego
2346 2531 2577 2620 plantaci
2620 2547 2668 2591 te
2722 2538 2923 2594 vineam
2975 2550 3139 2596 totam
3189 2542 3433 2609 feracem.
3485 2548 3579 2604 Est
3641 2566 3769 2624 ergo

2205 2623 2361 2677 nobis
2387 2605 2540 2679 vinea
2572 2629 2813 2695 quaedam
2844 2646 2911 2686 ex
2955 2648 3059 2702 qua
3092 2635 3326 2693 fructum
3372 2641 3638 2708 scientiae,
3673 2646 3765 2714 qui

2203 2715 2439 2772 laetiﬁcat
2481 2735 2576 2774 cor
2628 2723 2875 2791 hominis,
2926 2743 3021 2797 per
3067 2730 3264 2786 donum
3316 2736 3597 2803 sapientiae
3643 2751 3765 2805 pre-

2202 2804 2399 2862 mimus
2446 2809 2502 2863 in
2555 2813 2915 2870 torcularibus
2965 2815 3392 2890 Scripturarum,
3423 2838 3544 2877 cum
3580 2804 3763 2895 perfe-

2199 2895 2338 2951 ctius
2370 2908 2427 2952 et
2473 2898 2632 2957 latius
2685 2904 2863 2959 divina
2918 2910 3050 2977 legis
3107 2912 3363 2981 mysteria
3419 2927 3756 2971 contuemnr.

535 3000 704 3053 omnis
752 2998 919 3069 gloria
964 3005 1078 3068 ejus
1122 3010 1177 3054 αι
1222 3003 1324 3071 μοι
1365 3001 1494 3071 feni.
1551 3004 1779 3063 Eum“
1829 3011 2006 3081 fenum
2044 3007 2166 3069 ac
2201 2988 2305 3044 Sed
2341 2992 2749 3060 proﬁcientibus
2801 3000 2956 3055 nobis
3008 3002 3060 3057 in
3111 3006 3324 3068 studiis,
3374 3017 3430 3061 et
3463 3004 3756 3065 Israelitico

535 3094 634 3161 ﬂos
663 3091 776 3160 ejus
805 3092 1001 3146 decidit
1035 3093 1101 3147 ³⁷.
1136 3093 1239 3161 Qui
1267 3105 1447 3151 autem
1489 3113 1594 3153 non
1628 3100 1804 3172 diligit
1846 3103 2096 3163 ﬂosculos

533 3184 734 3249 carnis,
765 3188 963 3253 {neque
1013 3186 1313 3244 carnaliter
1354 3190 1507 3257 vivit,
1545 3193 1641 3248 sed
1669 3195 1843 3266 diligit
1872 3202 2092 3256 verbum

531 3274 651 3339 Dei,
683 3285 739 3330 et
762 3276 817 3330 ill
847 3276 966 3346 ipso
993 3278 1233 3346 proﬁcit,
1266 3280 1391 3336 audi
1415 3283 1547 3351 quid
1572 3294 1755 3354 speret
1784 3305 1799 3342 :
1844 3287 2090 3359 Verbum,

531 3367 706 3436 inquit
738 3366 806 3434 ³⁸,
846 3366 1061 3424 Domini
1097 3380 1276 3426 manet
1321 3372 1378 3425 in
1421 3383 1695 3431 azternum.
1739 3377 1845 3434 Sed
1896 3391 1950 3437 et
1989 3383 2091 3439 hoc

529 3461 705 3530 ipsum
752 3463 896 3532 quod
939 3463 1037 3528 ait,
1077 3464 1207 3533 quia
1259 3468 1396 3520 sicut
1437 3467 1613 3536 fenum
1654 3470 1759 3525 cito
1822 3488 2085 3546 arescent,

528 3553 888 3624 malignantes
914 3555 1145 3621 scilicet,
1172 3572 1280 3612 non
1306 3558 1546 3615 arbitror
1561 3562 1792 3618 otiosum
1820 3581 1920 3621 cur
1962 3568 2088 3624 feno

524 3659 618 3698 eos
653 3647 1073 3715 comparaverit,
1128 3663 1249 3702 cum
1293 3647 1480 3719 utique
1516 3663 1571 3706 et
1612 3653 1715 3708 alia
1749 3658 1919 3724 possit
1964 3675 2087 3716 esse

525 3737 774 3803 materia,
804 3737 890 3792 cui
920 3748 1302 3809 comparentur
1325 3739 1382 3793 hi
1412 3743 1504 3810 qui
1533 3745 1801 3802 malitiose
1828 3762 2082 3818 egerunt.

521 3827 730 3882 Fenum
781 3839 1056 3884 mutorum
1089 3838 1145 3884 et
1176 3830 1633 3888 irrationabilium
1657 3837 1970 3894 animalium
1998 3844 2081 3897 ci-

522 3920 626 3975 bus
652 3930 755 3975 est.
784 3920 1056 3978 Fortassis
1098 3936 1228 3994 ergo
1262 3939 1361 3992 pro
1387 3941 1452 3981 eo
1485 3928 1626 3995 quod
1671 3943 1860 3986 omnes
1902 3936 2075 4001 stulti,

519 4024 573 4069 et
600 4014 851 4085 imperiti,
897 4024 952 4070 et
996 4017 1090 4084 qui
1139 4027 1331 4072 contra
1367 4019 1639 4077 rationem
1666 4032 1721 4079 et
1746 4027 2074 4095 sapientiam

521 4106 612 4160 Dei
665 4107 874 4171 vivunt,
928 4117 1231 4176 sequuntur
1279 4123 1374 4164 eos
1423 4112 1514 4180 qui
1563 4114 1615 4167 ill
1664 4115 1873 4172 malitia
1922 4120 2072 4188 prin—

516 4198 666 4266 cipes
693 4206 838 4263 sunt,
871 4207 926 4251 et
952 4211 1016 4251 ex
1046 4196 1260 4252 illorum
1299 4201 1406 4254 vita
1440 4202 1522 4256 vel
1550 4206 1761 4261 actibus
1805 4211 1948 4265 vesci
1988 4212 2069 4265 di-

514 4298 730 4354 cuntur,
763 4290 958 4358 quibus
988 4297 1041 4343 et
1069 4290 1345 4357 obediunt,
1383 4294 1588 4350 idcirco
1617 4311 1712 4352 eos
1745 4297 1871 4353 feno
1921 4315 2069 4357 com-

513 4380 746 4451 paravit.
773 4379 942 4433 Nemo
980 4379 1124 4435 enim
1163 4383 1403 4451 prudens
1445 4384 1510 4439 ab
1552 4386 1657 4442 illis
1695 4390 1859 4445 sumit
1885 4406 2069 4448 exem-

508 4471 848 4541 plum.Nam,
867 4472 1101 4527 sicutvir
1121 4473 1354 4541 prudens
1368 4476 1458 4545 qui
1490 4478 1825 4535 auditverba
1855 4482 2066 4542 Domini

507 4574 563 4618 et
609 4564 740 4619 facit
778 4580 864 4631 ea,
914 4565 1015 4619 iste
1060 4575 1145 4620 est
1189 4569 1280 4636 qui
1328 4571 1620 4625 manducat
1664 4587 1858 4640 panem
1913 4575 2062 4633 illum

503 4654 664 4727 657
688 4656 781 4726 qui
823 4658 890 4712 de
919 4657 1055 4713 coelo
1084 4657 1380 4727 descendit,
1411 4669 1466 4717 et
1493 4661 1651 4719 Jesus
1687 4673 1771 4720 est
1802 4666 1955 4724 cibus
1988 4670 2061 4736 ei,

503 4762 602 4815 pro
642 4762 708 4802 eo
740 4749 884 4816 quod
927 4763 994 4803 ex
1037 4749 1216 4805 verbis
1263 4751 1379 4821 ejus
1427 4755 1686 4822 pascitur,
1716 4765 1774 4812 et
1819 4759 1873 4813 in
1913 4775 2064 4814 man-

501 4839 641 4895 datis
675 4839 791 4908 ejus
820 4841 980 4897 vivit:
1023 4840 1273 4897 similiter
1299 4851 1354 4898 et
1379 4844 1434 4898 hi
1474 4845 1568 4914 qui
1603 4846 1658 4901 in
1690 4848 1894 4906 malitia
1934 4853 2064 4907 emi-

502 4942 711 4999 nentes,
740 4933 880 4988 sicut
910 4933 1089 4988 fenum
1134 4933 1439 4991 efﬁciuntur
1482 4937 1549 4993 iis
1578 4938 1672 5007 qui
1717 4940 1823 4996 sibi
1851 4944 2061 4999 obtem-

500 5033 708 5095 perant,
732 5025 815 5080 vel
858 5025 1253 5081 aemulationem
1282 5027 1366 5083 sui
1400 5029 1467 5083 ad
1503 5030 1798 5098 nequitiam
1841 5046 2055 5103 gerunt.

498 5114 708 5170 Similia
756 5123 935 5169 autem
965 5117 1128 5171 etiam
1161 5116 1231 5171 de
1261 5116 1502 5173 oleribus
1531 5118 1826 5175 herbarum
1861 5124 2058 5179 intelli-

496 5208 667 5275 genda
704 5216 848 5273 sunt,
876 5207 1071 5276 quibus
1096 5220 1478 5278 comparantur
1508 5211 1560 5265 hi
1593 5212 1681 5280 qui
1719 5212 1922 5269 faciunt
1953 5218 2056 5273 illi-

496 5296 753 5361 quitatem
801 5312 898 5367 pro
942 5312 1007 5352 eo
1050 5300 1191 5366 quod
1230 5299 1491 5356 velociter
1537 5311 1835 5359 transeant.
1890 5304 2051 5362 Inve-

493 5388 672 5442 nimus
702 5399 878 5443 tamen
912 5389 967 5444 in
998 5387 1290 5459 Scripturis
1319 5391 1515 5447 divinis
1545 5394 1814 5449 interdum
1843 5407 1899 5451 et
1934 5399 2049 5453 lau-

597 5528 643 5561 ⁸⁸
678 5529 818 5583 Psal.
864 5546 1049 5594 xxxv-1,
1082 5531 1132 5585 2.
1211 5532 1256 5564 ³⁸
1304 5530 1432 5587 {sai.
1476 5550 1561 5594 η.
1610 5534 1663 5593 6.
1744 5537 1788 5570 ³⁷
1817 5539 1948 5598 ibid.
1976 5542 2028 5596 7.

518 5612 633 5653 ut.
702 5600 755 5673 ξ’
785 5598 886 5654 lsa.
919 5616 971 5667 ν,
998 5602 1051 5655 1.
1126 5602 1170 5633 ⁸³
1209 5601 1407 5659 Jerem.
1439 5620 1511 5673 ll,
1549 5604 1639 5661 21.

477 5681 671 5745 Διιλιιιτι,
701 5668 751 5723 5.

2109 5544 2153 5576 ³⁸
2181 5546 2311 5603 ibid.
2338 5550 2391 5604 8.

1717 5607 1762 5641 “
1801 5609 1918 5665 Gal.
1972 5628 2067 5681 tu,
2098 5615 2150 5670 5.
2198 5618 2274 5668 .“

2196 3082 2353 3138 oculo
2410 3085 2477 3139 ad
2538 3091 2755 3144 oculum
2821 3093 3115 3161 spiritalem
3184 3099 3552 3162 tendentibus,
3611 3105 3756 3158 venit

2192 3174 2381 3231 Achab
2427 3177 2646 3249 iniquus
2692 3191 2746 3237 et
2792 3183 3009 3253 impius,
3052 3187 3238 3242 Achab
3291 3190 3541 3246 inimicus
3587 3194 3756 3249 vinea:

2193 3275 2414 3333 nostra),
2453 3279 2509 3323 et
2549 3271 2831 3328 adversum
2867 3277 3069 3345 Optima
3116 3280 3289 3335 studia
3324 3281 3436 3338 haec
3480 3285 3755 3354 sapientia:

2192 3358 2451 3414 invidiam
2490 3363 2751 3430 concitat,
2811 3368 3095 3425 tumultum
3140 3385 3468 3439 commovet,
3514 3376 3670 3431 dolos
3699 3388 3753 3432 et

2190 3444 2458 3503 factiones
2488 3465 2584 3521 per
2614 3451 2850 3521 Iezabel,
2899 3459 3000 3515 hoc
3050 3470 3167 3527 est,
3210 3479 3307 3533 per
3354 3468 3625 3523 carnalem
3663 3484 3750 3524 sa-

2187 3539 2444 3608 pientiam
2478 3543 2718 3611 instruit,
2747 3557 2803 3602 et
2840 3550 2953 3604 vult
2985 3554 3162 3608 excidi
3195 3557 3407 3611 vineam
3456 3560 3615 3615 istam
3648 3565 3753 3632 spi-

2187 3631 2361 3687 ritalis
2402 3634 2796 3705 intelligentiae,
2842 3650 2897 3695 ei
2944 3643 3181 3713 plantari
3230 3649 3401 3716 olera,
3446 3652 3499 3706 id
3532 3661 3652 3719 est,
3680 3631 3750 3707 ίυι

2184 3738 2305 3793 qua:
2348 3723 2592 3794 legimus,
2625 3729 2914 3784 carnaliter
2968 3733 3370 3806 intelligamus:
3408 3741 3550 3796 sicut
3597 3742 3748 3797 olera

2182 3818 2323 3869 enim
2349 3818 2524 3873 omnis
2551 3821 2721 3889 gratia
2752 3824 2932 3879 carnis
2962 3837 3068 3892 est,
3096 3838 3157 3882 ut
3193 3830 3475 3900 impleatur
3501 3835 3555 3889 in
3589 3838 3744 3897 nobis

2180 3906 2307 3960 illud
2338 3911 2480 3977 quod
2522 3910 2700 3980 culpat
2741 3915 3030 3982 Apostolus
3062 3919 3248 3976 dicens
3290 3926 3356 3977 ad
3399 3925 3690 3983 Galatas“
3722 3952 3739 3987 :

2178 3996 2272 4052 Sic
2317 4000 2567 4056 insensati
2595 4006 2738 4071 estis,
2788 4014 2844 4058 ut
2890 4024 3007 4060 cum
3052 4012 3239 4077 spiritu
3287 4018 3569 4085 caeperitis,
3602 4038 3742 4078 nunc

2176 4105 2332 4144 carne
2376 4093 2771 4161 perﬁciamini?
2820 4096 2971 4164 Quod
3003 4112 3184 4155 autem
3236 4104 3289 4157 in
3331 4107 3514 4163 anima
3553 4125 3739 4169 sancta

2175 4182 2284 4237 sint
2315 4186 2502 4255 vinem,
2536 4197 2591 4242 et
2617 4191 2732 4258 agri
2770 4206 2798 4243 a
2831 4189 3059 4247 Domino
3084 4195 3373 4265 benedicti,
3404 4203 3530 4256 audi
3576 4205 3736 4259 etiam

2174 4273 2327 4331 Isaac
2356 4277 2421 4330 ad
2453 4277 2620 4332 (ilium
2648 4294 2803 4334 suum
2835 4281 3003 4337 Jacob
3031 4284 3298 4340 dicentem
3326 4288 3371 4320 "
3398 4307 3412 4343 :
3444 4291 3582 4347 Ecce
3609 4300 3739 4349 odor

2172 4363 2271 4429 ﬁlii
2306 4368 2407 4418 mei
2447 4367 2578 4420 sicut
2618 4369 2749 4422 odor
2796 4372 2912 4439 agri
2953 4373 3113 4441 pleni,
3142 4391 3292 4443 quem
3323 4379 3585 4437 benedixit
3629 4385 3736 4439 Do-

2173 4458 2368 4514 minus.
2395 4458 2586 4514 Melius
2614 4475 2742 4529 ergo
2766 4474 2851 4518 est
2880 4466 3093 4521 vineam
3126 4484 3223 4523 nos
3260 4471 3440 4527 colere
3471 4477 3522 4528 in
3553 4479 3733 4533 anima

2172 4559 2455 4629 nostra,_et
2492 4556 2733 4608 torcular
2770 4556 2953 4611 fodere
2987 4557 3410 4631 Scripturarum,
3451 4575 3507 4619 et
3549 4569 3734 4623 vinde-

2171 4645 2338 4700 miare
2368 4626 2570 4714 botros,
2600 4655 2654 4702 et
2685 4663 2933 4718 premere
2961 4652 3139 4707 vinum
3176 4655 3241 4709 de
3267 4654 3423 4712 vinea
3456 4657 3644 4725 Sorec,
3678 4671 3735 4716 ut

2169 4746 2225 4791 ct
2248 4753 2346 4792 nos
2378 4738 2620 4794 dicamus
2647 4741 2715 4795 ad
2745 4741 3030 4797 Dominum
3056 4744 3122 4811 “,
3149 4748 3275 4817 quia
3293 4744 3553 4807 Paculam
3576 4763 3727 4809 tuum

2169 4828 2431 4883 inebrians
2465 4847 2622 4901 quam
2660 4835 2973 4902 praeclarum
3008 4837 3137 4891 est."

2234 4921 2287 4974 5.
2326 4920 2682 4992 Posteaquam
2718 4925 2854 4978 dixit
2905 4927 3049 4984 sicut
3093 4929 3243 4986 olera
3290 4932 3582 4989 herbarum
3615 4938 3732 4993 cito

2166 5012 2414 5068 decidere
2444 5015 2706 5071 facientes
2748 5017 3111 5089 iniquitatem,
3142 5032 3197 5077 et
3243 5025 3524 5093 prohibuit
3563 5044 3735 5083 azmu-

2165 5104 2261 5159 lari
2294 5107 2432 5160 inter
2463 5108 2841 5180 malignantes,
2879 5121 2935 5167 et
2971 5114 3172 5169 imitari
3219 5115 3484 5174 facientes
3529 5121 3735 5191 iniqui-

2166 5203 2371 5250 tatem:
2409 5205 2539 5254 tunc
2582 5199 2711 5254 dicit
2753 5201 2883 5269 quid
2933 5202 3114 5260 facere
3162 5206 3473 5265 debeamus.
3525 5211 3727 5281 Spera,

2160 5286 2335 5359 inquit
2357 5290 2423 5355 ⁸⁷,
2451 5292 2507 5345 in
2545 5291 2767 5347 Domino
2798 5333 2814 5359 ,
2844 5305 2894 5349 et
2927 5295 3012 5364 [ac
3053 5299 3351 5353 bonitatem.
3389 5301 3731 5374 Contemptis

2157 5381 2370 5439 scilicet
2411 5382 2518 5440 illis
2560 5385 2812 5441 omnibus
2857 5403 2975 5457 qua:
3021 5390 3266 5458 superius
3312 5391 3527 5459 culpata
3577 5406 3726 5461 sunt,

2493 5549 2537 5582 ³³
2573 5548 2686 5606 Jos.
2717 5566 2837 5629 xlii.
2913 5550 2957 5629 ff
2997 5551 3165 5629 Exod.
3210 5569 3318 5608 xlv.
3363 5554 3439 5629 __“
3482 5556 3547 5609 In
3584 5558 3723 5629 Reg.

2384 5620 2519 5675 Gen.
2544 5636 2692 5676 nvll
2747 5621 2835 5674 27.
2911 5623 2957 5654 ⁸⁸
2995 5622 3135 5677 Psal.
3178 5638 3320 5691 xxii,
3357 5624 3413 5681 5.
3493 5629 3540 5662 ατ
3577 5620 3719 5683 Ρδειῖ.
