4020 6152
476 221 614 275 1527

1846 211 1934 268 EX
1973 210 2270 267 ORIGENE

3596 222 3715 279 1528

470 337 717 393 Lazarus
764 348 1001 404 pauper;
1042 333 1093 385 in
1127 332 1337 387 deliciis
1388 330 1754 400 corporalibus
1789 337 1908 385 erat
1954 328 2039 383 dio
2069 333 2117 386 A
2144 328 2275 396 agit,
2316 327 2427 383 odit
2462 328 2654 390 lucem,
2690 337 2734 380 et
2787 345 2888 381 non
2935 330 3070 382 venit
3103 331 3170 383 ad
3203 331 3371 386 lucem
3406 342 3487 385 uti
3531 348 3598 386 ne
3632 350 3713 387 ar-

474 445 592 494 ves,
627 428 866 482 Lazarus
913 425 1304 480 conﬁciebatur
1355 424 1552 477 inedia.
1599 423 1842 478 Excessit
1887 430 2037 476 uter-

471 536 578 591 que
605 520 671 575 de
697 517 916 582 seculo,
945 525 1001 571 et
1032 515 1273 569 Lazarus
1315 515 1530 583 quidem
1577 516 1642 569 ab
1671 514 1876 582 angelis
1909 513 2037 568 sub-

470 614 611 668 latus
641 621 726 667 est
771 611 825 666 in
871 610 1048 664 sinum
1084 608 1334 672 Abrahae,
1369 617 1427 661 ut
1469 606 1542 660 ibi
1591 607 1643 660 iu
1675 606 1888 662 deliciis
1944 622 2033 659 re-

468 705 804 774 quiesceret;
848 701 937 755 ille
966 707 1143 754 autem
1179 701 1270 767 qui
1318 698 1372 751 in
1423 698 1633 754 deliciis
1685 698 1863 752 fuerat
1908 713 2033 752 cor-

466 796 766 866 poralibus,
800 794 932 849 abiit
963 794 1015 847 iu
1040 792 1359 862 gehennam
1392 792 1551 867 ignis,
1583 792 1727 846 sicut
1766 793 1819 846 in
1856 791 2035 845 Evan-

466 886 605 953 gelio
627 895 731 950 est,
759 896 814 939 et
841 885 991 939 audit
1016 883 1084 938 ab
1105 883 1377 939 Abraham
1396 882 1464 950 ⁸ο,
1487 883 1613 954 quia
1645 894 1700 937 tu
1729 893 2034 938 consecutus

466 996 519 1033 es
551 979 686 1033 bona
717 979 771 1032 in
810 978 918 1032 vita
960 987 1074 1041 tua,
1108 975 1209 1029 hoc
1256 988 1339 1030 est
1382 977 1593 1031 deliciis
1638 975 1840 1031 abusus
1865 991 1943 1037 es.
1985 986 2033 1029 et

469 1071 707 1125 Lazarus
740 1071 882 1124 mata
911 1086 929 1124 :
961 1086 1096 1123 nunc
1130 1078 1306 1122 autem
1352 1069 1436 1122 hic
1486 1068 1782 1139 requiescit,
1813 1077 1869 1122 tu
1912 1085 2032 1122 vero

468 1164 746 1218 cruciaris.
798 1161 965 1217 Nemo
1006 1171 1201 1231 potest,
1235 1171 1290 1216 et
1328 1163 1382 1214 in
1414 1174 1600 1225 carne,
1629 1169 1686 1214 et
1737 1161 1789 1213 in
1839 1161 2029 1230 spiritu

466 1255 671 1312 habere
717 1254 963 1309 delicias.
1011 1253 1117 1308 Sed
1162 1255 1208 1308 si
1258 1252 1382 1322 quis
1431 1253 1483 1305 in
1524 1265 1689 1307 carne
1730 1251 2029 1316 deliciatur,

465 1348 608 1402 sicut
639 1345 729 1400 ille
756 1345 928 1410 dives,
955 1344 1161 1399 carebit
1186 1344 1392 1414 gremio
1420 1343 1693 1398 Abraham
1719 1352 1778 1398 et
1802 1344 2028 1398 deliciis.

465 1439 567 1506 Qui
611 1453 745 1493 vero
796 1437 849 1492 in
887 1437 1139 1506 praesenti
1177 1436 1373 1492 saeculo
1409 1451 1548 1505 pane
1595 1434 1899 1490 aillictionis
1935 1450 2029 1489 ve-

465 1531 659 1594 scitur,
692 1530 834 1584 sicut
865 1540 918 1584 ct
949 1529 1040 1584 ille
1084 1541 1310 1599 pauper,
1354 1542 1477 1581 cum
1527 1526 1652 1581 hinc
1682 1527 2026 1591 abscesserit,

466 1624 519 1675 in
557 1622 768 1677 deliciis
796 1621 919 1676 erit.
957 1619 1221 1675 Deliciare
1252 1634 1388 1688 ergo
1417 1620 1472 1673 in
1519 1619 1760 1683 Domino,
1795 1628 1842 1672 et
1885 1619 2027 1672 dabit

2145 430 2378 487 guantur
2405 437 2564 491 opera
2591 421 2726 490 ejus.
2764 419 2869 485 Qui
2897 432 3074 475 autem
3108 423 3237 490 facit
3257 427 3572 493 ueritatem,
3596 431 3719 482 venit

2144 515 2213 566 ad
2247 514 2493 567 lucem“.
2542 513 2805 579 Quoniam
2859 528 2989 583 ergo
3035 516 3125 582 qui
3150 516 3292 572 male
3319 518 3471 587 agit,
3503 518 3621 573 odit
3645 519 3721 575 lu-

2145 618 2284 668 cem,
2313 614 2371 660 et
2402 615 2665 675 quantum
2701 606 2754 659 in
2788 604 2907 673 ipso
2950 607 3236 662 occultans
3264 610 3412 663 mala
3447 625 3581 680 qua:
3602 612 3720 680 agit,

2143 706 2198 749 et
2230 696 2428 751 timens
2454 711 2524 752 ne
2546 708 2823 765 arguatur,
2848 701 2993 755 velat
3019 709 3074 754 et
3105 702 3337 770 contegit
3366 702 3533 756 viam
3552 718 3721 767 suam,

2142 798 2195 843 et
2243 799 2500 858 tanquam
2548 790 2854 846 velamento
2901 793 3137 862 quodam
3171 796 3345 863 operit
3374 805 3556 849 actus
3583 810 3720 849 suos.

2147 880 2303 935 Verbi
2335 882 2597 950 gratia,si
2630 883 2751 949 quis
2777 895 3041 950 vestrum,
3076 884 3204 942 licet
3238 901 3341 941 non
3370 897 3576 955 optem
3610 901 3722 941 esse

2143 973 2197 1025 in
2233 971 2336 1025 hoc
2363 979 2629 1025 conventu
2664 972 2828 1027 talem
2855 973 3111 1043 aliquem,
3138 984 3322 1030 tamen
3346 977 3396 1031 si
3431 977 3569 1045 quis
3591 978 3721 1031 inter

2142 1078 2258 1127 vos,
2275 1063 2389 1117 sive
2403 1063 2839 1127 catechumenos,
2854 1064 2966 1118 sive
2981 1064 3146 1119 etiam
3161 1082 3296 1120 unus
3310 1066 3530 1134 aliquis
3543 1082 3608 1120 ex
3625 1068 3724 1136 plu-

2142 1158 2290 1213 ribus
2307 1156 2546 1213 ﬁdelium
2574 1156 2828 1212 conscius
2852 1158 2952 1213 sibi
2972 1169 3057 1213 est
3073 1160 3213 1229 quod
3237 1160 3558 1216 fornicatus
3572 1164 3662 1227 sit,
3678 1175 3723 1215 et

2140 1251 2280 1307 celat
2295 1250 2573 1313 delictum,
2589 1250 2830 1318 nunquid
2845 1265 2950 1304 non
2969 1251 3060 1305 tibi
3076 1251 3286 1307 videtur
3298 1254 3409 1309 iste
3420 1254 3723 1318 occultare,

2138 1353 2192 1398 et
2219 1344 2432 1413 operire
2456 1347 2595 1400 viam
2618 1360 2771 1400 suam
2792 1358 2954 1411 quam
2986 1343 3222 1398 incedit?
3249 1345 3349 1412 Qui
3368 1359 3569 1401 autem
3585 1360 3724 1402 caste

2138 1438 2266 1508 agit,
2282 1448 2338 1493 et
2351 1440 2572 1495 conﬁdit
2585 1442 2650 1495 de
2660 1437 2891 1510 puritate
2907 1439 3029 1492 vitae
3039 1453 3170 1505 sum,
3190 1454 3293 1494 non
3308 1440 3430 1495 vult
3442 1421 3722 1511 cooperire

2136 1530 2277 1583 viam
2295 1546 2464 1597 suam,
2483 1533 2574 1589 sed
2593 1533 2837 1588 vulteam
2856 1530 3193 1586 manifestam
3210 1547 3349 1599 esse,
3364 1534 3719 1590 manifestam

2137 1619 2258 1675 dico
2270 1635 2373 1674 non
2389 1621 2791 1687 bominibus,ne
2806 1620 2940 1676 forte
2954 1621 3215 1691 percipiat
3229 1622 3551 1677 mercedem
3571 1638 3718 1677 suam

464 1713 559 1766 tibi
596 1714 902 1782 petitionem
944 1713 1116 1766 cordis
1174 1714 1273 1765 tui.
1311 1713 1462 1777 Quod
1508 1710 1553 1765 si
1602 1711 1779 1765 adhuc
1816 1711 2028 1779 plenius
2059 1697 2100 1752 Β
2129 1710 2196 1765 ab
2221 1711 2548 1777 hominibus,
2576 1712 2672 1767 sed
2726 1712 2837 1766 Deo
2867 1710 3200 1766 manifestat.
3232 1710 3542 1779 Propterea
3593 1726 3716 1782 ergo

464 1805 664 1859 intueri
716 1804 798 1858 vis
851 1804 1124 1872 quomodo
1159 1801 1285 1872 quis
1332 1801 1617 1857 delieietur
1666 1800 1718 1855 in
1763 1800 2024 1862 Domino.

464 1896 710 1964 perspice
732 1897 875 1963 quod
902 1893 1163 1947 Dominus
1190 1893 1395 1947 veritas
1417 1900 1521 1955 est,
1541 1899 1595 1945 et
1629 1891 1893 1960 sapientia
1920 1902 2025 1954 est,

461 1995 518 2042 et
541 1986 748 2058 justitia
774 1994 884 2051 est,
933 1995 987 2041 et
1022 1984 1385 2040 sanctiﬁcatio
1428 1992 1533 2039 est.
1568 1982 1624 2036 Si
1675 1996 1806 2052 ergo
1855 1983 2027 2037 abun-

462 2078 675 2135 daveris
702 2079 755 2133 in
802 2076 1006 2134 divitiis
1037 2074 1301 2141 veritatis,
1334 2074 1378 2128 si
1429 2074 1793 2130 abundaveris
1839 2075 1893 2129 in
1944 2075 2026 2127 in-

463 2168 684 2228 tellectu
734 2167 1048 2239 sapientiae,
1088 2166 1133 2221 si
1187 2164 1438 2233 copiosus
1494 2163 1660 2219 fueris
1700 2164 1753 2217 in
1814 2164 2025 2218 actibus

455 2260 706 2332 iustitiae,
735 2270 861 2315 tunc
889 2259 1046 2328 plene
1071 2269 1127 2313 et
1155 2258 1365 2328 integre
1389 2255 1665 2310 deliciaris
1688 2255 1745 2309 in
1773 2254 2021 2309 Domino.

459 2350 590 2417 Qua:
619 2352 805 2419 utique
858 2364 980 2405 eum
1031 2348 1361 2419 expleveris,
1400 2354 1527 2400 tunc
1568 2347 1733 2400 etiam
1779 2345 1832 2399 id
1880 2347 2022 2415 quod

459 2443 812 2510 consequitur
857 2439 1197 2509 adipisceris.
1242 2436 1407 2492 Dabit
1439 2438 1581 2493 enim
1629 2437 1721 2491 tibi
1761 2436 2023 2492 Dominus

457 2533 734 2603 petitiones
762 2532 937 2587 cordis
979 2533 1078 2586 tui.
1109 2531 1429 2587 Necessario
1471 2537 1651 2584 tamen
1690 2528 1899 2585 addidit
1935 2546 2022 2600 pe-

459 2626 670 2679 titiones
697 2625 876 2679 cordis
905 2625 1006 2691 tui,
1037 2638 1160 2681 eum
1189 2622 1453 2692 potuisset
1490 2622 1679 2691 utique
1706 2621 1892 2678 dicere
1932 2636 2023 2690 pe-

458 2722 680 2777 titiones
726 2732 868 2778 tuas.
920 2722 998 2777 lta
1052 2731 1230 2776 autem
1281 2721 1495 2776 facilius
1529 2720 1758 2792 intelligi
1818 2731 2018 2792 potest.

456 2812 609 2879 Quod
644 2812 690 2868 si
725 2812 1061 2882 singulorum
1106 2812 1470 2866 membrorum
1506 2811 1727 2880 propria
1772 2812 2021 2881 quaedam

454 2918 690 2973 persona
739 2906 994 2972 tingatur,
1043 2902 1195 2956 verbi
1231 2916 1419 2966 causa,
1452 2901 1496 2955 si
1544 2901 1740 2956 oculus
1792 2901 2021 2956 haberet

2126 1801 2540 1868 dicitur,Reoela
2561 1804 2629 1857 ad
2653 1803 2935 1858 Dominum
2962 1804 3101 1857 viam
3124 1813 3288 1856 tuam.
3315 1801 3426 1857 Sed
3451 1812 3511 1857 et
3535 1803 3582 1856 si
3610 1818 3717 1855 mae

2127 1892 2304 1949 lorum
2334 1894 2428 1949 tibi
2446 1894 2698 1950 conscius
2721 1893 3030 1964 aliquorum
3061 1894 3251 1960 fueris,
3275 1893 3386 1948 noli
3408 1892 3710 1957 occultam,

2126 1989 2219 2043 sed
2248 2000 2344 2057 per
2371 1986 2815 2057 exomologesim,
2847 1987 2897 2041 id
2926 1997 3012 2041 est
3057 1985 3502 2049 confessionem,
3536 1986 3710 2040 revela

2126 2096 2191 2135 ea
2222 2078 2474 2143 Domino,
2508 2088 2563 2132 et
2589 2093 2744 2148 spera
2777 2078 2829 2131 in
2854 2094 2999 2145 eum,
3023 2087 3078 2133 et
3103 2080 3217 2147 ipse
3240 2079 3424 2133 faciet.
3460 2078 3580 2132 Hoc
3606 2087 3705 2141 est,

2126 2186 2252 2226 cum
2281 2170 2563 2226 confessus
2599 2169 2788 2235 fueris,
2820 2178 2874 2225 et
2907 2170 3234 2225 revelaveris
3265 2170 3313 2224 ei
3348 2169 3556 2225 delicta
3598 2179 3703 2232 tua,

2088 2308 2105 2325 .
2125 2278 2279 2334 spera
2298 2264 2351 2318 in
2377 2278 2502 2317 eum
2521 2263 2663 2332 quod
2680 2262 2860 2331 possis
2887 2263 2956 2315 ab
2980 2276 3046 2317 eo
3066 2264 3277 2318 veniam
3304 2261 3631 2332 promereri.
3658 2269 3703 2315 ετ

2127 2357 2238 2424 ipse
2263 2355 2446 2410 faciet.
2482 2353 2621 2421 Quid
2647 2353 2847 2409 faciet?
2880 2353 3011 2408 Sine
3036 2352 3202 2409 dubio
3224 2369 3418 2409 sanum
3450 2353 3698 2409 tefaeiet.

2126 2447 2279 2503 Dicet
2299 2447 2394 2504 tibi
2417 2447 2495 2497 ⁶³ε
2525 2446 2660 2501 Ecce
2666 2447 2784 2515 jam
2805 2462 2967 2501 sanus
2988 2447 3161 2516 [actus
3177 2462 3253 2513 es,
3275 2445 3418 2499 ultra
3452 2446 3566 2502 noti
3584 2461 3697 2515 pec-

2124 2554 2265 2605 care,
2281 2554 2345 2593 ne
2367 2539 2492 2609 quid
2507 2537 2600 2592 tibi
2613 2539 2840 2592 deterius
2855 2539 3141 2608 contingat.
3158 2537 3282 2591 llaec
3297 2536 3493 2603 faciet,
3508 2538 3555 2592 si
3574 2535 3697 2611 deli-

2123 2642 2208 2690 cta
2231 2641 2319 2688 tua
2340 2633 2388 2688 ei
2413 2630 2822 2687 revelaveris.Si
2842 2645 2971 2687 vero
2985 2644 3119 2699 pura
3133 2639 3215 2685 est
3229 2631 3313 2684 via
3337 2640 3455 2693 tua,
3475 2640 3533 2684 et
3553 2644 3692 2683 uiuo.

2123 2727 2189 2780 da
2209 2725 2562 2789 conscientia,
2588 2733 2644 2780 et
2675 2724 2789 2779 haec
2809 2723 2859 2779 ei
2890 2723 3239 2786 revelaveris,
3272 2737 3437 2792 Spera
3475 2724 3530 2776 in
3550 2736 3687 2776 eum.

2190 2813 2247 2868 ϐ.
2287 2813 2427 2881 Quid
2459 2812 2645 2876 faciat,
2676 2826 2743 2868 ex
2772 2811 3234 2881 consequentibus
3268 2812 3417 2866 disce
3442 2811 3528 2862 “:
3560 2810 3683 2864 Pro-

2121 2906 2273 2961 ducct
2315 2906 2449 2960 sicut
2489 2905 2664 2958 lumen
2683 2904 2953 2973 justitiam
2981 2912 3146 2970 tuam,
3175 2915 3224 2957 et
3249 2903 3523 2973 judicium
3548 2913 3683 2956 tum:

453 3010 673 3062 vocem,
703 2995 943 3064 nunquid
992 3009 1097 3049 non
1148 2993 1352 3048 diceret
1392 3011 1408 3048 ε
1438 2994 1566 3048 Ρθιθ
1596 2993 1767 3048 lucem
1787 3035 1802 3060 ,
1833 3004 1893 3047 ιιι
1939 2994 2023 3048 νί-
2048 3036 2092 3094 c
2124 3000 2260 3054 sicut
2287 2999 2580 3053 meridiem.
2609 2995 2779 3051 Tuam
2821 2995 3115 3062 justitiam,
3155 3009 3323 3065 quam
3358 3004 3410 3050 tu
3434 2996 3596 3067 egisti
3634 2996 3679 3047 in

452 3086 607 3139 deam
644 3100 708 3140 ea
747 3099 868 3153 quae
901 3098 986 3137 me
1028 3085 1214 3140 videre
1259 3084 1567 3140 delectant?
1600 3083 1828 3155 Befugio
1871 3085 2017 3139 enim

453 3176 639 3231 videre
697 3176 978 3230 horrorem
1023 3176 1295 3244 aliquem,
1339 3184 1396 3229 et
1454 3189 1615 3230 omne
1674 3178 1817 3245 quod
1879 3192 2018 3231 con»

454 3271 633 3322 turbat
656 3276 710 3323 et
750 3267 1041 3321 contristat
1087 3275 1386 3334 aspectum.
1436 3265 1701 3321 Similiter
1738 3275 1794 3322 et
1832 3269 1879 3323 si
1918 3285 2018 3322 au-

451 3362 598 3416 ditus
633 3358 905 3427 acciperet
929 3373 1137 3423 vocem,
1185 3357 1426 3427 nunquid
1461 3372 1568 3413 non
1610 3359 1862 3416 diceret:
1889 3360 2020 3416 Peto

451 3468 644 3507 sonum
678 3450 955 3507 modulata
988 3460 1105 3506 arte
1133 3452 1515 3521 compositum,
1557 3466 1750 3507 sonum
1787 3452 2022 3508 delecta-

453 3546 635 3608 bilem,
665 3559 917 3614 asperum
945 3558 1076 3598 vero
1118 3553 1173 3598 et
1200 3534 1445 3598 terribile
1479 3543 1681 3615 aliquid
1724 3543 1914 3600 audire
1943 3560 2020 3599 re-

453 3636 640 3707 fugio?
686 3637 763 3691 Ita
811 3636 858 3690 si
907 3636 1087 3708 gustui
1140 3650 1246 3689 vox
1296 3634 1551 3702 daretur,
1600 3646 1657 3691 et
1711 3635 1908 3702 tactui,
1964 3647 2018 3693 et

448 3744 639 3784 omnes
666 3744 859 3785 sensus
896 3728 1067 3783 nostri
1104 3728 1223 3782 sine
1256 3724 1422 3780 dubio
1449 3725 1567 3782 hate
1596 3734 1861 3796 peterent.
1899 3741 2017 3798 quae

448 3837 548 3878 suo
597 3822 780 3877 sensui
832 3821 1209 3876 convenirent.
1241 3818 1325 3873 Ab
1376 3820 1460 3874 his
1508 3834 1639 3889 ergo
1676 3828 2017 3875 transeamus

450 3916 517 3969 ad
546 3930 641 3969 cor
682 3915 734 3967 in
764 3928 873 3982 quo
903 3923 986 3968 est
1023 3927 1196 3977 mens,
1224 3922 1279 3967 et
1320 3913 1637 3982 principalis
1684 3913 2012 3974 intellectus,

448 4016 503 4060 et
537 4006 812 4059 videamus
842 4005 972 4074 quid
1004 4005 1278 4060 desideret
1309 4013 1366 4058 et
1394 4004 1522 4071 quid
1554 4012 1699 4073 petat
1727 4017 1842 4070 cor,
1874 4005 2013 4057 sicut

448 4100 516 4153 de
544 4097 701 4152 oculo
736 4096 819 4152 vel
853 4096 922 4150 de
951 4097 1177 4153 auribus
1205 4095 1525 4164 caeterisque
1554 4095 1804 4155 sensibus
1838 4095 1889 4148 in
1925 4110 2016 4150 su-

447 4187 752 4258 perioribus
820 4187 1332 4242 demonstravimus.
1385 4187 1689 4241 Secundum
1732 4186 1815 4239 sui
1854 4195 2014 4238 uatu-

448 4294 563 4334 ram
610 4294 705 4334 eor
749 4279 871 4333 sine
919 4278 1082 4330 dubio
1142 4278 1554 4348 intelligentiam
1608 4277 1802 4345 poscit.
1860 4277 2014 4331 Sicut

2120 3090 2357 3153 occulto,
2403 3099 2459 3144 et
2512 3089 2762 3144 revelasti
2808 3103 2930 3143 eam
2957 3088 3058 3144 soli
3090 3087 3224 3155 Deo,
3256 3090 3397 3144 hanc
3424 3089 3680 3158 producet

2121 3183 2265 3238 sicut
2304 3182 2490 3238 lumen
2518 3182 2681 3248 Deus,
2706 3189 2763 3237 et
2791 3182 3045 3237 ostendet
3076 3190 3130 3237 te
3169 3180 3372 3249 justum
3413 3181 3679 3236 illumia-

2127 3284 2239 3329 tum
2278 3272 2398 3329 sole
2420 3271 2667 3342 iustitiae,
2697 3270 2845 3327 emlo
2866 3281 2922 3326 et
2944 3281 3121 3335 terrae,
3153 3280 3208 3325 et
3235 3272 3493 3327 omnibus
3516 3270 3606 3340 qui
3630 3269 3679 3320 in

2073 3363 2083 3374 '
2119 3365 2260 3420 caelo
2310 3374 2437 3420 sunt
2487 3365 2738 3421 ostendet
2778 3362 2961 3418 lumen
3005 3362 3230 3433 justitite
3262 3370 3384 3427 tuae,
3420 3371 3502 3426 et,
3534 3361 3582 3416 si
3610 3360 3675 3411 ita

2118 3456 2227 3511 dici
2278 3467 2519 3527 oportet,
2562 3454 2795 3523 jactahit
2851 3467 2910 3508 se
2966 3455 3033 3509 de
3071 3461 3123 3507 te
3168 3463 3420 3523 tanquam
3449 3454 3521 3507 de
3553 3449 3673 3513 filio,

2123 3558 2381 3618 tanquam
2438 3548 2529 3618 qui
2587 3545 3167 3616 acceperis-spiritum
3205 3544 3529 3614 adopticnis.
3559 3542 3675 3597 Pro-

2119 3641 2279 3697 dueet
2325 3655 2453 3711 ergo
2482 3640 2749 3710 justitiam
2791 3647 2937 3693 tuam
2981 3640 3124 3692 sicut
3175 3637 3376 3701 iumen,
3411 3637 3540 3705 quia
3590 3634 3670 3702 qui

2119 3735 2418 3789 secundum
2458 3732 2768 3786 mandatum
2804 3729 3015 3783 Domini
3042 3730 3221 3798 justus
3262 3737 3373 3792 est,
3409 3725 3670 3796 justitiam

2119 3839 2272 3879 suam
2306 3824 2382 3878 ita
2419 3823 2568 3889 facit,
2607 3823 2752 3878 sicut
2796 3822 2911 3891 ipse
2940 3820 3219 3874 mandavit
3249 3819 3536 3875 dicens“:
3571 3815 3667 3869 Vos

2117 3925 2314 3978 autem,
2337 3931 2453 3968 cum
2476 3914 2657 3984 facitis
2680 3913 2945 3982 justitiam
2970 3920 3214 3975 vestram,
3240 3913 3437 3965 nesciat
3463 3910 3669 3964 sinistra

2116 4006 2241 4078 quid
2265 4007 2427 4075 faciat
2460 4007 2642 4058 dextra
2674 4015 2785 4058 ttta.
2818 4002 2942 4057 Iltec
2961 4002 3319 4072 ergojustitia
3343 4017 3463 4069 qua:
3488 4000 3560 4054 ita
3595 3996 3667 4061 ﬁt,

2118 4109 2175 4152 ut
2206 4113 2311 4151 non
2353 4098 2662 4151 hominibus
2683 4106 2965 4164 appareat,
2996 4109 3091 4148 nec
3135 4102 3195 4147 ut
3231 4093 3523 4146 humanam
3551 4089 3659 4157 glo-

2117 4189 2254 4243 riam
2283 4199 2486 4258 captet,
2520 4188 2612 4242 sed
2658 4187 2720 4240 tit
2767 4190 2819 4240 in
2861 4185 3095 4251 occulto,
3132 4195 3191 4239 ut
3221 4185 3384 4238 Pater
3414 4185 3506 4253 qui
3533 4181 3668 4235 videt

2121 4281 2174 4335 in
2203 4280 2438 4346 occulto,
2476 4280 2665 4334 reddat
2706 4280 2880 4349 palam
2916 4280 2968 4331 in
3009 4288 3249 4345 tempore
3285 4292 3403 4341 suo,
3434 4273 3668 4345 produci-

445 4371 636 4426 oculus
681 4371 887 4432 visum,
918 4367 1084 4440 659
1135 4370 1209 4423 ita
1255 4385 1353 4423 cor
1398 4369 1732 4425 intellectum
1768 4370 2014 4438 requirit.
2047 4375 2090 4428 D
2121 4383 2207 4429 tur
2240 4388 2274 4426 a
2302 4371 2414 4426 Deo
2456 4371 2595 4425 sicut
2632 4370 2745 4424 lux.
2779 4369 2846 4422 Et
2869 4369 3133 4438 judicium
3167 4376 3317 4421 tuum
3342 4367 3482 4420 sicut
3516 4364 3666 4420 meri-

376 4477 383 4483 '
446 4464 602 4520 Sicut
646 4463 794 4518 auris
842 4476 1061 4518 suavem
1117 4476 1307 4515 sonum
1346 4463 1515 4533 cupit,
1560 4463 1631 4517 ita
1676 4477 1775 4518 cor
1804 4462 2018 4532 sapien—

448 4558 593 4612 tibus
641 4556 893 4611 sensibus
942 4552 1266 4609 delectatur.
1303 4551 1459 4607 Sicut
1492 4565 1683 4623 gustus
1732 4555 1874 4609 dulci
1927 4570 2018 4609 sa-

443 4660 598 4718 pore,
639 4646 717 4702 ita
762 4661 857 4701 cor
909 4643 1271 4715 prudentibus
1327 4646 1745 4714 cogitationibus
1796 4647 2014 4718 gaudet.

444 4741 599 4794 Sicut
627 4739 883 4795 odoratus
929 4739 1201 4794 suavitate
1245 4737 1581 4806 fragrantiae,
1613 4740 1687 4794 ita
1708 4754 1818 4799 cor
1848 4740 2012 4794 ratio-

445 4829 714 4885 nabilibus
770 4829 966 4885 studiis
1019 4829 1258 4884 Iactatur.
1333 4827 1485 4883 Sicut
1543 4837 1719 4883 tactus
1793 4828 2006 4883 leuibus

442 4938 509 4979 ac
556 4922 826 4986 mollibus,
891 4921 962 4975 ita
1011 4936 1107 4976 cor
1138 4920 1360 4976 utilibus
1410 4930 1465 4973 et
1520 4919 1738 4988 optimis
1769 4919 2011 4975 consiliis

437 5012 762 5068 delectatur.
811 5012 869 5065 Si
914 5026 1046 5080 ergo
1090 5011 1360 5068 delicieris
1415 5011 1467 5065 in
1524 5010 1779 5075 Domino,
1821 5019 1875 5065 et
1913 5026 2004 5065 sa-

441 5106 684 5175 pientiae,
708 5113 764 5160 et
789 5106 1055 5170 veritatis,
1086 5113 1142 5160 et
1168 5103 1388 5172 iustitia:
1411 5104 1584 5172 copiis
1602 5112 1766 5172 atque
1795 5102 2007 5158 deliciis

439 5194 759 5265 perfruaris.
795 5195 949 5251 dabit
987 5194 1082 5251 tibi
1115 5192 1370 5249 Dominus
1400 5193 1688 5264 petitiones
1715 5194 1900 5249 cordis
1929 5194 2004 5248 tui

440 5300 593 5356 aptas
622 5287 828 5344 deliciis
855 5286 1198 5358 supradictis.

509 5380 565 5435 5.
600 5379 730 5435 Post
760 5381 875 5436 haec
919 5381 1051 5437 dicit
1073 5380 1117 5412 "
1144 5398 1157 5434 :
1186 5378 1371 5435 Revela
1403 5378 1629 5433 Domino
1658 5378 1797 5445 uiam
1834 5388 2002 5441 tuam,

437 5481 491 5545 et
531 5489 682 5541 spera
711 5471 767 5527 in
803 5489 943 5539 eum,
975 5483 1023 5530 et
1071 5475 1181 5543 ipse
1221 5472 1401 5541 faciet.
1427 5501 1499 5512 -—
1524 5468 1709 5526 Omnis
1747 5470 1838 5540 qui
1867 5470 2003 5523 male

513 5588 557 5620 ‘°
596 5588 726 5644 Luc.
755 5604 866 5652 va,
896 5589 987 5645 ‘25.
1038 5600 1041 5607 '

443 5661 487 5692 ⁸⁸
516 5659 705 5715 Matth.
751 5674 823 5726 γι,
861 5659 917 5715 5.

1104 5590 1146 5623 ⁶¹
1177 5587 1323 5644 Psal.
1359 5602 1546 5653 xxxvr,
1568 5586 1621 5641 5.

1726 5589 1770 5620 δ’
1801 5586 1955 5644 toan.
1987 5602 2069 5655 in,
2102 5586 2173 5642 20
2207 5596 2264 5644 et
2291 5585 2382 5641 21.

2115 4467 2245 4519 dies.
2276 4463 2472 4518 Omnia
2512 4463 2657 4516 enim
2684 4460 2817 4530 justi
2842 4460 3045 4528 judicia
3075 4474 3419 4530 quaecunque
3460 4458 3662 4527 judica-

2115 4559 2212 4622 vit,
2241 4568 2345 4608 non
2381 4553 2554 4606 solum
2595 4554 2739 4607 sicut
2780 4550 2870 4605 lux
2922 4559 3099 4613 erunt,
3130 4553 3223 4604 sed
3251 4550 3394 4605 sicut
3417 4547 3662 4603 meridia-

2115 4662 2243 4701 num
2278 4646 2482 4713 lumen,
2513 4645 2660 4714 quod
2711 4644 2903 4714 utique
2934 4643 3299 4698 clarissimum
3341 4652 3395 4699 et
3434 4641 3661 4713 splendi-

2114 4740 2396 4794 dissimum
2446 4745 2549 4792 est.
2603 4735 2885 4792 Plenitudo
2930 4736 3075 4790 enim
3119 4735 3253 4790 lucis
3284 4735 3341 4789 in
3378 4736 3661 4790 meridiano

2112 4837 2357 4897 tempore
2388 4825 2728 4895 designatur.
2753 4825 2809 4879 Si
2828 4841 2958 4895 ergo
2993 4824 3159 4881 fueris
3180 4825 3364 4894 justus
3396 4835 3450 4881 et
3477 4828 3657 4887 bonus,

2114 4919 2377 4988 producet
2404 4918 2546 4973 Deus
2571 4916 2712 4973 sicut
2742 4918 2925 4973 lumen
2950 4916 3213 4985 justitiam
3247 4926 3414 4979 tuam,
3447 4927 3505 4973 et
3522 4915 3656 4988 judi-

2113 5015 2256 5071 cium
2287 5024 2435 5069 tuum
2462 5015 2606 5070 sicut
2627 5012 2928 5068 meridiem.
2960 5010 3056 5065 Vel
3078 5021 3225 5065 certe
3254 5011 3306 5065 in
3325 5009 3529 5077 judicio
3549 5020 3656 5064 cum

2114 5117 2278 5160 causa
2312 5113 2402 5157 tua
2435 5104 2746 5170 discutitur,
2776 5101 3043 5170 justitiam
3077 5113 3255 5154 causa)
3287 5108 3390 5153 tua!
3422 5110 3657 5168 tanquam

2113 5197 2289 5251 lucem
2321 5195 2462 5250 Deus
2492 5194 2657 5249 faciet
2688 5192 3062 5257 manifestam,
3084 5200 3138 5246 et
3158 5191 3425 5260 judicium
3448 5193 3587 5262 quod
3611 5199 3659 5246 et

2113 5284 2398 5355 dijudicat,
2433 5286 2581 5341 velut
2632 5285 2914 5340 meridiem
2944 5284 3110 5339 faciet
3148 5283 3517 5338 manifestum.
3541 5283 3656 5350 Quae

2112 5378 2350 5433 scientes
2379 5378 2453 5431 ita
2478 5377 2681 5440 futura,
2714 5377 3066 5445 deprecemur
3090 5375 3517 5432 misericordiam
3551 5375 3657 5442 Dei,

2111 5479 2170 5523 ut
2208 5470 2473 5526 concedat
2504 5470 2658 5524 nobis
2701 5468 2834 5524 tales
2870 5467 3011 5536 ﬁeri,
3051 5468 3144 5540 qui
3173 5469 3317 5539 digni
3352 5467 3656 5533 habeantur,

2513 5586 2559 5618 ⁸³
2584 5585 2738 5641 Joau.
2779 5601 2831 5651 v,
2880 5584 2963 5640 li.
3097 5585 3143 5617 “
3191 5586 3330 5641 Psal.
3386 5600 3569 5649 xxxvi,
3610 5583 3653 5640 6.

3894 60 3919 373 ξ

3939 4392 3942 4450 1

3939 4528 3941 4581 γ

3937 4626 3939 4731 ξ

3938 4745 3942 4829 i
