4020 6152
426 341 558 397 {529

1109 349 1415 407 SELECTA
1452 351 1519 406 IN
1555 352 1888 410 PSALMOS.
1930 385 1999 396 -—
2038 355 2269 414 IIUMIL.
2297 357 2340 412 Il
2377 358 2445 414 IN
2485 360 2674 415 PSAL.
2716 360 2952 415 XXXVI.

3520 362 3653 419 i550

422 468 648 520 quorum
682 457 825 512 Deus
858 458 972 527 ipse
1004 459 1178 516 lucem
1202 463 1433 533 'justitite
1486 467 1748 535 producat
1787 469 1838 522 in
1873 484 1981 523 me-
2015 474 2059 529 Α
2088 471 2232 538 quod
2271 472 2518 526 dicimus.
2556 471 2613 556 Si
2658 472 2872 540 aliquod
2927 471 3225 526 membrum
3284 473 3528 543 corporis
3558 476 3651 530 do-

421 546 590 611 dium,
625 548 964 615 etjudicium
997 564 1244 609 nostrum
1278 557 1417 611 sicut
1460 559 1738 614 meridiem
1776 563 1976 618 clarum

418 642 475 689 et
503 634 762 700 lucidum,
796 640 1003 698 habens
1048 643 1225 699 lucem
1256 661 1436 701 veram
1488 649 1538 703 in
1566 664 1643 714 se,
1675 652 1847 720 ipsum
1886 656 1980 707 Do-

421 726 624 781 minum
664 738 933 799 nostrum,
963 734 1049 788 cui
1081 745 1164 789 est
1209 738 1377 808 gloria
1402 749 1456 795 et
1486 741 1763 811 imperium
1802 748 1852 799 in
1881 761 1980 801 sa:-

417 817 541 873 cula
573 821 919 881 saeculorum.
947 825 1141 881 Amen.

1014 935 1293 994 IIOMILIA
1333 940 1396 997 II.

414 1017 493 1073 De
516 1022 693 1076 eodem
725 1025 946 1091 psalmo,
969 1029 1048 1108 ab
1081 1030 1174 1083 illa
1200 1041 1348 1100 parte
1380 1053 1392 1087 :
1427 1056 1444 1086 (
1469 1034 1721 1093 Subditus
1740 1050 1848 1096 esto
1873 1040 1979 1096 Do-

906 1112 1069 1164 mmo,
1095 1110 1145 1152 et
1169 1117 1262 1156 ora
1290 1119 1429 1157 eum.
1458 1124 1478 1157 ι

487 1179 539 1234 1.
581 1180 937 1254 Praecipiente
974 1193 1246 1253 mandato.
1284 1206 1339 1249 et
1374 1199 1590 1254 dicente
1610 1201 1655 1233 “
1679 1218 1691 1255 :
1719 1202 1975 1261 Subditus

415 1282 526 1327 esto
550 1272 802 1343 Domino,
849 1287 1216 1340 necessarium
1245 1289 1457 1343 videtur
1485 1298 1810 1361 perscrutari
1846 1299 1975 1367 quid

412 1364 488 1419 sit
543 1366 817 1424 subditum
867 1387 990 1429 esse
1040 1376 1292 1444 Domino,
1325 1393 1381 1437 et
1435 1386 1564 1453 quid
1602 1386 1671 1440 sit
1718 1364 1977 1445 nouesse

412 1454 709 1514 subditum.
738 1460 893 1518 Sicut
921 1466 1069 1519 enim
1096 1486 1198 1522 non
1230 1473 1398 1526 omnis
1428 1478 1519 1534 qui
1544 1477 1691 1542 dicit,
1726 1477 1971 1545 Domine,

417 1544 656 1611 Domine,
704 1553 924 1606 mtrabit
974 1558 1028 1607 in
1059 1573 1273 1627 regnum
1312 1565 1582 1630 caelorum,
1608 1568 1698 1621 sed
1729 1569 1818 1637 qui
1848 1544 1974 1637 facit

413 1637 728 1695 voluntatem
771 1640 951 1701 Patris
987 1652 1083 1704 mei
1138 1653 1228 1722 qui
1284 1655 1337 1709 in
1370 1657 1514 1712 caelis
1544 1670 1619 1713 est
1642 1662 1724 1718 ‘7:
1760 1664 1830 1717 ita
1867 1681 1973 1722 non

412 1730 590 1786 omnis
619 1734 712 1802 qui
760 1736 891 1792 dicit
922 1755 983 1795 se
1027 1742 1328 1811 subjectum
1376 1761 1497 1804 esse
1522 1749 1768 1820 Domino,
1795 1756 1977 1826 subje-

412 1829 535 1875 ctus
560 1834 642 1877 est
672 1825 743 1891 ei,
775 1829 870 1883 sed
916 1832 1008 1901 qui
1054 1835 1227 1903 reipsa
1291 1840 1563 1906 subjectus
1598 1855 1683 1899 est
1722 1848 1802 1914 ei;
1845 1823 1971 1918 quia
2004 1823 2046 1878 Β

417 1927 540 1967 vere
565 1914 865 1984 subjectum
901 1935 1023 1978 esse
1056 1923 1301 1993 Domino,
1337 1946 1440 1986 non
1472 1946 1654 1990 sermo
1678 1914 1971 2004 professio-

411 2003 516 2067 nis,
553 2008 646 2061 sed
685 2023 821 2078 opus
850 2014 1205 2084 subjectionis
1235 2023 1496 2077 ostendit.
1533 2003 1756 2083 Plenius
1790 2041 1969 2086 autem

409 2096 723 2167 intelligitur
759 2103 903 2171 quod
935 2105 1164 2163 dicimus
1210 2109 1312 2167 hoc
1342 2114 1503 2170 modo
1532 2133 1545 2169 :
1572 2116 1833 2177 Dominus
1877 2138 1967 2178 no-

407 2198 522 2243 ster
567 2188 726 2249 Jesus
754 2193 1001 2253 Christus
1041 2198 1254 2268 justitia
1286 2213 1388 2261 est.
1412 2205 1588 2277 ,Nemo
1616 2225 1746 2279 ergo
1771 2214 1971 2280 injuste

409 2296 578 2349 agens
606 2283 880 2355 subjectus
911 2301 993 2344 est
1023 2291 1265 2358 Christo,
1291 2299 1385 2365 qui
1418 2308 1500 2354 est
1532 2299 1773 2370 justitia.
1806 2306 1968 2362 Chri-

407 2380 494 2426 tus
516 2374 714 2431 veritas
735 2385 839 2431 est.
870 2378 1039 2437 Nemo
1067 2385 1294 2438 mendax
1335 2384 1555 2444 Christo
1584 2391 1862 2462 subjectus
1888 2406 1970 2452 est

406 2463 497 2531 qui
530 2474 615 2520 est
642 2468 868 2536 veritas,
903 2473 1021 2528 sive
1042 2489 1166 2529 cum
1196 2475 1250 2530 in
1277 2476 1460 2546 rebus,
1494 2481 1610 2537 sive
1637 2499 1762 2540 cum
1790 2488 1841 2542 in
1873 2489 1969 2544 do-

404 2556 583 2611 ctrina
641 2561 982 2621 mendacium
1023 2567 1284 2638 loquitur.
1322 2570 1584 2631 Dominus
1618 2574 1779 2635 Jesus
1806 2580 1967 2637 Chri-

404 2655 521 2702 stus
548 2653 908 2712 sanctiticatio
934 2667 1036 2715 est.
1070 2660 1240 2718 Nemo
1270 2674 1355 2721 est
1402 2669 1680 2739 subjectus
1724 2676 1970 2731 sanctiﬁ-

403 2740 629 2807 eationi,
666 2758 788 2800 cum
834 2749 1068 2818 pollutus
1112 2754 1187 2810 sit
1214 2764 1267 2812 et
1306 2759 1570 2827 impurus.
1603 2763 1860 2823 Dominus
1884 2766 1968 2824 Je—

405 2842 501 2885 sus
528 2831 776 2890 Christus
819 2852 922 2906 pax
961 2852 1069 2900 est.
1109 2843 1278 2901 Nemo
1302 2846 1571 2919 litigiosus
1599 2862 1654 2909 et
1687 2858 1967 2914 turbulen-

409 2928 494 2975 tus
518 2923 734 2980 Christo
765 2930 1039 2999 subjectus
1068 2948 1170 3000 est,
1205 2942 1293 3007 qui
1323 2952 1405 2997 est
1429 2958 1555 3012 par,
1589 2949 1685 3002 sed
1715 2949 1805 3005 ille
1834 2954 1963 3008 sub-

401 3009 582 3077 jectus
610 3025 693 3068 est
729 3017 778 3071 ei
816 3022 908 3087 qui
940 3022 1074 3078 dicit
1092 3025 1138 3057 ⁸⁸
1170 3043 1183 3079 :
1211 3026 1341 3084 Cum
1379 3009 1459 3088 his
1506 3037 1598 3105 qui
1621 3040 1842 3095 oderunt
1863 3059 1962 3111 pa-

403 3119 534 3207 rent,
568 3122 711 3162 eram
758 3113 1031 3182 paciﬁcus.
1082 3118 1236 3177 Unde
1289 3132 1345 3179 et
1401 3128 1455 3181 in
1511 3130 1622 3186 alio
1646 3134 1863 3202 psalmo
1896 3139 2032 3219 adc

401 3197 637 3253 animam
672 3217 823 3257 suam
856 3206 990 3262 dicit
1019 3208 1294 3283 Propheta
1317 3217 1363 3251 ⁶⁹
1399 3239 1413 3272 :
1459 3197 1825 3281 Verumtamen
1855 3227 1961 3284 Deo

398 3287 610 3343 subdita
636 3302 764 3359 esto,
798 3297 977 3352 anima
1004 3316 1133 3364 mea,
1170 3307 1292 3374 quia
1339 3315 1405 3361 ab
1452 3310 1568 3379 ipso
1610 3324 1684 3367 est
1707 3317 1963 3384 patientia

400 3395 537 3478 mea.
565 3382 701 3478 Sed
759 3396 812 3442 et
853 3390 1148 3459 Apostolus
1177 3414 1375 3470 magna
1405 3404 1620 3472 quidem
1646 3382 1714 3464 et
1738 3411 1960 3478 mystica

404 3472 471 3524 de
494 3476 833 3546 subjectione
857 3482 1128 3553 signiﬁcat
1156 3489 1341 3547 dicens
1360 3494 1407 3527 ⁷⁸
1433 3512 1448 3550 :
1479 3495 1610 3551 Cum
1645 3472 1819 3555 autem
1839 3504 1960 3558 sub-

389 3563 538 3632 jecta
561 3569 611 3621 ei
628 3570 831 3637 fuerint
873 3579 1070 3645 omnia,
1105 3590 1230 3636 tunc
1271 3594 1321 3639 et
1344 3586 1460 3657 ipse
1488 3588 1666 3646 Filius
1696 3594 1960 3664 subjectus

396 3655 497 3755 erit
521 3658 568 3711 ei
586 3661 858 3734 quisae
886 3669 987 3721 sibi
1005 3673 1236 3727 subdidit
1260 3655 1462 3732 omnia.
1497 3681 1635 3737 Audi
1669 3655 1803 3755 ergo
1829 3688 1958 3755 quid

396 3745 527 3803 dicit
557 3752 681 3820 quia
713 3757 895 3811 omnia
930 3775 1150 3819 necesse
1181 3776 1265 3822 est
1288 3769 1507 3826 Christo
1534 3786 1659 3829 esse
1689 3777 1953 3847 subjecta,

395 3847 454 3892 et
483 3848 607 3895 tune
631 3845 803 3912 ipsum
828 3862 947 3905 esse
976 3853 1300 3923 subjectum,
1333 3861 1670 3930 subjectione
1709 3845 1959 3927 videlicet

397 3928 484 3982 illa
513 3948 673 3999 quam
711 3936 779 3991 de
808 3941 999 4008 spiritu
1052 3943 1278 4018 intelligi
1324 3928 1547 4020 dignum
1604 3966 1708 4010 est.
1740 3957 1957 4014 Interim

396 4037 620 4080 necesse
670 4040 753 4083 est
800 4035 980 4087 omnia
1024 4036 1241 4093 Christo
1272 4055 1396 4095 esse
1446 4044 1707 4113 subjecta,
1742 4060 1800 4103 ut
1831 4061 1957 4108 tunc

398 4113 831 4209 demuttretiam
876 4123 993 4194 ipse
1037 4127 1274 4200 impletis
1314 4138 1572 4194 omnibus
1610 4150 1665 4193 et
1702 4142 1955 4209 perfectis

396 4218 491 4293 per
524 4207 936 4279 subiectionem,
966 4226 1227 4288 tanquam
1260 4226 1502 4286 victoriae
1530 4247 1641 4289 suze
1684 4207 1828 4292 hanc
1868 4253 1954 4293 re-

395 4292 575 4353 ferens
589 4301 822 4369 palmam
854 4304 999 4362 Patri
1028 4312 1238 4369 dicatur
1263 4315 1478 4375 futurus
1504 4339 1627 4381 esse
1654 4329 1950 4397 subjectus.

580 4394 680 4448 nisi
717 4400 944 4466 mystice
972 4402 1325 4477 intelligatur,
1355 4412 1576 4482 impium
1608 4387 1807 4488 aliquid
1837 4424 1953 4478 sine

2088 563 2313 629 leamus,
2360 565 2609 633 quamvis
2649 566 2830 619 anima
2884 572 3069 618 nostra
3113 563 3398 619 incolumis
3448 566 3540 631 sit,
3597 578 3652 623 et

2086 655 2292 723 reliqua
2348 655 2527 709 omnia
2582 657 2820 710 membra
2873 664 3057 710 nostra
3107 670 3242 709 sana
3286 657 3413 721 sint,
3471 664 3649 712 tamen

2084 746 2210 814 quia
2255 746 2443 799 dolore
2496 748 2652 801 unius
2701 747 2926 801 membri
2976 756 3117 802 totus
3167 747 3326 802 homo
3348 745 3648 817 valliigitur,

2085 852 2191 891 non
2218 838 2449 893 dicimus
2475 840 2601 907 quia
2638 838 2754 893 sani
2789 853 2998 907 sumus,
3027 838 3123 894 sed
3157 839 3280 908 quia
3318 840 3459 895 male
3490 841 3649 895 habe-

2084 944 2225 982 mus.
2274 926 2436 982 Verbi
2487 945 2670 995 causa,
2720 931 2949 984 dicimus
2981 949 2996 984 :
3026 928 3117 984 Ille
3160 946 3263 985 non
3311 940 3395 985 est
3458 946 3645 986 sanus.

2083 1020 2298 1086 Quare?
2326 1021 2448 1091 quia
2477 1022 2641 1090 pedes
2661 1021 2829 1085 dolet,
2851 1032 2943 1075 aut
2972 1035 3149 1086 renes,
3169 1031 3260 1075 aut
3284 1021 3643 1077 stomachum.

2084 1110 2145 1164 Et
2197 1128 2353 1168 nemo
2387 1114 2520 1168 dicit
2551 1113 2677 1182 quia
2715 1126 2879 1167 sanus
2908 1122 2992 1167 est
3022 1113 3065 1167 si
3096 1114 3433 1167 stomachum
3479 1114 3644 1178 dolet,

2082 1204 2172 1256 sed
2209 1219 2313 1258 non
2346 1214 2431 1260 est
2455 1219 2620 1260 sanus
2658 1205 2784 1274 quia
2821 1205 3161 1259 stomachum
3196 1203 3362 1258 dolet.
3395 1203 3453 1259 Si
3489 1204 3647 1259 intel-

2082 1293 2292 1349 lexistis
2312 1300 2637 1364 exemplum,
2672 1294 2961 1352 redeamus
2985 1310 3128 1352 nunc
3160 1295 3227 1350 ad
3261 1296 3311 1350 id
3340 1295 3482 1365 quod
3517 1309 3645 1364 pro-

2080 1386 2318 1453 positum
2348 1395 2452 1441 est.
2483 1388 2778 1457 Aposmlus
2810 1389 2943 1443 dicit
2972 1388 3014 1419 ⁷¹
3044 1388 3169 1457 quia
3204 1401 3403 1457 corpus
3441 1388 3643 1444 Christi

2080 1491 2284 1540 sumus,
2327 1487 2379 1532 et
2421 1479 2663 1533 membra
2707 1496 2775 1534 ex
2817 1491 2991 1549 parte.
3042 1479 3294 1535 Christus
3335 1492 3466 1550 ergo
3493 1478 3644 1547 cujus

2078 1582 2236 1623 omne
2287 1568 2564 1624 hominum
2601 1586 2794 1641 genus,
2844 1572 2952 1626 imo
2998 1571 3247 1628 fortassis
3289 1572 3455 1627 totius
3485 1586 3634 1627 crea-

2081 1669 2214 1713 tura:
2259 1660 2586 1739 universitas
2641 1676 2839 1730 corpus
2880 1672 2985 1726 est,
3040 1671 3095 1716 et
3142 1663 3515 1732 unusquisque
3546 1679 3644 1718 no--

2079 1759 2248 1804 strum
2281 1754 2521 1808 membra
2547 1769 2613 1807 ex
2640 1762 2793 1823 parte
2821 1761 2925 1817 est,
2956 1755 3002 1809 si
3039 1756 3240 1822 aliquis
3269 1769 3336 1810 ex
3369 1756 3526 1812 nobis
3548 1758 3640 1826 qui

2078 1845 2317 1897 membra
2363 1844 2477 1911 ejus
2523 1846 2758 1901 dicimur
2804 1856 3054 1915 aegretat,
3094 1856 3148 1901 et
3196 1848 3377 1917 aliquo
3431 1849 3640 1919 peccati

2078 1937 2267 1990 morbo
2300 1935 2530 2003 laborat,
2582 1937 2636 1991 id
2692 1946 2796 2003 est,
2832 1939 2880 2016 si
2924 1937 3153 2007 alicujus
3182 1938 3386 2008 peccati
3421 1939 3637 1994 macula

2076 2028 2328 2094 inuritur,
2367 2041 2420 2085 ct
2457 2047 2565 2085 non
2617 2031 2887 2102 subjectus
2932 2031 3066 2097 Deo,
3098 2041 3244 2087 recte
3287 2031 3376 2089 ille
3400 2033 3635 2089 nondum

2075 2119 2268 2174 dicitur
2299 2135 2419 2177 esse
2451 2120 2742 2190 subjectus,
2787 2120 2940 2191 cujus
2995 2120 3105 2175 sint
3138 2123 3383 2178 membra
3419 2123 3495 2177 illi
3543 2124 3637 2193 qui

2073 2227 2176 2263 nun
2229 2219 2354 2265 sunt
2400 2212 2626 2282 subjecti
2657 2213 2785 2269 Deo.
2815 2214 2951 2269 Cum
2978 2222 3158 2268 autem
3202 2227 3390 2269 omnes
3419 2229 3513 2271 eos
3546 2218 3635 2285 qui

2072 2316 2268 2371 corpus
2312 2316 2468 2356 suum
2509 2304 2762 2359 dicuntur
2809 2318 2872 2357 ac
2928 2302 3195 2369 membra,
3225 2317 3385 2360 sanos
3427 2306 3635 2361 habue-

2073 2394 2162 2457 rit,
2216 2402 2273 2447 ut
2316 2394 2368 2448 in
2433 2394 2579 2450 nullo
2636 2394 3020 2454 inobedientiae
3073 2397 3440 2454 laboraverint
3493 2413 3638 2454 mor-

2071 2483 2161 2552 bo,
2194 2485 2345 2541 sanis
2372 2486 2629 2543 omnibus
2656 2490 2937 2558 membris,
2966 2490 3188 2563 Deoque
3211 2493 3488 2559 subjectis,
3518 2508 3635 2545 me-

2070 2579 2179 2632 rito
2209 2592 2268 2632 se
2297 2578 2430 2633 dicit
2457 2593 2578 2635 esse
2607 2581 2913 2650 subjectum
2947 2583 3047 2650 illi,
3085 2585 3241 2655 cujus
3260 2599 3356 2641 nos
3391 2585 3633 2640 membra

2072 2666 2180 2723 Deo
2226 2669 2281 2722 in
2321 2671 2572 2725 omnibus
2610 2671 2911 2729 obedimus.
2953 2674 3106 2742 Quod
3151 2677 3194 2731 si
3238 2676 3468 2747 teipsum
3505 2691 3634 2746 per-

2072 2758 2302 2814 scrutari
2340 2760 2443 2824 vis,
2474 2771 2528 2815 et
2568 2762 2755 2818 videre
2779 2764 2825 2818 si
2860 2765 2972 2833 jam
3008 2766 3284 2836 subjectus
3316 2783 3376 2824 es
3403 2766 3536 2835 Deo,
3564 2784 3633 2822 an

2069 2850 2246 2906 adhuc
2296 2851 2612 2908 inohediens
2671 2870 2979 2925 permanes,
3030 2860 3135 2915 hoc
3185 2860 3344 2916 modo
3402 2861 3629 2929 teipsum

2069 2942 2305 2997 discute:
2332 2943 2389 2998 Si
2420 2944 2558 2999 nihil
2594 2957 2678 3002 est
2721 2954 3060 3005 contrarium
3102 2950 3211 3005 Deo
3250 2953 3302 3005 in
3343 2960 3415 3018 te,
3451 2952 3631 3023 subje-

2066 3046 2191 3090 ctus
2232 3051 2291 3091 es
2326 3036 2398 3090 ei.
2429 3035 2777 3094 Contrarium
2817 3050 2997 3097 autem
3052 3043 3282 3099 dicimus
3315 3043 3414 3099 hoc
3448 3045 3628 3099 modo:

2066 3125 2208 3183 Deus
2238 3126 2478 3184 charitas
2512 3139 2627 3195 est;
2666 3131 2709 3185 si
2745 3132 2929 3185 odium
2954 3134 3005 3187 in
3033 3143 3085 3187 te
3112 3147 3219 3188 non
3249 3144 3353 3199 est,
3392 3150 3497 3190 non
3530 3135 3629 3191 ha-

2064 3216 2161 3272 bes
2199 3217 2343 3287 quod
2383 3217 2718 3275 contrarium
2776 3220 2885 3277 Deo
2930 3234 3034 3278 est.
3085 3222 3227 3282 Deus
3266 3226 3471 3282 veritas
3507 3239 3625 3296 est;

2056 3309 2186 3363 vide
2222 3322 2291 3362 ne
2317 3310 2389 3364 sit
2418 3310 2472 3364 in
2512 3321 2565 3366 te
2588 3311 2953 3380 mendacium,
2986 3317 3128 3385 quod
3161 3325 3245 3372 est
3290 3320 3629 3374 contrarium

2062 3401 2299 3456 veritati.
2335 3401 2393 3456 Si
2445 3403 2590 3459 enim
2629 3413 2713 3460 est
2760 3407 2813 3460 in
2864 3415 2916 3463 te
2965 3408 3328 3478 mendacium,
3366 3425 3473 3465 n0n
3520 3412 3628 3466 Deo

2062 3494 2334 3564 subjectus
2374 3508 2454 3560 es,
2487 3497 2580 3551 sed
2617 3497 2667 3551 ei
2694 3498 2783 3566 qui
2826 3509 2911 3553 est
2956 3500 3228 3555 mendacii
3276 3510 3452 3571 pater.
3480 3503 3546 3557 Et
3579 3504 3626 3558 si

2064 3585 2325 3653 iniustitia
2373 3587 2427 3639 in
2481 3595 2534 3641 te
2580 3597 2682 3651 est,
2718 3590 2859 3656 patri
2918 3589 3195 3658 injustitite
3254 3585 3533 3662 subjectus
3566 3609 3627 3649 es

2052 3678 2235 3746 magis
2263 3693 2427 3747 quam
2465 3678 2596 3746 Deo,
2639 3680 2732 3748 qui
2767 3681 2975 3750 justitia
3012 3693 3116 3738 est.
3150 3684 3207 3738 Si
3236 3693 3291 3739 et
3328 3685 3534 3755 reliqua
3566 3687 3622 3744 in

2064 3777 2113 3822 te
2138 3769 2561 3837 deprehenderis
2585 3770 2737 3833 vitia,
2773 3770 2911 3825 scito
2945 3780 2997 3826 te
3032 3773 3212 3827 tandiu
3245 3790 3350 3830 non
3371 3775 3502 3844 Deo,
3528 3782 3624 3833 sed

2059 3857 2272 3913 diabolo
2310 3873 2434 3913 esse
2473 3859 2799 3928 subjectum.
2828 3860 3046 3915 Certum
3079 3870 3161 3917 est
3214 3879 3449 3932 namque
3495 3867 3621 3935 quia

2058 3948 2437 4005 fornicationis
2487 3957 2724 4018 tempore
2771 3949 2985 4019 spiritui
3020 3949 3400 4009 fornicationis
3434 3969 3623 4012 sumus

2054 4042 2314 4111 subjecti,
2350 4043 2706 4096 adversantes
2739 4040 2951 4111 spiritui
2981 4042 3272 4099 castitatis.
3303 4043 3370 4099 Et
3404 4054 3615 4115 tempo-

2054 4147 2117 4186 re
2170 4132 2486 4196 iracundiis,
2532 4132 2617 4186 vel
2667 4129 2889 4199 furoris,
2927 4133 3140 4203 spiritui
3184 4137 3277 4189 ira:
3313 4135 3620 4204 obedimus,

2056 4224 2272 4293 spiritui
2310 4224 2741 4280 mansuetudinis
2788 4225 3123 4282 resistentes.
3151 4225 3443 4295 Propterea
3492 4243 3620 4296 ergo

2059 4318 2298 4371 videntes
2343 4317 2470 4386 quia
2498 4317 2681 4372 omnis
2714 4318 2823 4373 vita
2861 4330 3042 4374 nostra
3074 4333 3295 4390 agonem
3326 4321 3614 4388 quemdam

2051 4409 2377 4463 ubedientiaa
2415 4407 2578 4480 gerit,
2610 4410 2722 4467 sive
2740 4410 2979 4480 Christo,
3001 4413 3119 4467 sive
3146 4412 3228 4466 his
3272 4413 3364 4481 qui
3395 4424 3617 4468 contra-

394 4480 560 4536 dubio
599 4499 703 4538 non
743 4489 1143 4550 advertentibus
1202 4480 1446 4558 indicare
1498 4480 1755 4565 creditur.
1835 4512 1947 4578 Non

2066 4502 2120 4554 rii
2168 4509 2295 4554 sunt
2328 4501 2563 4567 Christo,
2609 4517 2872 4558 conemur
2915 4517 3015 4572 per
3048 4504 3330 4570 orationis,
3363 4519 3459 4573 per
3489 4519 3619 4561 eru-

392 4573 537 4626 enim
574 4579 867 4644 putandum
913 4594 997 4638 est
1037 4590 1178 4655 quod
1220 4588 1390 4648 Filius
1438 4594 1530 4651 Dei
1560 4613 1705 4655 nunc
1733 4573 1948 4670 quidem

396 4663 541 4720 Patri
565 4684 901 4740 nequaquam
948 4678 1223 4747 subjectus
1255 4684 1347 4748 sit,
1383 4686 1433 4739 in
1480 4689 1789 4747 novissimis
1823 4710 1951 4750 vero

397 4762 727 4829 temporibus
754 4780 874 4818 cum
906 4769 1005 4822 sibi
1045 4770 1247 4826 fuerint
1288 4788 1480 4831 cuncta
1517 4782 1784 4851 subjecta,
1818 4799 1949 4843 tunc

388 4852 572 4907 eritet
606 4854 721 4922 ipse
746 4857 1019 4926 subjectus
1050 4877 1065 4912 :
1096 4864 1189 4916 sed
1224 4867 1347 4934 quia
1382 4872 1564 4926 omnia
1592 4879 1850 4932 nostrain
1886 4895 1948 4934 se

386 4947 600 5016 recipit,
635 4959 690 5003 et
731 4964 792 5005 se
813 4966 934 5006 esse
957 4954 1084 5008 dicit
1109 4958 1200 5024 qui
1230 4959 1281 5011 in
1321 4963 1478 5018 nobis
1505 4970 1747 5035 esuriat;
1780 4985 1948 5039 seque

384 5042 477 5108 qui
518 5042 570 5095 in
602 5046 760 5100 nobis
791 5044 965 5109 sitiat,
996 5054 1049 5100 et
1082 5049 1255 5103 nudus
1282 5052 1353 5105 sit
1379 5066 1543 5124 atque
1565 5074 1727 5129 aeger,
1749 5062 1948 5131 quique

387 5135 582 5204 hospes
625 5145 679 5190 et
718 5141 809 5207 qui
855 5151 1098 5200 retrusus
1139 5148 1192 5201 in
1241 5166 1537 5222 carcerem,
1582 5164 1637 5207 ct
1682 5156 1945 5226 quidquid

381 5230 473 5280 uni
512 5242 577 5281 ex
610 5232 847 5286 minimis
875 5237 989 5291 suis
1024 5237 1224 5297 factum
1259 5242 1443 5310 fuerit,
1468 5247 1568 5301 sibi
1599 5247 1798 5303 factum
1822 5265 1942 5307 esse

386 5327 650 5387 testatur;
686 5336 1084 5393 consequenter
1107 5340 1162 5384 et
1193 5333 1386 5388 merito
1415 5350 1536 5388 cum
1571 5340 1942 5410 unusquisque

382 5421 629 5466 nostrum
660 5414 816 5484 plene
846 5431 898 5472 et
926 5421 1166 5487 perfecte
1202 5426 1453 5481 subditur
1488 5427 1620 5496 Deo,
1666 5431 1740 5486 ita
1784 5443 1841 5487 ut
1888 5435 1939 5488 in

384 5501 530 5557 nullo
563 5520 785 5574 prorsus
832 5510 1150 5572 inobediens
1192 5529 1404 5591 pareat,
1435 5535 1495 5576 se
1522 5538 1643 5579 esse
1670 5526 1940 5582 subditum

382 5604 731 5660 prolestatur.
780 5600 889 5657 Sed
940 5616 993 5660 et
1031 5607 1136 5665 alio
1186 5612 1348 5666 modo
1374 5613 1588 5683 plenius
1618 5616 1938 5689 intelligitur

452 5712 672 5836 ‘zul‘sal.
712 5737 892 5791 xxxvi,
927 5726 975 5781 7.
1055 5727 1095 5757 ⁸⁷
1131 5729 1318 5785 Matth.
1359 5748 1451 5799 \‘tt,
1478 5733 1564 5789 2|.

386 5796 436 5836 ν.
473 5800 504 5836 o
547 5824 559 5836 .

425 5823 437 5848 ,
473 5800 559 5837 ou.

1666 5737 1707 5767 ⁸⁸
1730 5738 1870 5793 Ρδιι.
1902 5755 2047 5805 CXIX,
2083 5738 2133 5791 6.

2052 4591 2271 4645 ditionis
2302 4592 2605 4662 religiosam
2635 4592 3027 4646 institutionem
3061 4594 3163 4649 hoc
3204 4610 3388 4664 agere,
3419 4611 3486 4650 ne
3514 4613 3616 4651 nn—

2050 4696 2210 4751 quam
2249 4682 2463 4736 diabolo
2490 4684 2573 4737 vel
2599 4683 2817 4737 malitia:
2844 4683 2960 4752 ejus
2995 4686 3215 4742 obedire
3249 4688 3611 4755 inveniamur,

2051 4776 2146 4828 sed
2177 4776 2354 4829 omnis
2390 4786 2545 4833 actus
2571 4788 2773 4843 noster,
2807 4789 2859 4834 et
2884 4782 3064 4835 omnis
3089 4795 3266 4837 sermo
3301 4794 3463 4852 atque
3497 4798 3613 4837 om-

2052 4867 2136 4921 nis
2196 4869 2452 4937 cogitatio
2506 4870 2816 4925 inveniatur
2879 4871 2931 4925 in
2979 4872 3318 4942 subjectione
3381 4876 3607 4934 Christi.

2049 4961 2201 5025 Quod
2237 4962 2281 5015 si
2314 4960 2453 5017 forte
2482 4962 2796 5031 dicis,Quid
2820 4967 3043 5035 prodest
3076 4967 3122 5022 si
3152 4982 3294 5022 nunc
3336 4969 3609 5038 subjectus

2048 5057 2170 5120 sim,
2203 5055 2452 5124 eumjam
2483 5067 2608 5113 ante
2647 5064 2980 5127 peccaverint
3001 5074 3057 5119 et
3090 5072 3399 5130 praeventus
3417 5065 3518 5118 sim
3554 5066 3609 5118 in

2047 5150 2294 5205 delictis?
2309 5152 2425 5207 sine
2444 5154 2604 5209 dubio
2620 5167 2743 5209 cum
2764 5156 3107 5226 deliquimus,
3126 5160 3351 5229 subjecti
3377 5175 3480 5214 non
3504 5161 3609 5214 fui-

2048 5259 2168 5298 mus
2199 5245 2325 5309 Deo,
2350 5247 2443 5301 sed
2460 5262 2584 5302 cum
2609 5249 2902 5306 desivimus
2921 5267 2949 5305 a
2974 5252 3204 5316 delictis,
3243 5261 3370 5305 tunc
3392 5252 3606 5306 initium

2046 5340 2395 5409 subjectionis
2431 5344 2757 5412 accepimus.
2785 5344 2917 5400 Cum
2944 5362 3073 5417 ergo
3099 5347 3276 5403 timori
3302 5347 3393 5402 Dei
3430 5348 3609 5417 subje-

2045 5431 2117 5486 cti
2170 5447 2398 5502 peccare
2435 5447 2729 5502 cessamus,
2769 5448 2894 5492 tunc
2922 5438 3084 5492 etiam
3121 5437 3371 5494 fiduciam
3402 5441 3607 5509 accipi-

2047 5541 2164 5579 mus
2196 5525 2449 5595 poscendi
2486 5540 2582 5595 pro
2620 5526 2831 5583 delictis
2858 5528 3136 5597 prioribus
3168 5530 3404 5588 veniam.
3428 5533 3605 5587 Donec

2046 5627 2224 5671 autem
2258 5630 2635 5685 permancmus
2674 5618 2725 5671 in
2761 5619 2987 5683 delictis,
3015 5618 3213 5676 frustra
3262 5623 3470 5678 veniam
3507 5638 3605 5693 po-

2236 5732 2277 5765 ‘9
2304 5728 2447 5786 Psal.
2492 5748 2602 5798 ut,
2638 5734 2692 5787 ii.
2767 5736 2810 5765 7°
2845 5733 2861 5787 Ι
2890 5734 3016 5791 Cor.
3049 5751 3137 5801 xv,
3169 5737 3254 5793 ‘28.
3332 5740 3371 5769 "
3404 5736 3608 5807 Ephcs.
