4020 6152
402 288 533 345 1351
1787 280 1875 333 EX
1914 276 1996 334 ΟΠ

2097 275 2217 330 ENE
3540 269 3684 327 1552

399 403 606 457 scimus
633 398 974 453 delictorum.
1006 394 1161 452 Unde
1198 406 1251 452 et
1286 396 1507 452 memini
1555 412 1640 451 me
1668 396 1979 466 frequenter
2006 401 2054 456 Α
2081 402 2184 457 est,
2216 389 2358 458 Noli,
2395 393 2588 464 inquit,
2624 393 2835 460 mirari,
2873 394 2918 449 si
2945 395 3309 466 insipientem,
3344 392 3400 448 si
3439 391 3684 456 malum,

403 493 608 547 dixisse
642 491 707 545 ad
730 504 844 554 vos,
877 489 1004 560 quia
1034 489 1247 545 veniam
1286 490 1608 546 delictorum
1656 499 1785 544 tunc
1814 488 1975 558 digne
2080 486 2127 539 si
2155 484 2423 540 infidelem
2456 484 2736 541 iracundia
2778 484 3101 550 inflammat,
3148 485 3274 555 quia
3332 483 3687 553 frequenter

402 585 701 658 poscimus,
728 597 849 638 cum
888 581 1045 653 longe
1069 581 1229 652 positi
1254 596 1285 636 a
1317 592 1562 651 peccato,
1604 580 1749 636 illam
1782 594 1974 636 vocem
2080 577 2249 632 etiam
2280 578 2456 633 bonos
2488 587 2544 633 et
2581 579 2878 662 prudentes
2921 578 3070 633 viros
3100 578 3185 632 ira
3240 575 3533 647 exagitat.
3591 575 3690 628 Est

404 688 694 748 possumus
748 673 989 728 dicere"
1018 690 1031 726 :
1061 671 1144 726 Ne
1201 673 1502 729 memineris
1541 672 1842 742 iniquitates
1882 686 1978 724 no-
2080 684 2212 739 ergo
2239 671 2344 727 hoc
2379 680 2663 740 peccatum
2717 672 2882 727 etiam
2913 686 3079 724 unum
3131 685 3199 724 ex
3249 668 3352 724 illis
3399 667 3569 738 quod
3618 667 3687 722 ad

402 777 542 823 stras
576 764 842 835 antiquas.
875 761 994 817 Non
1032 762 1167 817 dixit
1192 777 1284 818 eas
1307 777 1446 833 quas
1475 761 1722 826 facimus,
1760 759 1853 814 sed
1883 771 1977 813 eas
2079 762 2369 818 aedilicium
2409 762 2618 819 deferet
2668 764 2836 834 ligna,
2868 760 3051 818 fenum
3082 772 3137 816 et
3173 760 3474 830 stipulam,
3503 768 3568 815 et
3588 774 3691 813 ne-

403 875 541 928 quas
564 856 854 927 aliquando
880 857 1122 913 fecimus.
1165 855 1429 911 Subditus
1465 868 1600 923 ergo
1639 862 1757 907 esto
1790 851 1977 905 Domi-
2081 872 2236 914 cesse
2263 870 2348 914 εει
2379 858 2684 929 huiusmodi
2714 857 2994 923 materias,
3025 856 3169 911 sicut
3195 856 3476 925 scriptum
3506 853 3689 920 e51",

407 970 498 1019 no,
531 960 583 1007 et
632 952 908 1023 subjectus
952 949 1059 1004 noli
1103 964 1350 1019 peccare.
1380 948 1533 1002 Tunc
1574 947 1802 1003 obsecra
1852 959 1976 999 eum

406 1059 507 1116 pro
535 1043 743 1099 delictis
767 1040 1054 1112 praeteritis
1077 1049 1132 1096 et
1157 1040 1412 1109 antiquis.

476 1137 532 1191 Ξ.
577 1135 660 1191 Ne
682 1136 965 1190 tumulatus
1001 1133 1168 1202 fueris
1191 1148 1309 1187 eum
1331 1132 1421 1201 qui
1452 1137 1796 1200 prosperatur
1816 1128 1873 1182 in
1896 1127 1981 1182 uia

410 1244 530 1292 sua,
569 1227 626 1280 in
649 1225 857 1280 homine
875 1224 1103 1293 faciente
1154 1221 1570 1293 iniquitatem".
1609 1220 1880 1277 Describit
1918 1232 1982 1275 ea

2082 1045 2227 1115 igne,
2252 1044 2425 1100 donec
2450 1045 2519 1100 de
2546 1045 2705 1100 nobis
2732 1043 2880 1115 ligna
2916 1042 3215 1098 iracundia:
3238 1047 3688 1105 consumantur,

2082 1148 2138 1195 et
2167 1136 2348 1192 fenum
2374 1135 2781 1207 indignationis,
2803 1145 2859 1191 et
2898 1134 3094 1204 stipula
3121 1134 3451 1199 verborum,
3487 1146 3688 1186 eorum

2084 1229 2337 1285 videlicet
2364 1244 2486 1300 qua:
2513 1228 2819 1300 bujusmodi
2846 1228 2993 1283 vitiis
3022 1227 3281 1298 exagitati
3307 1225 3685 1297 protulimus.

407 1333 531 1390 quae
555 1318 812 1373 accidunt
844 1316 1177 1373 hominibus.
1209 1314 1547 1385 Frequenter
1569 1314 1712 1369 enim
1739 1312 1783 1368 si
1802 1311 1984 1367 videa-
2084 1320 2295 1377 Idcirco
2321 1336 2451 1393 ergo
2470 1322 2651 1376 άεεξηε
2679 1322 2744 1376 αθ
2765 1324 2869 1387 ira,
2888 1329 2939 1374 ει
2966 1320 3200 1389 relinque
3219 1320 3689 1391 ίηάῑρηαιὶοηειη;

409 1424 534 1465 mus
588 1408 830 1478 iniquum
879 1408 934 1463 in
989 1406 1264 1478 prosperis
1295 1406 1662 1470 successibus,
1713 1412 1769 1459 et
1829 1404 1884 1458 in
1918 1417 1985 1458 ea

2097 1413 2143 1468 id
2186 1423 2271 1468 est
2302 1428 2410 1467 non
2433 1411 2746 1468 satisfacias
2774 1412 2974 1467 animis
3006 1412 3149 1476 tuis,
3175 1425 3301 1466 cum
3354 1419 3691 1467 commotus

412 1515 575 1571 quam
618 1500 823 1555 ducunt
873 1499 1138 1555 felicitate
1177 1500 1301 1553 vita:
1342 1498 1605 1567 positum,
1650 1496 1987 1552 scandaliza-

2097 1501 2256 1560 fueris
2281 1503 2346 1558 ad
2382 1504 2745 1569 iracundiam,
2784 1504 2878 1558 sed
2902 1503 3112 1569 desine,
3143 1502 3514 1573 derelinque,
3545 1517 3687 1557 con-

411 1610 559 1661 mur,
601 1603 653 1650 et
683 1592 987 1664 periculum
1017 1591 1145 1648 fidei
1191 1591 1550 1653 incurrimus,
1583 1599 1747 1659 atque
1777 1588 1830 1642 in
1862 1602 1985 1643 cor-

2097 1605 2288 1653 lemne.
2318 1595 2428 1652 Nos
2454 1611 2587 1652 vero
2615 1614 2736 1653 cum
2791 1599 2908 1652 haec
2961 1596 3219 1652 mandata
3273 1595 3681 1666 suscipiamus,

412 1688 481 1743 de
506 1695 697 1742 nostro
720 1685 1014 1741 adversum
1041 1684 1280 1741 divinam
1304 1682 1712 1737 Providentiam
1744 1696 1987 1749 conque~

2097 1697 2147 1745 et
2178 1691 2490 1745 econtrario
2521 1705 2648 1745 cum
2679 1689 2935 1744 commoti
2968 1687 3266 1753 fuerimus,
3306 1703 3422 1743 non
3468 1687 3547 1742 ab
3578 1688 3685 1741 ira-

412 1780 612 1846 rimur,
648 1778 897 1834 dicentes
925 1791 940 1829 :
969 1774 1109 1841 Quid
1153 1775 1374 1844 prodest
1419 1774 1567 1844 iuste
1618 1774 1814 1845 agerc?
1849 1748 1986 1830 Ecce
2012 1748 2062 1810 Β
2088 1781 2309 1846 cundia,
2344 1781 2438 1836 sed
2461 1795 2493 1834 ι
2526 1779 2938 1835 mansuetudine
2969 1748 3304 1843 desinimus,
3362 1792 3485 1833 non
3546 1776 3686 1831 indi-

410 1870 549 1939 justi
598 1868 950 1933 tribulantur,
988 1867 1080 1922 hic
1134 1868 1368 1937 injustus
1407 1867 1642 1921 feliciter
1686 1865 1818 1935 agit.
1846 1863 1989 1933 lnju-
2090 1871 2403 1941 gnationem
2437 1869 2812 1939 relinquimus,
2865 1869 2962 1925 sed
3014 1869 3318 1924 lenitatem.
3348 1866 3565 1923 Verum
3616 1882 3684 1920 ex

414 1972 533 2019 slus
559 1970 665 2026 est,
707 1970 764 2015 et
798 1961 864 2015 ad
890 1975 1131 2016 summas
1162 1961 1373 2015 divitias
1418 1960 1687 2028 pervenit,
1721 1958 1986 2013 bonorum
2090 1963 2197 2018 hoc
2223 1963 2414 2018 saltem
2441 1961 2776 2032 incipiamus
2808 1960 3102 2016 emendare
3170 1960 3570 2029 nosmetipsos,
3626 1970 3685 2012 et

2080 968 2179 1023 per
2204 955 2380 1025 ignem
2414 953 2661 1024 probari,
2696 953 2770 1008 ita
2809 962 2868 1007 ut
2920 965 3336 1022 permaneamus
3370 949 3590 1004 tandiu
3634 947 3689 1000 iu
3770 967 3779 972 -

415 2072 480 2112 ac
508 2064 830 2125 potestatum
865 2054 1139 2110 excelsum
1172 2056 1387 2110 culmen
1438 2054 1705 2118 ascendit,
1738 2053 1990 2108 fortassis

416 2149 611 2204 melius
645 2159 729 2203 est
767 2146 1024 2216 iujustum
1059 2162 1181 2203 esse
1223 2160 1384 2216 quam
1421 2147 1652 2217 justum.
1684 2144 1807 2200 Haec
1837 2144 1992 2199 infir—

417 2254 522 2295 mae
561 2250 619 2294 et
655 2237 876 2309 fragiles
904 2240 1119 2302 animae,
1155 2238 1369 2293 etiamsi
1415 2253 1526 2293 non
1562 2253 1656 2293 ore
1686 2236 1989 2308 proferunt,

418 2333 473 2390 in
526 2331 693 2387 corde
733 2346 832 2387 suo
868 2339 1047 2388 tamen
1081 2332 1396 2401 loquuntur,
1440 2346 1566 2388 cum
1612 2331 1847 2386 viderint
1888 2329 1993 2384 ini-

416 2438 556 2495 quos
603 2424 879 2494 prosperis
912 2424 1259 2480 successibus
1299 2437 1461 2494 agere
1515 2425 1571 2478 in
1624 2422 1712 2477 via
1759 2436 1878 2476 sua.
1926 2419 1994 2474 Et

419 2516 542 2571 ideo
563 2517 723 2571 nobis
748 2515 988 2571 mandati
1020 2515 1183 2583 hujus
1206 2515 1418 2570 medela
1441 2515 1739 2579 succurrit,
1758 2528 1847 2578 ne,
1866 2526 1993 2568 cum

422 2608 538 2661 hinc
567 2607 890 2674 viderimus,
912 2606 1247 2673 aemulemur,
1278 2607 1333 2661 id
1366 2614 1450 2661 est
1475 2620 1543 2660 ne
1584 2604 1863 2661 irrite'mus
1888 2603 1995 2659 Do-

423 2698 627 2753 minum
675 2698 961 2753 adversum
1012 2712 1111 2753 nos
1165 2697 1433 2766 loquendo
1470 2695 1597 2751 talia
1635 2696 1689 2749 in
1735 2694 1996 2751 cordibus

424 2791 792 2850 nostriszsed
847 2789 1153 2860 recogitare
1210 2788 1472 2845 debemus
1546 2790 1673 2859 quia
1750 2803 1996 2860 praesens

423 2884 679 2941 saeculum
730 2898 918 2939 eorum
967 2892 1072 2949 est,
1103 2881 1194 2950 qui
1228 2879 1423 2937 futurte
1478 2881 1834 2937 beatitudinis
1888 2897 1993 2936 non

429 2978 633 3032 habent
659 2990 831 3045 spem.
884 2973 951 3028 Et
982 2974 1105 3029 idco
1137 2973 1410 3043 patienter
1459 2972 1699 3029 feramus
1736 2973 1861 3030 illos
1909 2973 1996 3029 bis

426 3067 775 3125 successibus
804 3066 1082 3136 prosperis
1107 3080 1291 3136 agere,
1316 3068 1602 3137 percipere
1637 3067 1782 3122 bona
1812 3081 1908 3120 sua
1939 3066 1994 3119 in

427 3160 534 3214 vita
564 3173 687 3225 sua,
717 3158 887 3211 donec
916 3157 1099 3211 veniat
1120 3167 1173 3211 et
1195 3166 1467 3221 nostrum,
1499 3157 1567 3211 ad
1609 3157 1752 3226 quod
1785 3157 1994 3212 invitati

426 3262 636 3311 sumus,
667 3247 828 3319 661
866 3256 920 3301 et
944 3246 1104 3316 cujus
1138 3246 1295 3302 nobis
1325 3246 1652 3316 repromissa
1684 3257 1809 3301 sunt
1829 3248 1995 3314 bona,

433 3340 503 3396 ad
535 3338 678 3409 quod
714 3339 1061 3409 respicimus,
1087 3340 1140 3392 in
1166 3337 1311 3408 quod
1344 3351 1642 3408 speramus,
1674 3339 1827 3409 cujus
1855 3341 1997 3396 bona

431 3448 539 3492 non
566 3433 707 3489 sicut
731 3432 783 3487 in
818 3433 920 3487 hoc
940 3431 1139 3487 sazculo
1162 3441 1415 3505 tanquam
1434 3431 1628 3486 umbra
1646 3440 1996 3501 praetereunt,

431 3524 528 3581 sed
552 3533 875 3594 permanent
905 3523 960 3578 in
995 3533 1284 3578 :eternum.
1316 3522 1658 3594 lmpossibile
1695 3535 1876 3579 autem
1919 3533 2002 3580 est

429 3627 487 3675 et
513 3618 568 3673 in
600 3617 853 3687 praesenti
883 3615 1083 3671 saeculo
1108 3616 1251 3671 bona
1274 3615 1561 3685 consequi,
1604 3623 1659 3669 et
1706 3615 1760 3669 in
1795 3616 1996 3673 futuro.

431 3707 667 3764 Necesse
714 3715 799 3763 est
843 3709 989 3761 enim
1038 3706 1144 3763 dici
1192 3707 1306 3771 uni,
1337 3707 1462 3777 quia
1496 3720 1823 3764 consecutus
1850 3726 1911 3765 es
1945 3720 2000 3765 tu

430 3803 572 3856 bona
598 3800 651 3853 in
684 3800 793 3854 vita
826 3807 913 3852 tua
939 3815 952 3863 ;
998 3810 1051 3852 et
1082 3798 1195 3864 alii,
1226 3801 1350 3868 quia
1381 3811 1706 3857 consecutus
1733 3817 1790 3857 es
1821 3803 1997 3867 mala;

431 3902 487 3947 et
510 3892 651 3947 alter
673 3907 771 3961 pro
806 3891 967 3947 malis
996 3893 1159 3958 bona,
1186 3902 1242 3947 et
1276 3892 1414 3948 alter
1444 3909 1542 3962 pro
1569 3894 1724 3950 bonis
1747 3896 1886 3949 mala
1918 3910 2004 3950 re—

431 3983 621 4053 cipiat,
652 3983 793 4038 sicut
825 3983 1075 4054 excmplo
1098 3994 1226 4038 sunt
1255 3985 1345 4039 ille
1377 3986 1528 4040 dives
1563 3994 1618 4041 et
1670 3985 1999 4043 Lazarus“.

430 4072 555 4130 ldeo
584 4088 758 4145 ergo:
801 4072 931 4127 Noli
954 4073 1195 4127 aemulari
1218 4075 1274 4127 in
1323 4091 1383 4128 eo
1435 4075 1526 4143 qui
1572 4087 1910 4145 prosperatur
1948 4078 2004 4133 in

429 4169 516 4226 uia
537 4185 654 4233 sua,
689 4168 743 4221 in
770 4167 978 4220 homine
1007 4166 1237 4236 faciente
1257 4166 1611 4237 iniquitatem.

500 4261 556 4316 5.
579 4260 710 4315 Post
741 4259 857 4315 haec
886 4269 1195 4314 commonet
1223 4259 1417 4313 vitium
1467 4273 1577 4329 quo
1626 4274 1818 4317 omnes
1863 4275 2004 4332 pene

433 4355 747 4420 turbamur,
777 4361 834 4406 et
864 4350 1052 4406 nescio
1079 4350 1258 4405 sicubi
1296 4366 1459 4407 rarus
1483 4353 1609 4420 quis
1632 4352 1704 4407 ita
1728 4353 2004 4424 perfectus

2093 2056 2352 2126 paulatim
2379 2070 2477 2124 per
2506 2055 2903 2109 continentiam
2926 2061 3002 2107 et
3039 2053 3316 2108 assiduam
3354 2053 3681 2107 meditatio-

2092 2161 2215 2203 nem
2238 2148 2506 2203 lenientes
2539 2146 2902 2211 iracundiam,
2934 2144 3217 2200 veniamus
3243 2145 3411 2201 etiam
3468 2145 3527 2200 in
3576 2146 3680 2200 hoc

2093 2249 2154 2294 ut
2187 2239 2327 2295 ultra
2364 2255 2471 2296 non
2519 2240 2855 2304 irascamur;
2885 2245 3052 2305 atque
3105 2237 3511 2305 indignationis
3556 2251 3677 2305 qua:

2093 2348 2191 2403 per
2219 2331 2459 2388 furorem
2493 2331 2818 2397 concitatur,
2855 2330 3115 2398 impetum
3139 2330 3502 2385 retundentes
3541 2330 3679 2384 assi-

2095 2426 2218 2491 due,
2253 2424 2635 2495 perveniamus
2656 2437 2828 2492 usque
2857 2422 2913 2476 in
2941 2421 3073 2476 illud
3103 2437 3172 2478 ne
3219 2421 3368 2476 ultra
3422 2421 3678 2493 indigna-

2098 2517 2261 2572 tionis
2289 2516 2656 2572 commotione
2687 2515 2987 2572 turbemur.
3015 2513 3146 2569 Noli
3180 2513 3428 2570 inmutari
3458 2524 3522 2567 ut
3583 2527 3676 2566 ne-

2095 2609 2270 2679 quiter
2306 2608 2478 2677 facias
2509 2607 2578 2660 ⁷⁸.
2601 2605 2745 2671 Noli,
2781 2608 2974 2677 inquit,
3009 2608 3063 2661 in
3107 2606 3517 2660 annulationetu
3576 2620 3669 2658 ne-

2095 2701 2279 2771 quitia:
2328 2713 2557 2757 ca-teros
2602 2702 2948 2771 provocando
2982 2742 3001 2766 ,
3045 2699 3209 2754 etiam
3261 2699 3377 2768 ipse
3436 2711 3669 2766 nequam

2097 2795 2247 2862 ﬁeri;
2271 2795 2399 2865 quia
2428 2794 2702 2851 aemulatio
2734 2793 3101 2848 malivincere
3128 2808 3342 2863 semper
3382 2794 3436 2846 in
3466 2791 3668 2846 malitia

2097 2888 2263 2942 alium
2296 2887 2500 2943 studet.
2556 2932 2557 2937 η

2169 2979 2223 3033 4.
2282 2977 2424 3044 Quia
2476 2978 2567 3047 qui
2624 2978 2861 3047 nequiter
2908 2986 3087 3046 agunt,
3138 2976 3667 3038 exterminabnntur;

2021 3104 2066 3165 ϐ
2097 3072 2189 3141 qui
2222 3082 2397 3125 autem
2418 3079 2715 3139 exspectant
2746 3067 3055 3134 Dominum,
3092 3070 3193 3139 ipsi
3217 3070 3529 3123 hwreditate
3555 3084 3668 3139 pos-

2098 3164 2341 3218 sidebunt
2370 3173 2569 3218 terram
2595 3163 2664 3215 ⁷³.
2697 3163 2937 3231 Apparet
2961 3161 3089 3230 quia
3145 3163 3384 3233 nequitia
3413 3162 3523 3216 alia
3553 3162 3665 3230 qui-

2098 3257 2219 3311 dem
2260 3256 2469 3326 species
2502 3255 2626 3309 mali
2657 3264 2759 3321 est,
2790 3262 2989 3324 praeter
3015 3264 3209 3309 caetera
3242 3264 3489 3325 peccata.
3519 3253 3666 3309 Unde

2098 3358 2155 3406 et
2185 3351 2273 3405 hic
2305 3366 2486 3406 sermo
2511 3350 2729 3405 divinus
2759 3348 2926 3403 alium
2973 3349 3233 3404 describit
3297 3358 3661 3418 peccatorcm.

2100 3454 2155 3499 et
2183 3442 2349 3497 alium
2382 3457 2634 3512 nequam.
2672 3443 2814 3497 sicut
2838 3452 2893 3496 et
2933 3442 3002 3495 ibi
3034 3443 3204 3496 simili
3241 3443 3416 3497 utitur
3472 3442 3661 3496 distin-

2101 3536 2283 3589 ctione
2315 3550 2438 3588 cum
2468 3534 2603 3589 dicit
2631 3537 2677 3565 ⁸ο
2713 3548 2728 3587 :
2753 3533 2973 3589 Contere
3000 3531 3272 3587 brachium
3299 3530 3583 3599 peccatoris
3614 3534 3664 3579 et

2101 3627 2340 3698 maligni,
2381 3628 2432 3681 id
2462 3635 2545 3681 est
2583 3642 2834 3696 nequam.
2889 3628 2997 3684 Sed
3032 3636 3089 3682 et
3118 3624 3379 3679 Dominus
3411 3622 3464 3677 in
3494 3624 3663 3676 Evan-

2101 3719 2241 3790 gelio
2281 3718 2551 3774 diabolum
2579 3736 2682 3774 non
2710 3720 2849 3774 dixit
2893 3728 3241 3791 peccatorem
3276 3716 3657 3775 tantummodo.

2102 3812 2198 3867 sed
2233 3811 2550 3880 malignum,
2585 3811 2668 3865 vel
2704 3812 2925 3877 malum,
2962 3821 3017 3865 et
3053 3825 3176 3865 cum
3197 3811 3356 3864 docet
3392 3806 3444 3859 in
3469 3804 3661 3858 oratio-

2107 3919 2194 3969 ne,
2223 3906 2306 3958 vel
2339 3905 2472 3961 dicit
2502 3903 2548 3936 “
2581 3902 2729 3959 :Sed
2755 3903 2921 3958 libera
2961 3920 3057 3958 nos
3089 3919 3124 3955 a
3150 3901 3313 3955 malo.
3332 3901 3399 3955 Et
3427 3900 3554 3955 alibi
3581 3898 3655 3951 ":

2106 3996 2285 4050 Malus
2303 3998 2471 4090 .homo
2494 3996 2640 4066 fecit,
2665 3996 2783 4051 sive
2815 3994 3104 4067 malignus.
3129 3993 3405 4049 Deﬁniunt
3447 3991 3659 4062 quidam

2105 4082 2391 4161 πονηρῶν,
2419 4090 2471 4145 id
2506 4098 2587 4143 est
2615 4089 2942 4159 nequitiam,
2992 4096 3347 4157 spontaneam
3370 4084 3455 4139 vel
3482 4082 3661 4137 volun-

2108 4180 2303 4234 tariam
2339 4195 2459 4235 esse
2494 4179 2777 4234 malitiam.
2813 4178 2972 4233 Aliud
3003 4176 3251 4233 estenim
3292 4191 3389 4245 per
3421 4175 3661 4246 ignoran-

2110 4271 2240 4323 tiam
2276 4270 2418 4323 mala
2451 4284 2635 4340 agere,
2658 4278 2714 4324 et
2743 4269 2936 4324 vincia
2973 4268 3161 4324 malo:
3195 4266 3340 4321 aliud
3375 4276 3460 4321 est
3487 4263 3658 4320 volun-

2107 4370 2221 4416 tate
2238 4373 2293 4417 et
2322 4363 2503 4417 studio
2539 4362 2677 4417 mala
2703 4362 2902 4428 facere,
2927 4371 2982 4417 et
3008 4362 3111 4416 hoc
3137 4368 3222 4415 est
3245 4358 3506 4428 nequitia.
3526 4354 3660 4411 Unde

430 4447 758 4512 inveniatur,
785 4444 876 4515 qui
908 4453 1092 4498 careat
1119 4442 1223 4498 hoc
1250 4443 1460 4498 morbo.
1491 4442 1708 4510 Desine,
1740 4445 1996 4516 inquit",

2108 4466 2164 4512 et
2199 4456 2394 4512 merito
2423 4455 2667 4511 diabolus
2698 4456 2800 4511 hoc
2828 4456 3047 4510 nomine
3075 4454 3330 4525 πονηρός,
3367 4451 3421 4505 id
3451 4459 3533 4505 est
3555 4464 3657 4503 ma-

430 4543 495 4599 ab
523 4542 629 4605 ira,
660 4550 708 4594 et
739 4539 1042 4609 derelinque
1064 4538 1505 4607 indignationem.
1560 4537 1729 4593 Multa
1762 4550 1891 4595 sunt
1917 4541 1997 4595 vi-

433 4635 527 4700 tia,
560 4650 679 4703 qua:
711 4651 738 4687 a
769 4633 951 4686 multis
986 4631 1146 4686 facile
1175 4633 1435 4689 vitantur.
1484 4631 1646 4687 Verbi
1679 4649 1845 4688 causa
1897 4634 2003 4687 im-

430 4727 704 4797 pudicitiae
738 4728 958 4782 malum.
991 4727 1049 4783 Si
1075 4729 1200 4797 quis
1230 4743 1451 4796 operam
1475 4728 1691 4782 enixius
1713 4729 1999 4783 continen-

430 4821 521 4875 tiae
548 4820 778 4887 dederit,
813 4821 1206 4890 impudicitiam
1233 4820 1451 4889 abiecit.
1496 4820 1774 4891 Aliquanti
1831 4823 1999 4877 etiam

429 4913 717 4969 avaritiam
749 4912 1126 4983 subjugarunt,
1164 4914 1234 4969 ita
1289 4923 1349 4967 ut
1382 4927 1507 4968 cum
1543 4912 1594 4967 in
1632 4914 1844 4967 caeteris
1889 4928 1997 4968 non

431 5009 542 5065 sint
575 5008 821 5078 perfecti,
853 5008 1142 5062 videantur
1173 5018 1349 5061 tamen
1392 5006 1568 5061 vitare
1607 5008 1710 5060 hoc
1777 5008 2000 5071 malum,

431 5102 525 5156 sed
548 5108 603 5156 et
639 5100 743 5157 alia
786 5101 1065 5157 nonnulla.
1120 5100 1418 5154 lracundiae
1465 5109 1647 5153 autem
1702 5099 1896 5153 durum
1949 5108 2005 5153 et

431 5205 649 5249 acutum
693 5194 905 5260 vitium,
952 5193 1247 5249 inﬂammat
1295 5202 1351 5247 et
1396 5195 1639 5263 exagitat
1687 5192 1852 5246 etiam
1910 5207 2005 5249 eos

431 5287 523 5355 qui
550 5287 799 5343 videntur
844 5301 965 5341 esse
992 5286 1282 5357 sapientes.
1340 5283 1492 5341 Unde
1521 5293 1576 5339 et
1622 5283 1881 5340 Salomon
1948 5285 2001 5340 in

429 5376 739 5434 Proverbiis
770 5378 965 5434 dicit"
998 5393 1009 5426 :
1047 5376 1140 5431 Ira
1166 5378 1338 5447 perdit
1366 5377 1529 5432 etiam
1576 5377 1878 5447 prudentes.
1937 5379 1995 5435 Id

500 5613 544 5643 ⁷³
584 5611 722 5664 Psal.
752 5628 977 5671 Lxxvm.
1007 5612 1059 5665 8.
1134 5614 1180 5650 ⁷³
1216 5613 1361 5667 Psal.
1399 5629 1585 5677 xxxvi,
1632 5613 1683 5668 7.

434 5698 515 5745 ιιι,
560 5682 644 5736 12.
722 5684 766 5712 ⁷⁸
800 5683 940 5736 Psal.
975 5700 1160 5745 xxxvi,
1194 5686 1246 5737 8.

433 5768 505 5817 λι,
544 5753 628 5806 15.
720 5752 765 5783 ⁸³
800 5752 973 5808 Exod.
1011 5768 1131 5821 xm,
1165 5755 1220 5809 5.
1320 5756 1364 5786 ⁸³
1399 5754 1653 5824 ΜειῑιῑιΝ,
1686 5759 1737 5810 4.

1782 5615 1827 5645 ⁷⁸
1863 5614 1993 5670 Luc.
2037 5632 2150 5673 xvi.

1327 5684 1372 5714 τ’
1398 5685 1527 5755 ibid.
1561 5686 1612 5738 9.
1691 5685 1734 5717 ⁸³
1772 5685 1910 5741 I’sal.
1952 5704 2004 5755 Χ,
2045 5688 2130 5744 15.

2105 4548 2307 4617 lignus,
2337 4546 2421 4603 vel
2453 4561 2707 4615 nequam,
2735 4545 3059 4616 appellatur.
3091 4544 3197 4598 Sed
3225 4551 3280 4597 et
3303 4541 3458 4596 nobis
3479 4552 3661 4610 expro—

2102 4645 2269 4696 brans
2287 4639 2535 4694 Salvator
2547 4640 2830 4694 dicebat”:
2858 4639 2919 4694 Si
2939 4653 3062 4707 ergo
3087 4647 3132 4689 et
3152 4652 3237 4690 vos
3255 4651 3374 4688 cum
3388 4635 3506 4690 sitis
3525 4630 3657 4694 mali,

2104 4736 2247 4789 scitis
2281 4737 2415 4788 bona
2448 4735 2574 4786 data
2600 4734 2729 4786 dare
2744 4731 2870 4800 ﬁliis
2892 4733 3100 4785 uestris.
3142 4728 3208 4784 Et
3229 4744 3375 4783 nunc
3397 4742 3527 4797 ergo
3555 4726 3655 4781 ait:

2109 4827 2369 4893 Quoniam
2392 4826 2483 4896 qui
2524 4827 2759 4892 nequiter
2806 4833 2991 4893 agunt,
3018 4821 3540 4885 exterminabuntur;
3580 4814 3656 4888 qui

2108 4929 2282 4972 autem
2308 4927 2609 4987 exspectant
2639 4916 2942 4978 Dominum,
2964 4915 3063 4983 ipsi
3087 4912 3395 4966 hrcreditate
3431 4910 3656 4981 posside-

2109 5012 2233 5064 bunt
2270 5021 2484 5063 terram.
2512 5008 2607 5062 Est
2626 5017 2682 5062 et
2720 5007 2825 5060 alia
2851 5007 3095 5076 quaedam
3126 5014 3298 5069 terra,
3347 5004 3436 5058 illa
3473 5004 3537 5057 dc
3567 5013 3657 5068 qua

2108 5103 2389 5173 Scriptura
2423 5101 2552 5157 dicit
2572 5100 2640 5163 ⁸⁵,
2676 5098 2851 5154 fluens
2875 5099 2958 5153 lac
2985 5106 3041 5152 et
3067 5097 3190 5161 mel,
3217 5110 3376 5165 quam
3423 5094 3658 5149 Salvator

2109 5196 2162 5250 in
2216 5195 2524 5266 Evangeliis
2584 5194 2914 5264 repromittit
2960 5191 3292 5252 mansuetis,
3345 5184 3603 5243 dicens“
3643 5200 3655 5235 :

2107 5288 2261 5343 Beati
2292 5288 2578 5353 mansueti,
2615 5287 2865 5356 quoniam
2929 5284 3031 5354 ipsi
3086 5281 3417 5352 possidebunt
3453 5291 3654 5332 terram.

2102 5381 2231 5437 Haec
2268 5391 2454 5437 nostra
2489 5395 2651 5452 quam
2683 5380 2996 5435 habitamus
3021 5375 3243 5448 proprio
3268 5371 3529 5431 vocabulo
3559 5371 3656 5424 ari-

3431 5607 3472 5639 ⁷⁷
3493 5606 3508 5658 Ι
3536 5604 3651 5659 Cor.

2226 5619 2275 5651 ’⁷⁵
2308 5617 2448 5672 Psal.
2484 5633 2668 5674 xxxvi.
2702 5615 2753 5671 8.
2830 5614 2877 5646 ⁷⁸
2914 5613 3074 5668 Prom
3110 5627 3267 5677 χχιχ,
3300 5611 3352 5665 8.
3431 5611 3508 5658 "l
3536 5611 3636 5659 Cor

2226 5690 2253 5721 II
2286 5688 2447 5728 Miillh
2510 5704 2559 5728 \.‘l
2618 5688 2682 5728 13
2812 5686 2857 5719 ⁸³
2912 5684 3245 5728 Maltlem-
3280 5683 3366 5728 98.
3453 5678 3499 5708 ⁸³
3534 5674 3636 5728 LUC

2212 5689 2253 5722 ⁸⁸
2282 5688 2471 5744 Matth.
2510 5704 2582 5753 vt,
2618 5688 2703 5743 15.
2812 5686 2857 5719 ⁸⁸
2908 5684 3103 5741 Matth.
3128 5699 3247 5750 xui,
3280 5683 3366 5737 28.
