4020 6152
392 208 532 264 1555

1127 203 1435 261 SELECTA
1471 205 1539 262 IN
1584 203 1922 262 PSALMOS.
1967 232 2034 241 —
2076 200 2308 259 llOM’lL.
2347 164 2390 259 l!
2431 203 2497 258 IN
2538 201 2731 259 PSAL.
2774 200 3014 257 XXXVI.

3491 201 3620 257 i333

388 327 456 381 da
489 323 812 396 appellatur,
838 322 979 379 sicut
1007 331 1062 378 et
1089 324 1287 381 caelum
1319 326 1462 382 istud
1493 327 1634 397 quod
1656 330 1950 387 intuemur.
1983 330 2027 379 Α
2059 323 2285 393 mystica
2318 323 2530 377 ratione
2558 321 2957 377 ﬁrmamentum
2984 319 3329 377 factumesse
3360 314 3619 377 dicitur“

387 417 600 489 proprie
624 416 1026 471 ﬁrmamentum
1058 415 1278 472 dicitur.
1314 416 1394 472 Ex
1429 418 1789 488 appellatione
1826 433 1955 470 vero

386 511 612 565 alterius
640 509 764 564 cteli
796 510 961 564 etiam
993 510 1132 565 istud
1166 512 1567 565 firmamentum
1600 509 1723 566 caeli
1761 524 1952 563 nomen

383 600 619 669 accepit,
646 600 792 656 sicut
821 599 1015 655 edocet
1065 600 1353 669 Scriptura
1401 601 1678 657 Geneseas
1700 601 1766 655 ".
1815 600 1953 666 Quid

381 704 511 759 ergo
539 689 655 745 est?
688 689 742 743 In
790 690 1046 760 praesenti
1078 691 1297 759 quidem
1326 692 1437 746 vita
1482 693 1686 746 utimur
1714 691 1854 746 cinia
1901 700 1955 744 et

384 790 526 835 terra
558 780 864 838 visibilibus
894 781 1038 847 istis,
1081 782 1135 836 in
1170 783 1365 851 quibus
1402 784 1513 839 veri
1542 784 1665 838 caeli
1699 793 1751 839 et
1809 796 1951 837 verae

385 883 546 929 terra:
568 885 766 943 praeter
799 876 1019 930 nomina
1057 875 1193 929 nihil
1240 875 1387 930 aliud
1446 877 1750 932 invenimus
1784 892 1800 929 :
1854 876 1946 928 sed

382 965 588 1020 idcirco
613 966 700 1019 hic
736 965 807 1019 ita
839 966 1080 1020 arbitror
1112 967 1402 1037 appellata,
1434 978 1512 1033 ut,
1546 983 1666 1022 cum
1721 968 1834 1023 hrec
1874 968 1944 1019 ita

385 1053 754 1121 nominantur,
779 1054 868 1108 illa
898 1070 1019 1125 qua:
1039 1071 1165 1111 vera
1198 1066 1253 1112 et
1282 1072 1474 1128 magna
1514 1069 1662 1123 sunt,
1695 1061 1760 1113 ad
1812 1058 1955 1112 desi—

385 1143 599 1198 derium
624 1154 680 1199 et
703 1147 1017 1201 memoriam
1046 1150 1547 1218 cognaminantium
1575 1154 1815 1208 veniant.
1848 1154 1949 1221 Qui

384 1243 515 1288 sunt
560 1243 742 1290 autem
788 1236 878 1305 qui
941 1238 1263 1295 haereditate
1307 1242 1662 1309 possidebunt
1715 1248 1953 1300 terrain?

387 1325 493 1391 Qui
518 1337 840 1397 exspectant.
869 1328 1067 1399 inquit,
1096 1329 1400 1388 Dominum.
1434 1333 1818 1405 Exspectamus
1847 1337 1953 1392 Do-

384 1418 616 1482 minum,
636 1418 762 1488 quia
793 1418 906 1488 ipse
935 1428 1020 1476 est
1043 1423 1381 1491 exspectatio
1412 1432 1595 1479 nostra
1639 1434 1694 1481 et
1740 1426 1953 1494 patien—

387 1511 484 1574 tia,
512 1510 654 1564 sicut
684 1510 944 1582 scriptum
968 1521 1055 1566 est
1079 1512 1125 1544 ⁸⁷
1150 1529 1165 1565 :
1202 1512 1268 1566 Et
1300 1529 1435 1568 nunc
1452 1530 1569 1584 qua
1588 1525 1663 1569 est
1688 1529 1954 1584 exspectao

386 1603 458 1655 tio
486 1602 647 1657 mea?
677 1620 853 1658 nonne
874 1603 1176 1659 Dominus?
1203 1605 1353 1659 Sicut
1401 1622 1529 1676 ergo
1559 1607 1813 1663 Salvator
1858 1625 1948 1664 sa-

389 1695 592 1764 pientia
616 1705 701 1752 est
728 1705 783 1752 et
800 1711 906 1766 pax
933 1696 1241 1766 etjustitia,
1284 1701 1357 1754 ita
1388 1708 1471 1754 est
1491 1709 1549 1755 et
1591 1705 1948 1772 exspectatio.

385 1786 470 1840 vel
503 1786 784 1856 patientia.
813 1788 882 1842 Et
910 1789 1055 1844 sicut
1096 1790 1517 1859 participatione
1557 1792 1783 1860 iustitiae
1835 1794 1952 1863 ejus

380 1876 510 1944 justi
541 1877 827 1944 ellicimur,
863 1888 920 1935 et
949 1881 1375 1952 participatione
1403 1883 1684 1952 sapientia:
1710 1884 1825 1953 ejus
1859 1902 1950 1939 sa-

383 1970 616 2039 pientes,
641 1968 717 2024 ita
741 1978 796 2025 et
823 1971 1241 2042 participatione
1268 1971 1545 2042 patientiae
1574 1972 1693 2042 ejus
1743 1976 1953 2046 patien-

385 2066 468 2111 tes
491 2056 780 2120 eﬂicimur.
820 2058 914 2115 Est
939 2075 1070 2131 ergo
1091 2061 1238 2117 velut
1269 2060 1388 2118 fans
1416 2063 1634 2133 quidam
1671 2068 1950 2136 perennis,

386 2149 450 2199 ile
476 2163 583 2218 qua
603 2149 823 2204 haurire
849 2165 1141 2221 possumus
1183 2162 1239 2208 et
1293 2155 1638 2224 patientiam,
1685 2166 1743 2211 et
1783 2157 1949 2226 justi-

387 2241 536 2306 tiam,
564 2249 623 2296 et
675 2242 1020 2312 sapientiam,
1081 2254 1138 2301 et
1180 2247 1362 2301 omnia
1419 2262 1758 2319 quaecunque
1826 2261 1954 2305 sunt

382 2333 641 2388 virtutum
667 2334 914 2401 bona;si
961 2344 1139 2391 tamen
1162 2337 1326 2402 bona,
1367 2338 1527 2408 digna
1570 2348 1626 2394 et
1683 2354 1816 2409 pura
1857 2356 1953 2395 va-

383 2424 532 2479 scula
568 2435 749 2481 nostra
787 2427 1092 2484 deferamus
1112 2430 1178 2485 ad
1205 2430 1429 2485 fontem.
1475 2432 1567 2485 Ait
1622 2447 1793 2504 ergo:
1848 2433 1951 2498 Qui

385 2530 559 2574 autem
580 2531 878 2588 exspectant
902 2522 1213 2589 Dominum,
1246 2524 1348 2593 ipsi
1371 2526 1780 2580 luereditabunt.

454 2611 506 2665 5.
530 2614 659 2668 Post
688 2614 802 2668 haec
829 2624 1009 2669 autem
1062 2630 1367 2672 sermonem
1417 2620 1704 2687 quemdam
1746 2618 1954 2674 addidit

384 2703 694 2771 mysticum,
736 2706 826 2775 qui
862 2722 1027 2777 super
1057 2708 1302 2763 auditum
1329 2722 1508 2763 meum
1561 2711 1653 2775 sit,
1685 2719 1739 2766 et
1784 2725 1949 2780 supra

385 2795 620 2866 linguam
652 2811 850 2863 meam,
897 2798 990 2868 qui
1051 2801 1278 2857 excedat
1326 2816 1545 2857 sensum
1598 2817 1802 2858 meum.
1859 2805 1953 2858 Ait
2046 2805 2161 2874 jam
2188 2802 2400 2858 dictum
2431 2811 2516 2858 est
2550 2817 2581 2856 a
2614 2800 2821 2870 Spiritu
2862 2809 3054 2856 saneto
3080 2815 3175 2869 per
3215 2800 3381 2854 David
3437 2815 3450 2852 :

384 2889 552 2954 enim,
579 2888 693 2944 sive
720 2890 786 2945 de
814 2893 1067 2949 omnibus
1116 2895 1522 2961 peccatoribus,
1565 2894 1680 2949 sive
1730 2895 1799 2947 de
1846 2912 1951 2949 uno

2057 416 2201 484 quod
2235 423 2520 485 separaret
2550 416 2695 471 inter
2725 430 2891 485 aquas
2916 425 2973 471 et
3028 429 3218 485 aquas,
3261 423 3318 470 et
3357 414 3623 470 divideret

2059 502 2424 560 habitaculum
2450 506 2763 562 mortalium
2793 521 2825 561 a
2848 506 3070 561 sedibus
3101 514 3156 561 et
3180 505 3503 560 habitaculis
3529 520 3618 558 an-

2055 599 2317 666 gelarum.
2344 600 2423 655 Ex
2452 616 2518 656 eo
2548 617 2678 671 ergo
2696 602 2846 657 locus
2875 603 3033 658 nobis
3067 602 3447 671 peccatoribus
3469 603 3618 655 arida

2055 689 2191 755 lucc,
2218 705 2381 759 quam
2427 692 2590 747 etiam
2626 702 2824 747 terram
2875 692 3276 761 cognominavit
3341 693 3617 756 Dominus,

2056 781 2309 844 deputata
2341 789 2443 836 est.
2483 780 2586 837 Sed
2617 792 2672 837 et
2702 782 2805 838 alia
2841 783 3087 851 quaedam
3117 782 3233 837 loca
3271 782 3617 839 nominantur

2055 886 2225 940 aquae,
2257 871 2457 941 quibus
2485 873 2785 943 superferri
2845 874 3080 943 Spiritus
3138 874 3347 929 Domini
3399 873 3618 929 dicitur.

2055 962 2117 1015 Et
2152 962 2255 1016 alia
2287 963 2528 1032 quaedam
2578 963 2694 1017 loca
2731 966 2959 1033 abyssus
3008 965 3386 1032 nominantur,
3425 965 3619 1035 quibus

2056 1054 2288 1108 tenebrae
2317 1055 2673 1123 superpositae
2723 1057 3051 1112 referuntur.
3102 1056 3169 1111 Et
3198 1057 3264 1111 de
3296 1057 3453 1125 aquis
3497 1058 3618 1125 qui-

2055 1146 2175 1200 dem
2206 1146 2407 1201 dicitur
2447 1146 2500 1199 in
2543 1146 2647 1201 alia
2687 1146 2966 1213 Scriptura
3001 1147 3071 1211 9',
3111 1147 3235 1216 quia
3278 1144 3523 1202 Viderunt
3571 1160 3619 1201 te

2054 1254 2229 1306 aquaz,
2258 1237 2436 1306 Deus,
2490 1239 2731 1293 viderunt
2783 1251 2832 1293 te
2885 1255 3060 1308 aquae,
3102 1249 3151 1295 et
3189 1241 3495 1294 timuerunt.
3543 1240 3619 1293 De

2055 1330 2249 1399 abysso
2277 1338 2456 1384 autem
2498 1328 2650 1393 dicit,
2702 1329 2829 1399 quia
2877 1329 3187 1384 conturbata
3231 1340 3307 1383 est
3361 1330 3616 1399 abyssus,‘

2053 1419 2172 1473 sine
2201 1418 2364 1474 dubia
2393 1420 2519 1489 quia
2551 1435 2656 1475 non
2693 1419 2859 1475 habet
2885 1435 3095 1490 pacem,
3132 1422 3228 1477 sed
3272 1422 3436 1476 habet
3471 1432 3627 1475 teuc-

2054 1511 2180 1567 bras
2203 1512 2594 1582 supcrpasitas.
2634 1511 2740 1569 Sed
2785 1523 2841 1569 et
2885 1515 3158 1570 daemones
3216 1515 3295 1569 in;
3327 1513 3621 1585 Evangelia

2054 1617 2250 1673 rogare
2276 1603 2538 1658 dicuntur
2585 1618 2655 1659 ne
2709 1603 3001 1673 iubeantur
3049 1605 3200 1660 abire
3250 1605 3302 1659 in
3342 1607 3618 1677 abyssum,

2056 1694 2197 1747 velut
2229 1694 2283 1748 in
2312 1693 2488 1749 locum
2515 1694 2806 1761 quemdam
2837 1708 3014 1764 paenae
3043 1703 3099 1750 et
3127 1711 3186 1751 se
3234 1704 3290 1751 et
3321 1696 3436 1751 suis
3482 1700 3618 1753 acti-

2054 1786 2150 1840 bus
2181 1785 2423 1855 dignum.
2461 1784 2576 1841 Non
2603 1785 2777 1841 solum
2826 1802 2959 1857 ergo
3010 1798 3262 1858 peccator
3319 1805 3423 1845 non
3487 1794 3615 1856 erit,

2051 1878 2146 1932 sed
2174 1876 2339 1932 etiam
2375 1876 2525 1933 locus
2552 1876 2689 1946 ejus,
2724 1880 2975 1950 quisquis
3008 1878 3097 1934 ille
3123 1888 3227 1947 est,
3246 1890 3538 1950 quaeretur,
3567 1894 3620 1938 et

2053 1986 2158 2025 non
2188 1971 2316 2027 erit.

2120 2062 2170 2116 6.
2206 2061 2475 2118 Mansueti
2495 2072 2666 2119 autem
2689 2067 3070 2123 haereditabunt
3105 2077 3299 2122 terram
3319 2069 3386 2121 ⁸³.
3417 2068 3620 2121 Adver-

2052 2169 2169 2208 sum
2198 2153 2607 2211 Valentinianos
2637 2166 2693 2212 et
2721 2166 2951 2213 caeteros
2979 2160 3285 2225 haereticos,
3314 2162 3403 2228 qui
3429 2168 3622 2227 putant

2054 2248 2389 2304 Salvatorem
2420 2264 2598 2304 meum
2628 2249 2809 2305 dicere
2843 2250 2895 2302 in
2933 2249 3248 2321 Evangelia,
3273 2265 3393 2319 quae
3435 2250 3488 2304 in
3520 2265 3621 2305 an—

2053 2340 2446 2410 tiquisLitteris
2469 2356 2578 2397 non
2610 2350 2758 2405 sunt,
2788 2340 3145 2411 proferendus
3168 2349 3252 2397 est
3300 2342 3404 2396 iste
3442 2342 3620 2396 versi-

2052 2432 2227 2497 culus,
2261 2433 2402 2488 sicut
2431 2441 2487 2488 et
2513 2446 2612 2488 nas
2643 2432 2928 2488 didicimus
2958 2447 2991 2486 a
3042 2434 3272 2503 quadam
3302 2435 3625 2505 presbytero

2051 2525 2299 2594 proferre
2329 2523 2444 2579 haec
2502 2524 2569 2578 ad
2628 2524 3031 2579 canvincendos
3077 2538 3190 2579 eos.
3251 2522 3402 2590 Quod
3470 2524 3620 2578 enim

2054 2619 2259 2673 dictum
2288 2625 2377 2672 est
2417 2617 2470 2671 in
2502 2616 2798 2687 Evangelia
2817 2615 2865 2649 ³⁸
2900 2634 2918 2670 :
2974 2615 3127 2670 Beati
3170 2617 3450 2681 mansueti,
3491 2633 3623 2686 quo-

2053 2712 2200 2767 niam
2235 2711 2339 2780 ipsi
2361 2711 2748 2766 Iiazreditabunt
2779 2720 2995 2776 terram,
3024 2709 3146 2763 vide
3176 2708 3446 2777 quomodo
3493 2720 3625 2764 ante

3511 2801 3621 2854 imo

2054 2897 2171 2957 ipse
2205 2895 2458 2951 Christus
2495 2908 2640 2949 nunc
2672 2894 2726 2947 in
2756 2892 3060 2962 Evangeliis
3082 2893 3252 2949 dicit:
3293 2891 3447 2946 Beati
3470 2908 3623 2945 man-

385 2979 568 3049 aliquo
599 2993 910 3049 peccatore,
938 2984 1293 3054 singulariter
1319 2988 1463 3041 enim
1493 2986 1625 3042 dicit
1647 2988 1694 3020 ⁸⁸
1725 3006 1740 3041 :
1770 2987 1950 3051 Plusit-
1976 3013 2018 3070 ρ
2052 2989 2212 3055 sueti,
2236 2990 2482 3059 quoniam
2522 2988 2622 3056 ipsi
2660 2987 2968 3042 hiereditate
3013 2987 3350 3052 possidebunt
3400 2993 3616 3041 terram.

386 3071 493 3126 lum
525 3073 722 3137 adhuc,
763 3085 810 3129 et
840 3092 942 3130 non
1001 3077 1165 3149 662
1215 3079 1316 3132 erit
1370 3090 1628 3146 peccator.
1688 3080 1947 3136 Pusillum

386 3165 559 3222 adhuc
594 3167 836 3235 profecto
862 3185 893 3223 a
924 3171 1179 3238 praesenti
1219 3178 1463 3241 tempore
1506 3187 1677 3242 usque
1712 3175 1778 3228 ad
1812 3190 1949 3231 can-

386 3259 802 3314 snmmationem
837 3259 1021 3315 saeculi
1052 3277 1173 3318 esse
1210 3262 1368 3329 dicit,
1393 3271 1486 3319 aut
1518 3265 1754 3321 fortasse
1786 3268 1949 3321 etiam

387 3351 525 3405 nltra
552 3356 1075 3411 consummationem
1121 3356 1328 3422 saeculi,
1360 3367 1415 3412 et
1445 3358 1620 3414 donec
1675 3359 1765 3414 ille
1814 3360 1954 3429 ignis

387 3443 578 3499 vindex
609 3455 894 3502 consumat
930 3447 1294 3503 adversarios.
1355 3446 1412 3502 Si
1459 3458 1642 3504 autem
1692 3451 1790 3504 ﬁat
1843 3451 1948 3506 hoc

386 3536 567 3605 aliqua
593 3537 879 3604 moda,nan
908 3540 1013 3594 erit
1047 3550 1317 3609 peccator,
1344 3550 1397 3596 et
1448 3556 1554 3610 qua
1587 3542 1799 3598 ratione
1835 3542 1953 3597 fieri

385 3629 553 3697 possit
578 3638 919 3699 utpeccatar
954 3647 1060 3688 non
1091 3632 1186 3700 sit,
1215 3632 1472 3689 discutiat
1499 3642 1555 3689 et
1582 3635 1828 3704 requirat
1860 3635 1953 3705 qui

384 3729 581 3787 potest.
643 3718 1008 3776 Verumtamen
1055 3722 1309 3792 pusillum
1366 3724 1561 3790 adhuc,
1605 3734 1652 3779 et
1701 3742 1803 3779 non
1855 3728 1954 3780 erit

386 3822 647 3879 peccator,
671 3824 718 3866 et
734 3831 937 3884 quwres
957 3814 1126 3868 locum
1152 3816 1265 3883 ejus
1291 3823 1341 3870 et
1391 3833 1496 3872 non
1538 3818 1790 3877 invenies.
1836 3817 1952 3873 Non

386 3906 559 3961 solum
599 3916 778 3961 autem
801 3916 1059 3977 peccator
1084 3923 1190 3963 non
1222 3908 1350 3974 erit,
1379 3909 1473 3963 sed
1510 3923 1611 3964 nec
1640 3908 1792 3964 locus
1829 3925 1955 3979 pec-

387 3999 590 4055 rataris
617 3999 743 4058 erit.
765 3999 898 4066 Quis
916 4008 1001 4055 est
1036 4009 1219 4054 autem
1266 3999 1417 4055 locus
1466 4001 1794 4069 peccatoris,
1850 4001 1952 4058 nisi

388 4102 487 4145 ista
538 4106 659 4159 qua:
711 4090 1076 4160 praetereunt?
1119 4088 1347 4154 Cretum,
1388 4090 1565 4160 inquit
1594 4092 1663 4156 ⁸³,
1716 4102 1766 4146 et
1813 4102 1954 4146 terra

390 4183 741 4243 pt'teleribunt.
772 4182 901 4238 Sine
927 4182 1090 4237 dubio
1116 4197 1244 4249 ergo
1266 4196 1389 4235 cum
1427 4182 1544 4251 ipso
1571 4194 1794 4251 peccato
1812 4185 1953 4251 quod

389 4275 669 4342 praeteriit,
695 4275 859 4329 etiam
888 4274 1039 4329 locus
1065 4272 1338 4343 praeteriet
1362 4275 1688 4342 peccatoris.
1730 4274 1949 4342 Caelum,

2053 3081 2370 3134 Additsana
2411 3078 2681 3147 PrOpheta
2710 3077 2875 3132 etiam
2918 3077 3154 3145 amplius
3203 3076 3405 3146 aliquid
3456 3092 3619 3146 quam

2054 3174 2106 3228 in
2143 3173 2432 3243 Evangelia
2477 3171 2723 3241 legimus,
2759 3171 2946 3225 dicens
2971 3169 3020 3201 ⁸⁸
3059 3187 3074 3225 :
3116 3168 3184 3222 Et
3227 3170 3624 3223 delectabantur

2053 3266 2107 3318 in
2132 3264 2468 3318 multitudine
2492 3265 2661 3331 pacis.
2696 3262 2875 3315 Etiam
2904 3261 2992 3316 hic
3022 3275 3275 3316 sermone
3304 3261 3421 3329 ipso
3453 3260 3623 3315 utitur

2053 3357 2294 3421 Graecus,
2319 3357 2384 3410 de
2420 3370 2529 3425 qua
2555 3365 2609 3410 et
2653 3354 2904 3423 superius
2963 3352 3217 3419 diximus,
3273 3354 3624 3424 κατατρυφή-

2056 3467 2256 3514 σουσιν,
2288 3450 2340 3504 id
2387 3457 2488 3514 est,
2526 3448 2925 3503 deliciabuntur
2950 3445 3120 3513 magis
3164 3459 3325 3513 quam
3388 3444 3623 3499 delecta-

2053 3541 2276 3596 buntur.
2337 3541 2508 3608 Igitur
2558 3538 2959 3594 deliciabuntur
2991 3576 3007 3600 ,
3051 3538 3165 3593 sive
3212 3536 3620 3591 delectabuntur

2055 3633 2324 3689 mansueti
2350 3633 2402 3687 in
2436 3630 2784 3687 multitudine
2808 3630 2979 3699 pacis.
3008 3628 3063 3682 Si
3096 3627 3186 3696 qni
3222 3635 3349 3682 sunt
3376 3628 3624 3682 carnales

2056 3726 2325 3788 homines,
2367 3724 2706 3778 delectantur
2738 3724 2791 3776 in
2821 3721 2958 3776 cibis
2981 3720 3071 3789 qui
3104 3719 3452 3773 destruantur
3497 3734 3623 3773 cum

2057 3828 2243 3873 ventre
2266 3833 2385 3878 suo,
2414 3817 2625 3871 sicutet
2658 3812 2946 3883 Apostolus
2972 3811 3103 3865 dicit
3134 3811 3179 3844 θ’
3209 3829 3223 3865 τ
3264 3810 3410 3865 Esca:
3435 3815 3622 3874 ventri,

2056 3922 2101 3965 et
2124 3920 2295 3964 venter
2318 3908 2472 3973 escis,
2518 3907 2657 3960 Deus
2683 3915 2858 3959 autem
2907 3905 3046 3958 [tunc
3103 3914 3149 3958 et
3198 3901 3318 3957 illas
3367 3904 3625 3957 destruet.

2058 4001 2246 4056 Sancti
2278 4008 2456 4054 autem
2488 3998 2620 4052 istas
2653 4012 2868 4066 quoque
2911 3996 3134 4051 delicias
3167 4004 3521 4050 contemnunt
3571 4006 3627 4048 et

2059 4091 2405 4162 despiciunt:
2437 4089 2640 4144 habent
2668 4097 2849 4143 autem
2900 4086 3121 4143 delicias
3169 4089 3221 4140 in
3281 4087 3628 4141 multitudine

2059 4188 2229 4256 pacis.
2256 4182 2544 4239 Multitudo
2575 4190 2754 4236 autem
2784 4179 2932 4249 pacis
2960 4193 3083 4234 esse
3111 4179 3314 4234 dicitur
3351 4179 3403 4232 in
3432 4179 3625 4233 diebus

2056 4278 2283 4336 Christi.
2315 4277 2392 4332 Ita
2421 4274 2565 4331 enim
2594 4273 2857 4342 scriptum
2881 4272 3028 4327 est”7
3066 4288 3078 4323 :
3111 4270 3179 4325 Et
3211 4270 3492 4325 multitudo
3530 4288 3627 4339 pa-

390 4368 582 4438 inquit.
617 4377 666 4422 ει
700 4377 840 4422 terra
867 4368 1229 4438 Pm’leribum.
1270 4367 1423 4422 verba
1474 4378 1649 4422 autem
1701 4384 1816 4421 mea
1850 4385 1952 4422 non
1985 4373 2030 4428 D
2059 4374 2134 4426 cis
2160 4372 2261 4426 erit
2306 4371 2365 4424 in
2412 4367 2594 4423 diebus
2640 4367 2779 4436 ejus,
2833 4380 3100 4434 usquequo
3150 4364 3426 4433 auferatur
3477 4363 3624 4418 luna.

390 4460 750 4529 prtetcribunt.
784 4460 1112 4516 Studeamus
1137 4475 1268 4531 ergo
1303 4474 1401 4515 nas
1432 4459 1613 4516 facere
1641 4461 1803 4515 verba
1840 4463 1952 4525 Dei,

389 4566 512 4624 quae
538 4567 643 4608 non
677 4562 1024 4622 praetereunt,
1056 4568 1124 4607 nc
1155 4551 1293 4607 forte
1313 4565 1368 4607 et
1398 4569 1497 4609 nos
1524 4568 1647 4608 cum
1676 4554 1798 4607 istis
1836 4569 1956 4622 qua:

391 4652 719 4715 praetereunt
748 4644 1096 4699 intereamus.
1128 4643 1184 4699 Si
1208 4644 1350 4698 cnim
1381 4653 1663 4713 peccatum
1703 4644 1955 4711 facimus,

390 4738 533 4805 quod
558 4735 816 4807 praeterit,
844 4736 961 4792 sine
986 4737 1145 4792 dubia
1171 4747 1225 4792 et
1249 4752 1346 4792 nos
1383 4752 1504 4792 cum
1541 4736 1629 4792 bis
1668 4753 1790 4807 qua:
1820 4753 1958 4806 prae-

391 4836 606 4884 tereunt
630 4828 1030 4899 deputabimur.
1063 4828 1120 4884 Si
1176 4838 1355 4885 autem
1421 4830 1645 4885 facimus
1685 4829 1957 4900 justitiam

391 4935 510 4989 quae
544 4936 650 4977 non
703 4920 966 4989 praeterit,
1021 4935 1197 4989 neque
1252 4923 1351 4991 ipsi
1408 4921 1832 4990 praeteribimns,
1863 4921 1959 4975 scd

392 5012 832 5081 permanehiinus
865 5028 990 5068 cum
1016 5023 1369 5083 permanente
1387 5014 1624 5083 iustitia,
1660 5011 1959 5069 secundum

393 5104 525 5159 illud
547 5105 689 5174 quod
714 5106 975 5173 scriptum
1007 5115 1093 5161 est
1121 5106 1169 5138 9°
1200 5124 1214 5161 :
1258 5105 1511 5175 Nunquid
1552 5121 1656 5159 non
1681 5103 1813 5158 ualet
1846 5120 1964 5156 ma-

398 5212 495 5250 nus
524 5214 641 5251 mea
670 5196 844 5251 salvos
867 5197 1077 5267 facere?
1099 5207 1189 5251 aut
1219 5200 1433 5267 gravavi
1470 5213 1653 5250 aurem
1686 5212 1857 5250 meam
1899 5212 1961 5249 ne

395 5289 679 5343 exaudiant
708 5290 734 5342 .9
759 5288 862 5344 Sed
882 5301 1090 5357 peccata
1120 5299 1292 5346 vestra
1332 5299 1576 5359 separant
1616 5290 1752 5345 inter
1789 5306 1873 5343 vos
1909 5299 1957 5342 et

400 5380 588 5439 Deum.
616 5382 720 5437 Sed
748 5391 804 5437 et
845 5383 913 5436 ab
944 5383 1097 5438 initia
1145 5393 1411 5439 creaturae
1460 5396 1566 5437 non
1613 5380 1732 5436 sine
1778 5381 1955 5451 aliqua

480 5524 525 5554 ’δθ
551 5524 687 5579 Gen.
744 5540 782 5577 r.
881 5523 1093 5581 8il‘sal.
1152 5526 1457 5587 “avitus.

399 5595 441 5622 ”
479 5594 618 5718 l’sjltl.
678 5609 866 5664 uxvr,
902 5594 990 5650 i7.
1081 5596 1125 5628 9’
1151 5595 1292 5651 Psal.
1330 5610 1510 5662 xxxvt,
1552 5595 1629 5650 ll.

404 5677 497 5718 vn.
575 5702 590 5718 .

404 5677 497 5731 vn,
537 5677 590 5719 '1.

1553 5523 1596 5555 ⁸⁸
1626 5522 1741 5578 Psal
1805 5539 1990 5589 xxxvr,
2028 5526 2109 5578 10.

1724 5596 1769 5626 ⁸⁵
1794 5593 1984 5650 Matth.
2023 5611 2073 5662 ν,
2114 5596 2166 5650 4.

2065 4465 2390 4533 Quicunque
2421 4473 2553 4529 ergo
2582 4457 2784 4513 desinit
2805 4457 2872 4511 ab
2900 4456 3004 4521 ira,
3034 4464 3090 4509 et
3125 4454 3343 4523 reliquit
3375 4454 3627 4524 indigna-

2066 4559 2289 4620 tionem,
2317 4562 2373 4608 et
2399 4566 2574 4622 neque
2618 4550 2833 4604 animus
2869 4550 2924 4603 in
2977 4550 3111 4602 iram
3162 4547 3429 4614 irritatur,
3451 4562 3630 4615 neque

2065 4662 2319 4705 sermone
2352 4646 2523 4700 utitur
2571 4641 2849 4704 iracunda,
2907 4655 3017 4695 non
3077 4635 3249 4693 solum
3302 4636 3627 4703 forinsecus,

2065 4755 2249 4796 verum
2280 4746 2335 4794 et
2361 4736 2688 4791 intrinsecus
2734 4741 2884 4788 totus
2918 4731 2972 4785 in
3016 4745 3148 4801 pace
3209 4737 3312 4795 est,
3356 4738 3409 4783 et
3457 4745 3632 4799 neque

2065 4830 2382 4904 provocanti
2411 4845 2469 4885 se
2498 4829 2563 4883 ad
2587 4826 2923 4883 iracundiam
2949 4825 3113 4889 cedit,
3149 4838 3324 4892 neque
3356 4824 3470 4893 ipse
3493 4823 3633 4876 alte-

2062 4939 2183 4979 rum
2206 4926 2271 4979 ad
2297 4921 2632 4977 iracundiam
2668 4927 2949 4990 provocat,
2976 4919 3070 4973 sed
3106 4918 3161 4972 iu
3204 4917 3501 4986 semetipso
3533 4931 3630 4986 pa-

2063 5031 2180 5072 ceni
2221 5014 2404 5081 habet,
2428 5022 2482 5069 et
2511 5014 2567 5067 in
2596 5012 2739 5076 aliis,
2774 5011 2822 5067 si
2851 5013 2941 5079 qui
2969 5008 3107 5065 forte
3129 5010 3419 5075 dissident,
3449 5017 3636 5064 servat

2062 5109 2283 5180 diligere
2309 5105 2799 5168 mansuetudinem,
2838 5116 2960 5171 quae
2985 5101 3134 5170 pacis
3166 5109 3349 5156 custos
3379 5109 3463 5154 est
3501 5100 3635 5153 lide-

2066 5199 2288 5264 lissima,
2322 5214 2440 5268 quae
2468 5204 2658 5252 cuncta
2678 5195 3007 5250 moderatur.
3043 5193 3147 5247 Iste
3183 5186 3471 5247 deliciatur
3492 5227 3510 5254 ,
3541 5191 3632 5244 vel

2063 5294 2363 5354 delectatur
2390 5292 2440 5344 in
2470 5289 2813 5344 multitudine
2837 5288 3008 5357 pacis.

2135 5384 2186 5437 7.
2221 5381 2522 5437 Observabit
2553 5389 2792 5450 peccator
2805 5377 3028 5448 justum,
3056 5387 3101 5427 et
3129 5374 3307 5441 fremet
3334 5387 3490 5438 super
3513 5386 3635 5425 eum

2217 5525 2260 5555 8”
2291 5521 2419 5576 Luc.
2453 5536 2564 5577 χχι.
2595 5519 2683 5572 35.
2797 5516 2841 5547 ⁹⁰
2876 5515 2995 5568 lsai.
3022 5528 3105 5566 Ll.\’
3129 5512 3187 5575 ,Ι
3222 5521 3275 5565 ct
3298 5512 3395 5565 ‘2.“
3422 5509 3555 5563 Gen.
3590 5523 3632 5562 l.

2247 5595 2292 5623 "5
2316 5594 2456 5647 Psal.
2489 5604 2673 5652 xxxvx,
2708 5587 2785 5639 ll.
2863 5588 2946 5638 “‘l
2981 5585 3104 5639 Cor.
3140 5597 3212 5647 Vl,
3254 5583 3335 5635 l3.
3411 5580 3453 5612 ⁸⁷
3489 5577 3641 5637 ι’δθι,
