4020 6152
422 209 444 261 -Ι
455 207 559 261 335

1786 202 1876 258 EX
1909 202 2208 261 ORIGENE

3543 200 3690 250 1356

417 319 660 373 dentibus
691 321 799 372 suis
830 318 897 371 ⁸⁸.
932 317 1087 373 Sicut
1132 317 1275 371 enim
1340 317 1663 373 naturaliter
1708 321 1982 374 contraria
2013 324 2059 382 Α
2090 320 2294 374 habent
2328 328 2380 373 et
2406 325 2737 387 peccatores.
2780 313 2973 369 Sermo
3012 313 3208 384 sagitta
3238 318 3323 368 est
3357 328 3372 366 :
3424 318 3491 366 et
3537 308 3684 379 justi

421 420 550 465 sunt
584 411 674 465 lux
704 420 758 463 et
789 409 1046 474 tenebrat,
1082 410 1152 463 ita
1179 409 1444 464 contrarii
1477 420 1605 463 sunt
1643 412 1744 465 sibi
1791 427 1984 480 pecea-

420 514 506 559 tor
537 503 810 571 etjustus.
853 500 918 553 Et
941 502 985 555 si
1034 501 1237 557 videris
1286 502 1576 571 aliquando
1610 502 1735 555 odio
1799 502 1981 556 haberi

412 591 641 660 justum,
671 607 777 645 non
801 592 1013 646 dubites
1036 592 1217 647 dicere
1244 591 1312 646 de
1346 608 1413 647 eo
1450 593 1541 662 qui
1594 592 1711 648 odit
1752 591 1980 660 justum,

419 684 544 752 quia
571 691 827 751 peccator
862 692 966 739 est.
1019 681 1077 737 Si
1131 684 1337 738 videris
1388 682 1823 751 persecutionem
1872 683 1983 752 pati

417 789 541 829 eum
577 774 668 842 qui
706 774 844 827 bene
872 774 1025 837 vivit,
1055 789 1159 828 non
1199 775 1412 829 dubites
1441 774 1623 828 dicere
1671 774 1737 829 de
1771 790 1837 829 eo
1891 774 1983 843 qui

423 860 790 930 persequitur,
820 861 945 930 quia
975 877 1081 916 non
1118 862 1291 918 solmn
1326 872 1584 931 peccator
1615 871 1734 927 est,
1759 863 1858 919 sed
1889 879 1985 917 ne-

420 968 605 1021 quam.
632 951 955 1009 Observabit
981 969 1112 1025 ergo
1142 964 1397 1024 peccator
1422 957 1657 1024 justum,
1709 965 1763 1010 et
1793 956 1982 1012 obser-

420 1060 557 1099 vans
578 1057 702 1099 eum
732 1042 928 1101 fremet
963 1061 1129 1115 super
1158 1061 1279 1101 eum
1334 1048 1593 1104 dentibus
1642 1049 1775 1103 suis.
1831 1047 1982 1116 Quod

420 1138 574 1201 dicit,
610 1137 797 1207 fremet
823 1139 1083 1203 dentibus,
1111 1141 1294 1195 nescio
1326 1141 1370 1196 si
1410 1141 1477 1196 de
1498 1141 1808 1196 carnalibus
1845 1143 1984 1196 den-

421 1227 569 1284 tibus
599 1229 974 1298 accipiendum
1003 1232 1094 1296 sit,
1121 1232 1245 1288 licet
1269 1233 1525 1302 possibile
1576 1236 1651 1289 sit
1681 1232 1847 1292 etiam
1884 1234 1985 1287 hoc

418 1322 536 1377 fieri
571 1336 600 1374 a
631 1332 921 1392 peccatore
947 1325 1205 1380 adversus
1234 1324 1462 1393 justum.
1511 1325 1646 1381 Cum
1687 1324 1987 1381 commina-

418 1421 509 1468 tur
527 1414 600 1478 ei,
626 1430 748 1469 eum
775 1414 903 1469 furit
924 1414 1185 1473 adversus
1208 1431 1353 1482 eum,
1410 1432 1529 1471 cum
1561 1417 1685 1473 silet
1723 1430 1875 1482 voce,
1932 1425 1986 1469 et

416 1507 625 1562 clamat
662 1506 866 1573 furore,
900 1524 1020 1564 cum
1038 1509 1185 1579 justo
1212 1509 1432 1565 molitur
1457 1508 1712 1570 insidias,
1744 1517 1798 1563 et
1826 1522 1985 1564 omne

418 1600 621 1654 malum
652 1601 933 1670 excogitat
961 1602 1249 1657 adversum
1277 1616 1401 1656 eum
1423 1642 1440 1666 ,
1483 1611 1612 1657 tunc
1640 1601 1805 1656 etiam
1860 1613 1983 1654 cor-

417 1692 680 1763 poraliter
715 1693 1041 1764 adimpletur
1084 1698 1225 1762 quod
1266 1695 1465 1749 dicitur
1504 1712 1518 1751 :

418 1804 534 1841 eum
586 1786 827 1840 dentibus
864 1788 997 1841 suis.
1051 1785 1157 1843 Sed
1207 1802 1331 1842 cum
1380 1788 1495 1843 haec
1546 1787 1676 1843 facit
1735 1798 1987 1857 peccator

420 1880 708 1934 adversum
733 1878 961 1946 justum,
985 1877 1267 1942 Dominus,
1291 1879 1553 1948 inquit",
1587 1880 1827 1936 irridebit
1842 1898 1981 1946 eum,

418 1976 667 2044 quoniam
693 1974 943 2043 prospicit
962 1976 1102 2045 quod
1136 1976 1306 2029 veniat
1343 1975 1455 2027 dies
1477 1974 1611 2042 ejus.
1638 1974 1809 2041 Quem
1841 1976 1983 2031 diem

419 2068 682 2138 prospicit
727 2066 987 2121 Dominus
1035 2066 1378 2135 peccatoris?
1433 2065 1581 2122 Illum
1636 2068 1754 2123 sine
1798 2068 1982 2137 dubio,

415 2176 542 2218 cum
572 2162 835 2228 quaeritur
863 2169 1131 2230 peccator,
1166 2169 1221 2214 et
1255 2175 1358 2215 non
1394 2164 1519 2219 erit.

488 2255 544 2312 8.
578 2253 829 2310 Gladium
852 2255 1253 2323 evaginaverunt
1291 2264 1612 2325 peccatores,
1657 2256 1981 2310 tetenderunt

419 2363 603 2402 arcum
629 2363 808 2409 suum,
833 2354 890 2399 ut
918 2346 1171 2414 dejiciant
1207 2346 1414 2416 inopem
1436 2356 1485 2403 et
1508 2360 1784 2417 pauperem
1802 2350 1841 2402 ¹.
1868 2344 1980 2403 Non

418 2441 560 2510 quod
590 2439 737 2493 omni
765 2450 961 2505 genere
984 2447 1299 2506 peccatores
1331 2439 1568 2510 gladium
1596 2439 1831 2494 habeant
1854 2453 1977 2494 cor-

422 2529 689 2600 poralem,
721 2528 815 2584 sed
839 2527 1119 2583 videamus
1142 2543 1209 2582 ne
1239 2528 1378 2584 forte
1398 2528 1537 2583 sicut
1572 2536 1698 2583 sunt
1735 2529 1981 2599 quasdam

418 2635 571 2675 arma
609 2619 726 2684 Dei,
752 2620 806 2681 in
839 2618 1037 2690 quibus
1064 2632 1184 2674 esse
1212 2618 1416 2674 dicitur
1445 2618 1608 2673 lorica
1643 2618 1899 2688 justitiaz.
1929 2626 1982 2673 et

419 2716 628 2787 gladius
678 2715 923 2784 spiritus,
965 2722 1022 2768 et
1052 2722 1263 2769 scutum
1320 2713 1466 2778 fidei,
1517 2713 1590 2765 ita
1644 2712 1807 2767 etiam
1870 2711 1981 2767 sint

421 2824 577 2863 rma
608 2806 830 2871 diaboli,
868 2806 1066 2876 quibus
1113 2804 1335 2860 indutus
1368 2813 1451 2859 est
1498 2804 1659 2860 homo
1704 2812 1976 2875 peccator.

416 2899 463 2951 Α
517 2896 808 2953 contrariis
872 2896 1039 2966 igitur
1101 2893 1465 2964 intelligamus
1531 2896 1853 2958 contraria,
1926 2903 1981 2949 et

417 2999 722 3043 statuamus
776 2989 914 3042 duos
967 2988 1165 3042 milites
1213 2996 1485 3048 armatos,
1542 3002 1705 3041 unum
1755 2987 1979 3042 militem
2010 3026 2056 3087 ο

415 3083 577 3156 663
615 3083 729 3145 Dei,
784 3082 1010 3135 alterum
1046 3081 1269 3136 militem
1317 3079 1537 3135 diaboli.
1577 3080 1642 3134 Et
1670 3081 1714 3134 si
1763 3080 1979 3151 quidem

420 3176 575 3229 miles
602 3174 694 3229 Dei
736 3172 898 3228 habet
937 3171 1156 3227 loricam
1181 3172 1425 3241 justitiae,
1466 3171 1585 3225 sine
1613 3172 1778 3227 dubio
1832 3173 1985 3228 miles

419 3266 618 3320 diaboli
652 3264 982 3319 contrariam
1010 3264 1136 3320 huic
1160 3264 1299 3335 gerit
1329 3264 1605 3333 injustitite
1633 3264 1876 3319 loricam.
1918 3264 1985 3319 Et

418 3360 462 3414 si
506 3358 659 3415 miles
714 3356 804 3410 Dei
838 3356 890 3408 in
939 3355 1088 3426 galea
1141 3354 1334 3411 salutis
1372 3365 1642 3420 coruscat,
1679 3355 1984 3411 econtrario

418 3458 678 3522 peccator
703 3449 791 3516 qui
815 3457 901 3503 est
930 3447 1084 3502 miles
1119 3447 1340 3515 diaboli,
1372 3448 1520 3516 galea
1553 3448 1873 3518 perditionis
1902 3449 1984 3502 in-

417 3543 703 3596 dutus'est.
736 3539 798 3594 Et
826 3542 874 3594 si
900 3538 1072 3608 parati
1102 3547 1229 3593 sunt
1255 3537 1418 3608 pedes
1452 3538 1637 3593 militis
1669 3537 1869 3593 Christi
1915 3540 1981 3593 ad

419 3632 693 3700 Evangelii
751 3646 971 3686 cursum
1033 3640 1089 3685 et
1139 3628 1612 3699 praedicationem,
1674 3633 1982 3688 econtrario

420 3725 719 3795 peccatoris
752 3727 914 3796 pedes
951 3723 1205 3779 velociter
1244 3732 1467 3779 currunt
1500 3724 1568 3777 ad
1603 3722 1980 3779 effundendum

420 3818 760 3887 sanguinem,
804 3826 860 3873 et
904 3817 1267 3872 calceamenta
1295 3816 1432 3885 ejus,
1470 3815 1571 3871 hoc
1596 3827 1680 3872 est
1708 3832 1979 3887 praepara-

421 3911 519 3973 tio,
549 3910 944 3965 concinnantur
981 3910 1047 3963 ad
1084 3909 1307 3963 malum.
1336 3907 1507 3962 liabet
1537 3922 1667 3978 ergo
1700 3910 1856 3965 miles
1888 3909 1980 3965 Dei

419 4009 628 4055 scutqu
645 3998 910 4070 quoddam
940 3999 1086 4064 lldei,
1118 3998 1279 4053 habet
1302 4004 1356 4053 et
1381 3998 1535 4051 miles
1566 3998 1764 4052 diaboli
1795 3999 1982 4053 inlide-

421 4092 593 4147 litatis
614 4099 846 4147 scutum.
878 4089 952 4146 Ita
982 4104 1113 4161 ergo
1144 4100 1229 4145 est
1258 4088 1466 4160 gladius
1497 4090 1716 4160 quidam
1745 4090 1982 4159 Spiritus

420 4184 595 4237 sancti
631 4184 681 4235 iu
716 4183 801 4237 his
833 4182 923 4251 qui
956 4182 1191 4235 militant
1222 4180 1358 4244 Deo;
1384 4190 1466 4233 est
1494 4190 1674 4234 autem
1704 4190 1755 4233 et
1774 4180 1982 4250 gladius

418 4274 635 4345 maligni
683 4275 734 4328 in
768 4274 851 4329 his
877 4274 968 4342 qui
997 4273 1227 4326 militant
1256 4285 1495 4343 peccato,
1531 4287 1690 4342 quem
1744 4272 1980 4342 gladium

1579 1692 1785 1748 Fremet
1833 1706 1987 1761 super
2016 1682 2059 1737 Β

2082 412 2301 481 quidem
2351 423 2529 465 sermo
2559 419 2680 462 cum
2728 408 2908 478 arguit
2947 416 3002 460 et
3030 404 3256 474 corrigit
3290 412 3685 474 peccatorem,

2085 504 2234 558 velut
2280 503 2479 573 sagitta
2529 503 2844 571 eompungit
2871 511 2926 555 et
2955 501 3251 554 transforat
3280 512 3382 553 cor
3408 496 3563 564 eius,
3621 504 3686 547 ut

2085 605 2437 650 convertatur
2464 594 2531 648 ad
2561 593 2932 664 paenitentiam
2966 600 3021 645 et
3048 591 3307 643 salvetur.
3345 588 3553 642 Sermo
3578 599 3685 639 au—

2089 697 2194 742 tem
2223 687 2525 757 peccatoris
2548 695 2635 741 est
2669 685 2875 739 habens
2908 697 3180 739 venenum
3207 692 3262 734 et
3286 680 3576 748 sagittans
3609 691 3681 730 ac

2085 780 2380 835 vulnerans
2400 794 2543 840 eum,
2564 779 2655 848 qui
2681 793 2787 832 non
2810 785 2894 832 est
2920 776 3091 830 armis
3113 776 3204 830 Dei
3228 774 3494 828 munitus.
3516 768 3680 824 Tunc

2085 873 2231 929 enim
2271 872 2437 927 verba
2496 872 2807 940 iniquorum
2861 868 3161 937 praevalent
3199 867 3497 922 adversum
3543 878 3674 923 nos.

2085 981 2209 1022 cum
2245 965 2427 1021 minus
2465 974 2626 1019 caute
2660 972 2813 1019 scuto
2842 961 2964 1018 fidei
3004 960 3430 1017 communitnur.
3468 956 3683 1011 TeteuJ

2085 1062 2277 1115 derunt
2329 1073 2460 1127 ergo
2500 1073 2680 1111 arcum
2731 1073 2911 1121 suum,
2962 1064 3020 1109 ut
3064 1054 3315 1123 dejiciant
3350 1053 3568 1121 inapent
3617 1060 3670 1104 et

2085 1167 2364 1222 pauperem
2403 1150 2444 1203 ³.
2492 1150 2688 1206 Sciunt
2734 1156 3073 1218 peccatores,
3117 1145 3245 1214 quia
3290 1159 3396 1199 non
3430 1150 3668 1213 possunt

2085 1245 2323 1314 dejicere
2350 1243 2598 1308 divitem,
2628 1250 2911 1311 propterea
2961 1252 3139 1308 neque
3173 1235 3401 1292 insidias
3430 1234 3483 1291 ei
3540 1242 3663 1288 ten-

2086 1339 2245 1399 dunt,
2277 1337 2369 1392 sed
2393 1349 2582 1390 omnes
2611 1348 2797 1390 eorum
2825 1331 3035 1386 insidia
3054 1330 3339 1384 adversum
3362 1340 3663 1395 pauperem

2085 1428 2412 1498 diriguntur,
2451 1427 2592 1483 sicut
2636 1433 2694 1481 et
2740 1422 2867 1479 alibi
2911 1422 3112 1476 dicitur
3139 1420 3181 1485 ⁸,
3211 1419 3339 1489 quia
3365 1417 3665 1471 insidiatur

2083 1521 2218 1575 sicut
2245 1520 2325 1575 leo
2353 1520 2409 1574 in
2436 1517 2594 1574 cubili
2623 1532 2739 1579 suo,
2763 1514 3054 1571 insidiatur
3078 1522 3132 1565 ut
3154 1513 3329 1581 rapiat
3350 1523 3659 1577 pauperem.

2086 1612 2152 1666 Et
2182 1612 2307 1682 quia
2342 1610 2627 1678 redemptio
2660 1608 2757 1662 viri
2783 1607 2986 1662 divitia:
3036 1605 3153 1676 ejus
3198 1614 3317 1657 sunt
3354 1603 3399 1665 ⁵,
3450 1614 3665 1671 pauper

2089 1711 2267 1758 autem
2295 1701 2523 1756 suﬂ'erre
2545 1712 2650 1755 non
2678 1699 2819 1753 valet
2854 1698 3050 1763 minas,
3076 1696 3198 1750 ideo
3225 1695 3421 1749 divites
3453 1690 3665 1747 elicia-

2091 1810 2212 1849 mur
2232 1795 2283 1848 in
2304 1792 2633 1862 spiritalibus
2662 1792 2840 1853 bonis,
2866 1790 2917 1845 id
2946 1796 3031 1845 est
3063 1789 3115 1842 in
3139 1786 3285 1843 omni
3308 1786 3497 1849 verbo,
3523 1793 3579 1840 et
3606 1784 3663 1838 in

2089 1884 2243 1940 omni
2288 1885 2539 1945 scientia,
2574 1883 2626 1937 in
2657 1881 2912 1952 operibus
2940 1879 3122 1944 bonis,
3161 1877 3486 1948 abjicientes
3512 1877 3661 1931 divi-

2090 1978 2193 2031 tias
2224 1976 2452 2048 peccati,
2512 1974 2905 2046 prospicientes
2953 1987 3062 2027 non
3112 1984 3174 2027 ea
3219 1982 3339 2039 quae
3379 1970 3658 2033 videntur,

2087 2071 2181 2125 sed
2202 2084 2264 2124 ea
2288 2083 2407 2137 quae
2425 2083 2529 2122 non
2551 2066 2822 2121 videntur.
2847 2063 2978 2132 Quae
2992 2062 3135 2120 enim
3152 2061 3406 2117 videntur
3429 2059 3656 2121 divitias,

2086 2159 2411 2231 temporales
2443 2170 2596 2223 sunt;
2641 2172 2761 2229 quae
2793 2167 2972 2213 autem
2998 2170 3103 2212 non
3132 2154 3404 2222 videntur,
3433 2162 3656 2210 aeterna:

2085 2262 2231 2309 sunt.
2271 2251 2337 2306 Et
2368 2252 2413 2306 si
2448 2251 2502 2305 in
2537 2249 2733 2306 talibus
2763 2247 2969 2306 divitiis
3004 2246 3346 2314 ditescimus,
3374 2242 3652 2300 vulnerari

2086 2346 2296 2415 sagittis
2325 2358 2431 2399 non
2474 2355 2759 2414 possumus
2802 2350 3174 2412 peccatorum.
3221 2339 3648 2409 Restinguentur

2084 2437 2228 2492 enim
2278 2446 2431 2493 scuto
2477 2435 2625 2501 ﬁdei,
2668 2448 2766 2505 per
2795 2432 3068 2489 Christum
3104 2418 3388 2489 Dominum
3440 2443 3495 2486 et
3524 2429 3651 2485 Sal-

2084 2538 2323 2582 vatorem
2370 2536 2636 2593 nostrum,
2690 2524 2777 2580 cui
2824 2532 2908 2578 est
2967 2522 3134 2592 gloria
3165 2530 3223 2577 et
3257 2520 3540 2589 imperium
3592 2518 3644 2573 in

2084 2616 2275 2674 saecula
2307 2618 2648 2673 saecularem.
2681 2617 2873 2670 Amen.

2659 2727 2937 2786 IIOMILIA
2975 2728 3061 2783 Ill.

2086 2823 2162 2878 De
2194 2823 2373 2878 eodem
2404 2821 2626 2885 psalmo,
2658 2823 2723 2875 ab
2748 2822 2842 2875 illa
2874 2831 3020 2890 parte
3043 2820 3065 2852 ⁸
3092 2837 3106 2872 :
3141 2837 3159 2871 ι
3191 2816 3437 2873 Gladium
3467 2818 3643 2885 euagi-

2542 2904 2793 2947 noverunt
2840 2904 3153 2960 peccatores.
3184 2909 3202 2940 ι

2158 2986 2210 3040 ι.
2235 2984 2530 3055 Superiore
2559 2992 2789 3038 tractatu
2817 2981 3126 3039 dicebamus
3155 2980 3399 3050 quasdam
3437 2979 3503 3034 de
3530 2978 3646 3048 gla-

2086 3077 2175 3133 dio
2206 3086 2261 3132 et
2284 3091 2413 3132 arcu
2449 3083 2818 3144 peccatorum,
2864 3084 2920 3131 et
2955 3073 3125 3130 armis
3159 3070 3274 3140 Dei,
3303 3080 3357 3128 et
3376 3070 3502 3144 quia
3530 3085 3646 3127 om-

2084 3189 2181 3230 nes
2208 3175 2456 3231 homines
2483 3174 2678 3230 armati
2708 3182 2861 3242 sunt;
2910 3182 2966 3230 et
3009 3173 3153 3243 quod
3184 3171 3421 3227 diximus
3461 3184 3646 3225 omnes

2084 3267 2351 3330 homines,
2397 3282 2541 3323 nunc
2575 3266 2826 3335 adjiciam
2870 3266 3009 3337 quod
3042 3264 3214 3321 defuit
3253 3263 3642 3335 superioribus,

2085 3360 2135 3414 id
2162 3369 2244 3415 est
2264 3360 2315 3415 bi
2344 3373 2533 3415 omnes
2564 3358 2656 3429 qui
2695 3372 2924 3428 peccare
2944 3356 3056 3425 jam
3088 3363 3335 3425 possunt,
3364 3353 3450 3408 vel
3478 3353 3647 3407 absti-

2086 3464 2215 3507 nere
2240 3467 2275 3506 a
2305 3451 2561 3523 peccatis.
2594 3450 2829 3505 Infantes
2852 3449 3001 3506 enim
3024 3462 3200 3517 neque
3229 3446 3323 3501 Dei
3352 3458 3505 3500 arma
3536 3452 3639 3497 tra-

2085 3555 2233 3600 ctare
2268 3553 2516 3615 possunt,
2541 3558 2716 3614 neque
2742 3558 2897 3598 arma
2921 3541 3144 3598 diaboli.
3173 3539 3232 3596 Si
3272 3539 3366 3611 qui
3392 3546 3569 3593 autem
3592 3538 3643 3589 in

2085 3638 2251 3693 verbo
2279 3646 2330 3692 et
2357 3646 2485 3693 actu
2515 3646 2573 3692 et
2595 3637 2925 3708 cogitatione
2950 3645 3180 3701 possunt
3202 3633 3315 3701 jam
3339 3633 3484 3687 scire
3504 3629 3642 3699 quod

2086 3738 2289 3783 rectum
2310 3737 2412 3795 est,
2434 3736 2492 3785 et
2514 3729 2684 3783 vitare
2717 3728 2862 3798 quod
2900 3727 3231 3783 contrarium
3265 3733 3373 3789 est,
3399 3723 3502 3794 ipsi
3525 3732 3645 3779 sunt

2085 3820 2175 3890 qui
2196 3821 2457 3876 dicuntur
2482 3837 2673 3878 omnes
2698 3822 2897 3878 habere
2927 3835 3101 3885 arma,
3124 3830 3178 3873 et
3204 3818 3248 3873 si
3281 3818 3496 3888 quidem
3522 3831 3643 3886 pec-

2084 3918 2231 3974 cant,
2288 3910 2488 3966 diaboli
2522 3926 2673 3965 arma
2708 3911 2914 3966 habent
2957 3920 3013 3965 et
3060 3908 3396 3979 iniquitatis;
3447 3909 3491 3964 si
3521 3922 3644 3961 vero

2086 4008 2232 4052 recte
2261 4008 2449 4068 agunt,
2498 4000 2663 4054 armis
2699 3999 2796 4054 Dei
2824 3999 3080 4054 dicentur
3112 3998 3305 4053 induti.
3333 3997 3487 4066 Quod
3516 4013 3642 4066 ergo

2085 4092 2261 4145 dixit:
2314 4090 2562 4144 Gladium
2608 4093 3010 4163 eoaginavsrunt
3056 4100 3373 4158 peccatores,
3425 4092 3646 4146 tetende-

2084 4191 2205 4235 runt
2229 4198 2409 4237 arcum
2437 4199 2614 4246 suum,
2635 4184 2988 4252 explanantes
3011 4183 3323 4238 dicebamus
3355 4181 3643 4236 secundum

2084 4275 2394 4345 Apostolum
2419 4277 2511 4345 qui
2541 4276 2679 4331 dixit
2706 4291 2736 4328 a
2757 4274 3052 4331 contrariis
3073 4274 3092 4304 "
3126 4292 3140 4327 :
3168 4272 3240 4325 Et
3277 4272 3511 4343 gladium
3536 4273 3643 4339 spi-

417 4368 706 4440 evaginare
732 4381 879 4422 nunc
921 4368 1176 4421 dicuntur
1201 4376 1537 4437 peccatores.
1569 4366 1849 4432 Quomodo
1878 4380 1978 4418 au-
2012 4384 2055 4440 υ
2086 4368 2215 4420 ritus
2239 4368 2377 4437 quod
2405 4375 2482 4421 est
2506 4368 2715 4421 verbum
2750 4366 2868 4432 Dei,
2899 4366 3025 4439 quia
3058 4372 3406 4435 peccatorum
3440 4363 3642 4433 gladius

418 4469 525 4514 tem
584 4460 804 4530 putandi
840 4469 964 4514 sunt
1011 4467 1324 4527 peceatores
1368 4459 1658 4529 evaginare
1704 4454 1981 4527 gladium?

418 4552 553 4605 Dum
593 4552 704 4622 jam
744 4551 1089 4620 impudenter
1133 4559 1187 4603 et
1233 4548 1436 4614 absque
1483 4549 1590 4603 ullo
1642 4548 1979 4604 verecundiae

414 4643 721 4698 velamento
772 4642 1081 4709 iniquitates
1135 4656 1261 4696 suas
1310 4649 1644 4710 perpetrant,
1695 4655 1794 4694 nec
1849 4655 1977 4693 eru-

415 4733 663 4799 bescunt,
695 4747 760 4786 ae
790 4744 1127 4796 reverentur,
1165 4747 1264 4786 nec
1288 4740 1543 4801 tanquam
1573 4731 1627 4784 in
1662 4731 1856 4801 vagina
1882 4746 1978 4785 ne-

415 4823 642 4893 quitiam
673 4839 823 4877 suam
867 4824 1165 4879 recondunt
1195 4832 1252 4876 et
1285 4830 1600 4890 contegunt,
1630 4823 1725 4876 sed
1747 4823 1978 4891 superbo

413 4925 469 4970 et
497 4916 639 4971 elato
669 4914 864 4985 spiritu
906 4913 1052 4968 velut
1099 4913 1334 4982 gladium
1366 4915 1650 4980 quemdam
1679 4912 1972 4966 denudant.

416 5008 680 5063 Similiter
701 5008 864 5062 etiam
896 5006 1025 5061 illud
1056 5008 1198 5075 quod
1228 5004 1471 5075 sequitur
1502 5014 1789 5074 peragunt,
1819 5002 1873 5057 id
1894 5011 1979 5057 est

412 5101 743 5155 intenderunt
776 5114 956 5153 arcum
987 5114 1161 5151 suum.
1188 5096 1293 5150 Sed
1316 5106 1370 5149 et
1393 5096 1523 5165 justi
1549 5093 1976 5157 liabentarcum,

416 5193 617 5248 habent
644 5203 700 5246 et
731 5192 975 5262 sagittas.
1002 5189 1242 5258 Denique
1271 5197 1326 5241 et
1357 5203 1462 5240 una
1497 5184 1696 5255 sagitta
1741 5186 1974 5253 ipsorum

416 5295 498 5338 est
527 5285 785 5340 Dominus
822 5282 1003 5347 Jesus,
1051 5283 1167 5350 ipse
1194 5280 1335 5335 enim
1370 5281 1444 5333 ait
1490 5281 1511 5312 ²
1540 5297 1553 5331 :
1586 5278 1651 5331 Et
1696 5279 1864 5346 posuit
1898 5292 1979 5329 me

414 5382 549 5437 sicut
581 5382 827 5451 sagittam
873 5379 1111 5438 electam.
1160 5379 1372 5436 Habent
1408 5394 1538 5450 ergo
1565 5378 1692 5447 justi
1734 5380 1979 5448 sagittas,

486 5582 532 5614 ”
567 5583 709 5640 Psal.
737 5600 921 5646 xxxvi,
959 5585 1046 5638 12.
1126 5586 1171 5617 ⁹⁰
1200 5584 1426 5639 ibid.l'5.
1505 5591 1523 5623 ι
1557 5583 1684 5637 ibid.
1724 5583 1809 5636 li.
1887 5586 1906 5615 ²
1939 5581 2039 5639 lsa.
2072 5601 2221 5653 xm,
2256 5586 2313 5642 2.

418 5670 542 5721 xm,
573 5655 625 5710 8.
704 5656 724 5685 ⁸
751 5655 889 5711 Psal.
925 5671 1112 5721 xxxvi,
1158 5654 1240 5710 l4.
1316 5656 1335 5686 "
1370 5655 1563 5725 Ephes.
1596 5668 1667 5721 Vl,
1700 5654 1782 5709 l7.

2087 4468 2233 4515 esset
2254 4461 2476 4529 spiritus
2492 4462 2583 4530 qui
2612 4460 2665 4513 in
2694 4461 2824 4529 ipsis
2856 4471 2940 4515 est
2962 4473 3217 4530 nequam,
3246 4458 3340 4529 qui
3367 4472 3465 4512 eos
3485 4457 3646 4525 inspi-

2088 4562 2174 4607 rat
2201 4554 2267 4606 ad
2293 4552 2455 4607 verba
2484 4553 2851 4623 blasphemiae,
2883 4563 2938 4608 et
2981 4553 3305 4621 iniquitatis,
3336 4563 3392 4607 et
3418 4550 3642 4620 turpitu-

2085 4644 2247 4699 dinis.
2275 4644 2434 4700 Verbi
2463 4661 2649 4710 causa,
2682 4647 2727 4700 si
2774 4648 2961 4700 videas
3005 4646 3233 4717 gentiles
3276 4647 3563 4700 adversum
3589 4658 3644 4696 se

2086 4735 2141 4790 in
2193 4734 2652 4805 disputationibus
2704 4737 3049 4800 dimicantes.
3088 4746 3143 4792 et
3175 4738 3420 4793 diversas
3458 4745 3640 4792 contra

2083 4839 2142 4881 se
2199 4827 2429 4882 invicem
2482 4828 2789 4898 impietates
2836 4828 3138 4884 dialectica:
3196 4829 3334 4883 artis
3393 4826 3642 4881 versutiis

2084 4927 2411 4983 astruentes,
2434 4929 2590 4990 potes
2623 4932 2754 4976 tunc
2783 4921 2969 4977 dicere
2984 4931 3376 4992 competenter,
3396 4922 3519 4991 quia
3538 4919 3645 4991 gla-

2083 5013 2233 5068 dium
2264 5013 2688 5083 evaginaverunt
2707 5023 3042 5084 peccatores.
3072 5013 3177 5070 Sed
3193 5024 3249 5069 et
3269 5030 3369 5084 ego
3385 5014 3476 5084 qui
3503 5014 3648 5068 dicor

2084 5103 2279 5168 ﬁdelis,
2308 5105 2355 5160 si
2393 5104 2535 5160 forte
2556 5116 2833 5160 certamen
2862 5105 2997 5160 mihi
3028 5107 3100 5161 sit
3131 5121 3254 5160 cum
3282 5103 3484 5175 aliquo.
3510 5111 3566 5159 et
3584 5101 3649 5156 ad

2084 5195 2423 5251 iracundiam
2455 5206 2800 5265 provocatus,
2835 5196 3050 5267 abjecta
3079 5197 3495 5252 mansuetudine
3523 5210 3647 5266 pro-

2089 5284 2256 5340 feram
2287 5287 2453 5342 verba
2481 5285 2708 5351 furiosa,
2752 5296 2807 5343 et
2854 5288 3104 5344 suiritum
3139 5288 3457 5353 mendaciis,
3481 5297 3536 5343 et
3565 5297 3650 5342 tu-

2089 5378 2251 5433 midis
2301 5382 2687 5452 venenatisque
2739 5383 3081 5438 sermonibus
3128 5392 3403 5453 retegam,
3459 5380 3651 5435 merito

2393 5589 2411 5621 ³
2435 5586 2578 5643 Psal.
2612 5602 2799 5655 xxxvr,
2829 5586 2915 5642 Η.
2994 5586 3015 5619 ⁴
3044 5585 3183 5643 Psal.
3212 5601 3263 5655 κ,
3299 5586 3353 5643 9.
3429 5584 3450 5619 ⁸
3489 5583 3647 5640 Prov.
