4020 6152
259 293 280 343 1
302 292 402 346 337

247 509 374 550 cor.
420 492 624 549 Bonum
677 495 861 566 igitur-
890 497 1123 564 primum
1170 504 1256 550 est
1285 508 1350 549 ne
1381 495 1586 551 habere
1617 499 1835 567 quidem

245 585 498 654 gladium
549 586 789 654 peccati;
842 589 1134 642 secundum
1182 602 1313 642 vero
1352 596 1436 641 est
1485 589 1673 642 saltem
1722 605 1831 644 non

244 691 382 730 eum
406 678 715 746 evaginarc,
741 679 832 732 sed
855 680 1146 734 recondere
1166 680 1218 734 in
1243 683 1432 750 vagina
1461 698 1578 736 sua.
1605 681 1663 736 Si
1688 682 1832 736 enim

248 779 366 817 non
404 765 713 833 proferatur
740 766 949 838 gladius
965 769 1032 822 de
1048 770 1260 839 vagina,
1286 786 1460 840 neque
1493 781 1832 835 exerceatur,

247 855 408 910 acies
434 854 552 924 eius
593 857 910 911 obtunditur
951 868 1003 913 et
1026 859 1265 929 mrngine
1297 862 1654 929 consumitur,
1685 873 1740 917 et
1787 864 1831 917 si

247 960 479 1015 semper
509 959 684 1004 cesset
728 951 795 1004 ab
835 963 996 1019 opere
1023 951 1492 1006 exterminabitur.
1521 951 1634 1007 lloc
1687 953 1831 1006 enim

252 1037 524 1094 Dominus
541 1043 706 1094 etiam
734 1041 1038 1112 pollicetur,
1060 1054 1116 1098 ut
1137 1048 1458 1101 exterminat
1479 1044 1829 1114 romphteam,

251 1131 314 1184 id
339 1141 422 1186 est
448 1143 759 1202 peccatum,
799 1135 870 1189 ita
906 1147 962 1188 ut
989 1135 1130 1192 ultra
1159 1138 1272 1208 jam
1305 1154 1413 1193 non
1452 1138 1520 1192 sit
1556 1146 1827 1206 peccator.

252 1223 371 1278 Sed
400 1225 446 1278 si
492 1225 707 1293 quidem
741 1226 888 1280 verbi
939 1228 1029 1282 Dei
1076 1231 1431 1297 przevenimus
1461 1231 1561 1284 hoc
1589 1243 1745 1298 opus,
1779 1238 1832 1282 ct

251 1315 315 1369 in
354 1316 457 1370 hac
493 1316 600 1370 vita
636 1318 792 1386 positi
825 1319 1090 1374 faciamus
1119 1321 1171 1375 in
1204 1321 1360 1377 nobis
1393 1321 1613 1376 interire
1635 1338 1827 1391 pecca-

253 1416 400 1470 tum,
433 1417 492 1460 ιιι
522 1423 794 1478 nunquam
823 1411 1048 1465 omnino
1076 1427 1106 1467 a
1141 1413 1318 1481 nobis,
1362 1429 1534 1484 neque
1558 1430 1652 1485 per
1686 1417 1830 1484 cogi-

253 1502 549 1567 tationem,
573 1517 749 1570 neque
767 1518 860 1568 per
879 1519 1035 1572 opus,
1063 1519 1236 1574 neque
1258 1520 1352 1573 per
1379 1508 1601 1561 verbum
1624 1509 1825 1576 peccati

248 1592 465 1661 gladius
515 1594 844 1663 proferatur,
905 1611 1008 1650 non
1059 1596 1421 1667 indigebimus
1472 1613 1645 1666 pcenze
1689 1600 1827 1668 ignis

247 1684 465 1748 :eterni,
502 1701 604 1740 non
638 1687 873 1740 tenebris
917 1687 1282 1743 exterioribus
1316 1689 1824 1754 condemnabimur,

945 283 1255 342 SELECTA
1287 285 1354 340 ΙΝ
1383 284 1721 342 PSALhMS.
1763 318 1832 326 —
1870 285 2104 344 llOMIL.
2144 289 2207 342 Ill
2249 287 2314 342 IN
2356 287 2551 344 PSAL.
2591 285 2828 344 XXXVI.

161 413 166 415 ·
247 405 423 458 etiam
455 417 555 472 ego
582 413 837 472 tanquam
863 413 1117 474 peccator
1142 403 1465 474 evagiuasse,
1479 405 1716 477 gladium
1750 407 1832 461 di-
1862 411 1908 468 Α
1937 423 2031 463 nes
2056 410 2302 478 pessimae
2331 429 2344 465 ε
2383 425 2446 464 os
2478 425 2608 464 vero
2633 425 2696 464 ac
2727 408 2864 462 labia
2889 421 3080 462 eorum
3108 421 3267 462 arcus
3291 409 3507 476 quidam

1893 544 1899 548 _
1942 510 2047 564 est,
2099 514 2205 570 quo
2250 501 2473 555 dilatato
2526 511 2688 571 atque
2742 503 2978 556 distento
3029 504 3273 557 venenati
3329 505 3508 558 cordis

3373 289 3511 345 1538

1942 591 2143 659 spicula
2174 591 2468 659 jactantur.
2498 591 2650 657 Quod
2683 600 2860 644 autem
2889 591 2967 644 ait
3005 592 3059 645 in
3083 595 3324 658 obscuro,
3356 609 3506 647 com-

1940 692 2188 752 petenter
2226 683 2428 738 dictum
2455 693 2557 736 est.
2599 682 2718 739 Non
2759 685 2902 738 enim
2932 686 3021 738 isti
3060 685 3193 741 tales
3227 686 3280 739 in
3313 687 3422 749 die,
3453 685 3505 739 id

1940 786 2026 831 est
2054 776 2106 829 in
2133 776 2250 829 luce
2280 775 2376 830 Dei
2404 776 2680 842 incedunt,
2711 778 2806 832 sed
2842 778 2894 831 iu
2926 777 3168 834 tenebris
3198 779 3504 840 ambulant,

1939 876 1992 921 et
2025 867 2074 919 in
2104 865 2433 921 obscuritate
2475 867 2692 920 malitiae
2749 878 2910 937 atque
2955 869 3270 938 ignorantia:
3319 870 3507 924 delite-

1940 969 2116 1014 scunt.
2143 957 2294 1024 Quod
2336 968 2516 1012 autem
2568 959 2828 1029 sagittant
2878 971 3055 1015 rectos
3095 962 3291 1027 corde,
3328 961 3377 1015 id
3420 971 3505 1014 est

1939 1051 2210 1118 simplices
2234 1059 2286 1103 et
2309 1050 2617 1118 ignorantes
2634 1049 2870 1104 malitias
2898 1063 3046 1106 suas.
3073 1048 3178 1104 Sed
3205 1062 3331 1120 puto
3357 1051 3504 1119 quod

1940 1143 2026 1196 hic
2088 1157 2266 1196 sermo
2305 1156 2409 1195 non
2468 1151 2574 1194 tam
2632 1141 2696 1194 de
2745 1140 3054 1196 hominibus
3101 1143 3501 1211 peccatoribus,

1937 1249 2095 1303 quam
2125 1235 2192 1289 de
2227 1233 2511 1288 contrariis
2551 1234 2904 1302 potestatibus
2949 1234 3191 1288 dicatur.
3241 1233 3349 1287 lllze
3376 1244 3503 1288 sunt

1936 1322 2101 1385 enim,
2144 1337 2262 1390 quae
2292 1322 2344 1375 in
2371 1322 2600 1376 obscuro
2638 1322 2898 1392 sagittam
2923 1331 3100 1378 rectos
3143 1325 3326 1378 corde.
3370 1321 3502 1378 Pro-

1934 1423 2117 1482 pterea
2156 1428 2287 1483 ergo
2314 1414 2401 1468 die
2431 1423 2699 1484 noctuque
2732 1415 2956 1484 vigilent
2981 1415 3032 1470 hi
3066 1417 3159 1484 qui
3197 1426 3346 1471 recto
3374 1427 3502 1471 sunt

1935 1506 2119 1570 cerde,
2159 1505 2285 1575 quia
2329 1505 2406 1559 illi
2444 1506 2664 1576 quidem
2709 1516 3040 1575 paraverunt
3086 1509 3331 1577 sagittas.
3381 1505 3501 1563 Non

1935 1599 2090 1664 dixit,
2103 1597 2323 1668 jaculati
2346 1609 2491 1662 sunt,
2507 1599 2597 1653 sed
2611 1608 2928 1668 paraverunt
2945 1600 3198 1667 sagittas;
3218 1616 3320 1653 non
3343 1601 3501 1669 sagit.

1936 1698 2119 1744 tarunt
2143 1704 2318 1760 neque
2349 1689 2791 1754 vulneraverunt,
2824 1692 2916 1746 sed
2950 1700 3137 1760 parant
3170 1706 3230 1747 se
3255 1701 3314 1746 ut
3342 1693 3501 1761 sagit-

250 1791 435 1845 neque
481 1776 586 1831 illis
621 1777 901 1847 suppliciis
957 1794 1079 1848 qum
1128 1781 1506 1849 peccatoribus
1543 1782 1822 1836 imminent
1856 1773 1897 1831 Β
1928 1791 2059 1836 tent.
2093 1779 2252 1834 Vides
2283 1795 2383 1834 nos
2423 1789 2713 1850 antequam
2758 1781 3105 1835 vulnerentur
3143 1783 3496 1846 commoneri,

249 1869 682 1940 sulijacebimus.
742 1870 800 1926 Si
839 1885 970 1925 vero
1017 1873 1068 1925 iu
1121 1873 1224 1928 hac
1270 1874 1380 1927 vita
1428 1877 1826 1930 contemnimus

246 1963 653 2017 commonentis
683 1979 780 2018 nos
811 1963 1005 2018 divinae
1033 1963 1328 2033 Scriptum
1354 1968 1537 2030 verba,
1570 1975 1624 2021 et
1643 1969 1821 2022 curari

247 2053 337 2106 vel
367 2054 647 2109 emendari
683 2055 801 2125 ejus
830 2057 1265 2124 correptiouibus
1312 2057 1583 2124 nolumus,
1615 2070 1822 2113 certum

246 2145 497 2214 estquia
540 2157 726 2201 manet
758 2159 854 2202 nos
908 2149 1049 2218 ignis
1096 2148 1184 2203 ille
1233 2149 1324 2220 qui
1376 2162 1710 2218 praeparatus
1737 2163 1825 2208 est

248 2237 654 2304 peccatoribus,
679 2249 732 2292 et
760 2239 1040 2294 veniemus
1075 2241 1142 2295 ad
1171 2241 1322 2295 illum
1353 2241 1520 2314 664
1546 2244 1722 2313 ignem
1767 2245 1820 2299 in

247 2343 361 2397 quo
397 2329 808 2399 uniuscujusque
862 2347 991 2399 Opus
1036 2330 1193 2400 quale
1226 2332 1294 2385 sit
1339 2334 1475 2402 ignis
1513 2334 1752 2402 probabit
1777 2335 1818 2389 ⁸.

250 2421 344 2487 Et,
367 2427 426 2474 ut
455 2433 555 2488 ego
586 2420 841 2483 arbitror,
890 2434 1081 2474 omnes
1115 2435 1216 2475 nos
1262 2421 1449 2476 venire
1488 2438 1712 2479 necesse
1739 2432 1824 2480 est

247 2510 320 2564 ad
347 2509 497 2564 illum
546 2510 748 2580 ignem.
789 2509 1017 2564 Etiamsi
1059 2509 1258 2565 Paulus
1285 2510 1356 2566 sit
1389 2512 1582 2580 aliquis
1617 2513 1698 2568 vel
1730 2512 1824 2568 Pe-

250 2610 389 2666 trus,
419 2605 570 2656 venit
603 2610 780 2655 tamen
809 2601 874 2654 ad
908 2600 1060 2654 illum
1094 2600 1292 2671 ignem.
1326 2601 1429 2657 Sed
1461 2603 1534 2657 illi
1564 2606 1697 2659 tales
1720 2620 1819 2658 au-

248 2689 447 2746 diunt:
478 2688 706 2744 Etiamsi
723 2707 813 2760 per
835 2692 1002 2761 ignem
1033 2700 1293 2754 transeas,
1325 2672 1555 2759 ﬂamma.
1585 2710 1685 2748 non
1732 2695 1823 2748 ad-

248 2793 367 2836 uret
394 2792 444 2837 te
466 2783 509 2836 ⁸.
544 2781 600 2837 Si
632 2799 760 2838 vero
777 2783 970 2853 aliquis
991 2783 1183 2838 similis
1208 2783 1312 2839 mei
1328 2794 1582 2852 peccator
1609 2786 1698 2850 sit,
1727 2801 1819 2840 ve-

251 2875 368 2928 niet
390 2874 608 2944 quidem
641 2877 710 2929 ad
736 2876 912 2946 ignem
947 2874 1096 2929 illum
1123 2875 1266 2930 sicut
1295 2875 1488 2930 Petrus
1518 2884 1573 2930 et
1601 2876 1816 2940 Paulus,

249 2967 347 3022 sed
397 2982 504 3021 non
552 2968 631 3022 sic
682 2967 905 3020 transiet
964 2967 1105 3021 sicut
1158 2967 1349 3022 l’etrus
1395 2974 1448 3022 et
1490 2967 1707 3024 Paulus.
1756 2969 1820 3023 Et

249 3057 705 3126 quemadmodum
731 3057 796 3112 ad
812 3056 1053 3111 Rubrum
1072 3073 1222 3112 mare
1236 3069 1500 3112 venerunt
1523 3058 1730 3114 Hebraei
1749 3059 1817 3125 ¹⁶,

251 3160 518 3204 venerunt
557 3160 610 3203 et
661 3148 926 3220 :Egyptii,
951 3149 1044 3203 sed
1092 3149 1298 3206 llehraai
1332 3152 1545 3221 quidem
1588 3155 1820 3206 transie-

251 3251 378 3293 runt
409 3255 557 3294 mare
581 3239 848 3300 Rubrum,
879 3238 1119 3310 {Egyptii
1148 3251 1325 3294 autem
1354 3241 1588 3294 demersi
1616 3251 1740 3294 sunt
1765 3241 1817 3295 in

250 3333 372 3401 ipso
401 3353 412 3387 ε
457 3334 559 3386 hoc
591 3331 748 3388 modo
789 3332 952 3388 etiam
985 3348 1084 3388 nos
1121 3332 1164 3386 si
1197 3333 1417 3402 quidem
1449 3331 1690 3403 Egyptii
1723 3349 1818 3388 su-

253 3439 391 3489 mus,
425 3433 482 3479 et
517 3424 794 3495 sequimur
817 3423 1159 3478 Pharaonem
1207 3423 1501 3488 diabolum,
1537 3427 1819 3495 praeceptis

249 3517 364 3583 ejus
391 3515 725 3579 obedientes,
757 3515 1131 3583 demergemnr
1171 3515 1225 3569 in
1270 3514 1419 3569 illum
1453 3514 1672 3570 ﬂuvium
1704 3517 1818 3573 sive

251 3608 423 3661 lacum
452 3607 688 3676 igneum,
707 3621 831 3662 cum
850 3609 1066 3662 inventa
1089 3606 1289 3662 fuerint
1308 3607 1360 3662 in
1393 3607 1550 3662 nobis
1571 3619 1814 3677 peccata,

250 3714 367 3768 quze
387 3698 506 3753 sine
527 3698 689 3752 dubio
708 3713 772 3752 ex
802 3700 1083 3770 praeceptis
1115 3699 1375 3770 elegimus
1401 3699 1722 3756 Pharaonis.
1759 3700 1816 3754 Si

249 3801 424 3846 autem
452 3805 642 3845 sumus
681 3791 912 3856 llebraai,
943 3800 996 3846 et
1025 3792 1285 3861 sanguine
1323 3792 1445 3862 agni
1477 3792 1814 3847 immaculati

249 3895 431 3934 sturnus
473 3879 752 3948 redempti,
812 3881 854 3934 si
906 3896 1011 3935 non
1052 3890 1332 3950 portamus
1368 3883 1650 3938 nobiscum
1700 3884 1814 3935 fcr-

252 3979 487 4024 mentum
541 3972 812 4040 nequitiae,
871 3972 1206 4042 ingredimur
1249 3974 1467 4044 quidem
1499 3985 1552 4029 et
1585 3991 1684 4030 nos
1718 3975 1816 4028 llu-

251 4065 392 4117 vium
425 4065 583 4132 ignis.
636 4063 744 4120 Sed
796 4065 936 4119 sicut
981 4065 1222 4120 Hebraeis
1264 4076 1383 4122 erat
1430 4082 1570 4136 aqua
1625 4083 1814 4122 mures

251 4157 430 4208 dextra
467 4157 727 4226 laevaque,
764 4158 836 4210 ita
877 4156 1043 4209 etiam
1077 4158 1221 4227 ignis
1258 4159 1361 4212 erit
1392 4175 1598 4220 murus,
1634 4161 1677 4214 si
1713 4175 1813 4216 nos

253 4246 504 4301 faciamus
535 4248 676 4316 quod
707 4248 772 4302 de
801 4249 909 4302 illis
943 4250 1146 4304 dictum
1174 4261 1279 4314 est,
1313 4253 1438 4320 quia
1466 4252 1814 4308 crediderunt

258 4341 358 4393 Deo
380 4349 436 4393 et
470 4339 636 4412 Moysi
668 4340 870 4396 famulo
903 4341 1037 4409 ejus,
1085 4343 1138 4396 id
1171 4353 1252 4396 est
1286 4343 1392 4412 legi
1432 4343 1549 4411 ejus
1574 4353 1631 4399 et
1659 4361 1811 4399 man-

1931 1880 1986 1926 ut
2015 1888 2113 1928 nos
2144 1874 2210 1926 ab
2251 1872 2464 1927 illormn
2505 1873 2820 1929 vulneribus
2866 1873 3236 1941 defendamus,
3267 1882 3322 1929 et
3349 1875 3496 1929 omni

1927 1959 2170 2015 custodia
2201 1975 2480 2015 servemus
2501 1975 2596 2015 cor
2636 1971 2901 2016 nostrum.

1995 2053 2048 2106 5.
2088 2051 2219 2106 Volo
2239 2051 2402 2107 etiam
2442 2051 2676 2121 amplius
2695 2052 2896 2123 aliquid
2929 2053 2979 2106 in
3016 2053 3098 2108 his
3135 2053 3264 2109 locis
3288 2053 3497 2124 positus

1925 2145 2156 2214 aperire,
2201 2159 2268 2199 ne
2314 2159 2527 2216 semper
2567 2145 2634 2199 de
2661 2144 3015 2200 inferioribus
3051 2145 3242 2215 loquar
3281 2147 3347 2200 ad
3379 2161 3493 2212 vos,

1924 2233 2018 2288 sed
2051 2232 2342 2303 aliquando
2389 2233 2638 2304 quaedam
2670 2233 2834 2287 etiam
2879 2235 3155 2302 superiora
3194 2233 3493 2303 pulsemus.

1924 2325 2220 2381 Considero
2250 2341 2401 2396 ergo,
2435 2325 2559 2395 quia
2591 2325 2728 2380 sicut
2769 2324 3017 2381 Salvator
3043 2325 3239 2394 sagitta
3269 2335 3351 2380 est
3374 2326 3491 2394 Dei,

1925 2418 2067 2472 sicut
2115 2418 2380 2486 scriptum
2435 2429 2518 2472 est
2558 2417 2599 2448 ¹²
2642 2433 2658 2470 :
2713 2414 2902 2471 Posuit
2943 2434 3022 2470 me
3071 2419 3205 2470 sicut
3243 2419 3495 2488 sagittam

1923 2510 2179 2574 electam;
2213 2509 2329 2564 sine
2381 2509 2543 2563 dubio
2589 2519 2770 2564 autem
2820 2509 2984 2563 simili
3035 2508 3282 2576 exemplo
3325 2510 3493 2564 etiam

1923 2600 2134 2671 Moyses
2163 2601 2215 2654 in
2243 2615 2348 2669 quo
2374 2601 2585 2656 locutus
2615 2612 2700 2656 est
2735 2602 2899 2665 Deus,
2933 2601 3130 2672 sagitta
3162 2602 3253 2657 Dei
3279 2612 3363 2660 est
3388 2615 3406 2657 :
3435 2613 3494 2658 et

1923 2694 2102 2749 caeteri
2128 2694 2403 2764 propheta:
2428 2702 2483 2749 et
2514 2693 2740 2764 apostoli
2769 2693 2995 2761 Christi,
3027 2694 3080 2747 in
3113 2693 3308 2760 quibus
3339 2693 3494 2748 Chri—

1923 2795 2038 2839 stus
2068 2786 2181 2852 ipse
2222 2783 2566 2854 loquebatur,
2602 2793 2810 2839 certum
2841 2795 2925 2838 est
2961 2784 3086 2853 quia
3119 2798 3215 2852 per
3236 2784 3528 2857 sagittam,-

1923 2873 2016 2928 Dei
2047 2874 2407 2928 vulnerabant
2450 2888 2545 2928 eos
2592 2883 2647 2928 et
2687 2874 3122 2942 compungebant
3156 2888 3250 2927 cor
3277 2887 3490 2938 eorum,

1919 2968 2117 3040 quibus
2139 2981 2441 3022 sermonem
2474 2965 2567 3020 Dei
2606 2965 2990 3034 loquebantur,
3022 2964 3092 3018 ita
3121 2974 3179 3017 ut
3201 2964 3254 3018 hi
3293 2964 3385 3034 qui
3425 2964 3492 3017 ab

1925 3058 2056 3126 ipsis
2103 3056 2398 3110 audiebant
2443 3068 2748 3110 sermonem
2800 3054 2917 3118 Dei,
2961 3054 3206 3108 dicerent
3249 3054 3312 3120 ⁸³,
3363 3054 3488 3122 quia

1917 3147 2192 3202 Vulnerata
2229 3149 2482 3201 charitate
2525 3163 2615 3216 ego
2645 3163 2796 3210 sum;
2839 3147 2917 3200 sic
2954 3161 3142 3200 rursus
3179 3149 3490 3201 eeoutrario

1923 3241 2195 3310 quomodo
2223 3241 2474 3295 Christus
2504 3251 2584 3294 est
2616 3241 2786 3294 electa
2818 3239 3016 3310 sagitta
3053 3239 3168 3305 Dei,
3194 3239 3274 3293 sic
3299 3249 3354 3293 et
3374 3238 3488 3292 An-

1921 3335 2202 3388 tichristus
2223 3334 2420 3405 sagitta
2461 3333 2682 3388 diaboli.
2725 3333 2788 3386 Et
2817 3334 2956 3386 sicut
2978 3346 3170 3387 omnes
3206 3333 3258 3386 in
3291 3333 3488 3401 quibus

1920 3427 2169 3482 Christus
2213 3426 2423 3481 loeutus
2457 3437 2563 3490 est,
2593 3425 2676 3481 vel
2714 3426 2973 3496 loquitur,
3020 3426 3314 3480 secundum
3351 3427 3491 3479 hanc

1920 3523 2332 3579 similitudinem
2361 3521 2638 3591 propheta:
2663 3529 2719 3576 et
2742 3521 2970 3590 apostoli
2999 3521 3159 3575 etiam
3195 3519 3297 3589 ipsi
3323 3520 3492 3589 sagit.

1921 3628 1987 3672 ta:
2025 3623 2182 3670 erant
2229 3615 2345 3679 Dei,
2405 3624 2461 3668 et
2507 3613 2812 3680 quicunque
2843 3609 3023 3678 justus
3067 3619 3123 3662 et
3168 3609 3489 3677 pratdicatnr

1918 3708 2156 3777 loquitur
2183 3706 2404 3759 verbum
2453 3703 2545 3757 Dei
2573 3703 2639 3756 ad
2667 3703 2894 3756 salutem
2936 3700 3212 3753 hominum
3235 3715 3486 3754 consum-

1918 3799 2193 3860 mandam,
2224 3793 2418 3864 sagitta
2462 3793 2553 3846 Dei
2579 3792 2686 3846 dici
2717 3799 2924 3859 potest:
2961 3789 3032 3843 ita
3061 3799 3115 3843 et
3146 3803 3332 3843 omnes
3356 3805 3484 3858 pec-

1915 3897 2127 3942 calores
2157 3887 2208 3940 in
2247 3886 2440 3954 quibus
2469 3880 2716 3938 diabolus
2747 3879 3006 3948 loquitur,
3042 3878 3249 3947 sagitta:
3279 3877 3482 3932 diaboli

1915 3979 2018 4033 dici
2067 3985 2310 4046 possunt.
2336 3975 2393 4030 Si
2419 3973 2633 4044 quando
2661 3987 2791 4042 ergo
2825 3979 2876 4025 te
2906 3969 3104 4024 videris
3139 3983 3233 4038 per
3267 3985 3330 4025 os
3353 3985 3485 4039 pec-

1914 4069 2117 4123 caloris
2148 4067 2361 4134 sagittis
2387 4065 2588 4120 diaboli
2630 4063 2925 4126 vulnerari,
2969 4062 3108 4116 illius
3136 4062 3353 4130 quidem
3381 4062 3485 4115 mi-

1914 4175 2094 4216 serere
2123 4160 2214 4228 qui
2267 4173 2326 4214 se
2358 4159 2420 4211 ad
2461 4159 2564 4212 hoc
2613 4172 2751 4224 opus
2780 4155 3001 4208 exhibet
3046 4153 3263 4208 diabolo
3317 4153 3482 4207 mini~

1913 4267 2085 4309 strum
2126 4271 2138 4305 :
2176 4262 2229 4306 tu
2265 4261 2443 4305 autem
2478 4239 2684 4304 memor
2707 4259 2824 4303 esto
2855 4248 2950 4312 tui,
2981 4256 3032 4300 et
3064 4247 3242 4317 arripe
3271 4256 3482 4301 sentum

1914 4347 2060 4413 ﬁdei,
2098 4357 2156 4399 ut
2211 4344 2388 4414 possis
2432 4344 2485 4396 in
2529 4342 2645 4410 ipso
2686 4339 2870 4396 omnia
2916 4338 3018 4392 tela
3057 4338 3228 4408 ignita
3263 4337 3484 4407 maligni

249 4431 406 4496 datis,
449 4440 503 4486 et
552 4432 631 4486 sic
664 4447 954 4501 sequamur
981 4431 1286 4489 colunmam
1339 4433 1478 4503 ignis
1513 4444 1567 4488 et
1605 4435 1812 4490 colum-
1844 4460 1888 4516 ι)
1918 4439 2277 4508 exstinguere.
2309 4434 2424 4488 Non
2460 4433 2630 4489 solum
2661 4441 2838 4485 autem
2868 4429 2920 4482 in
2956 4430 3162 4496 verbis,
3190 4429 3283 4484 sed
3317 4429 3370 4482 in
3398 4428 3482 4480 fa-

253 4537 368 4574 nam
416 4523 590 4580 nubis.
655 4523 778 4577 llaec
835 4525 1141 4579 monuimus
1198 4533 1499 4593 repetentes
1553 4529 1810 4596 explana-

251 4617 470 4680 tionem,
517 4616 789 4685 quomodo
833 4615 1068 4687 gladium
1125 4617 1551 4684 evaginaverunt
1613 4635 1803 4687 pecca-

255 4717 414 4764 tores.

313 4799 364 4854 2.
406 4801 510 4854 Sed
542 4817 608 4854 ne
652 4799 784 4853 illud
820 4800 1035 4868 quidem
1070 4801 1240 4855 otiose
1270 4799 1654 4854 transeundum
1701 4811 1806 4868 est,

250 4893 384 4962 quod
417 4894 580 4946 etiam
618 4893 908 4947 tetendisse
940 4892 1192 4946 dicuntur
1221 4906 1404 4945 arcum
1438 4906 1630 4946 suum:
1662 4897 1806 4960 quod

251 5003 346 5040 non
385 4985 496 5055 jam
538 4985 874 5055 oppositione
911 4986 1169 5038 contrarii
1216 4986 1357 5040 sicut
1387 4986 1440 5039 in
1469 4986 1682 5040 caeteris
1723 4985 1806 5039 fe-

250 5080 439 5140 cimus,
498 5079 593 5132 sed
645 5094 713 5132 ex
771 5076 1039 5132 similibus
1086 5077 1436 5133 absolvimus.
1497 5077 1552 5131 lu
1602 5079 1809 5134 decimo

251 5171 447 5243 psalmo
485 5171 744 5240 scriptum
781 5181 866 5227 est
909 5173 951 5204 ¹¹
973 5173 1100 5242 quia
1129 5171 1439 5226 Peccatores
1475 5172 1808 5225 intenderunt

252 5279 440 5328 arcum,
483 5273 800 5332 paraverunt
833 5265 1052 5334 sagittas
1085 5265 1136 5318 in
1160 5263 1431 5330 pharetra,
1465 5275 1518 5317 ut
1559 5265 1810 5333 sagittent

253 5355 301 5409 in
319 5356 536 5408 obscuro
562 5365 727 5409 rectos
749 5357 920 5409 corde.
959 5355 1112 5410 Unde
1139 5365 1381 5424 apparet,
1415 5355 1558 5423 quod
1589 5369 1684 5409 cor
1701 5354 1802 5406 im-

254 5449 317 5517 pii
365 5449 630 5519 repletum
657 5460 741 5504 est
769 5450 912 5504 velut
955 5451 1210 5518 pharetra
1258 5450 1473 5519 sagittis
1499 5448 1798 5504 venenatis.

257 5544 384 5597 Sunt
412 5557 542 5611 ergo
582 5541 792 5610 sagittae
822 5541 1134 5611 impiorum,
1173 5542 1402 5598 consilia
1433 5549 1489 5595 et
1521 5538 1802 5608 cogitatio~

1320 5720 1361 5750 ¹⁰
1392 5717 1559 5774 Exod.
1587 5733 1695 5773 xtv.

317 5718 527 5775 'lCor.
565 5735 643 5783 ιιι,
687 5720 766 5774 15.
844 5721 862 5750 ⁹
892 5718 1241 5785 lsa.xun,‘.’..

1776 5718 1814 5748 “
1837 5716 1976 5773 Psal.
2017 5733 2070 5783 κ,
2100 5715 2152 5770 5.

1915 4532 2018 4586 ctis
2053 4531 2360 4600 diriguntur
2385 4528 2437 4581 in
2469 4543 2570 4581 nos
2599 4525 2702 4580 tela
2745 4523 2966 4579 diaboli.
3002 4523 3060 4576 Si
3087 4523 3233 4576 enim
3272 4521 3484 4576 videres

1916 4623 2194 4675 mulierem
2237 4621 2572 4674 insidiantem
2612 4618 2725 4682 tibi,
2765 4627 2820 4670 ut
2850 4625 2900 4671 te
2931 4615 3185 4684 decipiat,
3220 4626 3400 4668 nonne
3429 4621 3484 4664 et

1912 4711 2270 4776 litecignitum
2299 4709 2458 4763 telum
2487 4706 2684 4762 diaboli
2715 4716 2820 4771 est,
2851 4721 2972 4760 cum
3001 4706 3092 4759 tibi
3121 4705 3191 4757 ila
3217 4703 3481 4772 loquitur,

1911 4813 1970 4856 ut
2016 4803 2068 4855 iu
2111 4810 2164 4856 te
2213 4800 2387 4870 ignem
2433 4798 2674 4854 libidinis
2719 4798 2991 4854 concitet?
3047 4795 3313 4850 Similiter
3349 4797 3478 4850 etsi

1910 4895 2031 4963 quis
2059 4903 2110 4948 te
2143 4892 2323 4947 verbis
2355 4892 2555 4946 amaris
2574 4900 2631 4946 et
2655 4892 2865 4961 asperis
2897 4889 2960 4943 ad
2995 4888 3328 4943 iracundiam
3346 4904 3480 4944 con-

1907 4984 2056 5047 citet,
2111 4997 2290 5038 nonne
2323 4992 2379 5037 et
2422 4981 2509 5037 hic
2558 4982 2794 5052 ignitum
2831 4981 3072 5051 jaculum
3121 4991 3206 5034 est
3236 4979 3481 5048 maligni,

1896 5089 2014 5151 .quo
2049 5073 2406 5128 inﬂammaris
2438 5083 2493 5128 et
2523 5074 2827 5127 incenderis
2867 5074 2935 5125 ad
2978 5072 3256 5126 furorem?
3284 5073 3386 5125 Sed
3433 5085 3489 5130 et

1905 5166 1948 5220 si
1971 5168 2092 5236 quis
2117 5167 2169 5220 in
2196 5167 2340 5221 aliud
2362 5182 2576 5237 quoque
2617 5177 2668 5221 te
2690 5175 2953 5236 provocat
2979 5175 3034 5218 et
3060 5165 3303 5234 instigat,
3345 5167 3486 5233 quod

1907 5267 1963 5313 tu
1996 5261 2340 5329 impatienter
2363 5259 2547 5313 ferens
2576 5258 2628 5311 in
2653 5265 2937 5326 peccatum
2964 5254 3210 5319 decidas,
3242 5253 3351 5308 inte
3366 5254 3488 5322 llige

1911 5348 2244 5419 diligentius,
2273 5359 2328 5403 et
2364 5350 2585 5402 adverte
2619 5349 2716 5403 hos
2743 5361 2932 5402 omnes
2958 5344 3138 5412 jacula
3170 5357 3290 5398 esse
3327 5345 3484 5396 mali-

1908 5443 1996 5512 gni
2022 5443 2209 5511 ignita,
2246 5443 2438 5511 quibus
2473 5451 2651 5496 rectos
2687 5439 2852 5495 corde
2897 5436 3212 5503 inﬂammet,
3236 5435 3485 5490 vulneret

1910 5535 1976 5590 ad
2001 5545 2304 5605 peccatum.
2338 5534 2442 5588 Sed
2470 5533 2613 5602 quod
2644 5542 2730 5588 est
2759 5529 3053 5594 infelicius,
3081 5543 3283 5597 paucas
3326 5528 3484 5584 video

2237 5715 2277 5745 ”
2316 5712 2414 5766 lsa.
2442 5726 2587 5776 tux,
2617 5709 2672 5768 2.
2745 5709 2785 5740 ¹³
2818 5709 2977 5765 Cant.
3014 5723 3068 5773 v,
3095 5705 3175 5761 ὃν
