4020 6152
660 236 800 294 15³59

2066 243 2152 298 EX
2191 243 2492 301 OlllGENE
3777 255 3853 311 lati

653 353 886 423 sagittas
916 352 1031 415 Dei,
1063 353 1217 421 pauci
1246 362 1373 409 sunt
1400 355 1489 424 qui
1526 355 1597 410 ita
1625 356 1919 427 loquuntur
1948 369 2006 414 ut
2031 360 2237 415 inﬂam-
2267 368 2307 420 Α
2341 364 2520 419 vitalis
2542 363 2807 419 abscedit.
2845 362 2910 418 Et
2941 364 2986 419 si
3019 363 3171 419 audis
3215 363 3341 418 dici
3383 362 3441 417 in
3471 360 3668 418 Genesi
3700 365 3755 429 ",
3782 373 3852 435 quia

656 455 807 499 ment
850 458 947 499 cor
984 445 1278 512 auditoris,
1314 454 1374 501 et
1399 448 1723 504 abstrahant
1757 465 1879 504 eum
1921 467 1950 506 a
1981 464 2223 519 peccato,

653 545 711 590 et
731 543 1082 591 convertatur
1110 537 1177 590 ad
1208 538 1602 606 paenitentiam.
1638 540 1801 598 Pauci
1830 543 1904 597 ita
1936 544 2227 615 loquuntur

654 626 748 695 qui
777 626 1038 681 auditoris
1076 627 1241 682 corde
1283 644 1546 698 percusso
1584 633 1805 689 eliciant
1845 652 1911 690 ex
1938 637 2097 693 oculo
2150 639 2226 692 la-

652 731 896 787 erymam
920 720 1276 787 ptenitentiae,
1304 722 1396 790 qui
1437 725 1742 793 aperientes
1770 727 1963 784 futura:
1994 732 2105 800 spei
2145 731 2227 785 lu—

654 821 778 861 men
816 816 871 863 et
917 809 1343 878 magnitudinem
1375 811 1538 869 futuri
1575 817 1776 883 szeeuli,
1824 834 1887 874 ac
1935 821 2087 892 regni
2132 824 2221 877 Dei

652 905 877 972 gloriam
920 918 1296 986 protestantes
1346 911 1577 968 suadere
1633 917 1843 984 possint
1890 917 2220 982 hominibus,

652 1009 774 1063 qua:
827 996 1081 1053 videntur
1124 1009 1493 1071 contemnere,
1554 1015 1608 1060 et
1665 1018 1919 1076 expetere
1963 1025 2083 1080 qua:
2113 1028 2222 1068 non

654 1084 924 1152 videntur,
980 1103 1237 1157 spernere
1286 1109 1406 1163 quae
1451 1097 1765 1165 temporalia
1822 1110 1969 1168 sunt,
2005 1110 2060 1156 et
2106 1120 2225 1174 qua:

653 1182 856 1230 teterna
896 1188 1023 1232 sunt
1070 1195 1334 1249 quzcrere.
1377 1184 1640 1257 Perpauci
1668 1200 1793 1244 sunt
1826 1193 1976 1258 tales,
2005 1204 2061 1251 et
2099 1197 2219 1267 ipsi.

653 1266 701 1323 si
750 1268 845 1338 qui
887 1282 1037 1338 sunt,
1090 1276 1246 1343 pauci
1278 1291 1293 1327 :
1324 1291 1420 1347 per
1466 1279 1720 1334 invidiam
1767 1292 1822 1337 et
1869 1285 2094 1343 livorem
2124 1266 2221 1345 ita

650 1360 831 1428 agitur
857 1377 924 1416 ne
961 1365 1181 1421 omnino
1240 1368 1326 1423 vel
1385 1372 1541 1441 pauci
1594 1374 1724 1439 sint,
1757 1391 1823 1432 ne
1856 1378 1939 1433 vel
1968 1381 2223 1448 prodesse

654 1452 928 1522 aliquibus
983 1457 1217 1524 possint.
1270 1460 1494 1530 Sagittae
1543 1477 1722 1521 autem
1791 1468 1986 1524 diaboli
2048 1475 2225 1528 omni~

655 1544 759 1600 bus
827 1546 884 1602 in
949 1547 1082 1605 locis
1151 1552 1452 1622 abundant,
1514 1559 1692 1614 omnis
1748 1569 1891 1616 terra
1944 1564 2074 1634 ipsis
2136 1583 2223 1624 re-

580 1690 604 1708 .
650 1637 792 1706 pleta
852 1650 957 1700 est.
1000 1642 1188 1713 Populi
1238 1649 1388 1705 orbis
1444 1652 1699 1709 militaris
1745 1672 1939 1714 manus
1984 1662 2221 1717 maxima

2324 452 2642 526 Sanguinem
2671 456 2972 509 animarum
3008 465 3315 511 vestrarum
3362 456 3646 524 exquiram
3684 456 3738 508 ab
3772 465 3853 511 nasi

2333 545 2499 614 fratre
2521 556 2568 599 et
2594 546 2657 599 ab
2685 546 2827 599 omni
2854 546 3041 613 bestia,
3065 560 3167 600 non
3196 553 3385 615 putes
3426 543 3555 612 quia
3594 544 3657 600 de
3680 545 3762 602 hoc
3777 564 3851 603 sau-

2333 636 2495 707 guine
2530 652 2857 708 magnopere
2895 637 3172 707 praecipiat
3226 635 3552 707 corporali,
3582 647 3798 704 quantum
3819 642 3853 694 de

2334 728 2609 783 interioris
2645 729 2883 784 hominis
2922 729 3215 800 sanguine,
3271 729 3332 789 id
3368 737 3461 782 est
3504 728 3575 782 de
3606 728 3704 782 vita
3731 745 3852 785 anima

2330 829 2386 875 et
2405 819 2667 888 sanguine
2688 820 2977 890 spirituali.
3008 818 3395 875 Scandalizati
3421 818 3575 872 enim
3606 818 3853 873 animusan-

2331 914 2449 982 guis
2464 911 2778 981 ell'unditur,
2791 928 2913 968 eum
2932 912 3190 967 ceciderit
3204 912 3265 966 in
3294 920 3621 980 peceatum,
3634 919 3680 964 et
3697 924 3854 980 propter-

2330 1019 2394 1060 ea
2447 1004 2604 1069 dixit,
2632 1005 2760 1075 quia
2800 1005 3100 1075 requiritur
3132 1004 3375 1076 sanguis
3408 1003 3536 1072 ejus
3570 1017 3599 1054 a
3631 1000 3786 1056 iratis.
3820 1003 3856 1057 Et

2313 1110 2499 1164 .quare
2523 1098 2686 1150 etiam
2718 1112 2746 1151 a
2768 1095 2964 1151 bestia.
3000 1096 3057 1150 Si
3090 1096 3271 1150 ﬁdelis
3297 1104 3393 1150 est.
3423 1095 3521 1165 qui
3544 1103 3594 1149 te
3616 1096 3853 1151 scandaliu

2332 1188 2430 1252 vit,
2459 1189 2628 1243 frater
2656 1196 2761 1255 est,
2804 1202 2833 1241 a
2865 1204 2973 1256 quo
3003 1186 3386 1256 requirendus
3413 1193 3506 1239 est
3530 1186 3736 1253 sanguis
3765 1195 3854 1239 tuus.

2330 1280 2522 1335 Frater
2545 1280 2690 1335 enim
2732 1288 2857 1333 tuus
2877 1290 2981 1344 est,
3012 1279 3101 1347 qui
3137 1277 3279 1332 fudit
3313 1275 3648 1347 sanguinem
3681 1286 3851 1340 tuum,et

2334 1370 2451 1425 ideo
2467 1371 2668 1425 dictum
2684 1377 2788 1434 est,
2806 1366 2879 1421 De
2892 1386 3049 1423 manu
3072 1369 3258 1438 fratris
3292 1368 3580 1439 requiram
3605 1369 3851 1437 sanguinea.

2330 1460 2469 1516 Cum
2488 1477 2615 1517 vero
2638 1461 2907 1517 contraria
2931 1470 3171 1530 potestas
3186 1460 3312 1516 fera
3333 1469 3395 1515 et
3426 1474 3658 1529 nequam
3677 1472 3849 1529 perurget

2331 1557 2628 1625 hominem,
2669 1566 2725 1611 et
2766 1555 2998 1611 inﬁdelis
3045 1565 3131 1611 est
3171 1570 3275 1624 per
3323 1570 3501 1626 quem
3547 1554 3849 1613 insidiatur,si

2331 1648 2570 1718 potuerit
2627 1647 2857 1703 fundere
2917 1649 3235 1718 sanguinem
3305 1648 3520 1703 animae
3564 1656 3681 1709 tute,
3728 1644 3769 1699 id
3800 1653 3848 1698 est

646 1742 716 1785 ex
749 1745 903 1800 parte
951 1736 1163 1807 sagittae
1190 1750 1318 1795 sunt
1365 1743 1607 1816 maligni,
1639 1748 1844 1803 utinam
1885 1752 1957 1808 ibi
1994 1763 2222 1808 tantum-

2329 1739 2563 1810 dejicere
2586 1749 2637 1796 te
2662 1741 2715 1797 in
2749 1749 3054 1810 peccatum,
3085 1739 3262 1796 bestia
3300 1751 3395 1795 est
3415 1756 3519 1810 per
3542 1754 3695 1809 quam
3717 1738 3845 1806 etqui-

652 1830 837 1893 tnodo,
883 1839 1046 1900 atque
1088 1832 1142 1886 in
1185 1832 1291 1889 illis
1332 1837 1651 1903 prmvaleret
1703 1843 1974 1910 inimicus,
2020 1855 2080 1901 ut
2106 1846 2226 1903 illos

645 1917 809 1990 665
847 1920 990 1977 solos
1027 1923 1253 1977 haberet
1290 1927 1538 1997 sagittas.
1596 1929 1754 1988 Nunc
1802 1944 1984 1990 autent
2034 1952 2228 1993 vereor

642 2013 813 2067 etiam
869 2028 962 2070 eos
1003 2017 1093 2085 qui
1147 2017 1295 2074 intus
1346 2032 1495 2087 sunt,
1541 2032 1596 2078 et
1639 2026 1903 2097 meipsum
1938 2045 2128 2086 vereor
2160 2046 2229 2086 ne

647 2102 792 2159 forte
817 2106 1066 2161 diabolus
1100 2109 1332 2166 adducat
1383 2127 1470 2167 me
1515 2115 1571 2169 in
1619 2117 1835 2187 aliquod
1887 2120 2223 2188 scandalum,

648 2203 707 2248 et
750 2204 934 2250 utatur
979 2212 1066 2253 me
1109 2200 1305 2269 sagitta
1367 2203 1630 2262 adversus
1676 2208 1913 2263 animam
1943 2210 2223 2268 hominis:

645 2283 775 2351 quia
800 2285 891 2353 qui
921 2288 1378 2346 scandalizaverit
1400 2293 1635 2364 aliquem
1670 2298 1786 2353 sive
1816 2299 1870 2353 in
1900 2303 2087 2369 verbo,
2114 2304 2228 2361 sive

642 2373 700 2428 in
730 2374 897 2437 facto.
924 2376 1029 2433 iste
1056 2379 1131 2433 illi
1163 2382 1361 2437 animae
1393 2399 1555 2454 quam
1597 2390 1996 2448 scandalizavit
2029 2398 2225 2466 sagitta

640 2468 857 2524 exstitit
912 2479 969 2525 et
1014 2471 1260 2538 jarulum
1308 2476 1534 2532 diaboli.
1581 2479 1647 2535 Et
1698 2483 1816 2539 vide
1860 2487 1988 2556 quid
2032 2492 2227 2546 accidit

643 2560 801 2619 nobis
832 2562 1127 2622 infelicius.
1169 2567 1443 2624 Interdum
1477 2587 1577 2627 nos
1611 2584 1866 2643 putamus
1913 2579 2096 2638 dicere
2127 2585 2224 2638 ad—

643 2665 833 2709 versus
860 2653 1117 2725 aliquem,
1161 2668 1219 2713 et
1264 2660 1483 2717 incaute
1539 2665 1875 2734 proferimus
1920 2686 2223 2742 sermones,

640 2743 769 2796 dum
806 2746 1207 2805 contentiosius
1254 2752 1485 2821 agimus,
1544 2764 1599 2809 et
1647 2759 1992 2826 quibuslibet
2050 2767 2227 2822 verbis

640 2838 860 2892 vincere
891 2841 1202 2909 studemus,
1245 2854 1373 2901 tunc
1403 2845 1656 2903 diabolus
1698 2865 1795 2905 ore
1835 2865 2023 2909 nostro
2058 2861 2229 2912 utitur

645 2930 792 2984 velut
819 2947 969 2996 arcu,
1022 2946 1120 3002 per
1169 2951 1331 3005 quem
1393 2939 1625 3010 sagittas
1663 2941 1864 3013 dirigat
1908 2954 1965 3001 et
2012 2948 2229 3017 sagittet

644 3034 824 3078 rectos
874 3027 1060 3091 corde,
1122 3041 1216 3082 eos
1275 3029 1528 3086 videlicet
1585 3033 1678 3102 qui
1729 3048 1828 3090 nos
1882 3038 2108 3093 audiunt
2161 3056 2223 3094 ea

642 3114 950 3187 loquentes,
989 3120 1040 3173 in
1072 3122 1269 3191 quibus
1300 3125 1618 3180 scandalum
1651 3128 1960 3197 patiuntur.
1994 3132 2060 3187 Et
2085 3132 2226 3188 sicut

641 3207 785 3261 Deus
812 3209 991 3276 posuit
1017 3226 1203 3267 arcum
1235 3213 1287 3267 in
1321 3216 1555 3272 nubibus
1594 3233 1662 3273 ne
1707 3219 1806 3275 ﬁat
1835 3221 2096 3277 diluvium
2121 3263 2137 3289 ,
2169 3234 2225 3279 et

644 3303 709 3349 ut
759 3303 1051 3366 tempestas
1101 3303 1316 3359 desinat
1368 3305 1456 3362 “‘:
1496 3308 1566 3362 ita
1625 3312 1936 3366 econtrario
1978 3313 2224 3369 diabolus

638 3391 795 3461 ponit
821 3406 1006 3459 areum
1050 3409 1156 3450 non
1192 3406 1250 3450 ut
1294 3413 1517 3456 cessare
1546 3400 1733 3466 faciat,
1778 3405 1873 3459 sed
1920 3414 1976 3460 ut
1999 3407 2225 3463 suscitet

639 3491 1019 3554 tempestates,
1050 3496 1110 3541 ut
1144 3490 1491 3546 serenitatem
1524 3497 1810 3551 conturbet
1837 3498 1889 3551 in
1927 3499 2133 3563 anima,
2167 3510 2226 3555 ut

637 3588 829 3642 pacem
855 3576 1111 3646 depellat,
1144 3588 1202 3633 ut
1230 3581 1370 3635 bella
1402 3596 1768 3651 commoveat,
1799 3597 1853 3642 et
1884 3598 1945 3644 ut
1979 3592 2221 3651 turbines

639 3667 845 3722 excitet
899 3684 963 3724 ac
1016 3672 1304 3739 procellas.
1352 3672 1489 3729 Cum
1545 3677 1690 3733 enim
1721 3680 1926 3738 videris
1981 3684 2220 3753 aliquem

639 3759 786 3816 V'tiis
821 3773 874 3817 et
900 3764 1243 3832 passionibus
1278 3769 1543 3839 agitatum
1574 3770 1868 3829 circumire
1920 3786 1973 3831 et
2008 3789 2220 3848 pertur-

596 3850 605 3867 '
641 3850 774 3908 bare
797 3855 997 3921 omnia,
1039 3856 1162 3912 nolo
1203 3858 1415 3915 dubites
1454 3862 1601 3930 quod
1640 3861 1731 3918 ille
1776 3866 1972 3935 sagitta
2017 3870 2220 3927 diaboli

644 3953 750 4008 est,
805 3954 862 3999 et
913 3962 976 4002 os
1026 3947 1144 4017 ejus
1193 3954 1375 4019 posuit
1418 3967 1608 4008 arcum
1650 3968 1829 4023 Suum,
1891 3966 1945 4017 et
1998 3964 2226 4019 tetendit

645 4036 874 4104 sagittas
900 4038 1061 4094 verba
1104 4041 1220 4109 ejus
1255 4053 1316 4098 ut
1348 4044 1612 4114 sagittent
1652 4056 1831 4105 rectos
1881 4053 2066 4107 corde.
2117 4054 2223 4110 Sed

641 4129 737 4198 qui
789 4130 982 4185 tnuniti
1035 4145 1160 4188 sunt
1206 4136 1379 4191 armis
1433 4136 1546 4197 Dei.
1605 4141 1674 4195 ab
1729 4142 1815 4197 his
1862 4143 2059 4199 talibus
2116 4162 2222 4202 non

644 4231 942 4293 potuerunt
969 4225 1261 4282 vulnerari.

709 4314 766 4368 4.
789 4312 941 4380 Quod
970 4325 1148 4372 autem
1182 4319 1465 4387 addidit‘ut
1493 4324 1759 4380 trucidant
1778 4337 1945 4382 rectos
1972 4333 2129 4386 corde
2157 4334 2219 4399 ⁸⁸,

2329 1831 2401 1885 rit
2472 1831 2736 1888 Dominus
2779 1832 3100 1902 sanguinem
3161 1842 3349 1887 tuum.
3411 1830 3527 1886 Sed
3575 1839 3628 1884 et
3667 1828 3845 1883 Ezechkl

2328 1923 2590 1994 propheta
2615 1937 2739 1978 cum
2767 1922 2900 1979 dicit
2925 1923 3334 1994 speculatorem
3367 1938 3433 1978 se
3471 1922 3695 1992 positum
3721 1920 3844 1973 domui

2327 2015 2492 2072 Israel
2528 2015 2594 2082 ³⁸,
2619 2015 2709 2085 qui
2749 2017 2795 2071 si
2837 2016 3246 2071 annuntiaverit
3298 2015 3640 2084 romphaeam
3684 2012 3837 2065 venien-

2330 2118 2456 2177 tem,
2508 2122 2630 2163 reus
2662 2122 2767 2162 non
2800 2106 2894 2162 ﬁat
2926 2109 3238 2180 sanguinis,
3296 2109 3347 2162 si
3401 2122 3511 2161 non
3561 2104 3840 2162 nuntiarent,

2328 2216 2453 2257 reus
2480 2202 2552 2256 sit
2584 2199 2901 2272 sanguinis;
2947 2209 3003 2255 et
3046 2200 3105 2254 in
3139 2200 3252 2271 tege
3288 2216 3424 2255 eum
3462 2199 3673 2262 dicitur,
3706 2197 3746 2250 si
3765 2197 3839 2249 haec

2327 2302 2381 2348 et
2405 2294 2520 2348 haec
2549 2290 2763 2359 fecerit,
2790 2292 3051 2348 innocens
3074 2293 3181 2347 erit
3212 2307 3240 2345 a
3271 2292 3554 2362 sanguine
3578 2306 3593 2355 ;
3617 2289 3716 2343 sine
3731 2286 3837 2341 dubio

2303 2387 2494 2441 “etiam
2525 2385 2617 2441 hic
2643 2385 2837 2439 animae
2882 2385 3201 2456 sanguinem
3235 2384 3521 2451 designat,
3567 2383 3650 2450 qui
3674 2375 3832 2432 edundi-

2329 2486 2414 2532 tur
2445 2493 2543 2546 per
2572 2488 2876 2547 peccatum.
2906 2475 3199 2545 Propterea
3232 2491 3374 2546 ergo
3398 2476 3672 2528 timeamus
3688 2482 3831 2569 omnes.

2330 2585 2396 2624 ne
2427 2568 2566 2623 forte
2595 2569 2815 2640 sanguis
2854 2567 3086 2638 alicujus
3131 2570 3222 2638 qui
3259 2567 3672 2626 scandalizatur,
3705 2567 3832 2628 requi-

2332 2669 2479 2713 ratur
2506 2674 2536 2711 a
2570 2659 2751 2723 nobis,
2790 2658 2934 2714 sicut
2986 2661 3252 2729 propheta
3292 2657 3564 2726 designat.
3598 2653 3825 2716 "scopar-

2330 2753 2432 2806 tuit
2463 2767 2559 2807 nos
2586 2764 2851 2821 repetere,
2877 2762 2936 2807 ut
2958 2753 3170 2823 plenius
3194 2751 3611 2806 ostenderemus
3630 2739 3822 2814 quomoda

2328 2847 2564 2918 gladium
2623 2848 3049 2915 evaginaverunt
3100 2854 3427 2915 peccatores
3472 2851 3526 2895 et
3564 2835 3823 2892 tetenderunt

2329 2955 2517 2994 arcum
2549 2954 2728 3005 suum,
2761 2948 2815 2994 et
2844 2938 2965 3008 quis
2996 2949 3139 2993 esset
3172 2951 3384 3006 panper
3407 2947 3563 3004 quem
3586 2928 3817 2999 deﬁcerent,

2329 3040 2385 3087 et
2415 3031 2683 3102 quomodo
2719 3030 3062 3084 trucidantur
3111 3030 3243 3083 recti
3302 3027 3506 3091 corde,
3539 3023 3617 3076 vel
3651 3019 3744 3089 quis
3767 3022 3818 3068 est

2329 3122 2549 3189 sanguis
2581 3134 2767 3173 eorum
2800 3119 2891 3189 qui
2921 3116 3235 3174 effunditur.

2396 3210 2449 3263 5.
2492 3207 2645 3263 Nunc
2673 3220 2856 3263 autent
2894 3208 3174 3263 videamus
3220 3209 3356 3278 quid
3398 3209 3471 3263 sit
3498 3206 3609 3262 istis
3634 3208 3812 3295 peccato:

2328 3300 2476 3354 ribus
2522 3300 2612 3370 qui
2666 3301 2781 3354 IIIBC
2814 3298 3040 3363 faciunt,
3078 3299 3130 3353 id
3182 3310 3267 3354 est
3323 3301 3419 3369 qui
3476 3297 3639 3368 gladio
3678 3289 3811 3345 diaboli

2326 3402 2557 3446 utuntur
2620 3400 2674 3445 et
2703 3391 2900 3461 jaculis
2951 3391 3197 3461 maligni,
3256 3394 3391 3462 quid
3443 3391 3507 3446 de
3561 3389 3633 3442 his
3664 3395 3808 3439 rursum

2326 3484 2460 3541 dicit
2483 3499 2664 3539 sermo
2696 3484 2910 3539 divinus
2948 3500 2960 3533 :
3002 3481 3254 3549 Framea,
3289 3485 3501 3555 inquit,
3531 3494 3685 3536 eorum
3708 3475 3809 3527 intret

2328 3578 2382 3631 in
2413 3593 2504 3631 cor
2542 3594 2748 3642 eorum,
2788 3586 2838 3630 et
2879 3593 3033 3631 arcus
3070 3594 3249 3630 eorum
3299 3587 3607 3633 conteratur.
3648 3569 3807 3624 Framea

2325 3684 2494 3737 genus
2519 3668 2606 3723 teli
2638 3678 2743 3734 est,
2773 3667 2877 3722 hoc
2920 3667 3138 3720 nomine
3168 3679 3556 3738 nuncupatum.
3592 3662 3806 3716 Sermoth

2327 3760 2490 3832 igitur
2517 3760 2628 3825 isti,
2669 3774 2807 3831 quos
2837 3759 3139 3828 inspirante
3168 3758 3385 3815 diabolo
3424 3755 3578 3825 iniqui
3603 3763 3648 3806 et
3673 3759 3803 3847 μεριξ·

2326 3865 2470 3909 tores
2499 3853 2802 3923 proferunt,
2839 3853 3033 3924 inquit,
3080 3853 3344 3908 adversus
3380 3852 3593 3921 justum,
3624 3855 3668 3898 ut
3692 3851 3799 3941 truce

2323 3946 2453 4002 dent
2493 3956 2674 4002 rectos
2716 3946 2904 4010 corde,
2963 3952 3356 3999 convertentur
3410 3943 3661 3997 adversum
3702 3939 3797 3999 ¹Ρ⁵⁰⁵

2321 4041 2411 4109 qui
2442 4053 2537 4095 eos
2563 4037 2862 4108 proferunt,
2910 4045 2969 4091 ut
2994 4037 3121 4090 illuc
3158 4040 3386 4091 redeant
3432 4032 3562 4087 unde
3594 4033 3797 4096 processe-

2321 4141 2461 4185 rant.
2497 4131 2648 4184 Sicut
2677 4130 2820 4183 euim
2852 4129 3053 4183 dicitur
3094 4128 3162 4183 ad
3196 4127 3378 4197 justos
3406 4136 3457 4181 et
3499 4130 3682 4178 sanctos
3711 4123 3793 4178 at”

2320 4225 2491 4280 stolos
2518 4240 2547 4278 a
2580 4224 2805 4278 Domino
2831 4223 2877 4254 '°
2914 4240 2927 4275 :
2964 4220 3032 4275 In
3060 4238 3426 4292 quamcunque
3468 4223 3651 4272 domum

2318 4317 2521 4379 ueritis,
2560 4314 2764 4368 dicite:
2800 4311 2913 4366 Pax
2973 4313 3096 4366 huic
3152 4314 3376 4380 domui;
3424 4323 3469 4368 et
3508 4309 3552 4364 si
3593 4299 3714 4373 fuerit
3747 4292 3788 4341 tbi

640 4422 768 4463 eum
807 4407 1061 4476 superius
1087 4409 1338 4478 dixisset,
1375 4423 1429 4467 ut
1463 4417 1718 4486 dejiciant
1754 4418 1959 4489 inopem
1999 4432 2048 4477 et
2083 4398 2219 4493 paus
2253 4451 2297 4506 ι)
2323 4407 2467 4477 ﬁlius
2488 4411 2658 4477 Ρασίδν
2684 4424 2791 4506 Pax
2827 4418 2996 4460 υεδίτα
3031 4406 3194 4459 "eum
3226 4422 3385 4506 διξρετ
3418 4416 3555 4506 εξιξηῖ

638 4516 836 4570 parem,
877 4500 1058 4567 iunxit
1100 4503 1430 4572 pauperibus
1466 4518 1646 4566 rectos
1674 4513 1884 4570 corde:
1914 4530 2049 4584 quos
2088 4529 2217 4587 puto

641 4594 769 4663 quia
798 4594 1053 4649 similiter
1088 4596 1251 4650 etiam
1283 4596 1547 4656 Dominus
1582 4603 1883 4675 conjungat
1932 4607 1984 4661 in
2032 4609 2216 4664 Evan-

648 4684 814 4756 geliis
846 4686 925 4751 ¹⁶;
953 4686 1041 4742 ubi
1073 4686 1218 4741 enim
1251 4687 1382 4742 dicit
1417 4690 1605 4745 beatos
1640 4709 1924 4765 pauperes,
1954 4697 2022 4753 ibi
2054 4702 2213 4756 etiam

637 4774 921 4830 beatiﬁcat
947 4776 1178 4831 mundos
1205 4778 1390 4845 corde,
1422 4787 1479 4833 et
1511 4780 1645 4837 nihil
1676 4783 1941 4842 interesse
1973 4789 2215 4847 arbitror

639 4867 787 4923 inter
820 4869 1050 4924 mundos
1094 4870 1256 4925 corde
1286 4878 1344 4924 et
1385 4881 1564 4927 rectos
1603 4875 1789 4930 corde.
1839 4877 2214 4939 Trucidantur

637 4968 819 5014 autem
864 4960 967 5015 hoc
1001 4962 1180 5016 modo.
1219 4962 1277 5017 Si
1313 4962 1433 5032 quis
1474 4963 1706 5035 simplici
1750 4978 1933 5026 mente
1967 4988 2032 5027 ac
2074 4977 2218 5033 desi-

638 5051 789 5107 derio
811 5052 992 5107 veniat
1025 5055 1090 5108 ad
1121 5055 1413 5112 Ecclesiam
1442 5067 1502 5113 ut
1545 5058 1812 5126 proﬁciat,
1845 5071 1903 5116 ut
1934 5065 2122 5123 melior
2159 5087 2221 5126 se

640 5144 761 5210 ﬁat,
799 5144 902 5200 iste
952 5146 997 5201 si
1044 5147 1229 5203 videat
1260 5164 1361 5206 nos
1396 5152 1488 5220 qui
1533 5151 1699 5207 multo
1723 5151 1833 5222 jam
1873 5164 2112 5227 tempore
2162 5163 2214 5217 in

641 5237 751 5293 ﬁde
784 5238 1054 5302 stetimus,
1086 5240 1170 5295 vel
1200 5256 1308 5296 non
1339 5253 1487 5298 recte
1512 5253 1759 5314 agentes,
1787 5247 1869 5301 vel
1900 5264 2021 5303 cum
2049 5250 2215 5307 oﬁ‘en-

641 5326 825 5382 diculo
856 5326 1162 5398 loquentes,
1194 5329 1460 5386 efﬁcimur
1501 5333 1577 5387 illi
1619 5349 1715 5388 nos
1759 5335 1940 5406 lapsus
1981 5340 2047 5392 ad
2091 5356 2217 5411 pec-

641 5424 851 5473 catum.
886 5418 1020 5473 Cum
1054 5430 1233 5474 autem
1264 5424 1576 5492 peccaverit
1599 5465 1614 5489 ,
1656 5427 1957 5484 trucidatus
1991 5444 2108 5498 est,
2164 5443 2220 5488 et

643 5509 863 5577 sanguis
912 5511 1105 5567 anima:
1143 5514 1260 5579 ejus
1296 5515 1537 5584 prolluit,
1588 5519 1767 5574 omnis
1815 5521 1883 5576 ab
1931 5536 1996 5578 eo
2050 5526 2223 5582 virtus

720 5620 763 5652 “
801 5622 939 5677 Gen.
978 5641 1052 5680 ιιι.

1136 5626 1177 5658 ’⁸
1230 5625 1369 5681 Psal.
1422 5644 1609 5695 xxxvi,
1673 5633 1757 5687 Η.

647 5693 691 5724 ⁸⁸
730 5691 843 5749 Luc
883 5709 938 5762 ιι,
970 5695 1022 5753 5.

1100 5697 1142 5727 ²¹
1187 5696 1326 5753 Ρειιι.
1369 5715 1550 5765 nxvr,
1600 5702 1686 5756 10.

2325 4518 2428 4570 pax
2457 4512 2627 4555 vestra
2659 4502 2728 4553 ad
2766 4517 2856 4555 vos
2888 4506 3204 4562 revertetur;
3243 4498 3322 4553 sic
3360 4508 3418 4553 et
3452 4496 3530 4549 hic
3568 4485 3783 4543 econtratw

2324 4593 2538 4664 gladius
2566 4594 2853 4662 impiorum
2885 4595 2975 4663 qui
3008 4595 3330 4665 evaginatur
3364 4602 3422 4647 ut
3451 4583 3649 4680 trucidet

2323 4688 2506 4754 οοτιιθ,
2559 4687 2757 4741 reverti
2808 4687 2859 4739 in
2891 4687 3037 4754 ipsos
3085 4687 3306 4749 dicitur,
3344 4695 3398 4739 et
3434 4669 3640 4741 demergi
3666 4666 3778 4763 ιιιαιξ

2322 4795 2534 4845 eorum.
2566 4791 2727 4849 atque
2751 4794 2909 4834 arcus
2936 4794 3124 4835 eorum
3160 4777 3450 4849 confringi,
3473 4758 3780 4828 ι1ιιιιιθυωιι¹υ5

2313 4874 2395 4929 'de
2422 4874 2632 4929 insidiis
2657 4888 2849 4929 eorum
2880 4873 3075 4928 liberat
3096 4874 3324 4942 justum.

2395 4970 2447 5025 6.
2489 4967 2681 5022 Metius
2711 4976 2784 5022 est
2819 4966 3082 5019 modicum
3112 4965 3260 5035 justo
3288 4979 3440 5029 super
3461 4951 3637 5011 divitias
3653 4947 3772 5038 ρθξίαξ

2324 5074 2498 5118 torum
2524 5060 2715 5114 multas
2741 5061 2806 5112 “.
2833 5059 3142 5114 Secundum
3168 5057 3401 5111 litteram
3433 5048 3644 5108 continuo
3665 5035 3773 5166 quas:

2357 5154 2368 5164 .
2470 5151 2553 5166 ...
2627 5151 2659 5166 ..
2799 5165 2804 5166 γ
2965 5165 3000 5166 η
3072 5164 3081 5166 _
3333 5147 3424 5166 _,_
3455 5138 3593 5166 “Mn
3629 5141 3704 5166 M_

2326 5151 2748 5222 simplicioribus
2786 5150 3092 5219 quibusque
3137 5148 3285 5202 utilis
3327 5135 3765 5256 adniopiliion'ci'h;

2324 5258 2430 5313 qua
2460 5253 2513 5297 et
2544 5242 2693 5312 prius
2721 5242 3009 5297 dicendum
3057 5251 3165 5306 est,
3205 5239 3447 5310 quamvis
3480 5224 3755 5345 habeiﬁt;

2325 5333 2643 5404 profundius
2679 5333 2902 5403 aliquid,
2938 5334 3080 5437 quod
3126 5332 3173 5387 si
3219 5332 3342 5437 qfis

2327 5429 2526 5497 capiat.
2560 5428 2696 5494 Quid
2736 5443 2866 5497 ergo
2897 5441 2996 5481 nos
3034 5425 3224 5481 doceat
3255 5425 3445 5485 littera,
3477 5410 3763 5526 'vidcalll:;u::;

2330 5492 2432 5575 hoc
2470 5492 2669 5575 mundo
2693 5492 3048 5590 communem
3081 5519 3204 5572 vitae
3237 5506 3605 5571 sollicitudinem
3641 5492 3740 5556 gen"

1842 5636 1882 5667 ¹⁶
1938 5638 2127 5695 Matth.
2170 5655 2221 5694 v.

2328 5640 2341 5670 ⁷
2381 5636 2514 5693 ϐου·
2545 5634 2700 5702 13.5-
2782 5635 2824 5665 ¹⁸
2856 5633 3052 5690 Εῑοειι.
3085 5648 3166 5689 tu.
3247 5598 3682 5685 '91’sal.ntvt,l5
