4020 6152
134 324 301 384 1541

849 315 1160 375 SELECTA
1188 315 1256 371 [Ν
1290 314 1630 372 PSALMOS.
1662 347 1733 357 —
1771 314 2007 371 IIOMIL.
2052 312 2115 369 ΙΙΙ
2157 312 2222 368 IN
2261 307 2458 366 PSAL.
2495 304 2733 362 XXXVI.

3290 301 3311 353 1
3323 298 3429 353 35?.

139 454 209 499 et
242 441 398 512 justi
426 448 483 497 et
507 437 717 508 injusti,
747 445 805 489 ut
831 437 1069 491 habeant
1094 450 1215 506 quae
1239 435 1305 490 ad
1342 435 1543 490 victum
1578 449 1764 491 neces-
1790 438 1836 495 Α
1867 434 2057 491 Melius
2080 441 2165 489 est
2193 446 2327 501 ergo
2352 431 2458 484 hoc
2490 425 2760 481 modicum
2787 417 2909 476 fidei
2937 417 3085 512 justo
3109 429 3272 512 super
3298 415 3431 512 divi-

145 536 324 589 saria
367 541 512 589 sunt.
567 529 673 584 Sed
708 529 846 599 justi
904 529 1120 598 quidem
1187 543 1295 582 non
1351 536 1457 582 tam
1508 528 1758 597 propensi

148 634 309 681 sunt
349 639 478 695 erga
502 620 925 678 sollicitudinem
961 619 1158 682 victus,
1186 634 1348 688 quam
1383 619 1541 673 enixe
1570 628 1764 688 gerunt

148 713 413 784 iustitiae
449 727 676 778 curam,
713 710 788 764 ita
830 718 889 763 ut
921 709 1083 763 etiam
1115 707 1160 763 si
1200 708 1281 764 eis
1314 709 1605 779 quaerenda
1633 718 1762 763 sunt

155 817 306 874 quae
351 805 424 859 ad
465 805 669 858 victum
714 800 1025 856 necessaria
1063 806 1213 864 sunt,
1265 799 1469 870 absque
1495 800 1761 870 injustitia

156 907 533 968 qumranlur,
576 904 641 950 ut
672 894 790 965 ipse
820 901 1060 964 quastus
1083 908 1271 949 eorum
1308 894 1400 964 qui
1448 895 1764 964 quotidiano

162 989 308 1044 usui
349 988 690 1045 necessarius
722 999 825 1052 est,
859 1002 982 1042 cum
1017 987 1166 1042 omni
1192 986 1404 1054 iustitia
1431 986 1545 1042 ﬁat.
1574 986 1763 1056 lnjusti

166 1096 321 1136 vero
352 1080 492 1137 nihil
523 1091 719 1136 curant
751 1080 819 1135 de
846 1078 1086 1150 justitia,
1119 1079 1215 1134 sed
1244 1093 1463 1135 omnem
1495 1093 1681 1134 curam
1711 1080 1764 1134 in

172 1175 294 1230 hoc
326 1174 646 1244 impendunt
684 1172 958 1242 quomodo
1000 1173 1321 1241 acquirunt;
1359 1171 1412 1225 in
1446 1170 1547 1225 hoc
1579 1186 1767 1226 eorum

173 1278 359 1319 omne
383 1264 617 1320 studium
649 1270 756 1327 est,
782 1261 1267 1332 quomodocunque
1299 1271 1351 1316 et
1375 1261 1768 1331 qualiacunque

182 1355 349 1412 lucra
377 1368 597 1427 captare
633 1370 649 1410 :
693 1371 799 1411 non
832 1360 1081 1422 quaerunt
1111 1354 1156 1408 si
1196 1352 1337 1409 bene
1373 1353 1684 1423 acquirunt,
1723 1352 1769 1407 si

184 1462 325 1503 cum
354 1447 565 1519 justitia
607 1464 622 1502 :
657 1461 764 1501 non
807 1454 933 1501 sunt
964 1444 1184 1500 solliciti
1222 1453 1283 1499 ut
1314 1444 1518 1513 judicio
1563 1443 1768 1500 Christi

192 1539 551 1594 inveniantur
574 1538 943 1607 possessiones
981 1552 1170 1592 eorum
1210 1551 1334 1591 cum
1374 1536 1587 1606 justitia
1618 1552 1769 1606 quae-

188 1633 339 1687 sitae.
387 1630 667 1699 Quomodo
697 1632 1063 1702 possunthaec
1093 1631 1296 1698 facere,
1343 1630 1437 1700 qui
1478 1645 1665 1699 agrum
1704 1629 1773 1684 ad

190 1738 393 1793 agrum
422 1722 760 1792 coniungunt
801 1725 867 1789 ",
920 1732 976 1779 et
1014 1723 1194 1777 villam
1241 1722 1379 1777 villae
1427 1723 1768 1794 appropiant,

193 1825 259 1870 ut
307 1815 512 1885 aliquid
571 1816 737 1889 666
790 1818 1039 1885 proximo
1096 1816 1395 1874 auferant?
1453 1817 1585 1872 Cum
1641 1831 1772 1884 ergo

196 1923 372 1962 unum
403 1922 435 1962 e
468 1907 679 1964 duobus
711 1910 826 1963 lieri
864 1923 1087 1964 necesse
1113 1911 1207 1977 sit,
1253 1909 1304 1962 id
1347 1915 1435 1964 est
1468 1915 1562 1962 aut
1607 1907 1772 1961 multa

197 2001 489 2070 acquirere
520 2015 640 2054 cum
670 2002 955 2073 injustitia,
981 2013 1074 2057 aut
1096 2003 1365 2057 modicum
1393 2016 1513 2055 cum
1541 2000 1771 2070 justitia,

203 2091 392 2148 Metius
417 2103 517 2158 est,
555 2094 820 2163 inquit",
853 2095 1115 2147 modicum
1147 2095 1323 2163 justo,
1371 2109 1527 2162 super
1566 2094 1776 2147 divitias

200 2195 533 2252 peccatorum
566 2186 785 2240 multas.
837 2184 905 2240 Et
942 2202 1073 2241 vere
1103 2187 1259 2257 quasi
1297 2185 1515 2255 speciali
1542 2186 1774 2256 quodam

209 2275 368 2333 titulo
396 2277 579 2332 multae
603 2278 808 2333 divitiae
854 2278 906 2332 in
950 2277 1239 2347 iniquitate
1280 2287 1601 2333 censentur:
1627 2276 1779 2332 Unde

203 2380 264 2424 et
291 2385 389 2439 ego
419 2370 656 2424 arbitror
690 2369 975 2425 Dominum
1014 2381 1070 2425 et
1119 2370 1457 2426 Salvatorem
1501 2379 1775 2433 nostrum,

204 2462 366 2533 quasi
407 2475 533 2516 vere
570 2461 735 2516 Deum
767 2472 823 2516 et
858 2463 1142 2517 Dominum
1188 2461 1547 2516 Mammonam
1577 2461 1781 2529 iniqui-

207 2553 341 2608 tatis
378 2553 758 2621 pronuntiasse
787 2568 912 2607 cum
949 2552 1084 2607 dicit
1112 2553 1158 2585 "
1189 2572 1202 2607 :
1231 2551 1416 2607 Facite
1460 2552 1601 2607 vobis
1641 2554 1780 2605 ami-

206 2662 297 2699 cos
325 2644 388 2700 de
425 2646 606 2716 iniquo
652 2644 986 2700 Hammona.
1032 2643 1156 2699 llaec
1190 2645 1484 2700 secundum
1522 2644 1780 2699 litteram.

214 2738 500 2794 Videamus
549 2752 698 2793 nunc
761 2738 809 2793 si
861 2738 989 2807 quid
1045 2737 1209 2792 etiam
1261 2740 1455 2791 secreti
1506 2739 1784 2791 contineat

212 2845 415 2884 sermo.
446 2829 586 2884 Sunt
619 2828 786 2884 multa
817 2838 872 2883 et
913 2828 1125 2884 diversa
1177 2828 1356 2883 studia
1399 2828 1700 2883 litterarum
1729 2828 1782 2882 in

215 2922 318 2975 hoc
343 2920 565 2986 mundo,
600 2928 659 2974 ut
692 2920 879 2975 videas
925 2918 1364 2990 quamplurimos
1399 2919 1723 2989 incipientes
1752 2934 1781 2973 a

215 3011 589 3078 grammaticis
619 3010 863 3066 ediscere
909 3011 1154 3064 carmina
1212 3018 1527 3080 poetarum,
1579 3026 1785 3066 comm-

217 3103 534 3174 diarumque
562 3103 794 3171 fabulas,
828 3104 1219 3174 tragtndiarum
1266 3103 1355 3157 vel
1378 3105 1784 3160 commentitias

218 3197 303 3253 vel
339 3197 669 3254 honoriﬁcas
700 3198 1048 3271 narrationes
1073 3237 1088 3262 ,
1123 3196 1480 3253 historiarum
1526 3196 1688 3266 longa
1721 3213 1787 3253 ac

220 3288 432 3344 diversa
460 3287 753 3355 volumina,
786 3298 900 3344 tum
928 3288 1123 3343 deinde
1155 3288 1388 3342 transire
1433 3288 1498 3342 ad
1552 3289 1792 3343 rhetori-

221 3396 364 3449 cam,
392 3390 557 3452 atque
583 3382 656 3437 ibi
688 3396 908 3437 omnem
956 3380 1140 3437 fucum
1173 3382 1497 3451 eloquentiae
1527 3397 1786 3451 qmerere,

222 3482 340 3544 post
370 3474 484 3530 haec
516 3475 701 3530 venire
730 3475 797 3530 ad
847 3474 1270 3544 philosophiam,
1314 3474 1645 3545 perscrutari
1672 3475 1792 3529 dia-

224 3564 489 3632 lecticam,
529 3565 970 3637 syllogismorum
996 3581 1167 3621 nexus
1194 3566 1490 3635 inquirere,
1514 3580 1795 3621 mensuras

224 3658 533 3728 geometriae
566 3666 900 3729 pet-tentare,
937 3668 1209 3714 astrorum
1239 3658 1387 3729 leges
1419 3673 1485 3713 ac
1508 3657 1794 3713 stellarum

227 3764 415 3806 cursus
440 3752 791 3821 perscrutari,
822 3750 1076 3806 omittere
1100 3765 1314 3821 quoque
1348 3765 1448 3805 nec
1491 3750 1795 3814 musicam;

230 3852 282 3898 et
305 3843 382 3898 sic
402 3856 500 3912 per
524 3857 715 3898 omnes
747 3841 880 3898 istas
904 3843 1103 3898 eruditi
1132 3853 1238 3897 tam
1270 3843 1512 3897 diversas
1540 3850 1595 3895 et
1617 3840 1799 3895 varias

230 3932 559 4001 disciplinas,
594 3933 650 3988 in
680 3934 879 4002 quibus
905 3933 1040 3989 nihil
1064 3935 1131 3989 de
1166 3933 1263 3989 Dei
1294 3933 1577 3988 voluntate
1599 3947 1802 4001 cogno-

233 4032 438 4087 verunt,
483 4025 682 4080 multas
725 4026 988 4094 quidem,
1027 4025 1121 4081 sed
1180 4036 1527 4095 peccatorum
1581 4024 1802 4079 divitias

234 4127 715 4187 congregaverunt.
771 4115 968 4172 Videas
1020 4126 1203 4173 autem
1233 4133 1398 4171 unum
1446 4116 1513 4171 de
1557 4113 1803 4170 Ecclesia

236 4208 541 4277 imperitum
586 4207 801 4279 quidem
852 4208 904 4263 in
943 4209 1107 4264 verbo
1150 4218 1313 4278 atque
1344 4207 1672 4272 eruditione,
1708 4205 1805 4261 sed

239 4300 338 4354 ﬁde
364 4314 428 4355 ac
451 4300 647 4355 timore
682 4300 774 4356 Dei
812 4300 1100 4369 repletmn,
1154 4300 1246 4369 qui
1289 4309 1512 4370 propter
1555 4298 1803 4352 timorem

239 4392 327 4448 Dei
358 4393 410 4447 in
441 4393 586 4447 nullo
632 4396 793 4448 audet
825 4394 1160 4463 delinquere,
1202 4393 1294 4449 sed
1337 4401 1555 4449 veretur
1585 4391 1805 4446 omnino

1862 528 1965 583 tias
1992 534 2338 596 peccatorum
2375 519 2572 575 multas
2597 562 2610 582 ,
2646 527 2781 585 quas
2809 512 3010 567 habent
3041 509 3095 563 in
3121 508 3432 577 eloquentia

1863 632 1929 673 ac
1949 616 2217 687 sapientia
2248 612 2406 681 hujus
2434 609 2618 666 saeculi
2640 648 2656 672 ,
2689 621 2812 676 quae
2851 601 3173 659 destruitur.
3225 598 3430 653 Tamen

1863 710 1908 766 si
1931 710 2168 778 potuerit
2196 706 2325 777 quis
2358 712 2413 760 et
2439 701 2658 757 divitias
2697 698 2918 760 habere,
2950 702 3005 749 et
3030 708 3138 748 non
3178 697 3431 761 peccato—

1863 817 1985 857 rum
2034 800 2238 855 habere
2291 795 2553 859 divitias;
2590 789 2685 847 sed
2741 800 3078 857 congregare
3133 784 3310 853 aliqua
3368 783 3434 836 de

1865 891 2136 948 thesauris
2182 887 2350 958 Moysi
2405 884 2754 956 lcgislatoris.
2804 884 2910 938 alia
2949 881 3111 935 etiam
3161 877 3229 931 de
3265 888 3434 930 censu

1865 983 2149 1053 acquirere
2174 979 2591 1049 prophetarum,
2628 975 2694 1030 de
2730 974 2895 1039 lsaia,
2943 976 3010 1027 de
3051 968 3311 1035 Jeremia,
3364 966 3437 1021 de

1868 1074 2179 1139 Ezechiele,
2229 1067 2567 1141 perscrutari
2628 1080 2845 1136 quoque
2902 1072 3116 1119 secreta
3174 1056 3435 1122 Danielis,

1865 1173 2298 1229 caeterorumque
2330 1157 2719 1228 prophetarum
2758 1152 3068 1209 reconditos
3095 1158 3151 1203 et
3172 1148 3439 1202 obscuros

1868 1264 2158 1327 penetrare
2187 1252 2510 1315 thesauros;
2539 1246 2765 1313 istejam
2796 1259 2901 1300 non
2921 1242 3205 1300 confertur
3228 1239 3441 1307 sapien-

1871 1348 2014 1402 tibus
2049 1345 2215 1414 hujus
2244 1341 2452 1407 mundi,
2485 1348 2547 1394 ut
2590 1338 2786 1394 melior
2810 1335 2915 1390 illis
2943 1333 3173 1398 dicatur,
3205 1330 3301 1385 sed
3332 1328 3444 1383 illis

1870 1439 2046 1510 magis
2076 1443 2396 1507 exazquatur
2423 1433 2515 1502 qui
2545 1431 2798 1487 dicebant
2825 1427 2894 1491 “,
2924 1428 3050 1497 quia
3095 1425 3278 1478 divites
3313 1421 3443 1490 facti

1868 1533 1994 1585 estis
2054 1529 2110 1583 in
2150 1528 2289 1582 omni
2336 1525 2489 1579 verbo
2551 1532 2601 1576 et
2653 1521 2712 1574 in
2764 1517 2905 1572 omni
2946 1516 3205 1577 scientia;
3246 1522 3303 1568 et
3349 1514 3443 1580 qui

1872 1624 2216 1678 destruentes
2247 1617 2406 1687 hujus
2434 1614 2619 1671 mundi
2655 1610 2999 1682 sapientiam,
3025 1617 3081 1664 et
3108 1607 3254 1662 velut
3276 1605 3447 1658 victo-

1874 1731 1964 1771 res
1989 1714 2107 1786 ejus
2130 1711 2310 1769 etl'ecti
2342 1709 2531 1765 dicunt
2557 1720 2619 1761 se
2647 1712 2868 1776 paratos
2896 1716 3018 1757 esse
3052 1699 3122 1755 ad
3158 1698 3444 1768 captivan-

1804 1784 1848 1840 Β
1879 1784 2028 1866 dum
2055 1820 2271 1864 omnem
2311 1804 2649 1860 intellectum
2684 1799 3030 1856 extollentem
3063 1810 3124 1851 se
3148 1803 3205 1849 et
3229 1793 3448 1864 erigen-

1881 1913 1988 1958 tem
2047 1901 2309 1957 adversus
2360 1897 2646 1954 scientiam
2682 1893 2906 1951 Christi.
2958 1890 3071 1945 Etsi
3103 1888 3320 1958 quidem
3356 1885 3448 1940 ille

1880 1997 1953 2050 sit
1987 2008 2147 2063 quem
2178 1990 2424 2059 superius
2464 1988 2702 2043 diximus
2733 1985 3017 2056 imperitus
3052 1989 3108 2036 et
3138 1980 3331 2042 idiota,
3352 1979 3449 2033 sed

1881 2085 2057 2141 ﬁdelis
2081 2092 2138 2138 et
2178 2083 2376 2137 timens
2415 2078 2610 2146 Deum,
2659 2076 2844 2129 melius
2879 2082 2952 2127 est
2999 2070 3262 2124 modicum
3320 2065 3449 2120 illud

1880 2176 2008 2234 ﬁdei
2051 2174 2178 2230 huic
2214 2173 2365 2242 justo
2408 2185 2564 2240 super
2591 2168 2805 2222 divitias
2846 2172 3177 2235 peccatorum
3232 2156 3447 2219 multas,

1880 2283 2019 2340 quas
2067 2282 2192 2322 cum
2249 2263 2411 2334 hujus
2464 2259 2647 2340 saeculi
2713 2258 2982 2327 sapientia
3040 2257 3449 2320 compararunt.

1884 2334 2061 2431 super
2092 2357 2280 2412 ambos
2305 2364 2487 2409 autem
2513 2334 2649 2408 istos
2672 2360 2756 2405 est
2788 2350 2880 2419 qui
2914 2348 3065 2403 dives
3089 2355 3174 2400 est
3200 2346 3255 2398 in
3285 2340 3453 2396 verbo

1886 2453 1980 2509 Dei
2003 2462 2059 2507 et
2098 2444 2601 2506 scientia'veritatis
2625 2482 2644 2510 ,
2668 2443 2723 2497 id
2755 2450 2838 2497 est
2870 2440 2962 2511 qui
2992 2435 3288 2493 secundum
3314 2432 3454 2487 Pau-

1886 2543 1998 2597 lum
2028 2541 2183 2596 dives
2210 2546 2296 2593 est
2349 2537 2402 2590 in
2445 2533 2591 2590 omni
2624 2532 2788 2586 verbo
2812 2540 2867 2585 et
2913 2530 2965 2584 in
3009 2526 3156 2583 omni
3202 2524 3453 2587 scientia,

1888 2645 1943 2691 et
1982 2632 2330 2689 nihilominus
2381 2629 2531 2682 dives
2586 2634 2673 2681 est
2730 2625 2781 2677 in
2838 2620 3098 2691 operibus
3157 2617 3334 2673 bonis.
3387 2613 3449 2669 Si

1888 2732 2069 2778 autem
2119 2722 2201 2775 vis
2247 2720 2388 2774 scire
2419 2716 2549 2787 quid
2606 2722 2692 2768 est
2750 2711 2972 2765 divitem
3025 2723 3150 2763 esse
3207 2707 3260 2760 in
3305 2706 3456 2760 omni

1888 2817 2079 2879 verbo,
2111 2812 2350 2867 breviter
2384 2818 2436 2863 te
2468 2807 2691 2862 docebo.
2721 2803 2899 2871 Incipe
2928 2801 3202 2856 discutere
3227 2812 3256 2851 a
3279 2797 3457 2865 primo

1878 2903 2057 2964 ‘verbo
2079 2905 2371 2969 Genesens,
2418 2901 2542 2954 inde
2581 2899 2632 2951 in
2676 2895 2839 2950 verbo
2874 2892 3067 2955 Exodi.
3106 2898 3228 2960 post
3257 2890 3371 2942 haec
3402 2887 3459 2942 in

1891 3004 2059 3057 verbo
2104 2996 2370 3060 Levitici,
2435 2995 2488 3047 in
2551 2990 2846 3053 Numeris,
2915 2988 2967 3043 in
3019 2980 3457 3042 Deuteronomio,

1893 3097 2099 3152 ditesce
2149 3092 2216 3147 de
2250 3088 2380 3145 Iesu
2432 3086 2599 3147 Nave,
2630 3085 2836 3137 ditesce
2890 3081 2958 3135 de
3006 3078 3256 3134 omnibus
3300 3070 3461 3129 simul

1884 3187 2178 3260 judicibus,
2223 3193 2280 3238 et
2302 3183 2416 3253 jam
2450 3178 2574 3233 inde
2608 3189 2704 3242 per
2746 3170 3191 3240 consequentiam
3236 3168 3303 3222 de
3344 3165 3462 3220 sin-

1890 3282 2029 3354 gulis
2053 3279 2356 3346 quibusque
2396 3272 2690 3340 Scriptura:
2741 3265 2936 3321 divinae
2982 3263 3134 3318 libris
3179 3274 3463 3354 usquequo

1889 3352 2175 3446 pervenias
2208 3371 2274 3424 ad
2321 3363 2667 3433 evangelicas
2720 3356 3160 3429 apostolicasque
3218 3352 3462 3446 divitias.

1893 3442 2027 3521 Nam
2064 3461 2215 3517 verbi
2257 3472 2445 3523 causa,
2495 3455 2539 3510 si
2585 3450 2706 3521 quis
2764 3449 2856 3502 uni
2909 3447 3076 3501 verbo
3129 3442 3464 3498 l’salmorum

1895 3569 2116 3628 operam
2141 3551 2369 3615 dederit,
2406 3557 2462 3603 et
2485 3547 2752 3615 integrum
2785 3539 3099 3612 psalterium
3129 3551 3259 3628 cum.
3279 3532 3467 3628 volue-

1895 3622 1968 3706 rit
2000 3646 2170 3713 canit,
2208 3644 2358 3699 dives
2391 3646 2474 3694 est
2503 3637 2718 3706 quidem
2740 3674 2756 3698 ,
2786 3631 2879 3688 sed
2906 3644 3011 3683 non
3038 3627 3090 3681 in
3116 3622 3263 3679 omni
3303 3623 3467 3675 verbo

1898 3752 2062 3812 atque
2084 3736 2231 3794 omni
2282 3732 2541 3795 scientia,
2578 3728 2670 3784 sed
2699 3735 2782 3781 est
2810 3722 2966 3777 dives
3020 3720 3074 3772 in
3133 3715 3248 3770 solo
3302 3713 3468 3812 verbo

1898 3804 2169 3890 Psalterii.
2214 3826 2310 3880 Vel
2348 3825 2393 3880 si
2439 3823 2562 3892 quis
2586 3815 2911 3886 evangelicae
2959 3820 3120 3879 atque
3159 3804 3471 3876 apostolica:

1898 3921 2120 3982 lectioni
2146 3917 2382 3975 studium
2415 3913 2641 3975 tribuat,
2669 3917 2723 3962 et
2743 3909 2797 3959 in
2828 3900 3100 3958 mandatis
3124 3896 3254 3950 Novi
3280 3892 3471 3949 Testa-

1903 4014 2071 4073 meuti
2104 4009 2457 4076 semetipsum
2492 4007 2777 4063 exerceat,
2808 3996 2960 4049 dives
2996 4000 3080 4045 est
3109 3996 3164 4042 et
3203 3987 3292 4041 hic
3316 4025 3330 4050 ,
3375 3982 3470 4039 sed

1903 4124 2011 4165 non
2070 4106 2122 4160 in
2182 4100 2329 4156 onmi
2392 4096 2582 4160 verbo,
2639 4092 2741 4146 nisi
2796 4084 3105 4156 evangelica
3165 4087 3370 4132 tantum
3417 4083 3473 4130 et

1905 4195 2223 4271 apostolico.
2260 4193 2316 4246 Si
2343 4205 2471 4244 vero
2496 4184 2732 4257 potuerit
2754 4181 2957 4234 Novum
2988 4191 3053 4230 ac
3081 4173 3248 4228 Vetus
3282 4170 3474 4274 'l‘esta-

1908 4300 2144 4347 mentum
2176 4285 2294 4357 pari
2335 4281 2517 4337 studio
2552 4278 2817 4337 ediscere,
2850 4282 3013 4338 atque
3057 4281 3124 4321 ex
3163 4279 3311 4319 0mm
3356 4274 3474 4357 ejus

1905 4353 2212 4441 eruditione
2254 4374 2474 4439 instrui,
2505 4371 2581 4425 ita
2614 4377 2674 4423 ut
2701 4373 2924 4438 paratus
2952 4361 3024 4415 sit
3049 4357 3276 4413 reddere
3301 4353 3470 4408 ratio-

238 4486 447 4556 aperire
491 4502 556 4541 os
608 4502 791 4550 suum,
837 4502 904 4541 ne
951 4486 1092 4541 forte
1120 4500 1302 4541 sermo
1344 4484 1520 4541 malus
1547 4486 1804 4555 procedat
1834 4506 1879 4561 ι)
1909 4491 2029 4531 nem
2074 4472 2142 4527 de
2173 4465 2401 4537 singulis
2453 4460 2764 4561 quibusque.
2798 4468 2918 4525 quae
3202 4452 3476 4561 “sunt,”

240 4578 304 4635 de
339 4594 433 4635 ore
466 4579 611 4649 ejus,
656 4585 710 4631 et
755 4580 1008 4633 observat
1051 4580 1216 4633 etiam
1250 4577 1305 4631 in
1347 4578 1579 4632 minimo
1634 4576 1806 4631 delin-

240 4685 422 4740 quere,
474 4686 505 4725 a
553 4669 752 4740 quibus
799 4670 1096 4724 observare
1131 4683 1190 4723 se
1232 4684 1335 4723 non
1378 4678 1555 4737 potest
1599 4667 1688 4721 ille
1714 4667 1808 4735 qui

242 4766 383 4820 dives
416 4772 501 4818 est
546 4763 600 4817 in
634 4761 791 4830 hujus
818 4761 1005 4815 mundi
1044 4762 1332 4830 sapientia.
1369 4761 1480 4816 llos
1518 4763 1681 4831 igitur
1705 4762 1810 4817 sibi

243 4854 519 4910 conferens
546 4868 725 4909 sermo
755 4853 971 4907 divinus
998 4852 1074 4906 ait
1097 4854 1142 4884 ’⁸
1178 4871 1193 4906 :
1231 4852 1422 4907 Melius
1443 4862 1521 4906 est
1545 4854 1809 4906 modicum

245 4948 397 5012 iusto,
458 4961 618 5017 super
645 4946 859 4999 divitias
905 4956 1239 5015 peccatorum
1288 4945 1501 5000 multas.
1555 4944 1624 5002 Ut
1679 4955 1806 5001 sunt

245 5038 438 5094 divitiae
465 5047 839 5109 peccatorum,
868 5036 1137 5107 sapientia
1169 5036 1329 5107 hujus
1364 5037 1582 5103 mundi,
1615 5037 1670 5091 in
1697 5051 1802 5105 qua

247 5131 434 5186 divites
458 5139 585 5186 sunt
607 5138 663 5185 et
696 5129 1037 5183 abundantes
1059 5128 1111 5181 in
1140 5127 1473 5198 eloquentia,
1501 5143 1601 5183 nec
1623 5137 1801 5182 tamen

248 5236 304 5280 se
344 5237 443 5292 per
477 5224 594 5278 haec
640 5221 921 5277 continere
968 5220 1268 5291 praevalent
1294 5236 1323 5274 a
1350 5228 1595 5290 peccato.
1635 5218 1808 5274 Modi-

248 5332 365 5373 cum
420 5325 603 5370 autem
654 5312 788 5383 justi
833 5321 937 5381 est,
994 5311 1090 5382 qui
1146 5311 1312 5367 habet
1362 5311 1523 5366 ﬁdem
1557 5323 1806 5380 tanquam

252 5423 471 5480 granum
503 5406 706 5475 sinapis
730 5404 1020 5469 modicam,
1049 5404 1143 5460 sed
1172 5404 1407 5459 vividam
1430 5413 1485 5459 et
1516 5403 1807 5457 vehemen-

255 5509 378 5566 tem,
414 5513 509 5569 per
536 5512 700 5568 quam
728 5512 788 5554 se
817 5498 1120 5554 communit
1153 5506 1209 5552 et
1239 5497 1485 5553 continet
1511 5511 1540 5550 a
1562 5503 1804 5566 peccato.

1906 4563 2076 4618 vitam
2109 4536 2277 4614 suam
2314 4555 2612 4608 secundum
2654 4547 2875 4599 verbum
2916 4538 3162 4595 veritatis
3199 4536 3314 4605 ejus
3354 4549 3475 4603 quae

1908 4656 1962 4710 in
1994 4648 2295 4720 Scripturis
2317 4642 2627 4697 continetur
2656 4646 2881 4707 aptare;
2930 4635 3031 4687 iste
3060 4643 3187 4684 vero
3219 4628 3372 4682 dives
3393 4633 3475 4679 est

1908 4747 1963 4800 in
1993 4719 2140 4799 omni
2176 4737 2343 4794 verbo
2360 4741 2416 4788 et
2437 4733 2495 4786 in
2518 4729 2666 4785 omni
2689 4740 2854 4797 opere
2880 4724 3040 4779 bono.
3066 4720 3131 4774 Et
3165 4719 3303 4773 istas
3343 4723 3474 4786 puto

1909 4852 2031 4895 esse
2055 4832 2269 4890 divitias
2298 4829 2365 4882 de
2390 4825 2589 4896 quibus
2608 4821 2804 4876 dicitur
2836 4817 2879 4850 ³⁷
2910 4832 2923 4865 :
2962 4810 3262 4880 Redemptio
3284 4808 3474 4861 anima:

1911 4933 2015 4987 viri
2041 4925 2267 4999 propria:
2287 4920 2482 4975 divitia:
2494 4900 2642 4987 Ejus.
2675 4912 2864 4967 Melius
2881 4922 3014 4976 ergo
3040 4903 3302 4958 modicum
3327 4899 3474 4970 justo

1900 5038 2065 5095 super
2099 5018 2308 5074 divitias
2330 5021 2660 5083 peccatorum
2690 5003 2903 5059 multas.

1982 5116 2035 5171 7.
2097 5081 2362 5179 Quoniam
2396 5102 2614 5159 brachia
2642 5105 2977 5169 peccatorum
3015 5098 3349 5145 conterentur
3403 5081 3472 5136 ³⁸.

1911 5205 2192 5277 Quomodo
2258 5203 2438 5270 potest
2492 5194 2600 5249 hoc
2650 5186 2950 5245 secundum
2998 5182 3241 5277 litteram
3280 5184 3473 5277 stare:

1911 5262 2127 5358 Etiamsi
2149 5262 2345 5363 aliquis
2377 5289 2486 5343 vim
2522 5285 2703 5339 facere
2729 5286 2955 5336 conetur
2984 5289 3082 5345 per
3103 5262 3477 5341 imperitiam?

1914 5395 2057 5450 Sunt
2088 5362 2258 5444 multa
2289 5384 2344 5438 in
2371 5376 2675 5448 Scripturis
2695 5375 2767 5429 ita
2795 5369 2991 5441 posita,
3014 5379 3132 5435 quae
3159 5362 3321 5417 etiam
3350 5371 3474 5450 eum

1914 5482 2005 5555 qui
2031 5478 2188 5533 valde
2212 5476 2406 5530 brutus
2430 5480 2517 5525 est
2544 5477 2600 5523 et
2620 5464 2819 5530 stertit,
2847 5470 3066 5515 movere
3091 5459 3337 5525 possunt,
3369 5449 3477 5502 imo

323 5708 365 5738 "
401 5707 500 5760 lsa.
539 5720 592 5769 v,
633 5699 685 5753 8.
761 5698 807 5729 ’³
848 5695 987 5753 Psal.
1045 5715 1227 5767 xxm,
1290 5698 1370 5755 l6.
1448 5699 1493 5731 "'
1554 5697 1682 5755 Luc.
1737 5711 1785 5751 υ

1906 5692 1959 5748 9.
2036 5689 2081 5722 ³⁵
2108 5686 2249 5744 Psal.
2283 5697 2468 5748 xxxvt,
2529 5677 2616 5734 16.
2693 5674 2736 5705 ³⁸
2776 5670 2795 5725 l
2833 5668 2959 5725 Cor.
3010 5681 3047 5730 ι,
3094 5662 3144 5719 5.
3224 5664 3265 5695 ²⁷
3321 5660 3475 5714 Prov.

264 5793 370 5842 xm,
402 5778 455 5833 8.
497 5776 540 5808 ’⁸
582 5773 719 5830 Psal.
766 5785 950 5834 xxxvi,
996 5768 1078 5825 i7.
