4020 6152
600 272 741 326 1545

601 471 795 531 lectum
815 470 1176 524 conscendere
1196 469 1490 538 spiritalem
1508 484 1523 526 :
1554 468 1693 522 sicut
1711 478 1765 522 et
1800 482 1945 521 nunc
1968 465 2169 520 faciunt

598 560 818 615 brachia
851 562 952 615 ista
993 561 1317 631 peccaturis,
1355 560 1552 630 quibus
1574 559 1861 615 imminere
1888 558 2170 614 contritio-

598 667 721 707 ncm
762 655 1146 708 comminatur.
1188 653 1296 708 Sed
1345 662 1403 708 et
1464 652 1517 706 in
1560 651 1669 707 alio
1719 653 1840 707 loco
1894 651 2024 706 dicit
2078 652 2164 705 ”:

593 740 1124 799 Conterebrachium
1157 747 1446 815 peccatoris
1478 757 1528 802 et
1556 746 1796 817 maligni.
1829 746 1969 815 Quid
1997 747 2169 819 ergo?

592 836 877 891 brachium
924 838 1069 892 istud
1124 852 1447 907 corporeum
1479 839 1783 911 peccatoris
1835 848 1891 894 et
1945 839 2164 911 maligni

594 928 908 999 putabimus
935 926 1369 990 conterendumi
1406 933 1521 990 Non
1566 933 1724 988 facile
1769 934 1872 988 hoc
1920 934 2167 990 accidere

590 1019 859 1077 videmus.
893 1021 999 1079 Sed
1023 1025 1068 1080 si
1103 1026 1411 1081 intueamur
1442 1029 1718 1097 quomodo
1747 1042 1869 1084 cum
1892 1026 2021 1082 elati
2046 1026 2166 1082 fue-

590 1110 702 1168 rint
765 1112 819 1167 in
889 1117 1199 1185 superbiam
1274 1127 1626 1188 peccatores,
1695 1128 1751 1175 et
1816 1134 1977 1174 arcus
2038 1131 2165 1174 suos

590 1205 922 1272 paraverint,
960 1215 1016 1261 et
1054 1208 1281 1277 sagittas
1334 1208 1454 1265 illas
1499 1218 1649 1276 Suas,
1684 1210 1754 1264 de
1786 1209 1985 1280 quibus
2003 1222 2165 1279 supe—

591 1297 705 1354 rius
753 1299 1006 1366 diximus,
1070 1303 1406 1359 tetenderint
1463 1304 1726 1360 adversus
1771 1303 1983 1373 justos;
2040 1312 2162 1357 cum

570 1388 704 1447 .ltaec
755 1392 932 1447 omnis
982 1406 1167 1452 eorum
1205 1394 1432 1452 intentio
1486 1396 1700 1452 Domini
1752 1396 1919 1453 fuerit
1960 1396 2162 1451 virtute

587 1482 900 1548 destructa,
957 1485 1037 1539 sic
1109 1486 1308 1542 merito
1366 1486 1568 1543 dicitur
1625 1489 1907 1544 brachium
1971 1503 2162 1559 pecca-

588 1572 723 1625 toris
779 1588 900 1630 esse
951 1578 1269 1635 contritum.
1348 1580 1444 1635 Vel
1501 1581 1611 1636 alio
1674 1582 1831 1636 modo
1905 1582 2159 1652 quoniam

583 1663 746 1736 667
777 1681 966 1723 manus
1007 1679 1059 1724 et
1102 1672 1384 1727 brachium
1426 1674 1608 1743 operis
1644 1683 1731 1730 est
1779 1675 2062 1729 indicium.
2095 1673 2155 1730 Si

584 1772 715 1826 ergo
749 1757 933 1813 videas
962 1772 1305 1829 peccatorem
1346 1764 1413 1817 ad
1453 1778 1589 1834 opus
1639 1766 1865 1831 bonum,
1900 1766 1967 1820 ad
2021 1780 2156 1836 opus

584 1846 979 1903 misericordiae
1033 1867 1140 1905 non
1200 1855 1583 1910 extendentem
1658 1871 1878 1911 manum
1957 1872 2153 1920 suam,

585 1941 882 1996 absurdum
918 1957 1024 1996 non
1060 1945 1166 2000 erit
1195 1944 1378 2002 dicere
1408 1938 1698 2003 brachium
1737 1948 1854 2018 ejus
1883 1963 2004 2005 esse
2027 1965 2157 2004 con-

585 2031 797 2087 tritum.
842 2032 948 2089 Sed
1001 2034 1307 2102 hujusmodi
1359 2040 1745 2095 contritionem
1791 2056 1895 2095 non
1948 2058 1976 2095 a
2022 2040 2154 2105 Deo,

582 2125 679 2181 sed
716 2139 745 2179 a
794 2126 1009 2182 diabolo
1040 2126 1160 2183 ﬁeri
1202 2128 1537 2185 credendum
1570 2141 1672 2187 est.
1722 2131 1839 2200 lpse
1871 2141 1957 2187 est
2006 2134 2154 2188 enim

582 2216 675 2286 qni
704 2217 943 2273 conterit
978 2228 1033 2274 et
1066 2220 1399 2292 constringit
1422 2223 1649 2277 brachia
1678 2235 2057 2293 peccatorum,
2091 2240 2158 2280 ne

583 2309 651 2363 ad
694 2309 1123 2365 misericordiam
1167 2315 1547 2368 extendantur.
1599 2314 1687 2369 Fit
1731 2330 1862 2385 ergo
1905 2317 2153 2386 qutcdam

583 2400 839 2456 contritio
896 2404 1247 2472 peccatorum
1282 2419 1311 2459 a
1350 2407 1481 2471 Deo,
1533 2419 1658 2460 cum
1708 2398 2029 2463 insidiantes
2059 2422 2156 2465 eos

577 2492 726 2562 justo
752 2492 982 2549 destruit
1011 2502 1068 2550 et
1097 2496 1370 2565 deterret;
1414 2497 1663 2567 quaadam
1694 2514 1821 2554 vero
1851 2516 1880 2553 a
1914 2498 2152 2568 diabolo,

582 2599 706 2638 cum
752 2584 880 2641 boni
909 2588 1096 2658 operis
1132 2589 1310 2644 Studia
1360 2589 1505 2647 velut
1547 2591 1746 2647 vinetis
1801 2603 1855 2648 et
1903 2593 2155 2649 contritis

583 2676 881 2734 inﬁdelium
924 2681 1167 2738 brachiis
1208 2682 1457 2751 impedit.
1506 2683 1572 2739 Et
1610 2694 1697 2741 est
1740 2684 1840 2739 alia
1870 2687 2153 2754 contritio,

582 2784 703 2838 qua:
733 2786 761 2824 a
804 2771 912 2827 Deo
941 2774 1160 2843 quidem
1213 2777 1549 2842 conceditur,
1602 2776 1857 2848 impletur
1906 2789 2085 2834 autem
2121 2796 2150 2835 a

584 2863 838 2929 diabolo,
882 2866 971 2919 illa
1023 2868 1089 2923 de
1144 2885 1253 2938 qua
1301 2869 1517 2925 dicebat
1563 2873 1813 2929 diabolus
1856 2877 1924 2929 ad
1965 2876 2151 2931 Domi-

584 2968 710 3007 num
734 2954 778 2986 ³⁰
810 2973 826 3011 :
867 2954 1233 3014 Verumtamen
1259 2962 1479 3015 immitte
1510 2979 1723 3018 manum
1748 2974 1894 3022 tuam
1922 2977 1968 3021 et
2000 2976 2153 3038 tange

2011 259 2099 315 EX
2135 254 2433 314 ORIGENE

576 392 796 446 cogere
822 386 880 431 ut
912 390 1139 433 necesse
1173 377 1372 432 habeat
1418 375 1598 431 littera
1628 375 1883 431 derelicta
1913 373 1979 428 ad
2013 372 2172 427 intel-
2205 371 2249 429 A
2278 370 2394 439 quis
2448 379 2622 424 autem
2674 369 2907 439 ignorat,
2953 369 3307 439 ignorabitur.
3349 366 3420 421 Et
3462 367 3530 421 in
3592 365 3899 438 ενιπεεῶ

601 471 795 511 laetum
815 470 1176 511 transcendam
1197 469 1520 511 cniritalemr
1554 468 1693 511 sicut
1711 478 1763 511 et
1800 482 1945 511 nunc
1968 465 2169 511 faciunt
2275 462 2363 511 ubi
2418 461 2549 511 dicit
2586 462 2841 511 Dominus
2874 460 2942 511 ad
2975 469 3296 511 peceatores
3340 459 3391 491 ³⁸
3446 478 3464 511 :
3520 456 3760 511 Nescio
3796 480 3891 511 ω-

3585 475 3760 513 emo
3796 480 3891 523 eos.

2270 555 2525 608 discedite
2553 569 2713 622 ante,
2760 555 2988 623 operarii
3034 556 3359 625 iniquitatis.
3419 552 3606 607 Sicut
3676 567 3892 624 ergoet

2272 646 2398 701 alibi
2450 647 2647 703 dicitur
2671 647 2714 679 ⁸⁷
2745 664 2762 704 :
2794 646 3071 718 Cognoscit
3103 647 3367 704 Dominus
3404 647 3513 719 qui
3565 656 3722 700 sinu
3764 651 3887 718 ejus.

2269 741 2352 796 sie
2400 742 2490 797 hic
2525 756 2630 797 non
2684 742 2993 812 impiorum,
3046 743 3140 798 sed
3187 742 3723 798 immaculatum
3784 746 3887 798 dies

2265 847 2603 903 cognoscere
2631 834 2835 890 dicitur
2880 833 3159 890 Dominus.
3206 835 3367 906 Digni
3413 834 3579 889 enim
3645 834 3885 890 scienti.

2228 990 2231 992 η
2272 923 2481 979 Domini
2516 924 2991 979 immaculatorum
3019 925 3152 981 dies.
3190 926 3295 982 Sed
3319 935 3379 982 et
3409 929 3533 982 hoc
3557 928 3883 981 secundum

2266 1016 2512 1072 litteram
2542 1017 2727 1072 nescio
2764 1016 2810 1071 si
2842 1016 3018 1087 possit
3046 1028 3446 1089 consequenter
3490 1021 3759 1092 exponi.
3789 1021 3880 1087 Qui

2265 1108 2410 1162 enim
2449 1120 2674 1176 possunt
2719 1124 2839 1166 esse
2887 1110 3004 1165 dies
3054 1111 3572 1178 immaculatorum,
3630 1115 3748 1183 qui
3780 1130 3877 1171 ιιι

2266 1201 2375 1256 sint
2396 1202 2561 1256 etiam
2584 1203 2968 1272 peccatorum?
2996 1219 3118 1258 cum
3152 1202 3311 1272 hujus
3336 1206 3537 1260 muli
3579 1207 3720 1261 dies
3775 1223 3873 1260 ua

2275 462 2364 516 ubi
2418 461 2549 516 dicit
2586 462 2841 516 Dominus
2874 460 2942 514 ad
2975 469 3296 529 peccatores
3340 459 3391 491 ³⁸
3446 478 3464 514 :

2264 1293 2563 1363 eademque
2590 1294 2664 1350 sit
2707 1296 2982 1360 onmibus,
3025 1306 3187 1365 atque
3216 1299 3272 1352 in
3318 1300 3520 1354 eadem
3560 1299 3696 1355 sive
3715 1300 3867 1368 justi,

2263 1387 2381 1444 sive
2405 1396 2722 1455 peceatores
2754 1388 2918 1443 simul
2947 1389 3067 1444 luce
3088 1402 3378 1446 versentur
3410 1410 3425 1444 :
3456 1392 3621 1447 sicut
3641 1402 3707 1445 et
3762 1395 3867 1462 ipse

2264 1478 2525 1534 Dominus
2553 1480 2619 1534 de
2639 1477 2803 1534 Patre
2835 1479 2967 1534 dicit
2998 1480 3065 1544 ³³,
3095 1483 3219 1550 quia
3272 1484 3438 1535 solem
3480 1496 3662 1535 suum
3712 1483 3865 1551 jubet

2262 1568 2391 1623 oriri
2418 1585 2576 1638 super
2598 1570 2757 1623 bonos
2778 1577 2827 1624 et
2849 1570 3038 1628 malos.
3060 1569 3342 1637 Quomodo
3389 1585 3531 1642 ergo
3580 1571 3680 1626 hic
3720 1572 3861 1627 velut

2262 1670 2547 1730 exceptum
2595 1660 2799 1730 aliquid
2856 1671 2912 1714 et
2966 1671 3308 1732 segregatum
3361 1662 3859 1718 immaculatorua

2187 1717 2229 1771 Β
2259 1752 2376 1807 dies
2397 1717 2735 1822 cognoscere
2765 1752 2968 1809 dicitur
3000 1717 3297 1810 Dbmitiusi
3324 1755 3434 1811 Sed
3460 1717 3775 1809 videamus
3796 1770 3858 1809 ne

2257 1843 2398 1899 forte
2430 1846 2803 1913 unusquisque
2836 1845 3110 1915 propriam
3162 1846 3266 1901 sibi
3311 1848 3430 1916 ipse
3464 1848 3649 1901 faciat
3691 1850 3851 1902 diem.

2261 1936 2325 1989 Et
2352 1935 2399 1992 si
2429 1938 2645 2005 quando
2691 1937 3013 2003 abjicientes
3061 1937 3403 1992 mendacium
3442 1937 3745 2007 loquimur
3775 1953 3855 1992 se-

2261 2028 2474 2083 ritatem
2523 2044 2646 2083 cum
2692 2030 2943 2098 proximo
2994 2039 3201 2094 nostro,
3249 2031 3303 2085 in
3364 2033 3635 2087 veritatis
3680 2033 3777 2087 die
3806 2044 3857 2087 et

2257 2120 2503 2177 veritatis
2535 2120 2658 2175 luce
2685 2135 2988 2176 versamur.
3043 2120 3308 2177 Similiter
3331 2131 3389 2176 et
3429 2138 3566 2178 cum
3608 2124 3852 2178 retrahi-

2258 2228 2379 2270 mus
2421 2230 2519 2270 nos
2557 2214 2626 2269 ab
2659 2213 2730 2270 iis
2762 2214 2854 2284 qui
2895 2214 3127 2270 oderunt
3145 2213 3367 2281 fratres,
3419 2225 3480 2268 es
3516 2215 3572 2269 in
3610 2215 3849 2270 tenebris

2257 2304 2557 2372 ambulant,
2600 2312 2660 2360 et
2705 2305 2758 2359 in
2804 2304 3103 2359 dilectione
3141 2305 3373 2358 fratrum
3410 2318 3847 2373 permanemus,

2257 2399 2371 2454 dies
2404 2399 2561 2453 nobis
2586 2397 2816 2453 iacimus
2844 2398 3157 2454 cbaritatis.
3190 2398 3295 2453 Sed
3316 2406 3378 2451 et
3409 2412 3543 2453 cum
3568 2397 3843 2466 justitiam

2256 2490 2619 2558 custodimus,
2651 2500 2850 2547 etcum
2897 2494 3181 2547 visitantes
3224 2490 3415 2546 viduas
3439 2503 3618 2560 atque
3640 2491 3843 2559 orpha-

2258 2600 2357 2641 nos
2394 2587 2447 2641 in
2477 2585 2827 2641 tribulatione
2856 2598 2974 2649 sua,
3027 2581 3406 2639 inmaculatos
3450 2596 3558 2638 nos
3598 2583 3838 2637 custodi-

2256 2694 2376 2732 mus
2409 2677 2476 2732 ab
2503 2677 2607 2731 hoc
2636 2674 2855 2736 sacculo.
2892 2672 3363 2729 immaculatorum
3393 2671 3565 2727 nobis
3599 2672 3744 2743 ipsis
3764 2670 3839 2725 [τε

2256 2772 2431 2826 cimus
2463 2771 2596 2826 dies.
2645 2768 2711 2823 Et
2762 2768 2847 2824 isti
2881 2777 3006 2822 sunt
3055 2767 3170 2823 dies
3207 2781 3348 2836 quos
3398 2780 3567 2821 nosse
3613 2765 3834 2827 dicitur,

2255 2864 2471 2934 quando
2514 2860 2796 2933 cognoscit
2837 2860 2952 2915 dies
2997 2859 3497 2915 immaculatorum.
3549 2855 3763 2912 Verum
3792 2858 3831 2910 si

2256 2957 2606 3012 sacratiorem
2649 2955 2829 3009 adhuc
2881 2968 3102 3008 sensum
3154 2952 3207 3006 in
3254 2950 3357 3006 hoc
3404 2950 3531 3005 loco
3585 2949 3831 3003 volumus

583 3049 761 3100 omnia
805 3064 923 3117 qua:
966 3050 1147 3116 habet,
1182 3053 1283 3106 nisi
1327 3053 1381 3108 in
1415 3056 1603 3114 faciem
1642 3066 1690 3110 te
1728 3059 2068 3126 benedixerit,
2095 3072 2149 3119 et

2254 3047 2613 3119 perscrutari,
2662 3060 2955 3117 possumus
2989 3045 3170 3100 dicere
3213 3042 3340 3114 quia
3377 3045 3499 3098 dies
3543 3042 3677 3095 ntali
3707 3053 3827 3095 sunt

586 3149 699 3192 tum
741 3142 953 3210 accepit
999 3157 1123 3198 eum
1168 3146 1221 3199 in
1271 3158 1560 3216 potestate.
1612 3147 1767 3204 Unde
1811 3163 1865 3208 et
1908 3155 2024 3222 ipse
2050 3154 2151 3211 Job

580 3228 662 3282 ait
690 3229 731 3260 ³¹
767 3249 781 3285 :
820 3229 1009 3287 Manus
1039 3235 1174 3287 enim
1214 3235 1423 3291 Domini
1459 3247 1536 3291 est
1572 3256 1689 3307 qua:
1722 3242 1940 3313 contigit
1975 3259 2076 3297 me.

653 3318 708 3376 8.
743 3319 989 3390 Su/j'ulcit
1019 3337 1188 3379 autem
1215 3327 1393 3396 justas
1426 3330 1678 3385 Dominus
1707 3332 1773 3387 ³¹.
1809 3334 1914 3399 Qui
1949 3334 2150 3389 inﬁrmi

581 3422 786 3468 suntet
825 3414 1064 3484 fragiles,
1109 3433 1244 3487 opus
1272 3419 1472 3476 habent
1501 3422 1804 3480 suﬂ‘ultore.
1855 3425 1954 3481 Ubi
1989 3428 2149 3483 ruina

582 3503 832 3559 imminet
862 3516 915 3560 et
947 3505 1155 3577 lapsus,
1199 3509 1273 3564 ibi
1300 3512 1559 3579 quaeritur
1590 3513 1897 3572 suffultnra.
1957 3519 2152 3575 Omnis

582 3605 761 3650 autem
817 3597 976 3653 homo
1032 3611 1295 3669 quantum
1327 3604 1394 3658 ad
1448 3605 1743 3661 humanam
1798 3608 2149 3680 fragilitatem

580 3698 809 3757 spectat,
846 3700 900 3745 et
935 3691 1184 3746 inﬁrmus
1212 3704 1301 3749 est
1329 3705 1383 3749 et
1406 3706 1687 3768 promptus
1721 3703 1788 3756 ad
1821 3703 2052 3773 lapsum.
2086 3706 2150 3761 Et

581 3779 635 3832 in
690 3781 788 3835 hoc
836 3784 1054 3852 quidem
1091 3785 1298 3853 psalmo
1351 3789 1612 3857 scriptum
1657 3801 1759 3858 est,
1808 3796 1931 3862 quia
1973 3795 2151 3866 justos

581 3871 849 3927 suil'ulciat
905 3876 1199 3943 Dominus,
1257 3888 1311 3932 et
1364 3879 1417 3933 in
1452 3879 1558 3936 alio
1603 3882 1732 3936 dicit
1774 3884 1820 3915 ³³
1850 3903 1864 3939 :
1896 3884 2151 3957 Su/fulcit

579 3960 839 4018 Dominus
864 3981 1041 4021 omnes
1060 3970 1150 4037 qui
1184 3970 1402 4037 cadunt,
1431 3983 1479 4026 et
1503 3975 1655 4044 erigit
1680 3975 1938 4033 Dominus
1970 3997 2150 4037 omnes

579 4051 757 4106 elisos.
786 4052 1014 4111 Tantum
1047 4068 1133 4113 cst
1155 4069 1214 4112 ut
1239 4076 1338 4116 nos
1376 4068 1830 4137 expergiscantur
1857 4070 2150 4140 aliquando

578 4152 635 4197 et
657 4144 994 4211 evigilemus,
1021 4160 1082 4203 ut
1116 4150 1161 4203 si
1191 4157 1410 4221 quando
1442 4172 1540 4224 per
1574 4159 1944 4217 inﬁrmitatem
1986 4181 2148 4222 casus

580 4235 778 4306 aliquis
823 4237 1092 4304 imminet,
1139 4245 1495 4314 deprecemur
1546 4252 1832 4310 Dominum
1876 4268 1934 4311 ut
1971 4260 2150 4316 mittat

578 4329 736 4383 nobis
765 4330 990 4384 verbum
1022 4347 1177 4386 suum
1207 4345 1261 4389 et
1291 4339 1618 4409 sapientiam
1662 4361 1838 4413 suam,
1886 4365 2005 4418 qum
2035 4352 2152 4406 suf-

581 4417 768 4473 fulciat
797 4434 1023 4474 casuros
1047 4431 1103 4475 et
1129 4426 1323 4494 erigat.

650 4506 703 4559 9.
738 4506 1014 4577 Cognoscit
1081 4511 1335 4569 Dominus
1378 4519 1490 4573 dies
1531 4522 2030 4596 immaculatorum,
2094 4544 2145 4587 et

578 4597 857 4653 hwreditas
909 4618 1089 4656 eorum
1142 4607 1196 4659 in
1240 4618 1491 4665 internum
1546 4617 1642 4669 erit
1698 4617 1763 4675 ".
1829 4619 2141 4679 Secundum

581 4688 917 4759 Scripturas,
944 4693 1080 4748 sicut
1111 4696 1162 4749 itt
1207 4697 1388 4754 multis
1413 4701 1549 4758 locis
1576 4705 2002 4775 observavimus,
2027 4714 2136 4768 Do-

581 4779 759 4837 minus
789 4797 897 4837 non
927 4787 1106 4840 omnia
1138 4791 1438 4860 cognoscit,
1462 4794 1557 4849 sed
1590 4797 1701 4850 sola
1726 4798 1817 4855 illa
1854 4818 1976 4872 qua:
2000 4805 2140 4860 bona

580 4878 738 4937 sunt;
771 4872 909 4927 mala
942 4883 1119 4930 autem
1147 4878 1346 4934 dicitur
1388 4882 1661 4952 ignorare,
1697 4905 1800 4945 non
1835 4895 1978 4961 quod
2013 4911 2145 4952 vere

578 4962 780 5056 aliquid
805 4963 878 5018 sit
905 4967 1051 5033 quod
1095 4968 1213 5036 ejus
1243 4972 1530 5028 scientiam
1564 4976 1749 5043 lateat,
1797 4987 1892 5037 sed
1919 4999 1983 5041 ea
2025 5002 2146 5056 qua:

579 5052 798 5121 indigna
846 5065 973 5110 sunt
1001 5059 1220 5116 notione
1258 5063 1394 5131 ejus,
1423 5064 1622 5121 dicitur
1664 5070 1938 5139 ignorare.
1988 5052 2143 5145 Quod

577 5145 913 5236 ostendimus
942 5149 1105 5203 etiam
1132 5154 1203 5206 de
1240 5153 1565 5233 Scriptnris,
1597 5174 1718 5214 cum
1748 5162 1881 5217 dicit
1910 5168 2143 5236 Aposm-

578 5235 668 5291 lus
695 5238 739 5269 ³⁸
769 5251 784 5291 :
814 5236 871 5292 Si
900 5241 1015 5308 quis
1043 5243 1096 5295 in
1126 5245 1264 5299 vobis
1299 5249 1570 5316 propheta,
1618 5252 1697 5305 vel
1721 5235 2002 5324 spiritalis,
2057 5278 2144 5317 co-

577 5340 791 5399 gnoscat
819 5348 935 5402 qua:
963 5335 1131 5389 scribo
1158 5338 1320 5403 vobis,
1350 5341 1602 5408 quoniam
1635 5343 1847 5401 Domini
1885 5361 2026 5405 sunt.
2080 5354 2142 5410 Si

649 5565 874 5647 f’nPsal.
918 5568 1139 5647 x,_l_5_.‘_
1194 5570 1397 5647 “Diab.
1442 5589 1478 5645 ι,
1529 5575 1614 5628 Η.
1650 5646 1653 5647 ν
1691 5577 1731 5607 ⁸¹
1760 5575 1879 5631 Job.
1912 5597 2023 5647 xrx,
2055 5582 2145 5640 21.

580 5632 630 5720 ξ’
699 5636 823 5719 Cpr.
848 5632 1162 5720 x1v,§7,5§.
1193 5643 1283 5720 “3°
1304 5632 1492 5698 Μειιιιί.
1520 5660 1613 5720 γυ,
1634 5646 1725 5720 25.
1799 5650 1841 5680 ³⁷
1877 5632 2164 5720 ΙΙγίΤίἶιιῗίῖ,

581 5713 625 5736 ε·
654 5706 779 5762 lsai.
823 5722 910 5773 Ls,
947 5711 1031 5763 l9.
1108 5711 1152 5742 “
1191 5714 1271 5769 Ps.
1305 5727 1489 5783 xxxvr,
1525 5706 1611 5771 19..
1686 5718 1730 5750 ⁸³
1757 5720 1886 5777 ibid.

2252 3141 2412 3212 hujus
2440 3139 2622 3196 saeculi
2654 3138 2950 3194 secundum
2981 3139 3127 3207 quod
3153 3138 3410 3208 scriptum
3438 3145 3529 3191 est
3557 3136 3611 3168 ³⁸
3638 3153 3653 3188 :
3685 3134 3825 3201 Quo-

2252 3235 2397 3289 niam
2425 3233 2535 3287 dies
2561 3231 2689 3285 mali
2715 3240 2861 3285 sunt.
2894 3230 3019 3285 Dies
3045 3239 3226 3285 autem
3249 3229 3375 3285 boui
3413 3227 3509 3282 alii
3540 3238 3702 3294 sunt,
3730 3227 3815 3296 qui

2249 3340 2308 3383 et
2353 3328 2455 3397 ipsi
2500 3326 2966 3382 immaculatorum
3019 3332 3191 3390 sunt,
3247 3336 3386 3392 quos
3424 3322 3694 3377 Dominus
3734 3336 3814 3376 eo-

2251 3421 2487 3490 gnoscit,
2521 3419 2574 3472 in
2601 3418 2798 3489 quibus
2819 3427 2874 3473 et
2904 3415 3195 3471 hatreditas
3240 3428 3429 3468 eorum
3461 3415 3516 3467 in
3553 3425 3811 3468 internum

2251 3522 2466 3579 manet;
2506 3523 2633 3567 tunc
2654 3514 2773 3568 sine
2795 3513 2959 3569 dubio
2981 3527 3104 3566 cum
3138 3510 3265 3579 justi
3317 3506 3698 3564 incredibilem
3725 3523 3811 3560 ra-

2250 3608 2403 3677 pient
2445 3608 2567 3661 vitae
2593 3617 2834 3672 mterrite,
2886 3619 3281 3676 consequentes
3326 3620 3449 3674 quae
3498 3603 3689 3657 oculus
3718 3618 3811 3655 an

2250 3700 2399 3763 vidit,
2426 3716 2519 3754 nec
2552 3700 2698 3754 auris
2733 3701 2962 3764 audiuit,
2986 3716 3080 3754 nec
3109 3702 3165 3754 in
3190 3717 3281 3754 car
3304 3698 3535 3753 hominis
3563 3696 3805 3757 ascendit,

2250 3805 2366 3859 qua:
2394 3792 2711 3858 praeparavit
2744 3790 2880 3844 Deus
2904 3791 3237 3860 diligentibus
3268 3807 3323 3845 se
3349 3790 3413 3845 ⁸ο.
3447 3788 3531 3843 Illi
3562 3800 3689 3844 sunt
3718 3792 3806 3841 im-

2250 3880 2643 3935 maculatorum
2674 3882 2810 3944 dies.
2840 3883 2894 3935 in
2921 3883 3118 3951 quibus
3144 3897 3250 3936 non
3283 3882 3381 3935 iste
3407 3881 3490 3934 sol
3529 3896 3689 3950 quem
3724 3895 3805 3934 oc-

2250 3987 2412 4028 casus
2441 3974 2667 4044 cxeipit,
2698 3984 2754 4028 et
2781 3972 2934 4042 cujus
2959 3989 3063 4029 nox
3091 3976 3390 4030 succedens
3415 3974 3604 4028 lumen
3630 3974 3799 4027 interi-

2250 4065 2369 4132 mit,
2403 4064 2499 4120 sed
2546 4064 2626 4121 sol
2669 4064 2897 4133 jnstitiae
2949 4066 3167 4132 lucebit,
3216 4067 3306 4132 qui
3343 4075 3561 4121 noctem
3590 4067 3793 4127 nesciat,

2248 4158 2340 4226 qni
2371 4158 2548 4212 lumen
2579 4169 2847 4213 aeternum
2878 4160 2971 4220 sit.
3003 4159 3145 4214 sicut
3173 4158 3434 4226 scriptum
3469 4167 3553 4211 est
3586 4157 3649 4219 ⁶¹,
3691 4156 3792 4225 quia

2249 4254 2360 4324 ipse
2396 4253 2648 4307 Dominus
2677 4253 2773 4306 erit
2816 4254 2891 4306 eis
2922 4252 3023 4305 lux
3057 4252 3390 4320 sempiterna.

2322 4346 2408 4400 10.
2442 4344 2511 4398 Et
2536 4362 2639 4399 non
2662 4344 3054 4413 confundentur
3082 4345 3136 4396 in
3167 4352 3397 4410 tempore
3424 4340 3565 4394 male
3598 4342 3663 4393 “.
3695 4340 3789 4394 Soli

2179 4421 2375 4507 Djnsti
2408 4451 2515 4490 non
2568 4436 2970 4491 confundeutur
2998 4435 3051 4489 in
3092 4445 3334 4503 tempore
3374 4435 3538 4487 malo.
3584 4433 3787 4500 Tempus

2251 4541 2433 4584 autem
2464 4527 2667 4582 malum
2717 4527 2806 4582 hic
2855 4542 3066 4597 tempus
3089 4527 3279 4594 judicii
3308 4527 3578 4589 nominat,
3603 4537 3787 4595 proptr:

2250 4621 2650 4675 multitudinem
2718 4631 3086 4688 peccatorum.
3149 4628 3205 4673 et
3251 4634 3440 4674 eorum
3506 4634 3642 4688 quos
3674 4631 3785 4671 sua

2250 4720 2516 4767 tormenta
2546 4713 2865 4781 suscipicnt.
2895 4712 3048 4768 Tunc
3075 4727 3205 4781 ergo
3249 4712 3303 4765 in
3359 4721 3605 4781 tempore
3632 4725 3783 4766 resur-

2248 4805 2511 4860 rectionis
2541 4821 2663 4859 cunt
2720 4819 2910 4859 omnes
2947 4805 3382 4868 resurrexerint,
3410 4816 3468 4860 et
3498 4804 3591 4858 alii
3636 4821 3787 4859 resur-

2253 4910 2380 4968 gent
2425 4899 2476 4952 in
2509 4899 2674 4953 vitam
2703 4908 2982 4964 aeternam,
3015 4898 3107 4952 alii
3138 4898 3191 4951 in
3230 4896 3606 4954 confusionem
3660 4908 3787 4952 teter-

2252 5008 2398 5058 nam,
2444 5003 2596 5057 tunc,
2639 4992 2834 5062 inquit,
2883 4994 3015 5059 justi
3059 5008 3168 5047 non
3211 4992 3638 5058 confundentur,
3686 4993 3786 5060 quia

2254 5083 2387 5137 nihil
2423 5084 2644 5153 dignum
2677 5083 3000 5140 confusione
3031 5085 3084 5138 in
3113 5099 3305 5139 eorum
3336 5086 3552 5140 actibus
3578 5086 3786 5139 invenie—

2252 5185 2361 5228 tur.
2394 5176 2558 5230 Addit
2590 5185 2775 5230 autem
2810 5176 2858 5210 ”
2891 5195 2905 5234 :
2933 5177 3000 5232 Et
3026 5178 3080 5231 in
3106 5178 3287 5233 diebus
3311 5179 3468 5249 famis
3498 5181 3785 5231 saturaba-

2251 5278 2359 5321 tur.
2416 5267 2800 5339 inquirendum
2851 5271 3024 5341 primo
3067 5272 3269 5339 estqui
3312 5272 3424 5326 sint
3470 5271 3588 5326 dies
3637 5271 3784 5324 fatuis.

2248 5360 2625 5415 Contminatur
2654 5362 2707 5415 in
2739 5364 2972 5430 quodam
3002 5362 3117 5415 loco
3170 5362 3313 5416 Deus
3342 5376 3438 5430 per
3473 5363 3781 5431 prophetam,

2795 5591 2838 5623 ³³
2872 5590 2958 5644 Ps.
2990 5608 3145 5655 (λιν,
3178 5594 3229 5646 8.
3309 5592 3352 5622 ³⁸
3383 5591 3470 5645 Ps.
3516 5607 3688 5652 xsxst,
3714 5592 3775 5645 18.

2859 5660 2903 5695 ³³
2941 5662 3134 5732 Ephcs.
3160 5678 3213 5728 ν,
3241 5665 3326 5718 16.
3402 5662 3486 5715 ⁴⁰Ι
3518 5664 3635 5717 Cor.
3668 5662 3773 5730 11,9.

2223 5587 2265 5620 ³²
2295 5588 2380 5643 l’s.
2416 5606 2598 5655 “ut,
2630 5590 2716 5645 l7.

2183 5657 2285 5713 19.~
2349 5661 2392 5693 ³³
2413 5660 2660 5727 Maltlm',
2689 5662 2784 5717 45.

3794 249 3905 309 ΙΞΗ

3959 5800 3961 5855 1
