4020 6152
116 238 283 293 15-53

824 227 1135 284 SELECTA
1162 224 1230 283 IN
1263 224 1603 282 PSALMOS.
1653 256 1714 265 —
1754 222 1989 279 IIOMIL.
2015 222 2078 277 Ill
2121 222 2187 278 ΙΝ
2230 222 2426 279 PSAL.
2470 222 2710 278 XXXVI.

3271 222 3409 277 15w

104 364 179 409 et
240 354 380 408 dicit
415 352 457 383 si
490 347 671 405 LE,“
721 347 832 400 die;
879 345 1116 407 veniunt,
1165 342 1293 397 dicit
1347 342 1631 406 Dominus,
1671 352 1721 395 et
1752 348 1796 401 Λ
1829 348 2006 394 autem
2044 338 2167 408 quia
2190 338 2371 405 justus
2401 349 2538 403 erat,
2587 335 2861 392 nesciebat
2898 336 3113 391 famem.
3156 338 3246 394 Sic
3278 354 3408 407 ergo

109 445 425 498 immittam
472 442 665 510 [autent
724 452 883 506 super
917 447 1133 498 terram,
1184 450 1287 487 non
1319 433 1513 501 [autem
1550 432 1724 502 panis,

115 552 312 606 neque
340 534 487 588 sitim
514 546 693 599 aqum,
724 530 815 583 sed
848 529 1041 597 [amem
1070 528 1139 581 ad
1162 526 1485 581 audiendum
1514 525 1728 581 verbum

114 627 262 683 Dei.
308 626 377 680 Et
420 623 716 678 rircuibunt
745 621 810 674 ab
842 620 1042 673 oriente
1069 635 1233 690 usque
1269 619 1340 673 ad
1382 618 1726 681 occidentem,

114 731 187 776 ut
242 721 470 774 audiant
520 719 730 772 verbum
777 716 1028 780 Domini,
1080 726 1127 770 et
1156 731 1259 769 non
1298 714 1578 770 invenient.
1638 714 1727 769 ISIi

122 823 273 867 sunt
304 828 435 881 ergo
466 812 605 876 dies,
630 820 686 865 et
722 809 869 864 istud
893 818 977 862 est
1017 817 1229 878 tempus
1257 808 1435 873 famis,
1468 824 1591 863 cum
1621 824 1727 862 non

120 914 271 961 sunt
298 907 390 976 qui
431 905 659 959 verbum
692 904 783 958 Dei
812 903 1127 972 loquantur,
1149 905 1293 958 sicut
1314 911 1367 956 et
1391 903 1562 957 fames
1584 917 1729 957 nunc

121 1008 220 1054 est
243 1000 392 1069 apud
411 996 649 1054 Judaos.
671 994 949 1066 Nusquam
976 995 1119 1050 enim
1144 995 1438 1064 prophetae,
1466 1010 1727 1064 numquam

125 1092 400 1162 sapiens,
463 1105 728 1161 nusquam
774 1089 1019 1159 prudens
1067 1089 1391 1152 aestimator,
1459 1103 1728 1158 nusquam

126 1184 679 1255 quinquagenarius,
742 1198 1008 1253 nusquam
1066 1182 1289 1252 sapiens
1342 1183 1730 1248 consiliarius,

134 1292 424 1348 nusquam
461 1277 771 1348 intelligens
816 1276 1057 1343 auditor,
1094 1277 1277 1330 omnia
1327 1277 1549 1331 abstulit
1590 1276 1731 1331 Deus

133 1387 165 1424 a
199 1369 397 1426 Judzea
435 1379 492 1425 et
535 1368 866 1425 Jerusalem.
920 1369 1028 1424 Sed
1059 1377 1117 1422 et
1152 1369 1204 1423 in
1238 1367 1397 1425 nobis
1431 1378 1612 1424 metus
1648 1378 1732 1423 est

137 1466 365 1535 ingens,
406 1478 474 1518 ne
502 1462 647 1518 forte
673 1463 839 1518 etiam
876 1461 1034 1517 nobis
1059 1462 1340 1516 immineat
1378 1461 1570 1517 fames.
1606 1463 1730 1516 Sic-

137 1568 203 1613 ut
230 1559 385 1612 enim
414 1556 487 1612 illi
520 1557 587 1612 de
607 1556 807 1624 quibus
835 1570 995 1624 supra
1028 1555 1284 1619 diximus,
1313 1555 1540 1625 legendo
1565 1556 1734 1628 668

142 1652 329 1720 legem
374 1657 429 1705 et
456 1663 561 1703 nou
607 1647 857 1703 faciendo
906 1648 1256 1703 incurrerunt
1281 1648 1333 1701 in
1367 1648 1468 1703 hoc
1496 1649 1727 1703 ntverbl

145 1742 244 1796 Dei
275 1741 475 1797 famem
501 1750 839 1813 paterentur,
865 1748 921 1794 et
944 1740 1296 1797 auferreutur
1318 1741 1385 1795 ab
1420 1740 1526 1796 illis
1546 1742 1728 1797 omnia

144 1834 242 1888 Dei
280 1834 421 1888 dona
456 1849 574 1901 qua:
596 1847 757 1901 supra
789 1833 1045 1900 diximus,
1082 1841 1136 1888 et
1169 1835 1481 1888 mandatum
1508 1845 1593 1889 est
1625 1851 1728 1889 nu'

142 1927 309 1983 bibus
347 1925 655 1999 (prephetis
700 1926 934 1995 scilicet)
990 1942 1060 1981 ne
1105 1928 1360 1995 pluerent
1416 1942 1582 1995 super
1638 1943 1732 1984 eos

143 2019 389 2090 pluviam
424 2019 574 2074 verbi
610 2020 728 2082 Dei,
766 2021 1058 2075 verendum
1091 2032 1177 2077 est
1207 2036 1277 2076 ne
1308 2022 1414 2077 tale
1443 2025 1605 2078 etiam
1633 2024 1731 2077 ali-
1766 2007 1771 2011 ’

144 2115 295 2184 quod
324 2114 479 2169 nobis
509 2115 872 2183 correptionis
920 2114 1210 2171 inducatur
1242 2132 1415 2187 genus
1441 2133 1454 2166 :
1495 2118 1591 2172 sed
1623 2133 1732 2171 ma-

147 2209 236 2275 gis
289 2205 592 2263 eﬂiciamur
648 2224 753 2263 non
785 2210 1061 2265 auditores
1102 2209 1235 2282 legis
1266 2221 1495 2279 tantum,
1535 2215 1630 2267 sed
1678 2221 1733 2267 et

148 2298 414 2367 factores,
440 2310 499 2355 ut
531 2301 752 2357 mandet
777 2301 1038 2360 Dominus
1064 2304 1298 2359 nubibus
1315 2304 1450 2368 suis,
1481 2321 1584 2359 non
1615 2305 1731 2370 uni,

151 2406 330 2460 neque
359 2393 589 2458 duabus,
623 2395 718 2449 sed
748 2395 1016 2464 pluribus,
1049 2395 1238 2464 pluere
1270 2412 1438 2466 super
1470 2413 1569 2452 nos
1606 2399 1731 2472 plu-

149 2481 321 2546 viam,
354 2494 406 2537 ut
437 2483 491 2539 in
517 2483 760 2540 Ecclesia
800 2489 1083 2555 propheta:
1112 2488 1217 2542 duo
1251 2488 1334 2542 vel
1379 2498 1492 2544 tres
1523 2491 1733 2557 dicant,

149 2583 209 2630 et
243 2575 421 2630 caeteri
471 2577 899 2634 examinant”:
940 2588 998 2633 et
1050 2580 1095 2634 si
1155 2583 1369 2637 sedenti
1432 2583 1733 2637 revelatum

154 2666 342 2733 fuerit,
369 2668 521 2737 prior
551 2678 749 2735 taceat,
783 2679 841 2725 ut
869 2672 1054 2742 plures
1086 2673 1217 2727 ﬂant
1268 2676 1514 2744 Operarii
1542 2677 1733 2731 incon-

155 2760 404 2816 fusibiles
432 2770 579 2816 recte
611 2772 911 2818 tractantes
940 2767 1166 2819 verbum
1190 2767 1462 2831 veritatis,
1495 2779 1556 2821 ut
1586 2768 1735 2823 dicat

157 2852 531 2921 unusquisque
573 2853 854 2908 doctorum
917 2865 973 2909 et
1028 2855 1443 2925 prtedicantium
1509 2861 1735 2914 verbum

162 2943 253 2998 Dei
285 2947 581 2999 secundum
604 2944 835 3000 Paulum
866 2945 914 2978 “
943 2963 959 3000 :
994 2945 1102 3017 Ego
1131 2948 1382 3015 plantavi,
1439 2962 1495 3006 et
1545 2951 1634 3005 ille
1661 2952 1736 3004 ri-

1829 433 1995 484 etiam
2030 431 2076 486 si
2123 429 2295 483 fames
2350 428 2536 483 veniat
2589 428 2916 497 aliquando,
2958 430 3101 498 quod
3148 430 3409 485 Dominus
3462 456 3469 463 νπ

1831 538 1938 576 non
1972 532 2194 592 praestet
2224 520 2480 576 Ecclesiae
2515 523 2665 577 suat!
2705 520 2750 574 si
2783 523 3000 589 quando
3041 533 3220 577 tamen
3262 523 3409 578 acci-

1829 614 1942 679 dat,
1974 615 2063 683 qni
2103 614 2265 668 habet
2299 612 2634 667 intellectum
2674 622 2728 666 et
2767 614 3090 668 exercitium
3135 615 3187 668 in
3230 616 3406 669 medi—

1832 708 2031 762 tatione
2064 706 2214 761 verbi
2266 705 2384 772 Dei,
2429 716 2484 760 et
2531 706 2821 761 constituit
2879 705 3130 759 meditari
3196 706 3247 760 in
3293 707 3410 777 lege

1828 798 1944 867 ejus
1978 799 2065 856 die
2088 813 2151 852 ac
2177 808 2357 860 nocte,
2400 805 2564 867 atque
2592 812 2853 853 exercere
2877 812 2937 854 se
2963 799 3031 851 ad
3072 799 3406 854 intellectum

1830 892 2127 959 spiritalem
2178 890 2608 961 percipiendum,
2658 892 2900 947 inveniet
2958 894 3010 947 in
3060 893 3165 948 illis
3211 908 3409 963 panem

1832 984 1979 1039 illum
2016 984 2110 1053 qui
2143 982 2210 1038 de
2247 983 2387 1036 coelo
2426 983 2730 1049 descendit,
2767 992 2819 1038 et
2862 984 2953 1038 fiet
2989 985 3037 1039 ei
3079 1000 3261 1040 sermo
3318 984 3410 1039 Dei

1832 1086 2114 1140 abundans
2146 1085 2320 1151 cibus,
2350 1092 2405 1137 et
2435 1082 2710 1153 profluens
2748 1097 2943 1155 potus;
3002 1097 3057 1141 et
3093 1103 3198 1143 non
3235 1088 3412 1143 solum

1831 1179 1984 1235 cibus
2020 1186 2075 1233 et
2107 1188 2287 1249 potus,
2334 1192 2522 1231 verum
2556 1177 2599 1231 si
2656 1178 3008 1247 profundiore
3063 1194 3407 1237 sacramenta

1837 1272 2082 1342 mysticae
2139 1270 2511 1339 intelligentiae
2569 1273 2813 1340 poluerit
2855 1274 3209 1340 perscrutari,
3252 1286 3413 1328 erunt

1834 1361 1882 1415 ei
1917 1375 2197 1415 sermones
2236 1360 2328 1414 Dei
2355 1359 2583 1415 delleiac.
2618 1359 2806 1417 Potest
2833 1362 2998 1418 etiam
3024 1362 3133 1416 alio
3173 1364 3333 1418 modo
3358 1365 3409 1417 in

1836 1453 1941 1509 hoc
1987 1452 2108 1507 loco
2166 1451 2487 1520 profundior
2524 1468 2719 1508 sensus
2777 1455 3000 1523 aperiri.
3044 1455 3309 1511 Dominus
3362 1469 3418 1511 et

1835 1545 2088 1600 Salvator
2132 1546 2208 1601 ait
2235 1546 2282 1577 ⁸¹
2320 1567 2332 1601 :
2371 1543 2552 1599 Veniet
2609 1562 2717 1601 nox
2773 1551 2986 1618 quando
3032 1564 3182 1602 nemo
3246 1559 3416 1616 potest

1838 1636 2073 1703 operari.
2104 1633 2173 1689 Et
2203 1636 2308 1691 hoc
2336 1635 2466 1689 dicit
2496 1636 2563 1689 de
2589 1635 2681 1689 illo
2710 1642 2954 1706 tempore
2985 1638 3127 1705 quod
3162 1638 3270 1691 erit
3295 1648 3416 1707 post

1837 1731 1937 1785 hoc
1971 1728 2255 1797 sarculum,
2299 1739 2543 1797 tempore
2574 1744 2682 1798 quo
2715 1729 3088 1799 unusquisque
3126 1746 3226 1800 pro
3260 1732 3417 1784 malis

1836 1834 1950 1890 suis
1990 1834 2221 1904 recipiet
2250 1847 2460 1904 poenas.
2505 1833 2656 1888 Tunc
2685 1847 2817 1903 ergo
2850 1831 2984 1886 dicit
3025 1840 3238 1887 noctem
3267 1830 3412 1886 illam

1837 1925 2096 1991 futuram,
2123 1942 2247 1981 cum
2272 1926 2386 1992 jam
2423 1941 2582 1981 nemo
2608 1934 2789 1996 potest
2820 1924 3033 1994 operari
3070 1924 3294 1995 aliquid,
3324 1927 3418 1978 sed

1835 2019 2212 2089 unusquisque
2261 2029 2390 2073 tunc
2425 2019 2665 2088 pascitur
2711 2035 2777 2073 ex
2819 2018 3079 2088 operibus
3128 2019 3243 2074 suis
3294 2033 3416 2086 qua:

1835 2110 1928 2164 hic
1965 2111 2176 2180 positus
2201 2120 2459 2180 operatus
2496 2119 2599 2165 cst.
2629 2109 2764 2165 Cum
2798 2125 2928 2181 ergo
2957 2126 3061 2165 nox
3093 2109 3291 2176 fuerit,
3322 2125 3418 2165 ne-

1837 2215 1929 2260 mo
1957 2211 2218 2271 operatur
2245 2199 2300 2255 in
2335 2201 2426 2255 illo
2465 2210 2707 2270 tempore
2739 2217 2753 2255 :
2785 2216 2907 2255 cum
2933 2210 3249 2270 peccatores
3278 2217 3418 2270 sup-

1837 2293 2015 2363 pliciis
2068 2291 2402 2364 aﬂligentnr,
2455 2293 2561 2347 erit
2611 2291 2730 2346 sine
2782 2291 2944 2346 dubio
2999 2290 3170 2346 fames
3210 2292 3294 2345 his
3325 2293 3418 2361 qui

1837 2396 2016 2464 nullos
2058 2395 2270 2452 fructus
2325 2396 2448 2451 boni
2480 2396 2664 2465 operis
2699 2394 3058 2461 collegerunt.
3104 2392 3161 2449 In
3203 2395 3296 2450 illo
3324 2411 3422 2449 au-

1839 2501 1945 2545 tem
1974 2487 2131 2543 famis
2162 2498 2425 2558 tempore,
2476 2488 2871 2544 saturabuntur
2912 2487 3071 2557 justi,
3116 2502 3183 2543 ex
3219 2487 3419 2543 fructi-

1840 2580 1938 2635 bus
1970 2579 2177 2634 scilicet
2206 2556 2436 2649 justitiae
2475 2593 2605 2636 suae.
2634 2578 2791 2634 Sicut
2815 2556 2960 2633 enim
2996 2580 3047 2633 in
3074 2556 3296 2634 deserto
3322 2594 3417 2634 ser.

1838 2671 2026 2726 diebus
2054 2672 2380 2742 colligebant
2431 2687 2628 2727 manna
2664 2672 2732 2735 ⁸³,
2779 2673 2833 2726 in
2873 2684 3025 2727 sexta
3079 2683 3261 2726 autem
3326 2672 3418 2727 die

1839 2777 1946 2816 non
1985 2761 2150 2816 unius
2183 2763 2288 2816 diei
2332 2764 2575 2828 modum,
2603 2764 2698 2817 sed
2728 2773 2990 2833 quantum
3044 2761 3318 2819 subiceret
3362 2765 3418 2818 in

1840 2852 2133 2908 crastinum
2176 2852 2525 2921 colligebant,
2567 2862 2625 2908 et
2677 2858 3052 2925 unusquisque
3105 2856 3303 2910 edebat
3361 2855 3420 2909 in

1841 2943 1929 2998 die
1960 2942 2208 3007 Sabbati,
2237 2960 2359 3014 quae
2385 2945 2682 3015 collegerat
2714 2945 2765 2999 in
2800 2946 2888 3000 die
2916 2956 3074 3000 sexta
3099 2962 3114 3010 ;
3159 2946 3229 3000 ita
3259 2946 3421 3002 etiam

159 3036 315 3106 gavit,
341 3037 432 3092 sed
460 3037 602 3092 Deus
624 3040 1000 3094 incrementum
1026 3042 1190 3096 dedit.
1225 3042 1351 3097 H320
1376 3053 1558 3099 autem
1579 3044 1735 3111 (ient,
1763 3040 1808 3100 C
1842 3053 1987 3094 nunc
2018 3037 2168 3093 velut
2194 3049 2348 3093 sexta
2384 3039 2635 3109 quaedam
2675 3039 2794 3093 dies
2827 3040 3064 3109 putanda
3090 3049 3175 3095 est
3204 3039 3418 3095 Domini

162 3128 208 3183 si
238 3142 335 3183 nos
365 3129 457 3198 qui
481 3131 725 3198 rigamur
757 3147 787 3183 a
825 3132 1059 3186 nubibus
1090 3142 1147 3188 et
1175 3134 1483 3191 audivimus
1509 3138 1735 3191 verbum

164 3220 279 3288 Dei,
309 3220 601 3278 aderamus
636 3223 846 3281 fructus
878 3225 997 3280 illos
1028 3241 1168 3296 quos
1195 3237 1484 3283 enumerat
1505 3231 1738 3298 Aposto-

161 3312 246 3369 lus
271 3314 338 3380 δ’,
379 3315 566 3380 idest,
615 3316 824 3387 fructus
869 3320 1114 3387 spiritus,
1160 3320 1252 3390 qui
1288 3331 1417 3376 sunt
1457 3323 1733 3391 gaudium,

161 3406 413 3472 charitas,
443 3423 573 3476 pax,
604 3409 879 3476 patientia,
912 3409 1312 3481 longanimitas,
1343 3420 1398 3467 et
1422 3422 1621 3468 ctetera
1655 3413 1738 3468 his

116 3510 134 3520 ’
161 3500 377 3556 similia.
411 3500 558 3568 Quos
609 3501 826 3557 fructus
855 3503 899 3558 si
961 3517 1242 3558 moramur
1294 3504 1509 3574 ali'erre,
1539 3521 1739 3562 veren—

160 3594 285 3648 dum
323 3602 407 3650 est
445 3610 513 3650 ne
571 3595 859 3650 mandetur
907 3596 1138 3652 nubibus
1166 3598 1452 3654 obstruere
1489 3614 1519 3652 a
1579 3598 1740 3655 nobis

161 3685 358 3742 imbres
386 3701 537 3755 suos,
588 3696 646 3742 et
700 3687 927 3758 incipiat
987 3691 1362 3761 unusquisque
1426 3702 1738 3749 sanctorum

162 3776 337 3836 facere
367 3779 502 3834 illud
533 3780 677 3849 quod
705 3781 967 3850 scriptum
998 3792 1083 3837 est
1111 3780 1157 3814 ⁸⁸
1186 3801 1200 3836 :
1230 3782 1336 3850 Qui
1386 3797 1561 3838 autem
1592 3786 1742 3839 intel-

160 3868 353 3938 ligit,in
388 3880 616 3940 tempore
641 3871 734 3926 illo
765 3873 963 3926 sedebit
1011 3883 1061 3927 et
1113 3875 1328 3940 tacebit,
1359 3878 1484 3945 quia
1538 3886 1737 3934 tempus

160 3962 354 4016 malum
384 3972 483 4017 est.
518 3962 623 4017 Sed
654 3965 968 4020 meminisse
1014 3966 1273 4020 debemus
1316 3966 1560 4022 historia:
1598 3970 1740 4021 a..ti-

162 4068 391 4122 quorum
448 4055 517 4109 de
572 4052 735 4109 famis
794 4065 1060 4126 tempore,
1130 4060 1403 4126 quomodo
1452 4061 1635 4131 justus
1686 4062 1736 4114 in

165 4162 406 4222 tempore
434 4151 595 4207 famis
642 4164 946 4208 saturatur.
999 4155 1347 4212 Conveniens
1384 4148 1514 4228 puto
1566 4158 1739 4214 futues

161 4253 281 4299 erat
308 4245 640 4312 temporibus
673 4246 803 4302 Elite
832 4249 1112 4318 prophetae
1137 4248 1202 4313 δ’,
1234 4252 1450 4319 quando
1496 4250 1738 4306 clausum

1840 3129 2011 3185 nostri
2035 3128 2162 3185 Jesn
2193 3129 2394 3185 Christi
2420 3133 2707 3194 adventus,
2745 3140 2799 3184 et
2831 3140 3041 3199 tempus
3068 3131 3170 3186 hoc
3201 3131 3422 3200 dispen-

1841 3236 2073 3292 sationis
2098 3235 2235 3306 ejus,
2298 3250 2459 3304 quam
2513 3233 2769 3304 passione
2826 3249 2921 3287 sua
2972 3233 3166 3288 hocin
3224 3235 3424 3288 sacculo

1839 3339 2180 3412 procuravit.
2229 3339 2295 3393 Et
2340 3338 2546 3392 idcirco
2585 3338 2714 3391 dum
2763 3337 2815 3389 iu
2867 3335 2958 3390 die
3002 3345 3157 3390 sexta
3210 3348 3422 3395 sumus,

1841 3434 2158 3505 Colligamus
2223 3446 2423 3485 manna
2477 3428 2798 3499 dupliciter,
2854 3437 2915 3481 ut
2965 3425 3216 3482 suilicere
3264 3426 3427 3483 nobis

1841 3524 2016 3590 possit
2044 3523 2169 3577 dum
2208 3519 2495 3575 advenerit
2526 3533 2656 3573 vera
2704 3516 2934 3573 Sabbati
2988 3517 3302 3572 observatio
3328 3533 3426 3587 po—

1838 3617 1951 3688 puli
2000 3616 2116 3671 Dei.
2146 3614 2204 3669 Si
2231 3613 2377 3668 enim
2412 3627 2520 3667 non
2546 3609 2931 3680 collegerimus
2967 3608 3209 3679 duplices
3245 3609 3421 3673 cibos,

1840 3708 1933 3778 qui
1973 3707 2128 3761 nobis
2158 3706 2290 3760 etin
2321 3701 2580 3775 praesenti
2612 3699 2814 3755 satculo
2846 3699 3115 3754 suiiiciant
3142 3709 3199 3754 et
3239 3700 3295 3754 in
3339 3700 3423 3752 fn-

1843 3809 1987 3865 turo,
2022 3798 2076 3851 in
2105 3797 2295 3853 diebus
2337 3795 2493 3850 famis
2537 3808 2641 3848 non
2679 3793 3073 3847 saturabitnur.
3130 3791 3225 3847 Sic
3276 3795 3423 3847 enim

1842 3906 1965 3946 cum
2000 3889 2135 3961 justi
2186 3886 2578 3944 saturabuntur
2618 3885 2670 3937 in
2706 3883 2901 3939 diebus
2932 3882 3091 3939 famis
3116 3922 3133 3950 ,
3179 3898 3421 3954 peccatu-

1843 4002 1950 4050 rcs,
1980 3981 2159 4052 inquit
2186 3980 2256 4045 ⁸³⁵,
2293 3979 2577 4047 peribunt;
2608 3976 2810 4029 inimici
2836 3986 3015 4028 autem
3057 3976 3268 4031 Domini
3312 3988 3419 4032 sta-

1842 4076 1934 4129 tim
1964 4085 2018 4127 ut
2047 4072 2383 4140 Itonori/icati
2416 4068 2611 4138 fuerint
2650 4078 2697 4121 et
2750 4067 2994 4132 excitati,
3026 4068 3326 4137 deﬁcientes
3372 4077 3426 4123 ut

1844 4167 2022 4237 fumus
2075 4164 2343 4232 deﬁcient.
2416 4161 2581 4213 Docet
2627 4174 2725 4212 nos
2755 4172 2936 4212 sermo
2991 4160 3203 4214 divinus
3235 4160 3426 4230 quales

1843 4266 1955 4321 sint
1981 4268 2217 4320 honores
2247 4263 2406 4331 hujus
2446 4259 2655 4315 smeuli.
2685 4258 2821 4314 Cum
2851 4260 2995 4314 enim
3024 4262 3229 4319 videris
3267 4264 3420 4318 illum

162 4347 248 4395 est
273 4338 470 4444 caelum
500 4339 684 4444 annis
709 4341 880 4396 tribus
902 4350 958 4395 el
1004 4343 1283 4398 mensibus
1323 4359 1440 4397 sex.
1505 4345 1571 4400 Et
1614 4357 1741 4400 tunc
1775 4391 1817 4444 Β
1845 4358 2082 4429 acceptis
2114 4356 2257 4411 illius
2297 4352 2593 4425 provinciae
2628 4350 2867 4406 fascibus
2908 4352 3199 4420 tumidum,
3248 4355 3414 4409 alium

70 4434 80 4443 '
162 4426 391 4497 populus
423 4427 639 4497 quidem
684 4430 1096 4498 periclitabatur
1126 4431 1291 4500 fame,
1324 4436 1419 4488 sed
1449 4434 1599 4491 Elias
1632 4454 1738 4492 non

163 4519 472 4591 patiebatur
518 4518 740 4575 famem.
788 4521 856 4576 Et
899 4530 1026 4577 tunc
1054 4523 1273 4593 quidem
1305 4522 1638 4593 pascebatur
1670 4529 1741 4584 ab

164 4611 353 4683 angelo
392 4611 460 4676 ³⁸,
486 4613 701 4682 quando
726 4621 781 4667 et
801 4613 933 4669 abiit
981 4615 1034 4669 in
1083 4616 1289 4672 virtute
1320 4633 1461 4674 esca:
1493 4619 1658 4686 illius,
1686 4632 1743 4678 et

163 4705 463 4777 permansit
495 4706 854 4777 quadraginta
881 4707 1073 4763 diebus
1097 4718 1153 4763 et
1178 4712 1540 4780 quadraginta
1567 4716 1742 4769 nocti-

166 4799 296 4863 bus;
346 4813 493 4853 uunc
527 4808 708 4853 autem
748 4800 929 4854 corvis
981 4801 1418 4860 ministrantibus
1468 4809 1739 4875 pasceba-

170 4904 256 4947 tur
281 4894 351 4957 ",
383 4910 507 4948 cum
557 4895 608 4947 ei
643 4895 695 4949 in
740 4897 1011 4951 matutino
1056 4913 1225 4966 panes
1265 4901 1541 4956 deferrent
1586 4914 1640 4959 et
1672 4906 1738 4958 ad

165 5003 448 5058 veSperum
481 5001 701 5056 carnes,
728 4997 785 5044 et
817 4989 1013 5044 iterum
1050 4990 1288 5045 refertur
1313 4993 1517 5049 bibisse
1542 5011 1741 5066 aquam

169 5083 233 5137 de
260 5091 499 5138 torrente
527 5081 749 5149 Corath,
790 5092 846 5139 et
885 5083 1099 5139 venisse
1142 5084 1196 5138 in
1231 5083 1458 5156 Sarepta
1490 5087 1742 5146 Sidonio-

172 5192 287 5232 rum
317 5178 387 5232 ad
435 5176 717 5232 mulierem
766 5177 982 5231 viduam
1030 5176 1188 5234 famis
1230 5188 1494 5251 tempore.
1537 5193 1593 5239 et
1612 5183 1739 5254 quia

169 5269 338 5340 justus
382 5278 526 5336 erat,
564 5285 673 5325 non
719 5279 806 5326 est
854 5285 1047 5340 passus
1108 5271 1347 5326 inediam
1397 5271 1596 5343 famis,
1643 5276 1738 5331 sed

172 5359 366 5432 ubique
404 5359 455 5416 ei
493 5360 821 5416 abundantia
861 5370 1059 5432 praesto
1106 5374 1259 5430 erat;
1299 5374 1460 5435 atque
1502 5380 1609 5421 uno
1641 5380 1741 5422 eo-

175 5451 399 5524 demque
443 5461 684 5524 tempore
724 5462 847 5511 erat
892 5455 1276 5525 peccatoribus
1325 5457 1525 5523 fames;
1595 5458 1741 5515 Elias

244 5662 290 5696 “
310 5662 478 5718 Amos
505 5679 579 5718 vu
619 5678 658 5727 I,
693 5663 777 5725 ii,
809 5662 900 5720 12.
974 5665 1021 5699 ⁸⁸
1050 5665 1069 5722 1
1095 5665 1221 5720 Cor.
1258 5680 1368 5733 xrv,
1410 5666 1504 5722 ‘29.
1580 5665 1675 5721 “l
1714 5664 1840 5721 Cor.
1884 5682 1965 5734 Ill,
1991 5667 2046 5723 6.

1649 5738 1695 5771 ⁸³
1722 5735 1880 5795 Joau.
1917 5754 1994 5808 Ix,
2033 5739 2088 5796 4.

181 5731 307 5805 Reg.
344 5748 479 5788 xvn.
554 5734 602 5766 ⁸⁸
630 5734 695 5790 lll
725 5734 857 5807 Reg.
889 5750 1002 5793 nx.
1080 5735 1123 5768 ⁵⁸
1153 5735 1220 5794 ιιι
1265 5731 1397 5810 Reg.
1440 5752 1572 5794 xvn.

1845 4448 2220 4506 consulatibus
2257 4448 2479 4508 elatum,
2522 4445 2689 4500 alium
2724 4444 2958 4502 diversis
3010 4447 3425 4515 magistratibus

1846 4545 2138 4609 elcvatum,
2170 4557 2292 4598 cum
2335 4554 2465 4609 ergo
2502 4553 2722 4594 omnem
2779 4539 2943 4596 istam
2978 4542 3182 4597 videris
3232 4541 3424 4596 elatio-

1848 4651 1994 4703 nem,
2037 4633 2323 4692 considera
2355 4632 2482 4702 quia
2520 4631 2840 4687 deficientes
2888 4633 3032 4690 sicut
3081 4635 3262 4690 fumus
3291 4636 3426 4691 deli-

1847 4733 2041 4787 cient:
2085 4730 2376 4785 recordare
2431 4728 2594 4783 etiam
2624 4737 2860 4798 quantos
2901 4729 2953 4783 in
2989 4730 3077 4785 his
3128 4729 3427 4786 honoribus

1849 4825 2076 4887 videris,
2121 4831 2176 4878 et
2227 4836 2403 4892 usque
2445 4823 2516 4878 ad
2569 4833 2625 4880 te
2679 4832 2882 4894 quanta
2914 4837 3011 4880 eos
3047 4823 3263 4894 fastigia
3295 4840 3428 4880 con-

1851 4916 2137 4972 scendisse
2164 4914 2502 4982 memineris,
2554 4925 2610 4971 et
2637 4917 2758 4971 vide
2794 4916 2840 4972 si
2881 4931 2986 4972 non
3037 4931 3228 4970 omnes
3266 4918 3426 4982 bene,

1851 5016 2209 5078 posteaquam
2267 5007 2491 5064 exaltati
2534 5018 2685 5075 sunt,
2729 5008 2928 5079 dejecti
2969 5008 3147 5064 denuo
3189 5017 3246 5063 et
3299 5024 3425 5078 pru-

1850 5099 2007 5156 strati
2032 5100 2176 5155 sicut
2201 5096 2383 5154 fumus
2413 5098 2751 5156 defecerunt.
2789 5099 3006 5154 Inimici
3036 5109 3213 5155 autem
3237 5100 3427 5156 Domi—

1849 5191 1904 5246 ni
1933 5191 2113 5245 statim
2138 5198 2193 5243 ut
2222 5189 2625 5244 honorabantur
2655 5201 2705 5245 et
2739 5190 3141 5259 excitabuntur,
3175 5192 3424 5261 deﬁcieno

1848 5292 1925 5337 tes
1954 5292 2009 5335 ut
2068 5283 2246 5352 fumus
2288 5281 2554 5350 deﬁcient.
2588 5282 2911 5339 Econtrario
2945 5298 3072 5339 vero
3113 5284 3276 5339 amici
3319 5286 3424 5339 lto-

1848 5372 1981 5427 mini
2015 5373 2199 5427 statim
2235 5381 2292 5426 ut
2312 5375 2610 5444 contempti
2652 5374 2851 5429 fuerint
2887 5382 2942 5428 et
2992 5375 3233 5445 despecti
3262 5387 3318 5431 et
3348 5379 3418 5430 ab

1849 5461 2160 5518 hominibus
2199 5462 2492 5531 humiliati,
2541 5480 2570 5518 a
2609 5464 2721 5521 Deo
2779 5466 3166 5522 exaltabuutur
3205 5476 3261 5524 et
3308 5469 3424 5523 eri-

2123 5669 2168 5701 "
2209 5669 2389 5726 Galat.
2448 5687 2501 5740 v,
2534 5673 2628 5728 2‘2.

2704 5674 2749 5708 ⁸⁸
2787 5674 2954 5731 Amos
2996 5693 3048 5742 v,
3094 5678 3181 5736 l5.
3255 5678 3302 5715 δ’
3358 5676 3453 5737 ιιι·

2169 5741 2387 5799 “Exod.
2419 5759 2471 5797 ιι.

2550 5745 2597 5777 ⁵³*
2631 5745 2721 5802 Ps.
2781 5762 2968 5806 xxxvi.
3018 5749 3110 5804 20.
