4020 6152
687 181 817 236 iiii?

2087 173 2178 228 EX
2205 174 2507 231 ORIGENE
3782 187 3834 235 lli

684 309 912 368 getttttt‘:
945 296 1198 365 quoniam
1239 296 1409 348 omnis
1437 296 1527 361 qui
1560 310 1613 347 se
1639 293 2242 357 exaltathumiliabilur,
2274 288 2320 344 A
2352 306 2446 344 vos
2472 292 2549 346 ⁶³;
2587 292 2691 357 Ite,
2724 295 3061 363 negotiamini
3112 308 3424 363 usquequo
3459 292 3681 347 redeam.
3706 295 3830 355 litati

683 401 727 442 et
753 390 839 459 qui
865 403 920 441 se
950 386 1192 440 httmiliat
1224 386 1548 439 exaltabitur
1581 385 1651 437 ³⁵.

747 481 833 537 ll.
862 478 991 534 Post
1022 480 1137 532 hzec
1173 478 1443 531 adduntur
1481 477 1727 546 quautam
1767 491 1887 546 quae
1928 492 2035 531 non
2075 491 2244 547 parva

680 569 920 640 indigent
942 569 1299 638 expositione,
1332 569 1408 621 ait
1435 569 1577 621 enim
1606 568 1654 599 “
1682 585 1696 622 :
1736 567 2074 621 Mutuabitur
2125 585 2247 635 pec-

679 673 826 717 cator
854 672 901 715 et
934 678 1035 715 non
1065 662 1264 725 reddet,
1286 662 1464 729 justus
1497 670 1671 713 autem
1720 663 1996 715 miseretur
2022 671 2069 715 et
2099 677 2243 714 com-

677 754 876 809 modat.
909 754 1083 808 Etiam
1120 754 1223 809 hoc
1282 755 1327 808 si
1396 754 1693 809 secundum
1728 755 1963 809 litteram
2011 756 2246 824 accipia-

675 862 815 908 mus,
850 861 954 901 non
986 847 1257 901 videbitur
1296 861 1505 900 verum.
1556 846 1704 900 Multi
1757 848 1955 900 etenim
1996 856 2246 916 peccato-

676 951 764 992 res
800 946 986 991 mutuo
1015 936 1294 1005 accipiunt
1324 936 1611 1005 pecuniam
1637 945 1692 990 et
1723 938 1952 991 reddunt
1992 953 2113 991 cum
2164 937 2245 993 fe-

675 1042 831 1095 nore,
868 1028 940 1082 ita
980 1036 1038 1082 ut
1081 1039 1134 1083 et
1179 1028 1280 1098 ipsi
1324 1029 1597 1082 interdum
1644 1029 1851 1083 lucrum
1893 1045 1957 1082 ex
2017 1031 2244 1098 pecunia

673 1136 836 1187 quam
866 1132 1214 1191 sumpserant
1247 1121 1512 1190 ceperint.
1544 1120 1742 1175 Definit
1779 1130 1959 1176 autem
1997 1121 2083 1175 hic
2111 1122 2246 1178 Pro-

675 1216 835 1282 pheta
863 1214 1047 1269 dicens
1081 1232 1094 1266 :
1136 1213 1474 1268 Mutuabitur
1506 1223 1770 1281 peccator,
1813 1223 1864 1266 et
1914 1230 2017 1267 non
2061 1215 2242 1270 solvet.

675 1305 781 1360 Sed
824 1305 869 1359 si
903 1305 1176 1373 intelligas
1203 1306 1325 1374 quis
1363 1315 1446 1359 est
1471 1304 1562 1373 qui
1611 1304 1841 1371 fenerat,
1899 1316 1956 1359 et
2013 1305 2136 1373 quis
2162 1313 2245 1359 est

675 1399 769 1465 qui
793 1397 988 1466 accipit
1027 1396 1203 1463 fenus,
1222 1406 1275 1451 et
1295 1398 1541 1467 requiras
1564 1397 1687 1466 quis
1706 1404 1790 1451 est
1813 1397 2244 1468 peccator669

673 1493 764 1560 qui
805 1506 912 1545 non
955 1491 1128 1546 reddit
1160 1488 1440 1560 pecuniam
1473 1507 1635 1560 quam
1672 1493 1941 1558 sumpsit,
1971 1491 2242 1561 intelliges

673 1589 1117 1657 consequentiam
1170 1588 1377 1643 habere
1419 1587 1559 1655 quod
1610 1587 1871 1657 scriptum
1920 1595 2024 1643 est.
2084 1584 2239 1641 Verbi

673 1680 871 1749 gratia,
905 1694 1031 1733 cum
1062 1680 1221 1733 docet
1250 1679 1450 1733 Paulus
1479 1689 1535 1732 et
1569 1679 1827 1733 assistunt
1852 1679 1901 1732 ei
1942 1680 2237 1746 auditores,

672 1770 870 1827 Paulus
913 1780 998 1825 est
1031 1773 1121 1841 qui
1152 1773 1437 1838 pecuniam
1480 1771 1689 1825 fenerat
1744 1771 2108 1835 dominicam,
2142 1787 2239 1825 au-

674 1863 879 1918 ditores
908 1872 1088 1917 autem
1120 1874 1247 1919 sunt
1276 1866 1366 1933 qui
1397 1880 1461 1919 ex
1494 1881 1589 1920 ore
1627 1865 1745 1934 ejus
1771 1865 2055 1933 pecuniam
2089 1865 2239 1919 verbi

671 1954 980 2024 suscipiunt
1020 1955 1342 2010 feneratam.
1383 1956 1448 2010 Et
1501 1958 1543 2010 si
1590 1957 1805 2026 quidem
1844 1955 2019 2023 justus
2053 1958 2239 2026 sitqui

671 2045 936 2115 suscipiat
984 2047 1150 2099 abeo
1184 2047 1491 2116 pecuniam,
1537 2047 1724 2102 reddet
1772 2048 2038 2119 integrum
2086 2050 2239 2103 fenus

670 2148 726 2192 et
752 2136 923 2193 dicet:
944 2138 1191 2208 Quinque
1216 2154 1373 2192 mnas
1408 2140 1538 2193 mihi
1570 2139 1788 2202 dedisti,
1823 2155 1948 2194 ecce
1974 2140 2237 2208 arquisivi

672 2229 811 2283 alias
842 2231 1085 2301 quinque
1113 2230 1179 2282 ⁵⁷.
1226 2230 1281 2285 Si
1307 2229 1486 2298 justus
1530 2239 1616 2285 est
1641 2270 1657 2295 ,
1688 2231 1858 2285 dicit:
1884 2229 2130 2303 Quinque
2162 2242 2239 2286 ta-

672 2322 815 2377 lenta
848 2323 975 2378 mihi
1007 2324 1228 2388 dedisti,
1261 2337 1391 2377 ecce
1424 2326 1593 2378 habes
1644 2321 1981 2385 tlcccm;vcl,
2006 2323 2123 2377 Duo
2159 2336 2240 2379 la-

673 2415 814 2470 lenta
849 2414 980 2469 mihi
1027 2414 1219 2470 dedisti
1250 2454 1266 2481 ,
1294 2429 1424 2469 ecce
1456 2417 1624 2471 habes
1659 2427 1892 2486 quatuor
1921 2416 1989 2472 ⁸⁸.
2021 2417 2077 2473 Si
2109 2401 2237 2472 vero

671 2516 924 2577 peccator
951 2516 1034 2561 est
1059 2547 1076 2574 ,
1109 2515 1360 2576 suscepto
1407 2507 1498 2562 Dei
1533 2508 1697 2562 verbo
1730 2524 1835 2562 non
1883 2518 2138 2578 operatur
2170 2523 2234 2564 ex

667 2615 734 2656 eo
766 2615 931 2671 opera
973 2598 1210 2654 mandati
1238 2639 1254 2666 ,
1283 2607 1337 2652 et
1367 2614 1472 2652 non
1509 2600 1686 2652 reddit
1729 2614 1920 2653 usuras
1942 2639 1958 2665 ,
1995 2602 2089 2653 sed
2115 2614 2239 2654 con-

668 2690 838 2743 sumit
881 2690 1060 2744 omnia
1093 2704 1211 2758 qua:
1257 2691 1466 2757 accepit
1513 2690 1565 2743 in
1625 2689 1804 2745 fenus.
1846 2691 1986 2747 Ecce
2015 2704 2068 2745 et
2097 2710 2238 2749 nunc

670 2791 767 2832 vos
794 2793 981 2833 omnes
1017 2779 1214 2846 quibus
1246 2779 1362 2832 hinc
1407 2779 1598 2846 loquor
1622 2820 1637 2845 ,
1680 2786 1959 2850 pecuniam
1991 2784 2236 2854 accipitis

668 2869 966 2927 funeratam
1007 2873 1167 2925 verba
1239 2885 1396 2933 mea,
1446 2862 1559 2926 huic
1594 2873 1820 2941 pecunia
1872 2874 2081 2928 Domini
2131 2886 2232 2929 est.

670 2967 779 3016 Aut
813 2964 854 3015 si
888 2962 1105 3018 dubitas
1128 3003 1146 3029 ,
1183 2963 1307 3016 audi
1355 2964 1678 3032 Prophetam
1712 2965 1979 3019 dicentem
2008 2967 2075 3031 ιν,
2106 2967 2232 3035 quia

660 3051 880 3123 Eloquia
909 3054 1118 3108 Domini
1143 3054 1347 3126 eloquia
1378 3067 1545 3117 casta,
1580 3068 1853 3125 argentum
1894 3058 2012 3126 igne
2042 3060 2233 3128 proba-

666 3150 778 3195 tum
809 3151 963 3197 terra:
994 3156 1277 3214 purgatum
1305 3146 1621 3213 septuplum.
1644 3146 1701 3201 Si
1721 3162 1850 3216 ergo
1874 3148 2016 3203 male
2042 3149 2233 3217 doceo,

665 3232 890 3299 pecunia
942 3248 1057 3286 mea
1111 3237 1335 3303 reproba
1373 3247 1455 3291 est
1484 3277 1499 3301 ,
1554 3241 1849 3293 secundum
1887 3240 2008 3296 illos
2038 3242 2235 3310 quibus

663 3326 866 3380 dictum
917 3335 1001 3381 cst.
1029 3327 1099 3389 ⁸ο.
1129 3338 1403 3398 argentum
1453 3341 1680 3383 vestrum
1714 3332 2006 3397 reprobum.
2036 3333 2093 3390 Si
2138 3351 2235 3390 au-

663 3427 770 3470 tem
821 3418 953 3470 bene
1003 3417 1172 3472 doceo
1206 3460 1220 3481 ,
1275 3419 1500 3487 pecunia
1541 3421 1622 3475 vel
1672 3432 1957 3491 argentum
2006 3440 2109 3479 non
2150 3434 2235 3482 est

662 3521 862 3574 meum,
891 3508 986 3564 sed
1016 3509 1227 3564 Domini
1255 3518 1358 3574 est,
1391 3518 1446 3565 ct
1484 3511 1770 3580 probatum
1797 3514 1899 3569 est.
1932 3516 2080 3572 Licet
2104 3533 2232 3590 ergo

662 3597 791 3652 mihi
826 3597 1074 3654 fenerare
1121 3600 1404 3669 pecuniam
1434 3601 1666 3669 Domini,
1698 3619 1873 3658 meam
1905 3617 2082 3662 autem
2107 3624 2233 3678 pro—

660 3691 832 3760 priam
885 3691 1169 3762 pecuniam
1222 3708 1327 3747 non
1376 3692 1540 3759 licet,
1588 3694 1712 3764 quia
1752 3696 1975 3751 verbum
2015 3698 2229 3756 Domini

658 3786 910 3855 prohibet
957 3787 1249 3841 humanam
1316 3786 1601 3856 pecuniam
1664 3786 1918 3844 fenerari.
1966 3790 2097 3856 Quae
2145 3803 2229 3849 est

657 3882 787 3945 ergo
833 3877 1067 3930 humana
1095 3917 1111 3943 ,
1149 3885 1202 3930 et
1243 3892 1362 3946 quae
1410 3878 1620 3933 Domini
1653 3880 1923 3948 pecunia?
1957 3881 2070 3954 Ego
2100 3896 2228 3955 puto

658 3966 802 4036 quod
829 3967 1096 4022 Valentini
1126 3983 1305 4022 sermo
1338 3969 1570 4023 humana
1594 3971 1825 4039 pecunia
1856 3982 1939 4028 est
1968 3985 2024 4028 et
2049 3992 2228 4045 repro-

656 4062 722 4116 ba
744 4100 762 4127 ,
793 4070 848 4114 et
878 4060 1168 4117 Marcionis
1218 4072 1269 4115 et
1305 4061 1558 4119 Basilidis
1592 4067 1818 4133 pecunia
1865 4067 2096 4121 humana
2141 4078 2226 4123 est

652 4161 708 4207 et
738 4154 991 4221 reproba,
1021 4163 1074 4208 et
1102 4154 1345 4207 omnium
1383 4154 1765 4209 haireticorum
1795 4172 1976 4213 sermo
2008 4174 2112 4212 non
2141 4170 2226 4213 est

652 4247 879 4317 probata
911 4248 1163 4315 pecunia,
1194 4262 1311 4301 nec
1339 4248 1669 4302 dominicam
1703 4249 1914 4319 integre
1946 4250 1999 4304 in
2038 4267 2098 4307 se
2125 4252 2222 4306 ha-

2349 382 2458 435 lum
2488 399 2707 438 servum
2737 387 2826 454 qui
2861 388 3151 455 pecuniam
3188 385 3586 455 multiplicare
3622 396 3840 458 contem

2347 484 2429 529 rat
2457 515 2472 540 ,
2513 476 2641 532 dicit
2675 477 2739 541 “,
2773 480 2901 548 quia
2921 478 3173 549 Oportui!
3211 488 3269 533 le
3311 480 3605 543 pecuniam
3632 496 3765 535 mean
3786 488 3840 539 όοε

2347 570 2714 624 nummulariia
2742 610 2756 632 ,
2793 578 2845 624 et
2884 587 2976 640 ego
3006 574 3232 625 veniens
3283 574 3592 640 exegissem
3628 590 3727 625 eam
3758 581 3840 642 nisi

2348 673 2466 710 cum
2509 661 2706 712 usuris.
2741 658 2847 714 Iste
2878 671 2962 715 est
2994 672 3280 729 peccator
3315 663 3422 730 qui
3476 670 3734 718 mutuatur
3750 675 3845 721 etsi

2348 745 2550 800 solvet:
2589 746 2765 814 justus
2795 758 2973 803 autem
3006 761 3316 820 acceptam
3372 753 3674 820 pecuniam
3710 761 3845 813 restitui

2347 853 2468 892 cum
2501 841 2722 905 usuris,
2774 842 2879 897 hoc
2931 853 3014 898 est
3052 854 3376 914 acceptum
3434 845 3535 898 Dei
3583 847 3848 905 verborum

2344 932 2599 999 operibus
2625 945 2995 1003 repraesentat.
3022 937 3206 992 Audis
3238 953 3584 993 sermonem
3606 941 3669 993 de
3683 943 3849 998 castius.

2346 1023 2616 1078 collaudas
2653 1027 2961 1094 doctorem,
2994 1030 3379 1098 amplecteris
3414 1029 3742 1095 doctrinam,
3762 1034 3850 1086 Ida.

2346 1114 2489 1168 raris
2520 1117 2886 1185 magisterium
2913 1158 2930 1184 ,
2982 1133 3079 1188 per
3120 1119 3259 1174 bare
3319 1120 3633 1188 suscepisti
3675 1128 3852 1189 pecuniae

2346 1208 2632 1262 castitatis.
2673 1209 2737 1263 Et
2778 1212 2820 1264 si
2849 1214 3065 1279 quidem
3098 1221 3398 1279 peccator
3440 1227 3538 1274 es,
3570 1226 3780 1280 egressus
3808 1232 3851 1268 α-

2346 1298 2564 1353 clesiam
2595 1300 2786 1357 inseris
2823 1314 2873 1356 te
2923 1303 3152 1370 negotiis
3201 1304 3628 1369 saecularibus,
3667 1306 3851 1375 excipite

2347 1390 2565 1445 lascivia
2594 1430 2608 1453 ,
2643 1395 2992 1462 subsequitur
3019 1396 3368 1450 temulentia
3397 1436 3418 1463 ,
3454 1400 3853 1467 corruptorum!»

2347 1481 2550 1535 mitium
2579 1484 2822 1537 tnalcfida
2846 1484 3140 1554 colloquia,
3168 1486 3407 1542 oblitus
3423 1487 3685 1542 continuo
3703 1491 3853 1543 omnium

2346 1589 2466 1642 quae
2509 1590 2539 1628 a
2578 1576 2797 1631 doctore
2842 1593 3164 1648 susceperas
3199 1620 3219 1645 ,
3268 1596 3408 1650 qua:
3442 1580 3853 1651 laudaveram:

2273 1670 2317 1726 B
2343 1665 2641 1720 admiratus
2671 1665 2875 1732 fueras,
2895 1677 2949 1722 et
2974 1670 3041 1723 ad
3069 1670 3364 1739 impudica
3402 1687 3626 1725 rursum
3652 1673 3852 1727 dei-alveis

2342 1768 2526 1813 scorta
2554 1798 2571 1822 ,
2609 1766 2663 1814 et
2706 1758 2933 1816 etlectus
2981 1776 3041 1816 es
3085 1772 3400 1832 peccator,
3450 1765 3550 1833 qui
3598 1775 3851 1819 mutuatum

2341 1853 2566 1907 verbum
2610 1853 2873 1907 castitatis
2910 1862 2965 1907 et
3010 1869 3117 1909 non
3166 1857 3377 1910 reddis
3424 1872 3594 1924 opera
3644 1860 3847 1911 castitatis.

2343 1942 2609 1998 Similiter
2636 1953 2691 1997 et
2715 1944 2759 1997 si
2789 1944 3027 1999 audieris
3056 1946 3298 2000 verbum
3325 1947 3578 2015 justitiae
3606 1948 3656 2002 in
3690 1948 3850 2007 ecclesia.

2338 2048 2588 2103 egressus
2622 2050 2681 2090 es
2713 2035 2893 2103 foras,
2932 2040 3176 2092 occurrit
3208 2039 3323 2093 tibi
3364 2041 3586 2094 vicinus
3611 2041 3744 2109 cujus
3764 2044 3849 2108 agri-

2339 2126 2450 2180 lum
2491 2129 2847 2197 concupieras
2869 2169 2886 2194 ,
2933 2138 2990 2184 et
3025 2130 3303 2186 continuo
3341 2132 3560 2186 oblitus
3591 2147 3752 2187 eorum
3781 2146 3849 2199 qia

2339 2218 2480 2273 dicta
2503 2228 2650 2286 sunt,
2680 2232 2737 2274 ut
2768 2220 3054 2290 cupiditati
3089 2231 3194 2276 tua!
3223 2222 3560 2277 satisfacias
3589 2225 3846 2291 invadisqtu

2338 2312 2513 2367 aliena
2533 2324 2681 2379 sunt,
2714 2323 2769 2369 et
2789 2314 2870 2369 sic
2903 2323 3177 2368 mutuatus
3205 2315 3280 2368 de
3308 2315 3539 2384 juStitia
3566 2315 3844 2385 pecuniam

2339 2406 2522 2460 reddis
2553 2422 2771 2472 usuras,
2807 2423 3038 2478 operans
3071 2422 3225 2481 gesta
3269 2412 3539 2483 justitize.
3575 2411 3657 2464 Sic
3697 2416 3842 2476 ergoet

2337 2498 2402 2553 de
2433 2499 2658 2569 singulis
2684 2501 2987 2573 quibusque
3016 2516 3302 2559 mutuatur
3338 2513 3593 2574 peccator
3611 2512 3655 2554 et
3680 2518 3762 2553 non
3779 2500 3840 2553 sa!-

2336 2599 2439 2656 vet,
2461 2592 2644 2662 justus
2674 2605 2848 2648 autem
2873 2597 3150 2651 miseretur
3169 2609 3218 2653 et
3253 2597 3572 2653 commodat
3596 2596 3655 2646 ⁸⁵.
3679 2592 3767 2647 Non
3786 2605 3837 2645 so-

2337 2682 2446 2736 lum
2471 2723 2485 2746 ,
2545 2684 2714 2753 inquit
2741 2726 2757 2750 ,
2808 2686 3019 2742 fenerat
3060 2687 3242 2755 justus
3275 2730 3292 2754 ,
3343 2689 3456 2742 hoc
3487 2698 3570 2741 est
3612 2701 3702 2739 non
3728 2680 3837 2736 solum

2336 2774 2593 2842 pratdicttt
2631 2777 2879 2842 verbum,
2911 2778 3013 2831 hoc
3044 2789 3127 2832 est
3163 2794 3273 2832 non
3308 2778 3491 2831 solum
3530 2776 3673 2830 docet
3695 2771 3832 2840 imperi

2338 2875 2442 2931 tos,
2467 2880 2654 2920 verum
2683 2867 2845 2920 etiam
2877 2869 3167 2923 miseratur
3188 2869 3475 2923 infirmos.
3504 2868 3727 2935 Sequitur
3740 2863 3831 2916 enim

2337 2956 2642 3026 exemplum
2693 2957 2906 3013 Domini
2937 2960 3169 3017 dicentis
3190 2960 3234 2992 “
3260 2977 3279 3014 :
3318 2957 3716 3015 Misericordia»:
3740 2952 3826 3006 titan

2335 3065 2492 3118 quant
2514 3048 2850 3119 sacriﬁcium.

2408 3141 2493 3195 12.
2528 3141 2666 3206 Quia
2700 3144 2790 3212 qui
2834 3142 3138 3196 benedicunt
3177 3160 3304 3198 eum
3326 3182 3345 3207 ,
3388 3136 3730 3196 hereditatium
3756 3142 3819 3183 ta-

2335 3250 2480 3299 ram;
2503 3234 2591 3303 qui
2622 3246 2795 3287 autem
2821 3234 3140 3288 maledicunt
3167 3251 3317 3300 eunt,
3341 3219 3819 3289 exterminabtuttttr“.

2334 3325 2434 3392 Qui
2465 3327 2792 3381 benedicunt
2822 3341 2967 3391 eum,
3001 3326 3054 3380 id
3086 3337 3170 3381 est
3204 3329 3301 3396 qui
3332 3319 3813 3385 benedicuntjustum.

2335 3420 2734 3476 hmreditabunt
2764 3431 2989 3475 terram.
3053 3414 3223 3483 Quam
3291 3431 3497 3474 terram
3521 3415 3649 3470 illam
3668 3412 3813 3467 bonam.

2336 3521 2538 3565 terram
2574 3509 2806 3563 multam
2842 3508 3246 3563 litereditabunt
3278 3508 3431 3562 illam
3459 3504 3685 3559 ﬂuentem
3706 3497 3811 3549 lat-ei

2334 3602 2461 3668 mel,
2498 3602 2585 3656 ubi
2615 3611 2744 3655 sunt
2767 3602 2905 3656 bona
2941 3601 3033 3656 illa
3065 3617 3186 3672 qua:
3227 3617 3361 3656 vere
3392 3601 3529 3655 bona
3559 3602 3695 3658 sunt,
3717 3589 3811 3643 illam

2331 3696 2680 3766 possidebunt
2728 3693 2820 3763 qui
2873 3694 3203 3750 benedicunt
3230 3694 3443 3762 justum
3468 3733 3483 3758 ,
3519 3684 3807 3743 maledicentes

2333 3803 2461 3841 vero
2500 3802 2619 3841 eum
2654 3787 3189 3841 exterminabuntur.
3234 3784 3304 3838 Et
3340 3784 3493 3838 vobis
3522 3789 3682 3849 parum
3707 3769 3807 3822 vide-

2332 3890 2419 3933 tnr
2452 3879 2720 3932 interdum
2755 3878 2892 3933 male
2929 3878 3075 3948 loqui
3106 3878 3173 3931 de
3203 3878 3447 3942 sanctis,
3479 3883 3530 3928 et
3566 3865 3799 3940 perime“

2328 3974 2483 4028 vobis
2511 3973 2693 4027 dicere
2728 3973 2793 4026 de
2822 3973 3001 4026 servis
3034 3972 3150 4033 Dei,
3175 3970 3270 4025 Ille
3302 3972 3427 4025 talis
3449 3978 3500 4023 et
3524 3964 3631 4018 talis
3650 3965 3728 4017 εει,
3747 3949 3802 4007 ille

2330 4065 2482 4136 litigii.
2508 4107 2524 4132 ,
2559 4076 2613 4118 et
2642 4065 2733 4119 ille
2767 4064 3021 4119 saculum
3056 4065 3235 4135 diligit
3259 4105 3276 4129 ,
3314 4064 3403 4119 ille
3428 4069 3590 4117 autem
3617 4054 3794 4119 impositi!

2326 4168 2430 4224 est,
2468 4173 2574 4212 non
2608 4161 2767 4213 audis
2796 4159 2922 4227 quia
2961 4158 3053 4228 qui
3087 4158 3421 4214 maledicunt
3445 4157 3647 4224 justum,
3673 4150 3793 4197 extet-

2326 4251 2726 4305 minabuntur?
2757 4252 2863 4305 Aut
2906 4251 2950 4306 si
2983 4252 3085 4306 hoc
3114 4266 3306 4321 parum
3336 4250 3484 4305 vobis
3509 4244 3702 4297 videtur,
3724 4244 3785 4283 all-

652 4343 740 4395 bet
768 4340 1015 4410 figuram,
1048 4339 1141 4393 sed
1169 4340 1491 4408 adulteram,
1520 4355 1661 4408 quae,
1683 4350 1738 4395 ut
1765 4341 1834 4394 ita
1852 4341 2217 4406 dicam,extra
2249 4357 2293 4412 ι)
2326 4344 2435 4397 dite
2482 4342 2607 4397 alibi
2662 4342 2829 4396 Deum
2876 4344 3146 4398 dicentem
3164 4343 3444 4410 adjustum
3461 4325 3787 4385 “’"dnimicu

652 4443 925 4488 monetam
977 4431 1049 4485 ita
1103 4429 1331 4501 ﬁgurata
1370 4440 1492 4495 est,
1542 4431 1670 4500 quia
1721 4440 1873 4485 extra
1922 4431 2214 4487 Ecciesiam

647 4524 949 4596 composita
987 4532 1092 4578 est.
1141 4522 1195 4576 Si
1234 4533 1413 4576 autem
1444 4523 1646 4577 videris
1693 4524 1925 4593 aliquem
1980 4539 2082 4577 non
2119 4539 2215 4579 sua

647 4616 891 4689 pr0pria,
920 4614 1014 4668 sed
1047 4613 1140 4668 Dei
1172 4615 1336 4667 verba
1368 4613 1799 4682 proloquentem,
1832 4614 1923 4683 qui
1954 4630 2081 4670 vere
2120 4630 2218 4669 au-

646 4707 770 4760 deat
807 4705 986 4760 dicere
1010 4704 1056 4737 “
1087 4720 1103 4758 :
1143 4704 1224 4758 An
1256 4706 1656 4772 probamentum
1694 4707 1933 4775 quiet-itis
1962 4706 2076 4776 ejus
2114 4709 2207 4778 qui

643 4799 702 4853 iit
739 4814 821 4856 me
850 4799 1088 4864 toquit'ur
1117 4794 1335 4863 Christi,
1366 4796 1505 4850 scito
1553 4798 1681 4864 quia
1716 4797 1818 4852 iste
1853 4798 2059 4853 fenerat
2086 4799 2211 4868 qui-

645 4892 789 4956 dem,
821 4897 876 4943 et
915 4905 1022 4943 non
1056 4903 1234 4953 suam,
1269 4889 1361 4943 sed
1396 4888 1609 4942 Domini
1656 4892 1944 4957 pecuniam
1978 4889 2209 4957 fenerat,

641 4993 697 5038 et
725 4980 859 5037 facit
897 4981 1028 5036 illud
1065 4983 1211 5049 quod
1243 4981 1505 5050 scriptum
1534 4989 1618 5034 est
1647 4981 1723 5035 ⁶¹τ
1762 4981 1895 5037 Τοια
1935 4985 2020 5038 die
2058 4986 2215 5039 mise-

2322 4448 2410 4485 ero
2463 4432 2691 4485 inimicis
2746 4435 2886 4496 tuis,
2936 4442 2984 4486 et
3036 4433 3357 4488 adversabor
3399 4421 3667 4485 adversariis
3701 4425 3778 4467 ‘6“-

2325 4523 2533 4578 Videtis
2555 4524 2741 4592 quanti
2772 4525 2998 4593 periculi
3028 4529 3101 4580 sit
3129 4525 3397 4580 inimicari
3423 4520 3588 4594 justis,
3606 4510 3672 4565 vel
3696 4501 3782 4605 uult
3886 4501 3896 4605 ;

2324 4614 2472 4684 loqui
2505 4590 2821 4670 deisanctis.
2861 4616 2918 4669 Si
2954 4617 3099 4670 enim
3125 4631 3251 4671 vere
3277 4590 3536 4673 credimus
3562 4602 3662 4662 illud
3682 4590 3775 4665 ‘le

2323 4708 2459 4762 dixit
2488 4708 2745 4763 Dominus
2779 4709 2845 4762 de
2872 4724 3197 4779 unoquoque
3239 4721 3508 4765 servorum
3544 4685 3772 4756 sumunt":

2311 4799 2447 4869 quia
2470 4797 2695 4863 Esurivi,
2721 4806 2770 4852 et
2802 4816 2905 4852 non
2940 4802 3157 4854 dedistis
3185 4799 3313 4854 mihi
3344 4799 3648 4854 manducare,
3672 4787 3767 4834 tie-1

2321 4907 2439 4961 quae
2470 4891 2620 4946 addit
2656 4903 2712 4945 et
2741 4891 2895 4957 dicit,
2944 4892 3070 4962 quia
3103 4892 3196 4961 qui
3243 4894 3335 4947 uni
3364 4907 3428 4947 ex
3472 4879 3665 4942 minimis
3684 4876 3772 4924 tm

2320 4982 2452 5037 fecit
2476 5023 2492 5049 ,
2522 4982 2651 5036 mihi
2683 4982 2810 5036 fecit
2833 5024 2850 5047 ,
2890 4999 3228 5054 consequens
3262 4994 3348 5039 est
3390 4990 3446 5037 ut
3471 4989 3521 5034 et
3546 4976 3624 5029 hoc
3642 4966 3764 5019 άῖαίτ

641 5084 787 5128 retur
819 5081 869 5127 et
897 5072 1121 5142 fenerat,
1159 5072 1365 5126 habens
1395 5071 1777 5127 auctoritatem
1823 5073 2101 5130 fenerandi
2144 5077 2212 5132 ab
2310 5078 2410 5146 Qui
2434 5079 2843 5134 maledicebatis
2863 5081 3019 5145 mihi,
3050 5081 3418 5137 detrahebatis
3438 5080 3498 5133 de
3518 5086 3603 5131 me,
3625 5072 3664 5118 et
3679 5056 3764 5113 falsi

641 5166 758 5238 ipso
778 5164 879 5220 sibi
908 5179 1030 5220 meo
1052 5165 1161 5219 Deo
1181 5162 1307 5219 Jesu
1339 5162 1558 5219 Christo
1579 5163 1783 5219 datam.
1816 5165 1933 5237 lpse
1957 5177 2040 5223 est
2064 5170 2212 5224 enim

642 5259 902 5314 Dominus
932 5259 1021 5328 qui
1048 5258 1103 5312 in
1135 5256 1391 5327 parabola
1416 5258 1540 5312 data
1573 5260 1804 5329 pecunia
1841 5261 1971 5315 dicit
2002 5263 2064 5315 ad
2097 5276 2213 5316 ser-

2317 5181 2503 5225 coutra
2531 5187 2614 5225 me
2643 5157 3028 5240 loquebamini,
3051 5183 3105 5228 et
3133 5172 3463 5230 accusabatis
3485 5180 3573 5223 me.
3594 5151 3690 5213 Etsi
3710 5147 3760 5200 dt-

2319 5265 2599 5319 xerimus:
2634 5265 2860 5321 Domine
2889 5307 2904 5332 ,
2943 5270 3158 5337 quando
3201 5269 3301 5323 tibi
3333 5260 3680 5323 malediximus,

3703 5245 3763 5295 aut

699 5484 744 5514 ⁵³
773 5484 902 5539 Luc.
931 5500 1039 5545 xw,
1076 5484 1159 5537 11.
1237 5482 1283 5514 ⁵⁸
1308 5481 1448 5536 Psal.
1481 5497 1663 5541 xxxvr.
1696 5481 1785 5535 21.
1825 5482 1831 5489 “
1864 5481 1906 5512 ⁵⁷
1937 5479 2065 5534 Luc.
2097 5496 2206 5541 XIX,

2402 5479 2449 5511 δε
2484 5477 2670 5534 Matth.
2704 5496 2828 5542 xxv,
2850 5479 2920 5535 ρο
2943 5488 2999 5535 et
3021 5481 3111 5535 ea.
3186 5480 3231 5513 ω
3253 5481 3393 5537 Psal.
3423 5494 3487 5539 χι,
3516 5470 3584 5527 t7.
3640 5450 3756 5545 "’3?

631 5573 681 5607 v.
723 5555 775 5607 5.
873 5557 914 5586 ⁶¹
949 5554 993 5607 ll
1020 5554 1143 5609 Cor.
1175 5569 1293 5618 xm,
1323 5554 1374 5607 5.
1472 5553 1681 5607 “Psal.
1713 5569 1892 5613 xxxvi,
1925 5552 2012 5605 26.

2110 5552 2155 5582 ⁵³
2188 5551 2315 5604 Luc.
2361 5565 2469 5611 XIX,
2501 5552 2586 5604 15.

2685 5518 3111 5614 οῖἰἰίιιῖἧῖέςὲἔξ
3143 5552 3233 5606 27.
3254 5518 3276 5537 ³
3296 5518 3672 5606 mtuam.
3696 5518 3750 5575 2t-

632 5627 677 5658 “
705 5625 895 5680 Matth.
926 5641 999 5686 ιχ,
1035 5627 1133 5687 15ς
1164 5623 1287 5681 Ose.
1317 5641 1392 5688 vr,
1424 5624 1477 5680 6.
1553 5624 1597 5655 ⁸⁷
1625 5624 1767 5680 Psal.
1806 5639 1983 5687 xxxvi,
2009 5623 2097 5677 22.
2176 5624 2232 5662 ⁸⁸·

2330 5620 2497 5676 Exod.
2535 5636 2686 5683 χχιιι,
2717 5621 2804 5676 ‘22.
2880 5623 2926 5653 το
2959 5622 3142 5678 Matth.
3180 5639 3300 5681 xxv.
3338 5624 3407 5678 «i2

3876 6125 3900 6141 η
