4020 6152
260 237 396 291 Ιῧω

932 223 1241 282 SELECTA
1264 220 1331 276 1N
1365 216 1705 275 PSALMOS.
1733 246 1799 256 -—
1843 216 2081 273 llOMlL.
2115 217 2182 272 IV
2224 217 2288 271 lN
2325 217 2518 272 PSAL.
2559 214 2798 269 XXXVI.

3367 176 3506 269 4:50

252 359 479 429 quando
509 350 882 413 detraximus;
916 355 1008 400 aut
1037 344 1252 415 quando
1277 341 1408 396 falsa
1445 350 1634 393 contra
1671 345 1721 388 te
1748 334 1821 385 lo-
1863 336 1900 390 A
1935 343 2178 388 ratorum
2213 336 2396 401 sudes,
2430 343 2545 389 tum
2572 333 2770 388 deinde
2799 343 3057 399 scrupeas
3094 329 3348 397 nequitiae
3375 347 3505 387 cau-

250 452 368 507 cuti
396 446 625 505 sumus?
657 455 786 498 tunc
820 441 962 496 dicet
991 439 1059 493 ad
1093 452 1189 490 nos
1209 436 1286 489 ἠε
1317 433 1481 485 Amen
1514 429 1631 483 dico
1658 426 1824 487 vobis,

252 547 385 618 quia
431 543 569 614 quod
602 539 801 609 fecistis
843 536 937 588 uni
980 549 1044 587 ex
1095 532 1222 584 meis
1261 525 1529 588 minimis,
1575 521 1705 575 mihi
1754 517 1829 581 fe-

252 641 425 698 cistis.
474 635 632 691 Sicut
673 632 821 688 enim
868 629 1062 685 dantes
1097 626 1429 680 manducare
1469 619 1562 673 ttni
1610 632 1674 671 ex
1714 613 1832 668 istis

256 735 392 791 mihi
423 730 654 793 fecistis,
684 736 739 781 et
768 725 964 779 dantes
986 724 1174 778 bibere
1205 719 1295 772 uni
1320 732 1386 771 ex
1416 714 1536 769 istis
1566 710 1696 766 mihi
1739 708 1832 761 de-

254 829 438 892 distis,
457 832 512 879 et
536 818 977 878 sicuuinduentes
998 829 1164 870 unum
1186 827 1250 866 ex
1275 809 1420 873 istis,
1435 822 1520 861 me
1542 802 1827 865 induistis;

255 920 334 973 ita
362 913 745 971 maledicentes
781 911 873 963 uni
904 921 972 962 ex
998 905 1150 967 istis,
1184 901 1316 956 mihi
1352 895 1736 959 maledixistis,
1776 900 1833 945 et

254 1009 308 1065 si
347 1005 706 1064 benedixistis
734 999 819 1056 vel
857 995 1167 1054 honorastis
1218 1007 1385 1047 unum
1434 1005 1503 1045 ex
1533 987 1621 1043 his
1647 1027 1665 1053 ,
1696 982 1830 1040 mihi

254 1094 642 1163 benedixistis,
672 1107 727 1150 et
750 1109 837 1149 me
865 1087 1201 1151 honorastis,
1230 1085 1372 1141 sicut
1398 1092 1454 1138 et
1480 1079 1607 1136 alibi
1638 1076 1836 1132 nihilo-

256 1198 440 1253 minus
470 1193 698 1249 dicit":
738 1189 841 1257 Qui
876 1204 961 1243 vos
1000 1184 1203 1252 recipit,
1239 1199 1320 1237 me
1356 1179 1571 1247 recipit;
1597 1182 1652 1230 et
1682 1192 1694 1228 :
1728 1169 1832 1239 Qui

257 1306 350 1344 ros
376 1287 609 1355 spernit,
650 1299 731 1337 me
768 1279 985 1350 spernit.
1036 1275 1330 1344 PrOpterea
1384 1283 1514 1337 ergo
1548 1263 1829 1322 continea-

261 1397 384 1436 mus
404 1380 641 1446 linguam
666 1384 932 1439 nostram,
955 1379 1006 1426 et
1025 1382 1214 1426 servos
1239 1363 1449 1421 Domini
1475 1360 1828 1423 admiremur,

260 1480 317 1527 et
351 1469 741 1528 benedicamus
762 1465 960 1535 justos,
988 1469 1043 1517 et
1070 1470 1349 1527 nunquam
1383 1451 1737 1508 detrahamus
1765 1446 1833 1501 de

258 1567 343 1621 eis
369 1607 384 1632 ,
420 1578 522 1620 nec
565 1562 868 1632 aperiamus
901 1553 1066 1628 67o
1091 1565 1154 1606 os
1182 1555 1431 1604 nostrum
1468 1544 1537 1600 ad
1578 1543 1723 1597 male
1750 1539 1830 1595 lo-

261 1663 560 1732 quendum,
581 1672 650 1711 ue
676 1654 816 1709 forte
840 1647 1284 1708 exterminemur,
1312 1639 1407 1696 sed
1426 1637 1826 1695 benedicamus,

263 1727 324 1809 ut
353 1762 408 1809 et
435 1766 533 1807 nos
557 1745 984 1806 benedictionem
1007 1748 1402 1806 consequamur
1428 1746 1527 1801 per
1556 1727 1830 1784 Christum

268 1847 555 1901 Dominum
594 1850 840 1897 nostrum
867 1877 882 1903 ,
929 1834 1018 1890 cui
1047 1841 1133 1889 est
1170 1828 1341 1901 gloria
1390 1834 1443 1881 et
1485 1828 1730 1895 potestas
1777 1817 1830 1870 in

266 1941 462 1997 saecula
491 1933 830 1993 saeculorum.
867 1929 1062 1984 Amen.

850 2066 1132 2128 IIOMILIA
1160 2064 1249 2120 IV.

272 2176 346 2234 De
365 2178 546 2234 eodem
582 2186 784 2246 psa.mo
806 2208 821 2231 .
871 2166 939 2246 ab
986 2162 1082 2245 illa
1106 2170 1254 2246 parte
1278 2172 1296 2211 :
1323 2174 1357 2246 ‹¹
1373 2152 1525 2222 Apud
1552 2147 1833 2205 Dominum

616 2255 826 2314 gressus
864 2233 1092 2289 hominis
1123 2231 1478 2298 diriguntur.»

339 2334 385 2389 Α
418 2311 666 2396 Domino,
705 2326 874 2397 inquit
906 2324 974 2389 “,
1000 2335 1208 2392 gressus
1244 2314 1471 2370 hominis
1517 2311 1834 2381 diriguntur.

271 2432 339 2487 Et
365 2428 492 2483 alibi
539 2427 592 2480 in
624 2424 727 2478 hoc
755 2419 959 2490 psalmo
1007 2413 1139 2469 dicit
1163 2413 1229 2467 de
1263 2405 1539 2480 gressibus
1571 2402 1703 2472 justi
1733 2402 1839 2456 hoc

269 2522 433 2579 modo
458 2518 539 2571 7":
579 2515 686 2570 Lex
710 2513 808 2568 Dei
838 2513 952 2581 ejus
980 2509 1034 2562 in
1075 2504 1228 2560 corde
1266 2501 1455 2571 ipsius,
1495 2508 1541 2552 et
1587 2512 1689 2550 non
1719 2504 1839 2557 sap-

269 2611 650 2683 plantabuntur
684 2618 892 2675 gressus
950 2599 1088 2668 ejus.
1141 2593 1247 2650 Sed
1275 2604 1330 2648 et
1359 2592 1411 2645 in
1440 2585 1839 2659 septuagesimo

270 2679 510 2763 secundo
544 2697 749 2770 psalmo
783 2693 981 2748 dicitur
1014 2688 1094 2743 7‘:
1150 2684 1493 2740 Paulominus
1530 2679 1685 2753 effusi
1717 2685 1837 2731 sunt

270 2810 479 2867 gressus
510 2791 627 2844 mei.
661 2787 889 2842 Grcssus
916 2796 1044 2850 ergo
1087 2793 1115 2832 a
1151 2774 1446 2848 gradiendo
1475 2770 1836 2834 nominamus,

272 2860 569 2943 secundum
595 2880 726 2936 illud
755 2877 899 2948 quod
929 2877 983 2928 in
1017 2871 1204 2926 Exodo
1244 2868 1507 2937 scriptum
1537 2871 1656 2930 est,
1694 2860 1837 2931 quod

273 2982 482 3053 Moyses
511 2978 644 3033 vidit
672 2974 941 3029 ﬂammam
973 2966 1117 3039 ignis
1154 2974 1209 3020 et
1243 2961 1644 3033 angelum,cum
1673 2955 1839 3011 rubus

273 3082 494 3135 arderet
516 3073 758 3145 quidem,
788 3069 882 3124 sed
909 3080 1016 3120 non
1045 3060 1486 3121 combureretur,
1513 3063 1569 3109 et
1593 3051 1731 3108 dixit
1756 3050 1801 3081 ’⁷⁷
1825 3070 1835 3104 ;
1865 3041 1910 3099 C

279 3168 592 3243 Digrediens
622 3165 737 3220 sive
777 3158 1041 3215 transiens
1073 3152 1255 3207 videbo
1301 3149 1550 3204 visionem
1592 3158 1839 3214 magnam

272 3233 430 3316 hanc.
474 3259 554 3313 Ex
580 3259 685 3311 hoc
716 3265 846 3322 ergo
875 3248 995 3303 loco
1025 3243 1238 3299 occasio
1264 3240 1423 3296 nobis
1452 3239 1610 3293 datur
1640 3233 1840 3289 intelli-

273 3358 470 3431 gentiae
498 3368 685 3410 eorum
724 3362 844 3419 quae
874 3344 1139 3401 habemus
1173 3342 1226 3395 in
1262 3337 1537 3394 manibus.
1576 3332 1746 3401 Igitur
1774 3328 1841 3384 de

271 3421 360 3507 his
389 3462 511 3517 qua:
534 3447 589 3500 in
617 3444 803 3498 Exodo
830 3439 1033 3507 scripta
1063 3430 1506 3494 memoravimus,
1538 3425 1591 3481 id
1623 3431 1729 3489 est,
1758 3421 1842 3475 di-

270 3540 510 3611 grediens
563 3535 745 3591 videbo
789 3532 1041 3586 uisionem
1101 3528 1261 3581 istam
1315 3535 1562 3591 magnam
1591 3556 1608 3584 ,
1655 3513 1841 3571 audivi

272 3632 560 3702 quemdam
597 3628 663 3683 de
693 3624 1029 3695 sapientibus
1063 3629 1189 3675 ante
1230 3633 1331 3673 nos
1370 3617 1640 3671 dicentem
1671 3650 1687 3677 ,
1718 3625 1841 3665 cum

271 3725 589 3791 explanaret
617 3722 761 3775 hunc
788 3717 991 3782 locum,
1017 3714 1144 3785 quia
1173 3726 1279 3768 non
1308 3718 1392 3764 est
1412 3704 1667 3778 possibile
1691 3702 1843 3773 prius

274 3820 460 3874 videre
492 3819 664 3872 visum
696 3824 971 3883 magnum,
1000 3808 1052 3863 id
1089 3814 1173 3862 est
1215 3801 1418 3858 intueri
1449 3806 1610 3869 atque
1637 3794 1844 3866 perspi-

276 3925 403 3966 cere
452 3922 643 3980 magna
696 3902 950 3977 mysteria
1005 3896 1173 3953 stanti
1229 3895 1281 3948 in
1326 3888 1742 3947 conversatione
1789 3895 1845 3938 et

279 4003 491 4057 actibus
525 3977 712 4054 mundi
757 3995 957 4066 hujus:
1003 3989 1099 4046 sed
1149 3984 1384 4041 transire
1430 3987 1648 4051 Oportet
1691 3977 1844 4047 prius

278 4096 347 4149 ab
377 4094 481 4157 his,
511 4101 565 4146 et
594 4088 977 4145 transcendere
1001 4082 1179 4139 omnia
1206 4076 1509 4142 saacularia,
1540 4084 1597 4129 et
1624 4083 1842 4128 sensum

277 4195 523 4241 nostrum
556 4197 622 4237 ac
651 4189 884 4236 mentem
915 4178 1138 4232 liberam
1178 4171 1295 4227 ﬁeri
1319 4208 1336 4235 ,
1373 4176 1429 4225 et
1467 4180 1595 4221 tunc
1627 4163 1694 4218 ad
1723 4177 1841 4216 ma-

276 4288 502 4347 gnarum
540 4284 596 4329 et
623 4267 949 4341 spiritalium
1004 4277 1186 4319 rerum
1232 4260 1486 4314 intuitum
1518 4251 1841 4324 pervenire,

1934 433 2035 487 tes,
2063 435 2119 479 et
2150 425 2356 480 lubrica
2380 433 2436 479 et
2462 435 2732 493 praerupta
2767 421 3045 477 vitiorum.
3070 418 3203 476 Cum
3234 435 3365 476 vero
3390 422 3507 476 haec

1933 514 2099 569 etiam
2129 518 2385 583 evaserit,
2416 529 2633 585 semper
2661 514 2729 568 ad
2762 528 2825 569 ea
2854 528 2975 583 quae
3006 513 3059 566 in
3097 520 3256 568 antea
3287 522 3412 567 sunt
3446 529 3507 567 se

1931 604 2229 659 extendens
2257 643 2274 670 ,
2322 604 2501 660 minus
2528 611 2700 658 restat
2747 601 2967 656 malitiae
2994 640 3015 667 ,
3064 610 3121 655 et
3151 614 3312 656 omne
3359 603 3505 671 quod

1930 695 2146 764 prolicit
2192 695 2335 761 viae;
2385 694 2433 750 si
2464 704 2639 749 tamen
2689 692 2989 749 incedendo
3034 693 3248 749 cautius
3286 707 3508 765 gressus

1930 801 2059 842 suos
2096 786 2472 843 observaverit
2522 800 2593 841 ne
2630 785 2889 855 labatur,
2933 795 2992 840 ut
3029 785 3237 856 singula
3277 802 3506 857 quaeque

1932 877 2242 948 digrediens
2274 877 2494 932 malitiae
2528 876 2669 944 loca,
2701 877 2775 930 ita
2807 885 2868 930 ut
2908 890 3016 949 non
3048 875 3285 931 oll'endat
3313 877 3504 947 pedem

1932 984 2085 1023 suum
2116 970 2169 1023 in
2197 984 2285 1037 ea,
2314 970 2609 1025 secundum
2644 969 2747 1022 hoc
2772 971 2913 1038 quod
2941 967 2995 1021 in
3028 969 3217 1024 Exodo
3241 970 3507 1040 scriptum

1929 1066 2056 1124 est,
2099 1060 2284 1115 videre
2314 1060 2486 1130 possit
2535 1059 2797 1112 visionem
2834 1074 3108 1128 magnam.
3147 1058 3318 1115 Nemo
3360 1059 3506 1114 enim

1931 1152 2106 1208 adhuc
2155 1151 2250 1221 qui
2299 1152 2354 1206 in
2405 1151 2613 1206 malitia
2647 1161 2770 1215 est,
2818 1142 2919 1206 nec
2946 1150 3246 1220 digreditur
3281 1165 3406 1205 eam
3452 1160 3509 1206 et

1936 1244 2152 1310 transit,
2177 1244 2378 1313 poterit
2407 1244 2670 1298 visionem
2698 1243 2858 1296 istam
2888 1256 3135 1312 magnam
3167 1252 3505 1296 secretorum

1931 1332 2050 1401 Dei,
2086 1334 2328 1388 scientiae
2358 1333 2570 1388 scilicet
2601 1342 2654 1387 et
2680 1333 2983 1403 sapientia,
3020 1331 3288 1387 contueri.
3316 1331 3508 1401 Magna

1931 1439 2061 1495 ergo
2094 1434 2180 1480 est
2216 1423 2356 1479 visio
2377 1462 2394 1489 ,
2439 1439 2561 1478 cum
2594 1438 2732 1494 puro
2762 1424 2926 1478 corde
2953 1422 3097 1478 Deus
3129 1422 3358 1478 videtur.
3394 1423 3509 1477 Ma-

1931 1533 2032 1588 gna
2059 1527 2142 1572 est
2175 1517 2316 1571 visio
2361 1532 2484 1571 cum
2529 1532 2668 1586 puro
2698 1516 2864 1571 corde
2895 1513 3126 1572 verbum
3159 1514 3254 1570 Dei
3282 1555 3298 1581 ,
3330 1524 3387 1570 et
3420 1530 3511 1570 sa-

1932 1609 2138 1678 pientia
2164 1608 2259 1663 Dei
2291 1609 2382 1677 qui
2413 1618 2500 1663 est
2522 1608 2775 1679 Christus
2806 1607 2923 1677 ejus
2951 1607 3282 1678 agnoscitur.
3317 1606 3509 1678 Magna

1936 1700 2072 1757 visio
2098 1709 2181 1757 est
2211 1714 2507 1771 agnoscere
2532 1709 2590 1755 et
2619 1701 2841 1755 credere
2863 1700 2916 1754 in
2942 1698 3202 1768 Spiritum
3229 1708 3504 1756 sanctum.

1935 1794 2126 1865 Magna
2165 1806 2296 1863 ergo
2326 1792 2446 1847 htec
2494 1792 2634 1847 visio
2667 1792 2895 1847 scientia
2946 1790 3230 1845 Trinitatis
3258 1802 3362 1845 est.
3396 1790 3507 1847 Ve-

1934 1894 2238 1940 rumtamen
2296 1886 2460 1939 etiam
2514 1883 2726 1955 Moyses
2768 1893 2899 1939 tunc
2948 1881 3168 1936 videbat
3212 1882 3267 1936 in
3322 1881 3509 1937 Exodo

1934 1980 2111 2034 visum
2141 1992 2422 2047 magnum,
2454 1986 2505 2033 et
2537 1975 2761 2045 angelus
2788 1975 2989 2030 dicitur
3014 1973 3106 2044 qui
3134 1972 3421 2029 videbatur
3452 1975 3506 2028 iu

1936 2070 2071 2126 rubo
2115 2071 2168 2124 in
2209 2070 2332 2139 igne
2358 2108 2376 2134 ,
2407 2077 2463 2124 et
2509 2082 2760 2138 magnam
2791 2081 2912 2121 eam
2949 2064 3214 2120 visionem
3249 2065 3505 2137 appellat.

1938 2160 2275 2231 lutelligebat
2296 2160 2440 2215 enim
2474 2159 2596 2229 quis
2624 2165 2769 2213 esset
2804 2157 2858 2213 in
2888 2154 3392 2226 angelo.,ConIinuo
3415 2157 3510 2212 de-

1938 2253 2104 2323 nique
2146 2253 2279 2307 dicit
2308 2254 2375 2307 ad
2404 2251 2576 2306 Deum
2600 2250 2684 2306 7°:
2722 2247 2833 2320 Ego
2875 2263 2994 2302 sum
3025 2246 3167 2302 Deus
3202 2249 3509 2313 Abraham,

1936 2354 1984 2399 et
2018 2342 2161 2399 Deus
2190 2343 2369 2410 Isaac,
2410 2352 2459 2398 et
2488 2341 2631 2396 Deus
2659 2340 2850 2395 Iacob.
2881 2339 3016 2395 Vide
3046 2352 3178 2408 ergo
3211 2353 3373 2409 quam
3401 2355 3510 2396 ma-

1937 2452 2041 2506 gna
2076 2437 2147 2492 sit
2174 2437 2315 2492 visio
2360 2436 2517 2501 haec,
2557 2433 2806 2504 quamvis
2851 2441 2906 2486 et
2937 2431 3040 2486 hoc
3076 2430 3250 2500 ipsum
3286 2432 3356 2485 sit
3395 2448 3510 2487 ma-

1937 2543 2098 2599 gnum
2129 2528 2271 2583 scire
2300 2528 2445 2598 quod
2475 2527 2615 2581 Deus
2663 2523 2797 2579 facit
2835 2522 3053 2594 angelos
3097 2538 3220 2576 suos
3252 2524 3471 2590 spiritus
3491 2563 3510 2588 ,

1938 2633 1986 2676 et
2032 2622 2303 2675 ministros
2339 2637 2462 2674 suos
2511 2621 2683 2699 ignem
2732 2626 2970 2672 urentem
3011 2616 3081 2668 ⁷⁸.
3115 2614 3181 2669 Et
3215 2630 3358 2670 nunc
3390 2617 3506 2686 qui-

1940 2717 2061 2771 dem
2091 2711 2260 2784 Moysi
2278 2712 2457 2768 adhuc
2495 2709 2735 2781 pascenti
2757 2723 2951 2780 pecora
2968 2707 3159 2763 Jethro
3190 2708 3366 2763 soceri
3402 2709 3511 2773 sui,

1939 2819 1993 2863 et
2019 2804 2286 2877 gradienti
2331 2801 2412 2858 vel
2447 2800 2752 2857 transeunti
2781 2801 2848 2855 ab
2884 2799 2988 2867 his,
3023 2815 3216 2869 magna
3243 2808 3328 2854 est
3376 2800 3512 2855 visio

1940 2903 2057 2955 lucc
2080 2938 2096 2962 ,
2127 2899 2179 2952 in
2210 2910 2319 2966 qua
2348 2895 2398 2951 ei
2428 2893 2651 2964 angelus
2685 2880 2888 2949 dicitur
2921 2906 3200 2961 apparere.
3234 2890 3290 2945 Si
3329 2900 3511 2948 autem

1943 2993 2103 3046 etiam
2136 3004 2283 3043 mare
2306 2986 2548 3042 Rubrum
2577 2985 2879 3049 transierit,
2904 2991 2959 3037 et
2991 2984 3240 3038 columna
3262 2998 3388 3038 eum
3416 3001 3513 3038 nu-

1942 3085 2028 3140 bis
2058 3081 2332 3139 obtexerit
2352 3120 2368 3146 ,
2398 3089 2453 3134 et
2486 3077 2657 3132 futuri
2686 3074 2942 3145 baptismi
2981 3074 3287 3129 adoraverit
3331 3090 3514 3130 sacra-

1940 3183 2147 3240 menta,
2172 3184 2300 3228 tunc
2323 3174 2488 3228 etiam
2513 3169 2779 3239 majorem
2804 3168 3068 3223 visionem
3087 3169 3286 3237 poterit
3304 3167 3513 3222 videre.

1941 3264 2278 3337 ingredietur
2311 3262 2458 3317 enim
2510 3257 2795 3329 caliginem
2840 3264 2897 3310 et
2928 3254 3198 3310 turbinem
3222 3294 3240 3320 ,
3269 3255 3361 3310 ubi
3393 3269 3516 3311 esse

1942 3359 2060 3428 ipse
2086 3356 2285 3412 dicitur
2312 3354 2454 3409 Deus
2472 3393 2490 3419 ,
2516 3350 2611 3406 ubi
2638 3349 2900 3421 scriptum
2934 3359 3020 3404 est
3044 3348 3111 3411 δι’,
3140 3348 3271 3419 quia
3302 3346 3515 3420 Moyses

1942 3450 2090 3519 solus
2126 3446 2420 3504 accedebat
2453 3444 2521 3500 ad
2555 3443 2723 3499 Deum
2756 3480 2774 3508 ,
2823 3441 3006 3497 caueri
3060 3448 3241 3495 autem
3292 3454 3323 3494 a
3355 3439 3517 3511 longe

1941 3540 2182 3595 stabant.
2231 3537 2299 3592 Et
2346 3536 2401 3591 in
2456 3542 2671 3589 tantum
2703 3547 2800 3603 per
2846 3532 2982 3587 istas
3031 3544 3258 3601 magnas
3304 3528 3516 3600 Moyses

1941 3631 2157 3702 prolicit
2182 3630 2424 3686 visiones
2454 3666 2472 3692 ,
2517 3633 2578 3682 ut
2607 3626 2816 3681 diceret
2846 3622 2915 3679 ad
2948 3622 3154 3677 Deum:
3202 3621 3264 3676 Si
3306 3622 3477 3676 inveni
3496 3661 3513 3687 ,

1944 3723 2121 3795 inquit
2146 3723 2213 3788 5‘,
2236 3722 2464 3793 gratiam
2494 3736 2674 3774 coram
2702 3727 2771 3784 te,
2800 3715 3084 3785 manifesta
3114 3714 3244 3767 mihi
3269 3715 3514 3782 teipsum.

1944 3825 1998 3867 ut
2026 3814 2289 3868 evidenter
2314 3813 2520 3865 videam
2549 3819 2620 3864 te.
2660 3808 2728 3862 Et
2759 3815 2890 3860 tunc
2917 3806 3069 3860 audit
3095 3820 3125 3856 a
3156 3804 3268 3858 Deo
3291 3804 3358 3869 δ’,
3388 3804 3513 3875 quia

1932 3904 2131 3959 Ponant
2158 3911 2207 3958 te
2229 3905 2283 3956 in
2313 3902 2576 3970 foramine
2600 3910 2784 3969 petrw,
2816 3906 2967 3968 petra
2998 3905 3179 3951 autem
3211 3902 3331 3951 erat
3360 3895 3519 3951 Chri-

1944 4006 2062 4052 stus
2104 4014 2115 4049 :
2153 4005 2214 4050 ut
2255 4009 2355 4064 per
2401 3991 2646 4048 foramen
2690 3989 3071 4047 brevissimum
3113 3988 3300 4044 videas
3340 3999 3519 4058 poste-

1946 4090 2089 4146 riora
2118 4102 2261 4153 mea,
2294 4087 2400 4142 hoc
2425 4096 2528 4151 est,
2558 4093 2619 4139 ut
2648 4100 2710 4140 ea
2739 4097 2858 4153 quae
2884 4082 2938 4136 in
2971 4079 3283 4135 novissimis
3313 4090 3520 4150 tempo-

1946 4183 2097 4238 ribus
2124 4177 2493 4250 implebuntur
2530 4192 2627 4247 per
2656 4172 3084 4244 assumptionem
3114 4170 3320 4240 carnis,
3352 4185 3516 4242 agno-

1946 4289 2104 4331 scas:
2156 4270 2372 4326 Faciem
2419 4278 2594 4324 autem
2638 4283 2810 4321 meam
2855 4264 3030 4319 videre
3070 4278 3174 4316 non
3217 4261 3414 4331 poteris
3445 4260 3514 4317 ⁸³.

276 4380 333 4426 ei
362 4369 435 4423 “3
461 4367 674 4422 demum
703 4363 878 4417 Vis‘m‘
912 4370 1165 4427 magm'm
1205 4353 1410 4408 νίάθτθ·
1439 4348 1594 4402 “me
1623 4345 1841 4441 “idem
1876 4385 1924 4441 ι)
1951 4366 2057 4422 Sed
2089 4363 2323 4433 digressi
2352 4376 2449 4433 per
2475 4358 2908 4431 quamplurimas
2940 4354 3200 4417 visiones,
3231 4352 3520 4408 redeamus

278 4464 371 4518 ille
428 4463 725 4530 explanans
780 4453 956 4509 locum
1012 4464 1133 4521 quae
1195 4460 1356 4516 supra
1426 4438 1844 4497 memoravimus

275 4555 588 4612 enarrabat.
623 4549 735 4604 Nos
770 4561 902 4601 vero
932 4544 1130 4615 quibus
1160 4539 1397 4596 studium
1427 4544 1516 4592 est
1544 4530 1843 4588 secundum

277 4647 572 4718 Scriptum.
605 4641 808 4696 monita
839 4678 855 4704 ,
900 4638 1067 4691 verba
1112 4631 1440 4704 sapientium
1486 4625 1707 4680 laudare
1736 4662 1755 4690 ,
1791 4630 1846 4675 et

277 4716 479 4799 addere
518 4740 586 4794 ad
611 4752 698 4802 ea,
728 4746 1019 4807 possumus
1053 4729 1119 4784 ad
1148 4730 1266 4783 haac
1304 4737 1426 4794 quae
1454 4720 1543 4777 ille
1574 4718 1712 4774 dixit
1741 4716 1847 4772 tale

279 4833 481 4904 aliquid
515 4831 734 4887 addere.
769 4823 1149 4894 Unusquisque
1179 4818 1272 4890 qui
1304 4818 1411 4872 iter
1434 4814 1547 4886 agit
1572 4813 1643 4868 ad
1671 4810 1847 4865 virtu-

279 4902 408 4989 tem,
438 4922 652 4995 proﬁcit
683 4920 736 4974 in
768 4911 1114 4975 ambulando,
1144 4921 1205 4966 ut
1232 4907 1492 4981 paulatim
1521 4920 1617 4976 per
1644 4902 1845 4958 multos

281 5021 558 5092 profectus
588 5014 803 5073 itineris
822 5008 1104 5083 perveniat
1131 5005 1198 5059 ad
1227 5019 1369 5059 eam.
1400 5001 1507 5057 lter
1527 5014 1656 5070 ergo
1678 5010 1847 5065 agens

279 5090 335 5169 et
387 5112 536 5168 velut
584 5107 905 5181 quibusdam
948 5104 1198 5176 passibus
1242 5097 1495 5170 gradiens
1547 5090 1849 5162 digreditur

279 5221 528 5276 semper,
563 5211 618 5260 et
649 5200 843 5257 transit
872 5214 935 5254 ea
968 5212 1091 5270 quae
1129 5192 1412 5266 explicuit,
1449 5204 1513 5243 ac
1545 5184 1843 5257 posteriora

277 5301 535 5355 omittens
567 5297 634 5353 ad
659 5311 723 5352 ea
754 5309 875 5363 quae
904 5291 1085 5362 priora
1117 5297 1246 5344 sunt
1272 5300 1332 5341 se
1363 5280 1626 5339 extendit.
1659 5277 1846 5345 Digre-

279 5391 431 5445 diens
460 5403 591 5461 ergo
626 5387 823 5443 transit
867 5385 1098 5454 primum
1138 5381 1319 5436 locum
1349 5375 1568 5431 malitiae
1589 5414 1606 5442 ,
1634 5380 1690 5429 et
1721 5370 1847 5425 inde

279 5486 568 5555 proﬁciens
597 5483 845 5555 passibus
879 5487 933 5535 et
961 5474 1302 5549 ingressibus
1332 5469 1528 5526 transit
1557 5468 1691 5523 alias
1721 5479 1847 5536 pec-

354 5629 397 5659 '”
424 5627 613 5681 Matth.
644 5642 764 5689 xxv,
798 5627 886 5680 40.
963 5625 1009 5655 ⁷²
1036 5621 1227 5676 Matth.
1261 5634 1314 5681 Χ,
1345 5615 1433 5671 40.
1510 5613 1557 5643 ⁷³
1590 5611 1721 5667 Luc.
1756 5628 1810 5677 x,

366 5698 534 5752 Exod.
566 5714 645 5756 Ill,
676 5698 727 5749 5.
840 5696 885 5726 ⁷⁸
910 5695 1077 5755 Idem,
1132 5694 1187 5752 2,
1250 5690 1301 5743 6.
1414 5687 1459 5719 ⁷³
1482 5683 1632 5756 ίΡδῑιί.
1676 5696 1839 5752 cxm,

2000 5609 2045 5642 ⁷⁸
2084 5606 2225 5662 Psal.
2266 5620 2462 5668 mm,
2494 5603 2582 5657 9.3.
2659 5600 2705 5631 "
2734 5598 2861 5653 ibid.
2895 5598 2980 5652 51.

2014 5681 2083 5755 ν⁸⁰
2114 5676 2283 5733 Exod.
2317 5690 2425 5729 stx.
2536 5674 2575 5705 ⁸¹
2608 5670 2775 5726 Exod.
2810 5684 2976 5725 xxxttt

1622 5723 1632 5737 Ι
1676 5721 1804 5740 υιιιιι
1827 5725 1840 5752 ,
1873 5721 1925 5737 το

286 5700 330 5729 ⁷⁷
366 5698 534 5752 Exod.
566 5714 645 5761 ιιι,
676 5698 727 5749 5.
840 5695 1077 5755 "Idem,
1132 5694 1187 5752 2,
1250 5690 1301 5743 6.

288 5770 333 5801 ⁸³
360 5769 492 5824 ibid.
531 5768 619 5823 23.
695 5767 739 5798 3"
766 5766 904 5823 Psal.
934 5781 1114 5831 xxsv't,
1146 5764 1228 5836 5._

1949 4474 2093 4515 nunc
2118 4458 2187 4513 ad
2221 4457 2322 4511 hoc
2351 4452 2495 4526 quod
2529 4450 2906 4524 proposuimus
2935 4446 3004 4501 de
3034 4446 3241 4516 psalmo
3267 4483 3284 4509 ,
3321 4443 3450 4514 quia
3484 4461 3516 4496 a

1948 4554 2199 4617 Domino,
2237 4548 2413 4619 inquit
2440 4547 2506 4615 “,
2531 4560 2739 4617 gressus
2769 4539 2999 4594 hominis
3042 4538 3370 4607 diriguntur.
3415 4534 3520 4591 Su-

1950 4660 2049 4716 pra
2092 4641 2441 4712 exposuimus
2485 4633 2757 4707 quomodo
2791 4631 2897 4686 iter
2933 4628 3055 4700 quis
3103 4626 3405 4698 ingreditur
3451 4629 3517 4680 ad

1951 4737 2244 4791 virtutem:
2274 4730 2528 4801 quoniam
2561 4727 2654 4798 qui
2681 4726 2784 4781 iter
2815 4721 2927 4794 agit
2957 4720 3024 4775 ad
3050 4719 3328 4784 virtutem,
3355 4717 3519 4772 multa

1950 4840 2079 4884 sunt
2108 4841 2230 4896 quae
2264 4822 2470 4894 digredi
2504 4821 2664 4875 habet
2702 4826 2757 4872 et
2789 4814 3046 4870 transire.
3075 4811 3216 4883 Ergo
3246 4818 3299 4865 et
3330 4818 3385 4865 tu
3424 4811 3520 4880 qui

1950 4920 2017 4974 ad
2040 4915 2323 4972 Christum
2356 4911 2536 4967 tendis
2561 4950 2578 4975 ,
2627 4907 2718 4977 qui
2750 4916 2835 4962 est
2866 4902 2960 4959 Dei
2985 4902 3158 4957 virtus
3182 4940 3196 4967 ,
3239 4899 3521 4970 digredere

1948 5009 2216 5065 luxuriam
2236 5047 2251 5073 ,
2300 5012 2514 5069 scorta,
2543 5000 2835 5063 adulteria,
2866 4995 3154 5066 digredere
3183 4993 3351 5059 furta,
3381 4991 3518 5046 falsa

1952 5098 2256 5157 testimonia
2278 5136 2295 5163 ,
2324 5106 2440 5151 tum
2475 5093 2673 5149 deinde
2702 5091 2983 5162 digredere
3014 5096 3067 5143 et
3105 5085 3392 5140 avaritiam
3419 5123 3434 5150 ,
3467 5095 3524 5140 et

1947 5207 2164 5250 omnem
2187 5188 2432 5261 pecuniae
2453 5197 2885 5252 caeterarumque
2903 5180 3168 5235 malarum
3193 5193 3377 5233 rerum
3396 5192 3511 5231 con

1951 5282 2368 5355 cupiscentiam,
2400 5279 2686 5350 digredere
2713 5273 3078 5335 mendacium,
3109 5269 3399 5339 digredere
3429 5270 3523 5322 tri.

1952 5377 2161 5434 stitiam
2212 5373 2418 5431 saaculi.
2452 5370 2567 5425 Nisi
2604 5368 2720 5423 haec
2765 5364 2947 5421 omnia
2994 5363 3274 5433 digressus
3305 5356 3477 5413 fueris
3504 5396 3521 5425 ,

1951 5471 2216 5527 visionem
2242 5467 2388 5522 illam
2417 5477 2667 5535 magnam
2695 5458 2910 5516 Domini
2936 5456 3121 5511 videre
3144 5467 3252 5508 non
3293 5450 3522 5523 poteris.

3059 5595 3104 5626 ⁷⁸
3130 5595 3272 5651 Psal.
3300 5608 3466 5656 Lxxu,

2014 5661 2095 5755 7”,
2114 5676 2283 5733 Exod.
2317 5661 2459 5729 stxf
2536 5674 2575 5705 ⁸¹
2608 5670 2775 5726 Exod.
2810 5684 3000 5732 xxxm,
3029 5666 3114 5721 13.
3226 5668 3272 5700 δ’
3299 5664 3427 5722 ibid.
3455 5661 3536 5714 22.
