4020 6152
578 141 708 199 1351

1987 143 2073 196 EX
2119 140 2420 197 ORIGENE

3755 141 3820 198 1;?!

576 254 718 308 Sunt
741 270 871 324 ergo
893 256 1111 324 quidam
1147 257 1198 309 in
1228 256 1381 309 nobis
1413 270 1635 325 gressus
1666 266 1720 310 et
1748 257 1935 325 pedes,
1960 257 2159 326 quibus
2187 262 2234 315 Α
2261 259 2375 328 ejus
2408 259 2474 312 θί.
2502 259 2585 314 ibi
2611 259 2749 316 dixit
2778 259 2902 329 quia
2926 260 3318 327 diriguntur
3350 265 3590 324 gressus
3623 253 3821 313 homins,

574 346 680 401 iter
723 346 823 400 hoc
853 348 1066 415 agimus
1093 388 1108 413 ,
1155 358 1281 400 sunt
1332 363 1548 416 gressus
1598 348 1875 403 interioris
1920 347 2158 401 hominis

572 438 769 506 quibus
799 438 1084 493 ambulare
1117 454 1402 506 possumus
1433 455 1530 508 per
1563 441 1710 494 illam
1748 441 1890 494 viam
1928 454 2049 509 quae
2077 440 2157 493 di-

570 529 649 583 cit
695 528 772 581 “z
825 526 939 597 Ego
972 545 1086 583 sunt
1115 532 1199 584 via
1226 572 1241 596 ,
1274 534 1466 587 ueritas
1496 543 1544 586 et
1575 532 1705 586 vita.
1743 531 1857 587 line
1880 547 2014 601 ergo
2052 531 2157 585 iter

567 620 862 690 agentibus
930 624 1114 677 multis
1164 626 1449 691 gressibus
1521 625 1782 679 utendum
1848 633 1932 678 est
1997 624 2155 678 nobis

570 721 632 765 ut
690 712 777 766 illa
841 715 1026 768 omnia
1076 731 1199 785 quae
1262 730 1427 787 supra
1477 717 1718 771 diximus
1769 730 2150 782 transeamus,

569 804 695 869 quia
725 819 944 874 gressus
996 806 1228 861 hominis
1286 822 1315 861 a
1372 806 1598 862 Domino
1648 808 1970 877 diriguntur.
2036 806 2149 861 Non

568 894 767 949 suliicit
817 896 1019 950 homini
1078 896 1277 950 volenti
1342 896 1483 952 istud
1545 899 1649 952 iter
1715 898 2145 969 ineedere67l

569 986 683 1040 sola
744 988 1004 1057 propositi
1078 990 1164 1043 sui
1231 988 1525 1054 voluntas,
1608 990 1709 1043 nisi
1767 998 1825 1044 et
1892 990 2150 1044 Dominus

569 1080 837 1134 direxerit
891 1094 1119 1147 gressus
1157 1080 1278 1149 ejus
1326 1100 1341 1136 :
1389 1082 1515 1151 quia
1581 1081 1897 1151 frequenter
1950 1084 2151 1138 accidit

570 1170 674 1225 iter
701 1171 992 1240 agentibus
1010 1179 1068 1225 ut
1091 1172 1390 1238 ambulent,
1424 1175 1566 1241 quod
1598 1174 1702 1227 iter
1729 1184 1908 1229 tamen
1942 1183 2145 1229 rectum

571 1273 756 1319 tenere
779 1278 884 1317 non
908 1265 1145 1334 possint,
1178 1266 1273 1320 sed
1302 1267 1556 1321 decidant
1582 1267 1635 1319 in
1657 1267 1869 1334 aliquos
1897 1281 2143 1322 errores:

570 1365 630 1410 ut
661 1356 736 1411 illi
770 1358 863 1427 qui
895 1358 952 1415 in
993 1359 1349 1429 philosophiae
1387 1361 1696 1415 eruditione
1731 1370 2036 1418 versantur.
2068 1363 2149 1416 vi-

569 1451 772 1504 dentur
821 1450 1041 1519 quidem
1089 1450 1195 1505 iter
1239 1451 1462 1506 virtutis
1515 1451 1793 1518 incedere,
1829 1451 1924 1506 sed
1958 1453 2083 1521 quia
2114 1468 2143 1507 a

566 1543 798 1598 Domino
832 1557 940 1598 non
974 1543 1287 1614 diriguntur
1312 1557 1533 1613 gressus
1561 1557 1776 1607 eorum,
1815 1559 1920 1598 non
1961 1552 2143 1598 tenent

563 1636 669 1691 iter
697 1643 928 1692 rectum.
955 1636 1060 1690 Sed
1089 1645 1144 1690 et
1174 1635 1419 1690 haeretici
1455 1634 1807 1689 nihilominus
1832 1636 2141 1705 ingrediun—
2169 1608 2216 1669 Β

566 1739 657 1782 tur
683 1727 849 1783 etiam
885 1727 985 1797 ipsi
1012 1727 1138 1792 iter,
1174 1727 1268 1781 sed
1300 1742 1427 1782 cum
1461 1724 1781 1793 Scripturas
1822 1729 2137 1794 carnaliter,

564 1835 670 1874 non
704 1818 1023 1889 Spiritaliter
1058 1816 1387 1885 intelligunt,
1419 1816 1702 1872 declinant
1739 1819 1793 1872 in
1840 1819 2136 1874 sinistram.

562 1912 621 1967 Si
650 1926 782 1965 vero
810 1909 1132 1979 spiritaliter
1156 1909 1488 1977 intelligant,
1519 1911 1572 1964 in
1611 1912 1728 1981 ipso
1753 1921 1934 1967 autem
1969 1912 2141 1982 spiri-

561 2002 654 2058 tali
694 2003 969 2058 intellectu
991 2001 1305 2072 apostolicae
1334 2016 1442 2057 nou
1479 2011 1697 2058 teneant
1726 2004 1966 2074 regulam
1997 2004 2141 2059 veri-

563 2097 721 2160 tatis,
775 2096 1037 2150 decidunt
1083 2093 1444 2149 nihilominus
1478 2103 1536 2149 ct
1585 2095 1687 2165 ipsi
1731 2095 1797 2148 ad
1836 2094 2137 2157 dexteram,

562 2187 803 2250 diabolo,
848 2198 909 2240 ut
958 2188 1031 2240 ita
1070 2183 1329 2249 dixerim,
1363 2198 1587 2255 gressus
1625 2198 1813 2239 eorum
1860 2199 1966 2239 non
2007 2185 2140 2240 diri-

558 2287 735 2348 gente,
761 2279 855 2334 sed
885 2280 1250 2349 detorquente
1295 2293 1326 2332 a
1351 2279 1435 2333 via
1472 2288 1645 2334 recta.
1682 2277 1792 2333 Nos
1810 2292 1941 2347 ergo
1964 2291 2140 2346 neque

557 2371 626 2426 ad
656 2371 965 2437 dexteram,
997 2386 1176 2443 neque
1204 2372 1272 2427 ad
1320 2371 1605 2426 sinistram
1639 2370 1999 2435 declinantes,
2057 2369 2141 2424 in-

557 2461 874 2535 grcdiamur
899 2463 1134 2518 mediam
1162 2462 1304 2517 viam
1336 2477 1460 2532 qua:
1482 2472 1563 2518 est
1587 2462 1837 2518 Christus
1859 2460 2137 2527 Dominus,

554 2558 680 2626 quia
717 2556 771 2610 in
805 2556 923 2626 ipso
955 2554 1348 2612 ambulantium
1382 2571 1602 2628 gressus
1640 2555 1901 2611 Dominus
1930 2555 2135 2625 dirigit.

554 2649 600 2703 Α
648 2648 872 2703 Domino
908 2663 1038 2719 ergo
1067 2663 1277 2718 gressus
1303 2645 1530 2701 hominis
1557 2648 1872 2719 dirigentur,
1903 2658 1953 2702 et
1998 2647 2137 2702 uiam

554 2742 674 2814 ejus
707 2741 964 2810 cupiet“,
988 2740 1137 2795 illam
1167 2740 1386 2795 scilicet
1414 2740 1561 2795 viam
1590 2740 1659 2796 de
1688 2756 1792 2810 qua
1816 2754 1978 2810 supra
1998 2738 2139 2793 dixi--

555 2851 696 2891 Inus.
733 2834 927 2904 Cupiet
967 2833 1113 2889 enim
1144 2832 1238 2902 qui
1281 2848 1311 2887 a
1344 2832 1452 2888 Deo
1476 2833 1731 2902 dirigitur
1752 2832 2049 2896 Christum,
2082 2837 2138 2887 et

557 2927 889 2983 desiderabit
922 2939 1248 2995 permanere
1279 2938 1496 2994 semper
1526 2924 1579 2979 in
1611 2925 1857 2980 Christo.

627 3019 685 3073 2.
715 3019 849 3072 Cum
904 3017 1175 3084 ceciderit,
1226 3017 1408 3086 inquit
1433 3016 1503 3082 ⁸⁷,
1551 3032 1656 3069 non
1709 3013 2133 3068 conturbabitur.

553 3109 821 3181 Superius
855 3108 1043 3163 dicens
1088 3108 1219 3180 quia
1264 3123 1293 3162 a
1331 3108 1558 3161 Domino
1581 3108 1890 3177 diriguntur
1917 3119 2135 3176 gressus

551 3204 690 3273 ejus,
725 3201 813 3255 hic
843 3202 909 3256 de
923 3215 1053 3255 casu
1084 3200 1202 3269 ejus
1230 3200 1489 3268 loquitur.
1512 3199 1647 3253 Vide
1662 3212 1792 3269 ergo
1821 3197 1945 3266 quia
1968 3196 2134 3250 etiam

553 3293 645 3349 his
663 3293 754 3361 qui
795 3291 900 3347 iter
917 3291 1021 3346 hoc
1050 3290 1317 3345 incedunt
1347 3288 1642 3359 aliquando
1676 3288 1888 3343 accidat
1916 3288 2134 3354 cadere,

549 3384 717 3440 etiam
750 3382 835 3438 his
870 3382 962 3453 qui
1012 3396 1041 3434 a
1076 3380 1305 3439 Domino
1336 3380 1683 3450 diriguntur;
1718 3379 1812 3434 sed
1855 3388 1936 3433 est
1967 3378 2133 3434 multa

551 3475 859 3533 diﬂ'erentia
906 3477 1052 3532 inter
1078 3489 1265 3531 casum
1306 3474 1436 3544 justi
1469 3483 1526 3529 et
1558 3488 1742 3529 casum
1784 3471 1989 3541 injusti.
2034 3469 2135 3525 Ju-

553 3578 693 3633 stus,
729 3568 929 3639 iuquit,
987 3583 1112 3624 cum
1143 3567 1402 3623 ceciderit
1445 3581 1552 3621 non
1588 3565 1958 3635 prosternitur
1994 3579 2008 3615 :
2045 3565 2128 3618 in-

552 3659 730 3727 iustus
765 3669 821 3716 et
864 3661 956 3732 qui
1005 3676 1155 3731 spem
1193 3674 1298 3715 non
1340 3659 1507 3715 habet
1541 3658 1594 3712 iu
1632 3657 1742 3712 Deo
1782 3657 2017 3728 positam
2040 3695 2056 3721 ,
2085 3657 2132 3711 si

552 3753 834 3820 ceciderit,
884 3755 1254 3823 prosternitur
1313 3760 1368 3806 et
1418 3766 1524 3805 non
1569 3751 1788 3821 surgit:
1846 3750 1897 3804 id
1936 3760 2042 3817 est,
2086 3749 2131 3804 si

550 3846 885 3914 peccaverit,
928 3862 1035 3901 non
1076 3849 1308 3915 ptenitet
1334 3854 1389 3898 et
1422 3853 1709 3914 peccatum
1740 3857 1896 3896 suum
1945 3856 2133 3895 emen-

551 3936 686 3991 dare
710 3936 906 3990 nescit.
949 3937 1136 3992 Justus
1170 3945 1352 3991 autem
1396 3937 1440 3989 si
1492 3935 1548 3989 in
1597 3935 1782 4003 aliquo
1820 3932 2130 3999 uii'enderit,

552 4031 599 4085 si
656 4030 712 4083 in
758 4027 963 4082 verbo:
1011 4029 1288 4098 apostolus
1322 4028 1467 4083 enim
1520 4039 1604 4082 est
1651 4025 1748 4095 qui
1797 4025 1994 4080 dicit"
2025 4022 2132 4079 :In

552 4122 730 4176 multis
753 4121 894 4174 enim
921 4120 1235 4188 offendimus
1267 4137 1463 4184 omnes,
1492 4130 1542 4170 et
1564 4118 1608 4170 si
1628 4117 1745 4189 quis
1776 4117 1830 4170 in
1850 4116 2004 4170 uerbo
2027 4131 2132 4168 non

551 4214 789 4283 offendit,
824 4214 907 4266 hic
931 4212 1194 4281 perfectus
1228 4223 1302 4266 est
1330 4210 1426 4281 vir)
1459 4208 1857 4278 :oﬂ'enditergo
1875 4216 1930 4261 et
1948 4206 2131 4275 justus

2261 352 2518 416 Domino,
2562 354 2652 409 hic
2714 355 2840 424 quia
2903 371 3008 408 non
3082 348 3650 421 supplantahuntur
3695 365 3824 419 grass

2251 443 2410 511 justi,
2440 447 2567 515 quia
2612 446 2899 513 Dominus,
2929 446 3167 518 inquit,
3205 441 3537 511 conﬁrmat
3582 454 3825 514 manus};

2256 535 2313 590 in
2345 537 2451 591 alio
2486 537 2713 606 psalmo,
2743 538 2797 593 id
2829 548 2911 594 est
2937 539 2986 593 in
3010 533 3513 607 septuagesimo
3541 534 3826 594 secundus.-

2256 629 2329 682 cit
2353 630 2455 685 ":
2509 631 2616 684 Mei
2670 640 2847 684 autem
2902 647 3034 699 pene
3109 627 3282 681 moti
3352 634 3493 679 sunt
3554 625 3827 693 redeatis:

2258 723 2312 779 id
2334 723 2509 792 ipsum
2528 721 2740 777 videtur
2769 720 3229 792 intelligendum
3283 717 3604 772 similiter.
3632 715 3832 773 Pretiae

2256 821 2337 868 tes
2380 814 2581 867 etenim
2615 813 2680 867 ad
2707 818 2945 869 virtutes
2991 812 3173 868 velut
3217 823 3493 865 ascensu
3523 809 3741 879 quodam
3764 815 3833 866 sit

2254 914 2412 964 mur;
2444 900 2498 954 in
2545 915 2652 970 quo
2681 915 2913 957 ascensu
2963 901 3010 956 si
3044 901 3212 972 quis
3280 900 3539 954 labatur
3583 908 3639 953 et
3658 902 3835 959 decium.

2249 993 2585 1049 ascensionis
2613 1008 2724 1049 suae
2753 994 2933 1063 perdit
2971 994 3368 1064 profectum.
3406 990 3587 1047 Istius
3612 1005 3727 1060 ergo
3746 993 3835 1050 ὼ

2250 1094 2641 1156 suntgressus.
2686 1086 2801 1142 lloc
2851 1097 3033 1143 autem
3082 1088 3190 1154 ﬁt,
3228 1102 3386 1141 cum
3417 1085 3559 1155 quis
3584 1087 3838 1155 postpruis-

2249 1185 2392 1230 ctum
2424 1188 2727 1233 retrorsum
2780 1177 2949 1235 fuerit
3001 1194 3370 1235 conversus
3405 1196 3420 1231 :
3452 1179 3607 1233 sicut
3635 1178 3835 1232 acciditez

2248 1266 2402 1320 uxori
2437 1267 2538 1322 Lot
2563 1267 2641 1335 ”,
2681 1283 2800 1337 quas
2831 1269 3288 1341 ingrediebatur
3328 1269 3493 1325 bene
3518 1268 3836 1338 egredienti

2249 1353 2523 1422 Sodomis,
2565 1366 2622 1412 et
2654 1356 2915 1426 eﬂ'ugiens
2952 1372 3161 1429 ptenas
3211 1358 3535 1411 malorum
3568 1354 3835 1426 ingredietur

2249 1455 2337 1501 tur
2367 1457 2425 1504 ct
2454 1450 2784 1506 ascendebat
2804 1451 2871 1506 ad
2901 1460 3150 1506 montem
3188 1467 3327 1521 quo
3362 1449 3581 1519 angelo
3610 1438 3743 1502 duce
3761 1462 3837 1515 βαι

2246 1540 2438 1610 gebat;
2476 1543 2572 1598 sed
2626 1546 2877 1613 quoniam
2920 1554 3115 1599 contra
3164 1543 3550 1599 tutandatum
3604 1540 3695 1596 Dei
3734 1539 3832 1607 fecit

2242 1634 2385 1704 quod
2414 1634 2566 1702 jussa
2620 1634 2796 1690 fuerat
2834 1650 2942 1691 non
2987 1636 3307 1706 respicere
3357 1642 3679 1689 retrorsum
3716 1646 3834 1700 neque

2241 1735 2389 1781 stare
2421 1726 2474 1782 in
2512 1726 2660 1781 omni
2699 1726 2921 1795 regione
2952 1726 3065 1794 illa,
3100 1727 3216 1784 sed
3267 1724 3349 1779 ad
3398 1732 3654 1779 montem
3690 1737 3829 1777 ascen-

2241 1819 2394 1885 dere,
2424 1827 2586 1888 atque
2610 1818 2681 1874 ibi
2711 1819 2934 1884 salvari,
2965 1832 3089 1873 cum
3121 1832 3448 1875 conversa
3491 1816 3565 1871 ad
3588 1816 3829 1885 posteriora

2243 1922 2544 1964 retrorsum
2577 1911 2841 1978 respexit,
2888 1909 2961 1964 ibi
2987 1909 3143 1966 eﬂ'usi
3187 1920 3347 1965 sunt
3376 1923 3618 1977 gressus
3661 1906 3823 1973 ejus,ct

2240 2001 2475 2069 perdidit
2506 2014 2667 2055 omne
2690 2001 2835 2072 quod
2867 1998 3046 2057 fuerat
3073 2010 3217 2055 ante
3239 2000 3549 2069 digressa,
3581 2005 3824 2068 permanet

2241 2092 2481 2163 perfecta
2517 2092 2861 2148 statuuncula
2909 2093 3060 2149 salis.
3109 2094 3241 2148 lloc
3289 2101 3390 2147 est
3417 2093 3575 2163 quod
3614 2090 3819 2145 Dominus

2240 2185 2294 2238 in
2329 2184 2616 2256 Evangelio
2663 2184 2862 2240 dicit“
2889 2201 2905 2239 :
2931 2183 3102 2239 Nemo
3147 2187 3400 2240 mittens
3452 2200 3672 2238 manum
3706 2198 3816 2235 suam

2239 2277 2309 2330 ad
2352 2289 2614 2347 aratrum,
2661 2289 2709 2332 et
2735 2289 2876 2335 retro
2907 2279 3200 2347 respiciens
3237 2290 3426 2346 aptus
3456 2289 3542 2333 est
3570 2293 3712 2348 regna
3728 2274 3808 2329 Dei.

2240 2367 2334 2424 Vis
2365 2370 2455 2424 tibi
2482 2371 2765 2426 ostendam
2787 2380 2841 2427 et
2875 2370 3012 2426 alios
3047 2387 3302 2442 quorum
3345 2369 3526 2426 effusi
3555 2378 3808 2433 suntgres-

2240 2460 2376 2516 sus?
2407 2459 2718 2517 Recordare
2743 2461 2863 2516 illos
2888 2463 2981 2532 qui
3012 2463 3390 2516 transierunt
3440 2475 3546 2531 per
3577 2475 3713 2514 mare
3729 2457 3788 2510 Ru

2242 2556 2395 2606 brum
2431 2563 2681 2625 tauquam
2710 2569 2806 2625 per
2838 2556 3069 2617 aridam,
3106 2562 3159 2609 ct
3189 2563 3519 2622 peccantes
3547 2553 3599 2605 in
3637 2551 3803 2603 deserto

2241 2647 2580 2712 ceciderunt,
2626 2656 2682 2703 et
2731 2648 2804 2703 ibi
2837 2648 2992 2704 eﬂ'usi
3027 2659 3156 2703 sunt
3200 2664 3455 2711 gressus
3492 2660 3688 2700 eorum.
3717 2641 3797 2698 Sed

2240 2746 2292 2792 et
2319 2752 2464 2793 nunc
2494 2739 2539 2792 si
2569 2738 2786 2808 quando
2814 2741 3029 2795 accidat
3054 2740 3305 2811 aliquem
3349 2740 3568 2794 vixisse
3589 2738 3640 2791 in
3662 2734 3793 2790 conti-

2238 2825 2420 2878 nentia
2451 2825 2626 2881 tribus
2644 2834 2739 2882 aut
2761 2838 2994 2898 quatuor
3009 2831 3187 2896 annis,
3209 2840 3272 2885 et
3290 2845 3365 2884 eo
3394 2828 3651 2898 amplius,
3666 2824 3787 2878 alium

2162 2955 2206 3014 ο
2239 2918 2295 2971 in
2322 2916 2478 2972 verbi
2504 2927 2560 2973 et
2588 2919 2847 2974 doctrinae
2888 2920 3069 2976 studio
3109 2930 3164 2975 et
3208 2920 3521 2991 sapientia
3561 2915 3786 2972 laboribus

2237 3020 2458 3078 operam
2485 3007 2734 3074 dedisse;
2765 3017 2893 3068 tunc
2933 3010 3132 3065 deinde
3174 3010 3222 3066 si
3269 3012 3469 3067 victus
3508 3006 3661 3063 fuerit
3694 3004 3777 3064 hic,

2232 3098 2320 3154 vel
2354 3099 2419 3153 ad
2442 3099 2626 3153 carnis
2653 3099 2923 3155 luxuriam
2956 3109 3219 3169 transeat,
3254 3103 3351 3158 vel
3375 3104 3449 3157 ad
3482 3101 3585 3156 alia
3608 3107 3775 3169 peccata

2224 3189 2500 3254 declinet,
2531 3200 2626 3245 aut
2659 3192 2724 3245 ad
2763 3192 2930 3245 vitam
2960 3206 3019 3247 se
3047 3193 3354 3249 transferat
3389 3193 3598 3257 saeculi,
3624 3188 3695 3245 vel
3727 3186 3778 3239 ad

2238 3283 2453 3352 negotia
2485 3296 2549 3338 ac
2584 3281 2734 3337 lucra
2782 3284 3156 3355 corruptibilis
3193 3288 3327 3342 vitae
3374 3292 3666 3344 convertat,
3694 3293 3769 3333 non

2235 3373 2453 3430 dubites
2481 3374 2551 3429 de
2577 3388 2645 3429 eo
2669 3374 2854 3429 dicere
2894 3378 3019 3445 quia
3053 3377 3210 3434 effusi
3248 3389 3389 3434 sunt
3426 3390 3638 3449 gressus
3666 3373 3766 3442 eius.

2234 3463 2343 3521 Nos
2369 3476 2500 3537 ergo
2533 3469 2887 3538 deprecemur
2920 3469 3205 3525 Dominum
3243 3481 3303 3527 ut
3347 3470 3549 3542 dirigat
3597 3477 3765 3538 gressus

2236 3566 2475 3623 nostros,
2511 3568 2565 3614 et
2589 3561 2862 3616 custodiat
2901 3562 3016 3616 vias
3065 3573 3308 3631 nostras,
3363 3564 3444 3617 uti
3476 3577 3542 3617 ne
3565 3556 3764 3629 supplan-

2237 3660 2418 3707 tentur
2455 3668 2673 3721 gressus
2699 3655 2909 3722 nostri;
2957 3664 3015 3711 ut
3043 3657 3096 3710 in
3127 3659 3214 3711 via
3264 3672 3435 3727 quam
3484 3651 3754 3709 incedimus,

2235 3744 2338 3799 hoc
2377 3753 2462 3799 est
2499 3745 2551 3799 in
2590 3745 2813 3801 Christo
2860 3746 3087 3802 Domino
3114 3758 3329 3810 nostro.
3354 3747 3509 3817 quasi
3532 3755 3670 3811 supra
3688 3752 3758 3808 pe-

2236 3844 2375 3890 tram
2403 3837 2655 3893 stabilem
2683 3840 2905 3910 vestigia
2932 3850 3119 3893 nostra
3142 3839 3455 3906 ﬁrmentur,
3495 3850 3559 3891 ne
3582 3843 3750 3905 quoquo

2238 3928 2399 3983 modo
2433 3928 2772 3999 supplantari
2801 3932 3104 3999 possimus;
3128 3945 3224 4000 per
3248 3932 3404 3987 illum
3436 3929 3624 3985 scilicet
3638 3922 3751 3987 cuius

2233 4035 2334 4076 nos
2373 4033 2539 4092 caput
2576 4021 2973 4090 observamus,
3019 4034 3075 4080 et
3126 4025 3215 4079 ille
3246 4035 3498 4081 nostrum
3540 4021 3742 4076 observat

2232 4114 2570 4180 calcaneum,
2613 4116 2703 4170 cui
2746 4116 2931 4186 utique
2956 4132 3231 4188 nunquam
3263 4133 3368 4175 nos
3393 4123 3599 4187 Oportet
3632 4108 3745 4178 ν¹³¹¹·

2234 4213 2346 4260 tam
2409 4207 2609 4261 nudam
2653 4210 2927 4277 praebere,
2978 4210 3074 4264 sed
3115 4224 3329 4280 semper
3381 4209 3616 4265 debemus
3651 4211 3736 4253 ess:

553 4312 607 4365 iu
644 4311 833 4370 verbo,
874 4306 1127 4362 fortassis
1158 4306 1321 4359 etiam
1357 4306 1646 4374 aliquando
1667 4303 1800 4358 etin
1834 4301 2001 4368 facto,
2031 4303 2124 4355 sed
2158 4302 2202 4357 D
2231 4299 2448 4354 calceati
2477 4302 2630 4369 pedes
2661 4301 2719 4353 in
2745 4304 3130 4370 prwparatione
3161 4302 3433 4373 Evangelii
3454 4295 3654 4373 pacis",
3679 4301 3737 4353 lib

552 4404 657 4457 scit
678 4400 975 4457 emendare
991 4440 1006 4464 ,
1032 4398 1136 4452 scit
1154 4398 1459 4467 corrigere:
1482 4397 1586 4451 scit
1611 4395 1704 4450 ille
1724 4395 1816 4464 qui
1833 4391 2125 4448 dixerat”:

555 4494 748 4550 Nescio
777 4493 1065 4556 hominem,
1100 4489 1264 4560 paulo
1294 4498 1415 4558 post
1450 4505 1574 4544 cum
1616 4497 1894 4558 respectus
1938 4484 2129 4541 fuisset

556 4605 588 4644 a
610 4589 859 4653 Domino,
882 4586 1011 4641 ﬂere
1033 4581 1399 4645 amarissime;
1431 4581 1533 4634 scit
1568 4590 1623 4635 et
1656 4581 1745 4635 ille
1771 4579 1862 4650 qui
1894 4578 1960 4633 de
1988 4585 2133 4633 tecto

557 4681 839 4737 mulierem
862 4677 1088 4736 viderat,
1121 4683 1175 4729 et
1203 4671 1555 4740 concupierat
1586 4686 1727 4732 eam,
1754 4670 1933 4725 dicere
1960 4687 1971 4720 :
2006 4668 2135 4722 Pec-

555 4764 691 4825 cavi,
731 4764 862 4832 quia
886 4762 981 4815 tibi
1001 4762 1101 4816 soli
1127 4761 1338 4832 peccavi
1368 4769 1415 4814 et
1439 4757 1637 4813 malum
1666 4774 1843 4812 coram
1869 4768 1918 4812 te
1937 4757 2124 4829 feci”.

552 4853 610 4911 Si
633 4869 766 4925 ergo
797 4870 918 4908 cum
952 4854 1213 4909 ceciderit
1241 4852 1421 4924 justus
1448 4866 1556 4905 non
1601 4852 1985 4918 prosternitur,
2017 4862 2124 4903 non

551 4944 897 5017 permanebit
949 4944 1002 4998 in
1048 4953 1295 5014 peccato,
1324 4943 1417 4998 sed
1447 4942 1666 4996 exsiliet
1690 4942 1823 5006 cito,
1863 4954 2122 5008 tanquam

554 5035 771 5091 damula
806 5050 874 5090 ex
899 5036 1127 5099 retibus,
1164 5046 1219 5089 et
1247 5045 1503 5104 tanquam
1543 5034 1661 5088 avis
1684 5034 1749 5087 de
1792 5033 2005 5101 laqueo.
2042 5033 2127 5085 lu-

545 5126 727 5198 justus
764 5138 946 5182 autem
980 5130 1092 5181 non
1117 5126 1292 5181 solum
1320 5133 1626 5195 permanet,
1659 5125 1755 5180 sed
1793 5134 1850 5178 et
1879 5135 2124 5193 proster-

547 5222 697 5277 nitur
717 5222 772 5278 iu
805 5219 1066 5291 peccatis.
1109 5217 1298 5274 Justus
1320 5224 1501 5272 autem
1530 5218 1659 5287 quid
1695 5217 1824 5270 facit
1843 5215 1868 5270 't
1889 5214 1998 5270 Lex
2022 5215 2122 5269 Dei

547 5312 665 5383 ejus
694 5313 751 5368 in
776 5312 934 5368 corde
960 5311 1154 5381 ipsius,
1186 5320 1235 5365 et
1272 5326 1378 5364 non
1401 5308 1886 5380 supplantabuntur
1909 5322 2119 5377 gressus

618 5457 666 5489 ⁸⁵
689 5457 846 5512 Joan.
886 5473 1001 5523 xw,
1033 5457 1087 5513 6.

546 5525 594 5561 ⁹¹
651 5525 795 5585 Psal.
850 5544 1038 5594 xxxvr,
1081 5530 1176 5587 3|.

550 5613 741 5670 xxxw,
793 5596 885 5666 25,
918 5598 1008 5652 24.

1273 5529 1319 5562 ’³
1369 5528 1511 5586 Psal.
1574 5543 1744 5595 usit,
1806 5526 1862 5583 2.

1184 5457 1233 5490 "
1260 5456 1404 5513 Psal.
1449 5456 1748 5520 xxxv1,23.
1822 5456 1866 5487 ⁸⁷
1894 5453 2027 5512 ibid.
2075 5452 2163 5507 24.

1966 5501 2184 5583 δῖῦὶῦ.
2237 5501 2873 5596 ...:"'6It;.;:.;;e.
2907 5501 3348 5598 "transsui
3392 5501 3699 5581 t5.""l’s='-

2231 4393 2277 4446 si
2303 4392 2511 4447 venerit
2537 4393 2787 4450 diabolus
2816 4396 3209 4464 supplautator,
3245 4405 3301 4451 et
3332 4392 3581 4449 invenerit
3612 4390 3729 4458 pedes

2229 4496 2447 4541 nostros
2476 4487 2736 4554 munitos,
2764 4497 2821 4543 et
2844 4503 3006 4556 supra
3041 4497 3248 4559 petram
3276 4499 3505 4553 stantes,
3535 4483 3638 4538 inde
3663 4489 3731 4530 nos

2236 4580 2584 4648 supplantare
2619 4595 2724 4634 non
2760 4579 2956 4636 valeat.
2987 4561 3249 4646 Quamvis
3278 4582 3425 4634 enim
3469 4574 3608 4648 paulo
3637 4575 3724 4622 ante

2236 4670 2534 4727 dixerimus
2582 4686 2743 4742 posse
2786 4673 2950 4729 etiam
2987 4687 3173 4729 casum
3220 4673 3451 4743 aliquem
3488 4678 3539 4724 et
3571 4667 3723 4733 lapsum

2236 4761 2484 4817 accidere
2532 4762 2619 4818 his
2671 4763 2763 4833 qui
2794 4763 3010 4820 virtutis
3055 4764 3201 4819 viam
3234 4773 3550 4834 sequuntur,
3590 4763 3717 4808 tamen

2232 4852 2628 4909 observandum
2660 4866 2769 4923 est,
2826 4856 2953 4926 quia
2986 4858 3057 4913 ibi
3088 4857 3181 4911 ubi
3206 4857 3379 4912 dixit:
3420 4855 3537 4911 Cum
3574 4839 3720 4902 cecide-

2230 4945 2322 5010 rit,
2344 4960 2451 4998 non
2485 4957 2868 5015 prosternatur,
2910 4949 3159 5019 superius
3208 4965 3314 5003 non
3359 4958 3464 5003 tam
3516 4944 3571 4998 de
3609 4938 3713 5006 Ῑ¹¹⁶¹⁰

2231 5047 2394 5103 quam
2421 5036 2486 5089 de
2525 5037 2747 5091 homine
2779 5053 2914 5107 puro
2939 5045 3317 5106 proposuerat.
3347 5038 3435 5097 Ait
3465 5022 3712 5092 euim”:A

2234 5126 2460 5183 Domino
2487 5145 2698 5199 gressus
2728 5129 2954 5185 hominis
2979 5131 3299 5201 dirigentur,
3330 5143 3377 5185 et
3404 5132 3524 5187 viam
3548 5124 3708 5192 ejusm-

2226 5220 2350 5289 piet,
2377 5236 2494 5274 cum
2524 5222 2766 5277 ceciderit
2792 5239 2898 5277 non
2923 5232 3303 5293 prosternetur.
3329 5223 3387 5278 In
3418 5235 3513 5292 quo
3537 5203 3711 5302 ostend'i'

2227 5318 2317 5364 tur
2353 5324 2474 5368 esse
2497 5311 2707 5384 aliquos
2733 5328 2892 5371 casus
2914 5316 3011 5385 qui~
3026 5323 3207 5370 tamen
3236 5330 3344 5371 non
3373 5312 3592 5370 continuo
3609 5295 3704 5355 indi-

2244 5454 2291 5487 ⁸⁸
2337 5454 2530 5514 Jacob.
2580 5472 2667 5520 ιιι.
2697 5457 2755 5511 2.
2832 5457 2878 5490 ⁸³
2907 5456 3080 5513 Marc.
3104 5473 3218 5525 xw,
3239 5455 3329 5512 7i.
3408 5455 3452 5488 "
3473 5428 3702 5525 Psalhlgf'

3870 5568 3883 5683 η)
