4020 6152
379 291 517 347 1555

1048 292 1352 350 SELECTA
1393 293 1460 348 IN
1498 293 1835 351 PSALMOS.
1871 326 1939 333 —
1972 292 2202 348 IIOMIL.
2246 292 2313 348 ιν
2352 294 2421 350 ΙΝ
2458 295 2659 355 PSAL.
2704 297 2946 356 XXXVI.

3509 303 3613 360 355

376 423 503 467 cent
523 427 646 467 esse
674 412 870 465 vietum
907 419 962 465 et
1001 422 1330 482 prostratum
1376 429 1500 470 eum
1536 415 1626 485 qui
1658 416 1941 472 ceciderit.
1970 414 2019 471 A
2046 411 2092 467 si
2119 413 2235 467 fieri
2266 423 2463 483 potest,
2490 423 2550 469 ut
2581 430 2798 484 semper
2831 417 3457 490 vincatquotiescunque
3485 435 3616 476 con-

378 505 532 561 Sieut
567 505 713 559 enim
739 514 794 559 et
830 507 882 559 in
907 521 1081 575 agone
1110 507 1226 561 fieri
1275 508 1437 574 solet,
1483 522 1541 565 ut
1568 511 1777 566 duobus
1803 510 1944 565 inter

376 613 436 652 se
464 597 800 651 luctantibus
828 599 1046 652 accidat
1068 600 1244 666 primo
1272 602 1489 667 quidem
1524 603 1719 656 cadere
1750 616 1944 666 unum,

377 697 431 743 et
463 682 586 741 cum
631 688 913 756 ceciderit,
967 702 1154 762 surgat
1205 701 1258 748 et
1307 693 1525 750 vincat:
1577 693 1650 747 ita
1686 693 1851 747 etiam
1887 694 1942 749 in

378 789 567 834 nostro
612 796 812 850 agone,
860 781 950 850 qui
993 792 1078 836 est
1112 782 1268 839 nobis
1308 790 1597 841 adversum
1646 785 1943 855 principem

378 870 538 937 hujus
578 872 790 937 mundi,
833 874 879 927 si
922 874 1059 929 forte
1102 877 1363 932 acciderit
1402 876 1633 948 aliquem
1675 878 1740 931 de
1789 877 1945 932 nobis

374 962 539 1034 672
582 962 750 1027 vinci,
795 972 849 1018 et
874 964 927 1018 in
960 964 1142 1034 aliquo
1185 977 1411 1035 peccato
1441 970 1660 1033 cadere,
1690 968 1945 1038 possibile

378 1066 544 1110 estut
578 1064 698 1124 post
735 1066 1018 1127 peccatum
1052 1059 1333 1127 resipiscat
1355 1059 1573 1127 aliquis,
1604 1069 1659 1113 et
1682 1070 1946 1131 exsurgat

381 1158 432 1201 et
469 1149 847 1217 perhorrescat
876 1149 1072 1203 malum
1108 1151 1252 1220 quod
1281 1151 1527 1216 admisit,
1555 1161 1608 1206 et
1646 1152 1712 1206 de
1745 1163 1944 1206 caetero

380 1253 487 1292 non
520 1240 693 1293 solum
735 1240 1013 1294 contineat
1062 1256 1142 1303 se,
1195 1255 1381 1296 verum
1429 1243 1594 1297 etiam
1642 1240 1946 1298 satisfaciat

380 1329 513 1394 Deo,
547 1330 732 1385 lavans
777 1347 873 1401 per
916 1333 1158 1402 singulas
1195 1343 1382 1389 noctes
1413 1334 1615 1388 lectum
1662 1351 1842 1398 suum,
1889 1345 1946 1390 et

382 1422 640 1495 lacrymis
688 1426 870 1495 rigans
903 1433 1129 1480 stratum
1184 1441 1363 1490 sumn,
1413 1426 1689 1494 accipiens
1717 1426 1944 1481 verbum

379 1516 711 1586 prophetica:
765 1518 1108 1571 auctoritatis
1164 1532 1269 1586 qua
1326 1517 1526 1572 dicitur
1549 1517 1644 1572 ’τε
1687 1517 1942 1587 Nunquid

377 1609 466 1675 qui
508 1609 650 1663 cadit
694 1626 797 1661 non
840 1610 1052 1678 adjiciet
1089 1620 1141 1662 ut
1182 1610 1461 1680 resurgat?
1484 1621 1573 1664 aut
1608 1610 1700 1679 qui
1737 1625 1946 1663 aversus

377 1711 478 1762 est,
528 1717 630 1753 non
661 1701 1021 1754 Convenitur?
1054 1698 1141 1754 Vte
1183 1703 1264 1754 Itis
1312 1702 1401 1770 qui
1430 1702 1601 1756 aversi
1642 1712 1761 1756 sunt
1789 1718 1944 1756 aver-

377 1793 524 1847 sione
570 1790 881 1854 impudenti,
914 1791 1049 1846 dicit
1077 1791 1355 1847 Dominus.
1381 1791 1445 1846 Et
1486 1793 1591 1847 iste
1618 1804 1700 1847 est
1725 1793 1818 1861 qui
1847 1808 1942 1845 ca-

376 1884 506 1939 dere
550 1884 764 1955 quidem
795 1885 988 1952 potuit,
1025 1885 1290 1954 prosterni
1328 1899 1456 1939 vero
1497 1900 1602 1940 non
1644 1885 1838 1953 potuit.
1885 1883 1945 1939 Si

377 1984 557 2029 autem
596 1976 800 2031 videris
845 1976 1077 2046 aliquem
1108 1976 1369 2031 cecidisse
1400 1976 1452 2030 in
1499 1977 1715 2046 aliquod
1746 1993 1943 2048 pecca-

376 2078 511 2131 tum,
547 2077 602 2124 et
635 2079 755 2137 post
783 2083 968 2123 casum
999 2069 1374 2138 desperantem
1421 2070 1856 2137 conversionem,
1889 2078 1945 2126 et

375 2158 678 2213 dicentem:
703 2158 819 2214 Jam
842 2160 1110 2229 quomodo
1133 2174 1347 2228 possum
1370 2176 1472 2230 ego
1490 2162 1669 2217 salvus
1692 2162 1826 2229 ﬁeri,
1851 2163 1941 2231 qui

379 2248 719 2316 cecidi?jam
758 2249 901 2303 nulla
939 2265 1061 2319 spes
1093 2258 1196 2313 est,
1243 2259 1467 2317 peccata
1506 2266 1623 2306 mea
1669 2267 1756 2307 me
1797 2252 1948 2308 colli-

376 2349 524 2410 gant,
570 2341 839 2408 quomodo
885 2341 1084 2394 audere
1118 2355 1336 2409 possum
1367 2342 1631 2397 accedere
1665 2343 1730 2396 ad
1750 2332 1947 2397 Domi-

378 2446 505 2484 num
524 2430 547 2470 ν
574 2430 855 2498 Quomodo
879 2432 945 2487 ad
980 2432 1274 2488 Ecclesium
1316 2432 1532 2487 redire?
1562 2444 1619 2487 et
1651 2434 1696 2488 si
1722 2433 1823 2489 hac
1851 2435 1946 2489 de~

378 2522 687 2590 speratione
726 2522 829 2575 iste
861 2522 986 2577 talis
1017 2524 1237 2578 recedat
1269 2523 1433 2577 etiam
1467 2540 1497 2578 a
1539 2525 1669 2589 Deo,
1710 2527 1798 2581 hic
1837 2543 1943 2581 non

377 2614 553 2666 solum
607 2615 831 2679 cecidit,
876 2615 969 2669 sed
1018 2615 1071 2668 in
1104 2631 1232 2670 casu
1281 2629 1381 2670 suo
1422 2626 1731 2685 prostratus
1780 2627 1947 2688 atque

378 2705 656 2758 demersus
695 2715 795 2759 est.
844 2705 909 2759 Et
950 2713 1036 2760 est
1087 2706 1304 2775 quidem
1341 2708 1604 2777 optabile,
1646 2716 1704 2762 ut
1741 2710 1946 2764 athleta

377 2798 595 2869 pietatis
627 2812 692 2852 ac
713 2798 931 2853 virtutis
958 2806 1176 2852 maneat
1210 2813 1426 2870 semper
1457 2800 1768 2866 immobilis,
1793 2811 1853 2856 ut
1879 2816 1946 2856 ne

378 2904 540 2942 unam
575 2889 792 2957 quidem
823 2889 1045 2952 luctam,
1082 2897 1142 2941 ut
1173 2887 1247 2942 ita
1270 2888 1472 2954 dicam,
1512 2891 1726 2959 perdat,
1759 2907 1827 2946 ne
1857 2907 1944 2946 se-

377 2981 479 3036 mel
512 2980 800 3036 inclinetur
834 2992 929 3036 aut
968 2984 1366 3054 supplantetur.
1402 2982 1556 3049 Quod
1588 2983 1631 3037 si
1686 2978 1801 3037 fieri
1835 2999 1943 3038 non

373 3083 570 3143 potest,
604 3075 697 3129 sed
720 3075 965 3129 evenerit
987 3089 1108 3130 eum
1140 3076 1356 3139 cadere,
1394 3090 1499 3130 non
1516 3075 1695 3143 jaceat
1714 3084 1835 3145 post
1850 3091 1943 3131 ca-

374 3182 517 3230 sum,
565 3182 632 3220 ne
680 3174 1080 3235 prosternatur,
1133 3167 1224 3220 sed
1273 3173 1529 3235 exsurgat
1579 3173 1634 3220 et
1689 3166 1943 3221 emendet

373 3261 609 3325 culpam,
631 3269 893 3331 expurget
922 3260 1253 3331 poenitentiae
1273 3274 1383 3313 sua:
1401 3256 1777 3313 satisfactione
1796 3273 1945 3312 com-

375 3355 620 3417 missum,
664 3371 730 3408 ne
764 3354 928 3408 etiam
966 3354 1031 3407 de
1060 3353 1177 3421 ipso
1210 3349 1504 3421 Apostolus
1544 3350 1691 3404 dicat
1720 3349 1768 3382 "
1803 3366 1818 3402 :
1870 3348 1939 3402 Et

372 3446 576 3515 lugeant
623 3446 811 3499 multas
855 3460 919 3499 ea:
939 3444 1020 3498 Itis
1052 3444 1141 3513 qui
1186 3454 1305 3496 ante
1332 3452 1706 3512 peccaverunt,
1739 3454 1785 3495 et
1837 3457 1943 3496 non

371 3549 585 3610 egerunt
609 3540 964 3608 paenitentiam
990 3540 1053 3591 de
1081 3537 1419 3591 immunditia
1435 3544 1484 3589 et
1514 3535 1862 3605 fornicatione
1892 3546 1941 3588 et

373 3633 706 3700 impudicitia
742 3648 902 3701 quam
929 3640 1220 3701 gesserunt.
1250 3629 1431 3697 Quare
1461 3629 1622 3684 etiam
1652 3627 1943 3697 Aposwlus

371 3724 616 3794 exempla
662 3722 957 3792 palaestrici
986 3723 1175 3793 agonis
1202 3720 1497 3791 assumpsit
1532 3736 1656 3776 cum
1684 3722 1817 3776 dicit
1843 3720 1889 3752 ⁹⁹
1922 3737 1937 3773 :

374 3817 544 3873 Nemo
582 3826 869 3872 coronatur
910 3817 1015 3869 nisi
1066 3816 1157 3886 qui
1195 3813 1425 3885 legitime
1482 3814 1785 3879 certaverit,
1837 3812 1939 3869 nisi

371 3913 496 3981 quia
537 3925 636 3965 nos
676 3909 819 3965 scire
852 3908 1073 3963 volebat
1111 3906 1244 3977 legis
1269 3906 1573 3961 certamina
1615 3916 1670 3960 et
1699 3906 1940 3974 agones?

373 4004 466 4075 qui
508 4014 562 4057 et
591 4004 659 4058 de
690 4003 870 4070 seipso
894 4002 971 4055 ait
996 4002 1011 4032 ¹
1049 4017 1063 4052 :
1104 3999 1194 4055 Sic
1228 4015 1425 4070 pugno,
1456 4014 1561 4053 non
1587 3999 1740 4069 quasi
1766 4014 1939 4053 aerem

374 4098 670 4152 verberans.
714 4095 780 4149 Et
832 4095 1026 4149 iterum
1054 4095 1075 4125 ⁸
1107 4105 1124 4144 :
1155 4090 1432 4146 Certamen
1481 4092 1673 4145 bonum
1719 4092 1935 4146 certavi.

375 4185 508 4251 Quia
540 4199 672 4253 ergo
701 4194 978 4239 certamen
1016 4180 1172 4237 nobis
1213 4190 1296 4236 est
1333 4192 1387 4236 et
1421 4194 1558 4252 agon
1592 4181 1898 4250 prepositus
1920 4219 1936 4245 ,

376 4276 538 4330 etiam
578 4276 707 4347 legis
752 4290 977 4345 agonem
1027 4288 1191 4329 nosse
1217 4274 1500 4329 debemus.
1547 4271 1688 4328 Sunt
1716 4274 1938 4329 athletae

374 4369 464 4437 qui
495 4369 546 4422 in
572 4370 822 4423 omnibus
854 4368 1247 4422 certaminibus
1283 4368 1541 4432 vincunt,
1584 4375 1640 4422 et
1671 4368 1722 4420 in
1754 4367 1940 4422 omni-

2044 502 2272 570 ﬂixerit,
2293 514 2349 560 et
2377 507 2581 575 primas
2614 507 2756 562 inter
2784 508 2982 575 paedas,
3028 510 3080 564 id
3106 518 3188 566 est
3215 511 3356 567 inter
3390 524 3617 583 pueros,

2044 597 2230 650 statim
2255 599 2434 665 capiat
2460 613 2708 654 coronas.
2736 599 2831 654 Vis
2853 600 2948 655 tibi
2974 601 3261 657 ostendam
3289 604 3499 674 aliquos
3519 607 3612 673 qni

2046 686 2187 742 inter
2218 704 2436 757 pueros,
2473 692 2524 745 id
2547 700 2649 754 est,
2684 691 2736 745 in
2768 692 2946 759 primo
2980 693 3167 749 statim
3192 692 3332 750 lacte
3360 694 3614 755 coronati

2046 778 2210 831 sunt?
2240 778 2469 847 Respice
2516 781 2731 836 beatum
2767 782 3039 838 Danielem
3072 784 3115 849 ⁸,
3157 786 3247 852 qui
3279 800 3310 840 a
3348 801 3519 856 puero
3557 798 3615 843 et

2044 871 2348 940 prophetia:
2378 871 2606 941 gratiam
2637 874 2854 937 meruit,
2888 883 2943 929 et
2980 875 3195 947 iniquos
3222 893 3457 946 arguens
3483 893 3611 949 pre-

2046 961 2318 1031 sbyteros,
2345 978 2479 1031 puer
2515 979 2771 1018 coronam
2799 965 3026 1033 iustitia:
3062 949 3123 1021 et
3161 971 3430 1026 castitatis
3475 973 3612 1026 obti-

2047 1053 2183 1106 nuit.
2216 1052 2305 1107 Vis
2337 1054 2429 1110 tibi
2455 1065 2511 1111 et
2530 1054 2694 1109 alium
2727 1056 2999 1125 proferam
3050 1057 3194 1112 inter
3224 1075 3423 1129 pueros
3450 1077 3612 1117 coro-

2046 1146 2266 1200 natum?
2290 1144 2581 1201 Jeremiam
2615 1146 2756 1213 vide,
2783 1149 2875 1216 qui
2908 1164 3029 1203 cum
3060 1164 3120 1204 se
3159 1162 3380 1220 propter
3423 1154 3612 1209 adole-

2047 1236 2309 1289 scentiam
2345 1246 2634 1292 excusaret
2677 1253 2705 1289 a
2742 1240 3144 1315 prophetando,
3185 1243 3395 1297 audivit
3434 1258 3464 1296 a
3509 1247 3612 1299 Do-

2049 1329 2232 1382 mino"
2260 1345 2275 1382 :
2308 1327 2435 1383 Noli
2461 1330 2653 1394 dicere,
2682 1331 2806 1398 quia
2818 1331 2957 1386 Puer
2979 1348 3073 1402 ego
3101 1350 3238 1394 sunt,
3258 1338 3510 1405 quoniam
3541 1339 3611 1391 ad

2046 1433 2221 1471 omnes
2239 1435 2569 1489 quoscunque
2586 1421 2788 1472 mittam
2804 1430 2876 1487 te,
2896 1422 3015 1485 ibis,
3030 1433 3078 1476 et
3093 1441 3413 1495 quwcunque
3429 1427 3613 1483 dixero

2047 1511 2155 1570 tibi,
2174 1510 2425 1582 loqueris.
2457 1511 2561 1566 Sed
2602 1511 2834 1568 fortasse
2875 1514 3077 1570 adultae
3106 1517 3201 1571 tibi
3235 1516 3350 1587 jam
3383 1519 3500 1573 ista:
3527 1521 3612 1574 vi-

2048 1604 2279 1658 deantur
2307 1615 2517 1661 aetates.
2549 1604 2697 1661 Dabo
2727 1606 2820 1660 tibi
2852 1605 3108 1662 athletam
3148 1609 3241 1678 qui
3274 1618 3402 1666 ante
3441 1610 3617 1666 lucta-

2051 1703 2137 1751 tus
2159 1697 2251 1762 sit,
2284 1706 2339 1752 et
2369 1698 2559 1753 vicerit
2587 1699 2902 1769 priusquam
2933 1698 3077 1754 inter
3106 1702 3352 1758 homines
3371 1704 3614 1759 emiserit

2049 1790 2277 1860 vagitus.
2307 1788 2476 1846 Jacob
2507 1792 2683 1847 adhuc
2722 1792 2861 1847 intra
2902 1803 3114 1848 uterum
3158 1795 3349 1851 matris
3378 1810 3492 1851 sum
3522 1795 3612 1850 lu-

2047 1892 2222 1937 ctatus
2249 1897 2371 1937 cum
2412 1882 2583 1938 fratre
2623 1883 2788 1948 Esau,
2824 1885 3191 1955 supplantavit
3218 1901 3345 1942 eum
3373 1897 3428 1942 et
3458 1888 3608 1954 vicit,

2046 1989 2114 2029 ex
2144 1990 2250 2046 quo
2280 1985 2335 2031 et
2359 1975 2684 2046 supplantati
2728 1985 2783 2032 et
2809 1960 3004 2032 devicti
3042 1978 3231 2034 fratris
3273 1980 3615 2036 benedictio-

2048 2080 2146 2120 nes
2200 2066 2542 2136 primogeniti
2595 2082 2626 2119 a
2673 2076 2897 2135 parente
2944 2069 3253 2138 suscepit“.
3276 2069 3413 2125 Nam
3447 2079 3504 2126 et
3535 2071 3615 2126 illi

2047 2157 2201 2226 pueri
2240 2172 2367 2212 num
2407 2157 2503 2213 tibi
2538 2158 2796 2213 videntur
2826 2159 2876 2212 in
2906 2160 3096 2227 puerili
3127 2176 3301 2231 agone
3342 2166 3612 2227 coronati,

2046 2246 2139 2316 qui
2172 2248 2313 2317 apud
2344 2246 2659 2303 Bethlehem
2689 2263 2719 2302 a
2761 2249 2969 2304 bimatu
3000 2259 3059 2305 et
3099 2251 3237 2307 infra
3264 2268 3364 2324 pro
3395 2254 3613 2311 Domini

2047 2338 2268 2393 nomine
2297 2338 2533 2408 palmam
2564 2353 2760 2406 cepere
2798 2341 3083 2413 martyrii?
3119 2341 3285 2399 Vides
3309 2355 3514 2413 quanta
3557 2346 3612 2401 in

2047 2443 2250 2498 pueros
2292 2443 2617 2484 coronarum
2659 2429 2921 2486 habemus
2963 2434 3245 2504 exempla..
3278 2434 3405 2491 llaec
3442 2437 3511 2492 de
3547 2451 3616 2493 eo

2050 2520 2195 2590 quod
2229 2520 2585 2589 repetivimus
2626 2522 3014 2592 expositionem
3046 2526 3298 2581 versiculi
3338 2526 3480 2583 illius
3521 2529 3613 2598 qui

2048 2611 2181 2665 dicit
2210 2628 2224 2666 :
2259 2608 2391 2665 Cum
2420 2612 2686 2678 ceciderit,
2711 2629 2812 2665 non
2833 2615 3286 2680 prosternetur.El
3312 2631 3480 2686 quare
3507 2633 3613 2671 non

2048 2711 2449 2772 prosternatur,
2477 2704 2675 2772 adjecit
2703 2720 2925 2760 Causam
2943 2706 3162 2761 dicens:
3190 2707 3328 2773 Quia
3358 2707 3614 2764 Dominus

2048 2796 2324 2864 conﬁrmat
2365 2812 2578 2850 manum
2605 2796 2741 2866 ejus.
2770 2796 2836 2851 Et
2863 2797 2983 2851 vide
3021 2812 3182 2866 quam
3221 2811 3616 2869 consequenter

2045 2886 2116 2941 de
2149 2886 2377 2957 singulis
2406 2886 2537 2941 dicit
2562 2888 2670 2944 :Ne
2700 2888 2881 2953 cadat,
2910 2889 3190 2956 Dominus,
3239 2891 3433 2962 inquit,
3463 2907 3618 2962 gres-

2048 2993 2140 3032 sus
2173 2980 2289 3047 ejus
2317 2981 2546 3051 dirigit;
2577 2981 2620 3035 si
2656 2990 2843 3035 autem
2886 2980 3180 3047 ceciderit,
3214 2998 3319 3037 non
3369 2995 3613 3053 proster-

2048 3070 2234 3125 nitur:
2269 3070 2552 3137 Dominus,
2578 3072 2776 3141 inquit,
2810 3072 2989 3126 tirmat
3021 3089 3241 3128 manum
3271 3075 3407 3145 ejus.
3456 3076 3616 3135 Vides

2050 3177 2180 3231 ergo
2207 3165 2333 3232 quia
2369 3161 2580 3217 Domini
2615 3177 2831 3231 semper
2861 3162 3066 3218 auxilio
3089 3164 3410 3235 indigemus.
3430 3165 3614 3223 Primo

2051 3269 2117 3310 ne
2148 3256 2447 3310 cadamus:
2483 3264 2593 3309 tum
2618 3254 2813 3310 deinde
2845 3254 3012 3310 etiam
3057 3255 3101 3310 si
3135 3257 3522 3324 ceciderimus,
3555 3270 3617 3317 ut

2049 3361 2270 3417 resurgat
2280 3361 2419 3402 mus.

2118 3436 2173 3493 5.
2204 3419 2420 3489 Iuvenis
2451 3435 2531 3507 fui
2552 3448 2598 3490 et
2623 3436 2792 3499 senui,
2838 3445 2888 3491 et
2922 3454 3026 3491 non
3051 3439 3156 3494 ridi
3184 3440 3393 3510 justum
3420 3443 3614 3497 dereli-

2047 3537 2212 3593 ctum,
2243 3545 2334 3582 nec
2358 3545 2531 3582 semen
2552 3528 2666 3597 ejus
2698 3545 2940 3599 quarens
2959 3548 3171 3599 panem.
3195 3531 3324 3588 Tota
3340 3536 3427 3589 die
3452 3538 3613 3591 mise-

2048 3631 2193 3675 retur
2232 3631 2280 3675 et
2314 3620 2539 3688 fenerat,
2570 3632 2615 3674 et
2638 3636 2811 3674 semen
2850 3621 2964 3690 ejus
3004 3624 3057 3676 in
3080 3624 3431 3681 benedictione
3453 3631 3552 3682 erit
3570 3628 3615 3686 ’.

2047 3711 2148 3778 Qui
2178 3713 2495 3781 simpliciter
2524 3713 2713 3766 dicunt
2742 3722 2797 3769 et
2824 3714 3123 3768 secundum
3153 3714 3439 3770 historiam
3471 3722 3616 3774 acci—

2047 3804 2246 3874 pienda
2293 3818 2414 3857 esse
2447 3803 2608 3858 verba
2650 3802 2944 3871 Scriptura:
2987 3803 3186 3858 divina:
3213 3843 3229 3870 ,
3274 3805 3457 3861 dicent
3498 3810 3615 3864 sine

2050 3896 2214 3949 dubio
2266 3895 2318 3948 in
2372 3895 2492 3948 loco
2543 3894 2872 3950 confirmare
2928 3895 3119 3959 David,
3150 3897 3280 3966 quia
3341 3908 3613 3955 transacta

2045 3998 2206 4042 aetate
2225 3987 2529 4057 iuventutis
2556 4001 2667 4039 suae
2696 4001 2819 4039 cum
2853 3987 2964 4055 jam
3001 3999 3172 4057 utique
3215 3990 3281 4042 ad
3313 3995 3616 4049 senectutis

2046 4096 2158 4136 suae
2179 4091 2384 4151 tempus
2410 4079 2664 4139 venisset,
2696 4081 2748 4132 in
2781 4079 2927 4132 omni
2954 4080 3054 4135 hoc
3076 4090 3319 4150 tempore
3341 4101 3612 4154 nunquam

2047 4191 2105 4231 se
2128 4174 2333 4228 vidisse
2370 4172 2441 4226 ita
2469 4171 2669 4240 justum
2701 4171 3020 4226 derelictum
3059 4183 3118 4226 ut
3148 4177 3378 4242 panibus
3402 4178 3612 4248 indige-

2047 4276 2149 4321 ret.
2188 4266 2252 4319 Et
2276 4264 2402 4333 quid
2436 4262 2663 4317 facimus
2690 4264 2754 4316 de
2791 4261 2957 4316 Paulo
2998 4267 3241 4332 apostolo
3270 4268 3312 4333 ⁸,
3346 4272 3433 4337 qui
3479 4288 3616 4326 enu-

2047 4373 2259 4413 merans
2282 4367 2335 4411 et
2358 4370 2636 4425 exponens
2673 4354 3060 4423 prophetarmn
3096 4359 3236 4413 vitas
3262 4361 3503 4417 diciteos
3530 4366 3606 4418 in-

374 4459 476 4515 bus
505 4471 856 4514 coronantur.
877 4458 1020 4515 Inter
1046 4461 1223 4531 paedas
1257 4459 1505 4522 vincunt,
1543 4459 1685 4514 inter
1710 4460 1938 4530 agonios
1973 4476 2016 4532 υ
2046 4452 2316 4521 digettltBS.
2345 4448 2647 4510 tribulalos.
2697 4449 2747 4500 iu
2778 4447 3007 4515 pellibus
3042 4452 3281 4518 caprinis
3324 4454 3612 4510 oberrasse

373 4554 620 4616 vincunt,
652 4553 790 4607 inter
819 4553 1018 4609 andras
1054 4553 1295 4606 vincunt.
1341 4551 1447 4604 Alii
1481 4551 1771 4606 vincuntur
1798 4552 1940 4605 inter

376 4647 594 4706 andras.
631 4645 722 4699 sed
750 4645 1243 4699 coronanturinter
1270 4644 1517 4713 agonios,
1548 4656 1939 4710 nonnunquam

374 4743 534 4795 etiam
563 4739 704 4792 inter
730 4736 929 4791 andras
957 4738 1197 4790 vincunt.
1233 4737 1375 4807 Ergo
1404 4734 1663 4803 aliquanti
1699 4748 1937 4802 semper,

376 4831 637 4901 aliquanti
673 4830 912 4884 secundo
942 4828 1023 4883 vel
1066 4829 1223 4882 tertio
1255 4837 1610 4883 coronantur.
1644 4825 1805 4881 Certe
1838 4825 1941 4879 mi~

376 4940 556 4979 serum
590 4931 668 4975 est
698 4929 754 4974 et
782 4920 982 4973 ultima:
1028 4919 1387 4983 infelicitatis,
1420 4920 1472 4973 in
1513 4916 1770 4974 omnibus
1804 4931 1934 4984 ago-

377 5013 537 5066 nihus
566 5019 675 5066 tam
708 5011 874 5064 variis
915 5020 1081 5079 atque
1110 5009 1366 5075 diversis,
1415 5024 1481 5063 ne
1513 5024 1672 5063 unam
1716 5009 1936 5079 quidem

377 5101 675 5173 promereri
726 5116 1001 5156 coronam.
1056 5102 1129 5155 Ita
1180 5117 1311 5169 ergo
1352 5110 1405 5153 et
1435 5100 1801 5166 Christianus,
1851 5097 1937 5153 cui

350 5205 634 5249 ‘certamen
670 5202 746 5247 est
786 5209 886 5245 non
917 5194 1164 5245 adversus
1187 5208 1396 5246 carnem
1418 5202 1464 5245 et
1483 5193 1813 5261 sanguinem,
1844 5192 1934 5246 sed

375 5289 620 5342 adversus
640 5286 960 5355 principatus
984 5294 1031 5338 et
1066 5290 1370 5353 potestates,
1397 5293 1445 5336 et
1467 5284 1718 5336 adversus
1748 5283 1945 5343 princi-

2048 4560 2147 4613 per
2188 4554 2453 4597 cavernas
2492 4549 2789 4607 petrarum,
2839 4549 2892 4593 et
2952 4555 3049 4608 per
3096 4541 3429 4609 speluncas:
3463 4548 3614 4602 etde

2047 4636 2227 4704 seipso
2281 4646 2712 4688 commemorans
2766 4631 3082 4701 frequenter
3136 4634 3300 4699 dicit,
3356 4636 3410 4689 in
3467 4636 3612 4692 fame

2046 4737 2101 4783 et
2157 4728 2246 4782 siti
2307 4722 2358 4777 '?
2412 4726 2476 4780 Et
2530 4740 2654 4780 cum
2722 4725 2839 4780 haec
2895 4727 3005 4794 pati
3053 4728 3230 4798 justus
3300 4730 3611 4800 frequenter

2047 4819 2453 4888 Scripturarum
2532 4818 2777 4874 historiis
2843 4834 3271 4889 cognoscamus,
3341 4826 3611 4892 quomodo

2045 4926 2190 4965 nunc
2230 4912 2521 4980 putandum
2575 4920 2659 4966 est
2694 4912 2795 4966 hoc
2846 4912 3015 4967 David
3080 4913 3262 4966 dicere
3311 4916 3604 4968 secundum

2045 5000 2343 5070 simplicem
2406 5000 2782 5055 intellectum?
2843 5000 2949 5056 Sed
3012 5003 3292 5058 videamus
3342 5018 3410 5058 ne
3469 5004 3609 5058 forte

2047 5092 2156 5147 sint
2185 5093 2378 5161 aliquae
2407 5102 2595 5147 anates
2623 5092 2901 5148 interioris
2943 5093 3180 5149 hominis
3211 5095 3402 5161 nostri,
3442 5097 3509 5149 ad
3539 5096 3609 5150 si-

2048 5182 2406 5238 militudinem
2434 5182 2719 5237 exterioris
2744 5192 2800 5237 et
2824 5182 3126 5253 corporalis
3157 5184 3352 5239 aetatis.
3385 5183 3535 5239 Unde
3556 5194 3610 5239 et

2042 5276 2315 5332 interdum
2347 5276 2415 5330 ad
2449 5276 2595 5329 viros
2626 5274 2737 5344 jam
2772 5283 2982 5329 matura
3004 5283 3167 5329 aetate
3212 5274 3432 5342 dicitur,
3476 5277 3603 5344 quia

373 5397 460 5444 pes
505 5379 662 5447 hujus
693 5378 876 5430 mundi
902 5377 1236 5430 tenebrarum
1277 5374 1490 5439 Irarum,
1517 5374 1765 5426 adversus
1791 5374 1948 5435 spiri-
2040 5372 2195 5441 pueri
2229 5377 2377 5435 sunt,
2402 5380 2455 5424 et
2484 5369 2605 5423 aliis
2630 5370 2755 5439 quia
2785 5383 2970 5432 senes,
2993 5378 3047 5420 et
3063 5367 3185 5422 aliis
3210 5367 3335 5436 quia
3355 5366 3605 5437 juvenes,

375 5471 503 5525 talia
545 5472 790 5541 nequitia?
817 5471 870 5524 in
899 5470 1189 5529 ccelestibus
1214 5469 1256 5534 ³,
1297 5483 1419 5523 cum
1463 5478 1644 5523 tantos
1668 5467 1859 5522 habeat
1890 5475 1945 5521 et
2038 5476 2092 5521 et
2108 5468 2222 5520 ham
2246 5464 2431 5532 utique
2460 5462 2563 5516 dici
2588 5462 2654 5516 de
2682 5461 2951 5530 corporali
2979 5470 3143 5514 aetate
3185 5473 3290 5513 non
3322 5461 3600 5515 convenit.

379 5562 513 5616 tales
540 5565 902 5625 adversarios,
938 5555 1192 5629 tanquam
1222 5562 1465 5631 agonista
1500 5559 1732 5629 vigilare
1758 5560 1938 5625 debet,

444 5657 487 5689 "'
513 5656 710 5712 Jerem.
743 5673 863 5723 rm,
890 5658 941 5721 4,
971 5658 1024 5712 5.
1099 5656 1215 5711 ""ll
1241 5658 1364 5715 Cor.
1390 5672 1485 5720 xit,
1514 5656 1606 5713 2|.

377 5724 464 5780 12.
565 5726 587 5757 ⁸
616 5731 746 5780 Dan.
784 5743 901 5780 xm.
995 5730 1017 5760 ⁸
1049 5727 1158 5782 Jer.
1192 5743 1228 5786 ι,
1257 5727 1310 5779 7.

692 5822 964 5882 PATROL.
995 5822 1111 5883 Gn.
1144 5822 1280 5883 ΧΠ.

1678 5657 1725 5689 ⁹⁹
1750 5655 1794 5709 ΙΙ
1817 5655 1957 5711 Titii.
1987 5670 2046 5718 ll,
2082 5653 2135 5707 5.

1414 5726 1584 5784 “Gen.
1618 5742 1745 5782 xxv.
1817 5728 1838 5760 ⁷
1862 5726 2001 5783 l'sal.
2031 5739 2220 5789 xxxvi,
2242 5721 2333 5776 25.

2041 5557 2284 5624 Denique
2329 5570 2452 5609 cuin
2491 5553 2708 5623 plurimi
2745 5564 2874 5606 ante
2915 5551 3191 5606 Abraham
3229 5561 3515 5607 sexcentos
3552 5563 3600 5608 et

2214 5652 2230 5683 ¹
2262 5652 2278 5703 l
2311 5650 2433 5706 Cor.
2466 5662 2542 5707 ix,
2575 5648 2666 5702 26.
2705 5651 2727 5681 ³
2758 5649 2795 5703 ll
2827 5648 2969 5706 Tini.
3003 5664 3079 5713 Iv,
3110 5649 3164 5703 7.
3239 5650 3261 5680 ³
3297 5648 3495 5719 prcs.
3533 5666 3604 5716 νι,

2405 5721 2426 5752 ⁸
2458 5720 2620 5775 llebr.
2658 5734 2729 5772 xi.
2805 5721 2824 5751 ⁸
2863 5719 2904 5773 ll
2931 5721 3057 5776 Cor.
3097 5737 3170 5776 xi.

3214 5813 3292 5872 E3
