4020 6152
537 267 676 328 1555

1938 264 2027 324 EX
2064 265 2365 325 ORlGENE

3649 272 3756 331 1353

533 392 879 463 quingentos,
904 399 962 446 ut
983 391 1262 447 minimum
1294 399 1565 448 trecentos
1594 406 1768 450 annos
1804 391 2104 456 vixissent,
2134 396 2181 452 Α
2210 389 2440 460 relinqui
2469 403 2499 444 a
2523 387 2636 445 Deo
2667 389 2946 457 putandus
2989 399 3074 448 est
3112 389 3331 464 justus,
3364 404 3497 448 cum
3540 394 3757 463 egritudo

529 487 600 537 dc
631 484 779 539 nullo
811 483 1027 537 illorum
1062 484 1265 539 dictum
1299 496 1403 554 est,
1437 488 1565 558 quia
1611 486 1800 541 senior
1826 494 1882 541 et
1906 485 2101 555 plenus

529 574 745 628 dierum
779 573 964 639 fuerit,
996 574 1098 628 nisi
1143 575 1413 629 Abraham
1447 577 1836 632 tantummodo.
1870 577 1945 631 Ex
1990 590 2100 645 quo

525 662 690 734 673
715 664 1120 733 intelligendum
1147 674 1250 734 est,
1266 667 1404 731 quod
1423 682 1526 722 non
1551 669 1616 721 de
1642 676 1801 722 aetate
1833 668 2097 736 corporis,

528 760 621 811 sed
671 757 739 811 de
785 757 1099 812 maturitate
1161 757 1437 813 interioris
1476 759 1715 814 hominis
1755 759 2096 829 designatum

527 856 631 903 est.
650 847 804 903 Unde
825 855 881 903 et
908 862 1009 904 nos
1037 857 1228 918 optare
1249 848 1506 905 debemus
1529 866 1636 906 non
1661 865 1758 921 pro
1787 859 1946 905 aetate
1975 865 2096 905 cor-

525 940 696 1010 poris,
721 955 894 1010 neque
914 956 1013 1010 pro
1037 940 1214 995 ollicio
1244 942 1562 1013 presbyterii
1590 942 1848 1012 appellari
1875 941 2099 1013 presby-

528 1033 631 1088 teri
660 1044 716 1089 et
742 1035 1006 1098 seniores,
1031 1033 1124 1088 sed
1153 1048 1252 1102 pro
1286 1033 1565 1089 interioris
1598 1034 1830 1090 hominis
1853 1035 2094 1103 perfecto

524 1140 686 1181 sensu
735 1137 791 1182 et
839 1127 1113 1197 gravitate
1157 1124 1511 1191 constantiae,
1544 1125 1684 1180 sicut
1719 1133 1774 1181 et
1818 1125 2092 1181 Abraham

523 1219 820 1289 appellatus
866 1227 952 1274 est
984 1218 1266 1289 presbyter
1295 1218 1534 1273 nutritus
1569 1218 1625 1273 in
1679 1229 1960 1276 senectute
2002 1221 2097 1277 bo-

523 1328 590 1366 na
626 1312 690 1365 ¹⁰.
726 1309 822 1366 Est
871 1324 1000 1382 ergo
1047 1318 1180 1366 mtas
1215 1308 1395 1379 aliqua
1431 1310 1726 1365 secundum
1782 1311 2093 1367 interiorem

522 1407 796 1464 hominem
829 1406 1077 1477 puerilis,
1105 1414 1188 1461 est
1232 1416 1289 1461 et
1318 1416 1450 1462 tetas
1481 1406 1762 1476 juvenilis,
1797 1417 1882 1463 est
1924 1420 1979 1465 ct
2009 1424 2095 1465 se-

521 1503 648 1558 nilis
698 1503 993 1558 secundum
1044 1503 1188 1572 quod
1237 1500 1527 1571 Apostolus
1580 1500 1909 1558 dicebat“:
1960 1501 2093 1557 Cum

520 1604 684 1643 essem
727 1588 999 1653 paruulus,
1043 1589 1294 1661 loquebar
1325 1601 1382 1646 ut
1404 1590 1685 1659 paruulus,
1721 1592 1987 1661 sapiebam
2036 1602 2090 1646 ut

519 1679 794 1749 paruulus,
826 1680 1117 1751 cogitabam
1144 1692 1201 1736 ut
1231 1681 1480 1752 paruulus
1512 1697 1534 1748 ;
1565 1698 1683 1737 cum
1711 1693 1884 1738 autem
1921 1683 2088 1753 factus

519 1789 636 1827 sum
659 1773 755 1835 vir,
801 1775 1046 1828 euacuavi
1090 1789 1209 1845 qua:
1246 1784 1395 1828 erant
1449 1775 1674 1844 paruuli.
1729 1775 1842 1845 Ego
1879 1775 1994 1832 inec
2023 1779 2092 1831 ab

519 1863 776 1934 Apostolo
808 1878 917 1918 non
946 1865 1013 1919 de
1049 1865 1319 1934 corporali
1365 1875 1526 1921 aetate
1564 1867 1670 1923 dici
1706 1867 1973 1939 intelligo,
1998 1870 2092 1923 sed

519 1957 773 2027 quoniam
798 1971 921 2010 cum
944 1956 998 2010 in
1028 1956 1182 2011 initio
1203 1956 1553 2025 credidisset,
1577 1957 1681 2012 fuit
1703 1958 1960 2027 parvulus
1994 1974 2093 2013 nu-

517 2064 616 2120 per
640 2049 891 2118 genitus,
931 2050 1256 2106 rationabile
1299 2061 1356 2106 et
1395 2053 1515 2107 sine
1561 2052 1684 2108 dolo
1710 2052 1794 2108 lac
1836 2055 2092 2125 concupi-

517 2155 679 2196 scens
710 2142 777 2207 ",
812 2151 941 2196 tunc
979 2142 1319 2212 intelligebat
1359 2143 1674 2215 Scripturas
1706 2153 1766 2200 ut
1807 2147 2087 2216 parvulus,

517 2231 762 2298 sapiebat
785 2234 853 2286 de
877 2231 1172 2301 Evangelio
1205 2242 1266 2287 ιιι
1289 2234 1570 2304 parvulus,
1593 2237 1866 2305 cogitabat
1889 2246 1948 2292 ut
1968 2254 2091 2308 par-

516 2325 707 2391 vulus;
740 2325 838 2380 sed
878 2335 998 2394 post
1045 2326 1163 2380 haec
1211 2325 1502 2394 proﬁciens
1538 2337 1696 2384 aetate
1737 2329 1803 2384 ad
1848 2330 2093 2388 similitu-

516 2420 694 2475 dinem
719 2419 928 2476 Christi
955 2422 1020 2475 de
1048 2434 1158 2490 quo
1188 2422 1454 2489 scriptum
1498 2431 1583 2477 est
1612 2423 1656 2454 “
1684 2424 1810 2491 quia
1834 2426 2092 2495 Proﬁcie-

515 2515 603 2567 bat
627 2523 779 2568 tetate
810 2522 858 2567 et
898 2513 1158 2580 sapientia
1189 2523 1235 2566 et
1286 2516 1457 2583 gratia
1497 2514 1638 2583 apud
1667 2513 1831 2569 Deum
1868 2524 1917 2570 et
1948 2517 2091 2585 apud

513 2606 772 2668 homines,
792 2604 1096 2675 deponebat
1125 2621 1246 2676 quae
1266 2613 1425 2660 erant
1456 2606 1667 2676 parvuli
1689 2615 1775 2661 :et
1803 2619 2087 2677 propterea

514 2696 653 2750 dixit
680 2695 746 2763 ³⁸,
767 2695 896 2752 Cum
939 2695 1116 2764 [actus
1156 2711 1274 2748 sum
1319 2696 1420 2760 vir,
1452 2711 1569 2762 qua:
1601 2696 1806 2763 paruuli
1822 2708 1970 2750 erant
1998 2700 2091 2752 de-

513 2789 685 2859 posui.
723 2786 800 2842 Ita
832 2800 965 2857 ergo
996 2785 1378 2856 intelligendus
1411 2796 1495 2842 est
1525 2787 1690 2842 etiam
1729 2787 1899 2842 David
1936 2788 2089 2844 dice-

514 2895 576 2936 re
602 2881 670 2948 ",
693 2881 906 2937 Juvenis
929 2880 1008 2949 {ui
1031 2889 1076 2933 et
1108 2880 1256 2933 senui
1281 2894 1302 2943 ;
1329 2887 1389 2932 ut
1429 2880 1476 2934 si
1507 2879 1733 2947 diceret,
1749 2882 1880 2939 Cum
1912 2895 2085 2936 essem

513 2972 769 3042 parvulus
799 2973 1095 3028 secundum
1127 2970 1443 3025 interiorem
1482 2971 1777 3037 hominem,
1806 2988 1948 3028 nunc
1974 2972 2084 3041 jam

2204 483 2448 552 corporis
2488 481 2865 546 advenit,cum
2899 482 3191 549 tribulatio,
3226 499 3371 539 cum
3417 493 3694 553 paupertas
3719 497 3759 541 et

2202 574 2426 644 singulae
2464 588 2694 646 quaeque
2734 573 2894 642 hujus
2929 574 3053 629 vitae
3095 575 3376 630 molestiae
3421 587 3754 644 generantur:

2202 653 2319 723 haec
2331 668 2564 722 maxime
2578 666 2741 733 iustis
2758 666 3008 722 accidere
3027 667 3223 734 solent,
3240 669 3460 738 quibus
3477 678 3533 723 et
3547 685 3757 738 persecu-

2201 761 2402 815 tionem
2433 760 2542 829 pati
2579 775 2679 829 pro
2707 760 2928 816 nomine
2961 760 3054 815 Dei
3108 762 3368 816 solemne
3414 771 3523 826 est,
3568 766 3654 818 sed
3678 781 3756 818 nou

2200 853 2645 922 derelinquuntur
2673 869 2795 908 cum
2830 853 3101 923 patientes
3147 854 3275 908 haec
3313 856 3509 909 omnia
3558 866 3609 910 et
3654 858 3757 911 tole-

2201 953 2382 1000 rantes
2429 945 2617 1001 dicunt
2643 947 2709 1000 ης
2746 944 2917 1001 Nemo
2962 960 3059 1000 nos
3108 946 3403 1014 separabit
3450 963 3482 1002 a
3532 948 3759 1018 charitate

2199 1035 2315 1099 Dei,
2340 1050 2460 1105 qua:
2490 1044 2573 1090 est
2608 1036 2660 1089 in
2701 1035 2922 1092 Christo
2950 1034 3105 1100 Jesu,
3142 1051 3334 1107 neque
3364 1039 3663 1105 tribulatio,
3692 1056 3759 1095 ue-

2197 1140 2303 1195 que
2344 1129 2535 1190 fames,
2579 1143 2756 1198 neque
2798 1130 3073 1197 angustia,
3109 1145 3295 1200 neque
3349 1129 3594 1198 nuditas,
3620 1149 3757 1202 neque

2196 1217 2444 1288 gladius,
2477 1235 2652 1290 neque
2702 1221 2950 1291 altitudo,
3000 1241 3174 1297 neque
3218 1225 3592 1294 profundum,
3621 1240 3760 1292 neque

2197 1309 2302 1364 alia
2329 1321 2602 1366 creatura.
2651 1312 2894 1383 Denique
2946 1318 3225 1386 pr0pheta:
3253 1319 3331 1384 ³ο,
3365 1316 3466 1386 qui
3498 1315 3757 1370 circuibant

2196 1398 2251 1453 in
2290 1401 2509 1458 deserto
2558 1416 2658 1472 per
2708 1420 2969 1461 cavernas
3021 1417 3309 1476 petrarum
3372 1415 3432 1461 et
3484 1407 3754 1474 speluncas.

2194 1501 2437 1561 egentes,
2466 1494 2734 1560 tribulati,
2767 1496 2977 1564 aﬂlicti,
3028 1498 3154 1554 licet
3185 1500 3240 1554 in
3284 1499 3533 1555 desertis
3573 1497 3755 1552 οδω-ηρ

2195 1592 2337 1650 rent,
2380 1593 2435 1641 et
2464 1597 2647 1641 essent
2693 1588 2761 1643 ab
2808 1590 3119 1645 hominibus
3169 1591 3457 1654 derelicti,
3508 1588 3757 1643 multitudo

2199 1682 2377 1730 tamen
2407 1691 2503 1733 eos
2523 1676 2835 1749 angelorum
2860 1680 3252 1737 circumdabat.
3290 1681 3393 1736 Sic
3419 1681 3647 1749 denique
3672 1679 3754 1732 Eli-

2195 1783 2336 1824 saeus
2363 1784 2486 1824 cum
2533 1779 2678 1826 esset
2724 1772 2792 1827 ab
2835 1773 3145 1829 hominibus
3184 1773 3520 1839 derelictus,
3576 1772 3749 1827 caelesti

2195 1862 2639 1918 circumdabatur
2675 1866 2940 1929 exercitu,
2984 1868 3286 1923 secundum
3328 1867 3480 1936 quod
3525 1870 3746 1936 scriptun

2191 1954 2535 2025 est":Aperi
2560 1958 2745 2012 oculos
2771 1961 2920 2027 pueri
2950 1959 3131 2027 hujus,
3159 1970 3217 2014 ut
3237 1961 3436 2015 videat
3460 1959 3585 2029 quia
3604 1958 3750 2027 plures

2190 2045 2474 2101 nobiscum
2500 2056 2808 2118 suntquam
2841 2066 2961 2104 cum
2993 2050 3116 2105 illis.
3147 2051 3215 2105 Et
3247 2052 3397 2107 vidit
3429 2061 3599 2105 totum
3620 2065 3744 2105 mon-

2191 2144 2301 2192 tem
2340 2137 2613 2206 equitibus
2639 2150 2694 2196 et
2733 2142 2986 2197 curribus
3040 2143 3285 2213 plenum.
3312 2142 3601 2211 Nunquam
3627 2142 3743 2195 enim

2190 2227 2336 2284 solus
2373 2229 2675 2299 estjustus,
2703 2232 2797 2286 sed
2829 2247 2897 2287 ne
2922 2233 3084 2288 unius
3111 2234 3363 2303 quidem,
3398 2242 3497 2287 aut
3525 2235 3737 2290 duorum.

2189 2322 2272 2377 vel
2295 2325 2453 2376 trium
2481 2326 2852 2379 tantummodo
2874 2326 3187 2397 angelorum
3210 2327 3490 2383 societate
3515 2327 3740 2381 subnixus

2189 2423 2295 2478 est,
2314 2413 2406 2468 sed
2440 2418 2713 2469 exercitus
2734 2416 2782 2471 ei
2803 2418 3064 2472 virtutum
3095 2419 3410 2474 caelestium
3444 2429 3630 2489 praesto
3654 2427 3731 2471 est.

2189 2504 2345 2571 Quod
2375 2505 2420 2560 si
2464 2507 2710 2574 pluribus
2754 2508 2932 2565 adhuc
2972 2510 3300 2566 testimoniis
3348 2527 3491 2580 opus
3517 2519 3612 2575 est,
3642 2523 3734 2563 sus-

2188 2597 2309 2665 cipe
2355 2606 2410 2652 et
2455 2598 2620 2653 aliud.
2654 2598 2821 2655 Jacnb
2848 2602 3086 2670 quandiu
3127 2612 3252 2658 erat
3296 2604 3354 2658 in
3393 2603 3552 2658 domo
3575 2614 3728 2671 paren-

2189 2696 2301 2742 tum
2328 2698 2522 2745 etcum
2553 2689 2720 2747 fratre
2754 2691 2916 2759 Esau,
2960 2709 3066 2749 non
3101 2705 3369 2751 eratcum
3402 2693 3632 2750 exercitu
3652 2706 3727 2743 aa-

2188 2780 2430 2852 gelorum
2462 2798 2478 2835 :
2507 2798 2629 2836 cum
2662 2797 2794 2839 vero
2836 2786 3152 2840 secessisset
3190 2788 3259 2841 ad
3284 2785 3622 2842 solitudinem
3649 2781 3723 2834 de-

2187 2874 2340 2941 serti,
2357 2883 2415 2928 et
2432 2873 2579 2929 solus
2602 2875 2704 2929 iter
2719 2886 2905 2945 ageret
2929 2878 2994 2930 ad
3022 2877 3497 2947 Mesopotamiam,
3513 2873 3725 2930 dormivit

2189 2963 2243 3019 in
2275 2964 2392 3020 loco
2425 2965 2682 3034 quodam,
2703 2976 2757 3019 et
2787 2981 3090 3038 exsurgens
3109 2970 3243 3024 dicit
3267 2972 3402 3040 quia
3433 2980 3639 3024 vocatur
3654 2966 3719 3020 hic

514 3066 687 3121 senui.
725 3063 839 3119 Nisi
900 3065 1046 3117 enim
1099 3064 1393 3126 senuisset,
1448 3064 1708 3131 propheta
1764 3080 1870 3119 non
1920 3075 2083 3121 esset.

2190 3055 2339 3111 locus
2360 3056 2674 3127 παρεμϐολή
2697 3098 2713 3125 ,
2745 3059 2892 3129 quod
2925 3070 3008 3115 est
3040 3070 3253 3127 castra,
3292 3076 3395 3133 pro
3419 3076 3486 3117 eo
3505 3062 3631 3129 quod
3660 3058 3720 3109 vi-

514 3157 757 3227 Namque
789 3170 983 3210 senum
1010 3164 1092 3209 est
1122 3156 1467 3224 prophetare.
1501 3154 1730 3209 Etiamsi
1775 3157 1961 3212 videas
1987 3155 2089 3212 aii-

514 3249 734 3322 quando
757 3247 1010 3315 juvenem
1043 3247 1482 3317 prophetantem.
1530 3262 1636 3300 non
1667 3247 1880 3303 dubites
1907 3249 2089 3306 dicere

515 3341 582 3396 de
600 3354 695 3405 eo,
721 3339 847 3407 quia
890 3338 1188 3391 secundum
1225 3335 1542 3391 interiorem
1582 3338 1854 3392 hominem
1885 3340 2085 3405 senuit,

517 3439 803 3501 propterea
833 3428 1093 3498 propheta
1124 3439 1208 3481 est
1240 3446 1253 3481 :
1282 3425 1517 3495 denique
1557 3425 1821 3481 Jcremias
1843 3443 1966 3483 cum
1990 3445 2088 3484 att-

516 3516 1165 3589 divisset“:Priusquam
1190 3524 1237 3571 te
1269 3522 1586 3585 ptasmarem
1616 3519 1670 3571 in
1706 3529 1854 3573 utero
1879 3520 1998 3573 novi
2015 3531 2084 3584 te,

515 3620 566 3667 et
594 3620 872 3683 antequam
910 3611 1083 3664 exires
1127 3611 1195 3663 de
1233 3608 1385 3663 uulua
1421 3608 1751 3677 sanctiﬁcavi
1777 3620 1847 3674 te,
1888 3622 1937 3666 et
1966 3628 2086 3681 pro-

516 3706 725 3775 phetam
772 3705 829 3757 in
863 3702 1101 3772 gentibus
1140 3699 1241 3776 feci
1275 3707 1345 3763 te,
1390 3701 1671 3770 respondit
1707 3703 1832 3770 quia
1870 3703 2084 3759 Juvenis

518 3812 610 3866 ego
633 3811 747 3849 sum
785 3804 830 3848 et
872 3791 1047 3846 nescio
1074 3789 1235 3860 loqui.
1273 3788 1378 3844 Sed
1402 3788 1492 3844 ille
1523 3790 1613 3859 qui
1640 3790 1689 3843 ei
1713 3792 1932 3846 donavit
1957 3809 2084 3864 gra-

513 3886 646 3941 tiam
675 3892 859 3937 utnon
897 3890 1042 3937 esset
1080 3895 1237 3948 puer,
1266 3878 1362 3933 sed
1404 3888 1552 3933 esset
1580 3882 1763 3934 senior
1785 3884 2081 3938 secundum

515 3974 823 4028 interiorem
842 3971 1136 4034 hominem,
1161 3969 1237 4022 ait
1261 3968 1327 4023 ad
1353 3969 1530 4024 eum"
1556 3984 1570 4020 :
1595 3968 1720 4023 Noli
1742 3970 1935 4039 dicere,
1958 3976 2082 4042 quia

505 4063 714 4119 Juvenis
741 4077 833 4132 ego
864 4078 995 4117 sum.
1026 4061 1275 4129 Alioquin
1306 4060 1412 4114 nisi
1444 4061 1557 4114 haec
1583 4060 1657 4114 ita
1690 4061 2075 4133 intelligantur,

513 4158 643 4227 quid
670 4154 892 4210 habebit
944 4153 1174 4208 rationis
1205 4163 1264 4205 ut
1294 4153 1507 4207 dicatur
1530 4168 1719 4223 puero,
1748 4153 1900 4223 cujus
1949 4166 2082 4211 aetas

507 4247 761 4317 juvenilis
797 4254 848 4300 et
877 4241 1181 4306 rudis.Noli
1205 4245 1398 4311 dicere,
1420 4244 1546 4312 quia
1563 4246 1767 4301 Juvenis
1789 4262 1884 4316 ego
1911 4264 2025 4301 sum
2054 4250 2080 4304 2

511 4343 615 4396 hoc
649 4348 733 4394 est
774 4338 980 4400 dicere,
1018 4349 1123 4389 non
1163 4335 1317 4388 dicas
1345 4336 1489 4404 quod
1517 4350 1700 4389 verum
1731 4345 1835 4392 est.
1858 4334 2079 4393 iuvenis

2189 3146 2262 3200 dit
2295 3146 2368 3199 ibi
2398 3161 2503 3201 non
2530 3163 2716 3212 unum.
2763 3151 2857 3203 sed
2906 3149 3059 3219 plura
3104 3161 3284 3206 castra
3322 3152 3440 3208 Dei.
3473 3151 3587 3205 Haec
3615 3148 3718 3203 dici-

2186 3252 2307 3290 mus
2328 3237 2394 3291 de
2427 3252 2491 3291 eo
2518 3238 2661 3307 quod
2706 3253 3047 3309 nequaquam
3075 3240 3256 3309 justus
3284 3244 3489 3298 dicitur
3525 3241 3718 3296 derelin-

2185 3324 2300 3394 qui,
2334 3324 2386 3378 in
2417 3326 2749 3394 spiritalibus
2780 3328 3045 3383 duntaxat
3078 3331 3249 3386 bouis.
3284 3332 3345 3387 in
3390 3329 3715 3400 corporalibus

2184 3418 2329 3472 enim
2365 3419 2488 3473 vide
2514 3421 2645 3489 quid
2665 3419 2846 3488 justus
2871 3423 3033 3491 dixit,
3058 3425 3112 3478 in
3143 3425 3345 3495 quibus
3369 3428 3530 3482 etiam
3553 3425 3713 3492 gloria-

2187 3516 2273 3561 tur
2302 3525 2317 3564 :
2355 3507 2529 3580 Usque
2553 3511 2622 3564 ad
2652 3511 2808 3580 hanc,
2841 3514 3017 3580 inquit
3040 3519 3107 3585 ”,
3137 3523 3325 3573 horam
3352 3530 3401 3575 et
3422 3519 3652 3575 esurimus
3672 3523 3711 3567 et

2184 3601 2410 3667 sitimus,
2437 3612 2484 3655 et
2506 3604 2634 3656 nudi
2652 3621 2854 3673 sumus,
2885 3618 2934 3661 et
2963 3609 3197 3679 colaphis
3230 3612 3505 3677 caedimur,
3536 3620 3577 3665 et
3596 3607 3711 3660 labor

2186 3708 2364 3748 ramus
2386 3706 2655 3767 cperantes
2698 3699 2965 3755 manibus.
3001 3697 3067 3756 Et
3099 3703 3298 3759 iterum
3351 3707 3396 3738 ⁸³
3425 3723 3441 3760 :
3471 3699 3704 3757 Μαιεάὲσί-

2183 3800 2303 3837 mur
2328 3794 2378 3838 et
2419 3787 2794 3852 benedicimus,
2816 3793 3232 3860 persecutionem
3246 3798 3484 3866 patimur
3513 3804 3558 3849 et
3576 3790 3703 3847 susti-

2184 3891 2385 3942 nemus,
2440 3877 2787 3947 blaspltemati
2835 3884 3198 3952 deprecamur.
3225 3887 3335 3943 Sed
3367 3887 3598 3958 quoniam
3626 3883 3702 3936 iste

2185 3966 2306 4021 talis
2336 3982 2439 4021 non
2476 3969 2886 4040 relinquebatur
2930 3977 3143 4044 spiritu,
3176 3977 3394 4034 dicebat
3415 3979 3460 4011 “
3483 3996 3499 4032 :
3522 3976 3702 4042 Propter

2180 4059 2318 4128 quod
2341 4059 2523 4127 placeo
2557 4063 2685 4116 mihi
2714 4062 2769 4116 in
2808 4064 3207 4133 inﬁrmitatibus
3246 4071 3401 4136 meis,
3428 4071 3482 4123 in
3508 4064 3695 4134 injuriis.

2179 4150 2235 4202 in
2257 4152 2667 4218 necessitatibus,
2692 4155 2746 4208 in
2777 4159 3245 4227 persecutionibus,
3268 4162 3325 4215 in
3366 4158 3602 4231 angustiis
3625 4168 3697 4222 Ρῖο

2181 4237 2411 4296 Christo.
2444 4241 2742 4312 Dupliciter
2766 4261 2899 4317 ergo
2927 4247 3346 4319 derelinquitur,
3387 4251 3475 4322 qui
3508 4244 3693 4303 derelin-

2181 4331 2384 4400 quitur.
2421 4333 2789 4404 Corporaliter
2836 4339 3052 4408 quidem
3098 4341 3201 4396 hoc
3242 4344 3423 4407 modo,
3451 4353 3547 4410 quo
3571 4345 3693 4401 supe‘

511 4443 641 4498 ergo
664 4435 783 4483 erat
809 4427 1107 4480 secundum
1137 4432 1353 4477 atatem
1391 4425 1638 4491 corporis
1661 4441 1677 4477 :
1697 4426 1791 4480 sed
1820 4428 2074 4496 quoniam
2107 4425 2153 4482 D
2183 4424 2296 4479 rius
2321 4425 2557 4480 diximus
2599 4428 2710 4496 pati
2741 4443 2932 4484 omnes
2961 4441 3201 4499 sanctos,
3242 4444 3298 4489 et
3331 4451 3434 4491 non
3458 4431 3578 4486 laedi.
3609 4427 3689 4479 De-

514 4518 779 4576 Dominus
825 4515 1053 4570 dederat
1098 4514 1261 4566 verba
1325 4528 1421 4567 sua
1462 4514 1515 4568 in
1548 4529 1643 4567 ore
1690 4516 1827 4584 ejus,
1883 4516 2079 4584 quibus

512 4615 815 4668 eradicaret
854 4620 910 4664 et
932 4609 1275 4664 subverteret
1302 4613 1359 4661 et
1393 4606 1753 4675 disperderet,
1778 4621 1834 4663 et
1864 4624 2076 4664 rursum

510 4704 805 4760 aediﬁcaret
840 4710 895 4771 et
923 4700 1228 4769 plantaret,
1260 4712 1381 4768 quae
1417 4697 1594 4753 virtus
1624 4700 1913 4756 verborum
1956 4701 2074 4756 ani-

512 4811 654 4850 mam
686 4793 803 4862 ejus
834 4792 1144 4846 illuminans
1181 4800 1237 4845 et
1260 4791 1610 4847 sanctilicans
1636 4808 1741 4847 non
1782 4809 1900 4848 eam
1930 4794 2074 4850 sine-

510 4887 603 4940 bat
652 4898 771 4938 esse
824 4882 1108 4950 puerilem,
1156 4881 1278 4935 ideo
1324 4881 1520 4936 merito
1568 4882 1636 4935 ad
1671 4897 1793 4935 eum
1827 4884 2071 4941 dicitur:

515 4981 642 5035 Noli
676 4980 870 5043 dicere,
914 4976 1039 5047 quia
1055 4976 1263 5031 Juvenis
1285 4992 1378 5045 ego
1393 4993 1529 5029 sum.
1561 4974 1823 5031 Similiter
1854 4994 1985 5047 ergo
2019 4988 2076 5034 et.

510 5075 612 5128 hoc
643 5072 785 5141 quod
812 5068 976 5122 David
1004 5068 1135 5122 dicit
1167 5067 1246 5121 ¹⁸ε
1281 5067 1503 5122 Iuvenis
1525 5069 1605 5136 fui
1636 5076 1686 5121 et
1708 5069 1874 5132 senui,
1901 5080 2075 5125 etnon

508 5166 614 5221 vidi
629 5162 835 5232 justum
880 5158 1205 5224 derelictum,
1253 5175 1343 5212 nec
1373 5176 1546 5214 semen
1567 5160 1682 5229 ejus
1711 5176 1953 5229 quarens
1977 5178 2077 5230 pa-

508 5270 646 5318 nem,
693 5251 984 5308 secundum
1019 5250 1121 5303 hoc
1148 5249 1291 5318 quod
1320 5264 1481 5317 supra
1525 5250 1592 5304 de
1623 5259 1780 5304 aetate
1821 5248 2069 5318 juvenili,

506 5348 589 5403 vel
643 5344 798 5400 senili
844 5340 1118 5397 interioris
1162 5339 1397 5396 hominis
1424 5340 1680 5406 diximus,
1729 5341 2069 5396 sentiendum

505 5446 626 5499 est;
655 5434 895 5502 alioquin
928 5430 1219 5486 secundum
1242 5430 1566 5485 exteriorem
1598 5431 1866 5485 hominem
1901 5431 1946 5486 si
1978 5432 2073 5487 de-

578 5556 622 5589 ¹⁰
661 5555 795 5626 Gen.
831 5566 978 5626 xxv._
1034 5550 1075 5581 “
1105 5548 1143 5626 lu
1176 5549 1630 5626 Gor.__x_ttt,_ii._
1670 5549 1713 5626 ‘_’
1736 5549 1754 5604 l
1778 5549 1943 5626 _Petr.
1981 5549 2087 5626 tt,§

2201 5547 2393 5626 “Luc.
2434 5567 2495 5619 tt,
2542 5554 2630 5608 52.
2709 5555 2946 5614 “lCor.
2976 5560 3207 5626 xrtt,il.

503 5626 593 5680 25.
670 5627 714 5658 ³⁵
736 5625 848 5679 ler.
890 5620 981 5680 1,5
1016 5631 1069 5673 et
1112 5620 1163 5674 ϐ.
1242 5622 1282 5651 ³⁷
1313 5621 1439 5675 ibid.
1459 5622 1512 5673 7.
1590 5619 1632 5652 ¹⁸
1675 5619 1811 5675 Psal.
1851 5636 2035 5683 xxxvt,
2065 5621 2153 5675 25.

1396 5691 1440 5722 ⁸³
1470 5690 1598 5746 ibid.
1632 5690 1716 5745 l2.
1794 5690 1840 5724 “
1865 5691 1904 5745 ll
1929 5691 2050 5748 Cor.
2071 5708 2168 5762 xu,
2197 5692 2302 5748 lO.~
2360 5694 2405 5741 ἐν
2430 5694 2586 5752 Rom.
2625 5713 2663 5767 ι,
2690 5696 2780 5754 28.

507 5700 572 5752 lli
606 5709 659 5753 et
696 5695 776 5749 l7.
853 5693 897 5723 "
928 5690 945 5743 ι
978 5690 1101 5744 Cor.
1132 5705 1206 5755 tv,
1236 5693 1318 5746 Η.

2180 4516 2562 4586 relinquuntur
2595 4534 2724 4575 vero
2748 4522 2936 4589 spiritu
2981 4523 3055 4578 illi
3084 4526 3151 4580 de
3199 4528 3397 4597 quibus
3427 4518 3685 4580 dicitur":

2182 4606 2441 4673 Quoniam
2469 4626 2571 4662 non
2595 4615 3014 4681 approbaverunt
3040 4618 3209 4673 Deum
3229 4619 3418 4674 habere
3441 4621 3490 4672 in
3517 4610 3682 4670 notitia.

2178 4699 2393 4751 tradidit
2417 4716 2502 4753 eos
2529 4698 2665 4754 Deus
2692 4703 2746 4755 in
2778 4709 3050 4772 reprobum
3073 4723 3301 4775 sensum,
3326 4722 3381 4764 ut
3402 4707 3579 4779 faciant
3595 4710 3682 4768 ᾳειω

2178 4803 2283 4843 non
2326 4803 2644 4862 congruunt,
2682 4794 2900 4861 repletos
2942 4799 3087 4851 omni
3141 4801 3432 4868 iniquitate,
3480 4791 3675 4863 nequitia:

2174 4882 2422 4949 avaritia,
2444 4883 2623 4953 plenos
2643 4888 2862 4955 invidia,
2888 4889 3203 4956 homicidiis,
3219 4893 3544 4952 contentione,
3566 4880 3673 4942 ἀοῖον

2175 4988 2566 5045 susurratores,
2598 4980 2913 5035 detractores
2931 5021 2946 5046 ,
2976 4982 3087 5038 Deo
3117 4985 3333 5040 odibiles
3354 5024 3369 5048 ,
3399 4975 3676 5039 contumelio-

2176 5085 2287 5133 sos,
2311 5072 2581 5139 superbos,
2611 5073 2795 5135 elatos,
2832 5083 2888 5129 et
2910 5084 3107 5131 caetera
3144 5076 3442 5145 hujusmodi
3469 5071 3584 5128 mala
3602 5077 3671 5135 Ρτθ

2177 5159 2371 5228 quibus
2397 5171 2452 5216 et
2478 5161 2774 5234 derelinqui
2807 5177 3138 5224 meruerunt.
3170 5168 3300 5234 Quae
3326 5166 3553 5238 quoniam
3572 5158 3669 5212 alie-

2178 5264 2246 5303 na
2270 5260 2446 5305 sunta
2469 5252 2640 5319 justo.
2673 5268 2959 5327 pr0pterea
3006 5259 3171 5324 dicit,
3207 5262 3330 5330 quia
3345 5263 3455 5317 Non
3493 5248 3666 5317 vidit“

2176 5349 2315 5394 stum
2360 5342 2685 5413 derelictum,
2733 5364 2827 5402 nec
2883 5366 3056 5404 semen
3097 5352 3212 5421 ejus
3244 5368 3470 5424 quaerens
3502 5356 3661 5414 panem.

2175 5430 2369 5486 lterum
2402 5436 2446 5489 si
2490 5438 2643 5493 audis
2690 5454 2875 5495 semen
2931 5440 3066 5511 ejus,
3102 5445 3169 5498 ad
3200 5460 3379 5501 semen
3409 5446 3661 5510 corpore!ml

3288 5560 3333 5593 ³⁸
3372 5557 3496 5614 Psal.
3519 5557 3656 5606 xm’l.

2247 5618 2467 5676 “Rom.
2520 5641 2638 5689 vni,
2686 5626 2777 5684 55.
2853 5630 2899 5661 ²⁰
2921 5618 3193 5687 Ηθὴτξιι.
3304 5627 3562 5692 ιιιγιὶεε.
3604 5630 3654 5673 νιν
