4020 6152
365 272 502 328 1357

1060 271 1369 331 SELECTA
1404 274 1473 331 IN
1510 276 1849 334 PSALMOS.
1882 310 1952 320 —
1987 278 2222 342 HOMIL.
2264 285 2328 344 Ν
2363 289 2434 345 IN
2464 290 2660 349 PSAL.
2691 292 2933 351 XXXVI.

3486 309 3612 365 [358

363 394 639 449 rediturus
664 392 762 448 es?
798 391 867 449 Et
894 382 1167 463 quomodo
1190 414 1378 455 verum
1411 400 1655 458 invenies
1681 403 1785 459 hoc
1808 404 1949 473 quod
1976 406 2023 465 Α
2052 415 2177 464 ante
2229 425 2288 466 se
2347 414 2487 470 hanc
2514 414 2740 474 faeneret
2795 421 3169 479 necessitatem
3196 410 3547 495 'patientibus
3587 434 3611 488 ?

359 501 544 542 semen
572 487 703 556 justi
734 502 838 543 non
880 489 1048 562 674
1079 503 1288 561 quaerat
1318 508 1505 562 panes,
1535 511 1657 552 cum
1686 498 1873 553 videas
1888 500 1935 531 "

359 581 550 636 lsmael
578 582 724 637 illum
754 583 822 640 de
859 587 1064 640 semine
1096 595 1282 642 natum
1305 589 1554 654 Abrahae,
1582 590 1784 661 quique
1809 607 1931 648 cum

361 684 539 729 mater
571 675 689 743 ejus
713 676 928 748 fugiens
962 680 1238 735 dominam
1268 697 1420 736 suam
1465 682 1653 738 Saram
1694 694 1933 753 portaret

357 768 558 820 eumiu
603 770 845 835 deserto,
869 781 923 826 et
975 787 1168 841 aquam
1216 775 1402 843 utique
1450 776 1728 844 quaerebat
1756 787 1810 830 et
1836 792 1932 845 pa-

358 858 499 912 nes?
538 859 644 915 Sed
678 870 731 914 et
768 861 909 915 Esau
950 863 1016 917 de
1040 864 1124 917 via
1158 864 1384 920 veniens
1417 866 1701 921 deliciebat
1725 867 1927 931 inedia,

357 958 409 1004 et
438 951 492 1004 in
524 960 733 1007 tantum
762 952 925 1007 famis
956 954 1106 1010 rabie
1125 956 1490 1025 praecipitatus
1520 967 1621 1026 est,
1651 958 1931 1027 utprima-

356 1050 445 1097 tus
469 1058 598 1097 suos
630 1043 792 1099 lentis
822 1044 948 1100 cibo
973 1045 1293 1102 distraxerit
1321 1048 1388 1100 ⁸⁷.
1417 1047 1644 1118 Oportet
1664 1066 1793 1121 ergo
1829 1067 1929 1109 nos

353 1137 646 1191 secundum
672 1152 735 1192 ea
771 1154 892 1207 qua:
917 1153 1078 1208 supra
1107 1141 1366 1208 diximus,
1398 1144 1562 1198 etiam
1591 1147 1923 1217 semenjusti

353 1227 659 1299 intelligere
707 1231 971 1301 spiritale.
1014 1233 1083 1286 Et
1119 1234 1248 1303 quid
1278 1235 1426 1290 aliud
1463 1251 1647 1291 semen
1679 1238 1804 1307 justi
1847 1241 1926 1294 di-

354 1338 519 1391 gnum
551 1333 631 1377 est
683 1333 896 1394 putare,
926 1324 1027 1379 nisi
1079 1325 1400 1395 discipulum
1437 1327 1591 1396 justi,
1622 1331 1714 1399 qui
1742 1345 1926 1386 susce-

350 1423 443 1480 pto
494 1412 562 1467 ab
604 1429 670 1468 eo
706 1414 853 1470 verbi
908 1416 1001 1470 Dei
1054 1418 1281 1482 semine,
1313 1419 1380 1473 ad
1426 1419 1588 1474 vitam
1633 1436 1925 1491 generatur

347 1511 603 1559 aeternam
636 1506 659 1559 ?
694 1503 856 1561 Verbi
896 1507 1092 1574 gratia,
1127 1510 1170 1563 si
1204 1510 1540 1566 orationibus
1574 1516 1770 1571 vestris
1809 1532 1924 1573 me-

346 1611 501 1652 rerer
523 1612 643 1653 esse
670 1597 871 1663 justus,
904 1610 959 1654 et
994 1602 1240 1672 accipere
1269 1619 1298 1658 a
1342 1605 1570 1661 Domino
1600 1609 1829 1677 gratiam
1865 1612 1917 1666 in

346 1691 516 1745 verbo
551 1693 830 1760 sapientiae
858 1702 913 1748 et
953 1694 1216 1763 scientiae,
1253 1697 1325 1753 ita
1371 1708 1430 1754 ut
1471 1714 1682 1769 possem
1725 1717 1921 1758 secun-

2036 498 2288 557 Forsitan
2340 505 2441 562 hoc
2489 510 2766 577 putabitur
2816 527 2938 569 esse
2978 517 3121 584 quod
3168 517 3375 575 dictum
3397 535 3481 578 est
3509 542 3608 596 per

2034 592 2253 666 Moysen
2285 596 2327 627 ³¹
2366 616 2382 653 :
2419 598 2487 653 Et
2521 611 2576 653 tu
2598 601 2875 671 fwnerabis
2908 608 3149 675 gentibus
3182 612 3385 680 multis,
3414 626 3469 669 tu
3504 592 3603 671 uu-

2033 695 2135 740 tem
2172 698 2354 744 mutuo
2383 707 2488 746 non
2523 710 2746 763 quwres.
2781 697 2886 753 Sed
2914 710 3122 754 certum
3157 711 3241 757 est
3267 706 3391 773 quia
3419 709 3487 763 de
3508 711 3605 762 dn-

2034 780 2226 835 minica
2259 784 2481 851 pecunia
2496 786 2862 858 dicatur,quae
2890 794 3264 852 nummulariis
3294 802 3605 871 praecipitur

2030 875 2242 943 erogari
2269 876 2338 929 de
2366 877 2634 935 thesauris
2662 883 2945 951 sapientiae
2982 897 3037 939 et
3076 887 3321 946 scientias
3348 892 3439 948 Dei
3469 910 3597 965 pro~

2030 961 2175 1027 lata,
2204 973 2264 1018 ut
2310 964 2572 1022 faciamus
2612 968 2679 1022 de
2729 972 2967 1041 quinque
3020 974 3235 1034 talentis
3274 961 3492 1048 decem,
3534 987 3600 1040 de

2028 1055 2236 1110 duobus
2267 1067 2520 1127 quatuor.
2550 1059 2762 1125 Quanto
2802 1072 2984 1118 autem
3016 1067 3467 1128 abundantiorem
3499 1090 3597 1143 pe—

2027 1148 2243 1201 cuniam
2284 1150 2637 1208 habuerimus
2684 1155 2738 1209 in
2784 1156 2961 1212 anima
3008 1171 3216 1227 nostra,
3249 1175 3398 1222 tanto
3424 1172 3597 1242 magis

2028 1248 2137 1294 tota
2170 1240 2256 1295 die
2302 1240 2713 1300 fmnerabimus.
2765 1247 2870 1303 Sed
2895 1259 2950 1304 et
2982 1269 3126 1309 nunc
3163 1255 3287 1312 licet
3342 1274 3447 1313 non
3491 1240 3593 1317 sim

2018 1329 2220 1398 justus,
2252 1343 2429 1387 tamen
2464 1336 2565 1390 hoc
2604 1338 2745 1404 quod
2787 1338 2977 1408 loquor
3001 1347 3282 1412 pecuniam
3312 1349 3466 1405 vobis
3495 1353 3590 1406 do-

2026 1424 2278 1479 minicam
2328 1425 2575 1482 faenero:
2608 1431 2700 1484 sed
2734 1446 2829 1486 vos
2879 1443 3030 1490 orate
3069 1446 3128 1491 ut
3179 1439 3384 1496 alliciar
3407 1442 3591 1512 justus

2022 1526 2076 1571 et
2106 1520 2308 1586 possim
2339 1520 2490 1575 vobis
2513 1521 2738 1590 justitiae
2773 1528 3052 1590 pecuniam
3087 1529 3373 1598 fmnerare,
3398 1545 3456 1591 ut
3486 1553 3590 1593 non

2021 1607 2192 1662 solum
2240 1611 2439 1674 verbo,
2476 1626 2666 1667 verum
2704 1616 2870 1669 etiam
2894 1616 3120 1684 justitize
3156 1627 3403 1695 exemplo
3428 1629 3593 1697 justi-

2026 1701 2153 1754 tiam
2184 1702 2740 1775 doceam.Propterea
2769 1708 2912 1764 sicut
2932 1721 3058 1765 sunt
3081 1717 3321 1778 pecunia:
3354 1719 3587 1790 injustas,

346 1782 472 1836 dum
497 1785 723 1853 gratiam
748 1799 910 1855 quam
941 1787 1058 1856 ipse
1085 1802 1113 1841 a
1147 1788 1372 1845 Domino
1392 1792 1732 1858 meruissem,
1763 1796 1919 1850 vobis
1952 1770 1992 1825 Β
2020 1808 2139 1862 qua:
2166 1794 2346 1864 inique
2360 1805 2414 1851 et
2440 1806 2631 1853 contra
2653 1799 2822 1869 legem
2847 1816 3246 1874 congregantur
3267 1825 3363 1879 per
3387 1770 3590 1869 c'alum-

344 1887 560 1942 quoque
594 1874 907 1931 ministrare
950 1878 1172 1932 verbum
1212 1879 1342 1945 Dei,
1372 1890 1428 1935 et
1473 1897 1658 1939 serere
1702 1884 1831 1940 illud
1864 1887 1915 1940 in

342 1966 625 2021 animabus
655 1969 849 2022 vestris
884 1985 898 2022 :
925 1978 1036 2022 tum
1070 1971 1265 2026 deinde
1298 1974 1571 2042 ingressus
1616 1991 1796 2031 sermo
1822 1977 1915 2033 Dei

342 2056 400 2112 in
435 2058 645 2112 animas
679 2069 921 2125 vestras,
958 2069 1013 2114 et
1045 2061 1256 2118 haerens
1304 2066 1354 2117 in
1403 2067 1570 2121 corde
1596 2078 1777 2123 vestro
1807 2068 1915 2124 for—

342 2158 519 2204 maret
569 2161 781 2206 mentes
843 2161 1052 2208 vestras
1112 2156 1406 2209 secundum
1467 2160 1699 2227 speciem
1761 2163 1911 2217 verbi

343 2239 535 2308 ipsius,
564 2241 615 2296 id
657 2251 740 2297 est
782 2253 844 2298 ut
888 2243 993 2298 hoc
1035 2244 1247 2300 velletis
1290 2255 1344 2301 et
1380 2249 1479 2303 hoc
1507 2250 1741 2318 ageretis
1766 2252 1912 2320 quod

339 2333 565 2387 verbum
599 2332 693 2388 Dei
728 2333 869 2399 vult,
889 2344 943 2388 et
973 2350 1072 2404 per
1091 2336 1192 2390 hoc
1228 2337 1342 2406 ipse
1362 2338 1610 2394 Christus
1641 2340 1911 2395 formare-

339 2436 431 2481 tur
454 2424 509 2479 in
540 2426 697 2482 vobis
729 2442 745 2481 :
776 2435 904 2482 tunc
948 2442 1074 2482 vere
1118 2426 1462 2483 ei'ﬁceremini
1516 2447 1701 2487 semen
1748 2432 1907 2501 justi,

336 2520 480 2590 quod
525 2535 629 2574 non
664 2521 857 2589 qumrit
893 2535 1106 2588 panem,
1145 2520 1406 2576 habentes
1435 2523 1645 2578 scilicet
1673 2525 1723 2578 in
1754 2527 1909 2582 vobis

334 2626 553 2678 semper
589 2625 782 2679 panem
835 2610 982 2665 illum
1013 2612 1105 2682 qui
1150 2612 1221 2666 'de
1253 2613 1395 2668 caelo
1429 2615 1722 2670 descendit.
1753 2615 1905 2684 Quod

334 2703 381 2759 si
416 2706 741 2773 reSpondeas
774 2704 905 2759 mihi
957 2714 1012 2758 et
1042 2704 1229 2759 dicas:
1258 2704 1460 2771 Quanti
1496 2707 1782 2762 audierunt
1806 2708 1904 2762 Pe~

337 2809 480 2855 trum
505 2810 559 2856 et
584 2801 830 2868 Paulum,
874 2802 964 2871 qui
997 2802 1188 2871 utique
1213 2811 1367 2857 erant
1387 2803 1677 2871 iustissimi
1717 2802 1905 2860 docto-

333 2911 443 2960 res,
477 2905 533 2950 et
560 2908 734 2950 tamen
768 2904 1148 2964 peccaverunt,
1181 2905 1235 2950 et
1265 2898 1538 2964 quomodo
1568 2914 1698 2967 ergo
1721 2914 1901 2954 semen

324 2987 454 3056 justi
488 2988 734 3041 dicentur
762 2987 785 3040 ?
824 2988 929 3042 Sed
978 2987 1098 3041 vide
1123 3002 1189 3041 ne
1227 2987 1368 3042 forte
1400 2989 1541 3044 sicut
1582 3004 1686 3043 non
1712 3004 1903 3044 omnes

331 3081 421 3153 qui
475 3096 542 3135 ex
574 3080 843 3134 Abraham
893 3087 1042 3143 sunt,
1075 3080 1237 3133 etiam
1290 3095 1476 3134 semen
1510 3081 1784 3135 Abraham
1818 3083 1902 3136 di-
1927 3108 1971 3165 ε

330 3184 550 3236 cuntur,
580 3173 778 3242 quibus
811 3168 1010 3223 dicitur
1040 3170 1087 3202 ’⁸
1118 3189 1130 3223 :
1167 3169 1227 3224 Si
1249 3170 1349 3239 ﬁlii
1384 3173 1649 3226 Abraham
1695 3175 1894 3241 essetis,

327 3280 485 3335 Opera
541 3267 719 3335 utique
759 3264 1027 3317 Abraham
1064 3264 1339 3333 faceretis;
1368 3265 1441 3319 ita
1469 3266 1632 3319 etiam
1682 3266 1757 3320 illi
1807 3267 1899 3336 qui

327 3357 614 3411 audierunt
641 3356 858 3411 Petrum
903 3367 957 3410 et
986 3355 1233 3422 Paulum,
1261 3365 1316 3410 et
1346 3372 1452 3411 non
1491 3356 1737 3413 fecerunt
1777 3375 1899 3430 quae

327 3449 583 3504 docuerat
604 3448 794 3504 Petrus
809 3449 892 3503 vel
928 3449 1145 3517 Paulus,
1175 3465 1279 3504 non
1310 3452 1662 3506 erantsemen
1686 3467 1896 3521 eorum,

325 3542 449 3610 quia
509 3549 759 3610 suscepta
806 3541 874 3596 ab
904 3541 983 3596 eis
1027 3543 1175 3598 verbi
1222 3546 1450 3610 semina,
1481 3559 1548 3599 ex
1586 3547 1764 3600 anima
1798 3562 1896 3601 sua

325 3632 471 3685 velut
516 3632 796 3685 abortione
838 3635 1068 3701 quadam
1121 3635 1433 3707 abjecerunt
1464 3645 1519 3692 et
1566 3635 1891 3692 eﬂ'uderunt.

324 3725 562 3794 Denique
599 3735 656 3781 et
695 3725 745 3778 in
783 3724 886 3780 hoc
933 3726 1050 3795 ipso
1101 3729 1310 3797 psalmo
1344 3728 1476 3783 dicit
1518 3729 1624 3784 alio
1654 3730 1770 3785 loco
1796 3732 1842 3765 ¹⁹
1876 3749 1892 3786 :

324 3815 515 3873 Semen
559 3817 839 3886 impiorum
866 3820 1322 3874 exterminabitur.
1354 3818 1569 3875 Certum
1598 3830 1681 3875 est
1711 3833 1890 3877 autem

323 3910 447 3978 quia
478 3909 766 3979 impiorum
800 3924 984 3964 semen
1029 3912 1317 3981 corporale
1365 3928 1471 3967 non
1503 3916 1894 3970 exterminabi-

326 4009 429 4053 tur.
460 3999 562 4054 Job
611 4002 846 4071 denique
882 4017 1066 4057 semen
1093 4003 1236 4059 Esau
1264 4020 1446 4061 semen
1492 4007 1639 4076 impii
1669 4018 1811 4074 erat,
1839 4016 1894 4062 et

327 4093 509 4161 utique
558 4109 661 4148 non
695 4097 1108 4162 exterminatur,
1145 4099 1239 4153 sed
1290 4097 1666 4155 manifestatus
1702 4102 1894 4169 estju-

322 4195 435 4241 sms
480 4202 509 4240 a
562 4187 810 4254 Domino,
840 4198 895 4243 et
943 4191 1208 4260 propheta
1243 4206 1364 4246 esse
1403 4194 1745 4257 ostenditur,
1772 4204 1825 4248 et
1859 4210 1890 4250 a

322 4278 431 4332 Deo
460 4294 621 4349 supra
644 4296 831 4337 omnes
849 4282 1027 4351 justos
1050 4282 1341 4339 collaudari
1368 4296 1624 4341 meretur.
1657 4287 1761 4341 Sed
1791 4289 1892 4343 hoc

320 4382 402 4427 est
430 4375 574 4442 quod
619 4375 865 4443 superius
895 4377 1152 4440 diximus,
1185 4377 1313 4446 quia
1344 4378 1486 4431 sicut
1529 4394 1713 4433 semen
1752 4380 1886 4449 justi

319 4480 497 4520 sermo
522 4474 576 4521 et
597 4467 842 4524 doctrina
882 4468 1000 4539 ejus
1053 4481 1157 4535 est,
1185 4470 1273 4538 qui
1317 4485 1496 4524 sermo
1523 4471 1594 4525 ita
1629 4476 1802 4541 pascit
1831 4484 1885 4527 et

317 4555 492 4610 reﬁcit
523 4558 755 4623 animas,
804 4569 862 4612 ut
890 4571 1159 4630 negentur
1197 4562 1429 4630 panibus
1469 4562 1728 4633 indigere,
1754 4565 1879 4632 quia

315 4647 559 4704 Christus
585 4650 741 4719 panis
766 4665 951 4706 eorum
986 4664 1109 4707 est:
1140 4654 1212 4707 ita
1248 4670 1279 4709 e
1308 4657 1584 4711 contrario
1632 4658 1877 4712 doctrina

313 4736 597 4806 impiorum
622 4751 674 4795 et
706 4756 886 4797 sermo
910 4759 1091 4798 semen
1120 4760 1307 4798 eorum
1338 4755 1420 4801 est
1451 4748 1592 4817 quod
1617 4751 1878 4805 extermi-

315 4828 547 4882 nandum
582 4830 801 4896 dicitur,
841 4834 966 4902 quia
1010 4849 1077 4887 ex
1105 4834 1337 4890 falsitate
1380 4841 1736 4907 compositum
1772 4851 1874 4904 est,

312 4926 365 4971 et
408 4920 724 4977 adveniente
753 4922 870 4977 luce
898 4925 1159 4989 veritatis,
1193 4935 1398 4981 certum
1430 4939 1515 4983 est
1546 4932 1672 5000 quia
1717 4946 1873 4986 men-

313 5011 448 5067 dacii
490 5016 723 5069 tenebrae
754 5017 1105 5087 l'ugabuntur.

376 5107 430 5160 4.
450 5106 582 5163 Tota
608 5110 693 5163 die
715 5110 991 5164 miseretur
1013 5120 1060 5163 et
1092 5111 1311 5179 {uenerat
1342 5112 1407 5166 3°.
1435 5112 1618 5169 Justus
1641 5123 1752 5170 tota
1784 5116 1870 5171 die

311 5201 613 5264 miseretur,
652 5211 708 5256 et
742 5210 853 5257 tota
902 5205 987 5258 die
1031 5204 1226 5260 dicitur
1276 5207 1584 5263 ftenerare:
1622 5208 1687 5260 ad
1736 5210 1871 5264 nihil

311 5291 449 5346 aliud
486 5302 639 5348 vacat
663 5294 764 5349 nisi
789 5305 846 5348 ut
870 5297 1103 5352 l'teueret
1133 5298 1197 5353 de
1225 5314 1288 5355 ea
1332 5300 1560 5369 pecunia
1596 5316 1718 5370 quae
1766 5302 1869 5356 sibi

310 5381 561 5440 abundat.
590 5387 840 5456 Nunquid
877 5398 932 5444 et
966 5390 1053 5445 hic
1080 5391 1183 5445 hoc
1214 5393 1516 5462 putabitur,
1540 5395 1665 5463 quia
1694 5395 1870 5462 justus

312 5485 416 5533 tota
456 5481 542 5536 die
590 5485 776 5539 sedeat
815 5484 883 5540 ad
933 5500 1195 5552 mensam,
1225 5497 1279 5544 et
1324 5489 1528 5545 habens
1580 5492 1866 5561 pecuniam

407 5660 454 5735 ξ’
480 5659 613 5735 Gen.
654 5663 745 5722 2i.
819 5665 864 5698 ’⁷
914 5665 1051 5721 Gen.
1104 5683 1230 5722 xxv.
1309 5667 1354 5699 "'
1394 5666 1548 5723 Joan.
1607 5683 1724 5735 vm,
1776 5669 1865 5724 59.

1945 5670 1989 5702 ²⁹
2030 5669 2367 5725 Ρεδῐκκκκνι
2387 5709 2403 5732 ,
2434 5667 2528 5723 ‘28.

2019 1888 2161 1941 niam
2215 1897 2270 1941 et
2308 1891 2618 1956 mendacia,
2658 1901 2714 1947 et
2758 1894 2971 1950 diversa
3015 1901 3257 1955 avaritia:
3302 1905 3477 1970 mala;
3532 1922 3589 1963 et

2021 1992 2234 2032 rursum
2266 1990 2394 2036 sunt
2420 1985 2660 2051 pecuniae
2686 2000 2806 2054 quae
2833 1986 2981 2055 juste
3005 1998 3058 2043 et
3087 1995 3382 2048 secundum
3412 1996 3584 2066 legem

2015 2082 2356 2141 congregata:
2399 2084 2552 2139 sunt,
2586 2077 2640 2130 id
2669 2087 2751 2132 est
2780 2078 2848 2134 de
2891 2083 3127 2149 propriis
3157 2097 3210 2138 et
3246 2085 3411 2155 justis
3434 2089 3587 2145 labo-

2014 2159 2167 2214 ribus
2197 2177 2211 2214 :
2249 2161 2321 2215 ita
2353 2164 2516 2217 etiam
2551 2165 2602 2219 in
2655 2168 2820 2222 verbo
2847 2175 2901 2221 et
2929 2168 3174 2224 doctrina
3204 2188 3326 2229 esse
3368 2174 3583 2233 inveni-

2017 2261 2123 2305 tur.
2157 2251 2293 2307 Sunt
2332 2257 2495 2310 verba
2545 2271 2644 2312 nec
2691 2259 2847 2327 bene,
2883 2277 2983 2317 nec
3012 2262 3180 2331 juste,
3217 2280 3316 2321 nec
3347 2269 3585 2338 legitime

2011 2355 2443 2415 congregata,ut
2472 2348 2848 2404 haereticorum
2881 2353 3044 2408 verba
3069 2365 3216 2419 sunt,
3249 2366 3304 2411 et
3333 2357 3580 2417 doctrina

2010 2449 2196 2491 contra
2224 2439 2389 2509 legem
2418 2440 2506 2493 Dei
2534 2451 2877 2510 congregata,
2904 2457 3024 2512 qua:
3048 2462 3144 2502 nos
3171 2447 3313 2503 velut
3343 2449 3576 2520 iniquam

2008 2530 2291 2598 pecuniam
2327 2540 2380 2585 et
2425 2531 2760 2599 pestiferam,
2794 2542 2850 2587 et
2885 2535 2953 2588 de
2999 2537 3139 2593 malo
3180 2539 3462 2597 collectam
3492 2557 3581 2595 rc-

2008 2618 2200 2690 l‘ugere
2224 2622 2502 2678 debemus.
2538 2621 2700 2678 Orate
2728 2640 2857 2695 ergo
2891 2638 2947 2681 ut
2981 2629 3096 2684 lucc
3132 2643 3312 2686 nostra
3347 2637 3576 2702 pecunia

2007 2728 2167 2783 quam
2191 2715 2343 2770 vobis
2379 2714 2710 2771 lmneramus
2745 2725 2852 2771 tota
2890 2719 3194 2776 inveniatur
3220 2739 3286 2779 ex
3310 2725 3475 2796 justis
3500 2728 3577 2780 la-

2004 2805 2249 2869 boribus,
2275 2814 2386 2860 tota
2414 2806 2481 2860 de
2515 2808 2783 2862 dominica
2831 2820 3043 2867 moneta
3074 2816 3392 2882 procedens,
3426 2828 3484 2871 ut
3522 2831 3577 2873 et

2005 2910 2103 2950 vos
2128 2894 2305 2951 {tenus
2346 2896 2615 2965 integrum
2646 2900 2998 2968 eonsignetis,
3031 2910 3084 2955 et
3109 2914 3207 2954 uos
3238 2916 3343 2956 non
3387 2906 3578 2958 audia-

2006 3001 2124 3040 mus
2147 2987 2191 3018 ³²
2213 3026 2230 3052 ,
2257 2988 2387 3056 quia
2406 2988 2646 3057 Opartuit
2678 2999 2726 3043 te
2745 2990 3020 3058 pecuniam
3057 3008 3223 3046 meam
3244 2994 3372 3048 dare
3416 3012 3571 3049 num-

2003 3079 2270 3134 mulariis.

2071 3169 2126 3226 5.
2166 3170 2381 3226 Juvenis
2402 3188 2495 3242 ego
2522 3173 2622 3242 fui,
2651 3184 2698 3226 et
2726 3175 2894 3238 senui,
2925 3182 2973 3226 et
2997 3189 3101 3227 non
3125 3174 3232 3227 vidi
3249 3175 3450 3243 justum
3474 3177 3567 3230 de-

2001 3265 2261 3330 relictum,
2284 3282 2377 3319 nec
2399 3281 2569 3319 semen
2586 3265 2699 3335 ejus
2720 3281 2956 3335 qumrens
2984 3283 3169 3335 panem
3201 3283 3216 3320 :
3244 3276 3352 3321 tota
3372 3269 3456 3324 die
3471 3271 3573 3323 mi-

1999 3368 2203 3414 seretur
2239 3369 2287 3412 et
2323 3357 2542 3427 [maeret
2582 3356 2646 3413 ³³.
2677 3356 2733 3411 In
2768 3357 3140 3425 superioribus
3189 3358 3409 3426 dicitur,
3443 3364 3568 3430 quia

1999 3458 2275 3504 mutuatur
2318 3459 2569 3518 peccator
2623 3458 2677 3502 et
2724 3463 2830 3501 non
2871 3447 3092 3502 reddit:
3131 3449 3220 3502 hic
3249 3450 3570 3517 quiajustus

1999 3526 2111 3596 tota
2133 3541 2219 3596 die
2247 3541 2534 3595 miseretur
2556 3548 2611 3593 et
2641 3539 2889 3594 ﬂeuerat.
2912 3539 2980 3592 Et
3015 3539 3133 3592 vide
3153 3554 3315 3608 quam
3352 3541 3402 3595 in
3438 3557 3570 3598 cou-

1997 3632 2181 3687 trariis
2211 3647 2368 3701 pares
2393 3633 2521 3687 sint.
2547 3630 2807 3684 Peccator
2839 3644 2944 3683 non
2973 3630 3146 3684 solum
3193 3642 3378 3684 mutuo
3423 3635 3569 3688 acci-

1995 3727 2096 3795 pit,
2120 3726 2213 3779 sed
2242 3735 2297 3780 et
2327 3740 2448 3779 cum
2485 3722 2755 3791 acceperit
2785 3737 2890 3775 non
2926 3722 3099 3777 reddit
3134 3739 3148 3774 :
3176 3722 3355 3791 justus
3383 3736 3565 3782 autem

1996 3834 2102 3873 nou
2139 3817 2311 3873 solum
2356 3826 2543 3870 mutuo
2584 3830 2689 3869 non
2723 3814 2943 3883 accipit,
2972 3816 3064 3867 sed
3107 3823 3162 3868 et
3195 3814 3425 3870 lmlierat
3464 3837 3476 3872 :
3508 3830 3564 3872 et

1994 3926 2101 3966 non
2129 3909 2307 3964 solum
2338 3907 2508 3963 semel
2538 3906 2619 3961 vel
2654 3905 2760 3970 bis,
2783 3905 2876 3958 sed
2906 3912 3017 3958 tota
3050 3904 3136 3959 die
3166 3905 3424 3974 fmuerat,
3456 3907 3561 3964 hoc

1993 4013 2077 4057 est
2115 4012 2227 4056 toto
2252 4003 2373 4054 vita:
2401 4015 2512 4053 suae
2537 4007 2774 4066 tempore
2791 3998 3066 4052 fmnerans
3088 3998 3394 4065 miseretur,
3419 4003 3560 4056 unde

1992 4104 2038 4149 et
2064 4109 2237 4147 semen
2256 4092 2372 4161 ejus
2388 4091 2442 4145 in
2463 4090 2820 4143 benedictione
2841 4090 2961 4142 erit.

2061 4186 2113 4241 6.
2146 4186 2364 4239 Declina
2388 4202 2418 4237 a
2448 4184 2587 4236 malo
2610 4194 2656 4236 et
2693 4183 2780 4252 [ac
2808 4184 3081 4246 bonum,et
3106 4183 3345 4239 inhabita
3368 4187 3423 4239 in
3451 4203 3557 4241 sw-

1990 4280 2165 4335 culum
2182 4277 2437 4332 saeculi”.
2457 4277 2601 4340 Hice,
2619 4276 2811 4344 inquit,
2829 4275 3052 4328 audiens
3070 4276 3156 4329 l‘ac
3183 4277 3326 4345 quod
3355 4278 3555 4332 bonum

1990 4383 2093 4440 est,
2138 4370 2406 4426 habitabis
2446 4370 2500 4423 iu
2550 4367 2825 4429 saeculum,
2864 4368 2963 4420 hoc
3010 4377 3117 4430 est,
3162 4368 3207 4420 si
3254 4368 3323 4420 ita
3377 4368 3554 4437 egeris

1990 4463 2437 4536 quemadmodum
2475 4462 2695 4515 edoctus
2725 4474 2802 4525 es,
2835 4458 3097 4512 habitatio
3135 4467 3227 4512 tua
3257 4460 3361 4513 erit
3388 4470 3553 4514 reter-

1991 4572 2081 4611 ua.
2117 4555 2173 4610 Si
2207 4555 2349 4609 enim
2379 4552 2632 4622 respicias
2665 4566 2769 4604 non
2801 4552 2867 4604 ad
2911 4566 2974 4604 ea
3005 4563 3122 4619 quae
3158 4549 3426 4614 videntur,
3456 4553 3552 4605 sed

1991 4662 2111 4718 qua:
2134 4661 2238 4701 non
2269 4645 2535 4707 videntur,
2566 4644 2818 4711 quoniam
2852 4656 2970 4709 qua:
3002 4640 3256 4694 videntur
3280 4649 3553 4709 tempora-

1989 4744 2057 4796 lia
2083 4751 2231 4807 sunt,
2257 4754 2375 4809 qua:
2402 4748 2581 4792 autem
2612 4753 2716 4792 non
2756 4740 3006 4793 videntur
3034 4745 3234 4791 aeterna
3260 4744 3405 4801 sunt,
3449 4737 3553 4792 ba-

1984 4836 2181 4890 hitabis
2204 4837 2256 4888 in
2286 4833 2557 4888 smculum.

2052 4934 2102 4986 7.
2149 4931 2286 4998 Quia
2326 4929 2580 4983 Dominus
2608 4938 2749 4982 amat
2791 4930 3078 4998 judicium,
3108 4940 3155 4986 et
3188 4948 3291 4986 non
3320 4932 3549 4988 derelin-

1976 5037 2095 5097 quel
2122 5033 2330 5079 sanctos
2370 5038 2492 5077 suos
2510 5022 2579 5076 ³⁸.
2605 5021 2887 5088 Quomodo
2929 5024 3187 5079 Dominus
3214 5035 3360 5080 amat
3404 5027 3549 5097 judi-

1976 5116 2172 5172 cium?
2204 5116 2336 5171 Dum
2383 5113 2515 5168 nihil
2542 5114 2682 5182 apud
2721 5127 2843 5167 eum
2893 5117 3008 5170 sine
3047 5115 3251 5185 judicio
3289 5117 3368 5184 lit,
3410 5116 3545 5185 nihil

1978 5210 2096 5265 sine
2126 5209 2352 5265 ratione.
2375 5208 2451 5263 ita
2475 5225 2606 5280 ergo
2627 5219 2682 5265 et
2707 5217 2760 5261 tu
2792 5207 2975 5263 sciens
3000 5211 3253 5276 quoniam
3286 5210 3545 5264 Dominus

1978 5311 2123 5357 amat
2166 5302 2453 5371 judicium,
2514 5316 2612 5372 age
2657 5300 2840 5356 omnia
2886 5299 3035 5367 justo
3063 5298 3271 5367 judicio
3311 5309 3367 5356 et
3394 5317 3542 5364 vero,

1976 5397 2202 5452 audiens
2228 5396 2375 5450 illum
2396 5395 2483 5462 qui
2515 5404 2567 5448 te
2593 5394 2846 5448 admonet
2875 5391 3062 5447 dicens
3078 5389 3294 5446 ":Cum
3319 5392 3544 5447 consilio

1975 5493 2150 5546 omnia
2178 5491 2288 5560 fac,
2311 5505 2428 5544 cum
2457 5489 2676 5543 consilio
2705 5489 2883 5541 vinum
2903 5486 3036 5541 bibe.

2637 5668 2682 5700 ’θ
2723 5666 2850 5721 ibid.
2881 5667 2973 5721 26.
3075 5665 3121 5700 ⁸⁸
3158 5666 3310 5720 Deut.
3344 5680 3433 5720 xv.
3482 5664 3535 5719 6.

312 5724 350 5757 "
386 5730 569 5788 Matth.
603 5735 831 5803 xxv,27.
909 5737 952 5769 ⁸³
982 5736 1125 5795 Psal.
1164 5753 1350 5807 xxxvr,
1377 5739 1468 5805 25,
1494 5739 1585 5795 26.
1663 5724 1867 5796 “libid.

2032 5724 2039 5725 ί
2076 5740 2121 5773 ιι
2151 5740 2282 5795 ibid.
2315 5724 2403 5795 282
2480 5739 2525 5773 ³ο
2560 5737 2721 5793 Eccli.
2758 5739 3064 5807 xxxn,2t;
3109 5738 3283 5792 Eccle.
3315 5737 3462 5799 “,7.
