4020 6152
538 245 676 300 1559

1948 239 2037 297 EX
2074 242 2370 300 ORIGENE

3621 252 3750 335 \uu

604 359 769 436 675
800 359 851 416 8.
883 359 950 414 Et
984 375 1084 413 non
1108 358 1425 430 derelinquat
1452 359 1702 415 Dominus
1727 367 1934 415 sanctos
1956 378 2103 428 suos,
2132 368 2419 434 Agerent.
2470 364 2659 421 Solent
2700 366 2843 422 enim
2901 366 3138 436 imperiti
3202 365 3436 421 habere
3479 366 3627 421 etiam
3660 370 3755 426 istud

536 454 591 508 in
626 464 878 509 aeternum
911 451 1376 505 canservabuntur.
1410 451 1564 507 Sicut
1608 452 1759 520 dicit,
1790 454 1916 523 quia
1952 456 2107 511 habi-

536 547 674 602 tabit
696 547 747 601 in
773 544 1052 609 saculum,
1074 544 1146 597 ita
1175 552 1228 599 et
1249 545 1717 599 conservabuntur
1740 548 1793 601 in
1816 555 2102 603 aternum.

536 638 690 705 Quod
730 649 1020 707 utrumque
1066 635 1134 690 ad
1186 634 1426 689 futurum
1472 638 1699 708 respicit
1750 650 1984 712 tempus,
2025 642 2108 697 vel

537 730 811 797 saculum,
836 728 923 784 cui
946 728 1405 783 conservabuntur
1450 731 1644 795 sancti,
1676 740 1734 787 ut
1761 732 2019 803 deinceps
2052 736 2106 790 in

536 823 834 879 aternitate
879 821 1189 891 perdurent.
1239 817 1438 888 Injusti
1486 823 1794 890 punientur,
1845 835 1892 879 et
1935 842 2109 880 semen

538 916 820 985 impiorum
845 914 1029 984 peribit
1046 930 1065 979 ;
1078 912 1213 982 justi
1234 920 1406 966 autem
1427 915 1811 970 hareditabunt
1828 925 2022 972 terram
2038 916 2105 972 ³⁷.

537 1008 782 1064 Diximus
813 1007 924 1077 jam
952 1009 1083 1064 hinc
1115 1007 1367 1078 superius
1403 1007 1560 1078 quale
1594 1009 1881 1077 impiorum
1919 1012 1988 1065 sit
2018 1024 2107 1065 se-

538 1117 683 1166 men,
713 1116 835 1156 cum
871 1100 937 1155 ad
969 1101 1191 1156 verbum
1238 1101 1652 1170 doctrinamque
1699 1099 1982 1155 retulimus
2014 1119 2027 1154 :
2055 1110 2111 1157 et

538 1193 808 1263 quomodo
846 1193 1318 1259 exterminabitur,
1352 1193 1476 1246 dum
1512 1206 1674 1246 omne
1711 1191 2047 1245 mendacium
2079 1208 2109 1247 a

539 1285 659 1339 luce
686 1284 929 1339 veritatis
975 1284 1117 1339 velut
1155 1286 1391 1339 tenebra
1432 1282 1720 1353 etl‘ugatur.
1750 1282 1893 1336 Justi
1936 1291 2109 1336 autem

539 1376 920 1432 Ita’reditubttnt
952 1386 1167 1431 terram.
1197 1372 1264 1428 Et
1294 1375 1421 1429 hinc
1450 1375 1697 1444 superius
1716 1371 1825 1443 jam
1851 1373 2107 1437 diximus,

540 1470 807 1540 quomodo
861 1467 974 1524 sive
1029 1466 1160 1533 justi
1221 1469 1335 1523 sive
1403 1466 1672 1522 mansueti
1736 1466 2110 1522 hareditatem

542 1568 700 1615 terra
726 1558 882 1614 bona
904 1568 957 1612 et
992 1570 1196 1628 magna
1244 1555 1389 1610 illius
1419 1566 1827 1626 consequantur
1879 1570 1936 1612 et
1973 1571 2109 1625 quo-

542 1655 700 1707 modo
734 1651 975 1706 habitent
1008 1651 1060 1705 in
1093 1665 1155 1705 ea
1191 1650 1244 1705 in
1277 1648 1532 1703 saculum
1560 1649 1768 1713 saculi,
1798 1664 1903 1703 non
1935 1649 2109 1704 solum

544 1744 597 1798 in
643 1743 921 1807 saculum,
960 1743 1054 1798 sed
1106 1743 1160 1796 in
1211 1740 1463 1796 saeculum
1517 1740 1719 1796 saculi.
1755 1739 1893 1797 Vide
1944 1756 2106 1811 quam

544 1851 735 1906 magna
767 1834 979 1891 Domini
1028 1834 1332 1892 retributio.
1387 1833 1494 1889 Pro
1539 1834 1725 1889 labore
1758 1833 1978 1903 triginta
2016 1841 2110 1888 aut

543 1926 919 1999 quadraginta,
953 1934 1012 1979 ut
1053 1926 1277 1981 multum
1313 1933 1459 1982 certe
1502 1925 1896 1995 quinquaginta
1939 1938 2109 1978 anno-

544 2032 663 2071 rum
696 2017 888 2087 recipit
912 2016 1075 2072 homo
1105 2032 1209 2071 non
1252 2015 1427 2071 solum
1469 2015 1651 2071 saeculi
1682 2014 1845 2084 hujus
1879 2015 2110 2069 retribu-

546 2111 770 2175 tionem,
803 2109 895 2163 sed
930 2109 983 2164 in
1018 2108 1270 2163 saeculum
1302 2106 1504 2162 saculi.
1535 2105 1592 2161 Si
1625 2120 1755 2161 vero
1800 2113 2111 2174 permaneat

543 2202 665 2271 quis
695 2202 747 2256 in
782 2201 949 2256 verbo
978 2200 1094 2268 Dei,
1127 2211 1182 2255 et
1223 2198 1501 2270 sapientia
1543 2197 1660 2266 ejus
1702 2197 1992 2261 adluereat,
2024 2205 2102 2250 at-

542 2307 647 2362 que
673 2293 725 2347 in
748 2292 886 2347 lucis
913 2291 1219 2346 aternitate
1245 2289 1522 2360 persistat,
1553 2289 1831 2359 perveniet
1860 2288 2023 2343 etiam
2055 2289 2111 2343 in

544 2388 661 2449 hoc,
689 2395 747 2440 ut
774 2385 977 2441 referat
1008 2385 1119 2441 Deo
1154 2383 1384 2455 gloriam
1432 2382 1487 2439 in
1533 2381 1727 2438 sacula
1768 2380 2106 2437 saeculorum.

544 2479 739 2533 Arnen.

1130 2588 1417 2648 HOMILIA
1454 2588 1520 2646 ν.

543 2683 618 2741 De
644 2686 821 2740 eodem
855 2685 1057 2757 psalmo
1076 2685 1150 2757 ab
1177 2702 1238 2739 ea
1264 2692 1411 2757 parte
1428 2681 1485 2757 _”
1519 2698 1534 2735 :
1574 2699 1593 2735 ι
1629 2681 1703 2736 0s
1724 2681 1862 2751 justi
1893 2682 2113 2735 medita-

1034 2756 1175 2810 bitur
1212 2754 1551 2822 sapientiam.
1590 2771 1612 2801 ι

611 2850 661 2906 Ι.
677 2849 785 2907 Lex
804 2848 1019 2920 quidem
1036 2846 1223 2901 volens
1239 2858 1337 2899 nos
1354 2844 1564 2912 aperire
1579 2859 1640 2899 os
1663 2848 1731 2898 ad
1750 2842 1969 2898 verbum
1994 2841 2109 2907 Dei,

539 2945 797 3015 praecepit
821 2944 1008 2997 dicens
1027 2944 1070 2977 "
1105 2959 1118 2993 :
1152 2937 1423 3006 Loqueris,
1451 2935 1646 3004 inquit,
1694 2935 1803 2991 hcce
1844 2936 2025 2989 sedens
2055 2936 2111 2988 in

2210 468 2329 508 cum
2359 456 2571 510 cateris
2608 456 2898 526 pessimum
2936 456 3152 522 vitium,
3198 466 3271 511 ut
3323 457 3523 511 inanes
3551 466 3601 511 et
3625 472 3757 527 super.

2209 541 2344 599 ﬂuos
2378 554 2563 613 putent
2591 560 2685 600 eos
2712 546 2804 614 qui
2826 544 2989 599 verbo
3015 555 3068 599 et
3089 546 3382 600 doctrina
3410 561 3624 615 Operam
3645 551 3757 604 dule-

2211 636 2341 700 rint,
2368 646 2422 691 et
2448 635 2844 705 amplectuntur
2873 637 3047 708 magis
3081 637 3452 706 imperitiam
3481 652 3622 691 suam
3647 653 3759 708 quan

2211 729 2423 783 illorum
2454 730 2629 784 studia
2663 746 2726 785 ac
2766 729 3006 788 laborem
3046 749 3059 785 :
3100 732 3467 799 mutatisque
3519 732 3761 786 nominibus

2210 822 2465 877 exercitia
2504 837 2690 879 eorum
2729 825 3134 888 verbositatem,
3176 839 3353 880 suam
3396 839 3532 878 vero
3561 824 3761 880 indocili-

2210 914 2414 969 litatem
2452 915 2534 971 vel
2576 916 2927 986 imperitiam,
2959 919 3393 990 simplicitatem
3425 927 3632 974 vocant.
3658 919 3763 989 Opti.

2210 1021 2331 1061 mus
2366 1015 2544 1063 tamen
2577 1018 2633 1064 et
2679 1009 2768 1064 ille
2811 1019 2895 1065 est
2943 1009 3034 1080 qui
3070 1010 3423 1081 sapientiam
3460 998 3645 1078 probat
3672 1012 3763 1065 acti-

2212 1101 2331 1163 bus,
2364 1109 2417 1155 et
2444 1114 2563 1156 esse
2590 1102 2807 1171 sapiens
2830 1102 2952 1155 vita
2982 1116 3092 1155 sua
3124 1101 3429 1171 probitate
3456 1102 3762 1169 cognoscitur.

2211 1188 2410 1246 Beatus
2432 1206 2561 1262 ergo
2590 1193 2679 1263 qui
2714 1208 2774 1248 os
2807 1208 2961 1248 suum
2998 1194 3176 1263 aperit
3233 1193 3424 1247 verbo
3456 1192 3574 1257 Dei,
3604 1203 3651 1247 et
3680 1207 3765 1261 pto-

2214 1285 2400 1338 licieus
2420 1293 2578 1337 atate
2605 1284 2899 1338 secundum
2931 1283 3210 1339 Christum
3243 1283 3513 1352 proficiet
3532 1284 3763 1351 etsapien-

2212 1376 2308 1432 tia.
2360 1374 2519 1430 Certe
2562 1376 2608 1430 si
2664 1377 2895 1446 amplius
2943 1391 3047 1430 non
3091 1391 3406 1445 possumus
3456 1376 3512 1428 in
3556 1375 3764 1442 sapientia

2212 1467 2492 1535 proﬁcere,
2540 1467 2730 1523 saltem
2777 1468 2907 1521 illud
2957 1469 3267 1522 observare
3328 1482 3444 1520 non
3497 1468 3692 1538 pigeat,
3728 1470 3762 1521 in

2213 1559 2434 1628 psalmis
2463 1570 2518 1614 et
2543 1560 2756 1632 hymnis
2784 1571 2839 1614 et
2867 1561 3095 1616 canticis
3127 1560 3495 1630 spiritalibus
3519 1571 3574 1613 et
3605 1562 3651 1612 in
3674 1574 3762 1612 ora.

2218 1652 2361 1705 tione
2408 1652 2489 1704 vel
2535 1652 2742 1708 honore
2793 1652 2886 1706 Dei
2934 1653 3288 1723 frequentius
3347 1653 3568 1721 aperire
3605 1667 3660 1707 os
3692 1668 3761 1703 no.

2212 1754 2382 1798 strum
2413 1744 2476 1797 ”.
2505 1744 2598 1799 Est
2622 1746 2765 1799 enim
2800 1757 2855 1800 et
2882 1747 2996 1801 hac
3028 1761 3135 1800 non
3170 1760 3357 1815 parva
3390 1745 3662 1814 sapientia
3684 1758 3763 1797 tue-

2211 1834 2420 1900 ditatio,
2452 1844 2512 1889 ut
2556 1850 2652 1905 per
2687 1835 2789 1891 hoc
2829 1836 3138 1891 inveniatur
3170 1849 3411 1904 semper
3450 1850 3513 1890 os
3552 1834 3665 1904 justi
3699 1849 3757 1887 sa-

2209 1925 2464 1995 pientiam
2496 1926 2769 1982 meditari.
2793 1927 2907 1982 Non
2937 1937 3117 1983 tamen
3150 1928 3293 1983 mihi
3329 1927 3555 1980 videtur
3577 1926 3757 1979 otiosum

2210 2019 2335 2086 quia
2367 2033 2471 2073 non
2510 2019 2669 2085 dixit,
2694 2036 2755 2076 os
2784 2021 2916 2091 justi
2958 2021 3277 2085 meditatur,
3323 2019 3475 2089 quod
3520 2020 3683 2087 utique
3708 2017 3754 2069 ad

2209 2126 2447 2181 praesens
2479 2120 2690 2183 tempus
2712 2121 2959 2183 spectare
2987 2120 3220 2181 poterat,
3252 2110 3358 2168 sed
3395 2108 3554 2171 dixit,
3586 2109 3755 2162 medita-

2210 2204 2352 2257 bitur
2379 2205 2731 2273 sapientiam;
2762 2203 2905 2274 quod
2956 2205 3077 2260 sine
3119 2204 3292 2259 dubio
3327 2202 3400 2257 ad
3441 2200 3663 2256 futurum
3693 2215 3750 2252 rc-

2210 2296 2372 2367 spicit
2439 2307 2682 2367 tempus,
2734 2302 2788 2352 in
2841 2313 2949 2368 quo
3008 2297 3175 2352 etiam
3231 2296 3432 2352 caeteri
3485 2296 3751 2362 interpretes

2210 2401 2397 2442 omnes
2431 2388 2636 2457 absque
2682 2402 2789 2442 uno
2830 2387 3202 2442 consentiunt.
3230 2386 3317 2441 Ne
3361 2384 3503 2441 forte
3529 2398 3645 2451 ergo
3674 2380 3745 2434 ali-

2211 2481 2339 2549 quid
2384 2480 2665 2550 mysticum
2700 2478 2944 2549 designet
2994 2478 3096 2533 hoc
3141 2488 3390 2548 tempus,
3443 2490 3549 2545 quo
3590 2472 3747 2527 scilicet

2212 2571 2481 2626 indicetur
2502 2570 2695 2625 futura
2741 2570 3198 2640 repromissionis,
3239 2579 3303 2624 et
3338 2568 3548 2639 gratia,
3583 2573 3629 2619 et
3661 2564 3738 2617 hs—

2213 2662 2458 2718 reditatis
2494 2676 2619 2732 spes
2656 2662 2777 2718 talis
2806 2666 3049 2732 quaedam
3091 2663 3300 2726 futura,
3344 2671 3405 2714 ut
3443 2675 3504 2714 os
3529 2659 3741 2727 justonut

2212 2772 2315 2811 non
2344 2757 2479 2811 cibis
2528 2764 2581 2810 et
2628 2765 2774 2826 potu,
2830 2772 3005 2826 neque
3043 2756 3254 2811 deliciis
3301 2764 3365 2809 et
3410 2749 3735 2822 voluptatibus,

2212 2861 2317 2901 non
2344 2849 2612 2904 vescendo
2647 2848 2841 2919 epulis,
2872 2850 2968 2903 sed
3000 2847 3322 2902 meditando
3347 2842 3650 2913 sapientiam
3671 2852 3735 2890 re-

2211 2940 2437 3009 pleatur.
2472 2938 2625 2997 Ultra
2671 2942 2814 2996 enim
2857 2956 2963 2995 non
3009 2939 3116 2995 erit
3157 2938 3366 3008 aliquis
3412 2932 3665 3004 imperitus
3693 2930 3730 2981 in

541 3042 714 3105 tlomo,
748 3048 795 3091 et
835 3050 1049 3106 pergens
1078 3034 1133 3087 in
1176 3034 1280 3095 via,
1311 3039 1357 3083 et
1397 3028 1598 3095 jacens,
1638 3038 1684 3081 et
1726 3043 1965 3097 surgens.
2003 3024 2108 3081 Sed
2135 3051 2179 3110 α
2214 3047 2378 3102 regno
2409 3032 2523 3099 Dei,
2558 3048 2665 3088 non
2698 3033 2945 3090 indocilis
2981 3033 3370 3103 permanebit,
3407 3029 3574 3084 nullus
3604 3022 3685 3080 erit
3709 3033 3729 3071 ι

540 3138 595 3185 ct
626 3129 881 3184 Salomon
914 3127 967 3180 in
1007 3123 1313 3178 Proverbiis
1346 3118 1523 3174 simile
1555 3117 1757 3186 aliquid
1780 3119 1929 3173 brevi
1959 3134 2110 3172 com-

544 3221 839 3277 monitioue
864 3217 1164 3287 distinguit,
1194 3218 1376 3271 dicens
1398 3214 1442 3246 ”
1472 3232 1485 3267 :
1516 3213 1670 3280 Aperi
1699 3228 1754 3265 os
1781 3222 1927 3265 tuum
1956 3212 2109 3266 verba

542 3317 663 3372 Dei.
696 3313 956 3369 Similiter
981 3311 1142 3365 etiam
1176 3324 1316 3362 nunc
1342 3307 1611 3377 Propheta
1646 3319 1745 3359 nos
1776 3307 1949 3367 docet,
1983 3320 2108 3358 cum

542 3405 673 3461 dicit
696 3404 782 3459 ’δίε
825 3401 897 3457 0s
945 3400 1081 3473 justi
1132 3398 1470 3452 meditabitur
1522 3396 1852 3465 sapientiam.
1902 3393 2111 3448 Revera

540 3498 684 3552 enim
720 3510 819 3551 nec
851 3495 1009 3551 debet
1056 3491 1200 3546 aliud
1244 3490 1536 3560 quidquam
1586 3486 1879 3558 procedere
1917 3485 1984 3539 de
2014 3500 2111 3540 ore

540 3588 689 3657 justi,
721 3588 821 3643 nisi
862 3585 1150 3657 sapientia.
1187 3580 1339 3637 Unde
1375 3590 1431 3637 et
1467 3595 1564 3636 vos
1597 3577 1959 3647 imperitiores
1991 3577 2111 3646 qui-

546 3698 649 3755 que
699 3681 896 3736 fratres
942 3679 1222 3733 audientes
1270 3687 1574 3730 sermonem
1622 3669 1936 3739 Propheta,
1988 3669 2111 3723 date

540 3776 776 3831 studium
803 3783 861 3829 et
895 3768 1229 3828 meditamini
1256 3781 1378 3823 cum
1413 3764 1636 3834 justitia
1663 3762 1918 3833 operibus
1945 3760 2108 3816 etiam

540 3870 608 3924 de
641 3883 737 3922 ore
766 3876 946 3920 vestro
992 3863 1235 3935 proferre
1274 3873 1583 3918 sermonem
1630 3856 1929 3927 sapientiae.
1956 3854 2111 3922 Quod

540 3975 611 4015 ne
635 3956 848 4014 ditIicile
880 3956 1033 4010 vobis
1063 3956 1311 4008 videatur
1362 3960 1711 4021 praceptum,
1747 3949 1967 4002 brevem
2010 3960 2108 4000 vo-

541 4052 624 4106 bis
665 4047 938 4117 sapientiae
986 4044 1269 4098 insinuabo
1322 4055 1648 4096 sermonem.
1689 4036 1979 4107 Apostolus
2011 4037 2108 4099 ait,

541 4143 668 4213 quia
705 4139 949 4195 Christus
981 4136 1071 4190 Dei
1100 4144 1183 4191 est
1210 4135 1384 4189 virtus
1420 4142 1477 4187 et
1514 4132 1609 4187 Dei
1655 4130 1921 4200 sapientia
1947 4128 2013 4182 “.
2052 4128 2107 4183 Si

540 4235 706 4299 igitur
729 4230 1000 4285 Christum
1034 4241 1245 4295 semper
1278 4224 1597 4295 loquamini,
1642 4223 1688 4278 si
1737 4235 1951 4291 semper
1993 4219 2111 4288 ejus

538 4326 703 4381 verba
733 4319 1085 4383 meditemini,
1116 4318 1159 4373 si
1195 4327 1455 4387 pracepta
1490 4315 1605 4383 ejus
1646 4314 1698 4368 in
1734 4326 1830 4367 ore
1860 4310 2107 4376 teneatis,

2210 3141 2391 3182 rerum
2443 3125 2668 3181 scientia
2718 3128 3064 3197 peregrinus;
3098 3139 3317 3179 omnes
3368 3120 3655 3177 etliciernur,
3693 3111 3725 3163 si

2214 3229 2391 3273 tamen
2425 3219 2776 3285 merebimur,
2814 3216 3063 3287 discipuli
3101 3216 3409 3285 sapientia.
3442 3212 3498 3267 Si
3542 3207 3643 3278 quis
3665 3202 3727 3256 hic

2208 3311 2418 3381 pesitus
2471 3310 2733 3365 imbuitur
2779 3320 2836 3363 et
2881 3308 3170 3364 instruitur
3209 3307 3266 3363 in
3318 3308 3406 3362 bis
3449 3317 3558 3373 qua
3599 3294 3723 3367 potui!

2211 3401 2264 3455 in
2311 3415 2476 3456 carne
2523 3400 2731 3469 positus
2778 3401 3066 3469 attingere,
3108 3399 3180 3454 ibi
3226 3397 3343 3468 jam
3401 3386 3723 3449 illuminabitut

2210 3491 2622 3562 perfectioribus
2651 3490 2975 3560 disciplinis,
3025 3500 3083 3544 et
3127 3505 3189 3546 ea
3237 3504 3363 3560 qua
3394 3487 3479 3541 hic
3509 3479 3656 3539 studio
3674 3487 3719 3528 ac

2210 3582 2394 3637 labore
2424 3582 2648 3653 quaesita
2678 3590 2823 3649 sunt,
2875 3581 2939 3636 ad
2987 3582 3367 3650 compendium
3411 3579 3590 3633 futura
3626 3567 3717 3623 inibi

2212 3674 2568 3729 institutionis
2626 3672 2904 3727 accedent.
2944 3672 3049 3741 Qui
3092 3687 3223 3728 vero
3269 3672 3368 3727 hic
3410 3669 3616 3726 nondum
3652 3663 3715 3713 de-

2210 3767 2389 3837 posuit
2419 3767 2591 3837 prima
2625 3769 2947 3830 rudimenta,
2984 3765 3079 3820 sed
3121 3765 3300 3820 adhuc
3331 3772 3390 3818 ut
3419 3757 3637 3832 parvulus
3658 3751 3714 3803 Ιο-

2211 3860 2393 3926 quitur
2443 3866 2498 3913 et
2525 3870 2582 3912 ut
2612 3858 2866 3927 parvulus
2895 3859 3059 3926 sapit,
3093 3857 3254 3910 etiam
3293 3856 3368 3911 ibi
3397 3847 3711 3907 iustituiturut

2210 3951 2488 4019 paranns,
2519 3964 2624 4018 quo
2669 3948 2891 4005 eﬂ‘ectus
2923 3948 3209 4017 aliquando
3243 3949 3329 4002 vir
3355 3961 3450 4018 per
3476 3936 3708 4013 profectum

2211 4043 2487 4108 sapientia:
2522 4056 2638 4111 qua
2668 4041 2875 4111 parvuli
2923 4051 3048 4095 sunt
3092 4042 3352 4109 deponat.
3394 4038 3492 4092 Aut
3524 4043 3610 4085 non
3636 4022 3709 4077 talo

2212 4135 2435 4203 aliquid,
2470 4134 2514 4188 si
2550 4133 2865 4203 spiritaliter
2913 4132 3263 4202 intelligatur,
3306 4130 3465 4186 etiam
3507 4124 3581 4178 lex
3606 4112 3705 4170 desi-

2210 4235 2361 4296 gnat,
2384 4240 2506 4279 cum
2535 4224 2664 4279 dicit
2696 4224 2777 4277 “z
2809 4224 3056 4293 Loqueris
3096 4223 3154 4276 in
3201 4224 3275 4277 eis
3316 4224 3493 4277 sedens
3526 4209 3705 4270 danti.“

2210 4333 2426 4387 pergens
2451 4318 2503 4370 in
2530 4318 2632 4381 uia,
2656 4326 2703 4370 et
2724 4316 2931 4386 jacens,
2962 4326 3008 4369 et
3030 4332 3311 4385 exsurgens
3328 4316 3355 4368 2
3380 4310 3518 4380 Quod
3542 4309 3599 4358 ita
3619 4311 3702 4370 ρος·

538 4418 699 4487 digne
738 4429 801 4468 os
846 4419 1083 4464 vestrum
1132 4407 1479 4461 meditabitur
1526 4404 1870 4472 sapientiam.
1921 4401 2106 4470 Neque
2137 4402 2181 4457 D
2210 4423 2395 4464 sunms
2439 4408 2739 4479 intelligere
2774 4424 2788 4460 :
2824 4408 3069 4461 sedentes
3114 4409 3165 4461 in
3217 4407 3378 4461 domo
3421 4414 3469 4460 et
3497 4401 3698 4471 jacentes.

538 4509 682 4565 enim
713 4508 829 4562 hac
854 4503 967 4559 sola
998 4511 1083 4557 est
1125 4500 1403 4569 sapientia
1450 4497 1749 4561 meditatio,
1778 4498 1823 4551 si
1859 4496 1981 4567 quis
2008 4494 2107 4550 do-

538 4616 662 4655 cere
697 4606 894 4668 potest,
923 4594 1007 4650 vel
1051 4593 1213 4648 latius
1258 4591 1312 4645 in
1358 4589 1594 4646 Ecclesia
1641 4590 1942 4659 disputare,
1973 4601 2107 4642 con-

538 4692 873 4747 tradicentes
900 4688 1201 4742 revincere.
1235 4683 1329 4738 Est
1357 4682 1572 4752 quidem
1613 4692 1668 4735 et
1711 4680 1815 4736 hoc
1845 4693 1982 4747 opus
2014 4694 2097 4734 sa-

540 4787 776 4857 pientia,
808 4784 900 4839 sed
929 4782 1067 4836 alius
1116 4778 1377 4847 amplius,
1425 4775 1563 4830 alius
1606 4785 1782 4828 autem
1822 4773 2023 4828 minus.
2048 4772 2103 4825 In

536 4881 643 4935 alio
668 4881 771 4934 hoc
795 4879 969 4947 ipsum
1000 4875 1144 4944 quod
1179 4872 1352 4928 credit
1392 4870 1487 4926 Dei
1516 4869 1811 4939 sapientia,
1839 4868 2102 4937 sapientia

536 4980 814 5040 reputatur
845 4984 859 5021 :
889 4968 943 5021 iu
974 4966 1080 5020 alio
1110 4974 1164 5020 et
1203 4965 1304 5019 hoc
1337 4962 1476 5032 quod
1514 4959 1803 5030 acquiescit
1838 4959 2102 5027 sapienti-

536 5063 636 5117 bus
683 5069 737 5115 et
781 5067 929 5114 amat
974 5058 1117 5112 dicta
1162 5055 1510 5125 sapientium,
1541 5051 1805 5121 sapientia
1855 5050 2101 5105 dicitur:

535 5152 805 5209 nonnullis
837 5165 965 5205 vero
1003 5150 1168 5203 etiam
1226 5147 1688 5214 interrogantibus
1730 5141 2103 5197 tantummodo

534 5248 602 5300 de
623 5242 908 5313 sapientia,
958 5240 1219 5310 sapientia
1270 5246 1572 5309 reputatur.
1608 5232 1740 5288 Illud
1781 5232 1955 5286 solum
2008 5229 2105 5284 ob-

534 5343 768 5397 servate,
808 5332 1028 5395 fratres,
1069 5346 1136 5386 ne
1183 5329 1305 5400 quis
1360 5336 1594 5383 vestrum
1639 5325 1944 5381 inveniatur
1994 5337 2101 5377 non

535 5426 706 5480 solum
744 5441 848 5480 non
873 5423 1018 5493 loqui
1051 5437 1153 5476 nec
1180 5420 1426 5474 meditari
1460 5417 1799 5488 sapientiam,
1832 5429 2019 5468 verum
2049 5423 2104 5467 et

536 5518 713 5571 odisse
769 5526 931 5585 atque
974 5513 1245 5569 adversari
1291 5512 1357 5566 iis
1404 5513 1493 5580 qui
1537 5510 1772 5566 studium
1826 5505 2104 5576 sapientia

608 5628 651 5658 ³⁷
675 5624 819 5680 Psal.
852 5641 1039 5687 xxxvi,
1063 5626 1153 5692 28,
1180 5627 1271 5681 29.
1347 5623 1393 5656 ³⁸
1421 5623 1554 5679 ibid.
1588 5620 1675 5677 30.
1752 5620 1796 5653 ”
1828 5619 1981 5673 Deut.
2011 5631 2087 5677 Vl,

610 5697 814 5746 Coloss.
856 5711 937 5746 Ill.
970 5696 1053 5746 16.
1158 5697 1205 5729 ⁸⁵
1230 5698 1385 5746 Deut.
1433 5711 1506 5746 vt.
1536 5694 1588 5746 7.
1680 5691 1725 5723 ⁸⁸
1747 5691 1901 5746 Joau.
1928 5688 2107 5746 v1.14.

2271 5617 2316 5647 ⁴⁶
2345 5617 2501 5668 Prov.
2535 5629 2636 5666 xxx

2213 5687 2233 5718 '
2270 5684 2428 5739 Prov.
2461 5700 2540 5746 ιιι,
2569 5683 2636 5736 24

537 5698 583 5731 ⁸³
610 5697 814 5752 Coloss.
856 5711 937 5762 ιιι,
970 5696 1053 5750 16.
1158 5697 1205 5729 ⁸⁵
1229 5698 1385 5752 Deut.
1433 5711 1506 5760 vt,
1536 5694 1588 5746 7.

2207 4515 2329 4555 cum
2359 4498 2411 4552 in
2437 4497 2697 4563 Ecclesia,
2722 4512 2841 4567 qua
2874 4506 2956 4553 est
2982 4499 3176 4553 domus
3211 4498 3326 4564 Dei,
3364 4494 3600 4565 loquimur
3619 4495 3699 4535 tct-

2206 4594 2332 4649 bum
2361 4592 2475 4656 Dei,
2505 4592 2557 4645 in
2591 4590 2695 4645 hoc
2716 4590 2923 4645 scilicet
2943 4604 3172 4659 corpore
3198 4590 3378 4659 positi,
3408 4589 3641 4659 pergentes
3660 4573 3696 4623 in

2205 4686 2316 4751 via,
2359 4687 2412 4741 in
2457 4684 2545 4739 illa
2596 4698 2718 4755 qua
2760 4682 2889 4737 dicit
2944 4681 3032 4733 ηε
3067 4678 3181 4751 Ego
3212 4696 3327 4735 sum
3366 4681 3463 4743 via,
3492 4668 3695 4741 loquinmr

2206 4778 2429 4832 verbum
2476 4776 2610 4830 Dei:
2648 4786 2703 4831 et
2735 4782 3106 4844 exsurgentes,
3146 4788 3267 4827 cum
3305 4760 3693 4828 exsurrexerimvs

2208 4886 2240 4925 e
2285 4884 2475 4924 somno
2532 4870 2721 4923 mortis
2773 4867 2823 4920 in
2882 4865 3298 4930 resurrectione,
3339 4872 3459 4918 tunc
3493 4851 3690 4924 loquimur

2209 4960 2303 5015 illa
2340 4974 2459 5030 qua
2488 4957 2724 5028 perfecta
2753 4965 2900 5021 sunt,
2935 4965 3288 5026 exsurgentes
3311 4956 3376 5011 de
3403 4962 3567 5009 somno
3590 4950 3688 4995 mor-

2210 5054 2304 5117 tis,
2330 5053 2471 5107 sicut
2519 5062 2570 5106 et
2601 5048 2857 5104 Salomon
2893 5049 3060 5121 676
3094 5048 3229 5101 dicit
3259 5047 3324 5102 de
3354 5062 3415 5102 eo
3438 5042 3514 5113 qui
3537 5033 3683 5102 sapiens

2210 5145 2341 5198 tiam
2375 5140 2475 5196 sibi
2505 5140 2734 5194 amicam
2778 5150 2830 5194 et
2869 5138 3186 5193 familiarem
3217 5138 3362 5205 fecit,
3391 5138 3501 5207 quia
3534 5130 3569 5182 si
3584 5120 3684 5178 διότι

2209 5236 2303 5297 ris,
2327 5234 2439 5287 sine
2460 5232 2642 5285 timore
2669 5232 2793 5295 eris,
2818 5240 2864 5283 et
2896 5232 2941 5283 si
2971 5230 3262 5288 dormieris,
3292 5231 3491 5283 libenter
3511 5223 3679 5276 tantum

2210 5325 2406 5393 capies,
2430 5333 2474 5378 et
2505 5339 2607 5377 non
2632 5322 2830 5376 tintebis
2854 5331 3101 5374 terrorem
3127 5321 3551 5388 supervenientent.
3570 5313 3681 5369 "Nl"

2209 5415 2429 5482 impetus
2483 5413 2760 5481 impiorum
2800 5412 3055 5465 irruentes
3100 5427 3259 5479 super
3299 5420 3347 5464 te
3381 5410 3444 5462 “.
3478 5395 3676 5460 Sufﬁciaul

2210 5504 2311 5557 ista
2343 5504 2409 5556 de
2445 5516 2510 5556 eo
2547 5501 2689 5571 quod
2738 5502 2996 5570 scriptum
3026 5511 3145 5554 est:
3174 5498 3245 5554 0s
3261 5500 3398 5569 justi
3431 5485 3678 5552 mrditabi-‘If

2271 5614 2316 5647 ⁴⁶
2345 5614 2501 5668 Prov.
2535 5629 2682 5680 χχιι,
2708 5612 2762 5669 9.
2839 5612 2881 5644 “
2909 5612 3049 5669 Psal.
3080 5627 3262 5676 xxxvi,
3299 5610 3387 5666 30.
3456 5600 3669 5657 “lCor-l'

3840 5652 3854 5737 λ
