  <div class='ocr_page' id='page_1' title='image "/cluster/home/n/w/nwhite01/storage/ocr_20150623/12/mdp.39015028786690/690.png"; bbox 0 0 4020 6152; ppageno 0'>
   <div class='ocr_carea' id='block_1_1' title="bbox 324 266 468 324">
    <p class='ocr_par' dir='ltr' id='par_1_1' title="bbox 324 266 468 324">
     <span class='ocr_line' id='line_1_1' title="bbox 324 266 468 324; baseline 0.007 -3"><span class='ocrx_word' id='word_1_1' title='bbox 324 266 468 324; x_wconf 72' lang='grc'><strong>1361</strong></span> 
     </span>
    </p>
   </div>
   <div class='ocr_carea' id='block_1_2' title="bbox 1001 263 2846 323">
    <p class='ocr_par' dir='ltr' id='par_1_2' title="bbox 1001 263 2846 323">
     <span class='ocr_line' id='line_1_2' title="bbox 1001 263 2846 323; baseline 0.001 -3"><span class='ocrx_word' id='word_1_2' title='bbox 1001 263 1312 321; x_wconf 83' lang='lat' dir='ltr'><strong>SELECTA</strong></span> <span class='ocrx_word' id='word_1_3' title='bbox 1345 265 1412 322; x_wconf 85' lang='lat' dir='ltr'><strong>IN</strong></span> <span class='ocrx_word' id='word_1_4' title='bbox 1444 264 1783 323; x_wconf 84' lang='lat' dir='ltr'><strong>PSALMDS.</strong></span> <span class='ocrx_word' id='word_1_5' title='bbox 1823 295 1894 306; x_wconf 88' lang='lat'><strong>—-</strong></span> <span class='ocrx_word' id='word_1_6' title='bbox 1927 263 2159 322; x_wconf 83' lang='lat' dir='ltr'><strong>HOMIL.</strong></span> <span class='ocrx_word' id='word_1_7' title='bbox 2204 266 2244 321; x_wconf 71' lang='grc' dir='ltr'><strong>ν</strong></span> <span class='ocrx_word' id='word_1_8' title='bbox 2281 265 2347 321; x_wconf 84' lang='grc' dir='ltr'><strong>ΙΝ</strong></span> <span class='ocrx_word' id='word_1_9' title='bbox 2378 265 2574 323; x_wconf 78' lang='lat' dir='ltr'><strong>PSAL.</strong></span> <span class='ocrx_word' id='word_1_10' title='bbox 2607 266 2846 323; x_wconf 75' lang='lat' dir='ltr'><strong>XXXVI.</strong></span> 
     </span>
    </p>
   </div>
   <div class='ocr_carea' id='block_1_3' title="bbox 3440 271 3581 329">
    <p class='ocr_par' dir='ltr' id='par_1_3' title="bbox 3440 271 3581 329">
     <span class='ocr_line' id='line_1_3' title="bbox 3440 271 3581 329; baseline 0.021 -3"><span class='ocrx_word' id='word_1_11' title='bbox 3440 271 3581 329; x_wconf 65' lang='lat'><strong>136%</strong></span> 
     </span>
    </p>
   </div>
   <div class='ocr_carea' id='block_1_4' title="bbox 320 375 3576 457">
    <p class='ocr_par' dir='ltr' id='par_1_4' title="bbox 320 375 3576 457">
     <span class='ocr_line' id='line_1_4' title="bbox 320 375 3576 457; baseline 0.004 -27"><span class='ocrx_word' id='word_1_12' title='bbox 320 377 666 445; x_wconf 71' lang='lat' dir='ltr'><strong>sapientiam,</strong></span> <span class='ocrx_word' id='word_1_13' title='bbox 696 375 894 446; x_wconf 84' lang='lat' dir='ltr'><strong>quibus</strong></span> <span class='ocrx_word' id='word_1_14' title='bbox 928 377 1144 432; x_wconf 76' lang='lat' dir='ltr'><strong>additur</strong></span> <span class='ocrx_word' id='word_1_15' title='bbox 1172 394 1186 431; x_wconf 91' lang='lat'><strong>:</strong></span> <span class='ocrx_word' id='word_1_16' title='bbox 1219 377 1286 433; x_wconf 83' lang='lat' dir='ltr'><strong>Et</strong></span> <span class='ocrx_word' id='word_1_17' title='bbox 1320 378 1500 450; x_wconf 85' lang='lat' dir='ltr'><strong>lingua</strong></span> <span class='ocrx_word' id='word_1_18' title='bbox 1528 381 1642 450; x_wconf 96' lang='lat' dir='ltr'><strong>ejus</strong></span> <span class='ocrx_word' id='word_1_19' title='bbox 1666 382 1906 443; x_wconf 81' lang='lat' dir='ltr'><strong>loquetur</strong></span> <span class='ocrx_word' id='word_1_20' title='bbox 1932 380 1981 439; x_wconf 77' lang='grc' dir='ltr'><strong>Α</strong></span> <span class='ocrx_word' id='word_1_21' title='bbox 2007 378 2176 433; x_wconf 89' lang='lat' dir='ltr'><strong>moria</strong></span> <span class='ocrx_word' id='word_1_22' title='bbox 2205 391 2261 435; x_wconf 90' lang='lat' dir='ltr'><strong>et</strong></span> <span class='ocrx_word' id='word_1_23' title='bbox 2284 380 2596 451; x_wconf 89' lang='lat' dir='ltr'><strong>diligentius</strong></span> <span class='ocrx_word' id='word_1_24' title='bbox 2630 381 2896 449; x_wconf 91' lang='lat' dir='ltr'><strong>retinetis,</strong></span> <span class='ocrx_word' id='word_1_25' title='bbox 2933 380 3075 437; x_wconf 89' lang='lat' dir='ltr'><strong>scire</strong></span> <span class='ocrx_word' id='word_1_26' title='bbox 3102 381 3312 441; x_wconf 80' lang='lat' dir='ltr'><strong>debetis</strong></span> <span class='ocrx_word' id='word_1_27' title='bbox 3353 386 3481 457; x_wconf 93' lang='lat' dir='ltr'><strong>quia</strong></span> <span class='ocrx_word' id='word_1_28' title='bbox 3529 391 3576 444; x_wconf 87' lang='lat' dir='ltr'><strong>si</strong></span> 
     </span>
    </p>
   </div>
   <div class='ocr_carea' id='block_1_5' title="bbox 350 469 611 521">
    <p class='ocr_par' dir='ltr' id='par_1_5' title="bbox 350 469 611 521">
     <span class='ocr_line' id='line_1_5' title="bbox 350 469 611 521; baseline 0 0"><span class='ocrx_word' id='word_1_29' title='bbox 350 469 611 521; x_wconf 69' lang='lat' dir='ltr'><strong>udicium.</strong></span> 
     </span>
    </p>
   </div>
   <div class='ocr_carea' id='block_1_6' title="bbox 307 468 1906 639">
    <p class='ocr_par' dir='ltr' id='par_1_6' title="bbox 307 468 1906 639">
     <span class='ocr_line' id='line_1_6' title="bbox 307 468 611 536; baseline 0.003 -16"><span class='ocrx_word' id='word_1_30' title='bbox 307 468 611 536; x_wconf 69' lang='lat' dir='ltr'><strong>judicium.</strong></span> 
     </span>
     <span class='ocr_line' id='line_1_7' title="bbox 399 558 1906 639; baseline 0.008 -28"><span class='ocrx_word' id='word_1_31' title='bbox 399 558 451 611; x_wconf 74' lang='grc'><strong>2.</strong></span> <span class='ocrx_word' id='word_1_32' title='bbox 481 558 688 627; x_wconf 82' lang='lat' dir='ltr'><strong>Duplici</strong></span> <span class='ocrx_word' id='word_1_33' title='bbox 719 567 879 617; x_wconf 88' lang='lat' dir='ltr'><strong>modo</strong></span> <span class='ocrx_word' id='word_1_34' title='bbox 909 564 1091 635; x_wconf 80' lang='lat' dir='ltr'><strong>lingua</strong></span> <span class='ocrx_word' id='word_1_35' title='bbox 1130 565 1262 635; x_wconf 85' lang='lat' dir='ltr'><strong>justi</strong></span> <span class='ocrx_word' id='word_1_36' title='bbox 1303 566 1617 637; x_wconf 76' lang='lat' dir='ltr'><strong>intelligitur</strong></span> <span class='ocrx_word' id='word_1_37' title='bbox 1644 566 1788 639; x_wconf 90' lang='lat' dir='ltr'><strong>loqui</strong></span> <span class='ocrx_word' id='word_1_38' title='bbox 1818 568 1906 637; x_wconf 86' lang='lat' dir='ltr'><strong>ju-</strong></span> 
     </span>
    </p>
   </div>
   <div class='ocr_carea' id='block_1_7' title="bbox 317 648 1904 726">
    <p class='ocr_par' dir='ltr' id='par_1_7' title="bbox 317 648 1904 726">
     <span class='ocr_line' id='line_1_8' title="bbox 317 648 1904 726; baseline 0.009 -25"><span class='ocrx_word' id='word_1_39' title='bbox 317 648 552 715; x_wconf 85' lang='lat' dir='ltr'><strong>dicium,</strong></span> <span class='ocrx_word' id='word_1_40' title='bbox 587 651 706 705; x_wconf 89' lang='lat' dir='ltr'><strong>sive</strong></span> <span class='ocrx_word' id='word_1_41' title='bbox 745 666 845 721; x_wconf 93' lang='lat' dir='ltr'><strong>pro</strong></span> <span class='ocrx_word' id='word_1_42' title='bbox 888 667 953 708; x_wconf 88' lang='lat' dir='ltr'><strong>eo</strong></span> <span class='ocrx_word' id='word_1_43' title='bbox 998 656 1138 723; x_wconf 92' lang='lat' dir='ltr'><strong>quod</strong></span> <span class='ocrx_word' id='word_1_44' title='bbox 1184 656 1365 710; x_wconf 88' lang='lat' dir='ltr'><strong>omnia</strong></span> <span class='ocrx_word' id='word_1_45' title='bbox 1406 666 1553 712; x_wconf 90' lang='lat' dir='ltr'><strong>recto</strong></span> <span class='ocrx_word' id='word_1_46' title='bbox 1593 657 1816 726; x_wconf 90' lang='lat' dir='ltr'><strong>judicio,</strong></span> <span class='ocrx_word' id='word_1_47' title='bbox 1848 668 1904 715; x_wconf 93' lang='lat' dir='ltr'><strong>et</strong></span> 
     </span>
    </p>
   </div>
   <div class='ocr_carea' id='block_1_8' title="bbox 314 741 1902 821">
    <p class='ocr_par' dir='ltr' id='par_1_8' title="bbox 314 741 1902 821">
     <span class='ocr_line' id='line_1_9' title="bbox 314 741 1902 821; baseline 0.009 -28"><span class='ocrx_word' id='word_1_48' title='bbox 314 756 451 795; x_wconf 78' lang='lat' dir='ltr'><strong>rum</strong></span> <span class='ocrx_word' id='word_1_49' title='bbox 486 741 874 799; x_wconf 78' lang='lat' dir='ltr'><strong>deliberatione</strong></span> <span class='ocrx_word' id='word_1_50' title='bbox 907 755 962 800; x_wconf 90' lang='lat' dir='ltr'><strong>et</strong></span> <span class='ocrx_word' id='word_1_51' title='bbox 995 762 1116 802; x_wconf 89' lang='lat' dir='ltr'><strong>cum</strong></span> <span class='ocrx_word' id='word_1_52' title='bbox 1142 748 1368 803; x_wconf 88' lang='lat' dir='ltr'><strong>consilio</strong></span> <span class='ocrx_word' id='word_1_53' title='bbox 1405 748 1643 819; x_wconf 84' lang='lat' dir='ltr'><strong>loquitur</strong></span> <span class='ocrx_word' id='word_1_54' title='bbox 1681 765 1801 821; x_wconf 69' lang='lat' dir='ltr'><strong>quae</strong></span> <span class='ocrx_word' id='word_1_55' title='bbox 1824 752 1902 808; x_wconf 84' lang='lat' dir='ltr'><strong>lo-</strong></span> 
     </span>
    </p>
   </div>
   <div class='ocr_carea' id='block_1_9' title="bbox 206 837 1901 907">
    <p class='ocr_par' dir='ltr' id='par_1_9' title="bbox 206 837 1901 907">
     <span class='ocr_line' id='line_1_10' title="bbox 206 837 1901 907; baseline 0.008 -19"><span class='ocrx_word' id='word_1_56' title='bbox 206 894 222 900; x_wconf 87' lang='lat'>_</span> <span class='ocrx_word' id='word_1_57' title='bbox 310 837 533 906; x_wconf 85' lang='lat' dir='ltr'><strong>quitur,</strong></span> <span class='ocrx_word' id='word_1_58' title='bbox 567 845 621 891; x_wconf 87' lang='lat' dir='ltr'><strong>et</strong></span> <span class='ocrx_word' id='word_1_59' title='bbox 648 837 779 892; x_wconf 83' lang='lat' dir='ltr'><strong>nihil</strong></span> <span class='ocrx_word' id='word_1_60' title='bbox 810 852 907 907; x_wconf 90' lang='lat' dir='ltr'><strong>per</strong></span> <span class='ocrx_word' id='word_1_61' title='bbox 932 839 1284 905; x_wconf 85' lang='lat' dir='ltr'><strong>iracundiam,</strong></span> <span class='ocrx_word' id='word_1_62' title='bbox 1318 843 1453 897; x_wconf 84' lang='lat' dir='ltr'><strong>nihil</strong></span> <span class='ocrx_word' id='word_1_63' title='bbox 1490 854 1548 897; x_wconf 91' lang='lat' dir='ltr'><strong>ut</strong></span> <span class='ocrx_word' id='word_1_64' title='bbox 1589 846 1901 903; x_wconf 87' lang='lat' dir='ltr'><strong>hominibus</strong></span> 
     </span>
    </p>
   </div>
   <div class='ocr_carea' id='block_1_10' title="bbox 192 916 1900 1007">
    <p class='ocr_par' dir='ltr' id='par_1_10' title="bbox 192 916 1900 1007">
     <span class='ocr_line' id='line_1_11' title="bbox 192 916 1900 1007; baseline 0.008 -28"><span class='ocrx_word' id='word_1_65' title='bbox 192 916 227 985; x_wconf 61' lang='lat'><strong>£-</strong></span> <span class='ocrx_word' id='word_1_66' title='bbox 316 927 560 996; x_wconf 87' lang='lat' dir='ltr'><strong>placeat,</strong></span> <span class='ocrx_word' id='word_1_67' title='bbox 592 928 724 983; x_wconf 86' lang='lat' dir='ltr'><strong>nihil</strong></span> <span class='ocrx_word' id='word_1_68' title='bbox 769 943 836 984; x_wconf 82' lang='lat' dir='ltr'><strong>ex</strong></span> <span class='ocrx_word' id='word_1_69' title='bbox 882 929 1124 994; x_wconf 83' lang='lat' dir='ltr'><strong>tristitia,</strong></span> <span class='ocrx_word' id='word_1_70' title='bbox 1166 931 1295 986; x_wconf 87' lang='lat' dir='ltr'><strong>nihil</strong></span> <span class='ocrx_word' id='word_1_71' title='bbox 1329 948 1394 987; x_wconf 81' lang='lat' dir='ltr'><strong>ex</strong></span> <span class='ocrx_word' id='word_1_72' title='bbox 1436 944 1601 999; x_wconf 87' lang='lat' dir='ltr'><strong>metu,</strong></span> <span class='ocrx_word' id='word_1_73' title='bbox 1629 952 1748 1007; x_wconf 74' lang='lat' dir='ltr'><strong>qua:</strong></span> <span class='ocrx_word' id='word_1_74' title='bbox 1785 938 1900 994; x_wconf 82' lang='lat' dir='ltr'><strong>sin-</strong></span> 
     </span>
    </p>
   </div>
   <div class='ocr_carea' id='block_1_11' title="bbox 313 1018 1899 1092">
    <p class='ocr_par' dir='ltr' id='par_1_11' title="bbox 313 1018 1899 1092">
     <span class='ocr_line' id='line_1_12' title="bbox 313 1018 1899 1092; baseline 0.008 -19"><span class='ocrx_word' id='word_1_75' title='bbox 313 1018 447 1089; x_wconf 83' lang='lat' dir='ltr'><strong>gula</strong></span> <span class='ocrx_word' id='word_1_76' title='bbox 477 1019 651 1075; x_wconf 85' lang='lat' dir='ltr'><strong>solent</strong></span> <span class='ocrx_word' id='word_1_77' title='bbox 678 1020 863 1090; x_wconf 87' lang='lat' dir='ltr'><strong>utique</strong></span> <span class='ocrx_word' id='word_1_78' title='bbox 894 1036 999 1075; x_wconf 91' lang='lat' dir='ltr'><strong>non</strong></span> <span class='ocrx_word' id='word_1_79' title='bbox 1045 1022 1309 1092; x_wconf 89' lang='lat' dir='ltr'><strong>integrum</strong></span> <span class='ocrx_word' id='word_1_80' title='bbox 1342 1025 1646 1083; x_wconf 82' lang='lat' dir='ltr'><strong>hominibus</strong></span> <span class='ocrx_word' id='word_1_81' title='bbox 1681 1044 1899 1085; x_wconf 86' lang='lat' dir='ltr'><strong>servare</strong></span> 
     </span>
    </p>
   </div>
   <div class='ocr_carea' id='block_1_12' title="bbox 304 1111 1896 1192">
    <p class='ocr_par' dir='ltr' id='par_1_12' title="bbox 304 1111 1896 1192">
     <span class='ocr_line' id='line_1_13' title="bbox 304 1111 1896 1192; baseline 0.01 -30"><span class='ocrx_word' id='word_1_82' title='bbox 304 1111 606 1180; x_wconf 82' lang='lat' dir='ltr'><strong>judicium,</strong></span> <span class='ocrx_word' id='word_1_83' title='bbox 649 1112 732 1168; x_wconf 90' lang='lat' dir='ltr'><strong>vel</strong></span> <span class='ocrx_word' id='word_1_84' title='bbox 758 1121 911 1168; x_wconf 88' lang='lat' dir='ltr'><strong>certe</strong></span> <span class='ocrx_word' id='word_1_85' title='bbox 948 1114 1093 1183; x_wconf 90' lang='lat' dir='ltr'><strong>quod</strong></span> <span class='ocrx_word' id='word_1_86' title='bbox 1128 1128 1342 1185; x_wconf 82' lang='lat' dir='ltr'><strong>semper</strong></span> <span class='ocrx_word' id='word_1_87' title='bbox 1381 1119 1448 1174; x_wconf 90' lang='lat' dir='ltr'><strong>de</strong></span> <span class='ocrx_word' id='word_1_88' title='bbox 1491 1118 1896 1192; x_wconf 81' lang='lat' dir='ltr'><strong>l‘uturojudicio</strong></span> 
     </span>
    </p>
   </div>
   <div class='ocr_carea' id='block_1_13' title="bbox 312 1200 1900 1281">
    <p class='ocr_par' dir='ltr' id='par_1_13' title="bbox 312 1200 1900 1281">
     <span class='ocr_line' id='line_1_14' title="bbox 312 1200 1900 1281; baseline 0.011 -27"><span class='ocrx_word' id='word_1_89' title='bbox 312 1202 561 1271; x_wconf 86' lang='lat' dir='ltr'><strong>loquitur</strong></span> <span class='ocrx_word' id='word_1_90' title='bbox 592 1200 804 1272; x_wconf 90' lang='lat' dir='ltr'><strong>justus,</strong></span> <span class='ocrx_word' id='word_1_91' title='bbox 849 1214 907 1258; x_wconf 91' lang='lat' dir='ltr'><strong>ut</strong></span> <span class='ocrx_word' id='word_1_92' title='bbox 948 1220 1302 1264; x_wconf 89' lang='lat' dir='ltr'><strong>commouens</strong></span> <span class='ocrx_word' id='word_1_93' title='bbox 1338 1224 1552 1281; x_wconf 85' lang='lat' dir='ltr'><strong>semper</strong></span> <span class='ocrx_word' id='word_1_94' title='bbox 1588 1216 1668 1268; x_wconf 88' lang='lat' dir='ltr'><strong>vel</strong></span> <span class='ocrx_word' id='word_1_95' title='bbox 1698 1226 1900 1271; x_wconf 79' lang='lat' dir='ltr'><strong>semet—</strong></span> 
     </span>
    </p>
   </div>
   <div class='ocr_carea' id='block_1_14' title="bbox 310 1290 1892 1370">
    <p class='ocr_par' dir='ltr' id='par_1_14' title="bbox 310 1290 1892 1370">
     <span class='ocr_line' id='line_1_15' title="bbox 310 1290 1892 1370; baseline 0.007 -24"><span class='ocrx_word' id='word_1_96' title='bbox 310 1290 520 1361; x_wconf 83' lang='lat' dir='ltr'><strong>ipsum,</strong></span> <span class='ocrx_word' id='word_1_97' title='bbox 553 1294 636 1348; x_wconf 94' lang='lat' dir='ltr'><strong>vel</strong></span> <span class='ocrx_word' id='word_1_98' title='bbox 664 1295 753 1363; x_wconf 85' lang='lat' dir='ltr'><strong>qui</strong></span> <span class='ocrx_word' id='word_1_99' title='bbox 784 1307 843 1349; x_wconf 84' lang='lat' dir='ltr'><strong>se</strong></span> <span class='ocrx_word' id='word_1_100' title='bbox 888 1294 1137 1361; x_wconf 88' lang='lat' dir='ltr'><strong>audiunt,</strong></span> <span class='ocrx_word' id='word_1_101' title='bbox 1168 1298 1235 1353; x_wconf 89' lang='lat' dir='ltr'><strong>de</strong></span> <span class='ocrx_word' id='word_1_102' title='bbox 1277 1297 1444 1352; x_wconf 79' lang='lat' dir='ltr'><strong>futuri</strong></span> <span class='ocrx_word' id='word_1_103' title='bbox 1487 1300 1676 1370; x_wconf 90' lang='lat' dir='ltr'><strong>judicii</strong></span> <span class='ocrx_word' id='word_1_104' title='bbox 1725 1312 1892 1370; x_wconf 89' lang='lat' dir='ltr'><strong>metu,</strong></span> 
     </span>
    </p>
   </div>
   <div class='ocr_carea' id='block_1_15' title="bbox 308 1385 1890 1463">
    <p class='ocr_par' dir='ltr' id='par_1_15' title="bbox 308 1385 1890 1463">
     <span class='ocr_line' id='line_1_16' title="bbox 308 1385 1890 1463; baseline 0.006 -21"><span class='ocrx_word' id='word_1_105' title='bbox 308 1393 374 1442; x_wconf 82' lang='lat' dir='ltr'><strong>et</strong></span> <span class='ocrx_word' id='word_1_106' title='bbox 405 1386 472 1440; x_wconf 89' lang='lat' dir='ltr'><strong>de</strong></span> <span class='ocrx_word' id='word_1_107' title='bbox 500 1385 778 1456; x_wconf 85' lang='lat' dir='ltr'><strong>suppliciis</strong></span> <span class='ocrx_word' id='word_1_108' title='bbox 813 1403 933 1458; x_wconf 76' lang='lat' dir='ltr'><strong>qnze</strong></span> <span class='ocrx_word' id='word_1_109' title='bbox 975 1400 1278 1460; x_wconf 71' lang='lat' dir='ltr'><strong>praeparata</strong></span> <span class='ocrx_word' id='word_1_110' title='bbox 1322 1400 1450 1447; x_wconf 91' lang='lat' dir='ltr'><strong>sunt</strong></span> <span class='ocrx_word' id='word_1_111' title='bbox 1492 1396 1890 1463; x_wconf 85' lang='lat' dir='ltr'><strong>peccatoribus,</strong></span> 
     </span>
    </p>
   </div>
   <div class='ocr_carea' id='block_1_16' title="bbox 309 1475 1894 1554">
    <p class='ocr_par' dir='ltr' id='par_1_16' title="bbox 309 1475 1894 1554">
     <span class='ocr_line' id='line_1_17' title="bbox 309 1475 1894 1554; baseline 0.01 -25"><span class='ocrx_word' id='word_1_112' title='bbox 309 1476 387 1531; x_wconf 88' lang='lat' dir='ltr'><strong>de</strong></span> <span class='ocrx_word' id='word_1_113' title='bbox 418 1475 602 1532; x_wconf 81' lang='lat' dir='ltr'><strong>futura</strong></span> <span class='ocrx_word' id='word_1_114' title='bbox 630 1479 1058 1547; x_wconf 77' lang='lat' dir='ltr'><strong>examinatione,</strong></span> <span class='ocrx_word' id='word_1_115' title='bbox 1089 1482 1184 1537; x_wconf 88' lang='lat' dir='ltr'><strong>sed</strong></span> <span class='ocrx_word' id='word_1_116' title='bbox 1206 1491 1264 1538; x_wconf 88' lang='lat' dir='ltr'><strong>et</strong></span> <span class='ocrx_word' id='word_1_117' title='bbox 1286 1483 1354 1538; x_wconf 89' lang='lat' dir='ltr'><strong>de</strong></span> <span class='ocrx_word' id='word_1_118' title='bbox 1383 1486 1894 1554; x_wconf 88' lang='lat' dir='ltr'><strong>repromissionibus</strong></span> 
     </span>
    </p>
   </div>
   <div class='ocr_carea' id='block_1_17' title="bbox 310 1576 1894 1643">
    <p class='ocr_par' dir='ltr' id='par_1_17' title="bbox 310 1576 1894 1643">
     <span class='ocr_line' id='line_1_18' title="bbox 310 1576 1894 1643; baseline 0.009 -20"><span class='ocrx_word' id='word_1_119' title='bbox 310 1580 630 1624; x_wconf 89' lang='lat' dir='ltr'><strong>sanctorum</strong></span> <span class='ocrx_word' id='word_1_120' title='bbox 655 1586 774 1641; x_wconf 68' lang='lat' dir='ltr'><strong>quae</strong></span> <span class='ocrx_word' id='word_1_121' title='bbox 797 1583 1110 1642; x_wconf 70' lang='lat' dir='ltr'><strong>pra-parata:</strong></span> <span class='ocrx_word' id='word_1_122' title='bbox 1141 1585 1267 1629; x_wconf 92' lang='lat' dir='ltr'><strong>sunt</strong></span> <span class='ocrx_word' id='word_1_123' title='bbox 1288 1576 1370 1631; x_wconf 87' lang='lat' dir='ltr'><strong>eis</strong></span> <span class='ocrx_word' id='word_1_124' title='bbox 1399 1591 1429 1630; x_wconf 86' lang='lat' dir='ltr'><strong>a</strong></span> <span class='ocrx_word' id='word_1_125' title='bbox 1453 1576 1583 1643; x_wconf 90' lang='lat' dir='ltr'><strong>Deo,</strong></span> <span class='ocrx_word' id='word_1_126' title='bbox 1612 1591 1669 1635; x_wconf 91' lang='lat' dir='ltr'><strong>et</strong></span> <span class='ocrx_word' id='word_1_127' title='bbox 1696 1591 1894 1636; x_wconf 81' lang='lat' dir='ltr'><strong>semet-</strong></span> 
     </span>
    </p>
   </div>
   <div class='ocr_carea' id='block_1_18' title="bbox 310 1661 1890 1737">
    <p class='ocr_par' dir='ltr' id='par_1_18' title="bbox 310 1661 1890 1737">
     <span class='ocr_line' id='line_1_19' title="bbox 310 1661 1890 1737; baseline 0.009 -22"><span class='ocrx_word' id='word_1_128' title='bbox 310 1662 494 1732; x_wconf 89' lang='lat' dir='ltr'><strong>ipsum</strong></span> <span class='ocrx_word' id='word_1_129' title='bbox 521 1661 727 1717; x_wconf 90' lang='lat' dir='ltr'><strong>salvum</strong></span> <span class='ocrx_word' id='word_1_130' title='bbox 757 1663 941 1729; x_wconf 80' lang='lat' dir='ltr'><strong>faciat,</strong></span> <span class='ocrx_word' id='word_1_131' title='bbox 974 1679 1029 1720; x_wconf 86' lang='lat' dir='ltr'><strong>et</strong></span> <span class='ocrx_word' id='word_1_132' title='bbox 1051 1680 1146 1722; x_wconf 86' lang='lat' dir='ltr'><strong>eos</strong></span> <span class='ocrx_word' id='word_1_133' title='bbox 1175 1668 1265 1737; x_wconf 89' lang='lat' dir='ltr'><strong>qui</strong></span> <span class='ocrx_word' id='word_1_134' title='bbox 1310 1682 1370 1723; x_wconf 89' lang='lat' dir='ltr'><strong>se</strong></span> <span class='ocrx_word' id='word_1_135' title='bbox 1416 1669 1660 1728; x_wconf 88' lang='lat' dir='ltr'><strong>audiunt.</strong></span> <span class='ocrx_word' id='word_1_136' title='bbox 1684 1672 1753 1727; x_wconf 87' lang='lat' dir='ltr'><strong>Et</strong></span> <span class='ocrx_word' id='word_1_137' title='bbox 1790 1674 1890 1731; x_wconf 90' lang='lat' dir='ltr'><strong>hoc</strong></span> 
     </span>
    </p>
   </div>
   <div class='ocr_carea' id='block_1_19' title="bbox 2007 471 3575 549">
    <p class='ocr_par' dir='ltr' id='par_1_19' title="bbox 2007 471 3575 549">
     <span class='ocr_line' id='line_1_20' title="bbox 2007 471 3575 549; baseline 0.005 -23"><span class='ocrx_word' id='word_1_138' title='bbox 2007 471 2323 541; x_wconf 90' lang='lat' dir='ltr'><strong>sapientiam</strong></span> <span class='ocrx_word' id='word_1_139' title='bbox 2360 473 2449 528; x_wconf 89' lang='lat' dir='ltr'><strong>Dei</strong></span> <span class='ocrx_word' id='word_1_140' title='bbox 2489 474 2814 530; x_wconf 88' lang='lat' dir='ltr'><strong>meditemini</strong></span> <span class='ocrx_word' id='word_1_141' title='bbox 2858 475 2909 528; x_wconf 92' lang='lat' dir='ltr'><strong>in</strong></span> <span class='ocrx_word' id='word_1_142' title='bbox 2950 490 3044 530; x_wconf 91' lang='lat' dir='ltr'><strong>ore</strong></span> <span class='ocrx_word' id='word_1_143' title='bbox 3085 484 3284 546; x_wconf 88' lang='lat' dir='ltr'><strong>vestro,</strong></span> <span class='ocrx_word' id='word_1_144' title='bbox 3308 487 3362 532; x_wconf 90' lang='lat' dir='ltr'><strong>et</strong></span> <span class='ocrx_word' id='word_1_145' title='bbox 3396 479 3575 549; x_wconf 82' lang='lat' dir='ltr'><strong>lingua</strong></span> 
     </span>
    </p>
   </div>
   <div class='ocr_carea' id='block_1_20' title="bbox 2006 563 3577 636">
    <p class='ocr_par' dir='ltr' id='par_1_20' title="bbox 2006 563 3577 636">
     <span class='ocr_line' id='line_1_21' title="bbox 2006 563 3577 636; baseline 0.008 -20"><span class='ocrx_word' id='word_1_146' title='bbox 2006 573 2184 618; x_wconf 89' lang='lat' dir='ltr'><strong>vestra</strong></span> <span class='ocrx_word' id='word_1_147' title='bbox 2214 563 2463 634; x_wconf 88' lang='lat' dir='ltr'><strong>loquatur</strong></span> <span class='ocrx_word' id='word_1_148' title='bbox 2490 565 2776 636; x_wconf 80' lang='lat' dir='ltr'><strong>judicium,</strong></span> <span class='ocrx_word' id='word_1_149' title='bbox 2808 577 2862 622; x_wconf 90' lang='lat' dir='ltr'><strong>et</strong></span> <span class='ocrx_word' id='word_1_150' title='bbox 2895 566 2979 622; x_wconf 83' lang='lat' dir='ltr'><strong>lex</strong></span> <span class='ocrx_word' id='word_1_151' title='bbox 3010 568 3100 623; x_wconf 88' lang='lat' dir='ltr'><strong>Dei</strong></span> <span class='ocrx_word' id='word_1_152' title='bbox 3134 568 3206 623; x_wconf 92' lang='lat' dir='ltr'><strong>sit</strong></span> <span class='ocrx_word' id='word_1_153' title='bbox 3238 570 3294 623; x_wconf 88' lang='lat' dir='ltr'><strong>in</strong></span> <span class='ocrx_word' id='word_1_154' title='bbox 3321 571 3577 628; x_wconf 82' lang='lat' dir='ltr'><strong>cordibus</strong></span> 
     </span>
    </p>
   </div>
   <div class='ocr_carea' id='block_1_21' title="bbox 2005 661 3576 733">
    <p class='ocr_par' dir='ltr' id='par_1_21' title="bbox 2005 661 3576 733">
     <span class='ocr_line' id='line_1_22' title="bbox 2005 661 3576 733; baseline 0.008 -22"><span class='ocrx_word' id='word_1_155' title='bbox 2005 663 2238 725; x_wconf 85' lang='lat' dir='ltr'><strong>vestris,</strong></span> <span class='ocrx_word' id='word_1_156' title='bbox 2289 676 2562 730; x_wconf 89' lang='lat' dir='ltr'><strong>nunquam</strong></span> <span class='ocrx_word' id='word_1_157' title='bbox 2603 661 3098 731; x_wconf 89' lang='lat' dir='ltr'><strong>supplantabuntur</strong></span> <span class='ocrx_word' id='word_1_158' title='bbox 3131 678 3352 733; x_wconf 83' lang='lat' dir='ltr'><strong>gressus</strong></span> <span class='ocrx_word' id='word_1_159' title='bbox 3387 668 3576 725; x_wconf 85' lang='lat' dir='ltr'><strong>vestri.</strong></span> 
     </span>
    </p>
   </div>
   <div class='ocr_carea' id='block_1_22' title="bbox 2070 751 3577 826">
    <p class='ocr_par' dir='ltr' id='par_1_22' title="bbox 2070 751 3577 826">
     <span class='ocr_line' id='line_1_23' title="bbox 2070 751 3577 826; baseline 0.003 -21"><span class='ocrx_word' id='word_1_160' title='bbox 2070 751 2127 806; x_wconf 79' lang='grc'><strong>4.</strong></span> <span class='ocrx_word' id='word_1_161' title='bbox 2175 751 2304 808; x_wconf 91' lang='lat' dir='ltr'><strong>Post</strong></span> <span class='ocrx_word' id='word_1_162' title='bbox 2342 752 2457 808; x_wconf 60' lang='lat' dir='ltr'><strong>haec</strong></span> <span class='ocrx_word' id='word_1_163' title='bbox 2506 753 2624 809; x_wconf 87' lang='lat' dir='ltr'><strong>ait:</strong></span> <span class='ocrx_word' id='word_1_164' title='bbox 2672 753 3005 821; x_wconf 84' lang='lat' dir='ltr'><strong>Considerat,</strong></span> <span class='ocrx_word' id='word_1_165' title='bbox 3037 753 3298 823; x_wconf 79' lang='lat' dir='ltr'><strong>inquit&quot;,</strong></span> <span class='ocrx_word' id='word_1_166' title='bbox 3335 768 3577 826; x_wconf 84' lang='lat' dir='ltr'><strong>peccator</strong></span> 
     </span>
    </p>
   </div>
   <div class='ocr_carea' id='block_1_23' title="bbox 1992 843 3574 919">
    <p class='ocr_par' dir='ltr' id='par_1_23' title="bbox 1992 843 3574 919">
     <span class='ocr_line' id='line_1_24' title="bbox 1992 843 3574 919; baseline 0.005 -23"><span class='ocrx_word' id='word_1_167' title='bbox 1992 843 2221 913; x_wconf 82' lang='lat' dir='ltr'><strong>justum.</strong></span> <span class='ocrx_word' id='word_1_168' title='bbox 2256 843 2575 900; x_wconf 86' lang='lat' dir='ltr'><strong>Considerat</strong></span> <span class='ocrx_word' id='word_1_169' title='bbox 2613 853 2668 899; x_wconf 90' lang='lat' dir='ltr'><strong>et</strong></span> <span class='ocrx_word' id='word_1_170' title='bbox 2711 846 2951 901; x_wconf 86' lang='lat' dir='ltr'><strong>intuetur</strong></span> <span class='ocrx_word' id='word_1_171' title='bbox 2977 856 3231 916; x_wconf 87' lang='lat' dir='ltr'><strong>peccator</strong></span> <span class='ocrx_word' id='word_1_172' title='bbox 3263 848 3489 919; x_wconf 89' lang='lat' dir='ltr'><strong>justum,</strong></span> <span class='ocrx_word' id='word_1_173' title='bbox 3518 859 3574 904; x_wconf 81' lang='lat' dir='ltr'><strong>et</strong></span> 
     </span>
    </p>
   </div>
   <div class='ocr_carea' id='block_1_24' title="bbox 1999 935 3575 1003">
    <p class='ocr_par' dir='ltr' id='par_1_24' title="bbox 1999 935 3575 1003">
     <span class='ocr_line' id='line_1_25' title="bbox 1999 935 3575 1003; baseline 0.004 -15"><span class='ocrx_word' id='word_1_174' title='bbox 1999 935 2178 1003; x_wconf 82' lang='lat' dir='ltr'><strong>gravis</strong></span> <span class='ocrx_word' id='word_1_175' title='bbox 2229 942 2311 991; x_wconf 88' lang='lat' dir='ltr'><strong>est</strong></span> <span class='ocrx_word' id='word_1_176' title='bbox 2364 937 2411 992; x_wconf 86' lang='lat' dir='ltr'><strong>ei</strong></span> <span class='ocrx_word' id='word_1_177' title='bbox 2457 937 2525 991; x_wconf 91' lang='lat' dir='ltr'><strong>ad</strong></span> <span class='ocrx_word' id='word_1_178' title='bbox 2565 937 2874 1003; x_wconf 89' lang='lat' dir='ltr'><strong>videndum,</strong></span> <span class='ocrx_word' id='word_1_179' title='bbox 2917 948 2972 993; x_wconf 89' lang='lat' dir='ltr'><strong>et</strong></span> <span class='ocrx_word' id='word_1_180' title='bbox 3011 939 3129 994; x_wconf 89' lang='lat' dir='ltr'><strong>ideo</strong></span> <span class='ocrx_word' id='word_1_181' title='bbox 3173 941 3482 996; x_wconf 86' lang='lat' dir='ltr'><strong>considerat</strong></span> <span class='ocrx_word' id='word_1_182' title='bbox 3517 951 3575 995; x_wconf 91' lang='lat' dir='ltr'><strong>ut</strong></span> 
     </span>
    </p>
   </div>
   <div class='ocr_carea' id='block_1_25' title="bbox 1999 1028 3575 1099">
    <p class='ocr_par' dir='ltr' id='par_1_25' title="bbox 1999 1028 3575 1099">
     <span class='ocr_line' id='line_1_26' title="bbox 1999 1028 3575 1099; baseline 0.006 -20"><span class='ocrx_word' id='word_1_183' title='bbox 1999 1028 2159 1082; x_wconf 89' lang='lat' dir='ltr'><strong>morti</strong></span> <span class='ocrx_word' id='word_1_184' title='bbox 2179 1042 2301 1082; x_wconf 89' lang='lat' dir='ltr'><strong>eum</strong></span> <span class='ocrx_word' id='word_1_185' title='bbox 2330 1029 2507 1083; x_wconf 87' lang='lat' dir='ltr'><strong>tradat</strong></span> <span class='ocrx_word' id='word_1_186' title='bbox 2530 1046 2544 1082; x_wconf 90' lang='lat'>:</span> <span class='ocrx_word' id='word_1_187' title='bbox 2565 1028 2707 1099; x_wconf 90' lang='lat' dir='ltr'><strong>quod</strong></span> <span class='ocrx_word' id='word_1_188' title='bbox 2724 1028 2965 1085; x_wconf 85' lang='lat' dir='ltr'><strong>fecerunt</strong></span> <span class='ocrx_word' id='word_1_189' title='bbox 2988 1030 3102 1085; x_wconf 88' lang='lat' dir='ltr'><strong>sine</strong></span> <span class='ocrx_word' id='word_1_190' title='bbox 3122 1029 3283 1086; x_wconf 90' lang='lat' dir='ltr'><strong>dubio</strong></span> <span class='ocrx_word' id='word_1_191' title='bbox 3314 1032 3575 1088; x_wconf 87' lang='lat' dir='ltr'><strong>adversus</strong></span> 
     </span>
    </p>
   </div>
   <div class='ocr_carea' id='block_1_26' title="bbox 1999 1119 3569 1193">
    <p class='ocr_par' dir='ltr' id='par_1_26' title="bbox 1999 1119 3569 1193">
     <span class='ocr_line' id='line_1_27' title="bbox 1999 1119 3569 1193; baseline 0.002 -18"><span class='ocrx_word' id='word_1_192' title='bbox 1999 1119 2332 1175; x_wconf 89' lang='lat' dir='ltr'><strong>Salvatorem</strong></span> <span class='ocrx_word' id='word_1_193' title='bbox 2366 1120 2439 1176; x_wconf 92' lang='lat' dir='ltr'><strong>illi</strong></span> <span class='ocrx_word' id='word_1_194' title='bbox 2464 1122 2554 1192; x_wconf 89' lang='lat' dir='ltr'><strong>qui</strong></span> <span class='ocrx_word' id='word_1_195' title='bbox 2593 1122 2882 1193; x_wconf 86' lang='lat' dir='ltr'><strong>prophetas</strong></span> <span class='ocrx_word' id='word_1_196' title='bbox 2929 1123 3263 1190; x_wconf 88' lang='lat' dir='ltr'><strong>occiderunt,</strong></span> <span class='ocrx_word' id='word_1_197' title='bbox 3311 1132 3366 1179; x_wconf 91' lang='lat' dir='ltr'><strong>et</strong></span> <span class='ocrx_word' id='word_1_198' title='bbox 3406 1124 3569 1179; x_wconf 91' lang='lat' dir='ltr'><strong>Deum</strong></span> 
     </span>
    </p>
   </div>
   <div class='ocr_carea' id='block_1_27' title="bbox 1996 1217 3570 1287">
    <p class='ocr_par' dir='ltr' id='par_1_27' title="bbox 1996 1217 3570 1287">
     <span class='ocr_line' id='line_1_28' title="bbox 1996 1217 3570 1287; baseline 0.002 -16"><span class='ocrx_word' id='word_1_199' title='bbox 1996 1217 2411 1283; x_wconf 81' lang='lat' dir='ltr'><strong>cruciﬂxcrunt,</strong></span> <span class='ocrx_word' id='word_1_200' title='bbox 2466 1227 2522 1273; x_wconf 92' lang='lat' dir='ltr'><strong>et</strong></span> <span class='ocrx_word' id='word_1_201' title='bbox 2566 1232 2665 1273; x_wconf 91' lang='lat' dir='ltr'><strong>nos</strong></span> <span class='ocrx_word' id='word_1_202' title='bbox 2707 1219 2975 1287; x_wconf 88' lang='lat' dir='ltr'><strong>persecuti</strong></span> <span class='ocrx_word' id='word_1_203' title='bbox 3018 1228 3144 1273; x_wconf 90' lang='lat' dir='ltr'><strong>sunt</strong></span> <span class='ocrx_word' id='word_1_204' title='bbox 3191 1220 3355 1274; x_wconf 88' lang='lat' dir='ltr'><strong>etiam</strong></span> <span class='ocrx_word' id='word_1_205' title='bbox 3405 1235 3570 1286; x_wconf 88' lang='lat' dir='ltr'><strong>nunc,</strong></span> 
     </span>
    </p>
   </div>
   <div class='ocr_carea' id='block_1_28' title="bbox 1993 1308 3575 1379">
    <p class='ocr_par' dir='ltr' id='par_1_28' title="bbox 1993 1308 3575 1379">
     <span class='ocr_line' id='line_1_29' title="bbox 1993 1308 3575 1379; baseline 0.001 -17"><span class='ocrx_word' id='word_1_206' title='bbox 1993 1308 2312 1378; x_wconf 88' lang='lat' dir='ltr'><strong>etpopulum</strong></span> <span class='ocrx_word' id='word_1_207' title='bbox 2336 1309 2427 1363; x_wconf 90' lang='lat' dir='ltr'><strong>Dei</strong></span> <span class='ocrx_word' id='word_1_208' title='bbox 2447 1310 2535 1379; x_wconf 89' lang='lat' dir='ltr'><strong>qui</strong></span> <span class='ocrx_word' id='word_1_209' title='bbox 2564 1316 2648 1364; x_wconf 88' lang='lat' dir='ltr'><strong>est</strong></span> <span class='ocrx_word' id='word_1_210' title='bbox 2668 1308 2892 1376; x_wconf 89' lang='lat' dir='ltr'><strong>Christi,</strong></span> <span class='ocrx_word' id='word_1_211' title='bbox 2914 1311 2965 1365; x_wconf 88' lang='lat' dir='ltr'><strong>id</strong></span> <span class='ocrx_word' id='word_1_212' title='bbox 2991 1308 3315 1377; x_wconf 73' lang='lat' dir='ltr'><strong>estjustitiae</strong></span> <span class='ocrx_word' id='word_1_213' title='bbox 3344 1310 3575 1378; x_wconf 85' lang='lat' dir='ltr'><strong>discipu-</strong></span> 
     </span>
    </p>
   </div>
   <div class='ocr_carea' id='block_1_29' title="bbox 1993 1396 3573 1470">
    <p class='ocr_par' dir='ltr' id='par_1_29' title="bbox 1993 1396 3573 1470">
     <span class='ocr_line' id='line_1_30' title="bbox 1993 1396 3573 1470; baseline 0.004 -20"><span class='ocrx_word' id='word_1_214' title='bbox 1993 1396 2095 1464; x_wconf 90' lang='lat' dir='ltr'><strong>los,</strong></span> <span class='ocrx_word' id='word_1_215' title='bbox 2122 1398 2465 1453; x_wconf 87' lang='lat' dir='ltr'><strong>considerant</strong></span> <span class='ocrx_word' id='word_1_216' title='bbox 2491 1406 2544 1453; x_wconf 91' lang='lat' dir='ltr'><strong>et</strong></span> <span class='ocrx_word' id='word_1_217' title='bbox 2565 1398 2722 1454; x_wconf 90' lang='lat' dir='ltr'><strong>morti</strong></span> <span class='ocrx_word' id='word_1_218' title='bbox 2749 1398 2960 1454; x_wconf 83' lang='lat' dir='ltr'><strong>tradere</strong></span> <span class='ocrx_word' id='word_1_219' title='bbox 2984 1400 3300 1470; x_wconf 90' lang='lat' dir='ltr'><strong>cupiunt,et</strong></span> <span class='ocrx_word' id='word_1_220' title='bbox 3323 1409 3573 1469; x_wconf 59' lang='lat' dir='ltr'><strong>qua&#39;runt</strong></span> 
     </span>
    </p>
   </div>
   <div class='ocr_carea' id='block_1_30' title="bbox 1992 1488 3571 1562">
    <p class='ocr_par' dir='ltr' id='par_1_30' title="bbox 1992 1488 3571 1562">
     <span class='ocr_line' id='line_1_31' title="bbox 1992 1488 3571 1562; baseline 0.004 -20"><span class='ocrx_word' id='word_1_221' title='bbox 1992 1488 2323 1544; x_wconf 83' lang='lat' dir='ltr'><strong>mortiﬁcare</strong></span> <span class='ocrx_word' id='word_1_222' title='bbox 2360 1503 2474 1544; x_wconf 87' lang='lat' dir='ltr'><strong>eos.</strong></span> <span class='ocrx_word' id='word_1_223' title='bbox 2520 1488 2625 1545; x_wconf 88' lang='lat' dir='ltr'><strong>Sed</strong></span> <span class='ocrx_word' id='word_1_224' title='bbox 2655 1490 2785 1559; x_wconf 91' lang='lat' dir='ltr'><strong>quid</strong></span> <span class='ocrx_word' id='word_1_225' title='bbox 2828 1490 2959 1546; x_wconf 92' lang='lat' dir='ltr'><strong>dicit</strong></span> <span class='ocrx_word' id='word_1_226' title='bbox 2996 1490 3223 1561; x_wconf 90' lang='lat' dir='ltr'><strong>populus</strong></span> <span class='ocrx_word' id='word_1_227' title='bbox 3274 1491 3363 1546; x_wconf 90' lang='lat' dir='ltr'><strong>Dei</strong></span> <span class='ocrx_word' id='word_1_228' title='bbox 3393 1493 3571 1562; x_wconf 89' lang='lat' dir='ltr'><strong>justus</strong></span> 
     </span>
    </p>
   </div>
   <div class='ocr_carea' id='block_1_31' title="bbox 1991 1580 3564 1655">
    <p class='ocr_par' dir='ltr' id='par_1_31' title="bbox 1991 1580 3564 1655">
     <span class='ocr_line' id='line_1_32' title="bbox 1991 1580 3564 1655; baseline 0.006 -20"><span class='ocrx_word' id='word_1_229' title='bbox 1991 1591 2045 1635; x_wconf 88' lang='lat' dir='ltr'><strong>et</strong></span> <span class='ocrx_word' id='word_1_230' title='bbox 2078 1580 2307 1651; x_wconf 65' lang='lat' dir='ltr'><strong>justitia:</strong></span> <span class='ocrx_word' id='word_1_231' title='bbox 2333 1581 2670 1651; x_wconf 81' lang='lat' dir='ltr'><strong>discipulus?</strong></span> <span class='ocrx_word' id='word_1_232' title='bbox 2698 1582 2791 1637; x_wconf 85' lang='lat' dir='ltr'><strong>ille</strong></span> <span class='ocrx_word' id='word_1_233' title='bbox 2828 1584 2998 1639; x_wconf 89' lang='lat' dir='ltr'><strong>utitur</strong></span> <span class='ocrx_word' id='word_1_234' title='bbox 3028 1585 3191 1640; x_wconf 89' lang='lat' dir='ltr'><strong>verbo</strong></span> <span class='ocrx_word' id='word_1_235' title='bbox 3224 1584 3486 1655; x_wconf 77' lang='lat' dir='ltr'><strong>Magistri,</strong></span> <span class='ocrx_word' id='word_1_236' title='bbox 3515 1597 3564 1644; x_wconf 91' lang='lat' dir='ltr'><strong>et</strong></span> 
     </span>
    </p>
   </div>
   <div class='ocr_carea' id='block_1_32' title="bbox 1994 1673 3570 1747">
    <p class='ocr_par' dir='ltr' id='par_1_32' title="bbox 1994 1673 3570 1747">
     <span class='ocr_line' id='line_1_33' title="bbox 1994 1673 3570 1747; baseline 0.005 -19"><span class='ocrx_word' id='word_1_237' title='bbox 1994 1674 2122 1728; x_wconf 89' lang='lat' dir='ltr'><strong>dicit</strong></span> <span class='ocrx_word' id='word_1_238' title='bbox 2144 1674 2223 1731; x_wconf 63' lang='lat'><strong>‘3:</strong></span> <span class='ocrx_word' id='word_1_239' title='bbox 2256 1673 2379 1728; x_wconf 85' lang='lat' dir='ltr'><strong>Non</strong></span> <span class='ocrx_word' id='word_1_240' title='bbox 2411 1674 2625 1729; x_wconf 85' lang='lat' dir='ltr'><strong>haberes</strong></span> <span class='ocrx_word' id='word_1_241' title='bbox 2660 1676 2713 1729; x_wconf 86' lang='lat' dir='ltr'><strong>in</strong></span> <span class='ocrx_word' id='word_1_242' title='bbox 2734 1692 2813 1730; x_wconf 90' lang='lat' dir='ltr'><strong>nte</strong></span> <span class='ocrx_word' id='word_1_243' title='bbox 2842 1685 3169 1747; x_wconf 86' lang='lat' dir='ltr'><strong>potestatem,</strong></span> <span class='ocrx_word' id='word_1_244' title='bbox 3195 1681 3296 1734; x_wconf 91' lang='lat' dir='ltr'><strong>nisi</strong></span> <span class='ocrx_word' id='word_1_245' title='bbox 3327 1681 3421 1734; x_wconf 90' lang='lat' dir='ltr'><strong>tibi</strong></span> <span class='ocrx_word' id='word_1_246' title='bbox 3443 1682 3570 1736; x_wconf 84' lang='lat' dir='ltr'><strong>data</strong></span> 
     </span>
    </p>
   </div>
   <div class='ocr_carea' id='block_1_33' title="bbox 309 1739 3567 1841">
    <p class='ocr_par' dir='ltr' id='par_1_33' title="bbox 309 1739 3567 1841">
     <span class='ocr_line' id='line_1_34' title="bbox 309 1739 3567 1841; baseline 0.007 -34"><span class='ocrx_word' id='word_1_247' title='bbox 309 1752 478 1809; x_wconf 86' lang='lat' dir='ltr'><strong>modo</strong></span> <span class='ocrx_word' id='word_1_248' title='bbox 508 1753 886 1823; x_wconf 88' lang='lat' dir='ltr'><strong>complebitur,</strong></span> <span class='ocrx_word' id='word_1_249' title='bbox 908 1758 1037 1828; x_wconf 86' lang='lat' dir='ltr'><strong>quia</strong></span> <span class='ocrx_word' id='word_1_250' title='bbox 1068 1759 1251 1831; x_wconf 91' lang='lat' dir='ltr'><strong>lingua</strong></span> <span class='ocrx_word' id='word_1_251' title='bbox 1288 1762 1417 1833; x_wconf 86' lang='lat' dir='ltr'><strong>justi</strong></span> <span class='ocrx_word' id='word_1_252' title='bbox 1464 1763 1719 1835; x_wconf 88' lang='lat' dir='ltr'><strong>loquetur</strong></span> <span class='ocrx_word' id='word_1_253' title='bbox 1740 1766 1888 1836; x_wconf 82' lang='lat' dir='ltr'><strong>judi-</strong></span> <span class='ocrx_word' id='word_1_254' title='bbox 1922 1739 1965 1794; x_wconf 72' lang='grc' dir='ltr'><strong><em>Β</em></strong></span> <span class='ocrx_word' id='word_1_255' title='bbox 1992 1777 2124 1822; x_wconf 86' lang='lat' dir='ltr'><strong>esset</strong></span> <span class='ocrx_word' id='word_1_256' title='bbox 2159 1768 2402 1831; x_wconf 77' lang='lat' dir='ltr'><strong>desuper.</strong></span> <span class='ocrx_word' id='word_1_257' title='bbox 2431 1767 2617 1824; x_wconf 87' lang='lat' dir='ltr'><strong>Potest</strong></span> <span class='ocrx_word' id='word_1_258' title='bbox 2649 1769 2751 1825; x_wconf 87' lang='lat' dir='ltr'><strong>hoc</strong></span> <span class='ocrx_word' id='word_1_259' title='bbox 2778 1777 2832 1825; x_wconf 89' lang='lat' dir='ltr'><strong>et</strong></span> <span class='ocrx_word' id='word_1_260' title='bbox 2861 1770 2915 1824; x_wconf 93' lang='lat' dir='ltr'><strong>iu</strong></span> <span class='ocrx_word' id='word_1_261' title='bbox 2956 1782 3195 1841; x_wconf 89' lang='lat' dir='ltr'><strong>tempore</strong></span> <span class='ocrx_word' id='word_1_262' title='bbox 3230 1774 3567 1841; x_wconf 86' lang='lat' dir='ltr'><strong>persecutio-</strong></span> 
     </span>
    </p>
   </div>
   <div class='ocr_carea' id='block_1_34' title="bbox 307 1845 1890 1918">
    <p class='ocr_par' dir='ltr' id='par_1_34' title="bbox 307 1845 1890 1918">
     <span class='ocr_line' id='line_1_35' title="bbox 307 1845 1890 1918; baseline 0.011 -18"><span class='ocrx_word' id='word_1_263' title='bbox 307 1847 482 1902; x_wconf 91' lang='lat' dir='ltr'><strong>cium.</strong></span> <span class='ocrx_word' id='word_1_264' title='bbox 524 1845 583 1902; x_wconf 88' lang='lat' dir='ltr'><strong>Si</strong></span> <span class='ocrx_word' id='word_1_265' title='bbox 631 1862 760 1903; x_wconf 89' lang='lat' dir='ltr'><strong>vero</strong></span> <span class='ocrx_word' id='word_1_266' title='bbox 784 1859 997 1918; x_wconf 87' lang='lat' dir='ltr'><strong>oportet</strong></span> <span class='ocrx_word' id='word_1_267' title='bbox 1021 1852 1183 1907; x_wconf 89' lang='lat' dir='ltr'><strong>etiam</strong></span> <span class='ocrx_word' id='word_1_268' title='bbox 1228 1854 1314 1911; x_wconf 90' lang='lat' dir='ltr'><strong>bic</strong></span> <span class='ocrx_word' id='word_1_269' title='bbox 1353 1856 1771 1915; x_wconf 88' lang='lat' dir='ltr'><strong>declinationem</strong></span> <span class='ocrx_word' id='word_1_270' title='bbox 1806 1862 1890 1917; x_wconf 81' lang='lat' dir='ltr'><strong>fu-</strong></span> 
     </span>
    </p>
   </div>
   <div class='ocr_carea' id='block_1_35' title="bbox 308 1937 1885 2021">
    <p class='ocr_par' dir='ltr' id='par_1_35' title="bbox 308 1937 1885 2021">
     <span class='ocr_line' id='line_1_36' title="bbox 308 1937 1885 2021; baseline 0.011 -31"><span class='ocrx_word' id='word_1_271' title='bbox 308 1937 424 1992; x_wconf 89' lang='lat' dir='ltr'><strong>turi</strong></span> <span class='ocrx_word' id='word_1_272' title='bbox 455 1938 712 2007; x_wconf 87' lang='lat' dir='ltr'><strong>temporis</strong></span> <span class='ocrx_word' id='word_1_273' title='bbox 742 1939 1056 2008; x_wconf 84' lang='lat' dir='ltr'><strong>observare,</strong></span> <span class='ocrx_word' id='word_1_274' title='bbox 1091 1944 1215 2012; x_wconf 87' lang='lat' dir='ltr'><strong>quia</strong></span> <span class='ocrx_word' id='word_1_275' title='bbox 1265 1962 1370 2001; x_wconf 86' lang='lat' dir='ltr'><strong>non</strong></span> <span class='ocrx_word' id='word_1_276' title='bbox 1425 1947 1583 2014; x_wconf 82' lang='lat' dir='ltr'><strong>dixit,</strong></span> <span class='ocrx_word' id='word_1_277' title='bbox 1626 1949 1885 2021; x_wconf 90' lang='lat' dir='ltr'><strong>loquitur,</strong></span> 
     </span>
    </p>
   </div>
   <div class='ocr_carea' id='block_1_36' title="bbox 304 2028 1889 2111">
    <p class='ocr_par' dir='ltr' id='par_1_36' title="bbox 304 2028 1889 2111">
     <span class='ocr_line' id='line_1_37' title="bbox 304 2028 1889 2111; baseline 0.01 -27"><span class='ocrx_word' id='word_1_278' title='bbox 304 2030 407 2084; x_wconf 86' lang='lat' dir='ltr'><strong>scd</strong></span> <span class='ocrx_word' id='word_1_279' title='bbox 432 2028 690 2100; x_wconf 85' lang='lat' dir='ltr'><strong>loquetur,</strong></span> <span class='ocrx_word' id='word_1_280' title='bbox 719 2045 1004 2100; x_wconf 83' lang='lat' dir='ltr'><strong>possumus</strong></span> <span class='ocrx_word' id='word_1_281' title='bbox 1038 2036 1201 2091; x_wconf 89' lang='lat' dir='ltr'><strong>etiam</strong></span> <span class='ocrx_word' id='word_1_282' title='bbox 1227 2037 1278 2091; x_wconf 89' lang='lat' dir='ltr'><strong>in</strong></span> <span class='ocrx_word' id='word_1_283' title='bbox 1309 2039 1412 2095; x_wconf 91' lang='lat' dir='ltr'><strong>hoc</strong></span> <span class='ocrx_word' id='word_1_284' title='bbox 1436 2041 1542 2096; x_wconf 89' lang='lat' dir='ltr'><strong>tale</strong></span> <span class='ocrx_word' id='word_1_285' title='bbox 1571 2042 1778 2111; x_wconf 89' lang='lat' dir='ltr'><strong>aliquid</strong></span> <span class='ocrx_word' id='word_1_286' title='bbox 1806 2044 1889 2100; x_wconf 84' lang='lat' dir='ltr'><strong>iu-</strong></span> 
     </span>
    </p>
   </div>
   <div class='ocr_carea' id='block_1_37' title="bbox 306 2121 1884 2206">
    <p class='ocr_par' dir='ltr' id='par_1_37' title="bbox 306 2121 1884 2206">
     <span class='ocr_line' id='line_1_38' title="bbox 306 2121 1884 2206; baseline 0.011 -31"><span class='ocrx_word' id='word_1_287' title='bbox 306 2121 582 2192; x_wconf 89' lang='lat' dir='ltr'><strong>telligere,</strong></span> <span class='ocrx_word' id='word_1_288' title='bbox 612 2124 737 2193; x_wconf 90' lang='lat' dir='ltr'><strong>quia</strong></span> <span class='ocrx_word' id='word_1_289' title='bbox 775 2140 918 2181; x_wconf 91' lang='lat' dir='ltr'><strong>nunc</strong></span> <span class='ocrx_word' id='word_1_290' title='bbox 947 2138 1427 2202; x_wconf 86' lang='lat' dir='ltr'><strong>quantumcunque</strong></span> <span class='ocrx_word' id='word_1_291' title='bbox 1472 2133 1605 2190; x_wconf 90' lang='lat' dir='ltr'><strong>illud</strong></span> <span class='ocrx_word' id='word_1_292' title='bbox 1632 2145 1715 2191; x_wconf 91' lang='lat' dir='ltr'><strong>est</strong></span> <span class='ocrx_word' id='word_1_293' title='bbox 1744 2138 1884 2206; x_wconf 90' lang='lat' dir='ltr'><strong>quod</strong></span> 
     </span>
    </p>
   </div>
   <div class='ocr_carea' id='block_1_38' title="bbox 305 2214 1888 2295">
    <p class='ocr_par' dir='ltr' id='par_1_38' title="bbox 305 2214 1888 2295">
     <span class='ocr_line' id='line_1_39' title="bbox 305 2214 1888 2295; baseline 0.011 -26"><span class='ocrx_word' id='word_1_294' title='bbox 305 2214 377 2269; x_wconf 83' lang='lat' dir='ltr'><strong>de</strong></span> <span class='ocrx_word' id='word_1_295' title='bbox 413 2214 502 2269; x_wconf 90' lang='lat' dir='ltr'><strong>Dei</strong></span> <span class='ocrx_word' id='word_1_296' title='bbox 527 2215 735 2286; x_wconf 88' lang='lat' dir='ltr'><strong>judicio</strong></span> <span class='ocrx_word' id='word_1_297' title='bbox 768 2219 848 2274; x_wconf 88' lang='lat' dir='ltr'><strong>vel</strong></span> <span class='ocrx_word' id='word_1_298' title='bbox 903 2220 1046 2290; x_wconf 90' lang='lat' dir='ltr'><strong>loqui</strong></span> <span class='ocrx_word' id='word_1_299' title='bbox 1092 2237 1379 2292; x_wconf 87' lang='lat' dir='ltr'><strong>possumus</strong></span> <span class='ocrx_word' id='word_1_300' title='bbox 1418 2226 1501 2281; x_wconf 90' lang='lat' dir='ltr'><strong>vel</strong></span> <span class='ocrx_word' id='word_1_301' title='bbox 1540 2229 1767 2295; x_wconf 88' lang='lat' dir='ltr'><strong>sentire,</strong></span> <span class='ocrx_word' id='word_1_302' title='bbox 1797 2246 1888 2286; x_wconf 88' lang='lat' dir='ltr'><strong>ne-</strong></span> 
     </span>
    </p>
   </div>
   <div class='ocr_carea' id='block_1_39' title="bbox 304 2309 1886 2388">
    <p class='ocr_par' dir='ltr' id='par_1_39' title="bbox 304 2309 1886 2388">
     <span class='ocr_line' id='line_1_40' title="bbox 304 2309 1886 2388; baseline 0.011 -29"><span class='ocrx_word' id='word_1_303' title='bbox 304 2320 465 2361; x_wconf 73' lang='lat' dir='ltr'><strong>cesse</strong></span> <span class='ocrx_word' id='word_1_304' title='bbox 492 2318 574 2362; x_wconf 90' lang='lat' dir='ltr'><strong>est</strong></span> <span class='ocrx_word' id='word_1_305' title='bbox 604 2323 706 2363; x_wconf 91' lang='lat' dir='ltr'><strong>nos</strong></span> <span class='ocrx_word' id='word_1_306' title='bbox 731 2309 861 2365; x_wconf 89' lang='lat' dir='ltr'><strong>illud</strong></span> <span class='ocrx_word' id='word_1_307' title='bbox 892 2313 1038 2368; x_wconf 90' lang='lat' dir='ltr'><strong>scire</strong></span> <span class='ocrx_word' id='word_1_308' title='bbox 1064 2314 1206 2382; x_wconf 91' lang='lat' dir='ltr'><strong>quod</strong></span> <span class='ocrx_word' id='word_1_309' title='bbox 1233 2315 1421 2371; x_wconf 90' lang='lat' dir='ltr'><strong>deliuit</strong></span> <span class='ocrx_word' id='word_1_310' title='bbox 1447 2320 1763 2388; x_wconf 86' lang='lat' dir='ltr'><strong>Apostolus,</strong></span> <span class='ocrx_word' id='word_1_311' title='bbox 1801 2323 1886 2378; x_wconf 88' lang='lat' dir='ltr'><strong>di-</strong></span> 
     </span>
    </p>
   </div>
   <div class='ocr_carea' id='block_1_40' title="bbox 306 2398 1883 2482">
    <p class='ocr_par' dir='ltr' id='par_1_40' title="bbox 306 2398 1883 2482">
     <span class='ocr_line' id='line_1_41' title="bbox 306 2398 1883 2482; baseline 0.011 -32"><span class='ocrx_word' id='word_1_312' title='bbox 306 2413 441 2452; x_wconf 85' lang='lat' dir='ltr'><strong>cens</strong></span> <span class='ocrx_word' id='word_1_313' title='bbox 466 2398 555 2454; x_wconf 78' lang='lat'><strong>&quot;:</strong></span> <span class='ocrx_word' id='word_1_314' title='bbox 599 2400 769 2466; x_wconf 82' lang='lat' dir='ltr'><strong>Quam</strong></span> <span class='ocrx_word' id='word_1_315' title='bbox 809 2403 1174 2459; x_wconf 77' lang='lat' dir='ltr'><strong>inscrutabitia</strong></span> <span class='ocrx_word' id='word_1_316' title='bbox 1223 2417 1349 2463; x_wconf 83' lang='lat' dir='ltr'><strong>sunt</strong></span> <span class='ocrx_word' id='word_1_317' title='bbox 1384 2410 1599 2478; x_wconf 83' lang='lat' dir='ltr'><strong>judicia</strong></span> <span class='ocrx_word' id='word_1_318' title='bbox 1638 2413 1788 2482; x_wconf 86' lang='lat' dir='ltr'><strong>ejus,</strong></span> <span class='ocrx_word' id='word_1_319' title='bbox 1835 2424 1883 2468; x_wconf 90' lang='lat' dir='ltr'><strong>et</strong></span> 
     </span>
    </p>
   </div>
   <div class='ocr_carea' id='block_1_41' title="bbox 306 2490 1884 2574">
    <p class='ocr_par' dir='ltr' id='par_1_41' title="bbox 306 2490 1884 2574">
     <span class='ocr_line' id='line_1_42' title="bbox 306 2490 1884 2574; baseline 0.012 -31"><span class='ocrx_word' id='word_1_320' title='bbox 306 2490 689 2560; x_wconf 81' lang='lat' dir='ltr'><strong>investigabiies</strong></span> <span class='ocrx_word' id='word_1_321' title='bbox 714 2494 808 2548; x_wconf 70' lang='lat' dir='ltr'><strong>uite</strong></span> <span class='ocrx_word' id='word_1_322' title='bbox 834 2493 984 2563; x_wconf 85' lang='lat' dir='ltr'><strong>ejus!</strong></span> <span class='ocrx_word' id='word_1_323' title='bbox 1011 2494 1068 2551; x_wconf 91' lang='lat' dir='ltr'><strong>Si</strong></span> <span class='ocrx_word' id='word_1_324' title='bbox 1101 2511 1231 2553; x_wconf 91' lang='lat' dir='ltr'><strong>vero</strong></span> <span class='ocrx_word' id='word_1_325' title='bbox 1267 2503 1555 2568; x_wconf 85' lang='lat' dir='ltr'><strong>pervenire</strong></span> <span class='ocrx_word' id='word_1_326' title='bbox 1587 2508 1884 2574; x_wconf 89' lang='lat' dir='ltr'><strong>poterimus</strong></span> 
     </span>
    </p>
   </div>
   <div class='ocr_carea' id='block_1_42' title="bbox 304 2582 1882 2659">
    <p class='ocr_par' dir='ltr' id='par_1_42' title="bbox 304 2582 1882 2659">
     <span class='ocr_line' id='line_1_43' title="bbox 304 2582 1882 2659; baseline 0.012 -24"><span class='ocrx_word' id='word_1_327' title='bbox 304 2582 374 2636; x_wconf 88' lang='lat' dir='ltr'><strong>ad</strong></span> <span class='ocrx_word' id='word_1_328' title='bbox 400 2582 543 2637; x_wconf 88' lang='lat' dir='ltr'><strong>illam</strong></span> <span class='ocrx_word' id='word_1_329' title='bbox 577 2586 985 2656; x_wconf 77' lang='lat' dir='ltr'><strong>perfectionem,</strong></span> <span class='ocrx_word' id='word_1_330' title='bbox 1016 2590 1081 2644; x_wconf 91' lang='lat' dir='ltr'><strong>de</strong></span> <span class='ocrx_word' id='word_1_331' title='bbox 1109 2604 1212 2659; x_wconf 88' lang='lat' dir='ltr'><strong>qua</strong></span> <span class='ocrx_word' id='word_1_332' title='bbox 1251 2593 1380 2647; x_wconf 85' lang='lat' dir='ltr'><strong>dicit</strong></span> <span class='ocrx_word' id='word_1_333' title='bbox 1411 2593 1456 2626; x_wconf 69' lang='grc'><strong>⁸⁸</strong></span> <span class='ocrx_word' id='word_1_334' title='bbox 1489 2613 1503 2649; x_wconf 89' lang='lat'><strong>:</strong></span> <span class='ocrx_word' id='word_1_335' title='bbox 1536 2595 1680 2651; x_wconf 87' lang='lat' dir='ltr'><strong>Tunc</strong></span> <span class='ocrx_word' id='word_1_336' title='bbox 1708 2608 1882 2654; x_wconf 86' lang='lat' dir='ltr'><strong>autem</strong></span> 
     </span>
    </p>
   </div>
   <div class='ocr_carea' id='block_1_43' title="bbox 304 2673 1882 2757">
    <p class='ocr_par' dir='ltr' id='par_1_43' title="bbox 304 2673 1882 2757">
     <span class='ocr_line' id='line_1_44' title="bbox 304 2673 1882 2757; baseline 0.015 -29"><span class='ocrx_word' id='word_1_337' title='bbox 304 2673 445 2741; x_wconf 80' lang='lat' dir='ltr'><strong>facie</strong></span> <span class='ocrx_word' id='word_1_338' title='bbox 478 2679 547 2732; x_wconf 84' lang='lat' dir='ltr'><strong>ad</strong></span> <span class='ocrx_word' id='word_1_339' title='bbox 579 2679 788 2747; x_wconf 77' lang='lat' dir='ltr'><strong>faciem,</strong></span> <span class='ocrx_word' id='word_1_340' title='bbox 821 2683 872 2736; x_wconf 93' lang='lat' dir='ltr'><strong>id</strong></span> <span class='ocrx_word' id='word_1_341' title='bbox 904 2692 988 2737; x_wconf 91' lang='lat' dir='ltr'><strong>est</strong></span> <span class='ocrx_word' id='word_1_342' title='bbox 1017 2698 1138 2737; x_wconf 92' lang='lat' dir='ltr'><strong>cum</strong></span> <span class='ocrx_word' id='word_1_343' title='bbox 1186 2698 1270 2741; x_wconf 92' lang='lat' dir='ltr'><strong>res</strong></span> <span class='ocrx_word' id='word_1_344' title='bbox 1303 2686 1430 2757; x_wconf 79' lang='lat' dir='ltr'><strong>ipsae</strong></span> <span class='ocrx_word' id='word_1_345' title='bbox 1476 2692 1635 2748; x_wconf 91' lang='lat' dir='ltr'><strong>nobis</strong></span> <span class='ocrx_word' id='word_1_346' title='bbox 1659 2694 1882 2750; x_wconf 80' lang='lat' dir='ltr'><strong>eviden-</strong></span> 
     </span>
    </p>
   </div>
   <div class='ocr_carea' id='block_1_44' title="bbox 307 2768 1877 2853">
    <p class='ocr_par' dir='ltr' id='par_1_44' title="bbox 307 2768 1877 2853">
     <span class='ocr_line' id='line_1_45' title="bbox 307 2768 1877 2853; baseline 0.014 -32"><span class='ocrx_word' id='word_1_347' title='bbox 307 2768 474 2824; x_wconf 90' lang='lat' dir='ltr'><strong>tiores</strong></span> <span class='ocrx_word' id='word_1_348' title='bbox 519 2770 672 2833; x_wconf 86' lang='lat' dir='ltr'><strong>ﬁent,</strong></span> <span class='ocrx_word' id='word_1_349' title='bbox 721 2788 843 2828; x_wconf 90' lang='lat' dir='ltr'><strong>cum</strong></span> <span class='ocrx_word' id='word_1_350' title='bbox 896 2780 1225 2846; x_wconf 65' lang='lat' dir='ltr'><strong>coeperimus</strong></span> <span class='ocrx_word' id='word_1_351' title='bbox 1271 2796 1566 2853; x_wconf 85' lang='lat' dir='ltr'><strong>agnoscere</strong></span> <span class='ocrx_word' id='word_1_352' title='bbox 1617 2787 1877 2844; x_wconf 89' lang='lat' dir='ltr'><strong>rationem</strong></span> 
     </span>
    </p>
   </div>
   <div class='ocr_carea' id='block_1_45' title="bbox 303 2859 1878 2947">
    <p class='ocr_par' dir='ltr' id='par_1_45' title="bbox 303 2859 1878 2947">
     <span class='ocr_line' id='line_1_46' title="bbox 303 2859 1878 2947; baseline 0.015 -35"><span class='ocrx_word' id='word_1_353' title='bbox 303 2859 638 2930; x_wconf 85' lang='lat' dir='ltr'><strong>singularum</strong></span> <span class='ocrx_word' id='word_1_354' title='bbox 687 2878 869 2920; x_wconf 88' lang='lat' dir='ltr'><strong>rerum</strong></span> <span class='ocrx_word' id='word_1_355' title='bbox 920 2884 1040 2937; x_wconf 69' lang='lat' dir='ltr'><strong>quin</strong></span> <span class='ocrx_word' id='word_1_356' title='bbox 1088 2871 1140 2924; x_wconf 89' lang='lat' dir='ltr'><strong>in</strong></span> <span class='ocrx_word' id='word_1_357' title='bbox 1190 2871 1295 2927; x_wconf 90' lang='lat' dir='ltr'><strong>hoc</strong></span> <span class='ocrx_word' id='word_1_358' title='bbox 1337 2875 1540 2929; x_wconf 87' lang='lat' dir='ltr'><strong>mundo</strong></span> <span class='ocrx_word' id='word_1_359' title='bbox 1579 2876 1662 2931; x_wconf 88' lang='lat' dir='ltr'><strong>vel</strong></span> <span class='ocrx_word' id='word_1_360' title='bbox 1712 2890 1878 2947; x_wconf 66' lang='lat' dir='ltr'><strong>gesta:</strong></span> 
     </span>
    </p>
   </div>
   <div class='ocr_carea' id='block_1_46' title="bbox 301 2952 1877 3040">
    <p class='ocr_par' dir='ltr' id='par_1_46' title="bbox 301 2952 1877 3040">
     <span class='ocr_line' id='line_1_47' title="bbox 301 2952 1877 3040; baseline 0.016 -38"><span class='ocrx_word' id='word_1_361' title='bbox 301 2962 429 3004; x_wconf 89' lang='lat' dir='ltr'><strong>sunt</strong></span> <span class='ocrx_word' id='word_1_362' title='bbox 451 2952 532 3008; x_wconf 91' lang='lat' dir='ltr'><strong>vel</strong></span> <span class='ocrx_word' id='word_1_363' title='bbox 557 2967 842 3024; x_wconf 90' lang='lat' dir='ltr'><strong>geruntur,</strong></span> <span class='ocrx_word' id='word_1_364' title='bbox 878 2962 1021 3028; x_wconf 90' lang='lat' dir='ltr'><strong>quali</strong></span> <span class='ocrx_word' id='word_1_365' title='bbox 1059 2961 1259 3031; x_wconf 86' lang='lat' dir='ltr'><strong>judicio</strong></span> <span class='ocrx_word' id='word_1_366' title='bbox 1293 2974 1456 3036; x_wconf 72' lang='lat' dir='ltr'><strong>gestae</strong></span> <span class='ocrx_word' id='word_1_367' title='bbox 1484 2979 1631 3033; x_wconf 91' lang='lat' dir='ltr'><strong>sunt,</strong></span> <span class='ocrx_word' id='word_1_368' title='bbox 1663 2970 1745 3025; x_wconf 89' lang='lat' dir='ltr'><strong>vel</strong></span> <span class='ocrx_word' id='word_1_369' title='bbox 1770 2985 1877 3040; x_wconf 89' lang='lat' dir='ltr'><strong>quo</strong></span> 
     </span>
    </p>
   </div>
   <div class='ocr_carea' id='block_1_47' title="bbox 1991 1856 3569 1932">
    <p class='ocr_par' dir='ltr' id='par_1_47' title="bbox 1991 1856 3569 1932">
     <span class='ocr_line' id='line_1_48' title="bbox 1991 1856 3569 1932; baseline 0.007 -22"><span class='ocrx_word' id='word_1_370' title='bbox 1991 1856 2077 1911; x_wconf 89' lang='lat' dir='ltr'><strong>nis</strong></span> <span class='ocrx_word' id='word_1_371' title='bbox 2109 1856 2391 1927; x_wconf 83' lang='lat' dir='ltr'><strong>gentilium</strong></span> <span class='ocrx_word' id='word_1_372' title='bbox 2427 1857 2494 1912; x_wconf 87' lang='lat' dir='ltr'><strong>de</strong></span> <span class='ocrx_word' id='word_1_373' title='bbox 2539 1860 2743 1915; x_wconf 89' lang='lat' dir='ltr'><strong>sanctis</strong></span> <span class='ocrx_word' id='word_1_374' title='bbox 2790 1860 3121 1932; x_wconf 85' lang='lat' dir='ltr'><strong>martyribus</strong></span> <span class='ocrx_word' id='word_1_375' title='bbox 3159 1870 3214 1916; x_wconf 89' lang='lat' dir='ltr'><strong>et</strong></span> <span class='ocrx_word' id='word_1_376' title='bbox 3242 1863 3569 1921; x_wconf 67' lang='lat' dir='ltr'><strong>confessori.</strong></span> 
     </span>
    </p>
   </div>
   <div class='ocr_carea' id='block_1_48' title="bbox 1989 1948 3567 2027">
    <p class='ocr_par' dir='ltr' id='par_1_48' title="bbox 1989 1948 3567 2027">
     <span class='ocr_line' id='line_1_49' title="bbox 1989 1948 3567 2027; baseline 0.006 -23"><span class='ocrx_word' id='word_1_377' title='bbox 1989 1948 2090 2004; x_wconf 87' lang='lat' dir='ltr'><strong>bus</strong></span> <span class='ocrx_word' id='word_1_378' title='bbox 2137 1950 2336 2020; x_wconf 90' lang='lat' dir='ltr'><strong>aptari.</strong></span> <span class='ocrx_word' id='word_1_379' title='bbox 2386 1951 2749 2007; x_wconf 86' lang='lat' dir='ltr'><strong>Considerant</strong></span> <span class='ocrx_word' id='word_1_380' title='bbox 2796 1955 2940 2010; x_wconf 87' lang='lat' dir='ltr'><strong>enim</strong></span> <span class='ocrx_word' id='word_1_381' title='bbox 2990 1955 3143 2027; x_wconf 89' lang='lat' dir='ltr'><strong>impii</strong></span> <span class='ocrx_word' id='word_1_382' title='bbox 3192 1968 3567 2026; x_wconf 88' lang='lat' dir='ltr'><strong>persecutores</strong></span> 
     </span>
    </p>
   </div>
   <div class='ocr_carea' id='block_1_49' title="bbox 1990 2045 3567 2119">
    <p class='ocr_par' dir='ltr' id='par_1_49' title="bbox 1990 2045 3567 2119">
     <span class='ocr_line' id='line_1_50' title="bbox 1990 2045 3567 2119; baseline 0.008 -24"><span class='ocrx_word' id='word_1_383' title='bbox 1990 2056 2429 2112; x_wconf 85' lang='lat' dir='ltr'><strong>unumquemque</strong></span> <span class='ocrx_word' id='word_1_384' title='bbox 2487 2045 2758 2115; x_wconf 76' lang='lat' dir='ltr'><strong>iustorum</strong></span> <span class='ocrx_word' id='word_1_385' title='bbox 2824 2057 2880 2103; x_wconf 92' lang='lat' dir='ltr'><strong>et</strong></span> <span class='ocrx_word' id='word_1_386' title='bbox 2934 2059 3184 2119; x_wconf 65' lang='lat' dir='ltr'><strong>quaerunt</strong></span> <span class='ocrx_word' id='word_1_387' title='bbox 3236 2051 3567 2107; x_wconf 85' lang='lat' dir='ltr'><strong>mortiﬁcare</strong></span> 
     </span>
    </p>
   </div>
   <div class='ocr_carea' id='block_1_50' title="bbox 1987 2134 3564 2213">
    <p class='ocr_par' dir='ltr' id='par_1_50' title="bbox 1987 2134 3564 2213">
     <span class='ocr_line' id='line_1_51' title="bbox 1987 2134 3564 2213; baseline 0.005 -21"><span class='ocrx_word' id='word_1_388' title='bbox 1987 2150 2133 2192; x_wconf 91' lang='lat' dir='ltr'><strong>eum.</strong></span> <span class='ocrx_word' id='word_1_389' title='bbox 2174 2134 2280 2191; x_wconf 89' lang='lat' dir='ltr'><strong>Sed</strong></span> <span class='ocrx_word' id='word_1_390' title='bbox 2315 2152 2384 2192; x_wconf 91' lang='lat' dir='ltr'><strong>ne</strong></span> <span class='ocrx_word' id='word_1_391' title='bbox 2437 2152 2687 2194; x_wconf 88' lang='lat' dir='ltr'><strong>securum</strong></span> <span class='ocrx_word' id='word_1_392' title='bbox 2733 2141 2923 2195; x_wconf 89' lang='lat' dir='ltr'><strong>reddat</strong></span> <span class='ocrx_word' id='word_1_393' title='bbox 2967 2141 3119 2212; x_wconf 89' lang='lat' dir='ltr'><strong>pacis</strong></span> <span class='ocrx_word' id='word_1_394' title='bbox 3167 2150 3409 2213; x_wconf 89' lang='lat' dir='ltr'><strong>tempore</strong></span> <span class='ocrx_word' id='word_1_395' title='bbox 3462 2145 3564 2200; x_wconf 84' lang='lat' dir='ltr'><strong>ista</strong></span> 
     </span>
    </p>
   </div>
   <div class='ocr_carea' id='block_1_51' title="bbox 1989 2227 3566 2302">
    <p class='ocr_par' dir='ltr' id='par_1_51' title="bbox 1989 2227 3566 2302">
     <span class='ocr_line' id='line_1_52' title="bbox 1989 2227 3566 2302; baseline 0.007 -21"><span class='ocrx_word' id='word_1_396' title='bbox 1989 2227 2111 2282; x_wconf 90' lang='lat' dir='ltr'><strong>talis</strong></span> <span class='ocrx_word' id='word_1_397' title='bbox 2159 2229 2449 2298; x_wconf 84' lang='lat' dir='ltr'><strong>expositio,</strong></span> <span class='ocrx_word' id='word_1_398' title='bbox 2490 2239 2760 2286; x_wconf 90' lang='lat' dir='ltr'><strong>memento</strong></span> <span class='ocrx_word' id='word_1_399' title='bbox 2810 2232 2939 2302; x_wconf 90' lang='lat' dir='ltr'><strong>quia</strong></span> <span class='ocrx_word' id='word_1_400' title='bbox 2982 2233 3354 2302; x_wconf 90' lang='lat' dir='ltr'><strong>quotidianum</strong></span> <span class='ocrx_word' id='word_1_401' title='bbox 3400 2236 3566 2292; x_wconf 87' lang='lat' dir='ltr'><strong>habet</strong></span> 
     </span>
    </p>
   </div>
   <div class='ocr_carea' id='block_1_52' title="bbox 1981 2320 3563 2398">
    <p class='ocr_par' dir='ltr' id='par_1_52' title="bbox 1981 2320 3563 2398">
     <span class='ocr_line' id='line_1_53' title="bbox 1981 2320 3563 2398; baseline 0.006 -24"><span class='ocrx_word' id='word_1_402' title='bbox 1981 2320 2161 2390; x_wconf 89' lang='lat' dir='ltr'><strong>justus</strong></span> <span class='ocrx_word' id='word_1_403' title='bbox 2188 2331 2591 2391; x_wconf 88' lang='lat' dir='ltr'><strong>persecutorem</strong></span> <span class='ocrx_word' id='word_1_404' title='bbox 2620 2322 2916 2390; x_wconf 88' lang='lat' dir='ltr'><strong>diabolum,</strong></span> <span class='ocrx_word' id='word_1_405' title='bbox 2946 2334 3001 2379; x_wconf 93' lang='lat' dir='ltr'><strong>et</strong></span> <span class='ocrx_word' id='word_1_406' title='bbox 3028 2326 3118 2382; x_wconf 92' lang='lat' dir='ltr'><strong>ille</strong></span> <span class='ocrx_word' id='word_1_407' title='bbox 3144 2335 3227 2383; x_wconf 92' lang='lat' dir='ltr'><strong>est</strong></span> <span class='ocrx_word' id='word_1_408' title='bbox 3256 2327 3350 2398; x_wconf 90' lang='lat' dir='ltr'><strong>qui</strong></span> <span class='ocrx_word' id='word_1_409' title='bbox 3380 2329 3563 2383; x_wconf 89' lang='lat' dir='ltr'><strong>consi-</strong></span> 
     </span>
    </p>
   </div>
   <div class='ocr_carea' id='block_1_53' title="bbox 1986 2411 3563 2486">
    <p class='ocr_par' dir='ltr' id='par_1_53' title="bbox 1986 2411 3563 2486">
     <span class='ocr_line' id='line_1_54' title="bbox 1986 2411 3563 2486; baseline 0.002 -19"><span class='ocrx_word' id='word_1_410' title='bbox 1986 2414 2139 2467; x_wconf 90' lang='lat' dir='ltr'><strong>derat</strong></span> <span class='ocrx_word' id='word_1_411' title='bbox 2168 2411 2395 2482; x_wconf 87' lang='lat' dir='ltr'><strong>justum.</strong></span> <span class='ocrx_word' id='word_1_412' title='bbox 2428 2411 2717 2468; x_wconf 88' lang='lat' dir='ltr'><strong>lnsidiatur</strong></span> <span class='ocrx_word' id='word_1_413' title='bbox 2757 2412 2900 2468; x_wconf 90' lang='lat' dir='ltr'><strong>enim</strong></span> <span class='ocrx_word' id='word_1_414' title='bbox 2941 2428 3153 2486; x_wconf 81' lang='lat' dir='ltr'><strong>semper</strong></span> <span class='ocrx_word' id='word_1_415' title='bbox 3198 2423 3256 2470; x_wconf 89' lang='lat' dir='ltr'><strong>et</strong></span> <span class='ocrx_word' id='word_1_416' title='bbox 3294 2416 3434 2471; x_wconf 89' lang='lat' dir='ltr'><strong>sicut</strong></span> <span class='ocrx_word' id='word_1_417' title='bbox 3476 2415 3563 2470; x_wconf 89' lang='lat' dir='ltr'><strong>leo</strong></span> 
     </span>
    </p>
   </div>
   <div class='ocr_carea' id='block_1_54' title="bbox 1985 2504 3561 2577">
    <p class='ocr_par' dir='ltr' id='par_1_54' title="bbox 1985 2504 3561 2577">
     <span class='ocr_line' id='line_1_55' title="bbox 1985 2504 3561 2577; baseline 0.001 -18"><span class='ocrx_word' id='word_1_418' title='bbox 1985 2504 2209 2575; x_wconf 76' lang='lat' dir='ltr'><strong>rugiens</strong></span> <span class='ocrx_word' id='word_1_419' title='bbox 2254 2505 2448 2560; x_wconf 89' lang='lat' dir='ltr'><strong>circuit</strong></span> <span class='ocrx_word' id='word_1_420' title='bbox 2479 2520 2732 2576; x_wconf 83' lang='lat' dir='ltr'><strong>quaerens</strong></span> <span class='ocrx_word' id='word_1_421' title='bbox 2776 2521 2941 2577; x_wconf 81' lang='lat' dir='ltr'><strong>quem</strong></span> <span class='ocrx_word' id='word_1_422' title='bbox 2988 2515 3318 2564; x_wconf 88' lang='lat' dir='ltr'><strong>trausvoret.</strong></span> <span class='ocrx_word' id='word_1_423' title='bbox 3361 2506 3470 2561; x_wconf 81' lang='lat' dir='ltr'><strong>Sed</strong></span> <span class='ocrx_word' id='word_1_424' title='bbox 3514 2507 3561 2564; x_wconf 88' lang='lat' dir='ltr'><strong>si</strong></span> 
     </span>
    </p>
   </div>
   <div class='ocr_carea' id='block_1_55' title="bbox 1984 2596 3561 2668">
    <p class='ocr_par' dir='ltr' id='par_1_55' title="bbox 1984 2596 3561 2668">
     <span class='ocr_line' id='line_1_56' title="bbox 1984 2596 3561 2668; baseline 0.001 -18"><span class='ocrx_word' id='word_1_425' title='bbox 1984 2596 2089 2651; x_wconf 80' lang='lat' dir='ltr'><strong>[ide</strong></span> <span class='ocrx_word' id='word_1_426' title='bbox 2119 2596 2310 2666; x_wconf 91' lang='lat' dir='ltr'><strong>plenus</strong></span> <span class='ocrx_word' id='word_1_427' title='bbox 2342 2611 2401 2653; x_wconf 89' lang='lat' dir='ltr'><strong>es</strong></span> <span class='ocrx_word' id='word_1_428' title='bbox 2432 2608 2488 2653; x_wconf 93' lang='lat' dir='ltr'><strong>et</strong></span> <span class='ocrx_word' id='word_1_429' title='bbox 2526 2597 2755 2653; x_wconf 84' lang='lat' dir='ltr'><strong>conﬁdis</strong></span> <span class='ocrx_word' id='word_1_430' title='bbox 2786 2599 2841 2653; x_wconf 94' lang='lat' dir='ltr'><strong>in</strong></span> <span class='ocrx_word' id='word_1_431' title='bbox 2872 2596 3119 2663; x_wconf 91' lang='lat' dir='ltr'><strong>Domino,</strong></span> <span class='ocrx_word' id='word_1_432' title='bbox 3152 2599 3275 2653; x_wconf 87' lang='lat' dir='ltr'><strong>vide</strong></span> <span class='ocrx_word' id='word_1_433' title='bbox 3307 2598 3436 2668; x_wconf 90' lang='lat' dir='ltr'><strong>quid</strong></span> <span class='ocrx_word' id='word_1_434' title='bbox 3477 2612 3561 2652; x_wconf 79' lang='lat' dir='ltr'><strong>re-</strong></span> 
     </span>
    </p>
   </div>
   <div class='ocr_carea' id='block_1_56' title="bbox 1981 2688 3560 2762">
    <p class='ocr_par' dir='ltr' id='par_1_56' title="bbox 1981 2688 3560 2762">
     <span class='ocr_line' id='line_1_57' title="bbox 1981 2688 3560 2762; baseline 0.001 -20"><span class='ocrx_word' id='word_1_435' title='bbox 1981 2688 2331 2759; x_wconf 85' lang='lat' dir='ltr'><strong>promittatur</strong></span> <span class='ocrx_word' id='word_1_436' title='bbox 2381 2689 2430 2721; x_wconf 71' lang='lat'><strong>“</strong></span> <span class='ocrx_word' id='word_1_437' title='bbox 2473 2707 2487 2744; x_wconf 88' lang='lat'><strong>:</strong></span> <span class='ocrx_word' id='word_1_438' title='bbox 2539 2689 2793 2744; x_wconf 83' lang='lat' dir='ltr'><strong>Dominus</strong></span> <span class='ocrx_word' id='word_1_439' title='bbox 2843 2697 3017 2743; x_wconf 87' lang='lat' dir='ltr'><strong>autem</strong></span> <span class='ocrx_word' id='word_1_440' title='bbox 3074 2706 3178 2744; x_wconf 85' lang='lat' dir='ltr'><strong>non</strong></span> <span class='ocrx_word' id='word_1_441' title='bbox 3237 2690 3560 2762; x_wconf 80' lang='lat' dir='ltr'><strong>derelinqnet</strong></span> 
     </span>
    </p>
   </div>
   <div class='ocr_carea' id='block_1_57' title="bbox 1979 2780 3559 2851">
    <p class='ocr_par' dir='ltr' id='par_1_57' title="bbox 1979 2780 3559 2851">
     <span class='ocr_line' id='line_1_58' title="bbox 1979 2780 3559 2851; baseline -0.001 -15"><span class='ocrx_word' id='word_1_442' title='bbox 1979 2799 2098 2836; x_wconf 85' lang='lat' dir='ltr'><strong>eum</strong></span> <span class='ocrx_word' id='word_1_443' title='bbox 2129 2783 2185 2836; x_wconf 85' lang='lat' dir='ltr'><strong>in</strong></span> <span class='ocrx_word' id='word_1_444' title='bbox 2212 2782 2451 2836; x_wconf 82' lang='lat' dir='ltr'><strong>manibus</strong></span> <span class='ocrx_word' id='word_1_445' title='bbox 2484 2782 2619 2851; x_wconf 86' lang='lat' dir='ltr'><strong>ejus,</strong></span> <span class='ocrx_word' id='word_1_446' title='bbox 2656 2782 2958 2850; x_wconf 87' lang='lat' dir='ltr'><strong>peccatoris</strong></span> <span class='ocrx_word' id='word_1_447' title='bbox 3004 2780 3229 2844; x_wconf 87' lang='lat' dir='ltr'><strong>scilicet,</strong></span> <span class='ocrx_word' id='word_1_448' title='bbox 3276 2797 3367 2836; x_wconf 86' lang='lat' dir='ltr'><strong>nec</strong></span> <span class='ocrx_word' id='word_1_449' title='bbox 3406 2791 3559 2835; x_wconf 84' lang='lat' dir='ltr'><strong>dam-</strong></span> 
     </span>
    </p>
   </div>
   <div class='ocr_carea' id='block_1_58' title="bbox 1978 2872 3560 2944">
    <p class='ocr_par' dir='ltr' id='par_1_58' title="bbox 1978 2872 3560 2944">
     <span class='ocr_line' id='line_1_59' title="bbox 1978 2872 3560 2944; baseline 0.002 -19"><span class='ocrx_word' id='word_1_450' title='bbox 1978 2873 2124 2926; x_wconf 85' lang='lat' dir='ltr'><strong>nabit</strong></span> <span class='ocrx_word' id='word_1_451' title='bbox 2159 2889 2277 2927; x_wconf 79' lang='lat' dir='ltr'><strong>eum</strong></span> <span class='ocrx_word' id='word_1_452' title='bbox 2305 2889 2424 2927; x_wconf 84' lang='lat' dir='ltr'><strong>cum</strong></span> <span class='ocrx_word' id='word_1_453' title='bbox 2458 2873 2794 2944; x_wconf 86' lang='lat' dir='ltr'><strong>judicabitur</strong></span> <span class='ocrx_word' id='word_1_454' title='bbox 2826 2873 2927 2929; x_wconf 86' lang='lat' dir='ltr'><strong>illi.</strong></span> <span class='ocrx_word' id='word_1_455' title='bbox 2976 2872 3275 2944; x_wconf 89' lang='lat' dir='ltr'><strong>Dupliciter</strong></span> <span class='ocrx_word' id='word_1_456' title='bbox 3308 2872 3560 2944; x_wconf 78' lang='lat' dir='ltr'><strong>intelligit</strong></span> 
     </span>
    </p>
   </div>
   <div class='ocr_carea' id='block_1_59' title="bbox 1978 2964 3555 3035">
    <p class='ocr_par' dir='ltr' id='par_1_59' title="bbox 1978 2964 3555 3035">
     <span class='ocr_line' id='line_1_60' title="bbox 1978 2964 3555 3035; baseline 0.001 -16"><span class='ocrx_word' id='word_1_457' title='bbox 1978 2965 2080 3019; x_wconf 86' lang='lat' dir='ltr'><strong>hoc</strong></span> <span class='ocrx_word' id='word_1_458' title='bbox 2112 2966 2257 3035; x_wconf 89' lang='lat' dir='ltr'><strong>quod</strong></span> <span class='ocrx_word' id='word_1_459' title='bbox 2292 2966 2389 3032; x_wconf 90' lang='lat' dir='ltr'><strong>ait,</strong></span> <span class='ocrx_word' id='word_1_460' title='bbox 2410 2965 2741 3035; x_wconf 85' lang='lat' dir='ltr'><strong>jndicabitur</strong></span> <span class='ocrx_word' id='word_1_461' title='bbox 2774 2964 2874 3030; x_wconf 84' lang='lat' dir='ltr'><strong>illi,</strong></span> <span class='ocrx_word' id='word_1_462' title='bbox 2902 2965 2954 3019; x_wconf 92' lang='lat' dir='ltr'><strong>id</strong></span> <span class='ocrx_word' id='word_1_463' title='bbox 2985 2974 3070 3019; x_wconf 92' lang='lat' dir='ltr'><strong>est</strong></span> <span class='ocrx_word' id='word_1_464' title='bbox 3105 2965 3224 3021; x_wconf 86' lang='lat' dir='ltr'><strong>sive</strong></span> <span class='ocrx_word' id='word_1_465' title='bbox 3260 2980 3383 3020; x_wconf 90' lang='lat' dir='ltr'><strong>cum</strong></span> <span class='ocrx_word' id='word_1_466' title='bbox 3405 2964 3555 3033; x_wconf 88' lang='lat' dir='ltr'><strong>judi-</strong></span> 
     </span>
    </p>
   </div>
   <div class='ocr_carea' id='block_1_60' title="bbox 295 3039 3555 3139">
    <p class='ocr_par' dir='ltr' id='par_1_60' title="bbox 295 3039 3555 3139">
     <span class='ocr_line' id='line_1_61' title="bbox 295 3039 3555 3139; baseline 0.007 -47"><span class='ocrx_word' id='word_1_467' title='bbox 295 3039 500 3108; x_wconf 87' lang='lat' dir='ltr'><strong>judicio</strong></span> <span class='ocrx_word' id='word_1_468' title='bbox 541 3045 683 3104; x_wconf 90' lang='lat' dir='ltr'><strong>Deus</strong></span> <span class='ocrx_word' id='word_1_469' title='bbox 714 3059 897 3105; x_wconf 87' lang='lat' dir='ltr'><strong>utatur</strong></span> <span class='ocrx_word' id='word_1_470' title='bbox 931 3055 982 3108; x_wconf 90' lang='lat' dir='ltr'><strong>in</strong></span> <span class='ocrx_word' id='word_1_471' title='bbox 1017 3056 1260 3127; x_wconf 81' lang='lat' dir='ltr'><strong>singulis,</strong></span> <span class='ocrx_word' id='word_1_472' title='bbox 1288 3059 1484 3126; x_wconf 82' lang='lat' dir='ltr'><strong>quibus</strong></span> <span class='ocrx_word' id='word_1_473' title='bbox 1523 3039 1877 3130; x_wconf 71' lang='lat' dir='ltr'><strong>providentia:</strong></span> <span class='ocrx_word' id='word_1_474' title='bbox 1905 3076 1951 3139; x_wconf 77' lang='grc' dir='ltr'><strong>ο</strong></span> <span class='ocrx_word' id='word_1_475' title='bbox 1981 3066 2139 3113; x_wconf 90' lang='lat' dir='ltr'><strong>catur</strong></span> <span class='ocrx_word' id='word_1_476' title='bbox 2167 3058 2348 3128; x_wconf 90' lang='lat' dir='ltr'><strong>justus</strong></span> <span class='ocrx_word' id='word_1_477' title='bbox 2394 3073 2424 3111; x_wconf 90' lang='lat' dir='ltr'><strong>a</strong></span> <span class='ocrx_word' id='word_1_478' title='bbox 2468 3058 2598 3121; x_wconf 88' lang='lat' dir='ltr'><strong>Deo,</strong></span> <span class='ocrx_word' id='word_1_479' title='bbox 2636 3059 2750 3112; x_wconf 88' lang='lat' dir='ltr'><strong>sive</strong></span> <span class='ocrx_word' id='word_1_480' title='bbox 2789 3073 2912 3113; x_wconf 91' lang='lat' dir='ltr'><strong>cum</strong></span> <span class='ocrx_word' id='word_1_481' title='bbox 2950 3060 3064 3128; x_wconf 89' lang='lat' dir='ltr'><strong>ipse</strong></span> <span class='ocrx_word' id='word_1_482' title='bbox 3108 3057 3250 3114; x_wconf 90' lang='lat' dir='ltr'><strong>Deus</strong></span> <span class='ocrx_word' id='word_1_483' title='bbox 3278 3059 3555 3127; x_wconf 77' lang='lat' dir='ltr'><strong>iudicatur</strong></span> 
     </span>
    </p>
   </div>
   <div class='ocr_carea' id='block_1_61' title="bbox 300 3137 1875 3221">
    <p class='ocr_par' dir='ltr' id='par_1_61' title="bbox 300 3137 1875 3221">
     <span class='ocr_line' id='line_1_62' title="bbox 300 3137 1875 3221; baseline 0.017 -34"><span class='ocrx_word' id='word_1_484' title='bbox 300 3150 412 3190; x_wconf 73' lang='lat' dir='ltr'><strong>sua:</strong></span> <span class='ocrx_word' id='word_1_485' title='bbox 440 3137 963 3221; x_wconf 77' lang='lat' dir='ltr'><strong>dispensationibus:</strong></span> <span class='ocrx_word' id='word_1_486' title='bbox 992 3149 1035 3201; x_wconf 90' lang='lat' dir='ltr'><strong>si</strong></span> <span class='ocrx_word' id='word_1_487' title='bbox 1077 3148 1201 3216; x_wconf 91' lang='lat' dir='ltr'><strong>quis</strong></span> <span class='ocrx_word' id='word_1_488' title='bbox 1240 3151 1434 3219; x_wconf 85' lang='lat' dir='ltr'><strong>dignus</strong></span> <span class='ocrx_word' id='word_1_489' title='bbox 1483 3152 1648 3208; x_wconf 84' lang='lat' dir='ltr'><strong>fuerit</strong></span> <span class='ocrx_word' id='word_1_490' title='bbox 1694 3158 1875 3213; x_wconf 88' lang='lat' dir='ltr'><strong>consi-</strong></span> 
     </span>
    </p>
   </div>
   <div class='ocr_carea' id='block_1_62' title="bbox 300 3228 1877 3319">
    <p class='ocr_par' dir='ltr' id='par_1_62' title="bbox 300 3228 1877 3319">
     <span class='ocr_line' id='line_1_63' title="bbox 300 3228 1877 3319; baseline 0.015 -39"><span class='ocrx_word' id='word_1_491' title='bbox 300 3228 491 3319; x_wconf 86' lang='lat' dir='ltr'><strong>derare</strong></span> <span class='ocrx_word' id='word_1_492' title='bbox 521 3238 574 3283; x_wconf 89' lang='lat' dir='ltr'><strong>et</strong></span> <span class='ocrx_word' id='word_1_493' title='bbox 606 3235 918 3302; x_wconf 86' lang='lat' dir='ltr'><strong>perspicere</strong></span> <span class='ocrx_word' id='word_1_494' title='bbox 954 3240 1226 3306; x_wconf 86' lang='lat' dir='ltr'><strong>quomodo</strong></span> <span class='ocrx_word' id='word_1_495' title='bbox 1260 3240 1464 3311; x_wconf 90' lang='lat' dir='ltr'><strong>judicia</strong></span> <span class='ocrx_word' id='word_1_496' title='bbox 1516 3244 1608 3298; x_wconf 91' lang='lat' dir='ltr'><strong>Dei</strong></span> <span class='ocrx_word' id='word_1_497' title='bbox 1647 3246 1877 3319; x_wconf 87' lang='lat' dir='ltr'><strong>abyssus</strong></span> 
     </span>
    </p>
   </div>
   <div class='ocr_carea' id='block_1_63' title="bbox 302 3318 1872 3410">
    <p class='ocr_par' dir='ltr' id='par_1_63' title="bbox 302 3318 1872 3410">
     <span class='ocr_line' id='line_1_64' title="bbox 302 3318 1872 3410; baseline 0.018 -39"><span class='ocrx_word' id='word_1_498' title='bbox 302 3318 469 3374; x_wconf 86' lang='lat' dir='ltr'><strong>multa</strong></span> <span class='ocrx_word' id='word_1_499' title='bbox 500 3332 614 3387; x_wconf 91' lang='lat' dir='ltr'><strong>est;</strong></span> <span class='ocrx_word' id='word_1_500' title='bbox 653 3339 773 3378; x_wconf 83' lang='lat' dir='ltr'><strong>cunt</strong></span> <span class='ocrx_word' id='word_1_501' title='bbox 799 3327 1013 3395; x_wconf 86' lang='lat' dir='ltr'><strong>plenius</strong></span> <span class='ocrx_word' id='word_1_502' title='bbox 1050 3331 1286 3400; x_wconf 90' lang='lat' dir='ltr'><strong>recipere</strong></span> <span class='ocrx_word' id='word_1_503' title='bbox 1311 3336 1611 3406; x_wconf 89' lang='lat' dir='ltr'><strong>poterimus</strong></span> <span class='ocrx_word' id='word_1_504' title='bbox 1642 3343 1872 3410; x_wconf 83' lang='lat' dir='ltr'><strong>gratiam</strong></span> 
     </span>
    </p>
   </div>
   <div class='ocr_carea' id='block_1_64' title="bbox 299 3410 1870 3498">
    <p class='ocr_par' dir='ltr' id='par_1_64' title="bbox 299 3410 1870 3498">
     <span class='ocr_line' id='line_1_65' title="bbox 299 3410 1870 3498; baseline 0.019 -38"><span class='ocrx_word' id='word_1_505' title='bbox 299 3410 524 3479; x_wconf 80' lang='lat' dir='ltr'><strong>spiritus</strong></span> <span class='ocrx_word' id='word_1_506' title='bbox 569 3415 710 3471; x_wconf 86' lang='lat' dir='ltr'><strong>illius</strong></span> <span class='ocrx_word' id='word_1_507' title='bbox 761 3420 854 3487; x_wconf 91' lang='lat' dir='ltr'><strong>qui</strong></span> <span class='ocrx_word' id='word_1_508' title='bbox 898 3423 1078 3477; x_wconf 89' lang='lat' dir='ltr'><strong>omnia</strong></span> <span class='ocrx_word' id='word_1_509' title='bbox 1131 3436 1521 3498; x_wconf 88' lang='lat' dir='ltr'><strong>perscrutatur,</strong></span> <span class='ocrx_word' id='word_1_510' title='bbox 1551 3433 1712 3488; x_wconf 91' lang='lat' dir='ltr'><strong>etiam</strong></span> <span class='ocrx_word' id='word_1_511' title='bbox 1764 3436 1870 3489; x_wconf 87' lang='lat' dir='ltr'><strong>alta</strong></span> 
     </span>
    </p>
   </div>
   <div class='ocr_carea' id='block_1_65' title="bbox 299 3498 1869 3593">
    <p class='ocr_par' dir='ltr' id='par_1_65' title="bbox 299 3498 1869 3593">
     <span class='ocr_line' id='line_1_66' title="bbox 299 3498 1869 3593; baseline 0.02 -41"><span class='ocrx_word' id='word_1_512' title='bbox 299 3498 413 3567; x_wconf 88' lang='lat' dir='ltr'><strong>Dei,</strong></span> <span class='ocrx_word' id='word_1_513' title='bbox 443 3511 575 3560; x_wconf 89' lang='lat' dir='ltr'><strong>tunc</strong></span> <span class='ocrx_word' id='word_1_514' title='bbox 604 3522 728 3563; x_wconf 90' lang='lat' dir='ltr'><strong>vere</strong></span> <span class='ocrx_word' id='word_1_515' title='bbox 754 3520 810 3565; x_wconf 89' lang='lat' dir='ltr'><strong>et</strong></span> <span class='ocrx_word' id='word_1_516' title='bbox 836 3511 1042 3583; x_wconf 82' lang='lat' dir='ltr'><strong>integre</strong></span> <span class='ocrx_word' id='word_1_517' title='bbox 1071 3519 1366 3574; x_wconf 87' lang='lat' dir='ltr'><strong>secundum</strong></span> <span class='ocrx_word' id='word_1_518' title='bbox 1394 3524 1696 3593; x_wconf 89' lang='lat' dir='ltr'><strong>prophetici</strong></span> <span class='ocrx_word' id='word_1_519' title='bbox 1721 3528 1869 3584; x_wconf 90' lang='lat' dir='ltr'><strong>verbi</strong></span> 
     </span>
    </p>
   </div>
   <div class='ocr_carea' id='block_1_66' title="bbox 298 3591 1726 3681">
    <p class='ocr_par' dir='ltr' id='par_1_66' title="bbox 298 3591 1726 3681">
     <span class='ocr_line' id='line_1_67' title="bbox 298 3591 1726 3681; baseline 0.02 -36"><span class='ocrx_word' id='word_1_520' title='bbox 298 3591 699 3652; x_wconf 84' lang='lat' dir='ltr'><strong>distinctioan</strong></span> <span class='ocrx_word' id='word_1_521' title='bbox 726 3603 903 3672; x_wconf 79' lang='lat' dir='ltr'><strong>lingua</strong></span> <span class='ocrx_word' id='word_1_522' title='bbox 930 3604 1060 3673; x_wconf 88' lang='lat' dir='ltr'><strong>justi</strong></span> <span class='ocrx_word' id='word_1_523' title='bbox 1101 3607 1352 3676; x_wconf 90' lang='lat' dir='ltr'><strong>loquetur</strong></span> <span class='ocrx_word' id='word_1_524' title='bbox 1375 3591 1576 3681; x_wconf 83' lang='lat' dir='ltr'><strong>judicia</strong></span> <span class='ocrx_word' id='word_1_525' title='bbox 1609 3617 1726 3673; x_wconf 88' lang='lat' dir='ltr'><strong>Dei.</strong></span> 
     </span>
    </p>
   </div>
   <div class='ocr_carea' id='block_1_67' title="bbox 364 3686 1871 3766">
    <p class='ocr_par' dir='ltr' id='par_1_67' title="bbox 364 3686 1871 3766">
     <span class='ocr_line' id='line_1_68' title="bbox 364 3686 1871 3766; baseline 0.017 -25"><span class='ocrx_word' id='word_1_526' title='bbox 364 3686 419 3742; x_wconf 80' lang='grc'><strong>5.</strong></span> <span class='ocrx_word' id='word_1_527' title='bbox 444 3686 553 3742; x_wconf 69' lang='lat' dir='ltr'><strong>Lex</strong></span> <span class='ocrx_word' id='word_1_528' title='bbox 574 3689 670 3744; x_wconf 88' lang='lat' dir='ltr'><strong>Dei</strong></span> <span class='ocrx_word' id='word_1_529' title='bbox 692 3692 805 3761; x_wconf 84' lang='lat' dir='ltr'><strong>ejus</strong></span> <span class='ocrx_word' id='word_1_530' title='bbox 824 3695 876 3747; x_wconf 88' lang='lat' dir='ltr'><strong>in</strong></span> <span class='ocrx_word' id='word_1_531' title='bbox 906 3699 1062 3752; x_wconf 85' lang='lat' dir='ltr'><strong>corde</strong></span> <span class='ocrx_word' id='word_1_532' title='bbox 1082 3699 1245 3766; x_wconf 84' lang='lat' dir='ltr'><strong>ipsius</strong></span> <span class='ocrx_word' id='word_1_533' title='bbox 1260 3701 1326 3756; x_wconf 68' lang='grc'><strong>⁵³.</strong></span> <span class='ocrx_word' id='word_1_534' title='bbox 1344 3703 1459 3759; x_wconf 87' lang='lat' dir='ltr'><strong>Non</strong></span> <span class='ocrx_word' id='word_1_535' title='bbox 1491 3708 1663 3762; x_wconf 90' lang='lat' dir='ltr'><strong>solum</strong></span> <span class='ocrx_word' id='word_1_536' title='bbox 1693 3709 1746 3764; x_wconf 93' lang='lat' dir='ltr'><strong>in</strong></span> <span class='ocrx_word' id='word_1_537' title='bbox 1774 3725 1871 3766; x_wconf 84' lang='lat' dir='ltr'><strong>ore</strong></span> 
     </span>
    </p>
   </div>
   <div class='ocr_carea' id='block_1_68' title="bbox 288 3775 1870 3871">
    <p class='ocr_par' dir='ltr' id='par_1_68' title="bbox 288 3775 1870 3871">
     <span class='ocr_line' id='line_1_69' title="bbox 288 3775 1870 3871; baseline 0.019 -41"><span class='ocrx_word' id='word_1_538' title='bbox 288 3775 464 3844; x_wconf 84' lang='lat' dir='ltr'><strong>justus</strong></span> <span class='ocrx_word' id='word_1_539' title='bbox 515 3781 862 3838; x_wconf 86' lang='lat' dir='ltr'><strong>meditabitur</strong></span> <span class='ocrx_word' id='word_1_540' title='bbox 909 3789 1254 3859; x_wconf 87' lang='lat' dir='ltr'><strong>sapientiam,</strong></span> <span class='ocrx_word' id='word_1_541' title='bbox 1290 3804 1344 3849; x_wconf 89' lang='lat' dir='ltr'><strong>et</strong></span> <span class='ocrx_word' id='word_1_542' title='bbox 1388 3796 1566 3869; x_wconf 86' lang='lat' dir='ltr'><strong>lingua</strong></span> <span class='ocrx_word' id='word_1_543' title='bbox 1618 3799 1870 3871; x_wconf 87' lang='lat' dir='ltr'><strong>loquetur</strong></span> 
     </span>
    </p>
   </div>
   <div class='ocr_carea' id='block_1_69' title="bbox 289 3870 1865 3965">
    <p class='ocr_par' dir='ltr' id='par_1_69' title="bbox 289 3870 1865 3965">
     <span class='ocr_line' id='line_1_70' title="bbox 289 3870 1865 3965; baseline 0.021 -46"><span class='ocrx_word' id='word_1_544' title='bbox 289 3870 567 3940; x_wconf 86' lang='lat' dir='ltr'><strong>judicium,</strong></span> <span class='ocrx_word' id='word_1_545' title='bbox 594 3877 686 3930; x_wconf 90' lang='lat' dir='ltr'><strong>sed</strong></span> <span class='ocrx_word' id='word_1_546' title='bbox 712 3888 769 3932; x_wconf 91' lang='lat' dir='ltr'><strong>et</strong></span> <span class='ocrx_word' id='word_1_547' title='bbox 800 3880 852 3932; x_wconf 94' lang='lat' dir='ltr'><strong>in</strong></span> <span class='ocrx_word' id='word_1_548' title='bbox 879 3881 1042 3936; x_wconf 89' lang='lat' dir='ltr'><strong>corde</strong></span> <span class='ocrx_word' id='word_1_549' title='bbox 1074 3898 1176 3939; x_wconf 91' lang='lat' dir='ltr'><strong>suo</strong></span> <span class='ocrx_word' id='word_1_550' title='bbox 1204 3885 1377 3957; x_wconf 88' lang='lat' dir='ltr'><strong>legem</strong></span> <span class='ocrx_word' id='word_1_551' title='bbox 1415 3888 1505 3944; x_wconf 88' lang='lat' dir='ltr'><strong>Dei</strong></span> <span class='ocrx_word' id='word_1_552' title='bbox 1538 3870 1714 3962; x_wconf 58' lang='lat' dir='ltr'><strong>gerit;</strong></span> <span class='ocrx_word' id='word_1_553' title='bbox 1739 3899 1865 3965; x_wconf 89' lang='lat' dir='ltr'><strong>quia</strong></span> 
     </span>
    </p>
   </div>
   <div class='ocr_carea' id='block_1_70' title="bbox 295 3961 1861 4055">
    <p class='ocr_par' dir='ltr' id='par_1_70' title="bbox 295 3961 1861 4055">
     <span class='ocr_line' id='line_1_71' title="bbox 295 3961 1861 4055; baseline 0.02 -44"><span class='ocrx_word' id='word_1_554' title='bbox 295 3961 373 4014; x_wconf 83' lang='lat' dir='ltr'><strong>lex</strong></span> <span class='ocrx_word' id='word_1_555' title='bbox 407 3961 551 4016; x_wconf 90' lang='lat' dir='ltr'><strong>velut</strong></span> <span class='ocrx_word' id='word_1_556' title='bbox 588 3966 738 4019; x_wconf 84' lang='lat' dir='ltr'><strong>radix</strong></span> <span class='ocrx_word' id='word_1_557' title='bbox 779 3971 1023 4033; x_wconf 69' lang='lat' dir='ltr'><strong>quietiam</strong></span> <span class='ocrx_word' id='word_1_558' title='bbox 1069 3973 1121 4028; x_wconf 89' lang='lat' dir='ltr'><strong>in</strong></span> <span class='ocrx_word' id='word_1_559' title='bbox 1155 3976 1421 4044; x_wconf 78' lang='lat' dir='ltr'><strong>profundo</strong></span> <span class='ocrx_word' id='word_1_560' title='bbox 1453 3984 1634 4038; x_wconf 90' lang='lat' dir='ltr'><strong>cordis</strong></span> <span class='ocrx_word' id='word_1_561' title='bbox 1665 3961 1861 4055; x_wconf 81' lang='lat' dir='ltr'><strong>posita,</strong></span> 
     </span>
    </p>
   </div>
   <div class='ocr_carea' id='block_1_71' title="bbox 291 4054 1867 4149">
    <p class='ocr_par' dir='ltr' id='par_1_71' title="bbox 291 4054 1867 4149">
     <span class='ocr_line' id='line_1_72' title="bbox 291 4054 1867 4149; baseline 0.023 -50"><span class='ocrx_word' id='word_1_562' title='bbox 291 4054 555 4120; x_wconf 58' lang='lat' dir='ltr'><strong>germinat</strong></span> <span class='ocrx_word' id='word_1_563' title='bbox 586 4059 743 4111; x_wconf 89' lang='lat' dir='ltr'><strong>verba</strong></span> <span class='ocrx_word' id='word_1_564' title='bbox 770 4057 1017 4128; x_wconf 67' lang='lat' dir='ltr'><strong>justitiat,</strong></span> <span class='ocrx_word' id='word_1_565' title='bbox 1056 4070 1218 4124; x_wconf 86' lang='lat' dir='ltr'><strong>verba</strong></span> <span class='ocrx_word' id='word_1_566' title='bbox 1240 4073 1572 4138; x_wconf 88' lang='lat' dir='ltr'><strong>sanctitatis,</strong></span> <span class='ocrx_word' id='word_1_567' title='bbox 1604 4054 1722 4147; x_wconf 75' lang='lat' dir='ltr'><strong>qua:</strong></span> <span class='ocrx_word' id='word_1_568' title='bbox 1748 4096 1867 4149; x_wconf 88' lang='lat' dir='ltr'><strong>pro-</strong></span> 
     </span>
    </p>
   </div>
   <div class='ocr_carea' id='block_1_72' title="bbox 296 4145 1865 4235">
    <p class='ocr_par' dir='ltr' id='par_1_72' title="bbox 296 4145 1865 4235">
     <span class='ocr_line' id='line_1_73' title="bbox 296 4145 1865 4235; baseline 0.019 -39"><span class='ocrx_word' id='word_1_569' title='bbox 296 4145 392 4198; x_wconf 87' lang='lat' dir='ltr'><strong>lert</strong></span> <span class='ocrx_word' id='word_1_570' title='bbox 417 4145 599 4215; x_wconf 86' lang='lat' dir='ltr'><strong>justus</strong></span> <span class='ocrx_word' id='word_1_571' title='bbox 632 4152 698 4205; x_wconf 87' lang='lat' dir='ltr'><strong>de</strong></span> <span class='ocrx_word' id='word_1_572' title='bbox 728 4156 891 4208; x_wconf 88' lang='lat' dir='ltr'><strong>corde</strong></span> <span class='ocrx_word' id='word_1_573' title='bbox 918 4171 1036 4222; x_wconf 90' lang='lat' dir='ltr'><strong>suo,</strong></span> <span class='ocrx_word' id='word_1_574' title='bbox 1068 4170 1123 4214; x_wconf 92' lang='lat' dir='ltr'><strong>et</strong></span> <span class='ocrx_word' id='word_1_575' title='bbox 1153 4177 1258 4217; x_wconf 92' lang='lat' dir='ltr'><strong>non</strong></span> <span class='ocrx_word' id='word_1_576' title='bbox 1289 4166 1460 4220; x_wconf 91' lang='lat' dir='ltr'><strong>solum</strong></span> <span class='ocrx_word' id='word_1_577' title='bbox 1500 4145 1865 4235; x_wconf 27' lang='lat' dir='ltr'><strong>verbum,vve-</strong></span> 
     </span>
    </p>
   </div>
   <div class='ocr_carea' id='block_1_73' title="bbox 294 4245 1862 4326">
    <p class='ocr_par' dir='ltr' id='par_1_73' title="bbox 294 4245 1862 4326">
     <span class='ocr_line' id='line_1_74' title="bbox 294 4245 1862 4326; baseline 0.02 -38"><span class='ocrx_word' id='word_1_578' title='bbox 294 4252 403 4291; x_wconf 86' lang='lat' dir='ltr'><strong>rum</strong></span> <span class='ocrx_word' id='word_1_579' title='bbox 433 4249 489 4294; x_wconf 91' lang='lat' dir='ltr'><strong>et</strong></span> <span class='ocrx_word' id='word_1_580' title='bbox 519 4252 673 4297; x_wconf 92' lang='lat' dir='ltr'><strong>actus</strong></span> <span class='ocrx_word' id='word_1_581' title='bbox 698 4245 861 4299; x_wconf 85' lang='lat' dir='ltr'><strong>etiam</strong></span> <span class='ocrx_word' id='word_1_582' title='bbox 892 4258 946 4301; x_wconf 90' lang='lat' dir='ltr'><strong>et</strong></span> <span class='ocrx_word' id='word_1_583' title='bbox 975 4260 1150 4320; x_wconf 88' lang='lat' dir='ltr'><strong>gesta.</strong></span> <span class='ocrx_word' id='word_1_584' title='bbox 1175 4252 1342 4310; x_wconf 78' lang='lat' dir='ltr'><strong>Judaei</strong></span> <span class='ocrx_word' id='word_1_585' title='bbox 1380 4273 1518 4326; x_wconf 87' lang='lat' dir='ltr'><strong>pene</strong></span> <span class='ocrx_word' id='word_1_586' title='bbox 1551 4262 1862 4320; x_wconf 78' lang='lat' dir='ltr'><strong>indesinen-</strong></span> 
     </span>
    </p>
   </div>
   <div class='ocr_carea' id='block_1_74' title="bbox 293 4330 1857 4419">
    <p class='ocr_par' dir='ltr' id='par_1_74' title="bbox 293 4330 1857 4419">
     <span class='ocr_line' id='line_1_75' title="bbox 293 4330 1857 4419; baseline 0.019 -35"><span class='ocrx_word' id='word_1_587' title='bbox 293 4336 369 4384; x_wconf 86' lang='lat' dir='ltr'><strong>ter</strong></span> <span class='ocrx_word' id='word_1_588' title='bbox 397 4330 567 4401; x_wconf 84' lang='lat' dir='ltr'><strong>legem</strong></span> <span class='ocrx_word' id='word_1_589' title='bbox 597 4333 691 4389; x_wconf 89' lang='lat' dir='ltr'><strong>Dei</strong></span> <span class='ocrx_word' id='word_1_590' title='bbox 721 4352 817 4392; x_wconf 90' lang='lat' dir='ltr'><strong>ore</strong></span> <span class='ocrx_word' id='word_1_591' title='bbox 848 4354 946 4395; x_wconf 89' lang='lat' dir='ltr'><strong>suo</strong></span> <span class='ocrx_word' id='word_1_592' title='bbox 977 4352 1033 4395; x_wconf 91' lang='lat' dir='ltr'><strong>et</strong></span> <span class='ocrx_word' id='word_1_593' title='bbox 1059 4342 1215 4400; x_wconf 84' lang='lat' dir='ltr'><strong>labiis</strong></span> <span class='ocrx_word' id='word_1_594' title='bbox 1247 4350 1596 4419; x_wconf 89' lang='lat' dir='ltr'><strong>meditantur,</strong></span> <span class='ocrx_word' id='word_1_595' title='bbox 1632 4360 1723 4410; x_wconf 87' lang='lat' dir='ltr'><strong>scd</strong></span> <span class='ocrx_word' id='word_1_596' title='bbox 1752 4373 1857 4413; x_wconf 93' lang='lat' dir='ltr'><strong>non</strong></span> 
     </span>
    </p>
   </div>
   <div class='ocr_carea' id='block_1_75' title="bbox 1978 3148 3555 3221">
    <p class='ocr_par' dir='ltr' id='par_1_75' title="bbox 1978 3148 3555 3221">
     <span class='ocr_line' id='line_1_76' title="bbox 1978 3148 3555 3221; baseline 0.001 -15"><span class='ocrx_word' id='word_1_597' title='bbox 1978 3165 2101 3206; x_wconf 90' lang='lat' dir='ltr'><strong>cum</strong></span> <span class='ocrx_word' id='word_1_598' title='bbox 2124 3150 2294 3221; x_wconf 87' lang='lat' dir='ltr'><strong>justo.</strong></span> <span class='ocrx_word' id='word_1_599' title='bbox 2322 3148 2657 3220; x_wconf 89' lang='lat' dir='ltr'><strong>Frequenter</strong></span> <span class='ocrx_word' id='word_1_600' title='bbox 2686 3150 2831 3205; x_wconf 89' lang='lat' dir='ltr'><strong>enim</strong></span> <span class='ocrx_word' id='word_1_601' title='bbox 2854 3151 3037 3206; x_wconf 89' lang='lat' dir='ltr'><strong>divina</strong></span> <span class='ocrx_word' id='word_1_602' title='bbox 3081 3150 3365 3221; x_wconf 87' lang='lat' dir='ltr'><strong>Scriptura</strong></span> <span class='ocrx_word' id='word_1_603' title='bbox 3396 3152 3555 3207; x_wconf 90' lang='lat' dir='ltr'><strong>docet</strong></span> 
     </span>
    </p>
   </div>
   <div class='ocr_carea' id='block_1_76' title="bbox 1977 3242 3552 3314">
    <p class='ocr_par' dir='ltr' id='par_1_76' title="bbox 1977 3242 3552 3314">
     <span class='ocr_line' id='line_1_77' title="bbox 1977 3242 3552 3314; baseline 0 -16"><span class='ocrx_word' id='word_1_604' title='bbox 1977 3245 2091 3298; x_wconf 70' lang='lat' dir='ltr'><strong>haec</strong></span> <span class='ocrx_word' id='word_1_605' title='bbox 2138 3242 2276 3308; x_wconf 79' lang='lat' dir='ltr'><strong>ﬁeri,</strong></span> <span class='ocrx_word' id='word_1_606' title='bbox 2307 3243 2492 3298; x_wconf 91' lang='lat' dir='ltr'><strong>dicens</strong></span> <span class='ocrx_word' id='word_1_607' title='bbox 2513 3242 2560 3275; x_wconf 83' lang='grc'><strong><em>⁸⁵</em></strong></span> <span class='ocrx_word' id='word_1_608' title='bbox 2591 3242 2717 3312; x_wconf 89' lang='lat' dir='ltr'><strong>quia</strong></span> <span class='ocrx_word' id='word_1_609' title='bbox 2764 3242 2872 3313; x_wconf 85' lang='lat' dir='ltr'><strong>ipse</strong></span> <span class='ocrx_word' id='word_1_610' title='bbox 2906 3242 3159 3297; x_wconf 88' lang='lat' dir='ltr'><strong>Dominus</strong></span> <span class='ocrx_word' id='word_1_611' title='bbox 3201 3243 3254 3298; x_wconf 86' lang='lat' dir='ltr'><strong>in</strong></span> <span class='ocrx_word' id='word_1_612' title='bbox 3281 3243 3552 3314; x_wconf 82' lang='lat' dir='ltr'><strong>judicium</strong></span> 
     </span>
    </p>
   </div>
   <div class='ocr_carea' id='block_1_77' title="bbox 1973 3330 3548 3401">
    <p class='ocr_par' dir='ltr' id='par_1_77' title="bbox 1973 3330 3548 3401">
     <span class='ocr_line' id='line_1_78' title="bbox 1973 3330 3548 3401; baseline 0.004 -15"><span class='ocrx_word' id='word_1_613' title='bbox 1973 3331 2161 3386; x_wconf 83' lang='lat' dir='ltr'><strong>veniet.</strong></span> <span class='ocrx_word' id='word_1_614' title='bbox 2198 3332 2334 3386; x_wconf 83' lang='lat' dir='ltr'><strong>Cum</strong></span> <span class='ocrx_word' id='word_1_615' title='bbox 2374 3346 2504 3401; x_wconf 88' lang='lat' dir='ltr'><strong>ergo</strong></span> <span class='ocrx_word' id='word_1_616' title='bbox 2543 3330 2875 3400; x_wconf 79' lang='lat' dir='ltr'><strong>iudicabitur</strong></span> <span class='ocrx_word' id='word_1_617' title='bbox 2911 3333 3090 3401; x_wconf 87' lang='lat' dir='ltr'><strong>justus</strong></span> <span class='ocrx_word' id='word_1_618' title='bbox 3130 3349 3255 3389; x_wconf 85' lang='lat' dir='ltr'><strong>cum</strong></span> <span class='ocrx_word' id='word_1_619' title='bbox 3298 3334 3548 3397; x_wconf 86' lang='lat' dir='ltr'><strong>Domino.</strong></span> 
     </span>
    </p>
   </div>
   <div class='ocr_carea' id='block_1_78' title="bbox 1974 3426 3551 3497">
    <p class='ocr_par' dir='ltr' id='par_1_78' title="bbox 1974 3426 3551 3497">
     <span class='ocr_line' id='line_1_79' title="bbox 1974 3426 3551 3497; baseline 0.004 -18"><span class='ocrx_word' id='word_1_620' title='bbox 1974 3441 2078 3479; x_wconf 81' lang='lat' dir='ltr'><strong>non</strong></span> <span class='ocrx_word' id='word_1_621' title='bbox 2126 3426 2599 3492; x_wconf 87' lang='lat' dir='ltr'><strong>condemnabitur,</strong></span> <span class='ocrx_word' id='word_1_622' title='bbox 2624 3440 2678 3482; x_wconf 91' lang='lat' dir='ltr'><strong>et</strong></span> <span class='ocrx_word' id='word_1_623' title='bbox 2723 3428 2842 3483; x_wconf 89' lang='lat' dir='ltr'><strong>ideo</strong></span> <span class='ocrx_word' id='word_1_624' title='bbox 2874 3428 3005 3483; x_wconf 85' lang='lat' dir='ltr'><strong>dicit</strong></span> <span class='ocrx_word' id='word_1_625' title='bbox 3027 3428 3073 3459; x_wconf 80' lang='lat'>“</span> <span class='ocrx_word' id='word_1_626' title='bbox 3102 3445 3114 3479; x_wconf 86' lang='lat'><strong>:</strong></span> <span class='ocrx_word' id='word_1_627' title='bbox 3152 3427 3415 3497; x_wconf 69' lang='lat' dir='ltr'><strong>Exspecta</strong></span> <span class='ocrx_word' id='word_1_628' title='bbox 3442 3430 3551 3486; x_wconf 85' lang='lat' dir='ltr'><strong>Do—</strong></span> 
     </span>
    </p>
   </div>
   <div class='ocr_carea' id='block_1_79' title="bbox 1972 3516 3550 3592">
    <p class='ocr_par' dir='ltr' id='par_1_79' title="bbox 1972 3516 3550 3592">
     <span class='ocr_line' id='line_1_80' title="bbox 1972 3516 3550 3592; baseline 0.007 -23"><span class='ocrx_word' id='word_1_629' title='bbox 1972 3516 2211 3582; x_wconf 86' lang='lat' dir='ltr'><strong>minum;</strong></span> <span class='ocrx_word' id='word_1_630' title='bbox 2258 3517 2311 3572; x_wconf 89' lang='lat' dir='ltr'><strong>id</strong></span> <span class='ocrx_word' id='word_1_631' title='bbox 2341 3528 2425 3573; x_wconf 89' lang='lat' dir='ltr'><strong>est</strong></span> <span class='ocrx_word' id='word_1_632' title='bbox 2472 3518 2517 3574; x_wconf 87' lang='lat' dir='ltr'><strong>si</strong></span> <span class='ocrx_word' id='word_1_633' title='bbox 2554 3519 2855 3586; x_wconf 88' lang='lat' dir='ltr'><strong>tribularis,</strong></span> <span class='ocrx_word' id='word_1_634' title='bbox 2884 3521 2931 3576; x_wconf 87' lang='lat' dir='ltr'><strong>si</strong></span> <span class='ocrx_word' id='word_1_635' title='bbox 2982 3521 3035 3575; x_wconf 92' lang='lat' dir='ltr'><strong>in</strong></span> <span class='ocrx_word' id='word_1_636' title='bbox 3079 3523 3343 3592; x_wconf 87' lang='lat' dir='ltr'><strong>angustiis</strong></span> <span class='ocrx_word' id='word_1_637' title='bbox 3377 3537 3457 3592; x_wconf 88' lang='lat' dir='ltr'><strong>es,</strong></span> <span class='ocrx_word' id='word_1_638' title='bbox 3504 3526 3550 3580; x_wconf 90' lang='lat' dir='ltr'><strong>si</strong></span> 
     </span>
    </p>
   </div>
   <div class='ocr_carea' id='block_1_80' title="bbox 1974 3609 3549 3680">
    <p class='ocr_par' dir='ltr' id='par_1_80' title="bbox 1974 3609 3549 3680">
     <span class='ocr_line' id='line_1_81' title="bbox 1974 3609 3549 3680; baseline 0.004 -17"><span class='ocrx_word' id='word_1_639' title='bbox 1974 3609 2026 3663; x_wconf 86' lang='lat' dir='ltr'><strong>in</strong></span> <span class='ocrx_word' id='word_1_640' title='bbox 2078 3610 2564 3677; x_wconf 78' lang='lat' dir='ltr'><strong>persecutionibus,</strong></span> <span class='ocrx_word' id='word_1_641' title='bbox 2599 3620 2842 3680; x_wconf 71' lang='lat' dir='ltr'><strong>exspecta</strong></span> <span class='ocrx_word' id='word_1_642' title='bbox 2886 3610 3192 3676; x_wconf 86' lang='lat' dir='ltr'><strong>Dominum,</strong></span> <span class='ocrx_word' id='word_1_643' title='bbox 3241 3621 3291 3667; x_wconf 85' lang='lat' dir='ltr'><strong>et</strong></span> <span class='ocrx_word' id='word_1_644' title='bbox 3343 3615 3549 3670; x_wconf 85' lang='lat' dir='ltr'><strong>custodi</strong></span> 
     </span>
    </p>
   </div>
   <div class='ocr_carea' id='block_1_81' title="bbox 1970 3703 3550 3776">
    <p class='ocr_par' dir='ltr' id='par_1_81' title="bbox 1970 3703 3550 3776">
     <span class='ocr_line' id='line_1_82' title="bbox 1970 3703 3550 3776; baseline 0.006 -21"><span class='ocrx_word' id='word_1_645' title='bbox 1970 3703 2105 3755; x_wconf 84' lang='lat' dir='ltr'><strong>uiam</strong></span> <span class='ocrx_word' id='word_1_646' title='bbox 2131 3703 2267 3772; x_wconf 87' lang='lat' dir='ltr'><strong>ejus,</strong></span> <span class='ocrx_word' id='word_1_647' title='bbox 2297 3719 2397 3759; x_wconf 90' lang='lat' dir='ltr'><strong>nec</strong></span> <span class='ocrx_word' id='word_1_648' title='bbox 2439 3705 2678 3760; x_wconf 90' lang='lat' dir='ltr'><strong>declines</strong></span> <span class='ocrx_word' id='word_1_649' title='bbox 2718 3707 2786 3759; x_wconf 91' lang='lat' dir='ltr'><strong>ad</strong></span> <span class='ocrx_word' id='word_1_650' title='bbox 2832 3705 3114 3760; x_wconf 83' lang='lat' dir='ltr'><strong>dexteram</strong></span> <span class='ocrx_word' id='word_1_651' title='bbox 3153 3722 3328 3776; x_wconf 89' lang='lat' dir='ltr'><strong>neque</strong></span> <span class='ocrx_word' id='word_1_652' title='bbox 3364 3712 3434 3763; x_wconf 90' lang='lat' dir='ltr'><strong>ad</strong></span> <span class='ocrx_word' id='word_1_653' title='bbox 3472 3711 3550 3764; x_wconf 81' lang='lat' dir='ltr'><strong>si-</strong></span> 
     </span>
    </p>
   </div>
   <div class='ocr_carea' id='block_1_82' title="bbox 1969 3795 3548 3868">
    <p class='ocr_par' dir='ltr' id='par_1_82' title="bbox 1969 3795 3548 3868">
     <span class='ocr_line' id='line_1_83' title="bbox 1969 3795 3548 3868; baseline 0.006 -20"><span class='ocrx_word' id='word_1_654' title='bbox 1969 3795 2217 3851; x_wconf 82' lang='lat' dir='ltr'><strong>nistram.</strong></span> <span class='ocrx_word' id='word_1_655' title='bbox 2248 3795 2305 3851; x_wconf 91' lang='lat' dir='ltr'><strong>Si</strong></span> <span class='ocrx_word' id='word_1_656' title='bbox 2336 3798 2482 3851; x_wconf 91' lang='lat' dir='ltr'><strong>enim</strong></span> <span class='ocrx_word' id='word_1_657' title='bbox 2517 3796 2968 3854; x_wconf 85' lang='lat' dir='ltr'><strong>indeclinabiliter</strong></span> <span class='ocrx_word' id='word_1_658' title='bbox 3009 3801 3414 3868; x_wconf 81' lang='lat' dir='ltr'><strong>exspectaveris</strong></span> <span class='ocrx_word' id='word_1_659' title='bbox 3441 3803 3548 3857; x_wconf 92' lang='lat' dir='ltr'><strong>Do-</strong></span> 
     </span>
    </p>
   </div>
   <div class='ocr_carea' id='block_1_83' title="bbox 1971 3884 3551 3961">
    <p class='ocr_par' dir='ltr' id='par_1_83' title="bbox 1971 3884 3551 3961">
     <span class='ocr_line' id='line_1_84' title="bbox 1971 3884 3551 3961; baseline 0.008 -25"><span class='ocrx_word' id='word_1_660' title='bbox 1971 3884 2199 3952; x_wconf 87' lang='lat' dir='ltr'><strong>minum,</strong></span> <span class='ocrx_word' id='word_1_661' title='bbox 2233 3885 2550 3954; x_wconf 88' lang='lat' dir='ltr'><strong>adipisceris</strong></span> <span class='ocrx_word' id='word_1_662' title='bbox 2588 3887 2719 3940; x_wconf 89' lang='lat' dir='ltr'><strong>illud</strong></span> <span class='ocrx_word' id='word_1_663' title='bbox 2752 3889 2896 3957; x_wconf 88' lang='lat' dir='ltr'><strong>quod</strong></span> <span class='ocrx_word' id='word_1_664' title='bbox 2926 3890 3212 3961; x_wconf 80' lang='lat' dir='ltr'><strong>sequitur:</strong></span> <span class='ocrx_word' id='word_1_665' title='bbox 3244 3891 3311 3945; x_wconf 87' lang='lat' dir='ltr'><strong>Et</strong></span> <span class='ocrx_word' id='word_1_666' title='bbox 3347 3893 3551 3947; x_wconf 72' lang='lat' dir='ltr'><strong>exalta-</strong></span> 
     </span>
    </p>
   </div>
   <div class='ocr_carea' id='block_1_84' title="bbox 1968 3974 3549 4052">
    <p class='ocr_par' dir='ltr' id='par_1_84' title="bbox 1968 3974 3549 4052">
     <span class='ocr_line' id='line_1_85' title="bbox 1968 3974 3549 4052; baseline 0.007 -24"><span class='ocrx_word' id='word_1_667' title='bbox 1968 3974 2038 4028; x_wconf 87' lang='lat' dir='ltr'><strong>bit</strong></span> <span class='ocrx_word' id='word_1_668' title='bbox 2061 3985 2129 4043; x_wconf 86' lang='lat' dir='ltr'><strong>te,</strong></span> <span class='ocrx_word' id='word_1_669' title='bbox 2161 3976 2333 4045; x_wconf 86' lang='lat' dir='ltr'><strong>inquit</strong></span> <span class='ocrx_word' id='word_1_670' title='bbox 2354 3976 2420 4044; x_wconf 86' lang='grc'><strong>⁵⁷,</strong></span> <span class='ocrx_word' id='word_1_671' title='bbox 2439 3988 2494 4031; x_wconf 89' lang='lat' dir='ltr'><strong>ut</strong></span> <span class='ocrx_word' id='word_1_672' title='bbox 2511 3980 2791 4033; x_wconf 71' lang='lat' dir='ltr'><strong>hieredites</strong></span> <span class='ocrx_word' id='word_1_673' title='bbox 2812 3988 3026 4035; x_wconf 86' lang='lat' dir='ltr'><strong>terram.</strong></span> <span class='ocrx_word' id='word_1_674' title='bbox 3055 3980 3389 4052; x_wconf 85' lang='lat' dir='ltr'><strong>Frequenter</strong></span> <span class='ocrx_word' id='word_1_675' title='bbox 3408 3984 3549 4039; x_wconf 82' lang='lat' dir='ltr'><strong>dixi-</strong></span> 
     </span>
    </p>
   </div>
   <div class='ocr_carea' id='block_1_85' title="bbox 1966 4072 3547 4147">
    <p class='ocr_par' dir='ltr' id='par_1_85' title="bbox 1966 4072 3547 4147">
     <span class='ocr_line' id='line_1_86' title="bbox 1966 4072 3547 4147; baseline 0.008 -27"><span class='ocrx_word' id='word_1_676' title='bbox 1966 4083 2088 4124; x_wconf 85' lang='lat' dir='ltr'><strong>mus</strong></span> <span class='ocrx_word' id='word_1_677' title='bbox 2118 4072 2374 4127; x_wconf 90' lang='lat' dir='ltr'><strong>de.terra</strong></span> <span class='ocrx_word' id='word_1_678' title='bbox 2416 4083 2626 4138; x_wconf 88' lang='lat' dir='ltr'><strong>sancta,</strong></span> <span class='ocrx_word' id='word_1_679' title='bbox 2659 4082 2714 4127; x_wconf 90' lang='lat' dir='ltr'><strong>et</strong></span> <span class='ocrx_word' id='word_1_680' title='bbox 2755 4073 2823 4127; x_wconf 90' lang='lat' dir='ltr'><strong>de</strong></span> <span class='ocrx_word' id='word_1_681' title='bbox 2872 4083 3015 4131; x_wconf 79' lang='lat' dir='ltr'><strong>terra</strong></span> <span class='ocrx_word' id='word_1_682' title='bbox 3061 4091 3183 4147; x_wconf 68' lang='lat' dir='ltr'><strong>qua:</strong></span> <span class='ocrx_word' id='word_1_683' title='bbox 3222 4076 3278 4131; x_wconf 88' lang='lat' dir='ltr'><strong>in</strong></span> <span class='ocrx_word' id='word_1_684' title='bbox 3313 4078 3547 4133; x_wconf 69' lang='lat' dir='ltr'><strong>haeredi-</strong></span> 
     </span>
    </p>
   </div>
   <div class='ocr_carea' id='block_1_86' title="bbox 1969 4163 3546 4242">
    <p class='ocr_par' dir='ltr' id='par_1_86' title="bbox 1969 4163 3546 4242">
     <span class='ocr_line' id='line_1_87' title="bbox 1969 4163 3546 4242; baseline 0.009 -27"><span class='ocrx_word' id='word_1_685' title='bbox 1969 4169 2133 4216; x_wconf 86' lang='lat' dir='ltr'><strong>tatem</strong></span> <span class='ocrx_word' id='word_1_686' title='bbox 2186 4163 2609 4232; x_wconf 87' lang='lat' dir='ltr'><strong>promissionum</strong></span> <span class='ocrx_word' id='word_1_687' title='bbox 2663 4166 2965 4223; x_wconf 70' lang='lat' dir='ltr'><strong>coelestium</strong></span> <span class='ocrx_word' id='word_1_688' title='bbox 3005 4171 3342 4238; x_wconf 88' lang='lat' dir='ltr'><strong>nominatur,</strong></span> <span class='ocrx_word' id='word_1_689' title='bbox 3391 4171 3546 4242; x_wconf 91' lang='lat' dir='ltr'><strong>cujus</strong></span> 
     </span>
    </p>
   </div>
   <div class='ocr_carea' id='block_1_87' title="bbox 1965 4256 3543 4329">
    <p class='ocr_par' dir='ltr' id='par_1_87' title="bbox 1965 4256 3543 4329">
     <span class='ocr_line' id='line_1_88' title="bbox 1965 4256 3543 4329; baseline 0.011 -23"><span class='ocrx_word' id='word_1_690' title='bbox 1965 4263 2170 4308; x_wconf 67' lang='lat' dir='ltr'><strong>natura:</strong></span> <span class='ocrx_word' id='word_1_691' title='bbox 2194 4256 2356 4310; x_wconf 90' lang='lat' dir='ltr'><strong>etiam</strong></span> <span class='ocrx_word' id='word_1_692' title='bbox 2386 4257 2522 4313; x_wconf 89' lang='lat' dir='ltr'><strong>situs</strong></span> <span class='ocrx_word' id='word_1_693' title='bbox 2546 4259 2708 4329; x_wconf 91' lang='lat' dir='ltr'><strong>paulo</strong></span> <span class='ocrx_word' id='word_1_694' title='bbox 2738 4261 3043 4318; x_wconf 88' lang='lat' dir='ltr'><strong>evidentius</strong></span> <span class='ocrx_word' id='word_1_695' title='bbox 3063 4263 3116 4318; x_wconf 91' lang='lat' dir='ltr'><strong>in</strong></span> <span class='ocrx_word' id='word_1_696' title='bbox 3144 4264 3245 4320; x_wconf 91' lang='lat' dir='ltr'><strong>hoc</strong></span> <span class='ocrx_word' id='word_1_697' title='bbox 3273 4266 3543 4323; x_wconf 88' lang='lat' dir='ltr'><strong>versiculo</strong></span> 
     </span>
    </p>
   </div>
   <div class='ocr_carea' id='block_1_88' title="bbox 1963 4346 3543 4425">
    <p class='ocr_par' dir='ltr' id='par_1_88' title="bbox 1963 4346 3543 4425">
     <span class='ocr_line' id='line_1_89' title="bbox 1963 4346 3543 4425; baseline 0.011 -26"><span class='ocrx_word' id='word_1_698' title='bbox 1963 4346 2296 4416; x_wconf 87' lang='lat' dir='ltr'><strong>designatur.</strong></span> <span class='ocrx_word' id='word_1_699' title='bbox 2351 4348 2499 4403; x_wconf 84' lang='lat' dir='ltr'><strong>Nam</strong></span> <span class='ocrx_word' id='word_1_700' title='bbox 2532 4352 2635 4407; x_wconf 86' lang='lat' dir='ltr'><strong>ista</strong></span> <span class='ocrx_word' id='word_1_701' title='bbox 2686 4363 2830 4409; x_wconf 90' lang='lat' dir='ltr'><strong>terra</strong></span> <span class='ocrx_word' id='word_1_702' title='bbox 2877 4355 2931 4409; x_wconf 92' lang='lat' dir='ltr'><strong>in</strong></span> <span class='ocrx_word' id='word_1_703' title='bbox 2981 4369 3086 4425; x_wconf 89' lang='lat' dir='ltr'><strong>qua</strong></span> <span class='ocrx_word' id='word_1_704' title='bbox 3134 4371 3279 4413; x_wconf 89' lang='lat' dir='ltr'><strong>nunc</strong></span> <span class='ocrx_word' id='word_1_705' title='bbox 3308 4359 3543 4416; x_wconf 86' lang='lat' dir='ltr'><strong>vivimus</strong></span> 
     </span>
    </p>
   </div>
   <div class='ocr_carea' id='block_1_89' title="bbox 292 4420 1874 4522">
    <p class='ocr_par' dir='ltr' id='par_1_89' title="bbox 292 4420 1855 4516">
     <span class='ocr_line' id='line_1_90' title="bbox 292 4420 1855 4516; baseline 0.019 -42"><span class='ocrx_word' id='word_1_706' title='bbox 292 4420 483 4476; x_wconf 83' lang='lat' dir='ltr'><strong>habent</strong></span> <span class='ocrx_word' id='word_1_707' title='bbox 516 4437 635 4478; x_wconf 90' lang='lat' dir='ltr'><strong>eam</strong></span> <span class='ocrx_word' id='word_1_708' title='bbox 666 4426 717 4479; x_wconf 89' lang='lat' dir='ltr'><strong>in</strong></span> <span class='ocrx_word' id='word_1_709' title='bbox 745 4431 1014 4496; x_wconf 82' lang='lat' dir='ltr'><strong>profundo</strong></span> <span class='ocrx_word' id='word_1_710' title='bbox 1044 4436 1225 4491; x_wconf 88' lang='lat' dir='ltr'><strong>cordis</strong></span> <span class='ocrx_word' id='word_1_711' title='bbox 1249 4438 1503 4506; x_wconf 79' lang='lat' dir='ltr'><strong>deﬁxam,</strong></span> <span class='ocrx_word' id='word_1_712' title='bbox 1532 4453 1586 4495; x_wconf 89' lang='lat' dir='ltr'><strong>et</strong></span> <span class='ocrx_word' id='word_1_713' title='bbox 1611 4458 1855 4516; x_wconf 88' lang='lat' dir='ltr'><strong>propter-</strong></span> 
     </span>
    </p>
   </div>
   <div class='ocr_carea' id='block_1_90' title="bbox 1980 4420 3542 4522">
    <p class='ocr_par' dir='ltr' id='par_1_90' title="bbox 1980 4439 3542 4522">
     <span class='ocr_line' id='line_1_91' title="bbox 1980 4439 3542 4522; baseline 0.01 -30"><span class='ocrx_word' id='word_1_714' title='bbox 1980 4439 2221 4495; x_wconf 82' lang='lat' dir='ltr'><strong>leorsnm</strong></span> <span class='ocrx_word' id='word_1_715' title='bbox 2264 4456 2386 4497; x_wconf 88' lang='lat' dir='ltr'><strong>esse</strong></span> <span class='ocrx_word' id='word_1_716' title='bbox 2433 4444 2650 4511; x_wconf 89' lang='lat' dir='ltr'><strong>dicitur,</strong></span> <span class='ocrx_word' id='word_1_717' title='bbox 2691 4447 2989 4503; x_wconf 89' lang='lat' dir='ltr'><strong>secundum</strong></span> <span class='ocrx_word' id='word_1_718' title='bbox 3041 4449 3173 4506; x_wconf 90' lang='lat' dir='ltr'><strong>illud</strong></span> <span class='ocrx_word' id='word_1_719' title='bbox 3222 4452 3363 4522; x_wconf 90' lang='lat' dir='ltr'><strong>quod</strong></span> <span class='ocrx_word' id='word_1_720' title='bbox 3406 4455 3542 4510; x_wconf 86' lang='lat' dir='ltr'><strong>scri-</strong></span> 
     </span>
    </p>
   </div>
   <div class='ocr_carea' id='block_1_91' title="bbox 290 4513 1853 4594">
    <p class='ocr_par' dir='ltr' id='par_1_91' title="bbox 290 4513 1853 4594">
     <span class='ocr_line' id='line_1_92' title="bbox 290 4513 1853 4594; baseline 0.019 -28"><span class='ocrx_word' id='word_1_721' title='bbox 290 4527 347 4567; x_wconf 85' lang='lat' dir='ltr'><strong>ea</strong></span> <span class='ocrx_word' id='word_1_722' title='bbox 377 4513 574 4569; x_wconf 86' lang='lat' dir='ltr'><strong>dicitur</strong></span> <span class='ocrx_word' id='word_1_723' title='bbox 608 4518 675 4572; x_wconf 88' lang='lat' dir='ltr'><strong>ad</strong></span> <span class='ocrx_word' id='word_1_724' title='bbox 704 4533 799 4575; x_wconf 86' lang='lat' dir='ltr'><strong>eos</strong></span> <span class='ocrx_word' id='word_1_725' title='bbox 823 4521 871 4553; x_wconf 77' lang='grc' dir='ltr'><strong>⁵ο</strong></span> <span class='ocrx_word' id='word_1_726' title='bbox 899 4541 913 4577; x_wconf 91' lang='lat'><strong>:</strong></span> <span class='ocrx_word' id='word_1_727' title='bbox 947 4521 1183 4594; x_wconf 85' lang='lat' dir='ltr'><strong>Populus</strong></span> <span class='ocrx_word' id='word_1_728' title='bbox 1227 4530 1309 4583; x_wconf 85' lang='lat' dir='ltr'><strong>hic</strong></span> <span class='ocrx_word' id='word_1_729' title='bbox 1353 4531 1504 4588; x_wconf 87' lang='lat' dir='ltr'><strong>labiis</strong></span> <span class='ocrx_word' id='word_1_730' title='bbox 1552 4513 1632 4591; x_wconf 78' lang='lat' dir='ltr'><strong>me</strong></span> <span class='ocrx_word' id='word_1_731' title='bbox 1686 4513 1853 4594; x_wconf 74' lang='lat' dir='ltr'><strong>Itono-</strong></span> 
     </span>
    </p>
   </div>
   <div class='ocr_carea' id='block_1_92' title="bbox 290 4615 1856 4706">
    <p class='ocr_par' dir='ltr' id='par_1_92' title="bbox 290 4615 1856 4706">
     <span class='ocr_line' id='line_1_93' title="bbox 290 4615 1856 4706; baseline 0.021 -48"><span class='ocrx_word' id='word_1_732' title='bbox 290 4615 403 4672; x_wconf 74' lang='grc' dir='ltr'><strong>ται,</strong></span> <span class='ocrx_word' id='word_1_733' title='bbox 447 4625 540 4663; x_wconf 75' lang='grc' dir='ltr'><strong>εον</strong></span> <span class='ocrx_word' id='word_1_734' title='bbox 578 4623 752 4668; x_wconf 80' lang='lat' dir='ltr'><strong>autem</strong></span> <span class='ocrx_word' id='word_1_735' title='bbox 808 4632 989 4673; x_wconf 87' lang='lat' dir='ltr'><strong>eorum</strong></span> <span class='ocrx_word' id='word_1_736' title='bbox 1020 4618 1173 4690; x_wconf 84' lang='lat' dir='ltr'><strong>longe</strong></span> <span class='ocrx_word' id='word_1_737' title='bbox 1206 4634 1281 4678; x_wconf 85' lang='lat' dir='ltr'><strong>est</strong></span> <span class='ocrx_word' id='word_1_738' title='bbox 1333 4643 1366 4679; x_wconf 81' lang='grc' dir='ltr'><em>α</em></span> <span class='ocrx_word' id='word_1_739' title='bbox 1412 4644 1513 4683; x_wconf 86' lang='lat' dir='ltr'><strong>me.</strong></span> <span class='ocrx_word' id='word_1_740' title='bbox 1569 4629 1675 4685; x_wconf 76' lang='lat' dir='ltr'><strong>N08</strong></span> <span class='ocrx_word' id='word_1_741' title='bbox 1726 4649 1856 4706; x_wconf 59' lang='lat'><strong>81&#39;80</strong></span> 
     </span>
    </p>
   </div>
   <div class='ocr_carea' id='block_1_93' title="bbox 289 4700 1853 4794">
    <p class='ocr_par' dir='ltr' id='par_1_93' title="bbox 289 4700 1853 4794">
     <span class='ocr_line' id='line_1_94' title="bbox 289 4700 1853 4794; baseline 0.02 -43"><span class='ocrx_word' id='word_1_742' title='bbox 289 4700 328 4752; x_wconf 88' lang='lat' dir='ltr'><strong>si</strong></span> <span class='ocrx_word' id='word_1_743' title='bbox 355 4701 647 4757; x_wconf 88' lang='lat' dir='ltr'><strong>secundum</strong></span> <span class='ocrx_word' id='word_1_744' title='bbox 686 4707 785 4761; x_wconf 88' lang='lat' dir='ltr'><strong>hoc</strong></span> <span class='ocrx_word' id='word_1_745' title='bbox 809 4710 953 4778; x_wconf 90' lang='lat' dir='ltr'><strong>quod</strong></span> <span class='ocrx_word' id='word_1_746' title='bbox 989 4710 1239 4782; x_wconf 86' lang='lat' dir='ltr'><strong>legimus,</strong></span> <span class='ocrx_word' id='word_1_747' title='bbox 1274 4732 1369 4772; x_wconf 88' lang='lat' dir='ltr'><strong>ore</strong></span> <span class='ocrx_word' id='word_1_748' title='bbox 1414 4731 1603 4777; x_wconf 90' lang='lat' dir='ltr'><strong>nostro</strong></span> <span class='ocrx_word' id='word_1_749' title='bbox 1636 4700 1853 4794; x_wconf 77' lang='lat' dir='ltr'><strong>sapien-</strong></span> 
     </span>
    </p>
   </div>
   <div class='ocr_carea' id='block_1_94' title="bbox 292 4790 1849 4887">
    <p class='ocr_par' dir='ltr' id='par_1_94' title="bbox 292 4790 1849 4887">
     <span class='ocr_line' id='line_1_95' title="bbox 292 4790 1849 4887; baseline 0.021 -45"><span class='ocrx_word' id='word_1_750' title='bbox 292 4790 408 4844; x_wconf 91' lang='lat' dir='ltr'><strong>tiam</strong></span> <span class='ocrx_word' id='word_1_751' title='bbox 451 4792 776 4851; x_wconf 86' lang='lat' dir='ltr'><strong>meditemur</strong></span> <span class='ocrx_word' id='word_1_752' title='bbox 817 4810 872 4854; x_wconf 93' lang='lat' dir='ltr'><strong>et</strong></span> <span class='ocrx_word' id='word_1_753' title='bbox 914 4801 1092 4874; x_wconf 89' lang='lat' dir='ltr'><strong>lingua</strong></span> <span class='ocrx_word' id='word_1_754' title='bbox 1145 4818 1328 4862; x_wconf 85' lang='lat' dir='ltr'><strong>nostra</strong></span> <span class='ocrx_word' id='word_1_755' title='bbox 1376 4810 1663 4881; x_wconf 83' lang='lat' dir='ltr'><strong>loquamur</strong></span> <span class='ocrx_word' id='word_1_756' title='bbox 1700 4790 1849 4887; x_wconf 81' lang='lat' dir='ltr'><strong>judi-</strong></span> 
     </span>
    </p>
   </div>
   <div class='ocr_carea' id='block_1_95' title="bbox 287 4882 1851 4979">
    <p class='ocr_par' dir='ltr' id='par_1_95' title="bbox 287 4882 1851 4979">
     <span class='ocr_line' id='line_1_96' title="bbox 287 4882 1851 4979; baseline 0.021 -45"><span class='ocrx_word' id='word_1_757' title='bbox 287 4882 441 4950; x_wconf 88' lang='lat' dir='ltr'><strong>cium,</strong></span> <span class='ocrx_word' id='word_1_758' title='bbox 475 4894 530 4940; x_wconf 92' lang='lat' dir='ltr'><strong>et</strong></span> <span class='ocrx_word' id='word_1_759' title='bbox 573 4887 657 4942; x_wconf 85' lang='lat' dir='ltr'><strong>lex</strong></span> <span class='ocrx_word' id='word_1_760' title='bbox 685 4888 779 4944; x_wconf 89' lang='lat' dir='ltr'><strong>Dei</strong></span> <span class='ocrx_word' id='word_1_761' title='bbox 826 4892 898 4947; x_wconf 88' lang='lat' dir='ltr'><strong>sit</strong></span> <span class='ocrx_word' id='word_1_762' title='bbox 946 4894 999 4948; x_wconf 91' lang='lat' dir='ltr'><strong>in</strong></span> <span class='ocrx_word' id='word_1_763' title='bbox 1047 4900 1301 4954; x_wconf 88' lang='lat' dir='ltr'><strong>cordibus</strong></span> <span class='ocrx_word' id='word_1_764' title='bbox 1331 4906 1553 4971; x_wconf 85' lang='lat' dir='ltr'><strong>nostris,</strong></span> <span class='ocrx_word' id='word_1_765' title='bbox 1584 4882 1851 4979; x_wconf 78' lang='lat' dir='ltr'><strong>adipisce-</strong></span> 
     </span>
    </p>
   </div>
   <div class='ocr_carea' id='block_1_96' title="bbox 290 4980 1848 5068">
    <p class='ocr_par' dir='ltr' id='par_1_96' title="bbox 290 4980 1848 5068">
     <span class='ocr_line' id='line_1_97' title="bbox 290 4980 1848 5068; baseline 0.019 -39"><span class='ocrx_word' id='word_1_766' title='bbox 290 4991 399 5031; x_wconf 89' lang='lat' dir='ltr'><strong>mur</strong></span> <span class='ocrx_word' id='word_1_767' title='bbox 437 4980 567 5035; x_wconf 88' lang='lat' dir='ltr'><strong>illud</strong></span> <span class='ocrx_word' id='word_1_768' title='bbox 597 4984 739 5052; x_wconf 89' lang='lat' dir='ltr'><strong>quod</strong></span> <span class='ocrx_word' id='word_1_769' title='bbox 770 4987 1016 5055; x_wconf 89' lang='lat' dir='ltr'><strong>sequitur</strong></span> <span class='ocrx_word' id='word_1_770' title='bbox 1040 4988 1085 5021; x_wconf 78' lang='lat'>“</span> <span class='ocrx_word' id='word_1_771' title='bbox 1120 5005 1136 5046; x_wconf 88' lang='lat'><strong>:</strong></span> <span class='ocrx_word' id='word_1_772' title='bbox 1179 4991 1249 5046; x_wconf 82' lang='lat' dir='ltr'><strong>Et</strong></span> <span class='ocrx_word' id='word_1_773' title='bbox 1286 5011 1386 5048; x_wconf 87' lang='lat' dir='ltr'><strong>non</strong></span> <span class='ocrx_word' id='word_1_774' title='bbox 1429 4999 1848 5068; x_wconf 82' lang='lat' dir='ltr'><strong>supplantabun-</strong></span> 
     </span>
    </p>
   </div>
   <div class='ocr_carea' id='block_1_97' title="bbox 289 5076 1850 5167">
    <p class='ocr_par' dir='ltr' id='par_1_97' title="bbox 289 5076 1850 5167">
     <span class='ocr_line' id='line_1_98' title="bbox 289 5076 1850 5167; baseline 0.02 -43"><span class='ocrx_word' id='word_1_775' title='bbox 289 5079 366 5125; x_wconf 82' lang='lat' dir='ltr'><strong>tur</strong></span> <span class='ocrx_word' id='word_1_776' title='bbox 388 5090 596 5144; x_wconf 87' lang='lat' dir='ltr'><strong>gressus</strong></span> <span class='ocrx_word' id='word_1_777' title='bbox 643 5076 777 5146; x_wconf 86' lang='lat' dir='ltr'><strong>ejus.</strong></span> <span class='ocrx_word' id='word_1_778' title='bbox 825 5077 961 5137; x_wconf 91' lang='lat' dir='ltr'><strong>Puto</strong></span> <span class='ocrx_word' id='word_1_779' title='bbox 1016 5097 1115 5140; x_wconf 89' lang='lat' dir='ltr'><strong>nos</strong></span> <span class='ocrx_word' id='word_1_780' title='bbox 1158 5089 1474 5146; x_wconf 83' lang='lat' dir='ltr'><strong>meminisse</strong></span> <span class='ocrx_word' id='word_1_781' title='bbox 1508 5108 1693 5150; x_wconf 80' lang='lat' dir='ltr'><strong>eorum</strong></span> <span class='ocrx_word' id='word_1_782' title='bbox 1730 5113 1850 5167; x_wconf 76' lang='lat' dir='ltr'><strong>qua:</strong></span> 
     </span>
    </p>
   </div>
   <div class='ocr_carea' id='block_1_98' title="bbox 279 5166 1847 5254">
    <p class='ocr_par' dir='ltr' id='par_1_98' title="bbox 279 5166 1847 5254">
     <span class='ocr_line' id='line_1_99' title="bbox 279 5166 1847 5254; baseline 0.02 -37"><span class='ocrx_word' id='word_1_783' title='bbox 279 5166 471 5221; x_wconf 87' lang='lat' dir='ltr'><strong>dudum</strong></span> <span class='ocrx_word' id='word_1_784' title='bbox 502 5168 569 5223; x_wconf 92' lang='lat' dir='ltr'><strong>de</strong></span> <span class='ocrx_word' id='word_1_785' title='bbox 597 5171 875 5240; x_wconf 87' lang='lat' dir='ltr'><strong>gressibus</strong></span> <span class='ocrx_word' id='word_1_786' title='bbox 905 5175 1315 5246; x_wconf 76' lang='lat' dir='ltr'><strong>disputavimus,</strong></span> <span class='ocrx_word' id='word_1_787' title='bbox 1358 5196 1409 5237; x_wconf 91' lang='lat' dir='ltr'><strong>et</strong></span> <span class='ocrx_word' id='word_1_788' title='bbox 1449 5200 1583 5254; x_wconf 92' lang='lat' dir='ltr'><strong>opus</strong></span> <span class='ocrx_word' id='word_1_789' title='bbox 1629 5201 1713 5245; x_wconf 89' lang='lat' dir='ltr'><strong>est</strong></span> <span class='ocrx_word' id='word_1_790' title='bbox 1749 5208 1847 5249; x_wconf 91' lang='lat' dir='ltr'><strong>nos</strong></span> 
     </span>
    </p>
   </div>
   <div class='ocr_carea' id='block_1_99' title="bbox 280 5257 1847 5343">
    <p class='ocr_par' dir='ltr' id='par_1_99' title="bbox 280 5257 1847 5343">
     <span class='ocr_line' id='line_1_100' title="bbox 280 5257 1847 5343; baseline 0.02 -34"><span class='ocrx_word' id='word_1_791' title='bbox 280 5257 325 5310; x_wconf 92' lang='lat' dir='ltr'><strong>iu</strong></span> <span class='ocrx_word' id='word_1_792' title='bbox 360 5261 674 5316; x_wconf 87' lang='lat' dir='ltr'><strong>memoriam</strong></span> <span class='ocrx_word' id='word_1_793' title='bbox 705 5278 962 5322; x_wconf 90' lang='lat' dir='ltr'><strong>revocare</strong></span> <span class='ocrx_word' id='word_1_794' title='bbox 991 5283 1110 5337; x_wconf 67' lang='lat' dir='ltr'><strong>quae</strong></span> <span class='ocrx_word' id='word_1_795' title='bbox 1134 5270 1275 5326; x_wconf 89' lang='lat' dir='ltr'><strong>dicta</strong></span> <span class='ocrx_word' id='word_1_796' title='bbox 1303 5283 1452 5339; x_wconf 89' lang='lat' dir='ltr'><strong>sunt,</strong></span> <span class='ocrx_word' id='word_1_797' title='bbox 1477 5289 1536 5331; x_wconf 89' lang='lat' dir='ltr'><strong>ut</strong></span> <span class='ocrx_word' id='word_1_798' title='bbox 1568 5280 1847 5343; x_wconf 88' lang='lat' dir='ltr'><strong>videamus</strong></span> 
     </span>
    </p>
   </div>
   <div class='ocr_carea' id='block_1_100' title="bbox 279 5349 1847 5434">
    <p class='ocr_par' dir='ltr' id='par_1_100' title="bbox 279 5349 1847 5434">
     <span class='ocr_line' id='line_1_101' title="bbox 279 5349 1847 5434; baseline 0.021 -36"><span class='ocrx_word' id='word_1_799' title='bbox 279 5349 540 5413; x_wconf 82' lang='lat' dir='ltr'><strong>quomodo</strong></span> <span class='ocrx_word' id='word_1_800' title='bbox 572 5351 935 5423; x_wconf 85' lang='lat' dir='ltr'><strong>ingredientes</strong></span> <span class='ocrx_word' id='word_1_801' title='bbox 960 5359 1179 5428; x_wconf 90' lang='lat' dir='ltr'><strong>quidam</strong></span> <span class='ocrx_word' id='word_1_802' title='bbox 1215 5365 1635 5434; x_wconf 84' lang='lat' dir='ltr'><strong>supplautantur</strong></span> <span class='ocrx_word' id='word_1_803' title='bbox 1677 5382 1733 5428; x_wconf 93' lang='lat' dir='ltr'><strong>et</strong></span> <span class='ocrx_word' id='word_1_804' title='bbox 1768 5376 1847 5430; x_wconf 80' lang='lat' dir='ltr'><strong>ef-</strong></span> 
     </span>
    </p>
   </div>
   <div class='ocr_carea' id='block_1_101' title="bbox 280 5440 1841 5526">
    <p class='ocr_par' dir='ltr' id='par_1_101' title="bbox 280 5440 1841 5526">
     <span class='ocr_line' id='line_1_102' title="bbox 280 5440 1841 5526; baseline 0.023 -35"><span class='ocrx_word' id='word_1_805' title='bbox 280 5440 570 5498; x_wconf 78' lang='lat' dir='ltr'><strong>funduntur</strong></span> <span class='ocrx_word' id='word_1_806' title='bbox 591 5459 809 5516; x_wconf 90' lang='lat' dir='ltr'><strong>gressus</strong></span> <span class='ocrx_word' id='word_1_807' title='bbox 843 5461 1054 5509; x_wconf 88' lang='lat' dir='ltr'><strong>eorum.</strong></span> <span class='ocrx_word' id='word_1_808' title='bbox 1085 5452 1239 5521; x_wconf 85' lang='lat' dir='ltr'><strong>Quod</strong></span> <span class='ocrx_word' id='word_1_809' title='bbox 1284 5458 1328 5514; x_wconf 91' lang='lat' dir='ltr'><strong>si</strong></span> <span class='ocrx_word' id='word_1_810' title='bbox 1370 5463 1603 5520; x_wconf 84' lang='lat' dir='ltr'><strong>servatis</strong></span> <span class='ocrx_word' id='word_1_811' title='bbox 1634 5467 1686 5523; x_wconf 93' lang='lat' dir='ltr'><strong>in</strong></span> <span class='ocrx_word' id='word_1_812' title='bbox 1727 5487 1841 5526; x_wconf 82' lang='lat' dir='ltr'><strong>me-</strong></span> 
     </span>
    </p>
   </div>
   <div class='ocr_carea' id='block_1_102' title="bbox 1962 4534 3538 4613">
    <p class='ocr_par' dir='ltr' id='par_1_102' title="bbox 1962 4534 3538 4613">
     <span class='ocr_line' id='line_1_103' title="bbox 1962 4534 3538 4613; baseline 0.01 -28"><span class='ocrx_word' id='word_1_813' title='bbox 1962 4540 2114 4599; x_wconf 90' lang='lat' dir='ltr'><strong>ptum</strong></span> <span class='ocrx_word' id='word_1_814' title='bbox 2152 4542 2235 4588; x_wconf 88' lang='lat' dir='ltr'><strong>est</strong></span> <span class='ocrx_word' id='word_1_815' title='bbox 2265 4534 2313 4566; x_wconf 82' lang='grc'><strong>⁵⁸</strong></span> <span class='ocrx_word' id='word_1_816' title='bbox 2341 4553 2353 4588; x_wconf 92' lang='lat'>:</span> <span class='ocrx_word' id='word_1_817' title='bbox 2398 4535 2540 4591; x_wconf 87' lang='lat' dir='ltr'><strong>Deus</strong></span> <span class='ocrx_word' id='word_1_818' title='bbox 2570 4546 2747 4593; x_wconf 87' lang='lat' dir='ltr'><strong>autem</strong></span> <span class='ocrx_word' id='word_1_819' title='bbox 2775 4539 2830 4594; x_wconf 86' lang='lat' dir='ltr'><strong>in</strong></span> <span class='ocrx_word' id='word_1_820' title='bbox 2854 4540 2981 4595; x_wconf 64' lang='lat' dir='ltr'><strong>calo</strong></span> <span class='ocrx_word' id='word_1_821' title='bbox 3003 4558 3233 4613; x_wconf 87' lang='lat' dir='ltr'><strong>sursum,</strong></span> <span class='ocrx_word' id='word_1_822' title='bbox 3270 4553 3327 4599; x_wconf 90' lang='lat' dir='ltr'><strong>tu</strong></span> <span class='ocrx_word' id='word_1_823' title='bbox 3362 4555 3538 4600; x_wconf 87' lang='lat' dir='ltr'><strong>autem</strong></span> 
     </span>
    </p>
   </div>
   <div class='ocr_carea' id='block_1_103' title="bbox 1962 4625 3541 4705">
    <p class='ocr_par' dir='ltr' id='par_1_103' title="bbox 1962 4625 3541 4705">
     <span class='ocr_line' id='line_1_104' title="bbox 1962 4625 3541 4705; baseline 0.015 -30"><span class='ocrx_word' id='word_1_824' title='bbox 1962 4625 2016 4676; x_wconf 91' lang='lat' dir='ltr'><strong>in</strong></span> <span class='ocrx_word' id='word_1_825' title='bbox 2047 4633 2186 4679; x_wconf 87' lang='lat' dir='ltr'><strong>terra</strong></span> <span class='ocrx_word' id='word_1_826' title='bbox 2214 4625 2479 4682; x_wconf 83' lang='lat' dir='ltr'><strong>deorsum.</strong></span> <span class='ocrx_word' id='word_1_827' title='bbox 2510 4626 2604 4683; x_wconf 90' lang='lat' dir='ltr'><strong>Illa</strong></span> <span class='ocrx_word' id='word_1_828' title='bbox 2647 4636 2826 4687; x_wconf 87' lang='lat' dir='ltr'><strong>autem</strong></span> <span class='ocrx_word' id='word_1_829' title='bbox 2869 4640 3013 4688; x_wconf 88' lang='lat' dir='ltr'><strong>terra</strong></span> <span class='ocrx_word' id='word_1_830' title='bbox 3054 4650 3175 4705; x_wconf 70' lang='lat' dir='ltr'><strong>quae</strong></span> <span class='ocrx_word' id='word_1_831' title='bbox 3216 4638 3271 4695; x_wconf 91' lang='lat' dir='ltr'><strong>in</strong></span> <span class='ocrx_word' id='word_1_832' title='bbox 3313 4640 3541 4698; x_wconf 67' lang='lat' dir='ltr'><strong>haeredi-</strong></span> 
     </span>
    </p>
   </div>
   <div class='ocr_carea' id='block_1_104' title="bbox 1963 4716 3534 4796">
    <p class='ocr_par' dir='ltr' id='par_1_104' title="bbox 1963 4716 3534 4796">
     <span class='ocr_line' id='line_1_105' title="bbox 1963 4716 3534 4796; baseline 0.012 -26"><span class='ocrx_word' id='word_1_833' title='bbox 1963 4725 2124 4771; x_wconf 88' lang='lat' dir='ltr'><strong>tatem</strong></span> <span class='ocrx_word' id='word_1_834' title='bbox 2152 4716 2314 4786; x_wconf 90' lang='lat' dir='ltr'><strong>justis</strong></span> <span class='ocrx_word' id='word_1_835' title='bbox 2345 4721 2700 4788; x_wconf 88' lang='lat' dir='ltr'><strong>promittitur,</strong></span> <span class='ocrx_word' id='word_1_836' title='bbox 2742 4737 2848 4778; x_wconf 79' lang='lat' dir='ltr'><strong>non</strong></span> <span class='ocrx_word' id='word_1_837' title='bbox 2879 4725 3154 4796; x_wconf 83' lang='lat' dir='ltr'><strong>deorsum,</strong></span> <span class='ocrx_word' id='word_1_838' title='bbox 3189 4731 3285 4786; x_wconf 89' lang='lat' dir='ltr'><strong>sed</strong></span> <span class='ocrx_word' id='word_1_839' title='bbox 3316 4746 3534 4789; x_wconf 88' lang='lat' dir='ltr'><strong>sursum</strong></span> 
     </span>
    </p>
   </div>
   <div class='ocr_carea' id='block_1_105' title="bbox 1960 4812 3538 4897">
    <p class='ocr_par' dir='ltr' id='par_1_105' title="bbox 1960 4812 3538 4897">
     <span class='ocr_line' id='line_1_106' title="bbox 1960 4812 3538 4897; baseline 0.013 -33"><span class='ocrx_word' id='word_1_840' title='bbox 1960 4824 2085 4864; x_wconf 86' lang='lat' dir='ltr'><strong>esse</strong></span> <span class='ocrx_word' id='word_1_841' title='bbox 2111 4812 2463 4880; x_wconf 90' lang='lat' dir='ltr'><strong>promittitur.</strong></span> <span class='ocrx_word' id='word_1_842' title='bbox 2500 4816 2792 4888; x_wconf 88' lang='lat' dir='ltr'><strong>Propterea</strong></span> <span class='ocrx_word' id='word_1_843' title='bbox 2837 4821 2906 4876; x_wconf 91' lang='lat' dir='ltr'><strong>ad</strong></span> <span class='ocrx_word' id='word_1_844' title='bbox 2955 4837 3079 4876; x_wconf 90' lang='lat' dir='ltr'><strong>eum</strong></span> <span class='ocrx_word' id='word_1_845' title='bbox 3125 4825 3216 4893; x_wconf 86' lang='lat' dir='ltr'><strong>qui</strong></span> <span class='ocrx_word' id='word_1_846' title='bbox 3256 4836 3538 4897; x_wconf 84' lang='lat' dir='ltr'><strong>exspectat</strong></span> 
     </span>
    </p>
   </div>
   <div class='ocr_carea' id='block_1_106' title="bbox 1958 4907 3536 4991">
    <p class='ocr_par' dir='ltr' id='par_1_106' title="bbox 1958 4907 3536 4991">
     <span class='ocr_line' id='line_1_107' title="bbox 1958 4907 3536 4991; baseline 0.007 -27"><span class='ocrx_word' id='word_1_847' title='bbox 1958 4907 2122 4977; x_wconf 83' lang='lat'><strong>677</strong></span> <span class='ocrx_word' id='word_1_848' title='bbox 2167 4908 2451 4964; x_wconf 91' lang='lat' dir='ltr'><strong>Dominum</strong></span> <span class='ocrx_word' id='word_1_849' title='bbox 2503 4919 2558 4966; x_wconf 92' lang='lat' dir='ltr'><strong>et</strong></span> <span class='ocrx_word' id='word_1_850' title='bbox 2601 4914 2839 4969; x_wconf 89' lang='lat' dir='ltr'><strong>custodit</strong></span> <span class='ocrx_word' id='word_1_851' title='bbox 2874 4913 3017 4969; x_wconf 87' lang='lat' dir='ltr'><strong>viam</strong></span> <span class='ocrx_word' id='word_1_852' title='bbox 3058 4916 3197 4987; x_wconf 88' lang='lat' dir='ltr'><strong>ejus,</strong></span> <span class='ocrx_word' id='word_1_853' title='bbox 3231 4917 3309 4973; x_wconf 89' lang='lat' dir='ltr'><strong>ait</strong></span> <span class='ocrx_word' id='word_1_854' title='bbox 3342 4934 3536 4991; x_wconf 80' lang='lat' dir='ltr'><strong>repro-</strong></span> 
     </span>
    </p>
   </div>
   <div class='ocr_carea' id='block_1_107' title="bbox 1960 5001 3529 5067">
    <p class='ocr_par' dir='ltr' id='par_1_107' title="bbox 1960 5001 3529 5067">
     <span class='ocr_line' id='line_1_108' title="bbox 1960 5001 3529 5067; baseline 0.01 -16"><span class='ocrx_word' id='word_1_855' title='bbox 1960 5001 2239 5058; x_wconf 88' lang='lat' dir='ltr'><strong>missionis</strong></span> <span class='ocrx_word' id='word_1_856' title='bbox 2273 5016 2457 5058; x_wconf 82' lang='lat' dir='ltr'><strong>sermo</strong></span> <span class='ocrx_word' id='word_1_857' title='bbox 2483 5021 2497 5058; x_wconf 91' lang='lat'>:</span> <span class='ocrx_word' id='word_1_858' title='bbox 2527 5003 2802 5059; x_wconf 73' lang='lat' dir='ltr'><strong>Exaltabit</strong></span> <span class='ocrx_word' id='word_1_859' title='bbox 2833 5016 2882 5060; x_wconf 93' lang='lat' dir='ltr'><strong>te</strong></span> <span class='ocrx_word' id='word_1_860' title='bbox 2908 5017 2967 5061; x_wconf 84' lang='lat' dir='ltr'><strong>ut</strong></span> <span class='ocrx_word' id='word_1_861' title='bbox 2998 5008 3278 5065; x_wconf 75' lang='lat' dir='ltr'><strong>hwredites</strong></span> <span class='ocrx_word' id='word_1_862' title='bbox 3307 5020 3529 5067; x_wconf 86' lang='lat' dir='ltr'><strong>terram.</strong></span> 
     </span>
    </p>
   </div>
   <div class='ocr_carea' id='block_1_108' title="bbox 1957 5091 3532 5166">
    <p class='ocr_par' dir='ltr' id='par_1_108' title="bbox 1957 5091 3532 5166">
     <span class='ocr_line' id='line_1_109' title="bbox 1957 5091 3532 5166; baseline 0.008 -19"><span class='ocrx_word' id='word_1_863' title='bbox 1957 5091 2070 5148; x_wconf 87' lang='lat' dir='ltr'><strong>Nisi</strong></span> <span class='ocrx_word' id='word_1_864' title='bbox 2103 5096 2248 5149; x_wconf 88' lang='lat' dir='ltr'><strong>enim</strong></span> <span class='ocrx_word' id='word_1_865' title='bbox 2285 5096 2408 5166; x_wconf 87' lang='lat' dir='ltr'><strong>quis</strong></span> <span class='ocrx_word' id='word_1_866' title='bbox 2452 5098 2726 5154; x_wconf 84' lang='lat' dir='ltr'><strong>exaltetur</strong></span> <span class='ocrx_word' id='word_1_867' title='bbox 2761 5109 2817 5156; x_wconf 90' lang='lat' dir='ltr'><strong>et</strong></span> <span class='ocrx_word' id='word_1_868' title='bbox 2862 5103 3125 5158; x_wconf 87' lang='lat' dir='ltr'><strong>ascendat</strong></span> <span class='ocrx_word' id='word_1_869' title='bbox 3167 5104 3221 5158; x_wconf 88' lang='lat' dir='ltr'><strong>in</strong></span> <span class='ocrx_word' id='word_1_870' title='bbox 3272 5104 3438 5160; x_wconf 90' lang='lat' dir='ltr'><strong>altum</strong></span> <span class='ocrx_word' id='word_1_871' title='bbox 3474 5115 3532 5160; x_wconf 91' lang='lat' dir='ltr'><strong>et</strong></span> 
     </span>
    </p>
   </div>
   <div class='ocr_carea' id='block_1_109' title="bbox 1957 5183 3529 5262">
    <p class='ocr_par' dir='ltr' id='par_1_109' title="bbox 1957 5183 3529 5262">
     <span class='ocr_line' id='line_1_110' title="bbox 1957 5183 3529 5262; baseline 0.01 -22"><span class='ocrx_word' id='word_1_872' title='bbox 1957 5183 2224 5242; x_wconf 84' lang='lat' dir='ltr'><strong>etliciatur</strong></span> <span class='ocrx_word' id='word_1_873' title='bbox 2262 5188 2521 5254; x_wconf 70' lang='lat' dir='ltr'><strong>caelestis,</strong></span> <span class='ocrx_word' id='word_1_874' title='bbox 2565 5205 2673 5246; x_wconf 92' lang='lat' dir='ltr'><strong>non</strong></span> <span class='ocrx_word' id='word_1_875' title='bbox 2716 5201 2893 5262; x_wconf 89' lang='lat' dir='ltr'><strong>potest</strong></span> <span class='ocrx_word' id='word_1_876' title='bbox 2940 5195 3319 5252; x_wconf 62' lang='lat' dir='ltr'><strong>hereditatem</strong></span> <span class='ocrx_word' id='word_1_877' title='bbox 3369 5206 3529 5255; x_wconf 67' lang='lat' dir='ltr'><strong>terra:</strong></span> 
     </span>
    </p>
   </div>
   <div class='ocr_carea' id='block_1_110' title="bbox 1955 5280 3524 5360">
    <p class='ocr_par' dir='ltr' id='par_1_110' title="bbox 1955 5280 3524 5360">
     <span class='ocr_line' id='line_1_111' title="bbox 1955 5280 3524 5360; baseline 0.008 -26"><span class='ocrx_word' id='word_1_878' title='bbox 1955 5280 2097 5336; x_wconf 89' lang='lat' dir='ltr'><strong>illius</strong></span> <span class='ocrx_word' id='word_1_879' title='bbox 2126 5283 2407 5353; x_wconf 90' lang='lat' dir='ltr'><strong>consequi.</strong></span> <span class='ocrx_word' id='word_1_880' title='bbox 2453 5283 2610 5340; x_wconf 90' lang='lat' dir='ltr'><strong>Unde</strong></span> <span class='ocrx_word' id='word_1_881' title='bbox 2652 5300 2751 5355; x_wconf 81' lang='lat' dir='ltr'><strong>ego</strong></span> <span class='ocrx_word' id='word_1_882' title='bbox 2780 5287 3037 5353; x_wconf 89' lang='lat' dir='ltr'><strong>arbitror,</strong></span> <span class='ocrx_word' id='word_1_883' title='bbox 3071 5290 3195 5360; x_wconf 89' lang='lat' dir='ltr'><strong>quia</strong></span> <span class='ocrx_word' id='word_1_884' title='bbox 3228 5292 3371 5345; x_wconf 89' lang='lat' dir='ltr'><strong>sicut</strong></span> <span class='ocrx_word' id='word_1_885' title='bbox 3401 5293 3524 5347; x_wconf 60' lang='lat' dir='ltr'><strong>caeli</strong></span> 
     </span>
    </p>
   </div>
   <div class='ocr_carea' id='block_1_111' title="bbox 1954 5375 3522 5445">
    <p class='ocr_par' dir='ltr' id='par_1_111' title="bbox 1954 5375 3522 5445">
     <span class='ocr_line' id='line_1_112' title="bbox 1954 5375 3522 5445; baseline 0.008 -17"><span class='ocrx_word' id='word_1_886' title='bbox 1954 5376 2134 5440; x_wconf 89' lang='lat' dir='ltr'><strong>istius,</strong></span> <span class='ocrx_word' id='word_1_887' title='bbox 2164 5375 2218 5430; x_wconf 91' lang='lat' dir='ltr'><strong>id</strong></span> <span class='ocrx_word' id='word_1_888' title='bbox 2250 5385 2334 5431; x_wconf 81' lang='lat' dir='ltr'><strong>est</strong></span> <span class='ocrx_word' id='word_1_889' title='bbox 2362 5375 2713 5445; x_wconf 82' lang='lat' dir='ltr'><strong>ﬁrmamenti,</strong></span> <span class='ocrx_word' id='word_1_890' title='bbox 2744 5378 2972 5435; x_wconf 79' lang='lat' dir='ltr'><strong>inferius</strong></span> <span class='ocrx_word' id='word_1_891' title='bbox 3015 5382 3193 5437; x_wconf 88' lang='lat' dir='ltr'><strong>solum</strong></span> <span class='ocrx_word' id='word_1_892' title='bbox 3222 5383 3376 5437; x_wconf 84' lang='lat' dir='ltr'><strong>arida</strong></span> <span class='ocrx_word' id='word_1_893' title='bbox 3407 5384 3522 5440; x_wconf 69' lang='lat' dir='ltr'><strong>barc</strong></span> 
     </span>
    </p>
   </div>
   <div class='ocr_carea' id='block_1_112' title="bbox 1953 5469 3525 5542">
    <p class='ocr_par' dir='ltr' id='par_1_112' title="bbox 1953 5469 3525 5542">
     <span class='ocr_line' id='line_1_113' title="bbox 1953 5469 3525 5542; baseline 0.003 -16"><span class='ocrx_word' id='word_1_894' title='bbox 1953 5472 2004 5527; x_wconf 92' lang='lat' dir='ltr'><strong>in</strong></span> <span class='ocrx_word' id='word_1_895' title='bbox 2037 5485 2143 5541; x_wconf 89' lang='lat' dir='ltr'><strong>qua</strong></span> <span class='ocrx_word' id='word_1_896' title='bbox 2185 5485 2285 5526; x_wconf 89' lang='lat' dir='ltr'><strong>nos</strong></span> <span class='ocrx_word' id='word_1_897' title='bbox 2328 5469 2662 5537; x_wconf 81' lang='lat' dir='ltr'><strong>habitamus,</strong></span> <span class='ocrx_word' id='word_1_898' title='bbox 2715 5481 2860 5526; x_wconf 90' lang='lat' dir='ltr'><strong>terra</strong></span> <span class='ocrx_word' id='word_1_899' title='bbox 2914 5471 3034 5542; x_wconf 89' lang='lat' dir='ltr'><strong>ejus</strong></span> <span class='ocrx_word' id='word_1_900' title='bbox 3074 5473 3273 5529; x_wconf 91' lang='lat' dir='ltr'><strong>dicitur</strong></span> <span class='ocrx_word' id='word_1_901' title='bbox 3301 5491 3317 5529; x_wconf 89' lang='lat'><strong>:</strong></span> <span class='ocrx_word' id='word_1_902' title='bbox 3347 5477 3421 5530; x_wconf 91' lang='lat' dir='ltr'><strong>ita</strong></span> <span class='ocrx_word' id='word_1_903' title='bbox 3468 5486 3525 5531; x_wconf 92' lang='lat' dir='ltr'><strong>et</strong></span> 
     </span>
    </p>
   </div>
   <div class='ocr_carea' id='block_1_113' title="bbox 342 5629 3515 5726">
    <p class='ocr_par' dir='ltr' id='par_1_113' title="bbox 342 5629 3515 5726">
     <span class='ocr_line' id='line_1_114' title="bbox 342 5629 3515 5726; baseline 0.009 -35"><span class='ocrx_word' id='word_1_904' title='bbox 342 5629 788 5726; x_wconf 37' lang='grc' dir='ltr'><strong>γηξξρῐηᾲξῐριξὸο</strong></span> <span class='ocrx_word' id='word_1_905' title='bbox 983 5640 1351 5726; x_wconf 47' lang='grc' dir='ltr'><strong>(Ζοταιιιᾼβ.</strong></span> <span class='ocrx_word' id='word_1_906' title='bbox 1410 5650 1473 5726; x_wconf 46' lang='lat'><strong>1°</strong></span> <span class='ocrx_word' id='word_1_907' title='bbox 1496 5651 1641 5726; x_wconf 79' lang='lat' dir='ltr'><strong>Psal.</strong></span> <span class='ocrx_word' id='word_1_908' title='bbox 1664 5672 1851 5723; x_wconf 76' lang='lat' dir='ltr'><strong>xxxvi,</strong></span> <span class='ocrx_word' id='word_1_909' title='bbox 1878 5661 1964 5715; x_wconf 73' lang='lat' dir='ltr'><strong>3i.</strong></span> <span class='ocrx_word' id='word_1_910' title='bbox 2041 5658 2205 5717; x_wconf 73' lang='lat' dir='ltr'><strong>“1.8a.</strong></span> <span class='ocrx_word' id='word_1_911' title='bbox 2234 5675 2389 5722; x_wconf 71' lang='lat' dir='ltr'><strong>xxxx,</strong></span> <span class='ocrx_word' id='word_1_912' title='bbox 2420 5661 2507 5717; x_wconf 79' lang='grc'><strong>15.</strong></span> <span class='ocrx_word' id='word_1_913' title='bbox 2580 5663 2624 5694; x_wconf 79' lang='grc'><strong>⁵¹</strong></span> <span class='ocrx_word' id='word_1_914' title='bbox 2645 5661 2788 5717; x_wconf 89' lang='lat' dir='ltr'><strong>Psal.</strong></span> <span class='ocrx_word' id='word_1_915' title='bbox 2818 5680 3003 5726; x_wconf 81' lang='lat' dir='ltr'><strong>xxxvi,</strong></span> <span class='ocrx_word' id='word_1_916' title='bbox 3025 5664 3114 5718; x_wconf 78' lang='lat' dir='ltr'><strong>5i.</strong></span> <span class='ocrx_word' id='word_1_917' title='bbox 3189 5667 3236 5700; x_wconf 79' lang='lat'><strong>&quot;</strong></span> <span class='ocrx_word' id='word_1_918' title='bbox 3268 5669 3395 5725; x_wconf 89' lang='lat' dir='ltr'><strong>ibid.</strong></span> <span class='ocrx_word' id='word_1_919' title='bbox 3426 5667 3515 5722; x_wconf 75' lang='lat'><strong>52.</strong></span> 
     </span>
    </p>
   </div>
   <div class='ocr_carea' id='block_1_114' title="bbox 282 5696 3232 5803">
    <p class='ocr_par' dir='ltr' id='par_1_114' title="bbox 282 5696 3232 5803">
     <span class='ocr_line' id='line_1_115' title="bbox 282 5696 3232 5803; baseline 0.013 -50"><span class='ocrx_word' id='word_1_920' title='bbox 282 5696 321 5729; x_wconf 81' lang='lat'>&quot;</span> <span class='ocrx_word' id='word_1_921' title='bbox 344 5699 500 5756; x_wconf 81' lang='lat' dir='ltr'><strong>loan.</strong></span> <span class='ocrx_word' id='word_1_922' title='bbox 535 5696 759 5774; x_wconf 46' lang='lat' dir='ltr'><strong>my“.</strong></span> <span class='ocrx_word' id='word_1_923' title='bbox 838 5709 884 5742; x_wconf 75' lang='lat'><strong>”</strong></span> <span class='ocrx_word' id='word_1_924' title='bbox 911 5696 1007 5768; x_wconf 79' lang='lat' dir='ltr'><strong>Ps.</strong></span> <span class='ocrx_word' id='word_1_925' title='bbox 1031 5696 1350 5786; x_wconf 55' lang='lat' dir='ltr'><strong>xiiiijs&#39;si&#39;</strong></span> <span class='ocrx_word' id='word_1_926' title='bbox 1407 5723 1451 5754; x_wconf 80' lang='grc'>⁸³</span> <span class='ocrx_word' id='word_1_927' title='bbox 1878 5696 1967 5765; x_wconf 53' lang='grc' dir='ltr'><strong>υἱέ</strong></span> <span class='ocrx_word' id='word_1_928' title='bbox 2005 5696 2507 5798; x_wconf 44' lang='lat' dir='ltr'><strong>effiﬁﬁii.“</strong></span> <span class='ocrx_word' id='word_1_929' title='bbox 2528 5734 2573 5765; x_wconf 78' lang='grc'>⁸⁷</span> <span class='ocrx_word' id='word_1_930' title='bbox 2817 5696 3158 5803; x_wconf 42' lang='lat' dir='ltr'><strong>xii&#39;éié&#39;fv.</strong></span> <span class='ocrx_word' id='word_1_931' title='bbox 3184 5739 3232 5794; x_wconf 84' lang='lat' dir='ltr'><strong>l.</strong></span> 
     </span>
    </p>
   </div>
  </div>
