3970 6160
400 241 422 294 1
435 238 542 295 563

400 358 549 412 illius
578 344 872 419 superioris
904 337 1045 409 quod
1094 326 1468 401 principaliter
1502 321 1698 377 ccelum
1750 315 1968 376 dicitur,

400 445 629 503 inferius
656 440 830 495 solum
866 434 918 487 in
949 445 1056 499 quo
1091 422 1432 478 habitatores
1457 413 1532 469 illi
1561 411 1813 467 caelestes
1841 420 1973 461 con-

402 545 712 597 versantur,
748 538 823 593 et,
858 532 918 578 ut
962 522 1038 575 ita
1078 518 1276 579 dicam,
1309 514 1532 565 dorsum
1564 505 1739 572 ipsum
1784 499 1972 552 firma—

407 628 575 687 menti
610 621 788 690 hujus,
825 613 1042 677 merito,
1083 618 1142 663 nt
1173 604 1301 666 dixi,
1340 612 1485 655 terra
1520 595 1665 651 illius
1699 591 1821 647 coeli
1854 602 1975 643 esse

410 723 610 778 dicitur
642 713 773 771 :sed
803 720 948 764 terra
982 706 1146 766 bona,
1177 707 1321 753 terra
1357 701 1573 754 sancta,
1606 698 1750 742 terra
1781 681 1975 746 multa,

356 808 361 812 ’
413 825 557 867 terra
587 809 855 869 vivorum,
886 812 1033 856 terra
1061 793 1236 848 ﬂuens
1273 790 1356 843 lac
1390 796 1445 841 et
1480 782 1584 839 mel
1613 800 1627 834 :
1656 790 1710 834 et
1741 779 1863 832 ideo
1898 775 1980 830 di-

413 903 490 957 cit
521 915 664 955 nunc
698 868 879 951 sermo
915 889 1131 947 divinus
1166 901 1182 943 :
1214 878 1487 938 Emaltabit
1532 884 1581 929 te
1613 882 1669 927 ut
1703 868 1979 925 Itwredites

416 1004 634 1048 terram.

487 1088 541 1143 5.
562 1085 691 1140 Cum
717 1078 965 1150 perierint
980 1081 1270 1144 peccatores
1291 1066 1485 1123 videbis
1503 1063 1571 1116 '9.
1585 1054 1853 1113 Fortassis
1880 1053 1985 1107 hoc

417 1181 569 1252 prius
616 1175 744 1240 erit,
780 1181 841 1225 ut
894 1175 1208 1238 peccatores
1255 1169 1312 1215 et
1365 1155 1557 1225 impios
1598 1148 1731 1222 justi
1768 1145 1986 1199 videant

421 1272 827 1327 condemnatos.
883 1260 1042 1315 Prius
1093 1254 1238 1315 enim
1291 1244 1671 1320 peccatoribus
1727 1249 1900 1308 paenae
1933 1239 1989 1285 et

424 1358 688 1432 supplicia
719 1357 1082 1411 decernuntur
1113 1371 1124 1402 ;
1150 1359 1270 1415 quae
1314 1355 1440 1396 cum
1484 1332 1724 1390 viderint
1755 1326 1907 1399 justi,
1937 1330 1991 1378 et

426 1452 747 1528 agnoverint
776 1446 904 1517 quld
945 1438 1164 1497 intersit
1196 1438 1338 1491 inter
1375 1434 1575 1487 bonam
1604 1425 1768 1478 vitam
1796 1428 1851 1474 et
1882 1432 1990 1472 ma-

427 1549 560 1611 lam,
589 1555 789 1599 etcum
822 1535 1194 1593 intellexerint
1239 1530 1375 1581 bene
1412 1519 1642 1577 vivendo
1671 1516 1738 1569 de
1773 1509 1993 1581 quantis

430 1637 706 1698 evaserint
737 1632 914 1697 malis,
949 1629 1020 1683 ita
1055 1635 1114 1681 ut
1143 1624 1217 1678 illi
1247 1624 1338 1690 qui
1373 1620 1426 1673 in
1450 1615 1630 1687 poenis
1659 1615 1787 1664 sunt
1810 1604 1996 1659 viden-

433 1747 515 1790 tes
545 1746 640 1787 eos
688 1730 741 1782 in
789 1724 958 1796 gloria
1004 1720 1187 1774 dicant
1219 1731 1234 1769 :
1265 1710 1379 1767 Nos
1429 1705 1576 1763 stulti
1622 1703 1782 1758 vitam
1815 1710 1997 1753 eorum

432 1826 744 1890 putabamus
795 1811 1131 1875 insaniam",
1180 1815 1365 1876 postea
1399 1814 1527 1870 ergo
1563 1809 1725 1866 quam
1767 1788 2001 1845 viderint

435 1915 707 1990 quomodo
735 1913 964 1979 pereunt
1010 1908 1348 1972 peccatores,
1385 1900 1513 1945 tunc
1541 1885 1643 1955 ipsi
1673 1877 2001 1937 exaltabun-

439 1978 526 2066 tur
561 2016 617 2063 et
654 1978 948 2059 eﬂ'erentur
984 1996 1050 2049 ad
1096 1991 1293 2045 coelum
1332 1994 1390 2039 ut
1432 1978 1753 2037 haereditent
1780 1982 2001 2026 terram.

438 2102 595 2157 Nunc
641 2096 754 2167 jam
791 2101 976 2147 sermo
1002 2089 1185 2139 monet
1224 2085 1278 2133 et
1305 2074 1546 2132 solamen
1583 2065 1803 2121 adhibet
1828 2073 2007 2115 causae

440 2194 590 2258 huic,
617 2203 740 2260 qua:
772 2183 966 2240 crebro
1002 2176 1133 2233 satis
1161 2187 1254 2227 cor
1285 2182 1422 2239 pene
1452 2161 1691 2219 omnium
1728 2155 2006 2211 hominum

443 2286 646 2355 pulsat.
693 2278 826 2334 Nam
873 2273 1001 2343 quia
1038 2268 1354 2337 frequenter
1383 2273 1481 2312 nos
1528 2251 1729 2310 inﬁrmi
1762 2248 2009 2302 videntes

445 2335 642 2355 .——~—~
891 2335 907 2343 -
1139 2335 1155 2337 _

444 2379 659 2447 iniquos
697 2380 946 2442 quosque
998 2371 1054 2417 et
1103 2357 1298 2428 impios
1328 2354 1384 2407 in
1413 2351 1517 2405 hac
1557 2346 1666 2399 vita
1705 2357 1829 2398 cum
1862 2335 2011 2394 omni

445 2468 709 2525 felicitate
732 2463 987 2532 degentes
1005 2466 1056 2509 et
1077 2446 1352 2522 prosperis
1371 2440 1711 2498 successibus
1733 2433 2012 2493 ﬂorentes,

450 2551 994 2627 abundaredivitiis,
1043 2541 1364 2604 honoribus,
1412 2532 1643 2590 fecunda
1672 2536 1728 2582 et
1763 2525 2017 2579 universa

450 2655 602 2729 prole
641 2620 896 2722 gaudere,
940 2636 1151 2695 deliciis
1198 2632 1439 2692 ﬂuitare,
1490 2620 1922 2708 scandalizamur
1963 2619 2019 2667 et

1264 2726 1276 2729 -
1394 2719 1494 2729 ---.
1605 2726 1614 2729 -
1656 2713 1670 2725 ο
1894 2705 2019 2729 ιω..

452 2703 684 2805 dicimus
735 2743 787 2796 in
823 2735 1076 2793 cordibus
1105 2726 1310 2783 nostris
1344 2739 1359 2777 :
1394 2719 1497 2777 Ubi
1538 2703 1622 2773 est
1651 2710 1861 2783 iustitia
1894 2705 2021 2762 Dei?

1807 193 1901 250 EX
1937 185 2240 248 ORIGENE

2000 315 2049 381 Α
2075 303 2347 363 catoribus
2369 309 2424 358 et
2446 295 2719 368 superbis,
2741 300 2949 348 certum
2971 296 3057 343 est
3081 298 3217 342 eum
3244 292 3373 335 non
3395 272 3675 337 transisse,

2076 415 2177 456 nec
2219 398 2419 452 vidisse
2471 406 2592 462 qua:
2628 404 2730 442 non
2767 392 2924 447 sunt,
2963 380 3057 435 sed
3101 383 3474 448 permanere
3502 367 3555 420 in
3588 367 3679 419 hoe

2076 490 2325 562 praesenti
2362 494 2527 549 statu,
2564 491 2620 536 et
2657 478 2866 533 idcirco
2900 470 3085 528 mirari
3112 471 3163 523 in
3218 469 3317 520 eis
3351 466 3679 533 praesentem

2079 584 2329 654 gloriam.
2378 577 2434 631 Si
2467 584 2649 629 autem
2693 586 2760 625 eo
2792 566 2954 622 modo
2985 567 3247 616 transeat
3280 567 3410 623 quo
3439 547 3681 616 superius

2081 677 2339 739 diximus,
2371 671 2424 725 id
2451 677 2537 723 est
2584 673 2765 719 mente
2792 669 2848 714 et
2879 670 3042 711 sensu
3075 644 3471 707 transcendat
3495 655 3526 694 a
3558 652 3683 709 prtev

2081 767 2325 825 sentibus
2352 771 2407 817 et
2435 754 2824 829 temporalibus
2850 750 2917 804 ad
2960 747 3141 800 futura
3172 751 3374 809 atque
3407 739 3682 804 perpetua,

2084 872 2213 916 tunc
2258 871 2390 910 vero
2437 851 2568 906 dicit
2617 848 2684 901 de
2726 862 2792 899 eo
2835 854 2998 911 quem
3045 832 3258 890 viderit
3296 827 3526 883 elatum
3560 820 3685 876 sicut

2085 952 2276 1009 cedros
2305 945 2516 1008 Libani,
2546 941 2672 1012 quia
2699 935 2930 997 Transii,
2984 941 3030 984 et
3062 943 3175 982 ecce
3207 939 3336 977 non
3370 929 3499 974 erat
3518 934 3538 980 ;
3566 929 3699 982 quor

2087 1050 2251 1105 niam
2284 1054 2339 1098 et
2382 1041 2575 1097 caelum
2620 1037 2796 1106 ipsum
2845 1040 2902 1085 et
2953 1036 3105 1082 terra
3139 1019 3518 1077 transibunt.
3549 1011 3684 1081 Apud

3550 155 3676 212 i365

2091 1141 2257 1195 Deum
2287 1134 2465 1192 omnia
2494 1146 2615 1200 qua:
2647 1125 2830 1181 futura
2853 1119 3108 1188 suntjam
3136 1130 3241 1184 pro
3279 1109 3469 1165 factis
3499 1107 3686 1161 haben-

2091 1241 2196 1287 tur.
2232 1228 2471 1296 Denique
2514 1217 2789 1278 dicebat“
2820 1234 2835 1270 :
2869 1213 3134 1269 Dederunt
3183 1209 3249 1260 in
3307 1217 3503 1257 escam
3536 1211 3686 1251 meant

2094 1324 2188 1394 fel,
2230 1292 2537 1392 quod—sine
2572 1312 2735 1369 dubio
2784 1309 3026 1363 futurum
3061 1301 3246 1357 adhuc
3283 1307 3461 1359 erat,
3507 1301 3562 1347 et
3591 1292 3685 1360 jam

2096 1390 2298 1472 factum
2328 1410 2635 1467 dicebatur.
2680 1403 2746 1457 In
2775 1401 2863 1456 siti
2895 1414 3010 1452 mea
3042 1399 3382 1463 putaverunt
3419 1401 3507 1439 me
3529 1390 3683 1445 aceto,

2098 1517 2155 1563 et
2182 1522 2290 1562 non
2326 1497 2812 1567 dixitzpotabuut.
2861 1490 2954 1544 Sic
2986 1502 3115 1557 ergo
3157 1484 3320 1552 apud
3376 1479 3553 1532 Deum
3582 1487 3688 1543 quae

2102 1602 2283 1657 futura
2322 1603 2466 1660 sunt,
2489 1591 2597 1661 jam
2627 1587 2767 1642 facta
2798 1585 3075 1640 dicuntur.
3103 1576 3268 1645 Quod
3304 1576 3355 1628 si
3392 1582 3452 1626 et
3484 1580 3540 1624 tu
3577 1568 3686 1622 imi-

2028 1665 2070 1721 Β
2101 1701 2241 1747 tator
2266 1705 2325 1744 es
2351 1686 2467 1750 Dei,
2509 1693 2565 1738 et
2612 1678 2845 1736 imitaris
2885 1672 3184 1733 Christum,
3234 1682 3360 1721 non
3406 1667 3683 1729 exspectas

2102 1796 2387 1858 quousque
2431 1775 2751 1833 iste‘elatus
2796 1767 3117 1824 bumilietur
3165 1771 3222 1816 et
3281 1757 3682 1823 exstinguatur,

2103 1880 2197 1936 sed
2226 1877 2364 1945 apud
2399 1870 2740 1938 temetipsum
2771 1872 2827 1918 et
2853 1863 2905 1917 in
2950 1867 3131 1914 mente
3176 1863 3360 1922 atque
3390 1847 3577 1902 animo
3607 1838 3685 1895 tuo

2104 1972 2369 2029 transisse
2387 1983 2447 2023 ea
2468 1967 2579 2035 jam
2605 1961 2806 2020 cernis,
2822 1957 2866 2011 si
2892 1956 3009 2023 ipse
3031 1965 3187 2006 sensu
3216 1961 3290 2001 ac
3312 1951 3506 1998 mente
3533 1950 3686 1991 trans-

2106 2079 2201 2120 eas
2232 2078 2261 2115 a
2307 2026 2668 2127 praesentibus
2712 2050 2777 2103 ad
2812 2044 3013 2099 futura.
3048 2037 3258 2107 Accipe
3293 2043 3357 2088 et
3386 2026 3680 2096 exrmplum

2111 2156 2177 2212 ad
2215 2155 2331 2209 haec
2372 2164 2489 2219 quae
2535 2145 2783 2201 dicimus.
2836 2138 2895 2193 Si
2946 2134 3187 2202 navigas,
3227 2129 3291 2183 in
3328 2123 3464 2180 navi
3495 2119 3683 2189 positus

2110 2249 2264 2304 vides
2292 2255 2468 2299 terras
2495 2250 2551 2296 et
2577 2231 2949 2309 promontoria
2980 2235 3036 2281 et
3066 2232 3284 2278 montes
3317 2211 3678 2272 transeuntis:

2114 2355 2219 2394 non
2240 2334 2380 2406 quod
2399 2332 2488 2387 illa
2507 2307 2767 2386 continuo
2792 2327 3133 2379 moveantur,
3158 2311 3255 2367 sed
3298 2307 3435 2377 quia
3465 2315 3519 2356 tu
3545 2308 3682 2352 vento

2115 2442 2375 2503 prospero
2406 2424 2570 2478 ﬂante
2602 2416 2823 2478 transis,
2856 2412 2949 2466 illa
2980 2425 3041 2465 se
3084 2404 3407 2462 subducere
3456 2395 3678 2448 videntur

2117 2539 2182 2579 ac
2207 2520 2375 2586 ferri;
2408 2519 2484 2571 ita
2517 2522 2571 2569 et
2599 2514 2651 2566 in
2682 2512 2785 2564 hoc
2813 2520 2947 2575 ergo
2988 2503 3032 2557 si
3075 2506 3270 2554 sancto
3301 2489 3519 2562 Spiritu
3554 2498 3681 2538 men-

2120 2626 2230 2670 tem
2258 2621 2404 2666 tuam
2435 2603 2692 2677 perﬂante
2715 2610 2770 2656 et
2800 2598 3065 2669 spirante,
3093 2586 3344 2646 secundo
3368 2593 3426 2637 et
3445 2588 3677 2650 prospero

2121 2706 2342 2778 naviges
2384 2713 2577 2762 cursu,
2632 2689 2936 2763 pertransis
2989 2697 3155 2740 sensu
3204 2688 3309 2732 tuo
3353 2670 3539 2728 omnia
3585 2668 3678 2718 bare

2986 2777 3015 2778 "
3321 2777 3327 2778 ί
3366 2766 3379 2778 ⁸
3430 2774 3440 2778 -
3497 2759 3583 2778 7A2-
3603 2754 3671 2778 211-

2122 2754 2545 2871 quaeovidentur,
2578 2787 2706 2857 quia
2735 2777 3054 2850 temporalia
3087 2780 3236 2835 sunt,
3269 2777 3335 2823 et
3366 2759 3586 2819 intueris
3603 2754 3673 2809 illa

2126 2847 2242 2871 ἰ’-ν-
2283 2847 2412 2851 "vv
2531 2847 2544 2857 υ
2597 2847 2610 2857 .
2848 2847 2863 2850 -

2126 2906 2245 2963 qua:
2270 2900 2470 2943 aeterna
2498 2890 2657 2944 sunt;
2685 2876 2804 2932 sine
2831 2870 2992 2928 dubio
3020 2864 3174 2927 dicis,
3202 2862 3336 2930 quia
3370 2858 3490 2911 haec
3521 2847 3672 2904 omnia

459 2945 697 2991 mitteret
727 2945 871 2982 Deus
912 2945 1059 2977 nunc
1090 2945 1333 2982 uuquu...
1363 2945 1417 2961 ι..
1449 2945 1669 2973 ....,,.-.--
2132 2945 2181 2963 τ

457 3024 736 3086 felicitatis
784 3007 1112 3072 ascendere?
1147 3003 1437 3072 Pr0pterea
1487 3008 1617 3063 ergo
1650 3003 1798 3044 nunc
1845 2997 2024 3040 sermo
2052 3006 2096 3064 ο
2130 2998 2248 3052 quae
2271 2978 2524 3035 videntur
2545 2972 2656 3042 jam
2686 2981 2794 3022 non
2834 2971 2980 3023 sunt,
3024 2956 3150 3027 quia
3188 2967 3290 3006 nec
3340 2948 3524 3001 t‘ntura
3552 2945 3671 2994 sunt.

1641 3080 1701 3086 _-.
1729 3080 1761 3086 -.
1811 3080 1821 3086 .
1918 3078 1930 3086 .
2143 3073 2203 3086 ι..
2230 3073 2262 3086 ,ι
2361 3084 2410 3086 π,
2471 3064 2683 3086 2-,---ξημι
2730 3048 3177 3086 ....«.M-amnllnlum
3208 3052 3261 3086 ρί
3307 3040 3508 3086 flatum

459 3122 673 3178 divinus
720 3128 787 3168 ex
819 3116 1046 3177 persona
1080 3101 1351 3169 justorum
1390 3086 1578 3142 dicit“
1602 3103 1614 3137 :
1641 3080 1761 3136 Vidi
1804 3078 2026 3145 impium

462 3227 568 3267 non
599 3207 773 3263 solum
804 3195 1123 3252 exaltatum,
1175 3184 1268 3240 sed
1314 3172 1760 3248 superexaltatum
1786 3177 1832 3222 et
1860 3166 2029 3221 eleva-

464 3317 596 3366 tum,
645 3310 750 3351 non
789 3300 950 3357 super
997 3281 1228 3337 arbores
1270 3268 1695 3342 qualescunque,
1747 3258 1844 3314 sed
1875 3269 2031 3322 super

467 3347 647 3453 cedros
681 3381 898 3446 Libani;
932 3386 990 3432 ut
1020 3381 1074 3428 et
1103 3369 1266 3424 arbor
1299 3359 1514 3418 excelsa
1549 3354 1710 3411 nimis
1737 3351 1832 3414 sit,
1865 3358 1920 3403 et
1949 3347 2031 3401 lo-

468 3504 565 3546 cus
595 3480 792 3539 montis
820 3469 1036 3530 cunctis
1072 3459 1362 3523 excelsior,
1391 3462 1444 3509 et
1474 3460 1655 3505 tamen
1699 3443 1892 3499 videns
1918 3441 2035 3493 huic

471 3558 1180 3640 omnia,transivi,inquit",
1199 3562 1249 3609 et
1275 3566 1388 3606 ecce
1412 3563 1516 3600 non
1542 3550 1677 3597 erat.
1709 3534 1848 3603 Quid
1881 3540 2038 3601 putas

1500 3639 1507 3640 ,
1792 3638 1801 3640 Α
1872 3624 1884 3640 ,
1929 3623 1963 3640 Α,
1987 3638 1995 3640 _
2015 3621 2038 3640 ο

473 3673 605 3732 illud
633 3677 716 3726 est
743 3665 885 3737 quod
919 3655 1112 3713 transit
1158 3652 1355 3722 justus,
1388 3650 1447 3696 ut
1498 3639 1596 3691 ista
1631 3638 1808 3686 cesset
1837 3621 2040 3681 elatio?

478 3765 534 3820 Si
557 3756 879 3818 meministis
905 3751 959 3805 in
983 3740 1357 3815 superioribus
1385 3745 1506 3789 cum
1526 3726 1833 3782 diceremus
1860 3726 2042 3771 trans-

480 3861 589 3914 isse
620 3852 836 3921 Moysen
880 3851 938 3897 ut
980 3837 1187 3892 videret
1214 3829 1482 3886 visionem
1511 3834 1790 3895 magnam,
1817 3812 2046 3886 potestis

480 3960 537 4006 et
568 3906 876 4003 nunc'scire
905 3930 1037 4004 quid
1063 3936 1148 3983 est
1181 3923 1324 3995 quod
1365 3918 1604 3975 transire
1628 3913 1825 3969 dicitur
1845 3906 2043 3978 justus.

482 4042 617 4099 Cum
644 4034 887 4090 videmus
918 4024 1105 4082 extolli
1154 4019 1352 4088 impios
1407 4020 1463 4069 et
1499 4011 1555 4065 in
1600 4005 1823 4061 nimiam
1857 4012 2049 4069 super-

487 4135 630 4189 biam
658 4135 924 4185 crescere,
957 4127 1294 4172 transeamus
1323 4117 1379 4163 et
1409 4119 1506 4160 nos
1538 4108 1719 4155 mente
1750 4103 1804 4149 et
1832 4089 2050 4146 intelle—

487 4237 576 4281 ctu
611 4221 678 4276 ab
726 4217 811 4271 his
855 4226 974 4282 qua:
1015 4207 1266 4261 videntur
1316 4208 1375 4254 et
1420 4190 1739 4263 temporalia
1793 4192 1943 4250 sunt,
1998 4187 2054 4233 et

494 4311 885 4371 transferamus
929 4314 1145 4358 sensum
1193 4303 1440 4350 nostrum
1489 4287 1557 4340 ad
1590 4299 1653 4338 ea
1687 4294 1809 4351 quae
1838 4292 1944 4331 non
1972 4274 2055 4326 vi-

494 4410 691 4463 dentur
727 4406 782 4455 et
814 4407 1014 4451 aeterna
1047 4397 1190 4445 sunt.
1244 4382 1555 4452 Cogitemus
1591 4369 1909 4442 temporalia
1942 4367 2058 4420 haec
2091 4369 2135 4424 D

495 4511 619 4554 esse
649 4505 703 4551 et
746 4500 1041 4562 paucorum
1086 4480 1294 4535 dierum
1344 4489 1464 4543 mue
1497 4469 1747 4524 videntur
1772 4463 1933 4517 elata.
1973 4457 2062 4512 lu-

499 4600 744 4645 tueamur
764 4577 954 4651 iudicii
986 4574 1148 4636 diem,
1183 4578 1239 4623 et
1268 4567 1341 4620 ita
1369 4576 1530 4617 sensu
1563 4567 1751 4613 nostro
1780 4565 2067 4609 cernemus

506 4686 671 4737 istum
703 4676 795 4747 qui
821 4666 1255 4740 superexaltatus
1284 4665 1368 4713 est
1396 4665 1449 4708 et
1476 4653 1653 4706 elatus
1698 4648 1840 4702 sicut
1869 4644 2069 4699 cedrus

504 4772 719 4837 Libani,
756 4769 811 4823 in
849 4764 935 4820 die
963 4756 1151 4830 judicii
1195 4751 1418 4809 omnino
1466 4762 1571 4799 non
1612 4756 1752 4798 esse.
1786 4738 1885 4806 Qui
1926 4737 2068 4790 enim

506 4880 612 4922 non
658 4871 740 4915 est
779 4856 1051 4929 particeps
1090 4848 1236 4904 illius
1284 4841 1374 4911 qui
1407 4850 1621 4905 semper
1648 4841 1752 4896 est,
1784 4830 1836 4883 id
1872 4837 1954 4882 est
1983 4827 2101 4896 qui.

508 4959 649 5014 dixit
677 4954 722 4986 ⁸³
749 4970 763 5007 :
794 4949 908 5021 Ego
939 4920 1055 5001 sum
1083 4941 1172 5013 qui
1201 4952 1339 5002 sum,
1371 4935 1473 4987 iste
1502 4941 1675 4996 neque
1699 4938 1820 4978 esse
1849 4920 2072 4975 dicitur.

510 5052 757 5118 Denique
788 5049 1102 5114 peccatores
1129 5049 1236 5088 non
1263 5032 1648 5096 computantur
1672 5031 1812 5073 esse.
1843 5013 1997 5069 Unde
2025 5021 2079 5065 et

513 5105 806 5216 Apost-olus
840 5136 907 5191 de
938 5130 1223 5186 vocatione
1257 5123 1495 5195 gentium
1532 5109 1810 5170 dicebat“
1842 5128 1857 5163 :
1898 5105 2075 5172 Elegit

513 5196 548 5200 η
563 5196 588 5216 τ
607 5196 619 5198 _

476 5288 481 5299 τ
517 5238 658 5291 Deus
690 5246 807 5303 qua:
834 5243 938 5282 non
968 5229 1112 5286 sunt,
1140 5229 1195 5272 ut
1242 5233 1303 5270 ea
1340 5227 1456 5283 qua:
1489 5216 1606 5262 sunt
1638 5205 1895 5258 destruat.
1935 5198 1999 5252 Et
2026 5196 2078 5248 in

519 5330 663 5383 libro
678 5296 874 5381 Esther
893 5317 1087 5373 dicitur
1100 5311 1176 5363 "z
1200 5308 1318 5362 Non
1341 5304 1541 5364 tradas,
1562 5296 1806 5357 Domine,
1830 5301 2084 5356 sceptrum

525 5430 672 5473 tuum
716 5415 798 5468 his
826 5411 917 5482 qui
950 5423 1055 5460 non
1101 5410 1243 5456 sunt.
1290 5400 1471 5453 Donec
1518 5405 1647 5460 ergo
1693 5386 1815 5456 quis
1863 5381 2090 5436 miratur

527 5510 795 5579 superbos
824 5507 876 5561 in
909 5501 1147 5557 elatione
1177 5509 1299 5559 sua,
1333 5491 1507 5546 donec
1539 5482 1791 5539 adulatur
1820 5474 1941 5547 quis
1969 5485 2094 5542 pec-

1688 5597 1728 5628 ⁸³
1758 5591 1902 5649 Psal.
1958 5598 2145 5646 xxxvr,
2187 5580 2275 5636 55.

1791 5665 1833 5698 ⁸⁷
1859 5663 2017 5719 item.
2060 5669 2151 5711 vn.
2299 5661 2306 5668 ·

600 5625 643 5657 ³⁵
669 5621 810 5676 Psal.
849 5630 1035 5679 xxxvi,
1068 5613 1161 5669 54.
1238 5611 1283 5641 ⁶⁰
1309 5606 1436 5673 Sap.
1469 5617 1521 5665 v,
1555 5600 1609 5653 4.

534 5698 577 5729 ⁸⁵
605 5668 819 5751 Esther.
849 5668 951 5743 iii
982 5668 1085 5741 ii.
1147 5683 1191 5714 ⁸⁸
1222 5678 1366 5736 Psal.
1387 5668 1586 5741 'vant,
1622 5668 1713 5725 '22.

2143 3039 2262 3129 i’idi
2290 3084 2418 3138 ergo
2454 3039 2685 3141 impium
2726 3048 3178 3122 superexaltatum
3208 3052 3261 3098 et
3307 3040 3508 3094 elatum
3550 3039 3675 3097 super

2123 3162 2315 3221 cedros
2336 3136 2548 3221 Libani,
2569 3162 2619 3208 et
2639 3146 2881 3212 transivi,
2903 3153 2950 3197 et
2973 3157 3087 3195 ecce
3115 3154 3217 3190 non
3243 3142 3382 3186 erat.
3420 3127 3584 3182 Movet
3607 3130 3672 3171 me

2137 3216 2369 3327 amplius
2396 3216 2572 3306 adhuc
2610 3241 2816 3312 aliquid
2856 3239 2907 3293 in
2946 3236 3049 3290 hoc
3087 3230 3228 3286 loco.
3279 3225 3451 3280 Video
3481 3216 3609 3274 enim
3633 3217 3675 3262 et

2139 3306 2305 3408 alium
2344 3345 2565 3416 impium
2594 3306 2990 3410 qui-exaltatur
3016 3338 3178 3393 super
3205 3320 3409 3376 cedros
3440 3306 3607 3368 Libani
3631 3312 3672 3356 et

2140 3442 2438 3500 extollitur.
2485 3435 2620 3491 Cum
2667 3428 2813 3484 enim
2865 3417 3107 3477 haeretici
3162 3427 3335 3482 supra
3382 3403 3672 3463 conditorem

2146 3538 2312 3592 Detnn
2341 3530 2444 3587 sibi
2480 3528 2687 3596 tingunt
2717 3508 2881 3572 alium
2924 3509 3209 3582 quemdam
3244 3505 3442 3563 Deum,
3473 3504 3522 3550 et
3549 3484 3671 3545 θυι*

2146 3637 2328 3686 tantur
2373 3632 2536 3692 atque
2592 3614 2922 3671 extolluntur
2974 3605 3026 3658 in
3075 3599 3242 3655 verbo
3292 3585 3570 3649 mendacii,
3599 3592 3673 3632 ne-

3243 3688 3257 3692 -
3518 3690 3554 3692 κ-
3597 3671 3667 3692 ι.-κ

2150 3671 2322 3686 ἰιι-νη·
2375 3671 2533 3692 ν-ν-ι--ν

2147 3728 2336 3791 gantes
2380 3720 2684 3769 creatorem
2732 3702 2976 3759 omnium
3022 3693 3212 3753 Deum,
3242 3688 3413 3741 Deum
3450 3690 3561 3733 esse
3597 3671 3671 3724 bo-

2952 3789 2963 3791 “
3044 3786 3076 3791 ··
3270 3788 3279 3791 -
3329 3776 3393 3791 ιιν
3445 3782 3526 3791 ι---
3546 3771 3671 3791 ειη-ιη

2150 3771 2195 3791 υ.
2221 3771 2246 3772 η

2150 3826 2302 3874 num,
2329 3806 2508 3876 impiis
2551 3800 2663 3856 suis
2689 3786 3165 3868 praidicationibus
3194 3776 3526 3834 extolluntur
3546 3771 3674 3830 supra

3151 3871 3204 3876 “‘
3440 3873 3449 3876 ρ
3515 3855 3668 3876 μημιρ

2153 3901 2348 3957 cedros
2402 3855 2588 3948 Libani
2622 3931 2635 3954 ,
2691 3855 3025 3941 adversariis
3088 3871 3304 3928 scilicet
3368 3855 3671 3936 potestatibus

2156 3990 2481 4048 eminentes,
2503 3992 2728 4051 quarum
2756 3967 3109 4041 inspiratione
3129 3951 3502 4029 hujuscemodi
3528 3946 3672 4000 adrer-

2157 4098 2250 4139 sus
2294 4086 2594 4135 creatorem
2643 4067 2885 4123 onmium
2936 4062 3104 4116 Deum
3154 4057 3458 4111 commenta
3492 4034 3669 4096 simula-

2159 4177 2307 4234 runt,
2327 4182 2423 4238 pro
2444 4178 2508 4217 eo
2533 4159 2671 4229 quod
2696 4156 2864 4226 legem
2894 4148 3193 4206 secundum
3222 4144 3456 4197 litteram
3483 4135 3672 4186 tantum-

2161 4264 2321 4318 modo
2355 4253 2738 4321 intelligeutes,
2785 4255 2840 4301 et
2886 4239 3186 4313 Spiritalem
3232 4249 3355 4289 eam
3405 4240 3516 4283 esse
3556 4220 3670 4287 igno‘

2165 4364 2370 4415 rantes,
2417 4344 2629 4415 decepti
2684 4348 2812 4396 sunt
2856 4337 2908 4391 in
2961 4327 3387 4402 cogitationibus
3428 4316 3548 4375 suis.
3591 4304 3671 4360 H05

2163 4459 2291 4515 ergo
2338 4455 2438 4512 ego
2484 4437 2528 4493 si
2581 4434 2800 4494 videam,
2833 4436 2890 4481 et
2933 4435 3231 4484 transeam,
3294 4417 3431 4471 ultra
3464 4408 3561 4479 jam
3592 4407 3667 4449 non

2165 4482 2291 4515 ωδν
2339 4482 2436 4512 νον
2484 4482 2528 4493 υ·
2593 4482 2800 4494 --π-ν-η.
3216 4482 3223 4484 .

2165 4546 2344 4594 erunt.
2392 4529 2531 4600 Quid
2586 4518 2900 4579 transeam?
2950 4516 2995 4571 si
3050 4523 3323 4568 transeam
3374 4507 3600 4559 litteram,
3638 4482 3669 4537 si

2170 4624 2540 4696 transgrediar
2571 4616 2741 4690 678
2786 4611 3026 4667 historiae
3054 4602 3422 4675 superﬁciem,
3451 4601 3497 4646 et
3526 4591 3666 4696 perv:-

2170 4667 2529 4696 "'“""D""‘""
2572 4667 2740 4690 νιν
3126 4667 3140 4675 .

2170 4721 2315 4775 niam
2343 4716 2409 4770 ad
2437 4725 2654 4768 sensum
2690 4703 3013 4775 spiritalem,
3049 4696 3309 4768 quoniam
3349 4690 3431 4744 lex
3471 4667 3668 4749 spiritalis

2172 4808 2341 4874 est",
2370 4805 2414 4860 si
2454 4801 2637 4858 omnia
2686 4797 2775 4852 illa
2810 4795 2864 4848 in
2906 4792 3104 4860 quibus
3147 4792 3337 4839 errant
3387 4788 3437 4832 et
3458 4764 3666 4832 decipi”

2183 4918 2289 4969 tur,
2317 4899 2632 4974 spiritaliter
2657 4891 2962 4962 explanem,
2993 4884 3249 4953 dogmata
3276 4887 3456 4932 eorum
3483 4859 3611 4928 impia
3632 4857 3669 4974 ξι

2183 4939 2289 4969 tus,
2318 4939 2622 4974 opu-nu".-.
2659 4939 2876 4962 -..τη-,η
2949 4939 2962 4951 ,
3069 4939 3098 4953 υ

2183 4997 2365 5064 iniqua
2396 4992 2507 5062 jam
2538 5002 2643 5042 non
2669 4990 2850 5038 erunt.
2881 4977 2948 5031 Et
2984 4976 3056 5027 ita
3102 4964 3470 5036 complebitur,
3496 4963 3540 5006 ut
3563 4939 3664 5000 eial‘

3374 5057 3386 5064 -
3494 5057 3576 5064 ᾼ--.
3605 5033 3648 5064 εἴη

2186 5033 2365 5064 ""‘t"“
2396 5033 2507 5062 δ”-υ·
2538 5033 2643 5042 -----
2675 5033 2762 5038 --ν
2840 5033 2847 5034 κ
3230 5033 3243 5036 -

2186 5098 2329 5144 tatus
2360 5082 2560 5153 impius
2589 5088 2643 5132 et
2673 5074 2844 5130 elatus
2886 5081 2972 5121 me
3007 5068 3329 5119 transeunte
3367 5057 3467 5124 jam
3492 5057 3577 5100 non
3597 5033 3665 5153 ‘5“-

2187 5180 2292 5236 Sed
2318 5188 2373 5232 et
2403 5190 2522 5230 cum
2561 5167 2821 5241 quaeritur
2851 5163 3003 5216 iocus
3035 5156 3152 5225 ejus
3183 5168 3286 5206 non
3322 5141 3488 5203 inveni

2188 5287 2284 5329 cus
2328 5266 2477 5336 impii
2522 5258 2810 5331 dogmatis.
2856 5254 3034 5306 littera
3064 5223 3220 5315 legis
3268 5250 3374 5301 est,
3410 5247 3512 5305 qute
3542 5223 3666 5277 littera

2193 5369 2412 5428 occidit.
2437 5365 2572 5420 Cum
2601 5372 2732 5429 ergo
2760 5368 2859 5410 nos
2885 5368 2914 5405 a
2952 5350 3132 5403 littera
3157 5339 3431 5397 occidente
3454 5318 3665 5419 transmitti

2199 5408 2412 5428 υιυω...
2443 5408 2572 5420 η.--
2605 5408 2725 5429 --τ
2761 5408 2787 5410 ,ν

2199 5464 2267 5519 ad
2321 5459 2573 5531 spiritum
2603 5448 2994 5507 viviﬁcantem,
3045 5454 3114 5492 ne
3159 5434 3313 5489 locus
3352 5422 3536 5497 quidem
3565 5408 3666 5469 imP“

2353 5577 2397 5609 οι
2429 5571 2559 5632 ibid.
2590 5567 2680 5625 56.
2762 5564 2811 5596 ου
2836 5556 3006 5618 Exod.
3039 5570 3121 5621 ιιι,
3152 5549 3240 5605 υι.
3314 5545 3353 5577 δε
3386 5539 3521 5598 iCor.
3546 5541 3575 5590 ι.
3602 5515 3661 5571 Ξε-

3842 1758 3846 1935 ἲ
