3970 6160
339 249 478 304 1565

1017 249 1324 306 SELECTA
1361 249 1429 304 ΙΝ
1468 248 1806 305 PSALMOS.
1847 275 1917 286 -—
1950 243 2187 303 HOMIL.
2224 245 2268 302 ν
2304 245 2370 300 ΙΝ
2401 243 2594 301 PSAL.
2636 241 2854 300 XXXVI

3429 245 3564 299 1366

333 365 599 434 ᾱιιειηειίε
629 367 908 436 repudiata
931 367 1112 423 littera
1137 378 1318 440 potest
1342 370 1596 424 inveniri.
1623 371 1900 438 Quomodo
1930 373 1974 428 Α
2003 382 2188 421 eorum
2221 367 2312 436 qui
2353 367 2528 421 adhuc
2567 366 2620 418 in
2668 361 3096 434 profectionibus
3145 369 3305 426 sunt;
3343 376 3564 432 regnum

331 468 512 510 autem
551 462 848 526 quaerimus
874 461 1036 514 eum?
1083 461 1215 515 Cum
1261 463 1599 529 disputamus
1637 463 1898 517 adversus

330 563 422 600 cus
451 557 655 603 etcum
699 553 1080 620 conquirimus
1121 553 1185 608 ad
1231 554 1489 618 invicem,
1543 564 1669 609 tunc
1705 555 1900 624 quaeri-

329 654 450 693 mus
480 639 656 695 locum
685 643 956 710 dogmatis
992 645 1136 700 illius
1165 647 1218 700 in
1249 647 1427 701 littera
1467 645 1600 715 legis
1639 646 1896 711 historiae,

327 741 380 782 et
404 729 712 785 ostenditur
742 735 1039 788 secundum
1074 735 1356 789 historiam
1391 744 1537 788 stare
1570 749 1674 787 non
1703 749 1895 801 posse:

329 831 504 876 amota
537 821 718 876 littera
751 839 814 879 ac
849 825 1072 893 rejecta,
1129 842 1396 892 nusquam
1433 827 1621 894 utique
1657 841 1901 894 qua'ren-

329 911 473 966 tibus
502 914 658 969 nobis
696 924 752 969 et
804 916 1198 974 disserentibus
1244 920 1392 973 locus
1440 918 1589 986 impii
1633 917 1899 988 dogmatis

331 1004 626 1056 invenitur.

401 1092 453 1146 6.
491 1094 709 1149 Custodi
740 1096 1093 1152 innocentiam
1136 1109 1184 1153 et
1223 1100 1338 1155 vide
1372 1102 1669 1170 (equitatem
1689 1102 1753 1154 ⁸⁸.
1785 1100 1897 1156 Cu-

329 1184 533 1240 stodirc
563 1186 926 1242 innocentiam
957 1205 1056 1244 nos
1089 1191 1338 1260 praecipit
1373 1207 1552 1246 sermo
1577 1193 1692 1246 Dei.
1726 1192 1902 1246 lntan-

329 1285 443 1331 tum
493 1281 798 1348 corruptela
849 1297 1056 1336 morum
1101 1283 1328 1351 profecit
1379 1283 1430 1337 in
1479 1284 1813 1346 hominibus,
1843 1291 1902 1338 ut

327 1370 469 1440 apud
497 1373 927 1442 quamplurimos
953 1376 1262 1429 innocentia
1297 1391 1395 1446 pro
1422 1377 1649 1430 stultitia
1687 1375 1900 1444 judice-

329 1471 435 1517 tnr:
453 1477 636 1518 verum
653 1464 930 1534 Scriptura
943 1480 1169 1520 summa:
1188 1467 1289 1522 hoc
1304 1469 1728 1539 virtutisjndicat
1741 1485 1896 1538 opus,

327 1553 450 1620 quia
485 1554 842 1611 innocentiam
870 1557 1080 1626 judicat
1112 1558 1257 1612 illam
1283 1574 1401 1627 quae
1448 1560 1650 1615 nemini
1682 1572 1894 1625 noceat,

327 1642 595 1698 neminem
611 1644 786 1699 laedat.
807 1645 938 1699 Dum
964 1660 1093 1716 ergo
1107 1647 1264 1702 dicit:
1287 1647 1504 1701 Custodi
1528 1649 1894 1714 innocentiam,

2002 477 2129 517 vero
2177 462 2292 526 Dei,
2324 476 2531 524 eorum,
2583 460 2672 528 qui
2707 459 2819 529 jam
2863 457 2929 510 ad
2963 456 3262 524 perfectum
3305 465 3571 509 venerunt

2003 551 2188 608 finem.
2231 552 2380 608 Unde
2408 561 2463 606 et
2509 566 2650 605 nunc
2695 549 2844 604 salus
2888 545 3018 614 justi
3067 546 3205 613 apud
3253 544 3417 598 Deum
3447 559 3566 598 esse

1999 643 2222 707 dicitur,
2248 658 2370 697 cum
2397 641 2583 712 utique
2604 640 2932 709 perfectione
2954 637 3075 690 vita:
3100 651 3269 704 usque
3296 635 3362 689 ad
3391 635 3564 704 ipsum

2001 735 2286 788 Dominum
2335 732 2599 786 meruerit
2646 731 2949 800 pervenire.
2991 727 3057 781 Et
3100 734 3360 796 protector
3401 735 3474 778 est
3512 726 3567 778 in

2001 840 2226 898 tempore
2253 825 2688 880 tribulationis".
2725 822 2874 888 Quod
2907 830 2988 876 est
3020 829 3228 887 tempus
3261 816 3564 871 tribulatio-

2001 920 2105 986 nis,
2144 919 2245 973 nisi
2299 919 2401 972 hoc
2457 917 2508 970 in
2549 929 2656 985 quo
2693 928 2900 979 sumus,
2952 927 3074 966 cum
3119 925 3216 980 per
3270 917 3474 962 arctam
3512 915 3566 960 et

2001 1021 2283 1082 angustam
2331 1011 2471 1062 viam
2527 1007 2828 1061 incedimus
2879 1018 2998 1073 qua
3051 1003 3197 1057 ducit
3243 1001 3308 1055 ad
3363 997 3566 1052 vitam?

2001 1099 2056 1153 Si
2093 1110 2272 1152 tamen
2311 1113 2407 1168 per
2447 1106 2729 1168 angustam
2775 1093 3098 1156 incedimus,
3149 1104 3266 1160 qua:
3312 1090 3460 1142 ducit
3498 1088 3564 1140 ad

2000 1191 2186 1254 vitam,
2235 1198 2289 1242 et
2337 1203 2440 1242 non
2479 1203 2574 1258 per
2613 1187 2755 1240 illam
2800 1183 2962 1236 latam
3009 1191 3066 1236 et
3110 1183 3407 1250 spatiosam
3445 1194 3564 1248 quae

2000 1281 2201 1336 divitiis
2249 1280 2506 1333 dilatatur
2552 1289 2608 1333 et
2657 1278 2872 1332 luxuria
2935 1275 3284 1338 dissolvitur,
3338 1287 3456 1340 qua:
3510 1271 3562 1322 in

1999 1371 2179 1426 carnis
2206 1369 2572 1440 voluptatibus
2601 1369 2923 1432 emollescit,
2955 1382 3074 1438 quae
3103 1373 3424 1436 przesentem
3450 1361 3565 1432 glo-

2000 1462 2134 1516 riam
2176 1461 2366 1530 diligit.
2416 1460 2617 1514 llorum
2666 1469 2941 1530 protector
2982 1473 3087 1512 non
3137 1456 3275 1510 Deus
3311 1463 3412 1516 est,
3469 1454 3565 1506 sed

2000 1553 2305 1607 Mammona
2330 1570 2344 1605 ε
2367 1566 2554 1606 eorum
2590 1563 2768 1606 autem
2798 1552 2888 1621 qui
2924 1551 2978 1604 in
3009 1548 3356 1604 tribulatione
3386 1553 3438 1600 et
3465 1562 3566 1599 an-

2001 1647 2180 1715 gustia
2213 1653 2362 1710 sunt,
2405 1652 2677 1713 protector
2721 1654 2805 1697 est
2850 1644 3010 1706 Deus,
3051 1642 3176 1712 quia
3212 1641 3393 1692 multa:
3439 1649 3566 1693 sunt

327 1735 429 1788 hoc
449 1739 696 1806 estquod
728 1751 828 1792 nos
860 1753 1080 1794 servare
1102 1739 1422 1808 praecipitut
1443 1741 1711 1795 neminem
1733 1713 1895 1794 laedaé
1931 1713 1974 1766 Β
2005 1713 2383 1793 tribulationes
2416 1737 2712 1808 justorum.
2748 1735 3101 1790 Tribulantur
3131 1735 3278 1788 enim
3312 1733 3564 1788 conside-

327 1841 468 1889 mus,
517 1829 714 1880 nemini
760 1842 1070 1884 noceamus.
1108 1829 1222 1884 lloc
1262 1839 1442 1884 autem
1487 1831 1818 1893 obtinemus,
1849 1831 1894 1885 si

325 1933 539 1987 semper
566 1920 774 1976 intento
800 1922 983 1976 animo
1014 1932 1068 1976 et
1095 1923 1340 1994 vigilanti
1369 1924 1650 1978 videamus
1677 1923 1898 1992 aequita-

324 2017 454 2062 tem.
483 2009 817 2085 [Equitatem
849 2029 980 2083 ergo
1007 2014 1059 2068 in
1098 2015 1202 2069 hoc
1227 2015 1345 2070 loco
1390 2015 1469 2070 sic
1498 2015 1724 2083 accipio,
1754 2014 1895 2068 sicut

322 2099 626 2168 veritatem,
647 2103 781 2157 sicut
800 2101 1093 2170 justitiam,
1117 2105 1259 2160 sicut
1277 2106 1465 2172 vitam,
1486 2105 1625 2174 quod
1643 2104 1895 2160 Christus

320 2198 422 2242 est.
455 2189 582 2245 Hazc
608 2193 751 2247 enim
792 2195 1026 2250 videndo
1063 2196 1224 2250 simul
1268 2197 1431 2251 etiam
1484 2199 1650 2252 Deum
1683 2197 1893 2252 videbi-

323 2297 462 2338 mus.
495 2281 720 2338 Custodi
761 2300 892 2356 ergo
935 2288 1289 2342 innocentiam
1331 2299 1378 2342 et
1415 2289 1528 2344 vide
1571 2291 1892 2360 (rquitatem,

319 2375 571 2442 quoniam
593 2387 710 2430 sunt
740 2377 973 2446 reliquid:
1003 2381 1202 2433 homini
1232 2381 1472 2450 paciﬁca.
1503 2380 1743 2452 Requiro
1772 2399 1891 2453 qua:

320 2476 446 2519 sunt
478 2465 717 2535 reliquiae
765 2468 884 2523 ista:
922 2486 1043 2539 quae
1087 2472 1291 2526 homini
1335 2473 1561 2541 pacifico
1606 2490 1893 2529 reservan-

325 2558 442 2610 tur?
479 2557 758 2629 Reliquias
785 2561 968 2616 dicere
999 2563 1238 2619 solemus
1259 2580 1382 2618 cmn
1410 2566 1639 2634 spiritus
1670 2581 1892 2636 separa-

322 2656 408 2701 tur
435 2664 462 2702 a
489 2664 734 2719 corpore,
764 2652 908 2706 velut
939 2654 1146 2720 majore
1186 2666 1339 2723 parte
1381 2656 1658 2710 hominum
1701 2657 1753 2710 in
1779 2660 1892 2727 spi-

324 2739 428 2793 ritu
459 2741 736 2810 deputata,
779 2759 897 2812 quae
923 2755 1172 2814 superest
1207 2761 1332 2814 pars
1377 2748 1622 2816 corporis
1651 2748 1893 2818 reliquiae

324 2833 691 2888 nominantur.
737 2834 794 2888 Si
834 2851 965 2906 ergo
1007 2837 1277 2892 credimus
1324 2839 1503 2892 verbis
1530 2840 1770 2909 Apostoli
1808 2845 1887 2896 di-

320 2925 492 2979 centis
513 2925 554 2957 ⁸³
577 2925 701 2994 quia
733 2930 1024 2982 seminatur
1051 2945 1250 2999 corpus
1287 2931 1340 2984 in
1371 2933 1724 2999 corruptione,
1743 2949 1887 2986 mor-

2000 1843 2184 1889 rantes
2216 1843 2423 1902 tempus
2450 1832 2638 1902 judicii
2660 1841 2715 1887 et
2735 1832 3054 1900 semetipsos
3081 1830 3450 1896 discutientes,
3495 1845 3562 1885 ne

1996 1931 2138 1986 forte
2163 1928 2368 1998 aliquid
2394 1927 2700 1982 inveniatur
2734 1926 2785 1980 in
2822 1925 2901 1980 eis
2925 1924 3071 1993 quod
3101 1931 3323 1978 vocetur
3356 1924 3422 1976 ad
3452 1923 3564 1977 cul-

1997 2038 2140 2092 pam.
2173 2019 2274 2084 Qui
2306 2033 2437 2090 ergo
2476 2027 2699 2087 propter
2746 2017 2848 2072 hoc
2880 2015 3214 2069 tribulantur
3249 2023 3303 2068 et
3343 2014 3563 2068 solliciti

1996 2121 2144 2173 sunt,
2179 2112 2288 2165 erit
2316 2108 2458 2163 Deus
2504 2114 2780 2178 protector
2809 2119 2996 2160 eorum
3034 2105 3087 2158 in
3119 2113 3360 2172 tempore
3390 2104 3563 2158 tribu-

1996 2207 2237 2272 lationis,
2278 2205 2333 2260 in
2382 2213 2624 2272 tempore
2652 2199 2862 2270 judicii,
2915 2213 3036 2253 cum
3087 2198 3368 2252 tradentur
3403 2196 3558 2266 impii

1995 2300 2061 2354 ad
2097 2311 2287 2368 poenas
2313 2315 2328 2352 :
2359 2305 2487 2350 tunc
2519 2303 2575 2349 et
2602 2289 2874 2362 adjuvabit
2913 2303 3006 2343 eos
3041 2287 3299 2341 Dominus
3336 2288 3386 2341 in
3425 2297 3564 2340 tem-

1995 2405 2128 2460 pore
2175 2386 2564 2452 tribulationis,
2598 2393 2647 2438 et
2694 2381 2889 2450 eripiet
2937 2393 3056 2443 eos,
3089 2388 3144 2431 et
3174 2377 3381 2432 auferet
3408 2392 3504 2432 eos
3531 2393 3562 2432 a

1996 2479 2398 2552 peccatoribus,
2436 2492 2541 2531 non
2592 2473 2767 2530 solum
2815 2471 2884 2526 ab
2920 2469 3230 2524 hominibus
3257 2470 3561 2538 peccatori-

1995 2573 2116 2636 bus,
2149 2576 2243 2626 sed
2280 2571 2443 2625 etiam
2479 2584 2508 2621 a
2557 2563 2852 2622 contrariis
2883 2561 3263 2632 potestatibus,
3297 2560 3382 2615 vc'.’
3413 2573 3562 2616 certe

1993 2679 2058 2720 eo
2121 2673 2358 2731 tempore
2405 2675 2529 2714 cum
2583 2657 2763 2711 anima
2816 2662 3100 2724 separatur
3145 2669 3174 2708 a
3229 2669 3476 2724 corpore,
3506 2665 3562 2709 et

1992 2763 2288 2812 occurrunt
2337 2753 2384 2808 ei
2439 2759 2748 2820 peccatores
2785 2749 3078 2814 daemones,
3117 2747 3360 2801 adversae
3409 2753 3562 2816 pote-

1992 2856 2190 2912 states,
2221 2845 2446 2915 spiritus
2476 2844 2616 2898 acris
2649 2841 2808 2911 hujus
2837 2841 2926 2909 qui
2961 2853 3079 2894 eam
3105 2837 3289 2892 volunt
3317 2837 3560 2890 detinere

1992 2951 2046 2996 et
2092 2951 2355 2994 revocare
2393 2937 2458 2990 ad
2498 2951 2558 2990 se
2605 2935 2650 2990 si
2687 2934 2815 3004 quid
2858 2934 2912 2987 in
2967 2949 3028 2987 ea
3071 2947 3290 2988 suorum
3336 2945 3557 3000 Operunt

323 3017 390 3070 tis
435 3016 642 3071 scilicet
675 3031 940 3089 tempore,
965 3029 1018 3076 et
1043 3034 1214 3093 surget
1239 3025 1294 3076 in
1323 3023 1738 3093 incorruptione,
1767 3042 1888 3080 cum
1919 3049 1960 3107 ο
1996 3043 2379 3104 gestorumque
2424 3026 2793 3097 cognoverim.
2837 3023 3000 3079 venit
3055 3025 3198 3078 enim
3252 3023 3317 3077 ad
3367 3037 3560 3076 unam-

322 3111 740 3166 resurrectionis
772 3121 983 3180 tempus
1013 3115 1318 3178 advenerit,
1350 3129 1474 3168 cum
1507 3116 1671 3171 etiam
1700 3130 1888 3170 corru-

320 3199 508 3268 ptibile
534 3201 638 3255 hoc
671 3201 908 3256 induerit
935 3203 1421 3274 incorruptionem,
1451 3214 1506 3259 et
1528 3207 1756 3261 mortale
1785 3208 1888 3262 hoc

322 3291 558 3347 induerit
605 3295 1066 3351 immortalitatem
1095 3298 1175 3362 "°,
1235 3306 1365 3352 tunc
1431 3307 1593 3352 erunt
1642 3300 1887 3370 reliquize

322 3383 524 3438 homini
569 3386 816 3455 pacifico.
849 3387 1024 3440 Erunt
1065 3398 1244 3443 autem
1291 3389 1364 3444 ibi
1406 3389 1617 3458 pacifici
1652 3390 1889 3448 hominis

320 3475 562 3544 reliquiae
597 3477 648 3531 in
692 3493 823 3547 pace
870 3488 925 3533 et
969 3479 1023 3533 in
1076 3480 1285 3549 requie.
1333 3480 1472 3536 Dicit
1503 3482 1645 3536 enim
1684 3491 1740 3538 et
1783 3483 1888 3537 Dn-

318 3569 498 3624 minus
526 3570 591 3624 de
618 3571 881 3640 pacificis,
909 3574 1034 3641 quia
1062 3573 1224 3628 etiam
1247 3573 1457 3642 ﬁliiDei
1475 3575 1884 3632 vocabuntur“.

319 3659 500 3725 Pater,
536 3663 651 3716 volo
690 3674 744 3716 ut
776 3665 863 3718 ubi
898 3681 990 3735 ego
1035 3681 1174 3731 sum,
1205 3677 1253 3719 et
1301 3667 1394 3721 isti
1445 3684 1647 3723 mecum
1688 3672 1790 3724 sint
1813 3671 1882 3725 ".

317 3754 462 3810 Sunt
490 3771 619 3826 ergo
644 3772 764 3810 cum
795 3757 1016 3813 Christo
1043 3758 1286 3828 reliquiae.
1317 3760 1553 3816 hominis
1579 3763 1812 3831 pacifici.

387 3847 444 3902 7.
477 3847 655 3917 Iniqui
689 3857 866 3903 autent
903 3850 1397 3905 exterminabuntur
1431 3854 1589 3906 simul
1603 3855 1670 3918 ⁷³,
1705 3857 1756 3910 id
1801 3867 1884 3912 est

315 3951 507 3992 omnes
533 3941 740 4008 pariter
767 3941 1294 4008 exterminabuntur,
1319 3943 1443 4010 quia
1475 3959 1612 3998 unus
1640 3945 1763 4002 finis
1782 3947 1888 4002 erit

316 4044 502 4083 eorum
534 4032 802 4101 gehenna.
837 4031 1096 4103 Reliquite
1141 4034 1424 4103 impiorum
1461 4037 1725 4103 peribunt,
1759 4046 1888 4094 tunc

317 4132 439 4171 cum
463 4135 658 4190 corpus
687 4133 740 4176 et
769 4124 1004 4178 animam
1034 4125 1304 4193 perditum
1334 4126 1482 4180 dabit
1506 4127 1559 4181 in
1585 4129 1884 4198 gehennam

318 4207 364 4262 is
407 4211 501 4278 qui
552 4212 716 4267 habet
766 4225 1106 4286 potestatem.
1142 4215 1300 4270 Salus
1342 4229 1516 4270 autem
1543 4218 1813 4286 justorum
1854 4240 1886 4277 a

317 4299 617 4356 Domino".
651 4302 757 4358 Sed
784 4305 972 4360 melius
1001 4306 1131 4361 dicit
1159 4307 1209 4360 in
1241 4306 1430 4361 Graeco
1456 4325 1471 4361 :
1497 4307 1660 4364 Salus
1711 4321 1884 4366 autem

1991 3138 2260 3195 quamque
2287 3122 2523 3175 animam
2547 3119 2612 3173 de
2643 3119 2744 3172 hoc
2767 3121 2964 3172 mundo
2991 3125 3275 3172 exeuntem
3305 3115 3558 3184 princeps

1990 3217 2148 3284 hujus
2190 3214 2398 3276 tnundi,
2431 3222 2486 3266 et
2515 3225 2690 3266 aerem
2732 3218 3052 3278 potestates,
3099 3217 3154 3262 et
3203 3207 3482 3276 requirunt
3510 3207 3556 3261 si

1990 3303 2268 3358 inveniant
2296 3301 2348 3354 iu
2379 3315 2442 3354 ea
2478 3300 2681 3369 aliquid
2722 3313 2912 3364 suum;
2948 3299 2990 3352 si
3018 3297 3301 3351 avaritiam
3334 3298 3559 3352 invene-

1989 3397 2120 3463 rint,
2156 3410 2267 3449 suae
2299 3394 2468 3464 partis
2504 3401 2620 3457 est;
2659 3392 2702 3446 si
2740 3391 2896 3457 iram,
2940 3391 2985 3444 si
3015 3389 3306 3454 luxuriam,
3339 3389 3384 3444 si
3418 3389 3558 3443 invi-

1988 3488 2150 3550 diam,
2195 3498 2248 3542 et
2277 3485 2489 3556 singula
2523 3497 2753 3553 quaeque
2785 3497 2973 3537 eorum
3025 3480 3222 3538 similia
3253 3481 3300 3535 si
3334 3482 3554 3535 invene-

1989 3580 2128 3642 rint,
2165 3593 2274 3632 suae
2319 3577 2490 3646 partis
2524 3583 2626 3638 est,
2659 3583 2713 3628 et
2744 3571 2850 3627 sibi
2887 3588 3006 3627 eam
3055 3571 3373 3636 defendunt,
3406 3581 3459 3626 et
3488 3571 3555 3625 ad

1988 3685 2046 3725 se
2068 3685 2188 3725 eam
2221 3669 2466 3733 trahunt,
2499 3677 2553 3722 et
2581 3665 2646 3720 ad
2681 3674 2886 3734 partem
2936 3680 3056 3719 eam
3085 3674 3429 3731 peccatorum
3461 3664 3555 3718 de-

1986 3761 2213 3815 clinant.
2261 3759 2320 3814 Si
2381 3773 2508 3812 vero
2563 3756 2759 3824 aliquis
2815 3755 3060 3809 imitatus
3111 3764 3192 3808 est
3247 3753 3396 3807 illum
3459 3753 3553 3823 qui

1986 3852 2181 3906 dixit“
2209 3868 2224 3904 :
2257 3850 2390 3904 Ecce
2423 3851 2580 3904 veniet
2606 3851 2844 3919 princeps
2875 3847 3056 3900 mundi
3090 3846 3271 3917 hujus,
3299 3855 3347 3898 et
3379 3846 3433 3898 in
3474 3862 3554 3898 me

1988 3961 2090 3997 non
2135 3943 2288 3996 habet
2327 3942 2631 4012 quidquam,
2673 3940 2717 3994 si
2766 3954 2824 3994 se
2862 3938 3058 4008 aliquis
3106 3939 3180 3991 ita
3215 3936 3551 4002 observavit,

1986 4036 2212 4091 veniunt
2242 4035 2458 4103 quidem
2510 4034 2596 4088 isti
2645 4040 2976 4103 peccatores,
3022 4038 3076 4084 et
3115 4028 3457 4098 requirentes
3497 4028 3550 4082 in

1985 4147 2049 4186 eo
2076 4145 2194 4200 qua:
2224 4145 2320 4184 sua
2365 4137 2514 4192 sunt,
2548 4137 2601 4183 et
2635 4143 2738 4181 non
2775 4115 3111 4180 invenientes
3146 4123 3427 4176 tentabunt
3469 4122 3556 4174 ui-

1987 4221 2280 4275 hilominns
2324 4219 2390 4273 ad
2439 4234 2588 4273 suam
2623 4225 2832 4288 partem
2881 4213 3148 4267 violenter
3199 4227 3320 4266 eum
3369 4214 3553 4266 detor-

1990 4329 2176 4380 quere,
2203 4312 2296 4367 sed
2329 4311 2588 4364 Dominus
2619 4308 2809 4378 eripiet
2842 4322 2964 4360 eum
3001 4322 3028 4356 a
3061 4303 3460 4374 peccatoribus.
3487 4303 3555 4358 Et

307 4391 575 4460 justorum
605 4397 746 4463 apud
784 4395 1085 4454 Dominum.
1119 4397 1237 4452 Non
1284 4397 1439 4464 dixit,
1484 4400 1539 4453 in
1569 4403 1708 4456 coelo
1737 4403 1883 4460 salus
1915 4390 1960 4446 D
1990 4403 2131 4457 forte
2187 4412 2472 4478 propterea
2515 4399 2773 4470 jubetnur
2819 4410 2941 4450 cum
2997 4393 3232 4462 quodam
3294 4393 3555 4463 mysterio

308 4481 600 4551 justorum,
629 4495 684 4540 et
720 4487 821 4542 hoc
849 4489 992 4542 enim
1036 4494 1304 4558 praeterit;
1339 4509 1444 4549 non
1472 4492 1612 4560 apud
1641 4494 1880 4564 aliquam

315 4587 642 4637 creaturam,
692 4578 817 4646 quia
863 4579 995 4633 nihil
1049 4581 1325 4638 immobile
1374 4586 1458 4640 vel
1508 4586 1876 4642 immutabile:

313 4665 408 4719 sed
441 4667 582 4735 apud
614 4666 898 4722 Dominum
931 4670 1076 4726 salus
1106 4683 1190 4727 est
1227 4674 1520 4743 justorum,
1545 4676 1634 4745 qui
1667 4693 1880 4747 semper

311 4767 516 4822 manet,
557 4774 772 4829 semper
821 4761 961 4815 idem
1007 4773 1112 4831 est,
1163 4780 1376 4834 semper
1433 4768 1726 4825 immobilis
1771 4779 1876 4838 est,

313 4863 415 4903 nec
443 4865 670 4920 usquam
704 4861 885 4921 potest
918 4869 1040 4908 esse
1075 4856 1242 4912 tutius
1268 4857 1412 4913 salus
1447 4860 1682 4915 hominis
1711 4877 1876 4931 quam

311 4941 453 5007 apud
493 4941 799 4999 Dominum.
833 4943 928 4998 llle
961 4944 1092 4999 mihi
1133 4945 1304 5014 locus,
1357 4950 1446 5005 ille
1494 4952 1627 5006 mihi
1661 4953 1873 5020 domus,

311 5031 401 5087 ille
439 5034 570 5088 mihi
605 5036 838 5104 mansio,
877 5036 967 5092 ille
999 5039 1232 5106 requies,
1266 5040 1352 5096 ille
1378 5041 1449 5096 sit
1479 5043 1872 5099 habitaculum.

309 5122 554 5196 Denique
586 5129 939 5184 annuntiatur
989 5131 1147 5186 nobis
1173 5147 1204 5187 a
1231 5143 1422 5190 sancta
1457 5133 1734 5205 Scriptura
1767 5152 1876 5191 non

304 5215 482 5270 solum
534 5231 756 5288 regnum
802 5220 1088 5285 caalorum,
1137 5224 1234 5278 sed
1288 5239 1514 5293 regnum
1567 5225 1683 5278 Dei.
1721 5225 1790 5280 Ut
1822 5235 1878 5282 et

303 5309 529 5364 memini
561 5325 645 5365 me
668 5310 781 5380 jam
809 5327 951 5384 saepe
989 5313 1216 5383 dixisse,
1255 5331 1482 5388 regnum
1506 5317 1764 5372 caelorum
1792 5328 1875 5376 est

373 5585 418 5616 ⁸⁸
437 5584 581 5640 Psal.
607 5602 792 5652 xxxvi,
814 5588 902 5641 37.
981 5587 1025 5620 ⁸⁸
1052 5587 1220 5644 lCor.
1253 5603 1340 5655 xv,
1367 5588 1456 5643 42.

307 5653 354 5685 ’⁸
382 5655 509 5710 ibid.
543 5657 634 5713 59.
709 5660 754 5693 ⁷⁸
778 5659 910 5717 ibid.
943 5659 1032 5717 59.

1532 5591 1576 5621 ⁷⁰
1609 5590 1737 5647 ibid.
1763 5592 1850 5644 53.

1109 5661 1156 5693 ⁷⁸
1183 5659 1338 5716 Joan.
1369 5675 1478 5729 xtv,
1512 5659 1600 5717 50.

1953 5594 1992 5624 '“
2022 5593 2208 5645 Matth.
2233 5605 2285 5650 ν,
2308 5590 2362 5645 9.

1677 5662 1720 5694 ⁷⁷
1747 5661 1932 5719 Matth.
1973 5680 2050 5730 vt,
2079 5663 2164 5717 15.

1989 4493 2227 4548 etiamin
2254 4491 2499 4545 oratione
2529 4484 3092 4559 petere,dicentes":
3129 4483 3231 4539 Sed
3262 4483 3425 4538 libera
3459 4501 3552 4538 nos

1989 4600 2022 4636 a
2063 4581 2222 4636 malo.
2257 4583 2360 4637 Sed
2394 4596 2608 4635 causam
2648 4595 2753 4649 qua
2788 4578 2982 4647 eripiat
3005 4577 3183 4646 justos
3215 4591 3343 4630 suos
3366 4577 3551 4630 Domi-

1986 4690 2088 4730 nus
2115 4673 2280 4745 679
2311 4688 2340 4726 a
2372 4671 2766 4744 peccatoribus,
2801 4670 2913 4724 sive
2971 4667 3023 4722 in
3065 4680 3301 4738 tempore
3334 4669 3548 4734 exitus,

1986 4768 2100 4822 sive
2151 4769 2203 4820 in
2259 4776 2499 4837 tempore
2537 4765 2751 4834 judicii,
2789 4781 2910 4820 cum
2969 4765 3086 4821 dies
3120 4764 3208 4818 ille
3250 4763 3548 4816 secundum

1986 4857 2312 4928 Prophetam
2343 4859 2687 4914 necessitatis
2720 4867 2774 4914 et
2831 4857 3115 4926 angustiae,
3148 4855 3264 4911 dies
3297 4857 3548 4912 obscuri-

1987 4953 2114 5007 tatis
2165 4960 2218 5006 et
2267 4951 2609 5022 perditionis,
2661 4950 2846 5018 judicii
2891 4949 3009 5004 dies
3059 4948 3370 5015 advenerit;
3425 4960 3552 5005 tunc

1986 5060 2117 5114 ergo
2171 5059 2387 5098 causam
2443 5058 2555 5114 qua
2601 5045 2740 5117 eripi
2794 5055 3103 5100 mereantur
3162 5043 3443 5114 subjungit
3496 5051 3553 5098 et

1983 5137 2116 5192 dicit
2159 5137 2225 5199 ⁷⁸,
2265 5137 2391 5205 quia
2420 5147 2756 5205 speraverant
2802 5137 2858 5192 in
2898 5154 3036 5191 eum.
3090 5137 3384 5206 Sperantes
3417 5151 3546 5206 ergo

1978 5231 2030 5284 in
2081 5243 2141 5285 se
2190 5229 2384 5296 eripiet
2438 5237 2493 5282 et
2548 5229 2615 5283 de
2669 5227 3019 5283 tribulatione
3079 5237 3136 5284 et
3194 5231 3259 5284 de
3303 5230 3550 5281 necessi-

1979 5331 2114 5376 tate.
2167 5319 2448 5386 Quomodo
2496 5329 2672 5374 autem
2729 5335 2950 5391 sperare
2994 5319 3210 5387 debeat,
3260 5319 3382 5374 volo
3447 5321 3542 5372 tibi

2437 5587 2808 5652 "Joan.xvn,
2829 5588 2916 5643 24.
2995 5584 3200 5642 "Psal.
3233 5600 3420 5649 xxxw,
3453 5583 3541 5637 58.

2241 5662 2285 5694 ⁷⁸
2319 5659 2458 5716 l’sal.
2489 5673 2672 5725 xxxvi,
2714 5657 2806 5716 40.
