3970 6160
429 159 567 215 1567

1819 157 1908 212 EX
1944 156 2241 214 ORIGENE

3579 154 3687 211 i368

432 275 501 328 de
527 271 829 342 Scripturis
860 267 1066 325 sanctis
1097 255 1403 324 ostendere.
1447 267 1603 323 Sicut
1632 284 1777 323 nemo
1822 280 1986 338 potest
2014 275 2059 332 Α
2090 284 2437 335 conversam,
2471 270 2671 339 etquia
2699 270 2859 325 aliam
2901 269 3135 326 nullam
3166 265 3427 322 omnino
3448 281 3589 333 spem
3616 285 3687 339 ge.

430 363 634 416 duobus
662 361 887 414 dominis
933 360 1126 413 servire
1152 360 1221 424 ⁷⁸,
1262 360 1332 412 ita
1377 373 1537 412 nemo
1572 368 1748 428 potest
1776 362 1828 413 in
1858 360 1989 415 duo-

426 457 528 511 bus
560 452 792 509 dominis
819 464 1059 519 sperare.
1086 448 1256 505 Nemo
1272 460 1451 519 potest
1474 451 1525 504 in
1548 450 1753 505 incerto
1777 451 1990 505 divitia-

426 561 545 599 rum
585 558 827 613 sperare,
866 549 921 595 et
949 542 1004 596 in
1054 542 1304 598 Domino.
1355 539 1525 596 Nemo
1560 551 1738 611 potest
1767 557 1989 610 sperare

427 634 483 687 in
509 631 867 702 principibus,
897 641 951 687 et
984 634 1035 685 in
1071 631 1200 686 Deo.
1238 630 1408 687 Nemo
1445 644 1620 703 potest
1668 648 1889 701 sperare
1930 636 1984 689 in

424 724 635 778 viribus
667 722 816 791 equi,
849 731 904 776 et
939 722 991 775 in
1015 735 1100 776 eo.
1135 722 1303 777 Nemo
1341 733 1523 790 potest
1553 740 1774 794 sperare
1811 727 1862 780 in
1891 741 1986 781 saa-

424 814 566 877 culo,
600 820 655 867 et
678 812 731 866 in
759 813 889 870 Deo.
940 812 1052 867 Nisi
1080 814 1224 867 enim
1275 814 1326 868 in
1361 815 1477 870 solo
1506 817 1613 871 Deo
1655 818 1982 887 speraveris,

423 917 478 965 et
502 908 675 963 videat
708 909 847 967 Deus
874 923 1021 978 spem
1048 919 1190 963 tuam
1220 909 1273 963 in
1303 910 1557 964 saculum
1579 919 1838 967 aeternum
1865 923 1983 966 esse

887 1084 1206 1142 PSALMUS
1262 1085 1527 1143 XXXVII.

494 1177 659 1233 Vens.
679 1178 733 1231 2.
751 1177 991 1239 Domine,
1021 1195 1084 1232 ne
1111 1180 1164 1231 in
1190 1177 1366 1247 furore
1387 1191 1476 1231 tuo
1496 1193 1691 1245 arguas
1713 1193 1813 1241 me,
1830 1194 1990 1248 neque

423 1270 480 1324 in
509 1273 594 1324 ira
619 1281 709 1324 tua
743 1270 1000 1337 corripias
1040 1286 1142 1334 me,
1180 1280 1287 1325 etc.
1321 1269 1421 1337 Qui
1463 1285 1572 1324 non
1604 1270 1754 1324 cedit
1802 1287 1987 1341 repre-

426 1363 673 1417 hensioni
725 1376 843 1431 qum
871 1362 1037 1417 verbo
1086 1361 1166 1426 lit,
1204 1361 1388 1415 furore
1443 1362 1531 1415 Dei
1592 1365 1984 1433 redarguetur;

2093 361 2170 415 ris
2197 359 2300 414 nisi
2328 360 2383 414 in
2417 361 2555 430 ipso,
2582 362 2672 430 qui
2705 361 2941 415 viviticat
2967 368 3291 423 mortuos,
3320 368 3383 412 et
3409 369 3567 412 vocat
3597 375 3689 425 qua:

2090 465 2196 504 non
2234 458 2361 504 sunt
2402 458 2663 519 tanquam
2690 466 2808 518 qua:
2854 460 3001 518 sunt,
3062 464 3197 504 non
3238 448 3470 520 poteris
3508 450 3629 519 eripi
3665 468 3687 503 a

2090 544 2485 612 peccatoribus.
2521 544 2679 600 Solus
2710 557 2795 601 est
2824 547 2966 602 enim
3003 549 3151 616 ipse
3199 544 3310 613 qui
3363 542 3552 597 salvos
3595 544 3692 597 iacit

2090 643 2372 703 sperantes
2398 634 2453 689 in
2509 650 2588 701 se,
2631 652 2728 707 per
2755 638 3037 695 Christum
3081 636 3424 692 Dominum
3456 643 3687 697 nostrum,

2091 727 2177 780 cui
2232 735 2318 782 est
2368 728 2537 800 gloria
2570 737 2625 784 et
2671 738 2911 799 potestas
2960 731 3017 784 in
3078 727 3317 784 saecula
3368 726 3689 782 saeclorum.

2088 816 2278 872 Amen.

2653 1086 2944 1140 ΨΑΛΜΟΣ
2965 1086 3098 1139 ΛΖ’.

2159 1178 2352 1245 Κύριε,
2386 1176 2472 1246 μὴ
2503 1176 2582 1242 τῷ
2619 1176 2782 1246 θυμῷ
2814 1192 2931 1231 σου
2966 1175 3273 1246 ἐλέγξῃς
3316 1192 3427 1245 με,
3462 1174 3616 1247 μηδέ
3636 1176 3692 1246 τῇ

2091 1266 2239 1338 ὀργῇ
2270 1283 2384 1323 σου
2408 1268 2737 1338 παιδεύσῃς
2757 1286 2855 1338 με,
2875 1286 2928 1322 κ.
2958 1285 3006 1321 τ.
3035 1270 3090 1322 ὲ.
3151 1266 3225 1321 Ὀ
3256 1268 3488 1337 ἐλέγχῳ
3511 1268 3616 1337 (40)
3635 1269 3695 1337 τῷ

2082 1358 2170 1413 διὰ
2192 1359 2350 1428 λόγου
2386 1360 2459 1431 μὴ
2487 1359 2670 1423 εἴκων,
2720 1358 2875 1431 θυμῷ
2905 1359 3041 1412 Θεοῦ
3095 1358 3570 1429 ἐλεγχθήσεται·
3621 1359 3691 1412 usi

425 1461 481 1505 et
505 1451 595 1521 qui
628 1466 730 1505 non
766 1452 1085 1507 submiserit
1122 1467 1181 1506 se
1216 1454 1347 1523 jugo
1399 1455 1750 1523 praeceptoris
1782 1456 1832 1507 in
1877 1455 1983 1509 Deo

2099 1451 2162 1523 si)
2186 1451 2290 1506 ὑπὸ
2312 1451 2473 1521 ζυγὸν
2502 1452 2843 1515 παιδεύοντος
2871 1452 2930 1505 ὲν
2957 1450 3079 1522 Θεῷ
3110 1451 3481 1504 διδασκάλου
3504 1450 3691 1520 γινόμε-

428 1545 776 1613 corrigentis,
811 1544 887 1598 ira
919 1545 1009 1598 Dei
1056 1545 1433 1613 castigabitur.
1468 1545 1767 1616 Castigatio
1806 1559 1986 1602 autem

430 1638 853 1705 reprehensione
890 1636 1167 1691 molestior
1197 1644 1298 1690 est.

499 1729 658 1785 Vens.
691 1727 744 1783 5.
778 1727 932 1784 Sicut
956 1745 1089 1783 onus
1112 1746 1268 1797 grave
1293 1740 1525 1798 gravata!
1548 1739 1670 1784 sunt
1705 1748 1861 1799 super
1885 1749 1984 1797 me,

426 1828 531 1874 etc.
568 1817 976 1886 Venite,omnes,
1010 1821 1182 1890 inquit
1222 1821 1470 1877 Christus
1493 1822 1564 1890 ⁸ο,
1599 1824 1690 1894 qui
1733 1824 1986 1878 laboratis

424 1922 470 1966 et
499 1915 703 1967 onerati
728 1915 873 1979 estis,
907 1925 953 1968 et
982 1931 1071 1984 ego
1095 1917 1324 1986 reﬁciam
1353 1931 1458 1971 vos.

494 2002 660 2061 Vsus.
693 2003 746 2058 7.
784 2004 947 2060 Miser
984 2007 1156 2075 factus
1181 2024 1317 2071 sum,
1342 2019 1388 2061 et
1412 2018 1658 2067 curvatus
1678 2024 1793 2062 sum
1827 2024 1986 2078 usque

424 2100 478 2152 in
501 2099 682 2167 ﬁnem,
715 2109 828 2154 tota
853 2101 938 2155 die
978 2103 1318 2157 contristatus
1349 2103 1702 2174 ingrediebar,
1739 2113 1843 2159 etc.
1877 2105 1989 2160 Hoc

425 2190 707 2243 dicemlu-n
734 2189 800 2247 iis
837 2190 928 2261 qui
967 2193 1188 2247 multum
1240 2192 1418 2248 rident
1475 2205 1530 2250 et
1572 2196 1794 2252 comicis
1842 2197 1987 2252 dele-

423 2286 657 2332 ctaulur.

497 2364 657 2421 Vens.
682 2365 772 2421 12.
802 2367 971 2421 Amici
998 2369 1098 2423 mei
1122 2379 1169 2422 et
1193 2371 1425 2437 proximi
1470 2373 1572 2425 mei
1600 2374 1873 2429 adversum
1907 2391 1987 2430 me

425 2457 971 2527 appropinquaverunt
990 2470 1038 2514 et
1062 2472 1250 2515 steteru
1260 2472 1336 2530 nl,
1356 2472 1405 2517 et
1426 2465 1515 2535 qui
1530 2465 1690 2534 juxta
1715 2483 1796 2519 me
1817 2478 1988 2531 erant,

425 2547 488 2598 de
522 2546 674 2617 longe
697 2557 971 2614 steterunt,
1000 2560 1106 2605 etc.
1134 2549 1298 2608 Forte
1335 2556 1565 2610 virtutes
1600 2559 1858 2625 quasdam
1910 2558 1988 2612 dio

427 2639 501 2692 cit
530 2649 752 2696 sanctas
779 2655 898 2710 quae
931 2643 984 2696 in
1019 2649 1262 2714 tempore
1291 2646 1606 2702 tentationis
1637 2648 1900 2704 recedunt
1930 2655 1990 2703 ut

426 2732 682 2799 probetur
718 2741 978 2800 tentatus,
1007 2735 1089 2788 vel
1132 2736 1414 2805 puniatur.

2086 1557 2194 1604 νος,
2225 1542 2360 1614 ὀργῇ
2396 1541 2531 1594 Θεοῦ
2578 1540 3021 1613 παιδευθήσεταιο
3070 1540 3332 1595 παιδεία
3384 1539 3448 1593 δὲ
3491 1540 3690 1610 ἐλέγχου

2088 1632 2390 1687 ὲπιπονὼτε
2398 1651 2506 1704 ρος.

2170 1722 2324 1777 Ὠσεὶ
2349 1721 2595 1792 φορτίον
2612 1721 2771 1789 βαρὺ
2802 1721 3253 1789 ἑϐαρύνθησαν
3281 1718 3387 1772 ἐπ’
3420 1717 3548 1787 ἐμὲ,
3581 1734 3625 1770 κ.
3647 1734 3685 1771 τ.

2087 1815 2134 1868 ἐ.
2169 1833 2187 1866 ι
2233 1813 2626 1877 Δεῦτενπάντες
2651 1813 2784 1884 (41),
2812 1813 2974 1884 φησὶν
3004 1813 3032 1864 ὁ
3064 1811 3359 1883 Χριστὸς,
3396 1813 3449 1863 oi
3478 1809 3685 1863 κοπιῶν-

2085 1922 2175 1969 τες
2199 1906 2292 1958 καὶ
2322 1904 2760 1975 πεφορτισμένοι,
2788 1901 2945 1973 κάγὼ
2965 1903 3298 1958 ἀναπαύσω
3323 1902 3499 1972 ὑμᾶς.
3538 1924 3558 1951 ι
3620 1974 3623 1977 ν

2169 1995 2653 2064 Ἐταλαιπὼρησα
2685 1997 2784 2050 καὶ
2826 1994 3281 2065 κατεκάμερθην
3310 1994 3433 2059 ἕως
3465 1993 3678 2057 τέλους,

2087 2084 2240 2154 ὅλην
2262 2085 2378 2155 τὴν
2401 2085 2629 2155 ἡμέραν
2654 2083 3088 2154 σκυθρωπάζων
3113 2085 3546 2153 ἐπορευόμην,
3567 2100 3614 2137 κ.
3635 2099 3672 2136 τ,

2089 2180 2135 2231 ἐ.
2171 2180 2401 2233 Λεκτέον
2431 2179 2588 2233 τοῦτο
2612 2178 2721 2249 (42)
2736 2179 2872 2249 πρὸς
2893 2179 3020 2243 τοὺς
3045 2178 3353 2247 γελῶντας
3386 2178 3572 2239 πολλὰ,
3596 2179 3672 2229 καὶ

2086 2272 2452 2345 τερπομένους
2479 2272 2571 2324 ἐπὶ
2597 2269 2838 2340 γελῴοις.

2152 2367 2215 2417 Ol
2245 2364 2409 2432 φίλοι
2435 2382 2553 2433 μου
2582 2364 2681 2418 καὶ
2714 2368 2764 2419 οἱ
2810 2366 3081 2433 πλησίον
3112 2383 3244 2434 μου
3291 2363 3369 2429 ἐξ
3414 2364 3665 2429 ἐναντίας

2083 2469 2201 2522 μου
2251 2451 2508 2523 ἤγγισαν
2539 2453 2638 2507 καὶ
2682 2454 2980 2524 ἔστησαν,
3026 2456 3127 2508 καὶ
3184 2458 3247 2509 οἱ
3297 2454 3662 2525 emerui/rev

2083 2545 2382 2613 μακρόθεν
2410 2544 2707 2614 ἔστησαν,
2743 2563 2796 2599 κ.
2850 2565 2901 2600 τ.
2937 2549 2983 2600 ὲ.
3018 2549 3177 2618 Τάχα
3221 2548 3492 2619 δυνάμεις
3534 2548 3658 2609 τινὰς

2091 2635 2204 2706 (45)
2227 2635 2375 2704 λέγει
2424 2635 2583 2704 ἁγίας
2634 2637 3023 2709 ὑποχωρούσας
3060 2641 3117 2692 ὲν
3155 2638 3353 2712 καιρῷ
3382 2638 3656 2709 πειρασμοῦ

2092 2727 2227 2796 πρὸς
2268 2726 2494 2797 δοκιμὴν
2538 2726 2631 2780 τοῦ
2679 2728 3095 2800 πειραζομένου,
3154 2732 3191 2803 ἢ
3252 2732 3398 2803 πρὸς
3444 2730 3649 2783 κόλασιν.

499 2820 658 2875 Vens.
709 2821 790 2876 l5.
828 2820 896 2876 Et
937 2823 1033 2893 qui
1075 2825 1411 2895 inquirebant
1456 2828 1599 2883 mala
1647 2830 1774 2884 mihi
1823 2830 1983 2884 locuti

2156 2814 2265 2868 Kal
2315 2818 2369 2868 οἱ
2419 2813 2731 2884 ζὴτοῦντες
2766 2818 2839 2872 τὰ
2878 2819 3031 2873 κακὰ
3074 2837 3181 2890 μοι
3220 2821 3544 2889 ἐλάλησαν
3564 2835 3651 2888 μα-

425 2922 546 2964 sunt
570 2912 850 2981 vanitates,
872 2927 918 2968 et
941 2915 1089 2969 dolos
1113 2926 1222 2971 tota
1251 2917 1337 2971 die
1371 2919 1784 2976 meditabantur.
1826 2922 1990 2976 Vide-

425 3004 587 3054 batur
611 3002 743 3056 mihi
771 3002 979 3058 vanitas
1003 3017 1123 3060 esse
1151 3004 1315 3059 etiam
1346 3005 1436 3060 illa
1467 3008 1749 3062 verborum
1789 3010 1838 3063 in
1871 3026 1992 3079 spe—

428 3089 566 3144 ciem
601 3093 1150 3150 demonstrativorum
1184 3096 1268 3151 vis
1312 3099 1605 3167 sophistica
1632 3115 1737 3169 qua
1782 3117 1866 3155 me
1899 3118 1992 3155 ca-

428 3194 557 3247 pere
590 3181 884 3249 sperabant
918 3182 970 3236 hi
1005 3183 1096 3252 qui
1142 3188 1457 3252 quaerebant
1496 3188 1734 3242 animam
1796 3207 1988 3246 meam.

430 3270 591 3324 Itolos
625 3280 734 3325 tota
767 3272 854 3327 die
898 3274 1222 3332 meditantes
1248 3277 1629 3349 loquebantur,
1664 3282 1857 3351 inquit,
1893 3285 1990 3338 ad-

426 3379 642 3419 versum
684 3379 791 3428 me,
847 3366 1075 3445 insidias
1109 3368 1241 3424 mihi
1294 3380 1594 3429 struentes.
1657 3374 1790 3428 Dum
1840 3377 1984 3429 enim

429 3458 605 3529 angeli
629 3448 971 3525 deserebaut,
993 3461 1368 3518 vehementius
1400 3465 1671 3522 damiones
1695 3467 1989 3522 instabant.

507 3634 670 3692 Vens.
707 3638 794 3694 14.
829 3636 941 3709 Ego
974 3651 1146 3695 autem
1174 3654 1420 3715 tanquam
1454 3662 1648 3700 suraus
1680 3664 1779 3701 non
1806 3650 1993 3703 audie-

429 3730 570 3796 bam,
602 3742 648 3784 et
680 3743 814 3787 sicut
839 3743 1013 3791 mutus
1040 3751 1141 3788 non
1157 3739 1393 3804 aperiens
1412 3752 1468 3790 os
1491 3753 1667 3802 suum,
1694 3749 1800 3793 etc.
1838 3738 1995 3793 Reci-

430 3824 613 3893 piebat
656 3827 878 3894 quidem
929 3828 1377 3883 ratiocinationes
1422 3832 1707 3896 tentantis,
1761 3840 1819 3886 at
1873 3832 1994 3888 illas

429 3932 534 3970 non
561 3915 835 3981 audiebat,
872 3933 973 3974 nec
999 3917 1153 3986 juxta
1200 3919 1319 3975 illas
1351 3920 1704 3990 operabatur.
1748 3922 1993 3981 Surditas

428 4025 511 4065 est
543 4009 937 4079 impatibilitas,
970 4023 1189 4080 propter
1217 4029 1378 4082 quam
1415 4030 1517 4068 non
1550 4016 1826 4072 audiebat.

497 4099 662 4155 Vens.
708 4101 796 4154 i7.
846 4101 985 4166 Quia
1020 4103 1133 4156 dixi
1178 4116 1193 4155 :
1234 4101 1527 4174 Ncquando
1576 4109 1993 4177 supergaudeant

2092 2908 2426 2974 ταιότητας,
2452 2908 2548 2961 καὶ
2582 2907 2930 2978 δολιότητας
2956 2910 3109 2979 ὅλην
3132 2913 3261 2981 τὴν
3300 2912 3526 2983 ἡμέραν
3549 2911 3648 2978 ἐμε-

2092 2997 2377 3067 λέτησαν,
2424 3018 2478 3054 κ.
2526 3018 2577 3053 τ.
2615 3002 2661 3055 ὲ.
2712 3002 2913 3056 Ἐδόκει
2958 3003 3014 3057 δέ
3055 3021 3145 3074 μοι
3201 3004 3325 3075 (44)
3384 3002 3647 3074 paratast;

2093 3092 2187 3145 καὶ
2217 3093 2250 3161 ή
2297 3091 2403 3145 τῶν
2436 3093 2826 3148 ἀποδεικτικῶν
2853 3091 2991 3148 εἶναι
3025 3095 3336 3150 δοκούντων
3373 3095 3535 3163 λόγων
3573 3093 3641 3162 βία

2094 3185 2377 3257 σοφιστικὴ
2406 3187 2726 3258 φαινομένη,
2759 3186 2824 3240 δι’
2849 3184 2917 3260 ἧς
2951 3188 3091 3242 ἑλεῖν
3124 3206 3192 3259 με
3238 3187 3583 3259 προσεδόκουν
3604 3185 3640 3236 οἱ

2092 3272 2189 3344 τὴν
2216 3274 2354 3344 ἐμὴν
2377 3273 2663 3343 ζητοῦντες
2694 3273 2890 3346 ψυχήν.
2925 3276 3218 3346 Δολιότητα.
3251 3278 3322 3331 δι’
3355 3276 3471 3330 ὅλου
3508 3272 3635 3344 μελε·

2091 3365 2290 3430 τῶντες
2315 3365 2407 3419 τοῦ
2449 3366 2563 3437 βίου
2615 3366 2854 3432 ἐλάλουν,
2882 3370 3036 3441 φησὶ,
3067 3370 3205 3441 πρὸς
3238 3370 3332 3441 μὲ,
3385 3366 3636 3433 ἐπιϐουλὴν

2097 3473 2185 3526 μοι
2215 3457 2586 3523 σκευάζοντες.
2618 3457 2737 3510 Τῶν
2771 3457 2878 3530 γὰρ
2919 3459 3163 3527 ἀγγέλων
3188 3461 3501 3523 λειπόντων,
3530 3473 3630 3524 σφο-

2093 3547 2343 3622 δρότερον
2376 3551 2424 3602 οἱ
2453 3550 2705 3619 δαίμονες
2737 3550 3064 3605 ἐπετίθεντο.

2177 3639 2316 3710 Ἐγὼ
2361 3640 2429 3694 δὲ
2472 3641 2615 3694 ὡσεὶ
2679 3641 2875 3710 κωφὸς
2928 3645 3038 3697 οὐκ
3075 3644 3331 3713 ἤκουον,
3379 3643 3468 3697 καὶ
3509 3639 3624 3693 ὡσεὶ

2094 3731 2322 3797 ἀλαλος
2376 3734 2488 3786 οὐκ
2540 3734 2794 3804 ἀνοίγων
2845 3734 2908 3787 τὸ
2964 3736 3158 3804 στόμα
3185 3736 3398 3798 αὑτοῦ,
3428 3753 3477 3787 κ.
3511 3749 3554 3784 τ.
3586 3731 3622 3779 ὲ.

2109 3823 2349 3894 Ἐδέχετο
2390 3823 2487 3893 μὲν
2531 3824 2640 3894 (45)
2684 3826 2808 3887 τοὺς
2840 3824 3133 3896 λογισμοὺς
3162 3827 3258 3880 τοῦ
3294 3823 3619 3898 πειράζοντος,

2095 3916 2196 3969 οὐκ
2226 3916 2388 3988 ἤκουε
2414 3915 2470 3968 δὲ
2505 3915 2701 3980 αὐτῶν,
2738 3918 2811 3988 μὴ
2858 3918 3093 3987 ἐνεργῶν
3126 3920 3244 3971 κατ’
3276 3916 3481 3978 αὐτούς.
3523 3915 3621 3966 Κω-

2092 4008 2259 4078 φότης
2280 4005 2336 4058 δέ
2358 4006 2506 4059 ἐστιν
2529 4008 2561 4076 ἡ
2583 4004 2839 4069 ἀπάθεια,
2865 4006 2931 4059 δι’
2954 4008 3019 4078 ἣν
3049 4007 3149 4060 οὐκ
3169 4008 3366 4080 ἤκουεν
3386 4001 3558 4058 αὐτῶν.

2163 4098 2293 4149 Ὅτι
2337 4093 2527 4159 εἶπον,
2563 4095 2805 4161 Μήποτε
2852 4095 3182 4165 ἐπιχαρῶσί
3215 4115 3319 4167 μοι
3363 4098 3414 4149 οἱ
3451 4087 3612 4161 ἐχθροί

427 4193 555 4246 mihi
602 4190 805 4246 inimici
836 4193 958 4257 mei,
992 4202 1096 4246 etc.
1150 4191 1324 4263 Super
1371 4196 1437 4251 iis
1468 4197 1563 4266 qui
1618 4200 1990 4267 pmnitcntiam

2099 4206 2227 4256 μου,
2264 4206 2315 4241 κ.
2354 4205 2404 4241 τ.
2454 4189 2499 4239 ὲ.
2531 4187 2655 4240 Ἐπὶ
2687 4188 2784 4258 μὲν
2831 4191 2941 4251 τοῖς
2976 4189 3323 4258 μετανοοῦσιν
3356 4189 3402 4241 οξ
3433 4182 3609 4252 ἄγγελοι

429 4291 615 4350 agunt,
643 4282 878 4353 gaudent
912 4283 1129 4352 angeli;
1169 4298 1330 4352 super
1356 4285 1461 4341 illis
1498 4288 1587 4344 aui
1639 4303 1989 4347 commoven-

430 4382 538 4436 tur,
562 4373 854 4427 daemones.

493 4464 659 4536 680
702 4462 866 4518 Vsus.
895 4462 984 4517 20.
1017 4461 1230 4516 Inimici
1279 4473 1451 4517 autem
1501 4469 1602 4521 mei
1647 4475 1840 4542 vivunt,
1882 4485 1985 4531 etc.

426 4553 541 4608 Non
583 4555 721 4608 hanc
748 4556 916 4608 vitam
939 4569 1060 4623 quae
1084 4554 1214 4609 dicit
1238 4556 1283 4589 ⁸¹
1310 4572 1323 4608 :
1363 4556 1472 4626 Ego
1501 4576 1617 4613 sum
1650 4564 1775 4619 vita.

497 4645 660 4699 Vens.
686 4644 776 4698 21.
810 4643 916 4710 Qui
945 4646 1230 4698 retribuunt
1271 4646 1413 4699 mala
1450 4665 1545 4715 pro
1570 4650 1715 4705 bonis
1749 4654 1989 4708 detrahe-

426 4736 547 4790 bant
595 4737 743 4804 mihi,
785 4746 894 4790 etc.
952 4735 1341 4791 Retribuebant
1370 4739 1506 4791 mala
1541 4755 1641 4807 pro
1698 4741 1850 4798 bonis
1884 4761 1990 4800 non

425 4841 551 4897 erga
585 4841 643 4880 se
676 4825 861 4893 factis,
891 4829 985 4883 sed
1017 4827 1337 4897 simpliciter
1367 4827 1527 4887 iactis
1567 4844 1790 4903 propter
1820 4834 1998 4891 Domi-

423 4933 493 4971 ῐὶυ
500 4933 550 4971 ιιι
559 4957 574 4971 .

498 5009 661 5063 Vens.
693 5008 782 5063 22.
816 5007 899 5062 Ne
927 5012 1263 5083 derelinquas
1281 5027 1380 5074 me,
1415 5010 1635 5067 Domine
1662 5012 1800 5068 Deus
1827 5031 1992 5081 meus,

422 5118 484 5155 ne
514 5101 815 5154 discesseris
852 5119 884 5154 a
920 5117 1021 5169 me,
1047 5111 1151 5157 etc.
1198 5100 1495 5157 Pulchrum
1528 5103 1794 5158 orationis
1829 5120 1989 5159 exor-

2094 4281 2393 4352 χαίρουσιν,
2426 4279 2518 4332 ἐπὶ
2548 4279 2605 4332 δὲ
2630 4282 2742 4343 τοῖς
2771 4280 3141 4345 σαλευομένοις
3167 4284 3218 4335 οἱ
3244 4283 3499 4352 δαίμονες.

2172 4463 2235 4514 Οἱ
2266 4458 2334 4513 δὲ
2366 4459 2568 4529 ἐχθροί
2612 4477 2730 4527 μου
2762 4458 2919 4523 ζῶσι,
2954 4476 3006 4511 κ.
3044 4476 3092 4512 τ.
3129 4461 3176 4511 ὲ.
3210 4461 3286 4512 Οὐ
3326 4457 3508 4527 ταύτην
3534 4451 3604 4519 τὴν

2096 4551 2242 4623 ζωὴν
2273 4553 2370 4622 τὴν
2397 4549 2656 4604 εἰποῦσαν
2676 4568 2689 4581 ·
2727 4569 2745 4602 ι
2797 4548 2937 4620 Ἐγώ
2972 4552 3085 4621 εἰμι
3115 4552 3147 4621 ἡ
3179 4551 3314 4622 ζωή.
3355 4570 3371 4601 ι

2170 4647 2233 4698 Οὶ
2268 4642 2766 4710 ἀνταποδιδόντες
2801 4642 2954 4696 κακὰ
2976 4643 3108 4697 ἀντὶ
3141 4642 3373 4712 ἀγαθῶν
3394 4635 3602 4694 aeaea-

2095 4737 2210 4791 λόν
2237 4753 2333 4805 με,
2368 4753 2421 4788 κ.
2456 4752 2507 4788 τ.
2543 4737 2591 4788 ὲ.
2632 4733 3076 4788 Ἀνταπεδίδοσαν
3102 4734 3246 4787 κακὰ
3269 4735 3383 4788 ἀντὶ
3412 4726 3596 4798 ἀγαθῶν,

2097 4830 2157 4882 οὑ
2186 4827 2292 4880 τῶν
2327 4829 2405 4890 εἰς
2436 4827 2676 4889 ἐκείνους
2708 4825 3036 4896 γενομένων,
3070 4825 3203 4881 ἀλλὰ
3232 4826 3339 4881 τῶν
3364 4822 3516 4883 ἁπλῶς
3537 4834 3597 4883 Τισ

2096 4921 2333 4992 νομένων
2361 4919 2447 4973 διὰ
2468 4919 2557 4972 τὸν
2583 4918 2806 4991 Κύριον.

2298 5013 2702 5083 ἐγκαταλίπῃς
2743 5029 2842 5081 με,
2888 5012 3063 5080 Κύριε
3107 5013 3139 5065 ό
3193 5012 3335 5078 θεός
3379 5024 3496 5079 μου,
3533 4995 3593 5067 μὴ

2097 5104 2371 5174 ἀποστῇς
2398 5106 2498 5160 ἀπ’
2529 5106 2696 5177 ἐμοῦ,
2728 5123 2783 5160 κ.
2815 5123 2868 5160 τ.
2896 5107 2942 5161 ὲ.
2966 5105 3141 5162 Καλὸν
3174 5105 3438 5177 προοίμιον
3466 5105 3590 5165 προσ’

527 5221 782 5278 "Matth.
826 5239 899 5289 vt,
933 5222 1025 5280 24.
1103 5223 1149 5257 ⁸ο
1166 5224 1357 5280 Matth.
1388 5239 1464 5291 ιι,
1496 5222 1587 5279 28.
1662 5225 1705 5257 ⁸⁸
1741 5224 1897 5281 Joan.
1928 5242 2037 5292 xiv,
2074 5228 2129 5286 6.

498 5354 610 5429 (40)
652 5356 982 5429 Ὁνὲλέγχῳ,
1004 5370 1112 5416 etc.
1137 5361 1337 5418 Catena
1368 5363 1632 5420 Corderii.

498 5425 607 5497 (ii)
634 5428 829 5489 Δεῦτε,
847 5425 1090 5497 πάντες,
1114 5443 1220 5487 etc.
1248 5432 1432 5488 Codex
1457 5433 1841 5495 Coislinianus.

497 5495 607 5569 (42)
633 5499 890 5569 Λεκτέον
910 5495 1111 5569 τοῦτο,
1137 5514 1245 5558 etc.
1286 5504 1451 5558 Idem.

497 5566 608 5639 (45)
644 5568 799 5638 Τάχα
822 5566 1105 5639 δυνάμεις
1129 5573 1317 5642 τινάς,
1338 5586 1443 5633 etc.
1476 5574 1638 5633 Idem.

1314 5777 1321 5783 ‘
1383 5784 1412 5799 -ι

2188 5368 2279 5435 44)
2324 5369 2548 5424 Ἐδόκει
2591 5369 2660 5425 δέ
2686 5387 2807 5435 μοι,
2837 5377 2944 5424 etc.
2989 5366 3188 5422 Catena
3217 5358 3459 5421 Corderii-
3564 5413 3593 5435 Α,

2188 5369 2257 5423 44
2324 5369 2548 5424 Ἐδόκει
2591 5369 2660 5425 δέ
2767 5387 2807 5435 ι,
2837 5377 2944 5424 etc.
2989 5368 3188 5422 Catena
3217 5368 3459 5421 Corderii-
3587 5413 3593 5423 .

2165 5368 2283 5510 $45;
2324 5440 2596 5511 Ἐδέχετο
2622 5388 2762 5510 ιιρῗ
2788 5448 2895 5494 etc.
2921 5438 3105 5494 Codex
3134 5435 3494 5511 _Co_i_slinia_ntt5._
3535 5429 3595 5486 ψη

2096 5520 2150 5567 ει
2175 5499 2563 5580 έεάυθηιὶεἶὶη
2599 5499 3038 5582 ιῖυιιοίιειιιιιιυιιι
3066 5506 3278 5564 scholia
3318 5499 3512 5559 exhibet.
