3970 6160
174 248 330 304 1569
870 248 1179 308 SELECTA
1215 253 1286 307 IN
1324 252 1660 310 PSALMOS.
1701 284 1771 292 —
1803 252 2036 309 IIOMIL.
2078 252 2098 306 1
2136 253 2204 307 IN
2239 251 2431 308 PSAL.
2469 249 2708 304 XXXVII
3291 251 3426 305 {570

172 368 361 438 ευχῆς
387 369 469 434 τὸ,
503 389 521 420 ι
548 371 638 440 Μὴ
677 373 1052 446 ὲγκαταλίπῃς
1101 392 1188 446 με,
1224 373 1393 446 Κύριε
1431 377 1459 427 ὁ
1483 375 1614 438 Θεός
1638 392 1759 445 μου,

1866 375 2010 429 dium
2039 384 2121 426 est
2153 372 2330 424 illud:
2372 369 2450 423 Ne
2495 369 2825 438 derelinquas
2871 384 2970 433 me,
3023 367 3242 422 Domine
3290 369 3426 423 Deus

135 488 139 490 -
177 458 266 528 μὴ
301 461 544 531 ἀποστῇς
573 461 666 514 ἀπ’
684 463 848 533 ὲμοῦι
874 465 1105 536 πρόσεχε
1137 468 1215 529 εἰς
1240 467 1338 536 τὴν
1363 465 1609 538 βοήθειάν
1633 483 1755 536 μου,

1866 483 2032 528 meus,
2066 481 2128 516 ne
2173 463 2474 515 discesseris
2513 477 2544 512 a
2591 477 2706 526 me;
2758 461 2967 512 intende
3009 460 3065 512 in
3105 460 3427 528 adjutorium

128 590 134 597 .
172 547 363 618 Κύριε
412 549 512 618 τῆς
555 553 826 623 σωτηρίας
859 571 960 624 μου
982 572 998 587 ο
1041 575 1060 607 ι
1093 556 1204 628 ἔχει
1229 556 1338 627 γὰρ
1371 559 1428 610 ὲν
1466 555 1640 626 ἑαυτῷ
1665 558 1758 609 καὶ

1866 576 2057 624 meum,
2089 558 2309 611 Domine
2341 556 2478 608 Deus
2503 553 2692 608 salutis
2725 570 2853 608 mea:
2877 571 2895 609 :
2919 553 3083 609 habet
3103 554 3247 608 enim
3279 554 3332 608 in
3369 569 3427 609 se

169 638 285 710 τὴν
315 640 476 708 ἁγίαν
507 642 732 712 Τριάδα.

1866 648 2027 703 etiam
2065 660 2310 701 sanctam
2340 646 2688 701 Trinitatem.

1099 933 1674 1027 ORIGENIS
1751 938 2522 1034 EXPLANATIO

350 1130 551 1209 Super
593 1129 909 1210 psalmum
955 1129 1354 1192 tricesimum
1403 1130 1775 1210 septimum,
1823 1131 1938 1211 qui
1985 1130 2226 1196 dicitur
2271 1152 2285 1190 :
2332 1135 2613 1210 Domine,
2662 1156 2737 1197 ne
2763 1138 2831 1199 in
2862 1137 3100 1215 furore,
3147 1141 3264 1198 etc.

653 1522 658 1526 .
696 1481 973 1536 llOMlLIA
1025 1481 1257 1538 PRIMA.
1786 1497 1830 1552 Β
1859 1491 1989 1561 quid
2018 1491 2128 1545 tale
2159 1491 2304 1545 ultra
2339 1491 2652 1546 committat
2689 1507 2703 1543 :
2737 1501 2791 1544 et
2825 1499 3108 1559 propterea
3166 1499 3296 1560 puto
3337 1506 3430 1543 su-

260 1576 546 1631 I.Creator
560 1576 918 1630 humanorum
935 1591 1218 1645 corporum
1236 1577 1376 1633 Deus
1399 1579 1602 1634 sciebat
1617 1583 1758 1650 quod

180 1667 318 1723 talis
350 1676 496 1723 esset
519 1666 784 1736 fragilitas
806 1667 1027 1720 humani
1069 1669 1334 1737 corporis,
1365 1686 1485 1740 qua:
1524 1671 1759 1742 languo-

180 1776 280 1815 res
310 1761 557 1814 diversos
591 1771 774 1828 posset
802 1759 1062 1828 recipere,
1093 1767 1148 1814 et
1176 1761 1488 1818 vulneribus
1530 1764 1761 1834 aliisque

179 1851 567 1906 debilitatibus
590 1858 737 1904 esset
767 1850 1003 1905 obnoxia
1039 1867 1055 1906 :
1087 1860 1142 1906 et
1195 1853 1317 1908 ideo
1345 1856 1590 1910 venturis
1633 1872 1757 1926 pas-

181 1943 444 1998 siouibus
469 1943 786 2012 providens,
811 1945 975 1998 etiam
1011 1945 1410 2000 medicamenta
1454 1951 1761 2017 procreavit

180 2051 255 2088 ex
295 2045 463 2101 terra,
489 2043 544 2088 et
596 2034 884 2089 medicina:
929 2034 1153 2089 tradidit
1201 2037 1564 2107 disciplinam,
1608 2047 1667 2092 ut
1714 2040 1759 2093 si

182 2126 469 2180 accideret
513 2127 779 2196 aegritudo
826 2127 1064 2195 corpori,
1115 2143 1220 2182 non
1270 2129 1484 2184 deesset
1529 2129 1757 2184 medela.

181 2219 308 2286 Quo
348 2218 507 2273 nobis
538 2218 712 2272 tendit
745 2218 845 2272 ista
895 2218 1188 2286 prafatio?
1227 2219 1306 2274 Ad
1358 2221 1596 2274 animam
1643 2221 1760 2275 sine

183 2310 356 2364 dubio
394 2319 689 2364 revocatur
728 2309 1018 2378 :quoniam
1053 2320 1108 2364 et
1138 2311 1307 2379 ipsam
1357 2325 1478 2366 cum
1532 2309 1762 2365 Creator

183 2402 435 2457 omnium
461 2402 817 2464 condidisset,
857 2402 1064 2456 sciebat
1093 2403 1232 2470 quod
1273 2402 1454 2456 futura
1499 2411 1641 2457 esset
1676 2403 1761 2456 vi-

187 2495 389 2547 tiorum
422 2508 616 2561 capax,
651 2502 708 2546 et
735 2495 804 2547 ob
850 2493 952 2547 hoc
1003 2494 1216 2548 subdita
1267 2502 1429 2563 atque
1466 2492 1758 2548 obouerata

187 2586 446 2654 peccatis.
476 2585 543 2638 Et
573 2587 692 2641 ideo
717 2585 860 2641 sicut
888 2586 1105 2654 corpori
1137 2586 1527 2640 medicamenta
1553 2601 1763 2654 prazpa-

191 2676 336 2729 ravit
372 2690 439 2731 ex
479 2676 664 2731 herbis
694 2685 811 2731 arte
859 2676 1256 2745 disciplinaque
1312 2677 1646 2746 compositis,
1685 2676 1761 2729 ita

192 2769 359 2822 etiam
391 2769 585 2822 anima:
620 2769 1011 2823 medicamenta
1048 2767 1379 2836 praeparavit
1422 2768 1475 2822 in
1522 2768 1606 2821 his
1640 2782 1756 2821 ser-

1862 1581 2220 1650 perscriptum
2255 1595 2373 1635 esse
2399 1581 2570 1650 ipsum
2596 1579 2858 1648 psalmum
2893 1581 2961 1645 ⁸³,
2994 1577 3236 1633 l’salmus
3263 1579 3429 1633 David

1860 1677 1915 1726 in
1958 1673 2398 1727 recordationem.
2419 1670 2555 1737 Quid
2579 1672 2650 1726 sit
2680 1680 2860 1726 autem
2893 1672 2949 1725 in
2983 1674 3425 1738 recordationem,

1863 1780 1959 1833 per
1998 1773 2169 1818 totum
2203 1762 2376 1833 ipsius
2404 1761 2598 1832 psalmi
2628 1776 2828 1831 corpus
2861 1772 3105 1817 enarrat.
3142 1761 3430 1816 Videamus

1864 1869 1991 1924 ergo
2039 1869 2138 1910 nos
2191 1868 2380 1910 omnes
2436 1863 2778 1924 peceatores,
2807 1854 2851 1909 si
2903 1855 2955 1908 in
3004 1855 3190 1925 aliquo
3234 1853 3431 1908 delicto

1862 1945 2133 2002 fuerimus
2173 1945 2405 2010 inventi,
2434 1946 2524 2001 vel
2556 1947 2687 2016 quid
2714 1947 2920 2014 dicere,
2954 1947 3038 2001 vel
3079 1947 3209 2017 quid
3253 1945 3433 2000 facere

1863 2039 2179 2102 debeamus,
2205 2046 2266 2090 ut
2299 2053 2420 2091 eum
2451 2036 2568 2092 haec
2596 2037 2649 2090 in
2678 2035 2958 2108 Scriptura
2990 2053 3142 2093 sacra
3175 2038 3439 2093 didiceri-

1865 2146 2006 2197 mus,
2037 2130 2204 2185 etiam
2229 2130 2497 2184 medelam
2526 2130 2767 2184 vulneris
2809 2129 2981 2184 nostri
3023 2129 3280 2199 consequi
3317 2143 3429 2182 me-

1868 2235 2106 2275 reamur.
2137 2220 2346 2275 Bonum
2377 2222 2595 2290 quidem
2632 2232 2752 2276 erat
2781 2237 2993 2290 semper
3014 2237 3231 2290 corpus,
3269 2231 3325 2275 ut
3358 2221 3429 2274 ita

1866 2314 2119 2381 dixerim,
2151 2315 2346 2368 animae
2372 2324 2572 2369 nostrae
2605 2315 2657 2368 in
2688 2314 2920 2368 sanitate
2946 2314 3236 2378 durare,et
3269 2315 3434 2368 armis

1867 2407 1960 2461 Dei
1993 2406 2387 2460 circumdatum
2427 2407 2494 2461 ab
2546 2406 2800 2460 omnibus
2826 2405 2948 2460 telis
2988 2406 3171 2475 ignitis
3222 2406 3431 2460 diaboli

1865 2498 2086 2566 maligni
2114 2497 2509 2553 invulnerabile
2536 2511 2877 2569 permanere,
2903 2497 3103 2551 nullius
3132 2498 3430 2567 languoris,

1867 2589 2067 2644 nullius
2127 2589 2467 2659 aegritudinis
2521 2588 2822 2658 quidquam
2871 2589 3128 2656 experiri,
3191 2587 3434 2656 nihilque

1867 2679 2178 2733 interiorem
2205 2688 2447 2733 nostrum
2477 2679 2749 2732 hominem
2779 2679 2895 2732 vitii
2938 2678 3219 2747 morbique
3260 2678 3434 2732 susci-

1867 2785 2019 2841 pere.
2049 2771 2200 2835 Quod
2250 2770 2300 2826 si
2349 2786 2449 2842 per
2499 2771 2889 2841 negligentiam
2928 2770 3010 2825 sui
3060 2779 3223 2839 atque
3268 2770 3432 2824 animi

195 2859 446 2914 monibus
496 2873 634 2927 quos
691 2874 790 2929 per
837 2859 1052 2912 divinas
1113 2857 1421 2928 Scripturas
1473 2860 1758 2913 seminavit
1787 2859 1833 2920 C
1865 2863 2127 2918 desidiam
2161 2864 2454 2918 incurrerit
2483 2865 2534 2917 in
2578 2873 2887 2933 peccatum,
2931 2862 3060 2930 quid
3102 2863 3274 2931 ipsum
3305 2877 3436 2915 con-

193 2961 358 3019 atque
379 2951 632 3020 dispersit
664 2968 680 3004 :
709 2958 768 3004 ut
793 2950 846 3005 hi
886 2950 976 3018 qui
1007 2950 1188 3020 aliqua
1213 2952 1535 3022 aegritudine
1557 2950 1755 3006 fuerint

194 3044 463 3113 oppressi,
492 3044 671 3097 statim
704 3050 762 3096 ut
790 3043 896 3096 vim
937 3043 1111 3096 morbi
1150 3045 1418 3098 senserint
1465 3050 1626 3113 atque
1658 3043 1759 3097 ali-

195 3136 348 3201 cujus
380 3135 620 3189 vulneris
648 3134 928 3188 stimulum
963 3133 1315 3204 doloremque
1362 3136 1757 3204 perspexerint,

195 3227 248 3281 id
283 3235 386 3293 est,
423 3242 545 3280 cum
583 3227 816 3281 viderint
847 3225 1086 3280 animam
1127 3225 1332 3295 aliquid
1370 3235 1573 3296 praeter
1598 3236 1759 3280 natu-

197 3334 309 3372 ram
342 3328 641 3388 gerentem,
693 3319 977 3388 requirant
1009 3330 1189 3386 aptam
1241 3328 1294 3373 et
1343 3319 1756 3373 convenientem

195 3413 297 3467 sibi
335 3413 713 3468 rationabilem
756 3411 1122 3482 disciplinam,
1159 3426 1279 3481 quae
1312 3411 1393 3466 eis
1433 3426 1499 3464 ex
1551 3426 1758 3480 praece-

196 3503 301 3572 ptis
333 3502 428 3557 Dei
470 3504 642 3571 possit
685 3505 888 3558 mederi
919 3519 934 3556 :
967 3517 1091 3556 nam
1124 3503 1347 3558 tradidit
1388 3511 1442 3556 et
1475 3503 1758 3558 medicinae

199 3593 331 3647 artis
373 3592 724 3657 industriam,
753 3593 910 3662 cujus
937 3592 1244 3647 archiatros
1277 3601 1358 3646 est
1401 3592 1651 3646 Salvator
1679 3593 1760 3646 di-

195 3700 324 3739 cens
349 3684 416 3738 de
446 3699 504 3739 se
528 3684 593 3751 ⁸²,
632 3685 759 3753 quia
782 3685 898 3740 Non
943 3703 1072 3754 opus
1111 3686 1303 3738 habent
1345 3685 1434 3754 qui
1473 3686 1590 3739 sani
1638 3694 1760 3738 sunt

196 3775 413 3838 medico,
443 3775 532 3826 sed
579 3778 670 3843 qui
710 3775 845 3828 male
887 3776 1098 3829 habent.
1145 3775 1212 3829 Et
1247 3775 1337 3831 ille
1371 3775 1587 3845 quidem
1636 3788 1761 3831 erat

198 3866 500 3920 archiatros
532 3867 623 3936 qui
662 3875 849 3935 posset
876 3881 1069 3922 curare
1101 3883 1315 3922 omnem
1359 3867 1674 3937 languorem
1709 3877 1764 3922 et

197 3972 414 4011 onmem
467 3956 876 4019 inﬁrmitatem;
930 3959 1183 4028 discipuli
1231 3974 1362 4013 vero
1419 3959 1536 4026 ejus
1571 3959 1762 4014 Petrus

201 4049 278 4101 vel
305 4047 523 4112 Paulus,
557 4047 652 4102 sed
680 4057 734 4102 et
764 4050 1040 4118 propheta:
1066 4049 1259 4104 medici
1290 4060 1436 4114 sunt,
1464 4061 1517 4104 et
1563 4051 1612 4104 hi
1641 4066 1761 4104 om-

205 4156 298 4194 nes
323 4142 413 4207 qui
451 4149 572 4208 post
601 4141 872 4208 apostolos
905 4143 957 4195 in
990 4141 1228 4205 Ecclesia
1261 4143 1422 4210 positi
1455 4151 1602 4208 sunt,
1637 4143 1759 4212 qui-

1865 2965 2127 3024 sequatur
2181 2967 2461 3025 agnoscat.
2503 2957 2675 3024 Argoi
2725 2955 2809 3006 vel
2851 2953 3052 3020 corripi
3094 2963 3178 3007 est
3234 2953 3435 3007 dolonis

1864 3061 2047 3117 pinna.
2081 3048 2356 3101 cruciatus
2380 3057 2436 3102 et
2478 3047 2552 3101 ita
2602 3046 2787 3116 gravis
2813 3055 2920 3110 est,
2955 3055 3014 3098 ut
3039 3045 3202 3098 etiam
3255 3045 3306 3099 hi
3343 3047 3432 3114 qui

1865 3138 2053 3194 ﬁdeles
2100 3147 2155 3193 et
2205 3139 2445 3208 religiosi
2489 3141 2764 3203 videntur,
2812 3138 2855 3192 si
2901 3137 3040 3191 forte
3084 3147 3141 3191 ut
3183 3137 3432 3191 homines

1867 3229 2164 3298 aliquando
2197 3231 2250 3284 in
2287 3231 2489 3286 delicto
2522 3231 2706 3301 aliquo
2740 3231 3076 3286 incurrerint
3111 3238 3166 3282 et
3196 3243 3432 3298 arguan-

1865 3331 1976 3387 tur,
2008 3322 2362 3391 indignentur
2389 3321 2652 3377 adversus
2677 3337 2770 3378 eos
2803 3321 2893 3390 qui
2930 3330 3184 3390 arguunt,
3219 3328 3272 3372 et
3297 3318 3432 3398 ode-

1863 3417 1973 3470 rint
2021 3430 2135 3471 eos.
2179 3415 2499 3486 Corripiunt
2557 3415 2701 3471 enim
2755 3423 2814 3469 ut
2847 3415 3161 3470 emendent.
3209 3411 3277 3465 Et
3332 3411 3434 3465 hoc

1865 3506 2064 3560 malum
2090 3505 2270 3560 fuitin
2299 3521 2486 3574 causa,
2518 3514 2577 3560 ut
2610 3507 2776 3561 etiam
2831 3520 2861 3557 a
2914 3503 3081 3574 priori
3132 3500 3329 3572 populo
3376 3501 3428 3554 in

1865 3597 2054 3653 odium
2085 3600 2419 3654 haberentur
2438 3597 2736 3669 prophetas,
2767 3597 3242 3668 persecutionibus
3264 3594 3435 3663 agita-

1864 3699 2073 3744 rentur.
2105 3688 2218 3743 lloc
2260 3689 2367 3742 fuit
2411 3703 2589 3743 causae
2628 3689 2774 3758 quod
2823 3685 3023 3742 Isaiam
3072 3685 3248 3741 secari
3286 3685 3434 3748 fecit,

1864 3777 2008 3846 quod
2037 3776 2358 3830 Zachariam
2397 3777 2538 3831 inter
2569 3776 2824 3844 templum
2867 3784 2924 3831 et
2968 3775 3142 3830 altare
3171 3772 3432 3842 compulit

1867 3867 2144 3929 trucidari,
2179 3865 2471 3920 Jeremiam
2503 3867 2556 3919 in
2592 3867 2767 3920 lacum
2803 3867 2943 3920 omni
2981 3865 3242 3934 demergi.
3275 3864 3341 3916 Et
3369 3865 3436 3914 ad

1864 3956 2114 4010 ultimum
2142 3957 2256 4009 haec
2287 3954 2391 4008 fuit
2423 3970 2590 4008 causa
2611 3970 2730 4024 quae
2758 3955 3044 4009 Dominum
3071 3964 3312 4007 nostrum
3348 3951 3436 4006 Je-

1863 4062 1978 4102 sum
1997 4047 2272 4101 Christum
2291 4047 2401 4115 egit
2424 4047 2475 4100 in
2495 4063 2740 4101 crucem.
2762 4046 2956 4103 Omnia
2979 4047 3123 4101 enim
3140 4061 3258 4115 qua:
3272 4061 3432 4113 supra

1862 4139 2022 4209 681
2056 4139 2490 4192 enun'ieravimus
2519 4138 2725 4193 scelera
2750 4149 2909 4206 atque
2936 4137 3159 4205 flagitia,
3190 4152 3295 4191 non
3327 4136 3433 4190 alia

205 4233 408 4299 busque
447 4233 810 4286 curandorum
844 4233 1122 4288 vulnerum
1157 4235 1440 4304 disciplina
1467 4237 1758 4290 commissa
1792 4219 1836 4274 Ῐ)
1867 4246 1933 4284 ex
1963 4245 2126 4284 causa
2167 4230 2454 4284 commissa
2483 4240 2639 4296 sunt,
2674 4231 2775 4284 nisi
2812 4231 2952 4298 quod
2987 4232 3114 4284 dum
3158 4243 3350 4282 omnes
3376 4227 3433 4280 in

203 4334 307 4388 est,
339 4339 475 4392 quos
503 4326 675 4380 voluit
703 4325 841 4381 Deus
867 4327 919 4380 in
960 4325 1200 4380 Ecclesia
1229 4342 1324 4380 sua
1360 4341 1481 4380 esse
1528 4327 1765 4382 medicos

204 4416 530 4485 animarum,
558 4418 684 4486 quia
723 4435 830 4473 non
860 4420 974 4473 vult
1001 4419 1141 4473 Deus
1172 4427 1354 4472 noster
1377 4426 1607 4472 mortem
1641 4435 1764 4488 pec-

203 4507 420 4568 catoris,
457 4507 551 4561 sed
583 4509 956 4575 paenitentiam
991 4519 1047 4564 et
1075 4511 1377 4563 orationem
1418 4508 1533 4577 ejus
1568 4525 1764 4578 exspe-

205 4605 336 4652 ctat.
379 4597 582 4653 Deinde
627 4611 684 4654 et
730 4601 830 4654 iste
860 4601 1098 4670 psalmus
1147 4601 1236 4668 qui
1283 4617 1424 4654 nunc
1459 4600 1632 4656 lectus
1660 4610 1763 4666 est,

206 4693 357 4748 nobis
407 4691 661 4755 ostendit,
719 4703 777 4747 ut
815 4695 860 4746 si
906 4692 1046 4748 forte
1077 4692 1368 4761 aliquando
1407 4694 1767 4761 praavenimur

204 4787 256 4840 in
306 4787 542 4854 delictis,
573 4787 807 4859 qualiter
833 4801 932 4840 nos
960 4795 1016 4840 et
1048 4800 1168 4838 cum
1203 4801 1309 4855 quo
1361 4784 1554 4840 all‘ectu
1605 4800 1766 4840 orare

203 4888 448 4948 oporteat
497 4890 552 4935 et
609 4879 820 4934 medico
867 4877 1172 4947 supplicare
1225 4894 1323 4948 pro
1356 4877 1634 4933 doloribus
1679 4877 1766 4932 vel

202 4971 606 5026 infirmitatibus
643 4970 866 5025 nostris.
915 4968 972 5023 Si
1015 4969 1237 5038 quando
1257 4984 1387 5038 ergo
1419 4985 1768 5040 praeoccupa-

202 5061 343 5116 verit
375 5077 474 5116 nos
509 5062 761 5116 inimicus
783 5071 838 5115 et
869 5060 1054 5131 ignitis
1082 5058 1278 5127 jaculis
1304 5060 1417 5115 suis
1445 5060 1790 5114 vulneraven

203 5154 270 5206 rit
299 5153 537 5206 animam
569 5162 835 5218 nostram,
871 5153 1051 5221 primo
1077 5151 1178 5204 hoc
1202 5166 1302 5206 nos
1323 5153 1476 5207 docet
1509 5153 1595 5206 hic
1624 5154 1767 5221 psal-

205 5263 343 5312 mus,
370 5247 516 5316 quod
549 5245 801 5301 convenit
830 5255 951 5314 post
987 5253 1272 5313 peccatum
1300 5245 1544 5298 confiteri
1576 5259 1768 5313 pecca-

205 5347 334 5403 tum,
363 5347 418 5391 et
467 5339 522 5392 in
558 5337 881 5391 memoriam
934 5334 1212 5390 recordari
1263 5333 1544 5398 delictum,
1580 5345 1636 5387 ut
1671 5350 1767 5404 per

206 5428 630 5483 recordationem
667 5428 840 5497 eulpae
871 5426 1202 5481 stimulatum
1227 5441 1324 5482 cor
1355 5437 1408 5481 et
1436 5426 1763 5480 concitatum

209 5529 301 5578 pro
339 5517 538 5573 delicto
595 5533 716 5583 suo,
744 5518 963 5573 interim
997 5517 1242 5571 refrenet
1291 5533 1356 5572 ac
1408 5526 1645 5582 revocet,
1697 5533 1766 5572 ne

273 5680 315 5711 υ
344 5681 528 5739 Matth.
567 5701 642 5754 Ix,
678 5687 763 5742 12.
837 5688 882 5721 ⁸³
913 5687 1054 5745 Psal.
1091 5705 1296 5760 xxxvii,
1329 5691 1348 5744 ι

1870 4321 2176 4376 medieinali
2205 4321 2487 4391 disciplina
2522 4321 2757 4375 resecari
2789 4335 2884 4389 per
2913 4317 3310 4388 correptionem
3339 4317 3433 4370 de-

1868 4413 2224 4484 linquentium
2256 4415 2465 4478 nolunt,
2489 4427 2635 4467 curae
2668 4412 2952 4482 impatiens
2987 4411 3213 4480 populus
3239 4419 3294 4462 et
3321 4423 3433 4462 me-

1869 4507 2002 4562 dela:
2033 4507 2086 4561 in
2116 4507 2411 4576 perniciem
2443 4505 2710 4562 medentis
2738 4505 2967 4558 exarsit.
2998 4502 3149 4557 Beati
3185 4517 3313 4572 ergo
3343 4516 3433 4554 Su-

1868 4599 2076 4668 pientes
2119 4599 2231 4668 jam
2261 4613 2326 4651 ex
2375 4598 2492 4667 ipsa
2518 4596 2800 4668 Scriptura
2833 4597 3171 4666 appellantur
3201 4596 3257 4650 hi
3282 4636 3298 4660 ,
3340 4596 3431 4665 qui

1868 4705 1990 4744 cum
2017 4689 2361 4760 deliquerint,
2392 4691 2436 4744 si
2463 4699 2776 4760 arguantur,
2804 4705 2907 4744 non
2936 4691 3166 4744 oderunt
3193 4705 3430 4758 arguen-

1871 4791 1972 4837 tes.
2007 4782 2082 4836 Ita
2117 4783 2258 4836 enim
2303 4785 2435 4838 dicit
2468 4785 2746 4854 Scriptura
2769 4783 2853 4838 8"‘z
2894 4784 3020 4838 Noli
3062 4799 3282 4852 arguere
3317 4799 3434 4834 ma-

1867 4873 1946 4927 los
1973 4891 2036 4927 ne
2058 4875 2260 4929 oderint
2291 4886 2358 4941 te,
2379 4893 2537 4946 argue
2563 4879 2846 4944 sapientem
2874 4887 2919 4930 et
2949 4877 3144 4930 amabit
3178 4887 3248 4929 te.
3271 4874 3384 4929 Υἰιιι
3408 4889 3440 4925 s

1868 4968 2135 5035 quomodo
2169 4968 2466 5038 sapientem
2512 4969 2805 5040 appellavit
2851 4968 3131 5036 Scriptura
3175 4982 3298 5021 eum
3339 4965 3432 5033 qui

1868 5059 2197 5127 correptioni
2227 5061 2493 5114 obnoxius
2524 5072 2629 5125 est,
2668 5076 2774 5115 non
2809 5070 2985 5116 tamen
3017 5061 3152 5127 odit,
3192 5059 3287 5114 sed
3315 5074 3436 5112 ma-

1870 5152 1950 5220 gis
1976 5152 2148 5222 diligit
2187 5153 2544 5224 arguentem?
2574 5153 2732 5208 Tales
2761 5162 2919 5209 erant
2957 5153 3032 5206 illi
3063 5152 3154 5222 qui
3191 5153 3258 5206 ab
3287 5155 3434 5219 Apo-

1867 5241 2004 5296 stolo
2029 5245 2418 5313 arguebantur,
2442 5255 2497 5300 et
2525 5245 2787 5301 confutati
2816 5262 2920 5300 non
2948 5246 3176 5298 oderant
3205 5259 3432 5313 arguen-

1871 5341 1972 5389 tes.
2007 5333 2158 5390 Uude
2182 5345 2237 5390 et
2259 5352 2358 5407 ego
2388 5338 2628 5393 arbitror
2655 5339 2801 5391 illum
2825 5339 2916 5408 qui
2943 5339 2994 5391 in
3023 5335 3290 5390 Corintho
3311 5350 3432 5404 gra-

1869 5426 2091 5482 vissime
2125 5428 2426 5498 deliquerat
2450 5430 2518 5497 ⁸³,
2543 5431 2745 5485 idcirco
2779 5427 3205 5485 misericordiam
3236 5442 3430 5482 conse-

1869 5529 2090 5583 cutum,
2147 5524 2401 5590 quoniam
2453 5532 2735 5594 correptus
2791 5523 2858 5579 ab
2898 5519 3193 5591 Apostolo,
3255 5531 3310 5591 et
3359 5529 3431 5573 ita

1449 5691 1494 5722 ⁸⁸
1523 5689 1680 5745 Prov.
1723 5708 1796 5758 Ix,
1827 5694 1876 5748 8.
1953 5692 2042 5746 ⁸⁸]
2087 5693 2206 5746 Cor.
2251 5707 2302 5742 v.
