3970 6160
553 193 685 248 1571
754 194 760 200 ’

1962 185 2052 242 ΒΧ
2091 185 2250 242 OBIG
2260 185 2391 241 ENE
3755 181 3842 236 1?:
3875 181 3884 242 ἲ

547 317 743 369 acerbe
769 322 1073 384 correptus.
1109 321 1167 365 ut
1201 327 1230 365 a
1261 318 1530 365 conventu
1562 309 1972 365 abscinderetur
2014 309 2120 363 Ec-
2150 315 2196 370 Α
2227 322 2446 361 necesse
2462 323 2581 361 eum
2604 306 3009 375 correptionem
3029 310 3290 373 paternae
3305 306 3470 355 ausu
3487 297 3711 353 ritatis
3727 318 3846 367 ag,

548 404 749 465 clesite,
777 418 880 456 non
919 413 1097 455 tamen
1129 400 1253 455 odio
1285 401 1472 454 habuit
1501 412 1852 470 arguentem,
1878 402 1971 455 sed
2003 402 2122 455 ani-

548 494 977 548 madversionem
1024 494 1295 563 patienter
1356 493 1566 561 accepit
1619 504 1675 546 et
1723 493 1938 546 fortiter
1977 493 2118 548 tulit.

551 590 662 658 Ego
686 589 919 641 arbitror
947 589 1088 657 quod
1117 588 1282 641 etiam
1313 585 1569 654 majorem
1595 585 1846 641 affectum
1877 588 2122 656 concepit

550 696 675 750 erga
707 678 930 732 Paulum
957 719 972 743 ,
1004 687 1163 747 atque
1192 693 1318 748 erga
1345 691 1533 730 omnes
1578 678 1670 744 qui
1719 680 1936 732 statutis
1966 677 2118 733 Pauli

549 773 602 826 in
636 771 752 838 ejus
783 771 1252 825 animadversione
1291 784 1600 839 paruerunt.
1639 770 1793 825 Unde
1837 783 1893 826 et
1923 772 2121 828 Paulus

546 865 870 916 sententiam
917 871 1174 926 revocat,
1207 871 1260 916 et
1287 861 1520 931 ejectum
1565 860 1903 932 reconjungit
1934 863 2121 916 Eccle-

548 955 662 1018 siae,
697 963 749 1008 et
785 955 936 1008 addit
966 955 1153 1009 dicens
1183 954 1230 986 °°
1257 972 1270 1007 :
1299 955 1618 1021 Confirmata
1656 958 1708 1008 in
1735 973 1852 1009 eum
1886 958 2118 1010 charita—

548 1053 672 1100 tem.
708 1044 852 1098 Vidit
885 1045 1028 1098 enim
1067 1061 1190 1099 eum
1241 1057 1362 1114 post
1409 1046 1934 1102 animadversionem
1989 1064 2120 1102 con-

549 1149 801 1189 servasse
843 1133 1164 1188 charitatem
1208 1151 1222 1187 :
1270 1143 1322 1188 et
1371 1132 1492 1187 ideo
1538 1136 1675 1188 dixit
1725 1139 1966 1190 utetiam
2000 1148 2120 1205 post

549 1233 828 1293 peccatum
878 1238 982 1278 non
1016 1233 1120 1276 tam
1163 1221 1493 1275 tribueretur
1525 1222 1573 1275 ei
1622 1223 1898 1287 cbaritas,
1945 1226 2121 1278 inerat

549 1315 716 1378 enim,
750 1315 844 1368 sed
875 1324 930 1366 ut
959 1315 1026 1367 ab
1057 1313 1312 1368 omnibus
1333 1330 1394 1368 ea
1435 1329 1554 1383 qua:
1586 1315 1762 1368 inerat
1789 1315 2118 1370 firmaretur.

550 1404 782 1459 Necesse
810 1413 894 1459 est
937 1420 1068 1474 ergo
1095 1422 1218 1459 eum
1268 1408 1360 1477 qui
1411 1417 1601 1476 peccat
1629 1407 1781 1476 argui
1820 1424 1835 1460 :
1870 1408 1960 1461 sed
1986 1423 2119 1475 quo-

550 1497 695 1550 niam
727 1495 909 1565 gravis
937 1496 1093 1550 nobis
1133 1496 1544 1562 infirmioribus,
1581 1499 1832 1565 quamvis
1867 1498 1939 1553 sit
1976 1500 2122 1553 utilis

551 1587 648 1640 ista
673 1588 968 1656 correptio,
995 1587 1136 1643 ferre.
1158 1605 1278 1644 eam
1310 1591 1409 1645 sub
1435 1592 1678 1645 omnium
1710 1591 1998 1659 praesentia
2028 1593 2122 1646 de-

550 1680 803 1734 vitamus.
830 1681 895 1734 Et
921 1682 1047 1750 quid
1071 1682 1188 1736 dico
1218 1685 1457 1738 omnium
1495 1685 1776 1754 praesentia
1802 1686 2119 1742 ?lnterdnm

550 1785 620 1825 ne
659 1772 794 1825 duos
827 1772 1043 1840 quidem
1074 1789 1198 1827 cum
1225 1777 1502 1844 arguimur
1539 1778 1732 1832 adesse
1771 1778 2011 1847 patimur
2042 1788 2121 1831 te-

550 1874 660 1917 stes
683 1901 700 1927 ,
729 1864 821 1916 sed
855 1863 1133 1932 culpamus
1191 1876 1508 1934 arguentem
1559 1878 1614 1922 et
1655 1869 1888 1924 dicimus
1915 1871 2119 1939 :Opor—

550 1963 729 2008 tuerat
763 1964 813 2009 te
845 1955 942 2009 soli
990 1955 1120 2008 mihi
1168 1956 1351 2012 dicere
1401 1974 1519 2028 quae
1551 1961 1721 2025 velis,
1763 1973 1818 2016 et
1861 1979 1970 2017 non
2018 1965 2118 2019 sub

550 2047 842 2101 multorum
869 2050 1152 2117 praesentia
1175 2050 1357 2104 facere
1379 2052 1512 2106 mihi
1541 2055 1814 2109 ruborem.
1842 2056 2116 2124 Dolemus,

548 2135 841 2205 iactamur,
877 2137 1275 2193 effervescimus
1299 2181 1313 2204 ,
1344 2151 1398 2196 et
1435 2142 1488 2196 in
1533 2145 1886 2202 interioribus
1924 2150 2119 2204 animae

551 2230 800 2284 sensibus
829 2231 1160 2285 cruciamur.
1191 2231 1342 2297 Quod
1373 2234 1417 2287 si
1451 2235 1568 2288 talis
1600 2239 1870 2306 correptio
1901 2250 1984 2292 est
2013 2256 2118 2308 qna

551 2319 620 2372 ab
651 2319 955 2374 hominibus
985 2320 1068 2374 vel
1098 2335 1280 2375 coram
1310 2321 1619 2380 hominibus
1649 2329 1948 2397 arguimur,
1991 2333 2119 2399 quid

553 2409 812 2465 faciemus
838 2411 882 2466 si
916 2411 1056 2467 Deus
1082 2429 1178 2467 nos
1207 2422 1430 2484 arguat,
1462 2417 1507 2471 si
1546 2419 1658 2487 ipse
1697 2420 1839 2476 Deus
1877 2424 2122 2480 confutet

551 2513 604 2556 et
635 2512 828 2573 arguat
858 2504 909 2558 in
940 2505 1163 2561 furore?
1194 2507 1303 2563 Nos
1328 2491 1422 2579 qui
1450 2511 1690 2582 episcopi
1717 2517 1992 2584 arguentis
2015 2517 2120 2572 ira-

553 2594 801 2648 cundiam
838 2595 981 2650 ferre
1010 2613 1115 2652 non
1148 2613 1466 2666 possumus,
1515 2603 1610 2655 sed
1644 2603 1995 2674 indignanter
2031 2622 2122 2661 ac-

552 2685 806 2755 cipimus,
854 2687 1000 2741 illutn
1050 2689 1286 2744 furorem
1332 2691 1423 2761 qui
1459 2691 1553 2748 Dei
1602 2708 1724 2750 esse
1765 2696 1996 2762 dicitttr,
2031 2713 2120 2751 ar-

551 2787 802 2843 guentem
837 2795 935 2834 nos
979 2783 1250 2849 quomodo
1298 2782 1704 2841 tolerabimus?
1748 2788 1940 2844 Sciens
1990 2806 2121 2860 ergo

544 2870 810 2938 prOpheta
862 2873 1288 2942 quamplurimas
1318 2891 1439 2930 esse
1471 2877 1804 2935 differentias
1836 2884 2116 2951 arguendi,

549 2971 602 3013 et
637 2961 822 3016 volens
854 2963 1007 3031 quasi
1044 2966 1208 3020 homo
1230 2983 1328 3036 pro
1355 2969 1566 3024 delictis
1590 2973 1804 3040 quidem
1829 2977 2004 3044 argui,
2036 2991 2118 3032 ve-
2145 3011 2186 3070 ο

555 3067 677 3107 rens
705 3068 883 3107 autem
910 3070 974 3108 ne
1004 3059 1241 3126 graviori
1273 3062 1531 3128 pondere,
1551 3064 1601 3118 id
1631 3075 1733 3130 est,
1761 3081 1828 3120 ne
1854 3068 1904 3122 in
1933 3067 2118 3124 furore

556 3145 764 3197 Domini
801 3159 1144 3214 argueretur,
1170 3151 1264 3212 ait,
1299 3154 1440 3206 sicut
1469 3155 1580 3222 jam
1609 3167 1664 3210 et
1693 3159 1745 3212 in
1777 3159 1881 3213 alio
1909 3161 2120 3230 psalmo

550 3244 678 3287 ante
700 3236 928 3300 dixerat,
955 3238 1117 3290 etiam
1153 3240 1304 3293 hic"
1339 3260 1355 3296 :
1395 3244 1634 3310 Domine,
1659 3261 1722 3299 ne
1744 3247 1796 3300 in
1822 3248 2001 3315 lurore
2030 3259 2119 3303 tua

552 3343 745 3395 arguas
775 3343 875 3380 me.
913 3329 1174 3384 Similiter
1198 3343 1376 3387 autem
1407 3335 1540 3389 dicit
1571 3349 1627 3391 et.
1665 3342 1810 3406 quod
1850 3341 2114 3408 sequitur:

554 3435 714 3488 neque
760 3421 814 3473 in
847 3423 927 3474 ira
977 3430 1072 3476 tua
1119 3426 1376 3493 corripias
1424 3445 1522 3482 me.
1573 3429 1799 3499 Oportet
1844 3446 1976 3499 ergo
2019 3449 2120 3490 nos

554 3513 732 3580 aliqua
763 3523 816 3566 et
844 3515 909 3568 de
940 3516 1282 3584 correptione
1313 3518 1494 3574 dicere
1517 3559 1534 3587 ,
1564 3522 1628 3575 de
1657 3536 1759 3590 qua
1796 3524 2122 3593 generaliter

555 3621 652 3658 nos
681 3606 973 3673 Apostolus
1015 3608 1174 3661 docet
1207 3608 1392 3664 dicens
1423 3611 1470 3642 ⁸⁸
1503 3630 1516 3666 :
1554 3611 1736 3666 Omnis
1763 3613 1968 3683 quidem
2014 3631 2122 3668 cor-

555 3700 718 3763 reptio
751 3699 819 3750 ad
849 3716 1077 3767 praesens
1107 3717 1208 3754 non
1247 3701 1453 3755 videtur
1477 3705 1658 3772 gaudii
1687 3721 1795 3757 esse
1819 3744 1834 3770 ,
1885 3708 1972 3759 sed
2007 3724 2123 3762 mae-

557 3797 727 3860 roris,
765 3807 944 3864 postea
982 3809 1154 3852 autem
1199 3799 1429 3866 fructum
1477 3800 1868 3868 pacatissimam
1908 3802 1988 3855 liis
2034 3804 2122 3872 qui

554 3905 645 3952 per
677 3905 792 3941 eam
836 3892 1108 3944 exercitati
1150 3900 1307 3954 sunt,
1359 3893 1540 3946 reddet
1574 3893 1810 3957 iustitiaz.
1843 3893 1907 3948 Et
1948 3895 2124 3950 videte

554 3980 718 4033 etiam
750 3995 966 4048 pueros,
990 3983 1438 4050 quemadmodum
1457 4000 1578 4039 cum
1609 3985 1978 4054 corripiuntur
2001 4001 2125 4040 ver-

558 4073 776 4127 beribus
810 4089 838 4126 a
885 4077 1190 4147 paedagogis
1214 4115 1228 4140 ,
1262 4077 1345 4131 vel
1374 4091 1403 4129 a
1449 4077 1762 4132 doctoribus
1791 4079 2119 4146 excitantur,

558 4166 781 4221 moleste
808 4167 1023 4236 quidem
1055 4170 1345 4239 accipiunt,
1371 4179 1426 4224 et
1450 4185 1717 4225 summum
1749 4171 1944 4225 malum
1975 4171 2124 4241 judi-

556 4269 683 4313 cant
711 4259 950 4314 dolorem
982 4260 1127 4314 illum
1147 4302 1163 4326 ,
1192 4265 1282 4332 qui
1322 4266 1400 4320 eis
1430 4279 1592 4318 causa
1626 4265 1944 4320 eruditionis
1977 4265 2120 4319 inﬂi-

2225 414 2378 453 scere
2399 439 2414 465 ,
2443 415 2560 467 qua:
2591 416 2657 453 ex
2705 397 3051 468 gravioribus
3099 394 3331 449 delictis
3365 407 3431 446 ac
3469 391 3840 460 ﬂagiljﬂséﬁ.

2223 491 2324 545 bus
2357 500 2696 556 provocatur.
2732 488 2787 542 Si
2819 489 3159 556 corripiatur
3183 503 3215 540 a
3250 487 3504 541 doctore
3551 499 3747 552 puer,
3777 504 3842 540 se:

2221 582 2296 638 ita
2325 593 2575 636 austerus
2603 583 2706 635 erit
2749 582 3006 651 magister
3039 583 3184 636 sicut
3235 587 3405 648 pater
3454 591 3625 632 esse
3681 593 3840 646 petes:

2221 675 2266 728 si
2311 674 2496 744 gravia
2532 674 2722 728 delicta
2755 675 2806 728 in
2841 675 2952 730 filio
2980 674 3329 746 cognoverit.
3376 671 3437 724 Si
3471 672 3667 723 enim
3713 690 3842 724 CC"?-

2219 765 2334 834 piat
2359 774 2509 832 pater
2539 781 2636 834 pro
2661 766 2955 835 majoribus
2979 765 3454 834 gravioribusque
3488 764 3840 830 peccatis»;

2223 865 2429 910 tantum
2482 857 2553 910 sit
2599 858 2947 911 commissum
2999 857 3093 910 lilii
3146 856 3298 924 quod
3351 855 3430 907 ad
3481 855 3836 908 iracumﬁn

2219 949 2575 1004 concitaverit
2597 960 2826 1017 patrem,
2857 951 2975 1004 sine
3003 952 3166 1004 dubio
3199 961 3326 1019 post
3357 950 3725 1010 cruciatus,
3749 966 3832 1018 ps.

2219 1039 2479 1108 supplicia
2523 1041 2686 1093 etiam
2735 1040 3095 1094 abdicationis
3137 1053 3304 1108 poena
3366 1040 3723 1092 metuenda
3758 1055 3834 1094 est

2222 1134 2280 1188 Si
2312 1135 2624 1189 intellexisti
2667 1136 3103 1199 similitudinem,
3141 1135 3314 1188 transi
3347 1134 3506 1187 mihi
3545 1134 3642 1185 ab
3682 1148 3834 1186 exes-

2218 1223 2307 1293 plo
2335 1225 2400 1277 ad
2431 1240 2577 1290 rem,
2604 1233 2659 1278 et
2687 1225 2925 1293 intellige
2961 1225 3028 1280 de
3059 1226 3215 1280 nobis
3243 1225 3536 1278 omnibus
3594 1238 3732 1290 quae
3773 1225 3829 1274 a—

2220 1324 2440 1370 cuntur.
2503 1315 2704 1370 Omnes
2752 1316 2989 1386 episcopi
3041 1325 3204 1385 atque
3252 1330 3473 1369 omnes
3528 1317 3826 1384 pre-sifts

2221 1408 2304 1461 vel
2356 1407 2568 1462 diaconi
2615 1407 2870 1461 erudiunt
2901 1423 3041 1470 nos,
3071 1417 3123 1462 et
3167 1407 3524 1461 erudientes
3584 1407 3826 1458 adhibet-

2221 1503 2610 1572 correptiones,
2639 1514 2692 1556 et
2717 1501 2896 1556 verbis
2927 1501 3328 1556 austerioribus
3361 1500 3731 1568 increpant-

2223 1603 2401 1648 autem
2430 1593 2645 1662 quando
2672 1594 2954 1648 erudimur
2980 1591 3145 1646 etiam
3175 1607 3206 1643 a
3238 1591 3763 1660 procuratoribus
3790 1605 3825 1645 ei

2221 1687 2518 1750 actoribus,
2543 1687 2592 1738 id
2615 1694 2700 1740 est
2733 1688 2800 1740 ab
2830 1686 2914 1739 bis
2945 1684 3153 1754 angelis
3184 1683 3391 1751 quibus
3423 1683 3699 1736 credita
3727 1698 3828 1736 sset

2221 1777 2594 1846 dispensandae
2644 1788 2698 1831 et
2742 1778 2990 1845 regendae
3031 1775 3225 1829 anima:
3254 1785 3474 1829 nostra:
3510 1793 3529 1826 :
3573 1777 3826 1842 quemad-

2220 1870 2438 1923 modum
2467 1868 2792 1924 describitur
2823 1871 2877 1923 in
2919 1870 3153 1937 quodam
3203 1867 3324 1922 loco
3352 1867 3624 1935 angelus
3673 1869 3825 1933 peni-

2220 1961 2432 2023 tentiae,
2458 1961 2548 2028 qni
2593 1975 2691 2015 nos
2724 1960 2948 2030 suscipit
2993 1959 3381 2028 castigandos,
3438 1959 3608 2011 sicut
3645 1954 3822 2010 Power

2218 2054 2459 2123 exponit,
2497 2054 2542 2108 si
2573 2055 2659 2108 cui
2698 2062 2879 2106 tamen
2915 2051 3125 2106 libellus
3155 2051 3243 2104 ille
3273 2050 3665 2119 recipiendus
3694 2050 3820 2102 ride-

2221 2153 2328 2198 tur.
2376 2145 2595 2200 lnterim
2646 2145 2876 2200 diversis
2937 2142 3340 2197 eruditionibus
3394 2143 3818 2195 succumbimus

2220 2254 2319 2292 nos
2345 2239 2592 2292 homines
2623 2236 3015 2306 castigantibus
3035 2275 3049 2298 ,
3081 2252 3181 2290 nos
3223 2242 3278 2288 et
3331 2234 3814 2302 corripientibus:

2221 2331 2455 2386 nondum
2499 2339 2673 2383 tamen
2717 2329 2784 2382 ab
2828 2330 2943 2399 ipso
2984 2328 3393 2398 patrefamilias
3449 2329 3814 2397 castigamur.

2220 2422 2312 2476 sed
2368 2437 2397 2475 a
2449 2421 2894 2489 procuratoribus
2931 2421 3139 2488 angelis
3165 2459 3182 2486 ,
3219 2420 3315 2488 qui
3370 2420 3812 2487 uniuscujusque

2221 2512 2392 2566 nostri
2427 2511 2721 2580 castigandi
2761 2519 2926 2578 atque
2971 2509 3299 2563 emendandi
3344 2509 3684 2563 sortiuntur
3709 2509 3811 2563 οε-

2221 2605 2386 2668 cium,
2416 2612 2472 2658 et
2497 2613 2580 2658 est
2615 2602 2953 2657 tolerabilius
2983 2616 3102 2656 cum
3129 2600 3197 2653 ab
3232 2599 3427 2668 aliquo
3462 2599 3676 2652 horum
3706 2615 3809 2653 cor-

2222 2699 2468 2767 ripimur.
2497 2696 2588 2750 Sic
2612 2710 2826 2765 quoque
2851 2694 3121 2748 interdum
3147 2693 3312 2746 etiam
3338 2693 3667 2762 paedagogo
3689 2707 3808 2744 ("0m-

2221 2791 2382 2844 missa
2415 2799 2498 2842 est
2521 2798 2704 2842 nostra
2729 2787 3017 2855 correptio.
3049 2785 3183 2839 Nam
3214 2786 3555 2854 quicunque
3585 2788 3686 2840 sub
3710 2785 3805 2852 lege

2221 2891 2398 2946 erant,
2430 2879 2683 2948 quoniam
2728 2878 2810 2931 lex
2843 2877 3165 2945 paedagogus
3195 2885 3390 2929 noster
3423 2875 3539 2928 fuit
3571 2876 3626 2928 in
3660 2874 3800 2928 Chri-

2220 2981 2339 3038 sto,
2375 2969 2748 3038 delinquentes
2776 2966 2829 3019 in
2867 2965 2984 3035 lege
3023 2979 3052 3016 a
3090 2965 3380 3034 paedagogo
3426 2965 3795 3033 corripiebaa-
3888 2949 3889 2958 ξ

2224 3072 2345 3128 tur,
2385 3076 2506 3114 cum
2539 3060 2905 3134 puniebantur
2943 3070 3008 3109 ex
3041 3057 3180 3123 lege.
3229 3055 3628 3108 Puniebantur
3668 3056 3790 3108 enim

2218 3157 2303 3210 vel
2334 3171 2455 3210 cum
2499 3153 2912 3222 lapidabantur,
2943 3149 3025 3203 vel
3069 3164 3189 3204 cum
3222 3148 3432 3216 aliquid
3466 3163 3666 3202 eorum
3692 3163 3791 3215 qn:

2219 3250 2429 3320 Moyses
2469 3247 2764 3315 scripserat
2803 3243 3166 3312 perferebant.
3202 3239 3392 3294 Nullus
3437 3252 3578 3307 ergo
3621 3254 3784 3294 eorum

2221 3342 2287 3396 de
2317 3340 2512 3410 quibus
2562 3337 2814 3406 superius
2844 3334 3081 3388 diximus
3124 3333 3191 3386 ab
3239 3332 3354 3399 ipso
3402 3330 3781 3398 patrefamiliss

2220 3431 2564 3502 puniebatur.
2601 3425 2717 3480 Non
2749 3425 2894 3478 enim
2926 3433 3044 3476 erat
3066 3420 3463 3491 paterfamilias
3493 3419 3607 3484 lex,
3634 3430 3780 3487 tte-jac

2221 3522 2445 3592 angelus
2473 3516 2824 3589 paenitentiae.
2856 3514 2962 3570 Sed
2992 3523 3118 3568 sunt
3150 3513 3254 3566 alia
3290 3521 3524 3580 peccata
3553 3526 3653 3580 pro
3684 3511 3777 3579 qui-

2221 3615 2320 3668 bus
2350 3620 2659 3682 peccantem
2691 3611 2805 3677 ipse
2835 3605 3226 3678 paterfamilias
3261 3603 3439 3672 punit,
3494 3617 3620 3656 eum
3653 3603 3772 3654 vide-

2222 3705 2348 3760 licet
2374 3703 2539 3775 682
2581 3702 2676 3772 qui
2699 3714 3007 3755 mensuram
3048 3696 3347 3752 facinorum
3386 3706 3766 3762 supergressus,

2223 3798 2363 3853 ultra
2394 3806 2660 3851 creaturze
2703 3793 3087 3848 contumeliam
3137 3789 3361 3846 sceleris
3399 3787 3483 3840 sui
3519 3786 3764 3852 impietate

2226 3886 2472 3942 tetendit.
2515 3884 2624 3938 Nec
2668 3893 2846 3938 tamen
2890 3883 3030 3938 alius
3057 3880 3179 3951 quis
3218 3879 3367 3933 novit
3395 3885 3592 3947 praeter
3618 3875 3758 3928 Deum

2226 3983 2419 4046 solum,
2452 3981 2545 4050 qui
2575 3979 2659 4035 vel
2692 3979 2912 4048 quando
2946 3973 3393 4047 procuratoribus
3424 3971 3561 4025 tradi
3595 3970 3756 4024 debeat

2225 4075 2595 4146 castigandus,
2629 4071 2713 4124 vel
2737 4071 2827 4140 qui
2861 4068 3233 4136 corripiendus
3259 4063 3551 4128 actoribus,
3575 4058 3753 4131 quando

2225 4170 2387 4224 etiam
2416 4167 2506 4235 qui
2536 4164 2730 4233 subjici
2763 4163 2954 4216 debeat
2980 4160 3304 4227 paedagogo,
3345 4155 3432 4210 cui
3457 4155 3612 4209 etiam
3639 4151 3749 4206 inie-

2227 4262 2400 4315 riores
2434 4258 2543 4312 sint
2586 4256 2780 4309 horum
2833 4251 3073 4305 omnium
3128 4247 3527 4316 correptiones,
3572 4245 3614 4298 si
3655 4243 3747 4311 quis

557 4352 737 4422 gitur:
769 4360 824 4406 et
853 4352 1102 4420 quamvis
1147 4354 1420 4421 profectus
1468 4369 1598 4410 suos
1648 4355 1699 4409 in
1752 4355 2121 4424 hujuscemodi
2156 4373 2200 4428 ι)
2229 4352 2437 4408 scilicet
2466 4349 2586 4404 talis
2611 4357 2696 4402 est
2723 4345 2814 4415 qui
2849 4347 3042 4415 ipsam,
3081 4351 3139 4395 ut
3170 4342 3244 4394 ita
3273 4339 3520 4401 dixerim,
3549 4337 3741 4428 divinant

558 4444 975 4506 eruditionibus,
1024 4443 1106 4498 vel
1153 4449 1585 4516 correptionibus
1624 4462 1744 4502 esse
1775 4447 1982 4516 positos
2018 4461 2124 4502 non

559 4534 829 4603 ignorent,
863 4544 1039 4590 tamen
1072 4536 1299 4592 moleste
1343 4548 1503 4608 atque
1541 4541 1890 4609 impatienter
1922 4538 2122 4595 ferunt.

559 4624 713 4690 Quod
747 4624 793 4680 si
822 4627 1055 4681 eruditio
1093 4643 1380 4696 puerorum
1429 4631 1802 4700 hujuscemodi
1846 4641 1928 4686 est
1953 4673 1967 4696 ,
2000 4633 2127 4701 quid

561 4717 764 4770 sentire
807 4717 1063 4773 debemus
1117 4720 1183 4773 de
1225 4721 1381 4775 nobis
1417 4724 1676 4787 senibus,
1727 4724 1941 4793 qualem
1975 4724 2127 4778 nobis

562 4808 646 4861 vel
672 4809 1049 4877 eruditionem,
1084 4810 1164 4865 vel
1199 4813 1592 4881 correptionem
1628 4814 1911 4869 imminere
1939 4829 2128 4870 cense-

564 4916 705 4965 mus,
741 4916 862 4970 quaa
889 4918 992 4956 non
1027 4919 1058 4957 a
1088 4905 1574 4974 dispensatoribus,
1609 4920 1784 4973 neque
1815 4922 1841 4958 a
1877 4909 2127 4977 paedago-

562 4995 646 5065 gis
673 4993 946 5049 infertur?
969 4995 1124 5051 Novit
1156 4999 1352 5068 quippe
1386 4998 1665 5066 Scriptura
1697 4999 2042 5068 paedagogum
2073 5008 2129 5054 et

563 5091 986 5157 dispensatorem
1018 5098 1072 5143 et
1100 5093 1519 5158 [procuratorem
1555 5089 1760 5160 parvuli
1788 5107 1801 5143 :
1830 5091 1957 5160 quid
1984 5132 2000 5155 ,
2039 5091 2125 5145 in-

562 5196 722 5249 quam
748 5219 763 5244 ,
809 5180 1125 5235 existimare
1148 5220 1165 5247 ,
1201 5181 1286 5237 vel
1333 5183 1535 5237 sentire
1565 5182 1822 5237 debemus
1851 5221 1866 5247 ,
1897 5196 2017 5235 cum
2062 5184 2129 5237 ab

563 5274 680 5339 ipso
709 5273 1096 5342 patrefamilias
1125 5275 1358 5330 eruditio
1384 5286 1563 5330 nostra
1584 5274 1725 5328 facta
1755 5272 1917 5328 fuerit
1963 5283 2128 5342 atque

563 5366 880 5434 correptio?
905 5363 1103 5420 lterum
1136 5367 1418 5422 redeamus
1449 5367 1515 5422 ad
1545 5366 1955 5422 similitudinem
1987 5378 2127 5435 pne--

565 5471 770 5514 t‘m'ttttt.
804 5457 860 5511 Si
888 5458 1214 5529 corripiatur
1255 5474 1389 5528 puer
1424 5473 1457 5512 a
1489 5459 1778 5530 paedagogo
1800 5499 1816 5527 ,
1869 5472 1974 5512 non
2019 5455 2124 5512 erit

631 5639 679 5671 ⁸⁵
710 5638 750 5693 Il
776 5637 897 5698 Cor.
929 5656 966 5695 tt
993 5682 1007 5708 ,
1036 5641 1088 5697 8.
1162 5641 1207 5675 ⁸⁷
1247 5641 1334 5698 Ps.
1364 5656 1574 5712 xxxvii,
1614 5639 1669 5696 2.

2229 4460 2445 4501 manum
2480 4444 2530 4496 in
2564 4455 2718 4497 suam
2764 4447 3021 4508 provocet
3060 4435 3334 4490 ultionem.
3380 4431 3437 4485 Si
3479 4427 3738 4484 intellexisti

2225 4555 2344 4610 qure
2369 4538 2511 4592 dicta
2541 4543 2686 4598 sunt,
2719 4533 2762 4588 si
2793 4532 3038 4586 altiorem
3080 4536 3297 4584 secutus
3340 4539 3401 4578 es
3440 4521 3736 4581 intellectum,

2226 4635 2440 4688 intuere
2488 4644 2632 4684 nunc
2672 4627 2906 4698 qualiter
2956 4627 3070 4680 haec
3106 4620 3371 4690 PrOpbeta
3426 4618 3735 4688 prosequitur,

2227 4739 2347 4777 cum
2376 4721 2509 4775 dicit
2548 4739 2562 4776 :
2593 4719 2762 4776 Etiam
2795 4719 2839 4772 si
2884 4717 3113 4785 corripis
3139 4729 3224 4769 me
3245 4753 3262 4778 ,
3291 4711 3462 4774 Deus,
3489 4710 3580 4764 noli
3607 4708 3733 4763 mein

2233 4813 2313 4868 ira
2349 4814 2645 4880 corripere.
2681 4809 2788 4864 Sed
2835 4822 2938 4862 nos
2984 4822 3086 4862 nec
3125 4803 3324 4873 corrigi
3365 4801 3620 4865 volumus,
3663 4811 3732 4853 nec

2233 4905 2579 4974 paedagogum
2607 4901 2843 4971 patimur
2865 4906 3321 4960 commonentem,
3351 4907 3515 4963 neque
3534 4905 3732 4961 procula-

2236 5005 2412 5051 torum
2431 4994 2514 5050 vel
2535 5004 2777 5048 actorum
2811 4990 3186 5059 correptiones
3213 4986 3444 5040 libenter
3473 4984 3728 5052 accipimus,

2234 5095 2288 5143 et
2311 5093 2595 5155 propterea
2629 5085 2696 5138 ab
2727 5084 2840 5153 ipsa
2881 5083 2959 5136 ira
2986 5079 3078 5134 Dei
3105 5075 3497 5144 correptionem
3522 5073 3646 5126 nobis
3666 5072 3728 5124 in-

2237 5182 2360 5239 duci
2391 5194 2611 5236 necesse
2635 5187 2740 5234 est.
2767 5175 3034 5246 PrOpbeta
3057 5173 3200 5226 enim
3228 5169 3361 5224 dicit
3399 5186 3413 5220 :
3453 5167 3657 5230 Domine,
3685 5181 3728 5217 ne

2234 5277 2288 5330 in
2331 5275 2507 5345 furore
2555 5281 2640 5325 tuo
2686 5284 2876 5340 arguas
2927 5280 3028 5330 me,
3074 5277 3234 5331 neque
3275 5261 3333 5315 in
3375 5260 3457 5312 ira
3492 5266 3565 5311 tua
3605 5257 3728 5310 corri-

2232 5383 2499 5515 pmﬂs.
2534 5455 2629 5527 qui
2659 5455 2764 5512 hoc
2792 5450 2953 5520 dicit,
2977 5447 3136 5506 debet
3167 5443 3418 5518 proferre
3455 5444 3644 5512 aliquam
3668 5457 3724 5496 ra-

1744 5638 1790 5674 ⁸³
1815 5637 1977 5696 Hebr.
2005 5651 2115 5706 xu,
2145 5634 2229 5692 ll.
2295 5723 2302 5730 .
