  <div class='ocr_page' id='page_1' title='image "/cluster/home/n/w/nwhite01/storage/ocr_20150623/12/mdp.39015028786690/697.png"; bbox 0 0 3970 6160; ppageno 0'>
   <div class='ocr_carea' id='block_1_1' title="bbox 628 194 767 248">
    <p class='ocr_par' dir='ltr' id='par_1_1' title="bbox 628 194 767 248">
     <span class='ocr_line' id='line_1_1' title="bbox 628 194 767 248; baseline 0 0"><span class='ocrx_word' id='word_1_1' title='bbox 628 194 767 248; x_wconf 79' lang='grc'><strong>1575</strong></span> 
     </span>
    </p>
   </div>
   <div class='ocr_carea' id='block_1_2' title="bbox 2046 179 2475 237">
    <p class='ocr_par' dir='ltr' id='par_1_2' title="bbox 2046 179 2475 237">
     <span class='ocr_line' id='line_1_2' title="bbox 2046 179 2475 237; baseline 0.007 -2"><span class='ocrx_word' id='word_1_2' title='bbox 2046 181 2135 236; x_wconf 72' lang='lat' dir='ltr'><strong>EX</strong></span> <span class='ocrx_word' id='word_1_3' title='bbox 2172 179 2475 237; x_wconf 74' lang='lat' dir='ltr'><strong>ORIGENE</strong></span> 
     </span>
    </p>
   </div>
   <div class='ocr_carea' id='block_1_3' title="bbox 3707 191 3766 245">
    <p class='ocr_par' dir='ltr' id='par_1_3' title="bbox 3707 191 3766 245">
     <span class='ocr_line' id='line_1_3' title="bbox 3707 191 3766 245; baseline 0.034 -2"><span class='ocrx_word' id='word_1_4' title='bbox 3707 191 3766 245; x_wconf 76' lang='lat' dir='ltr'><strong>l3&#39;i</strong></span> 
     </span>
    </p>
   </div>
   <div class='ocr_carea' id='block_1_4' title="bbox 625 308 3769 383">
    <p class='ocr_par' dir='ltr' id='par_1_4' title="bbox 625 308 3769 383">
     <span class='ocr_line' id='line_1_4' title="bbox 625 308 3769 383; baseline -0.001 -13"><span class='ocrx_word' id='word_1_5' title='bbox 625 322 831 371; x_wconf 79' lang='lat' dir='ltr'><strong>sanitas</strong></span> <span class='ocrx_word' id='word_1_6' title='bbox 885 317 941 370; x_wconf 86' lang='lat' dir='ltr'><strong>iu</strong></span> <span class='ocrx_word' id='word_1_7' title='bbox 986 331 1144 370; x_wconf 82' lang='lat' dir='ltr'><strong>carne</strong></span> <span class='ocrx_word' id='word_1_8' title='bbox 1194 330 1308 368; x_wconf 86' lang='lat' dir='ltr'><strong>mea</strong></span> <span class='ocrx_word' id='word_1_9' title='bbox 1360 332 1392 369; x_wconf 90' lang='lat' dir='ltr'><strong>a</strong></span> <span class='ocrx_word' id='word_1_10' title='bbox 1446 313 1585 383; x_wconf 79' lang='lat' dir='ltr'><strong>facie</strong></span> <span class='ocrx_word' id='word_1_11' title='bbox 1624 313 1720 368; x_wconf 81' lang='lat' dir='ltr'><strong>ira:</strong></span> <span class='ocrx_word' id='word_1_12' title='bbox 1755 322 1878 367; x_wconf 63' lang='lat' dir='ltr'><strong>tua’.</strong></span> <span class='ocrx_word' id='word_1_13' title='bbox 1918 310 1993 365; x_wconf 91' lang='lat' dir='ltr'><strong>De</strong></span> <span class='ocrx_word' id='word_1_14' title='bbox 2017 327 2081 364; x_wconf 86' lang='lat' dir='ltr'><strong>eo</strong></span> <span class='ocrx_word' id='word_1_15' title='bbox 2117 311 2205 379; x_wconf 90' lang='lat' dir='ltr'><strong>qui</strong></span> <span class='ocrx_word' id='word_1_16' title='bbox 2241 309 2284 365; x_wconf 80' lang='grc' dir='ltr'>Α</span> <span class='ocrx_word' id='word_1_17' title='bbox 2312 309 2481 362; x_wconf 90' lang='lat' dir='ltr'><strong>emori</strong></span> <span class='ocrx_word' id='word_1_18' title='bbox 2526 323 2649 363; x_wconf 80' lang='lat' dir='ltr'><strong>eam</strong></span> <span class='ocrx_word' id='word_1_19' title='bbox 2701 308 2925 376; x_wconf 81' lang='lat' dir='ltr'><strong>iaceret,</strong></span> <span class='ocrx_word' id='word_1_20' title='bbox 2974 320 3293 379; x_wconf 75' lang='lat' dir='ltr'><strong>antequam</strong></span> <span class='ocrx_word' id='word_1_21' title='bbox 3340 309 3568 380; x_wconf 80' lang='lat' dir='ltr'><strong>perfecte</strong></span> <span class='ocrx_word' id='word_1_22' title='bbox 3597 319 3769 373; x_wconf 57' lang='lat' dir='ltr'><strong>mortis;</strong></span> 
     </span>
    </p>
   </div>
   <div class='ocr_carea' id='block_1_5' title="bbox 628 404 2202 481">
    <p class='ocr_par' dir='ltr' id='par_1_5' title="bbox 628 404 2202 481">
     <span class='ocr_line' id='line_1_5' title="bbox 628 404 2202 481; baseline -0.006 -17"><span class='ocrx_word' id='word_1_23' title='bbox 628 413 769 481; x_wconf 85' lang='lat' dir='ltr'><strong>apud</strong></span> <span class='ocrx_word' id='word_1_24' title='bbox 817 409 1143 464; x_wconf 76' lang='lat' dir='ltr'><strong>Corinthum</strong></span> <span class='ocrx_word' id='word_1_25' title='bbox 1196 419 1521 476; x_wconf 72' lang='lat' dir='ltr'><strong>peccaverat</strong></span> <span class='ocrx_word' id='word_1_26' title='bbox 1577 406 1836 460; x_wconf 89' lang='lat' dir='ltr'><strong>indicavit</strong></span> <span class='ocrx_word' id='word_1_27' title='bbox 1888 404 2202 476; x_wconf 77' lang='lat' dir='ltr'><strong>Apostolus,</strong></span> 
     </span>
    </p>
   </div>
   <div class='ocr_carea' id='block_1_6' title="bbox 625 497 2205 568">
    <p class='ocr_par' dir='ltr' id='par_1_6' title="bbox 625 497 2205 568">
     <span class='ocr_line' id='line_1_6' title="bbox 625 497 2205 568; baseline -0.002 -13"><span class='ocrx_word' id='word_1_28' title='bbox 625 504 811 556; x_wconf 82' lang='lat' dir='ltr'><strong>dicens</strong></span> <span class='ocrx_word' id='word_1_29' title='bbox 859 501 905 533; x_wconf 80' lang='lat'>“</span> <span class='ocrx_word' id='word_1_30' title='bbox 948 518 963 555; x_wconf 93' lang='lat'>:</span> <span class='ocrx_word' id='word_1_31' title='bbox 1020 499 1253 554; x_wconf 82' lang='lat' dir='ltr'><strong>Tradere</strong></span> <span class='ocrx_word' id='word_1_32' title='bbox 1292 498 1602 568; x_wconf 81' lang='lat' dir='ltr'><strong>hujusmodi</strong></span> <span class='ocrx_word' id='word_1_33' title='bbox 1652 499 1919 553; x_wconf 80' lang='lat' dir='ltr'><strong>hominem</strong></span> <span class='ocrx_word' id='word_1_34' title='bbox 1987 497 2205 553; x_wconf 77' lang='lat' dir='ltr'><strong>Satante</strong></span> 
     </span>
    </p>
   </div>
   <div class='ocr_carea' id='block_1_7' title="bbox 621 589 2204 660">
    <p class='ocr_par' dir='ltr' id='par_1_7' title="bbox 621 589 2204 660">
     <span class='ocr_line' id='line_1_7' title="bbox 621 589 2204 660; baseline -0.002 -12"><span class='ocrx_word' id='word_1_35' title='bbox 621 596 678 648; x_wconf 84' lang='lat' dir='ltr'><strong>in</strong></span> <span class='ocrx_word' id='word_1_36' title='bbox 705 593 974 647; x_wconf 83' lang='lat' dir='ltr'><strong>interitum</strong></span> <span class='ocrx_word' id='word_1_37' title='bbox 995 594 1192 646; x_wconf 85' lang='lat' dir='ltr'><strong>carnis.</strong></span> <span class='ocrx_word' id='word_1_38' title='bbox 1226 589 1477 660; x_wconf 81' lang='lat' dir='ltr'><strong>Nunquid</strong></span> <span class='ocrx_word' id='word_1_39' title='bbox 1504 591 1798 659; x_wconf 90' lang='lat' dir='ltr'><strong>putandum</strong></span> <span class='ocrx_word' id='word_1_40' title='bbox 1822 600 1909 645; x_wconf 91' lang='lat' dir='ltr'><strong>est</strong></span> <span class='ocrx_word' id='word_1_41' title='bbox 1934 593 2076 660; x_wconf 90' lang='lat' dir='ltr'><strong>quod</strong></span> <span class='ocrx_word' id='word_1_42' title='bbox 2101 592 2204 645; x_wconf 85' lang='lat' dir='ltr'><strong>ini-</strong></span> 
     </span>
    </p>
   </div>
   <div class='ocr_carea' id='block_1_8' title="bbox 623 683 2200 754">
    <p class='ocr_par' dir='ltr' id='par_1_8' title="bbox 623 683 2200 754">
     <span class='ocr_line' id='line_1_8' title="bbox 623 683 2200 754; baseline 0 -17"><span class='ocrx_word' id='word_1_43' title='bbox 623 701 787 754; x_wconf 88' lang='lat' dir='ltr'><strong>quum</strong></span> <span class='ocrx_word' id='word_1_44' title='bbox 816 684 932 739; x_wconf 85' lang='lat' dir='ltr'><strong>ﬁeri</strong></span> <span class='ocrx_word' id='word_1_45' title='bbox 956 684 1169 739; x_wconf 78' lang='lat' dir='ltr'><strong>volebat</strong></span> <span class='ocrx_word' id='word_1_46' title='bbox 1191 698 1350 753; x_wconf 87' lang='lat' dir='ltr'><strong>quem</strong></span> <span class='ocrx_word' id='word_1_47' title='bbox 1371 683 1585 737; x_wconf 86' lang='lat' dir='ltr'><strong>dicebat</strong></span> <span class='ocrx_word' id='word_1_48' title='bbox 1606 684 1741 737; x_wconf 86' lang='lat' dir='ltr'><strong>tradi</strong></span> <span class='ocrx_word' id='word_1_49' title='bbox 1768 683 1968 738; x_wconf 85' lang='lat' dir='ltr'><strong>debere</strong></span> <span class='ocrx_word' id='word_1_50' title='bbox 1987 683 2200 737; x_wconf 72' lang='lat' dir='ltr'><strong>Satanae</strong></span> 
     </span>
    </p>
   </div>
   <div class='ocr_carea' id='block_1_9' title="bbox 622 775 2197 847">
    <p class='ocr_par' dir='ltr' id='par_1_9' title="bbox 622 775 2197 847">
     <span class='ocr_line' id='line_1_9' title="bbox 622 775 2197 847; baseline -0.001 -15"><span class='ocrx_word' id='word_1_51' title='bbox 622 779 676 832; x_wconf 90' lang='lat' dir='ltr'><strong>in</strong></span> <span class='ocrx_word' id='word_1_52' title='bbox 703 778 983 832; x_wconf 89' lang='lat' dir='ltr'><strong>interitum</strong></span> <span class='ocrx_word' id='word_1_53' title='bbox 1016 778 1240 832; x_wconf 82' lang='lat' dir='ltr'><strong>carnis?</strong></span> <span class='ocrx_word' id='word_1_54' title='bbox 1279 777 1418 843; x_wconf 87' lang='lat' dir='ltr'><strong>Quin</strong></span> <span class='ocrx_word' id='word_1_55' title='bbox 1446 776 1626 846; x_wconf 92' lang='lat' dir='ltr'><strong>potius</strong></span> <span class='ocrx_word' id='word_1_56' title='bbox 1657 785 1904 847; x_wconf 87' lang='lat' dir='ltr'><strong>apparet,</strong></span> <span class='ocrx_word' id='word_1_57' title='bbox 1943 775 2197 845; x_wconf 86' lang='lat' dir='ltr'><strong>quoniam</strong></span> 
     </span>
    </p>
   </div>
   <div class='ocr_carea' id='block_1_10' title="bbox 622 869 2193 940">
    <p class='ocr_par' dir='ltr' id='par_1_10' title="bbox 622 869 2193 940">
     <span class='ocr_line' id='line_1_10' title="bbox 622 869 2193 940; baseline -0.001 -15"><span class='ocrx_word' id='word_1_58' title='bbox 622 888 718 940; x_wconf 85' lang='lat' dir='ltr'><strong>pro</strong></span> <span class='ocrx_word' id='word_1_59' title='bbox 750 871 922 926; x_wconf 82' lang='lat' dir='ltr'><strong>salute</strong></span> <span class='ocrx_word' id='word_1_60' title='bbox 967 869 1085 939; x_wconf 84' lang='lat' dir='ltr'><strong>ejus</strong></span> <span class='ocrx_word' id='word_1_61' title='bbox 1121 870 1366 926; x_wconf 82' lang='lat' dir='ltr'><strong>tradebat</strong></span> <span class='ocrx_word' id='word_1_62' title='bbox 1411 886 1628 926; x_wconf 86' lang='lat' dir='ltr'><strong>carnem</strong></span> <span class='ocrx_word' id='word_1_63' title='bbox 1670 870 1785 939; x_wconf 87' lang='lat' dir='ltr'><strong>ejus</strong></span> <span class='ocrx_word' id='word_1_64' title='bbox 1812 869 1864 923; x_wconf 91' lang='lat' dir='ltr'><strong>in</strong></span> <span class='ocrx_word' id='word_1_65' title='bbox 1893 869 2193 924; x_wconf 91' lang='lat' dir='ltr'><strong>interitum.</strong></span> 
     </span>
    </p>
   </div>
   <div class='ocr_carea' id='block_1_11' title="bbox 622 962 2195 1033">
    <p class='ocr_par' dir='ltr' id='par_1_11' title="bbox 622 962 2195 1033">
     <span class='ocr_line' id='line_1_11' title="bbox 622 962 2195 1033; baseline -0.003 -14"><span class='ocrx_word' id='word_1_66' title='bbox 622 965 863 1033; x_wconf 71' lang='lat' dir='ltr'><strong>Dunique</strong></span> <span class='ocrx_word' id='word_1_67' title='bbox 880 965 1027 1018; x_wconf 83' lang='lat' dir='ltr'><strong>addit</strong></span> <span class='ocrx_word' id='word_1_68' title='bbox 1041 963 1227 1018; x_wconf 89' lang='lat' dir='ltr'><strong>dicens</strong></span> <span class='ocrx_word' id='word_1_69' title='bbox 1247 982 1259 1017; x_wconf 90' lang='lat'>:</span> <span class='ocrx_word' id='word_1_70' title='bbox 1285 962 1505 1016; x_wconf 80' lang='lat' dir='ltr'><strong>Tradidi</strong></span> <span class='ocrx_word' id='word_1_71' title='bbox 1522 963 1779 1033; x_wconf 81' lang='lat' dir='ltr'><strong>ejusmodi</strong></span> <span class='ocrx_word' id='word_1_72' title='bbox 1797 964 2061 1016; x_wconf 79' lang='lat' dir='ltr'><strong>hominem</strong></span> <span class='ocrx_word' id='word_1_73' title='bbox 2089 962 2195 1017; x_wconf 88' lang='lat' dir='ltr'><strong>Sa-</strong></span> 
     </span>
    </p>
   </div>
   <div class='ocr_carea' id='block_1_12' title="bbox 618 1054 2197 1125">
    <p class='ocr_par' dir='ltr' id='par_1_12' title="bbox 618 1054 2197 1125">
     <span class='ocr_line' id='line_1_12' title="bbox 618 1054 2197 1125; baseline -0.001 -15"><span class='ocrx_word' id='word_1_74' title='bbox 618 1067 759 1111; x_wconf 64' lang='lat' dir='ltr'><strong>tanae</strong></span> <span class='ocrx_word' id='word_1_75' title='bbox 797 1057 854 1111; x_wconf 84' lang='lat' dir='ltr'><strong>in</strong></span> <span class='ocrx_word' id='word_1_76' title='bbox 878 1059 1147 1111; x_wconf 85' lang='lat' dir='ltr'><strong>interitum</strong></span> <span class='ocrx_word' id='word_1_77' title='bbox 1166 1058 1361 1120; x_wconf 83' lang='lat' dir='ltr'><strong>carnis,</strong></span> <span class='ocrx_word' id='word_1_78' title='bbox 1388 1068 1441 1110; x_wconf 85' lang='lat' dir='ltr'><strong>ut</strong></span> <span class='ocrx_word' id='word_1_79' title='bbox 1464 1057 1679 1125; x_wconf 88' lang='lat' dir='ltr'><strong>spiritus</strong></span> <span class='ocrx_word' id='word_1_80' title='bbox 1708 1054 1882 1109; x_wconf 86' lang='lat' dir='ltr'><strong>salvus</strong></span> <span class='ocrx_word' id='word_1_81' title='bbox 1913 1055 2005 1125; x_wconf 80' lang='lat' dir='ltr'><strong>ﬁat</strong></span> <span class='ocrx_word' id='word_1_82' title='bbox 2033 1056 2087 1109; x_wconf 87' lang='lat' dir='ltr'><strong>in</strong></span> <span class='ocrx_word' id='word_1_83' title='bbox 2112 1055 2197 1109; x_wconf 82' lang='lat' dir='ltr'><strong>die</strong></span> 
     </span>
    </p>
   </div>
   <div class='ocr_carea' id='block_1_13' title="bbox 622 1148 2193 1220">
    <p class='ocr_par' dir='ltr' id='par_1_13' title="bbox 622 1148 2193 1220">
     <span class='ocr_line' id='line_1_13' title="bbox 622 1148 2193 1220; baseline 0.001 -18"><span class='ocrx_word' id='word_1_84' title='bbox 622 1149 853 1216; x_wconf 82' lang='lat' dir='ltr'><strong>Domini,</strong></span> <span class='ocrx_word' id='word_1_85' title='bbox 895 1152 1193 1206; x_wconf 89' lang='lat' dir='ltr'><strong>ostendens</strong></span> <span class='ocrx_word' id='word_1_86' title='bbox 1219 1166 1324 1206; x_wconf 91' lang='lat' dir='ltr'><strong>non</strong></span> <span class='ocrx_word' id='word_1_87' title='bbox 1367 1165 1525 1220; x_wconf 87' lang='lat' dir='ltr'><strong>posse</strong></span> <span class='ocrx_word' id='word_1_88' title='bbox 1553 1149 1752 1204; x_wconf 85' lang='lat' dir='ltr'><strong>salvari</strong></span> <span class='ocrx_word' id='word_1_89' title='bbox 1785 1148 2057 1219; x_wconf 84' lang='lat' dir='ltr'><strong>spiritum,</strong></span> <span class='ocrx_word' id='word_1_90' title='bbox 2090 1148 2193 1203; x_wconf 90' lang='lat' dir='ltr'><strong>nisi</strong></span> 
     </span>
    </p>
   </div>
   <div class='ocr_carea' id='block_1_14' title="bbox 619 1243 2194 1311">
    <p class='ocr_par' dir='ltr' id='par_1_14' title="bbox 619 1243 2194 1311">
     <span class='ocr_line' id='line_1_14' title="bbox 619 1243 2194 1311; baseline 0 -13"><span class='ocrx_word' id='word_1_91' title='bbox 619 1260 747 1298; x_wconf 81' lang='lat' dir='ltr'><strong>caro</strong></span> <span class='ocrx_word' id='word_1_92' title='bbox 772 1244 826 1299; x_wconf 91' lang='lat' dir='ltr'><strong>in</strong></span> <span class='ocrx_word' id='word_1_93' title='bbox 851 1246 1129 1301; x_wconf 89' lang='lat' dir='ltr'><strong>interitum</strong></span> <span class='ocrx_word' id='word_1_94' title='bbox 1157 1246 1485 1300; x_wconf 84' lang='lat' dir='ltr'><strong>traderetur.</strong></span> <span class='ocrx_word' id='word_1_95' title='bbox 1515 1245 1649 1311; x_wconf 86' lang='lat' dir='ltr'><strong>Quis</strong></span> <span class='ocrx_word' id='word_1_96' title='bbox 1679 1257 1809 1311; x_wconf 81' lang='lat' dir='ltr'><strong>ergo</strong></span> <span class='ocrx_word' id='word_1_97' title='bbox 1836 1243 1910 1296; x_wconf 86' lang='lat' dir='ltr'><strong>sit</strong></span> <span class='ocrx_word' id='word_1_98' title='bbox 1940 1243 2194 1298; x_wconf 89' lang='lat' dir='ltr'><strong>interitus</strong></span> 
     </span>
    </p>
   </div>
   <div class='ocr_carea' id='block_1_15' title="bbox 616 1333 2193 1406">
    <p class='ocr_par' dir='ltr' id='par_1_15' title="bbox 616 1333 2193 1406">
     <span class='ocr_line' id='line_1_15' title="bbox 616 1333 2193 1406; baseline -0.003 -15"><span class='ocrx_word' id='word_1_99' title='bbox 616 1338 827 1401; x_wconf 82' lang='lat' dir='ltr'><strong>carnis,</strong></span> <span class='ocrx_word' id='word_1_100' title='bbox 852 1337 999 1391; x_wconf 89' lang='lat' dir='ltr'><strong>audi.</strong></span> <span class='ocrx_word' id='word_1_101' title='bbox 1042 1336 1179 1403; x_wconf 85' lang='lat' dir='ltr'><strong>Quia</strong></span> <span class='ocrx_word' id='word_1_102' title='bbox 1213 1336 1360 1406; x_wconf 92' lang='lat' dir='ltr'><strong>quod</strong></span> <span class='ocrx_word' id='word_1_103' title='bbox 1398 1336 1686 1399; x_wconf 86' lang='lat' dir='ltr'><strong>interierit,</strong></span> <span class='ocrx_word' id='word_1_104' title='bbox 1713 1333 1830 1390; x_wconf 88' lang='lat' dir='ltr'><strong>sine</strong></span> <span class='ocrx_word' id='word_1_105' title='bbox 1853 1334 2018 1389; x_wconf 91' lang='lat' dir='ltr'><strong>dubio</strong></span> <span class='ocrx_word' id='word_1_106' title='bbox 2049 1348 2193 1388; x_wconf 91' lang='lat' dir='ltr'><strong>mor-</strong></span> 
     </span>
    </p>
   </div>
   <div class='ocr_carea' id='block_1_16' title="bbox 618 1426 2188 1495">
    <p class='ocr_par' dir='ltr' id='par_1_16' title="bbox 618 1426 2188 1495">
     <span class='ocr_line' id='line_1_16' title="bbox 618 1426 2188 1495; baseline -0.002 -13"><span class='ocrx_word' id='word_1_107' title='bbox 618 1438 768 1482; x_wconf 89' lang='lat' dir='ltr'><strong>tuum</strong></span> <span class='ocrx_word' id='word_1_108' title='bbox 817 1436 923 1482; x_wconf 89' lang='lat' dir='ltr'><strong>est.</strong></span> <span class='ocrx_word' id='word_1_109' title='bbox 959 1426 1105 1482; x_wconf 76' lang='lat' dir='ltr'><strong>Vivit</strong></span> <span class='ocrx_word' id='word_1_110' title='bbox 1129 1437 1308 1482; x_wconf 89' lang='lat' dir='ltr'><strong>autem</strong></span> <span class='ocrx_word' id='word_1_111' title='bbox 1350 1442 1481 1482; x_wconf 88' lang='lat' dir='ltr'><strong>caro</strong></span> <span class='ocrx_word' id='word_1_112' title='bbox 1535 1428 1587 1481; x_wconf 93' lang='lat' dir='ltr'><strong>in</strong></span> <span class='ocrx_word' id='word_1_113' title='bbox 1633 1436 1942 1495; x_wconf 86' lang='lat' dir='ltr'><strong>peccatore,</strong></span> <span class='ocrx_word' id='word_1_114' title='bbox 1976 1438 2188 1481; x_wconf 87' lang='lat' dir='ltr'><strong>mortua</strong></span> 
     </span>
    </p>
   </div>
   <div class='ocr_carea' id='block_1_17' title="bbox 614 1518 2189 1592">
    <p class='ocr_par' dir='ltr' id='par_1_17' title="bbox 614 1518 2189 1592">
     <span class='ocr_line' id='line_1_17' title="bbox 614 1518 2189 1592; baseline 0.001 -19"><span class='ocrx_word' id='word_1_115' title='bbox 614 1530 696 1574; x_wconf 85' lang='lat' dir='ltr'><strong>est</strong></span> <span class='ocrx_word' id='word_1_116' title='bbox 734 1536 862 1576; x_wconf 92' lang='lat' dir='ltr'><strong>caro</strong></span> <span class='ocrx_word' id='word_1_117' title='bbox 889 1520 941 1574; x_wconf 89' lang='lat' dir='ltr'><strong>in</strong></span> <span class='ocrx_word' id='word_1_118' title='bbox 970 1520 1379 1590; x_wconf 87' lang='lat' dir='ltr'><strong>hominejusto.</strong></span> <span class='ocrx_word' id='word_1_119' title='bbox 1416 1518 1645 1592; x_wconf 84' lang='lat' dir='ltr'><strong>Propter</strong></span> <span class='ocrx_word' id='word_1_120' title='bbox 1674 1522 1816 1591; x_wconf 92' lang='lat' dir='ltr'><strong>quod</strong></span> <span class='ocrx_word' id='word_1_121' title='bbox 1855 1529 1909 1576; x_wconf 88' lang='lat' dir='ltr'><strong>et</strong></span> <span class='ocrx_word' id='word_1_122' title='bbox 1937 1518 2068 1589; x_wconf 89' lang='lat' dir='ltr'><strong>justi</strong></span> <span class='ocrx_word' id='word_1_123' title='bbox 2108 1521 2189 1575; x_wconf 85' lang='lat' dir='ltr'><strong>tli-</strong></span> 
     </span>
    </p>
   </div>
   <div class='ocr_carea' id='block_1_18' title="bbox 613 1611 2188 1684">
    <p class='ocr_par' dir='ltr' id='par_1_18' title="bbox 613 1611 2188 1684">
     <span class='ocr_line' id='line_1_18' title="bbox 613 1611 2188 1684; baseline -0.002 -15"><span class='ocrx_word' id='word_1_124' title='bbox 613 1624 743 1669; x_wconf 82' lang='lat' dir='ltr'><strong>Cunt</strong></span> <span class='ocrx_word' id='word_1_125' title='bbox 784 1614 831 1646; x_wconf 77' lang='grc'>⁹³</span> <span class='ocrx_word' id='word_1_126' title='bbox 876 1628 889 1663; x_wconf 85' lang='lat'><strong>:</strong></span> <span class='ocrx_word' id='word_1_127' title='bbox 940 1611 1158 1682; x_wconf 85' lang='lat' dir='ltr'><strong>Semper</strong></span> <span class='ocrx_word' id='word_1_128' title='bbox 1211 1615 1669 1684; x_wconf 77' lang='lat' dir='ltr'><strong>mortiﬁcationem</strong></span> <span class='ocrx_word' id='word_1_129' title='bbox 1713 1614 1845 1670; x_wconf 74' lang='lat' dir='ltr'><strong>Iesu</strong></span> <span class='ocrx_word' id='word_1_130' title='bbox 1895 1614 2093 1670; x_wconf 83' lang='lat' dir='ltr'><strong>Christi</strong></span> <span class='ocrx_word' id='word_1_131' title='bbox 2132 1617 2188 1667; x_wconf 85' lang='lat' dir='ltr'><strong>in</strong></span> 
     </span>
    </p>
   </div>
   <div class='ocr_carea' id='block_1_19' title="bbox 2312 402 3771 469">
    <p class='ocr_par' dir='ltr' id='par_1_19' title="bbox 2312 402 3771 469">
     <span class='ocr_line' id='line_1_19' title="bbox 2312 402 3771 469; baseline 0.004 -16"><span class='ocrx_word' id='word_1_132' title='bbox 2312 408 2484 466; x_wconf 91' lang='lat' dir='ltr'><strong>retur,</strong></span> <span class='ocrx_word' id='word_1_133' title='bbox 2518 402 2668 469; x_wconf 87' lang='lat' dir='ltr'><strong>prius</strong></span> <span class='ocrx_word' id='word_1_134' title='bbox 2693 403 2826 457; x_wconf 68' lang='lat' dir='ltr'><strong>dixit</strong></span> <span class='ocrx_word' id='word_1_135' title='bbox 2853 404 3125 459; x_wconf 87' lang='lat' dir='ltr'><strong>intlrmari</strong></span> <span class='ocrx_word' id='word_1_136' title='bbox 3158 418 3401 458; x_wconf 90' lang='lat' dir='ltr'><strong>carnem</strong></span> <span class='ocrx_word' id='word_1_137' title='bbox 3427 417 3597 468; x_wconf 82' lang='lat' dir='ltr'><strong>suam;</strong></span> <span class='ocrx_word' id='word_1_138' title='bbox 3625 417 3666 458; x_wconf 80' lang='lat' dir='ltr'><strong>et</strong></span> <span class='ocrx_word' id='word_1_139' title='bbox 3689 409 3771 464; x_wconf 60' lang='lat' dir='ltr'><strong>diog</strong></span> 
     </span>
    </p>
   </div>
   <div class='ocr_carea' id='block_1_20' title="bbox 2310 493 3773 564">
    <p class='ocr_par' dir='ltr' id='par_1_20' title="bbox 2310 493 3773 564">
     <span class='ocr_line' id='line_1_20' title="bbox 2310 493 3773 564; baseline 0.003 -18"><span class='ocrx_word' id='word_1_140' title='bbox 2310 493 2692 547; x_wconf 88' lang='lat' dir='ltr'><strong>inﬁrmabatur</strong></span> <span class='ocrx_word' id='word_1_141' title='bbox 2716 495 2930 564; x_wconf 89' lang='lat' dir='ltr'><strong>quidem</strong></span> <span class='ocrx_word' id='word_1_142' title='bbox 2961 512 3116 562; x_wconf 86' lang='lat' dir='ltr'><strong>caro,</strong></span> <span class='ocrx_word' id='word_1_143' title='bbox 3146 494 3425 563; x_wconf 89' lang='lat' dir='ltr'><strong>spiritum</strong></span> <span class='ocrx_word' id='word_1_144' title='bbox 3458 507 3773 564; x_wconf 61' lang='lat' dir='ltr'><strong>prompturus-2</strong></span> 
     </span>
    </p>
   </div>
   <div class='ocr_carea' id='block_1_21' title="bbox 2309 584 3773 657">
    <p class='ocr_par' dir='ltr' id='par_1_21' title="bbox 2309 584 3773 657">
     <span class='ocr_line' id='line_1_21' title="bbox 2309 584 3773 657; baseline 0.004 -19"><span class='ocrx_word' id='word_1_145' title='bbox 2309 584 2554 651; x_wconf 89' lang='lat' dir='ltr'><strong>dicebat;</strong></span> <span class='ocrx_word' id='word_1_146' title='bbox 2600 600 2722 641; x_wconf 89' lang='lat' dir='ltr'><strong>cum</strong></span> <span class='ocrx_word' id='word_1_147' title='bbox 2767 602 2895 641; x_wconf 89' lang='lat' dir='ltr'><strong>vero</strong></span> <span class='ocrx_word' id='word_1_148' title='bbox 2949 588 3102 642; x_wconf 91' lang='lat' dir='ltr'><strong>cruci</strong></span> <span class='ocrx_word' id='word_1_149' title='bbox 3148 602 3288 641; x_wconf 85' lang='lat' dir='ltr'><strong>eam</strong></span> <span class='ocrx_word' id='word_1_150' title='bbox 3342 588 3510 642; x_wconf 84' lang='lat' dir='ltr'><strong>tradit</strong></span> <span class='ocrx_word' id='word_1_151' title='bbox 3560 597 3608 640; x_wconf 87' lang='lat' dir='ltr'><strong>et</strong></span> <span class='ocrx_word' id='word_1_152' title='bbox 3644 590 3773 657; x_wconf 56' lang='lat' dir='ltr'><strong>peds;</strong></span> 
     </span>
    </p>
   </div>
   <div class='ocr_carea' id='block_1_22' title="bbox 2310 677 3775 750">
    <p class='ocr_par' dir='ltr' id='par_1_22' title="bbox 2310 677 3775 750">
     <span class='ocr_line' id='line_1_22' title="bbox 2310 677 3775 750; baseline 0.005 -22"><span class='ocrx_word' id='word_1_153' title='bbox 2310 684 2483 730; x_wconf 89' lang='lat' dir='ltr'><strong>morte</strong></span> <span class='ocrx_word' id='word_1_154' title='bbox 2517 687 2880 741; x_wconf 86' lang='lat' dir='ltr'><strong>consummat,</strong></span> <span class='ocrx_word' id='word_1_155' title='bbox 2906 688 3034 732; x_wconf 90' lang='lat' dir='ltr'><strong>tunc</strong></span> <span class='ocrx_word' id='word_1_156' title='bbox 3070 694 3193 731; x_wconf 88' lang='lat' dir='ltr'><strong>non</strong></span> <span class='ocrx_word' id='word_1_157' title='bbox 3230 677 3356 746; x_wconf 81' lang='lat' dir='ltr'><strong>jam</strong></span> <span class='ocrx_word' id='word_1_158' title='bbox 3404 689 3671 748; x_wconf 86' lang='lat' dir='ltr'><strong>promptum</strong></span> <span class='ocrx_word' id='word_1_159' title='bbox 3697 683 3775 750; x_wconf 73' lang='lat' dir='ltr'><strong>spin-</strong></span> 
     </span>
    </p>
   </div>
   <div class='ocr_carea' id='block_1_23' title="bbox 2310 767 3777 837">
    <p class='ocr_par' dir='ltr' id='par_1_23' title="bbox 2310 767 3777 837">
     <span class='ocr_line' id='line_1_23' title="bbox 2310 767 3777 837; baseline 0.001 -17"><span class='ocrx_word' id='word_1_160' title='bbox 2310 777 2445 834; x_wconf 88' lang='lat' dir='ltr'><strong>tum,</strong></span> <span class='ocrx_word' id='word_1_161' title='bbox 2473 768 2567 823; x_wconf 90' lang='lat' dir='ltr'><strong>sed</strong></span> <span class='ocrx_word' id='word_1_162' title='bbox 2600 770 2651 822; x_wconf 90' lang='lat' dir='ltr'><strong>in</strong></span> <span class='ocrx_word' id='word_1_163' title='bbox 2682 769 2933 823; x_wconf 89' lang='lat' dir='ltr'><strong>manibus</strong></span> <span class='ocrx_word' id='word_1_164' title='bbox 2978 768 3165 822; x_wconf 83' lang='lat' dir='ltr'><strong>Patris</strong></span> <span class='ocrx_word' id='word_1_165' title='bbox 3223 767 3476 837; x_wconf 89' lang='lat' dir='ltr'><strong>positum</strong></span> <span class='ocrx_word' id='word_1_166' title='bbox 3505 783 3614 822; x_wconf 88' lang='lat' dir='ltr'><strong>esse</strong></span> <span class='ocrx_word' id='word_1_167' title='bbox 3636 778 3777 823; x_wconf 67' lang='lat' dir='ltr'><strong>testata.</strong></span> 
     </span>
    </p>
   </div>
   <div class='ocr_carea' id='block_1_24' title="bbox 2307 858 3779 915">
    <p class='ocr_par' dir='ltr' id='par_1_24' title="bbox 2307 858 3779 915">
     <span class='ocr_line' id='line_1_24' title="bbox 2307 858 3779 915; baseline 0.001 -2"><span class='ocrx_word' id='word_1_168' title='bbox 2307 858 2432 914; x_wconf 70' lang='lat' dir='ltr'><strong>Haec</strong></span> <span class='ocrx_word' id='word_1_169' title='bbox 2462 868 2637 913; x_wconf 89' lang='lat' dir='ltr'><strong>autem</strong></span> <span class='ocrx_word' id='word_1_170' title='bbox 2664 860 2752 914; x_wconf 91' lang='lat' dir='ltr'><strong>ille</strong></span> <span class='ocrx_word' id='word_1_171' title='bbox 2787 861 2838 914; x_wconf 93' lang='lat' dir='ltr'><strong>in</strong></span> <span class='ocrx_word' id='word_1_172' title='bbox 2878 874 2936 913; x_wconf 90' lang='lat' dir='ltr'><strong>se</strong></span> <span class='ocrx_word' id='word_1_173' title='bbox 2964 860 3306 915; x_wconf 85' lang='lat' dir='ltr'><strong>describens</strong></span> <span class='ocrx_word' id='word_1_174' title='bbox 3347 861 3549 913; x_wconf 86' lang='lat' dir='ltr'><strong>nostris</strong></span> <span class='ocrx_word' id='word_1_175' title='bbox 3583 860 3779 915; x_wconf 65' lang='lat' dir='ltr'><strong>eruditioni-</strong></span> 
     </span>
    </p>
   </div>
   <div class='ocr_carea' id='block_1_25' title="bbox 2304 953 3780 1023">
    <p class='ocr_par' dir='ltr' id='par_1_25' title="bbox 2304 953 3780 1023">
     <span class='ocr_line' id='line_1_25' title="bbox 2304 953 3780 1023; baseline -0.001 -15"><span class='ocrx_word' id='word_1_176' title='bbox 2304 957 2406 1008; x_wconf 92' lang='lat' dir='ltr'><strong>bus</strong></span> <span class='ocrx_word' id='word_1_177' title='bbox 2436 955 2709 1023; x_wconf 67' lang='lat' dir='ltr'><strong>praebebat</strong></span> <span class='ocrx_word' id='word_1_178' title='bbox 2737 954 3067 1023; x_wconf 83' lang='lat' dir='ltr'><strong>exemplum.</strong></span> <span class='ocrx_word' id='word_1_179' title='bbox 3115 954 3378 1022; x_wconf 89' lang='lat' dir='ltr'><strong>Propter</strong></span> <span class='ocrx_word' id='word_1_180' title='bbox 3417 967 3513 1007; x_wconf 87' lang='lat' dir='ltr'><strong>nos</strong></span> <span class='ocrx_word' id='word_1_181' title='bbox 3540 953 3661 1007; x_wconf 82' lang='lat' dir='ltr'><strong>enim</strong></span> <span class='ocrx_word' id='word_1_182' title='bbox 3682 964 3780 1007; x_wconf 59' lang='lat' dir='ltr'><strong>etwa</strong></span> 
     </span>
    </p>
   </div>
   <div class='ocr_carea' id='block_1_26' title="bbox 2302 1045 3779 1115">
    <p class='ocr_par' dir='ltr' id='par_1_26' title="bbox 2302 1045 3779 1115">
     <span class='ocr_line' id='line_1_26' title="bbox 2302 1045 3779 1115; baseline -0.001 -14"><span class='ocrx_word' id='word_1_183' title='bbox 2302 1046 2385 1101; x_wconf 90' lang='lat' dir='ltr'><strong>bis</strong></span> <span class='ocrx_word' id='word_1_184' title='bbox 2416 1046 2663 1102; x_wconf 89' lang='lat' dir='ltr'><strong>inﬁrmus</strong></span> <span class='ocrx_word' id='word_1_185' title='bbox 2689 1056 2831 1101; x_wconf 86' lang='lat' dir='ltr'><strong>erat.</strong></span> <span class='ocrx_word' id='word_1_186' title='bbox 2877 1045 3001 1101; x_wconf 83' lang='lat' dir='ltr'><strong>Ideo</strong></span> <span class='ocrx_word' id='word_1_187' title='bbox 3035 1047 3476 1102; x_wconf 87' lang='lat' dir='ltr'><strong>consideremus</strong></span> <span class='ocrx_word' id='word_1_188' title='bbox 3526 1049 3779 1115; x_wconf 62' lang='lat' dir='ltr'><strong>nosmetipsi,</strong></span> 
     </span>
    </p>
   </div>
   <div class='ocr_carea' id='block_1_27' title="bbox 2301 1138 3781 1205">
    <p class='ocr_par' dir='ltr' id='par_1_27' title="bbox 2301 1138 3781 1205">
     <span class='ocr_line' id='line_1_27' title="bbox 2301 1138 3781 1205; baseline -0.001 -12"><span class='ocrx_word' id='word_1_189' title='bbox 2301 1139 2347 1193; x_wconf 89' lang='lat' dir='ltr'><strong>si</strong></span> <span class='ocrx_word' id='word_1_190' title='bbox 2375 1139 2587 1193; x_wconf 89' lang='lat' dir='ltr'><strong>inﬁrma</strong></span> <span class='ocrx_word' id='word_1_191' title='bbox 2614 1149 2697 1193; x_wconf 91' lang='lat' dir='ltr'><strong>est</strong></span> <span class='ocrx_word' id='word_1_192' title='bbox 2720 1155 2848 1193; x_wconf 91' lang='lat' dir='ltr'><strong>caro</strong></span> <span class='ocrx_word' id='word_1_193' title='bbox 2879 1148 3087 1205; x_wconf 88' lang='lat' dir='ltr'><strong>nostra,</strong></span> <span class='ocrx_word' id='word_1_194' title='bbox 3127 1140 3179 1193; x_wconf 92' lang='lat' dir='ltr'><strong>si</strong></span> <span class='ocrx_word' id='word_1_195' title='bbox 3224 1155 3340 1192; x_wconf 91' lang='lat' dir='ltr'><strong>non</strong></span> <span class='ocrx_word' id='word_1_196' title='bbox 3403 1139 3606 1193; x_wconf 86' lang='lat' dir='ltr'><strong>deliciis</strong></span> <span class='ocrx_word' id='word_1_197' title='bbox 3639 1138 3781 1191; x_wconf 49' lang='lat' dir='ltr'><strong>luxurii.</strong></span> 
     </span>
    </p>
   </div>
   <div class='ocr_carea' id='block_1_28' title="bbox 2299 1230 3780 1301">
    <p class='ocr_par' dir='ltr' id='par_1_28' title="bbox 2299 1230 3780 1301">
     <span class='ocr_line' id='line_1_28' title="bbox 2299 1230 3780 1301; baseline 0.003 -21"><span class='ocrx_word' id='word_1_198' title='bbox 2299 1245 2404 1301; x_wconf 89' lang='lat' dir='ltr'><strong>que</strong></span> <span class='ocrx_word' id='word_1_199' title='bbox 2436 1230 2746 1298; x_wconf 88' lang='lat' dir='ltr'><strong>resolvitur,</strong></span> <span class='ocrx_word' id='word_1_200' title='bbox 2779 1232 2892 1287; x_wconf 56' lang='lat' dir='ltr'><strong>haec</strong></span> <span class='ocrx_word' id='word_1_201' title='bbox 2929 1234 2974 1285; x_wconf 87' lang='lat' dir='ltr'><strong>ei</strong></span> <span class='ocrx_word' id='word_1_202' title='bbox 3008 1232 3218 1286; x_wconf 87' lang='lat' dir='ltr'><strong>vitiosa</strong></span> <span class='ocrx_word' id='word_1_203' title='bbox 3267 1231 3490 1286; x_wconf 86' lang='lat' dir='ltr'><strong>sanitas</strong></span> <span class='ocrx_word' id='word_1_204' title='bbox 3532 1241 3696 1300; x_wconf 63' lang='lat' dir='ltr'><strong>priesto</strong></span> <span class='ocrx_word' id='word_1_205' title='bbox 3724 1245 3780 1285; x_wconf 77' lang='lat' dir='ltr'><strong>est:</strong></span> 
     </span>
    </p>
   </div>
   <div class='ocr_carea' id='block_1_29' title="bbox 2300 1323 3782 1401">
    <p class='ocr_par' dir='ltr' id='par_1_29' title="bbox 2300 1323 3782 1401">
     <span class='ocr_line' id='line_1_29' title="bbox 2300 1323 3782 1401; baseline 0.005 -25"><span class='ocrx_word' id='word_1_206' title='bbox 2300 1324 2420 1379; x_wconf 89' lang='lat' dir='ltr'><strong>vide</strong></span> <span class='ocrx_word' id='word_1_207' title='bbox 2440 1325 2485 1377; x_wconf 90' lang='lat' dir='ltr'><strong>si</strong></span> <span class='ocrx_word' id='word_1_208' title='bbox 2508 1339 2604 1393; x_wconf 87' lang='lat' dir='ltr'><strong>per</strong></span> <span class='ocrx_word' id='word_1_209' title='bbox 2624 1325 3013 1383; x_wconf 85' lang='lat' dir='ltr'><strong>abstinentiam</strong></span> <span class='ocrx_word' id='word_1_210' title='bbox 3044 1324 3457 1401; x_wconf 79' lang='lat' dir='ltr'><strong>quotidianam</strong></span> <span class='ocrx_word' id='word_1_211' title='bbox 3490 1324 3678 1378; x_wconf 73' lang='lat' dir='ltr'><strong>inﬁrma</strong></span> <span class='ocrx_word' id='word_1_212' title='bbox 3698 1323 3782 1376; x_wconf 52' lang='lat' dir='ltr'><strong>fﬂi-</strong></span> 
     </span>
    </p>
   </div>
   <div class='ocr_carea' id='block_1_30' title="bbox 2300 1410 3779 1492">
    <p class='ocr_par' dir='ltr' id='par_1_30' title="bbox 2300 1410 3779 1492">
     <span class='ocr_line' id='line_1_30' title="bbox 2300 1410 3779 1492; baseline -0.004 -17"><span class='ocrx_word' id='word_1_213' title='bbox 2300 1430 2390 1476; x_wconf 93' lang='lat' dir='ltr'><strong>tur</strong></span> <span class='ocrx_word' id='word_1_214' title='bbox 2428 1435 2581 1485; x_wconf 88' lang='lat' dir='ltr'><strong>caro.</strong></span> <span class='ocrx_word' id='word_1_215' title='bbox 2605 1422 2649 1477; x_wconf 91' lang='lat' dir='ltr'><strong>si</strong></span> <span class='ocrx_word' id='word_1_216' title='bbox 2676 1437 2771 1492; x_wconf 91' lang='lat' dir='ltr'><strong>per</strong></span> <span class='ocrx_word' id='word_1_217' title='bbox 2789 1426 3192 1479; x_wconf 73' lang='lat' dir='ltr'><strong>continentiam</strong></span> <span class='ocrx_word' id='word_1_218' title='bbox 3229 1410 3509 1477; x_wconf 77' lang='lat' dir='ltr'><strong>desideria</strong></span> <span class='ocrx_word' id='word_1_219' title='bbox 3534 1417 3779 1478; x_wconf 74' lang='lat' dir='ltr'><strong>refrcnsntu,</strong></span> 
     </span>
    </p>
   </div>
   <div class='ocr_carea' id='block_1_31' title="bbox 2296 1509 3781 1590">
    <p class='ocr_par' dir='ltr' id='par_1_31' title="bbox 2296 1509 3781 1590">
     <span class='ocr_line' id='line_1_31' title="bbox 2296 1509 3781 1590; baseline -0.005 -20"><span class='ocrx_word' id='word_1_220' title='bbox 2296 1517 2461 1572; x_wconf 86' lang='lat' dir='ltr'><strong>libido</strong></span> <span class='ocrx_word' id='word_1_221' title='bbox 2482 1520 2882 1590; x_wconf 91' lang='lat' dir='ltr'><strong>comprimitur,</strong></span> <span class='ocrx_word' id='word_1_222' title='bbox 2900 1519 3029 1573; x_wconf 79' lang='lat' dir='ltr'><strong>vitia</strong></span> <span class='ocrx_word' id='word_1_223' title='bbox 3052 1509 3473 1587; x_wconf 77' lang='lat' dir='ltr'><strong>conquiescunt</strong></span> <span class='ocrx_word' id='word_1_224' title='bbox 3499 1532 3513 1566; x_wconf 90' lang='lat'>:</span> <span class='ocrx_word' id='word_1_225' title='bbox 3539 1524 3647 1566; x_wconf 87' lang='lat' dir='ltr'><strong>tunc</strong></span> <span class='ocrx_word' id='word_1_226' title='bbox 3662 1511 3781 1563; x_wconf 61' lang='lat' dir='ltr'><strong>etiam?</strong></span> 
     </span>
    </p>
   </div>
   <div class='ocr_carea' id='block_1_32' title="bbox 2296 1604 3779 1678">
    <p class='ocr_par' dir='ltr' id='par_1_32' title="bbox 2296 1604 3779 1678">
     <span class='ocr_line' id='line_1_32' title="bbox 2296 1604 3779 1678; baseline -0.005 -16"><span class='ocrx_word' id='word_1_227' title='bbox 2296 1616 2532 1667; x_wconf 90' lang='lat' dir='ltr'><strong>nondum</strong></span> <span class='ocrx_word' id='word_1_228' title='bbox 2583 1622 2835 1667; x_wconf 88' lang='lat' dir='ltr'><strong>emortua</strong></span> <span class='ocrx_word' id='word_1_229' title='bbox 2879 1621 2987 1678; x_wconf 90' lang='lat' dir='ltr'><strong>est,</strong></span> <span class='ocrx_word' id='word_1_230' title='bbox 3040 1620 3236 1665; x_wconf 87' lang='lat' dir='ltr'><strong>tamen</strong></span> <span class='ocrx_word' id='word_1_231' title='bbox 3290 1623 3405 1662; x_wconf 90' lang='lat' dir='ltr'><strong>non</strong></span> <span class='ocrx_word' id='word_1_232' title='bbox 3462 1617 3543 1660; x_wconf 90' lang='lat' dir='ltr'><strong>est</strong></span> <span class='ocrx_word' id='word_1_233' title='bbox 3584 1604 3779 1660; x_wconf 71' lang='lat' dir='ltr'><strong>ssnitzs‘a</strong></span> 
     </span>
    </p>
   </div>
   <div class='ocr_carea' id='block_1_33' title="bbox 612 1678 3780 1775">
    <p class='ocr_par' dir='ltr' id='par_1_33' title="bbox 612 1678 3780 1775">
     <span class='ocr_line' id='line_1_33' title="bbox 612 1678 3780 1775; baseline -0.005 -15"><span class='ocrx_word' id='word_1_234' title='bbox 612 1722 830 1772; x_wconf 84' lang='lat' dir='ltr'><strong>corpore</strong></span> <span class='ocrx_word' id='word_1_235' title='bbox 856 1718 1035 1761; x_wconf 85' lang='lat' dir='ltr'><strong>nostro</strong></span> <span class='ocrx_word' id='word_1_236' title='bbox 1063 1708 1514 1775; x_wconf 77' lang='lat' dir='ltr'><strong>circumferentes,</strong></span> <span class='ocrx_word' id='word_1_237' title='bbox 1546 1720 1600 1763; x_wconf 86' lang='lat' dir='ltr'><strong>ut</strong></span> <span class='ocrx_word' id='word_1_238' title='bbox 1631 1720 1678 1763; x_wconf 80' lang='lat' dir='ltr'><strong>et</strong></span> <span class='ocrx_word' id='word_1_239' title='bbox 1711 1710 1818 1763; x_wconf 79' lang='lat' dir='ltr'><strong>vita</strong></span> <span class='ocrx_word' id='word_1_240' title='bbox 1843 1706 1969 1762; x_wconf 75' lang='lat' dir='ltr'><strong>Iesu</strong></span> <span class='ocrx_word' id='word_1_241' title='bbox 1988 1707 2188 1762; x_wconf 83' lang='lat' dir='ltr'><strong>Christi</strong></span> <span class='ocrx_word' id='word_1_242' title='bbox 2218 1678 2262 1733; x_wconf 75' lang='grc' dir='ltr'>Β</span> <span class='ocrx_word' id='word_1_243' title='bbox 2292 1717 2457 1758; x_wconf 90' lang='lat' dir='ltr'><strong>carne</strong></span> <span class='ocrx_word' id='word_1_244' title='bbox 2482 1714 2595 1769; x_wconf 88' lang='lat' dir='ltr'><strong>tua,</strong></span> <span class='ocrx_word' id='word_1_245' title='bbox 2614 1703 2709 1760; x_wconf 89' lang='lat' dir='ltr'><strong>sed</strong></span> <span class='ocrx_word' id='word_1_246' title='bbox 2734 1705 2901 1759; x_wconf 77' lang='lat' dir='ltr'><strong>etiam</strong></span> <span class='ocrx_word' id='word_1_247' title='bbox 2922 1704 3169 1760; x_wconf 86' lang='lat' dir='ltr'><strong>membra</strong></span> <span class='ocrx_word' id='word_1_248' title='bbox 3194 1714 3295 1756; x_wconf 90' lang='lat' dir='ltr'><strong>tua</strong></span> <span class='ocrx_word' id='word_1_249' title='bbox 3323 1701 3541 1755; x_wconf 85' lang='lat' dir='ltr'><strong>interim</strong></span> <span class='ocrx_word' id='word_1_250' title='bbox 3562 1696 3780 1751; x_wconf 73' lang='lat' dir='ltr'><strong>mortiﬁcata</strong></span> 
     </span>
    </p>
   </div>
   <div class='ocr_carea' id='block_1_34' title="bbox 610 1797 2186 1867">
    <p class='ocr_par' dir='ltr' id='par_1_34' title="bbox 610 1797 2186 1867">
     <span class='ocr_line' id='line_1_34' title="bbox 610 1797 2186 1867; baseline 0.003 -18"><span class='ocrx_word' id='word_1_251' title='bbox 610 1797 978 1867; x_wconf 73' lang='lat' dir='ltr'><strong>manifestatur</strong></span> <span class='ocrx_word' id='word_1_252' title='bbox 1023 1800 1078 1853; x_wconf 85' lang='lat' dir='ltr'><strong>in</strong></span> <span class='ocrx_word' id='word_1_253' title='bbox 1132 1816 1292 1853; x_wconf 83' lang='lat' dir='ltr'><strong>carne</strong></span> <span class='ocrx_word' id='word_1_254' title='bbox 1354 1810 1535 1854; x_wconf 85' lang='lat' dir='ltr'><strong>nostra</strong></span> <span class='ocrx_word' id='word_1_255' title='bbox 1587 1800 1822 1854; x_wconf 80' lang='lat' dir='ltr'><strong>mortali.</strong></span> <span class='ocrx_word' id='word_1_256' title='bbox 1878 1799 1946 1853; x_wconf 88' lang='lat' dir='ltr'><strong>Et</strong></span> <span class='ocrx_word' id='word_1_257' title='bbox 1991 1801 2186 1854; x_wconf 87' lang='lat' dir='ltr'><strong>iterum</strong></span> 
     </span>
    </p>
   </div>
   <div class='ocr_carea' id='block_1_35' title="bbox 611 1891 2185 1961">
    <p class='ocr_par' dir='ltr' id='par_1_35' title="bbox 611 1891 2185 1961">
     <span class='ocr_line' id='line_1_35' title="bbox 611 1891 2185 1961; baseline 0.001 -18"><span class='ocrx_word' id='word_1_258' title='bbox 611 1891 921 1944; x_wconf 85' lang='lat' dir='ltr'><strong>mandatum</strong></span> <span class='ocrx_word' id='word_1_259' title='bbox 963 1892 1274 1961; x_wconf 90' lang='lat' dir='ltr'><strong>accepimus</strong></span> <span class='ocrx_word' id='word_1_260' title='bbox 1316 1892 1504 1947; x_wconf 86' lang='lat' dir='ltr'><strong>dicens</strong></span> <span class='ocrx_word' id='word_1_261' title='bbox 1536 1892 1582 1924; x_wconf 77' lang='lat'><strong>“</strong></span> <span class='ocrx_word' id='word_1_262' title='bbox 1616 1909 1631 1947; x_wconf 89' lang='lat'><strong>:</strong></span> <span class='ocrx_word' id='word_1_263' title='bbox 1666 1893 1988 1960; x_wconf 78' lang='lat' dir='ltr'><strong>Mortiﬁcate</strong></span> <span class='ocrx_word' id='word_1_264' title='bbox 2024 1908 2185 1946; x_wconf 78' lang='lat' dir='ltr'><strong>ment-</strong></span> 
     </span>
    </p>
   </div>
   <div class='ocr_carea' id='block_1_36' title="bbox 612 1979 2187 2052">
    <p class='ocr_par' dir='ltr' id='par_1_36' title="bbox 612 1979 2187 2052">
     <span class='ocr_line' id='line_1_36' title="bbox 612 1979 2187 2052; baseline 0.003 -21"><span class='ocrx_word' id='word_1_265' title='bbox 612 1979 705 2032; x_wconf 83' lang='lat' dir='ltr'><strong>bra</strong></span> <span class='ocrx_word' id='word_1_266' title='bbox 730 1993 902 2033; x_wconf 82' lang='lat' dir='ltr'><strong>uestra</strong></span> <span class='ocrx_word' id='word_1_267' title='bbox 923 1996 1044 2052; x_wconf 71' lang='lat' dir='ltr'><strong>qua:</strong></span> <span class='ocrx_word' id='word_1_268' title='bbox 1061 1990 1181 2035; x_wconf 81' lang='lat' dir='ltr'><strong>sunt</strong></span> <span class='ocrx_word' id='word_1_269' title='bbox 1203 1997 1358 2049; x_wconf 86' lang='lat' dir='ltr'><strong>super</strong></span> <span class='ocrx_word' id='word_1_270' title='bbox 1381 1993 1596 2035; x_wconf 84' lang='lat' dir='ltr'><strong>terram.</strong></span> <span class='ocrx_word' id='word_1_271' title='bbox 1624 1981 1690 2036; x_wconf 88' lang='lat' dir='ltr'><strong>Et</strong></span> <span class='ocrx_word' id='word_1_272' title='bbox 1713 1981 1905 2036; x_wconf 89' lang='lat' dir='ltr'><strong>beatus</strong></span> <span class='ocrx_word' id='word_1_273' title='bbox 1928 1983 2018 2050; x_wconf 91' lang='lat' dir='ltr'><strong>qui</strong></span> <span class='ocrx_word' id='word_1_274' title='bbox 2047 1997 2187 2036; x_wconf 91' lang='lat' dir='ltr'><strong>mor-</strong></span> 
     </span>
    </p>
   </div>
   <div class='ocr_carea' id='block_1_37' title="bbox 611 2073 2181 2143">
    <p class='ocr_par' dir='ltr' id='par_1_37' title="bbox 611 2073 2181 2143">
     <span class='ocr_line' id='line_1_37' title="bbox 611 2073 2181 2143; baseline 0.003 -18"><span class='ocrx_word' id='word_1_275' title='bbox 611 2080 736 2126; x_wconf 90' lang='lat' dir='ltr'><strong>tuus</strong></span> <span class='ocrx_word' id='word_1_276' title='bbox 765 2082 847 2126; x_wconf 91' lang='lat' dir='ltr'><strong>est</strong></span> <span class='ocrx_word' id='word_1_277' title='bbox 877 2084 1121 2141; x_wconf 89' lang='lat' dir='ltr'><strong>peccato,</strong></span> <span class='ocrx_word' id='word_1_278' title='bbox 1159 2073 1458 2128; x_wconf 90' lang='lat' dir='ltr'><strong>secundum</strong></span> <span class='ocrx_word' id='word_1_279' title='bbox 1509 2075 1655 2143; x_wconf 92' lang='lat' dir='ltr'><strong>quod</strong></span> <span class='ocrx_word' id='word_1_280' title='bbox 1706 2074 1913 2128; x_wconf 91' lang='lat' dir='ltr'><strong>dictum</strong></span> <span class='ocrx_word' id='word_1_281' title='bbox 1959 2083 2043 2128; x_wconf 90' lang='lat' dir='ltr'><strong>est</strong></span> <span class='ocrx_word' id='word_1_282' title='bbox 2082 2075 2129 2107; x_wconf 81' lang='lat'>&quot;</span> <span class='ocrx_word' id='word_1_283' title='bbox 2166 2093 2181 2129; x_wconf 88' lang='lat'><strong>:</strong></span> 
     </span>
    </p>
   </div>
   <div class='ocr_carea' id='block_1_38' title="bbox 607 2162 2185 2237">
    <p class='ocr_par' dir='ltr' id='par_1_38' title="bbox 607 2162 2185 2237">
     <span class='ocr_line' id='line_1_38' title="bbox 607 2162 2185 2237; baseline 0.001 -19"><span class='ocrx_word' id='word_1_284' title='bbox 607 2162 812 2233; x_wconf 84' lang='lat' dir='ltr'><strong>Corpus</strong></span> <span class='ocrx_word' id='word_1_285' title='bbox 842 2165 1050 2237; x_wconf 82' lang='lat' dir='ltr'><strong>quidem</strong></span> <span class='ocrx_word' id='word_1_286' title='bbox 1090 2176 1357 2221; x_wconf 86' lang='lat' dir='ltr'><strong>mortuum</strong></span> <span class='ocrx_word' id='word_1_287' title='bbox 1394 2176 1471 2221; x_wconf 80' lang='lat' dir='ltr'><strong>est</strong></span> <span class='ocrx_word' id='word_1_288' title='bbox 1515 2178 1724 2235; x_wconf 87' lang='lat' dir='ltr'><strong>propter</strong></span> <span class='ocrx_word' id='word_1_289' title='bbox 1755 2178 2052 2236; x_wconf 85' lang='lat' dir='ltr'><strong>peccatum,</strong></span> <span class='ocrx_word' id='word_1_290' title='bbox 2082 2169 2185 2236; x_wconf 89' lang='lat' dir='ltr'><strong>spi-</strong></span> 
     </span>
    </p>
   </div>
   <div class='ocr_carea' id='block_1_39' title="bbox 607 2258 2180 2329">
    <p class='ocr_par' dir='ltr' id='par_1_39' title="bbox 607 2258 2180 2329">
     <span class='ocr_line' id='line_1_39' title="bbox 607 2258 2180 2329; baseline 0.004 -20"><span class='ocrx_word' id='word_1_291' title='bbox 607 2258 741 2310; x_wconf 81' lang='lat' dir='ltr'><strong>ritus</strong></span> <span class='ocrx_word' id='word_1_292' title='bbox 770 2268 946 2310; x_wconf 89' lang='lat' dir='ltr'><strong>autem</strong></span> <span class='ocrx_word' id='word_1_293' title='bbox 970 2258 1076 2311; x_wconf 83' lang='lat' dir='ltr'><strong>rita</strong></span> <span class='ocrx_word' id='word_1_294' title='bbox 1100 2258 1221 2312; x_wconf 81' lang='lat' dir='ltr'><strong>uiuit</strong></span> <span class='ocrx_word' id='word_1_295' title='bbox 1250 2267 1460 2326; x_wconf 85' lang='lat' dir='ltr'><strong>prapter</strong></span> <span class='ocrx_word' id='word_1_296' title='bbox 1497 2258 1966 2329; x_wconf 82' lang='lat' dir='ltr'><strong>justiﬁcationem.</strong></span> <span class='ocrx_word' id='word_1_297' title='bbox 2016 2259 2180 2315; x_wconf 87' lang='lat' dir='ltr'><strong>Tradi</strong></span> 
     </span>
    </p>
   </div>
   <div class='ocr_carea' id='block_1_40' title="bbox 605 2345 2183 2415">
    <p class='ocr_par' dir='ltr' id='par_1_40' title="bbox 605 2345 2183 2415">
     <span class='ocr_line' id='line_1_40' title="bbox 605 2345 2183 2415; baseline 0.004 -16"><span class='ocrx_word' id='word_1_298' title='bbox 605 2359 738 2415; x_wconf 87' lang='lat' dir='ltr'><strong>ergo</strong></span> <span class='ocrx_word' id='word_1_299' title='bbox 767 2345 818 2399; x_wconf 91' lang='lat' dir='ltr'><strong>in</strong></span> <span class='ocrx_word' id='word_1_300' title='bbox 847 2346 1122 2401; x_wconf 90' lang='lat' dir='ltr'><strong>interitum</strong></span> <span class='ocrx_word' id='word_1_301' title='bbox 1147 2348 1327 2402; x_wconf 87' lang='lat' dir='ltr'><strong>carnis</strong></span> <span class='ocrx_word' id='word_1_302' title='bbox 1359 2350 1466 2403; x_wconf 87' lang='lat' dir='ltr'><strong>tale</strong></span> <span class='ocrx_word' id='word_1_303' title='bbox 1495 2357 1598 2413; x_wconf 90' lang='lat' dir='ltr'><strong>est,</strong></span> <span class='ocrx_word' id='word_1_304' title='bbox 1634 2356 1692 2402; x_wconf 90' lang='lat' dir='ltr'><strong>ut</strong></span> <span class='ocrx_word' id='word_1_305' title='bbox 1730 2350 2029 2404; x_wconf 85' lang='lat' dir='ltr'><strong>emoriatur</strong></span> <span class='ocrx_word' id='word_1_306' title='bbox 2055 2365 2183 2405; x_wconf 90' lang='lat' dir='ltr'><strong>sen-</strong></span> 
     </span>
    </p>
   </div>
   <div class='ocr_carea' id='block_1_41' title="bbox 606 2432 2182 2511">
    <p class='ocr_par' dir='ltr' id='par_1_41' title="bbox 606 2432 2182 2511">
     <span class='ocr_line' id='line_1_41' title="bbox 606 2432 2182 2511; baseline 0.003 -18"><span class='ocrx_word' id='word_1_307' title='bbox 606 2453 699 2493; x_wconf 78' lang='lat' dir='ltr'><strong>sus</strong></span> <span class='ocrx_word' id='word_1_308' title='bbox 736 2432 970 2493; x_wconf 80' lang='lat' dir='ltr'><strong>carnalis</strong></span> <span class='ocrx_word' id='word_1_309' title='bbox 1008 2438 1060 2492; x_wconf 92' lang='lat' dir='ltr'><strong>in</strong></span> <span class='ocrx_word' id='word_1_310' title='bbox 1085 2439 1259 2503; x_wconf 89' lang='lat' dir='ltr'><strong>nobis,</strong></span> <span class='ocrx_word' id='word_1_311' title='bbox 1293 2448 1348 2494; x_wconf 91' lang='lat' dir='ltr'><strong>et</strong></span> <span class='ocrx_word' id='word_1_312' title='bbox 1391 2456 1498 2496; x_wconf 91' lang='lat' dir='ltr'><strong>non</strong></span> <span class='ocrx_word' id='word_1_313' title='bbox 1537 2440 1680 2495; x_wconf 82' lang='lat' dir='ltr'><strong>vivat</strong></span> <span class='ocrx_word' id='word_1_314' title='bbox 1706 2443 1892 2496; x_wconf 85' lang='lat' dir='ltr'><strong>carnis</strong></span> <span class='ocrx_word' id='word_1_315' title='bbox 1913 2442 2182 2511; x_wconf 84' lang='lat' dir='ltr'><strong>cupiditas</strong></span> 
     </span>
    </p>
   </div>
   <div class='ocr_carea' id='block_1_42' title="bbox 605 2529 2183 2601">
    <p class='ocr_par' dir='ltr' id='par_1_42' title="bbox 605 2529 2183 2601">
     <span class='ocr_line' id='line_1_42' title="bbox 605 2529 2183 2601; baseline 0.004 -18"><span class='ocrx_word' id='word_1_316' title='bbox 605 2529 659 2584; x_wconf 89' lang='lat' dir='ltr'><strong>in</strong></span> <span class='ocrx_word' id='word_1_317' title='bbox 691 2545 773 2584; x_wconf 87' lang='lat' dir='ltr'><strong>ea.</strong></span> <span class='ocrx_word' id='word_1_318' title='bbox 805 2530 885 2585; x_wconf 81' lang='lat' dir='ltr'><strong>Ex</strong></span> <span class='ocrx_word' id='word_1_319' title='bbox 911 2546 978 2585; x_wconf 89' lang='lat' dir='ltr'><strong>eo</strong></span> <span class='ocrx_word' id='word_1_320' title='bbox 1004 2531 1150 2585; x_wconf 88' lang='lat' dir='ltr'><strong>enim</strong></span> <span class='ocrx_word' id='word_1_321' title='bbox 1203 2531 1345 2601; x_wconf 92' lang='lat' dir='ltr'><strong>quod</strong></span> <span class='ocrx_word' id='word_1_322' title='bbox 1382 2534 1611 2587; x_wconf 91' lang='lat' dir='ltr'><strong>moritur</strong></span> <span class='ocrx_word' id='word_1_323' title='bbox 1659 2547 1855 2589; x_wconf 77' lang='lat' dir='ltr'><strong>sensus</strong></span> <span class='ocrx_word' id='word_1_324' title='bbox 1886 2535 2090 2598; x_wconf 86' lang='lat' dir='ltr'><strong>carnis,</strong></span> <span class='ocrx_word' id='word_1_325' title='bbox 2121 2542 2183 2589; x_wconf 89' lang='lat' dir='ltr'><strong>ut</strong></span> 
     </span>
    </p>
   </div>
   <div class='ocr_carea' id='block_1_43' title="bbox 606 2623 2181 2693">
    <p class='ocr_par' dir='ltr' id='par_1_43' title="bbox 606 2623 2181 2693">
     <span class='ocr_line' id='line_1_43' title="bbox 606 2623 2181 2693; baseline 0.004 -19"><span class='ocrx_word' id='word_1_326' title='bbox 606 2637 711 2674; x_wconf 85' lang='lat' dir='ltr'><strong>non</strong></span> <span class='ocrx_word' id='word_1_327' title='bbox 750 2623 1046 2677; x_wconf 84' lang='lat' dir='ltr'><strong>secundum</strong></span> <span class='ocrx_word' id='word_1_328' title='bbox 1098 2637 1319 2678; x_wconf 85' lang='lat' dir='ltr'><strong>carnem</strong></span> <span class='ocrx_word' id='word_1_329' title='bbox 1373 2624 1667 2692; x_wconf 79' lang='lat' dir='ltr'><strong>sapiamus,</strong></span> <span class='ocrx_word' id='word_1_330' title='bbox 1717 2625 1945 2693; x_wconf 87' lang='lat' dir='ltr'><strong>spiritus</strong></span> <span class='ocrx_word' id='word_1_331' title='bbox 1995 2626 2181 2682; x_wconf 86' lang='lat' dir='ltr'><strong>salvus</strong></span> 
     </span>
    </p>
   </div>
   <div class='ocr_carea' id='block_1_44' title="bbox 604 2712 2178 2783">
    <p class='ocr_par' dir='ltr' id='par_1_44' title="bbox 604 2712 2178 2783">
     <span class='ocr_line' id='line_1_44' title="bbox 604 2712 2178 2783; baseline 0.003 -16"><span class='ocrx_word' id='word_1_332' title='bbox 604 2712 854 2767; x_wconf 82' lang='lat' dir='ltr'><strong>eﬁicitur.</strong></span> <span class='ocrx_word' id='word_1_333' title='bbox 884 2713 1137 2782; x_wconf 88' lang='lat' dir='ltr'><strong>Alioquin</strong></span> <span class='ocrx_word' id='word_1_334' title='bbox 1159 2714 1283 2767; x_wconf 90' lang='lat' dir='ltr'><strong>dum</strong></span> <span class='ocrx_word' id='word_1_335' title='bbox 1316 2713 1442 2767; x_wconf 80' lang='lat' dir='ltr'><strong>vivit</strong></span> <span class='ocrx_word' id='word_1_336' title='bbox 1478 2728 1679 2769; x_wconf 88' lang='lat' dir='ltr'><strong>sensus</strong></span> <span class='ocrx_word' id='word_1_337' title='bbox 1710 2715 1761 2769; x_wconf 92' lang='lat' dir='ltr'><strong>in</strong></span> <span class='ocrx_word' id='word_1_338' title='bbox 1789 2715 1948 2771; x_wconf 87' lang='lat' dir='ltr'><strong>nobis</strong></span> <span class='ocrx_word' id='word_1_339' title='bbox 1971 2716 2178 2783; x_wconf 88' lang='lat' dir='ltr'><strong>carnis,</strong></span> 
     </span>
    </p>
   </div>
   <div class='ocr_carea' id='block_1_45' title="bbox 601 2805 2175 2878">
    <p class='ocr_par' dir='ltr' id='par_1_45' title="bbox 601 2805 2175 2878">
     <span class='ocr_line' id='line_1_45' title="bbox 601 2805 2175 2878; baseline 0.003 -20"><span class='ocrx_word' id='word_1_340' title='bbox 601 2816 652 2859; x_wconf 85' lang='lat' dir='ltr'><strong>et</strong></span> <span class='ocrx_word' id='word_1_341' title='bbox 682 2819 810 2858; x_wconf 88' lang='lat' dir='ltr'><strong>caro</strong></span> <span class='ocrx_word' id='word_1_342' title='bbox 848 2805 1005 2865; x_wconf 89' lang='lat' dir='ltr'><strong>vivit.</strong></span> <span class='ocrx_word' id='word_1_343' title='bbox 1037 2820 1144 2859; x_wconf 88' lang='lat' dir='ltr'><strong>non</strong></span> <span class='ocrx_word' id='word_1_344' title='bbox 1177 2820 1464 2874; x_wconf 89' lang='lat' dir='ltr'><strong>possumus</strong></span> <span class='ocrx_word' id='word_1_345' title='bbox 1493 2806 1561 2861; x_wconf 91' lang='lat' dir='ltr'><strong>de</strong></span> <span class='ocrx_word' id='word_1_346' title='bbox 1586 2807 1926 2878; x_wconf 85' lang='lat' dir='ltr'><strong>spiritalibus</strong></span> <span class='ocrx_word' id='word_1_347' title='bbox 1963 2823 2175 2877; x_wconf 88' lang='lat' dir='ltr'><strong>sapere.</strong></span> 
     </span>
    </p>
   </div>
   <div class='ocr_carea' id='block_1_46' title="bbox 603 2896 2175 2968">
    <p class='ocr_par' dir='ltr' id='par_1_46' title="bbox 603 2896 2175 2968">
     <span class='ocr_line' id='line_1_46' title="bbox 603 2896 2175 2968; baseline 0.003 -16"><span class='ocrx_word' id='word_1_348' title='bbox 603 2896 715 2952; x_wconf 76' lang='lat' dir='ltr'><strong>Hoc</strong></span> <span class='ocrx_word' id='word_1_349' title='bbox 778 2912 908 2968; x_wconf 76' lang='lat' dir='ltr'><strong>ergo</strong></span> <span class='ocrx_word' id='word_1_350' title='bbox 955 2897 1113 2951; x_wconf 90' lang='lat' dir='ltr'><strong>modo</strong></span> <span class='ocrx_word' id='word_1_351' title='bbox 1154 2897 1445 2967; x_wconf 84' lang='lat' dir='ltr'><strong>Apostolus</strong></span> <span class='ocrx_word' id='word_1_352' title='bbox 1510 2899 1735 2954; x_wconf 85' lang='lat' dir='ltr'><strong>tradidit</strong></span> <span class='ocrx_word' id='word_1_353' title='bbox 1785 2901 1837 2954; x_wconf 91' lang='lat' dir='ltr'><strong>in</strong></span> <span class='ocrx_word' id='word_1_354' title='bbox 1894 2901 2175 2956; x_wconf 86' lang='lat' dir='ltr'><strong>interitum</strong></span> 
     </span>
    </p>
   </div>
   <div class='ocr_carea' id='block_1_47' title="bbox 2290 1786 3779 1864">
    <p class='ocr_par' dir='ltr' id='par_1_47' title="bbox 2290 1786 3779 1864">
     <span class='ocr_line' id='line_1_47' title="bbox 2290 1786 3779 1864; baseline -0.007 -15"><span class='ocrx_word' id='word_1_355' title='bbox 2290 1802 2416 1849; x_wconf 86' lang='lat' dir='ltr'><strong>sunt</strong></span> <span class='ocrx_word' id='word_1_356' title='bbox 2438 1810 2599 1864; x_wconf 89' lang='lat' dir='ltr'><strong>super</strong></span> <span class='ocrx_word' id='word_1_357' title='bbox 2626 1806 2851 1851; x_wconf 85' lang='lat' dir='ltr'><strong>terram.</strong></span> <span class='ocrx_word' id='word_1_358' title='bbox 2885 1795 3023 1862; x_wconf 84' lang='lat' dir='ltr'><strong>Quid</strong></span> <span class='ocrx_word' id='word_1_359' title='bbox 3057 1806 3139 1848; x_wconf 86' lang='lat' dir='ltr'><strong>est</strong></span> <span class='ocrx_word' id='word_1_360' title='bbox 3171 1802 3372 1848; x_wconf 83' lang='lat' dir='ltr'><strong>autem</strong></span> <span class='ocrx_word' id='word_1_361' title='bbox 3404 1790 3544 1860; x_wconf 91' lang='lat' dir='ltr'><strong>quod</strong></span> <span class='ocrx_word' id='word_1_362' title='bbox 3580 1786 3779 1844; x_wconf 69' lang='lat' dir='ltr'><strong>{aritud-</strong></span> 
     </span>
    </p>
   </div>
   <div class='ocr_carea' id='block_1_48' title="bbox 2292 1883 3780 1943">
    <p class='ocr_par' dir='ltr' id='par_1_48' title="bbox 2292 1883 3780 1943">
     <span class='ocr_line' id='line_1_48' title="bbox 2292 1883 3780 1943; baseline -0.005 -2"><span class='ocrx_word' id='word_1_363' title='bbox 2292 1897 2457 1943; x_wconf 89' lang='lat' dir='ltr'><strong>tatem</strong></span> <span class='ocrx_word' id='word_1_364' title='bbox 2492 1889 2544 1942; x_wconf 92' lang='lat' dir='ltr'><strong>in</strong></span> <span class='ocrx_word' id='word_1_365' title='bbox 2578 1903 2744 1943; x_wconf 85' lang='lat' dir='ltr'><strong>carne</strong></span> <span class='ocrx_word' id='word_1_366' title='bbox 2773 1903 2876 1942; x_wconf 91' lang='lat' dir='ltr'><strong>non</strong></span> <span class='ocrx_word' id='word_1_367' title='bbox 2900 1888 3059 1942; x_wconf 86' lang='lat' dir='ltr'><strong>esse?</strong></span> <span class='ocrx_word' id='word_1_368' title='bbox 3096 1887 3153 1943; x_wconf 89' lang='lat' dir='ltr'><strong>Si</strong></span> <span class='ocrx_word' id='word_1_369' title='bbox 3208 1884 3526 1941; x_wconf 85' lang='lat' dir='ltr'><strong>sentiamus</strong></span> <span class='ocrx_word' id='word_1_370' title='bbox 3559 1883 3705 1937; x_wconf 79' lang='lat' dir='ltr'><strong>faciem</strong></span> <span class='ocrx_word' id='word_1_371' title='bbox 3732 1884 3780 1933; x_wconf 70' lang='lat' dir='ltr'><strong>ir:</strong></span> 
     </span>
    </p>
   </div>
   <div class='ocr_carea' id='block_1_49' title="bbox 2289 1972 3779 2037">
    <p class='ocr_par' dir='ltr' id='par_1_49' title="bbox 2289 1972 3779 2037">
     <span class='ocr_line' id='line_1_49' title="bbox 2289 1972 3779 2037; baseline -0.006 -5"><span class='ocrx_word' id='word_1_372' title='bbox 2289 1977 2406 2033; x_wconf 82' lang='lat' dir='ltr'><strong>Dei.</strong></span> <span class='ocrx_word' id='word_1_373' title='bbox 2474 1979 2641 2033; x_wconf 86' lang='lat' dir='ltr'><strong>Deum</strong></span> <span class='ocrx_word' id='word_1_374' title='bbox 2700 1981 2843 2034; x_wconf 91' lang='lat' dir='ltr'><strong>enim</strong></span> <span class='ocrx_word' id='word_1_375' title='bbox 2898 1978 3264 2034; x_wconf 81' lang='lat' dir='ltr'><strong>recordamur</strong></span> <span class='ocrx_word' id='word_1_376' title='bbox 3314 1977 3456 2030; x_wconf 88' lang='lat' dir='ltr'><strong>iram</strong></span> <span class='ocrx_word' id='word_1_377' title='bbox 3492 1972 3594 2037; x_wconf 88' lang='lat' dir='ltr'><strong>Dei,</strong></span> <span class='ocrx_word' id='word_1_378' title='bbox 3631 1981 3671 2027; x_wconf 90' lang='lat' dir='ltr'><strong>et</strong></span> <span class='ocrx_word' id='word_1_379' title='bbox 3712 1984 3779 2023; x_wconf 61' lang='lat' dir='ltr'><strong>aut</strong></span> 
     </span>
    </p>
   </div>
   <div class='ocr_carea' id='block_1_50' title="bbox 2285 2060 3778 2138">
    <p class='ocr_par' dir='ltr' id='par_1_50' title="bbox 2285 2060 3778 2138">
     <span class='ocr_line' id='line_1_50' title="bbox 2285 2060 3778 2138; baseline -0.007 -17"><span class='ocrx_word' id='word_1_380' title='bbox 2285 2068 2471 2123; x_wconf 89' lang='lat' dir='ltr'><strong>oculos</strong></span> <span class='ocrx_word' id='word_1_381' title='bbox 2514 2068 2719 2123; x_wconf 89' lang='lat' dir='ltr'><strong>vultum</strong></span> <span class='ocrx_word' id='word_1_382' title='bbox 2763 2068 2881 2138; x_wconf 86' lang='lat' dir='ltr'><strong>ejus</strong></span> <span class='ocrx_word' id='word_1_383' title='bbox 2918 2068 3247 2122; x_wconf 73' lang='lat' dir='ltr'><strong>adducimus</strong></span> <span class='ocrx_word' id='word_1_384' title='bbox 3302 2080 3373 2119; x_wconf 81' lang='lat' dir='ltr'><strong>ex</strong></span> <span class='ocrx_word' id='word_1_385' title='bbox 3420 2064 3532 2133; x_wconf 85' lang='lat' dir='ltr'><strong>ipsa</strong></span> <span class='ocrx_word' id='word_1_386' title='bbox 3587 2060 3778 2113; x_wconf 75' lang='lat' dir='ltr'><strong>intniliose</strong></span> 
     </span>
    </p>
   </div>
   <div class='ocr_carea' id='block_1_51' title="bbox 2284 2151 3772 2230">
    <p class='ocr_par' dir='ltr' id='par_1_51' title="bbox 2284 2151 3772 2230">
     <span class='ocr_line' id='line_1_51' title="bbox 2284 2151 3772 2230; baseline -0.009 -13"><span class='ocrx_word' id='word_1_387' title='bbox 2284 2159 2437 2227; x_wconf 87' lang='lat' dir='ltr'><strong>ejus,</strong></span> <span class='ocrx_word' id='word_1_388' title='bbox 2494 2176 2616 2230; x_wconf 69' lang='lat' dir='ltr'><strong>qua:</strong></span> <span class='ocrx_word' id='word_1_389' title='bbox 2666 2171 2885 2230; x_wconf 87' lang='lat' dir='ltr'><strong>propter</strong></span> <span class='ocrx_word' id='word_1_390' title='bbox 2911 2159 3015 2213; x_wconf 87' lang='lat' dir='ltr'><strong>hoc</strong></span> <span class='ocrx_word' id='word_1_391' title='bbox 3067 2157 3247 2213; x_wconf 84' lang='lat' dir='ltr'><strong>facies</strong></span> <span class='ocrx_word' id='word_1_392' title='bbox 3296 2158 3397 2210; x_wconf 80' lang='lat' dir='ltr'><strong>irae</strong></span> <span class='ocrx_word' id='word_1_393' title='bbox 3461 2151 3683 2224; x_wconf 77' lang='lat' dir='ltr'><strong>appellata</strong></span> <span class='ocrx_word' id='word_1_394' title='bbox 3717 2161 3772 2204; x_wconf 81' lang='lat' dir='ltr'><strong>est.</strong></span> 
     </span>
    </p>
   </div>
   <div class='ocr_carea' id='block_1_52' title="bbox 2284 2241 3774 2311">
    <p class='ocr_par' dir='ltr' id='par_1_52' title="bbox 2284 2241 3774 2311">
     <span class='ocr_line' id='line_1_52' title="bbox 2284 2241 3774 2311; baseline -0.007 -7"><span class='ocrx_word' id='word_1_395' title='bbox 2284 2252 2610 2307; x_wconf 89' lang='lat' dir='ltr'><strong>conturbata</strong></span> <span class='ocrx_word' id='word_1_396' title='bbox 2647 2261 2701 2307; x_wconf 90' lang='lat' dir='ltr'><strong>et</strong></span> <span class='ocrx_word' id='word_1_397' title='bbox 2737 2250 3001 2307; x_wconf 83' lang='lat' dir='ltr'><strong>exterrita</strong></span> <span class='ocrx_word' id='word_1_398' title='bbox 3038 2265 3169 2306; x_wconf 90' lang='lat' dir='ltr'><strong>caro</strong></span> <span class='ocrx_word' id='word_1_399' title='bbox 3237 2248 3552 2304; x_wconf 87' lang='lat' dir='ltr'><strong>inﬁrmatur</strong></span> <span class='ocrx_word' id='word_1_400' title='bbox 3574 2253 3696 2311; x_wconf 74' lang='lat' dir='ltr'><strong>atque</strong></span> <span class='ocrx_word' id='word_1_401' title='bbox 3712 2241 3774 2293; x_wconf 71' lang='lat' dir='ltr'><strong>lau-</strong></span> 
     </span>
    </p>
   </div>
   <div class='ocr_carea' id='block_1_53' title="bbox 2283 2346 2509 2414">
    <p class='ocr_par' dir='ltr' id='par_1_53' title="bbox 2283 2346 2509 2414">
     <span class='ocr_line' id='line_1_53' title="bbox 2283 2346 2509 2414; baseline 0.009 -17"><span class='ocrx_word' id='word_1_402' title='bbox 2283 2346 2463 2414; x_wconf 78' lang='lat' dir='ltr'><strong>guesci</strong></span> <span class='ocrx_word' id='word_1_403' title='bbox 2474 2355 2509 2399; x_wconf 90' lang='grc' dir='ltr'><strong>ι.</strong></span> 
     </span>
    </p>
   </div>
   <div class='ocr_carea' id='block_1_54' title="bbox 2356 2432 3767 2506">
    <p class='ocr_par' dir='ltr' id='par_1_54' title="bbox 2356 2432 3767 2506">
     <span class='ocr_line' id='line_1_54' title="bbox 2356 2432 3767 2506; baseline -0.013 -13"><span class='ocrx_word' id='word_1_404' title='bbox 2356 2441 2412 2494; x_wconf 79' lang='lat'><strong>&#39;5.</strong></span> <span class='ocrx_word' id='word_1_405' title='bbox 2451 2437 2573 2492; x_wconf 84' lang='lat' dir='ltr'><strong>Non</strong></span> <span class='ocrx_word' id='word_1_406' title='bbox 2597 2446 2674 2491; x_wconf 84' lang='lat' dir='ltr'><strong>est</strong></span> <span class='ocrx_word' id='word_1_407' title='bbox 2709 2452 2815 2506; x_wconf 74' lang='lat' dir='ltr'><strong>pas:</strong></span> <span class='ocrx_word' id='word_1_408' title='bbox 2841 2436 3046 2491; x_wconf 78' lang='lat' dir='ltr'><strong>ossibus</strong></span> <span class='ocrx_word' id='word_1_409' title='bbox 3095 2436 3232 2489; x_wconf 89' lang='lat' dir='ltr'><strong>meis</strong></span> <span class='ocrx_word' id='word_1_410' title='bbox 3290 2449 3327 2487; x_wconf 82' lang='grc' dir='ltr'><em>α</em></span> <span class='ocrx_word' id='word_1_411' title='bbox 3377 2432 3512 2501; x_wconf 77' lang='lat' dir='ltr'><strong>facie</strong></span> <span class='ocrx_word' id='word_1_412' title='bbox 3539 2439 3767 2500; x_wconf 67' lang='lat' dir='ltr'><strong>peccatores</strong></span> 
     </span>
    </p>
   </div>
   <div class='ocr_carea' id='block_1_55' title="bbox 2283 2520 3763 2595">
    <p class='ocr_par' dir='ltr' id='par_1_55' title="bbox 2283 2520 3763 2595">
     <span class='ocr_line' id='line_1_55' title="bbox 2283 2520 3763 2595; baseline -0.006 -10"><span class='ocrx_word' id='word_1_413' title='bbox 2283 2548 2539 2588; x_wconf 86' lang='lat' dir='ltr'><strong>meorum.</strong></span> <span class='ocrx_word' id='word_1_414' title='bbox 2572 2532 2749 2585; x_wconf 85' lang='lat' dir='ltr'><strong>Etiam</strong></span> <span class='ocrx_word' id='word_1_415' title='bbox 2787 2531 2904 2586; x_wconf 76' lang='lat' dir='ltr'><strong>haec</strong></span> <span class='ocrx_word' id='word_1_416' title='bbox 2936 2530 3094 2584; x_wconf 85' lang='lat' dir='ltr'><strong>debet</strong></span> <span class='ocrx_word' id='word_1_417' title='bbox 3142 2530 3343 2584; x_wconf 88' lang='lat' dir='ltr'><strong>dicere</strong></span> <span class='ocrx_word' id='word_1_418' title='bbox 3385 2527 3477 2595; x_wconf 84' lang='lat' dir='ltr'><strong>qui</strong></span> <span class='ocrx_word' id='word_1_419' title='bbox 3522 2520 3763 2594; x_wconf 62' lang='lat' dir='ltr'><strong>peccarim!</strong></span> 
     </span>
    </p>
   </div>
   <div class='ocr_carea' id='block_1_56' title="bbox 2282 2612 3763 2695">
    <p class='ocr_par' dir='ltr' id='par_1_56' title="bbox 2282 2612 3763 2695">
     <span class='ocr_line' id='line_1_56' title="bbox 2282 2612 3763 2695; baseline -0.013 -16"><span class='ocrx_word' id='word_1_420' title='bbox 2282 2636 2404 2695; x_wconf 87' lang='lat' dir='ltr'><strong>post</strong></span> <span class='ocrx_word' id='word_1_421' title='bbox 2458 2633 2737 2693; x_wconf 87' lang='lat' dir='ltr'><strong>peccatum</strong></span> <span class='ocrx_word' id='word_1_422' title='bbox 2780 2636 3039 2692; x_wconf 87' lang='lat' dir='ltr'><strong>peccasse</strong></span> <span class='ocrx_word' id='word_1_423' title='bbox 3080 2636 3139 2676; x_wconf 88' lang='lat' dir='ltr'><strong>se</strong></span> <span class='ocrx_word' id='word_1_424' title='bbox 3176 2619 3521 2681; x_wconf 87' lang='lat' dir='ltr'><strong>recordatur,</strong></span> <span class='ocrx_word' id='word_1_425' title='bbox 3563 2616 3669 2669; x_wconf 80' lang='lat' dir='ltr'><strong>sicut</strong></span> <span class='ocrx_word' id='word_1_426' title='bbox 3699 2612 3763 2677; x_wconf 59' lang='lat' dir='ltr'><strong>ipe</strong></span> 
     </span>
    </p>
   </div>
   <div class='ocr_carea' id='block_1_57' title="bbox 2284 2703 3759 2786">
    <p class='ocr_par' dir='ltr' id='par_1_57' title="bbox 2284 2703 3759 2786">
     <span class='ocr_line' id='line_1_57' title="bbox 2284 2703 3759 2786; baseline -0.002 -14"><span class='ocrx_word' id='word_1_427' title='bbox 2284 2718 2452 2772; x_wconf 83' lang='lat' dir='ltr'><strong>David</strong></span> <span class='ocrx_word' id='word_1_428' title='bbox 2475 2716 2691 2771; x_wconf 87' lang='lat' dir='ltr'><strong>dicebat</strong></span> <span class='ocrx_word' id='word_1_429' title='bbox 2717 2716 2769 2769; x_wconf 89' lang='lat' dir='ltr'><strong>in</strong></span> <span class='ocrx_word' id='word_1_430' title='bbox 2794 2715 3255 2786; x_wconf 82' lang='lat' dir='ltr'><strong>quinquagesimo</strong></span> <span class='ocrx_word' id='word_1_431' title='bbox 3294 2714 3502 2784; x_wconf 79' lang='lat' dir='ltr'><strong>psalmo</strong></span> <span class='ocrx_word' id='word_1_432' title='bbox 3529 2708 3603 2762; x_wconf 73' lang='grc' dir='ltr'><strong>’τε</strong></span> <span class='ocrx_word' id='word_1_433' title='bbox 3626 2703 3759 2769; x_wconf 66' lang='lat' dir='ltr'><strong>15le</strong></span> 
     </span>
    </p>
   </div>
   <div class='ocr_carea' id='block_1_58' title="bbox 2282 2796 3756 2875">
    <p class='ocr_par' dir='ltr' id='par_1_58' title="bbox 2282 2796 3756 2875">
     <span class='ocr_line' id='line_1_58' title="bbox 2282 2796 3756 2875; baseline -0.009 -11"><span class='ocrx_word' id='word_1_434' title='bbox 2282 2825 2460 2865; x_wconf 87' lang='lat' dir='ltr'><strong>catum</strong></span> <span class='ocrx_word' id='word_1_435' title='bbox 2496 2825 2673 2863; x_wconf 86' lang='lat' dir='ltr'><strong>meum</strong></span> <span class='ocrx_word' id='word_1_436' title='bbox 2721 2824 2899 2862; x_wconf 88' lang='lat' dir='ltr'><strong>coram</strong></span> <span class='ocrx_word' id='word_1_437' title='bbox 2931 2823 3013 2861; x_wconf 86' lang='lat' dir='ltr'><strong>me</strong></span> <span class='ocrx_word' id='word_1_438' title='bbox 3059 2820 3136 2860; x_wconf 81' lang='lat' dir='ltr'><strong>est</strong></span> <span class='ocrx_word' id='word_1_439' title='bbox 3173 2821 3408 2875; x_wconf 81' lang='lat' dir='ltr'><strong>semper.</strong></span> <span class='ocrx_word' id='word_1_440' title='bbox 3457 2801 3577 2857; x_wconf 92' lang='lat' dir='ltr'><strong>Sunt</strong></span> <span class='ocrx_word' id='word_1_441' title='bbox 3621 2796 3756 2864; x_wconf 74' lang='lat' dir='ltr'><strong>quidam</strong></span> 
     </span>
    </p>
   </div>
   <div class='ocr_carea' id='block_1_59' title="bbox 2281 2898 3754 2976">
    <p class='ocr_par' dir='ltr' id='par_1_59' title="bbox 2281 2898 3754 2976">
     <span class='ocr_line' id='line_1_59' title="bbox 2281 2898 3754 2976; baseline -0.013 -16"><span class='ocrx_word' id='word_1_442' title='bbox 2281 2907 2373 2976; x_wconf 89' lang='lat' dir='ltr'><strong>qui</strong></span> <span class='ocrx_word' id='word_1_443' title='bbox 2412 2921 2534 2959; x_wconf 90' lang='lat' dir='ltr'><strong>cum</strong></span> <span class='ocrx_word' id='word_1_444' title='bbox 2559 2902 2905 2974; x_wconf 89' lang='lat' dir='ltr'><strong>peccaverint</strong></span> <span class='ocrx_word' id='word_1_445' title='bbox 2939 2899 3120 2955; x_wconf 85' lang='lat' dir='ltr'><strong>securi</strong></span> <span class='ocrx_word' id='word_1_446' title='bbox 3145 2909 3280 2953; x_wconf 87' lang='lat' dir='ltr'><strong>sunt</strong></span> <span class='ocrx_word' id='word_1_447' title='bbox 3321 2908 3555 2968; x_wconf 83' lang='lat' dir='ltr'><strong>prorsus,</strong></span> <span class='ocrx_word' id='word_1_448' title='bbox 3595 2903 3670 2943; x_wconf 85' lang='lat' dir='ltr'><strong>nec</strong></span> <span class='ocrx_word' id='word_1_449' title='bbox 3699 2898 3754 2937; x_wconf 72' lang='lat' dir='ltr'><strong>ro-</strong></span> 
     </span>
    </p>
   </div>
   <div class='ocr_carea' id='block_1_60' title="bbox 598 2990 3750 3076">
    <p class='ocr_par' dir='ltr' id='par_1_60' title="bbox 598 2990 3750 3076">
     <span class='ocr_line' id='line_1_60' title="bbox 598 2990 3750 3076; baseline -0.002 -33"><span class='ocrx_word' id='word_1_450' title='bbox 598 2991 783 3046; x_wconf 73' lang='lat' dir='ltr'><strong>carnis</strong></span> <span class='ocrx_word' id='word_1_451' title='bbox 838 3006 964 3045; x_wconf 87' lang='lat' dir='ltr'><strong>eum</strong></span> <span class='ocrx_word' id='word_1_452' title='bbox 1026 2990 1118 3059; x_wconf 92' lang='lat' dir='ltr'><strong>qui</strong></span> <span class='ocrx_word' id='word_1_453' title='bbox 1177 2991 1473 3046; x_wconf 90' lang='lat' dir='ltr'><strong>secundum</strong></span> <span class='ocrx_word' id='word_1_454' title='bbox 1540 3007 1760 3047; x_wconf 78' lang='lat' dir='ltr'><strong>carnem</strong></span> <span class='ocrx_word' id='word_1_455' title='bbox 1828 2994 2062 3061; x_wconf 75' lang='lat' dir='ltr'><strong>vixerat,</strong></span> <span class='ocrx_word' id='word_1_456' title='bbox 2120 3003 2250 3076; x_wconf 76' lang='lat' dir='ltr'><strong>ulc</strong></span> <span class='ocrx_word' id='word_1_457' title='bbox 2284 3000 2547 3069; x_wconf 78' lang='lat' dir='ltr'><strong>gitantde</strong></span> <span class='ocrx_word' id='word_1_458' title='bbox 2581 3005 2806 3065; x_wconf 87' lang='lat' dir='ltr'><strong>peccato</strong></span> <span class='ocrx_word' id='word_1_459' title='bbox 2836 3009 2956 3057; x_wconf 91' lang='lat' dir='ltr'><strong>suo,</strong></span> <span class='ocrx_word' id='word_1_460' title='bbox 2991 3006 3091 3046; x_wconf 87' lang='lat' dir='ltr'><strong>nec</strong></span> <span class='ocrx_word' id='word_1_461' title='bbox 3139 2993 3298 3047; x_wconf 85' lang='lat' dir='ltr'><strong>venit</strong></span> <span class='ocrx_word' id='word_1_462' title='bbox 3331 2991 3399 3043; x_wconf 88' lang='lat' dir='ltr'><strong>ad</strong></span> <span class='ocrx_word' id='word_1_463' title='bbox 3432 2998 3619 3042; x_wconf 87' lang='lat' dir='ltr'><strong>sensum</strong></span> <span class='ocrx_word' id='word_1_464' title='bbox 3641 2990 3750 3076; x_wconf 63' lang='lat' dir='ltr'><strong>eurum</strong></span> 
     </span>
    </p>
   </div>
   <div class='ocr_carea' id='block_1_61' title="bbox 598 3082 2176 3151">
    <p class='ocr_par' dir='ltr' id='par_1_61' title="bbox 598 3082 2176 3151">
     <span class='ocr_line' id='line_1_61' title="bbox 598 3082 2176 3151; baseline 0.003 -16"><span class='ocrx_word' id='word_1_465' title='bbox 598 3098 760 3137; x_wconf 80' lang='lat' dir='ltr'><strong>sensu</strong></span> <span class='ocrx_word' id='word_1_466' title='bbox 801 3082 986 3137; x_wconf 88' lang='lat' dir='ltr'><strong>carnis</strong></span> <span class='ocrx_word' id='word_1_467' title='bbox 1022 3091 1272 3136; x_wconf 90' lang='lat' dir='ltr'><strong>emortuo</strong></span> <span class='ocrx_word' id='word_1_468' title='bbox 1310 3082 1535 3151; x_wconf 87' lang='lat' dir='ltr'><strong>spiritus</strong></span> <span class='ocrx_word' id='word_1_469' title='bbox 1566 3083 1624 3138; x_wconf 85' lang='lat' dir='ltr'><strong>in</strong></span> <span class='ocrx_word' id='word_1_470' title='bbox 1657 3084 1745 3139; x_wconf 90' lang='lat' dir='ltr'><strong>die</strong></span> <span class='ocrx_word' id='word_1_471' title='bbox 1797 3084 2004 3139; x_wconf 83' lang='lat' dir='ltr'><strong>Domini</strong></span> <span class='ocrx_word' id='word_1_472' title='bbox 2067 3087 2176 3141; x_wconf 85' lang='lat' dir='ltr'><strong>sal-</strong></span> 
     </span>
    </p>
   </div>
   <div class='ocr_carea' id='block_1_62' title="bbox 597 3171 2175 3242">
    <p class='ocr_par' dir='ltr' id='par_1_62' title="bbox 597 3171 2175 3242">
     <span class='ocr_line' id='line_1_62' title="bbox 597 3171 2175 3242; baseline 0.004 -17"><span class='ocrx_word' id='word_1_473' title='bbox 597 3182 841 3227; x_wconf 78' lang='lat' dir='ltr'><strong>varetur.</strong></span> <span class='ocrx_word' id='word_1_474' title='bbox 884 3171 941 3227; x_wconf 88' lang='lat' dir='ltr'><strong>Si</strong></span> <span class='ocrx_word' id='word_1_475' title='bbox 980 3173 1296 3229; x_wconf 82' lang='lat' dir='ltr'><strong>intellexisti</strong></span> <span class='ocrx_word' id='word_1_476' title='bbox 1343 3173 1703 3242; x_wconf 88' lang='lat' dir='ltr'><strong>apostolicum</strong></span> <span class='ocrx_word' id='word_1_477' title='bbox 1741 3189 2074 3242; x_wconf 90' lang='lat' dir='ltr'><strong>sermonem,</strong></span> <span class='ocrx_word' id='word_1_478' title='bbox 2107 3178 2175 3232; x_wconf 89' lang='lat' dir='ltr'><strong>ad</strong></span> 
     </span>
    </p>
   </div>
   <div class='ocr_carea' id='block_1_63' title="bbox 595 3263 2173 3334">
    <p class='ocr_par' dir='ltr' id='par_1_63' title="bbox 595 3263 2173 3334">
     <span class='ocr_line' id='line_1_63' title="bbox 595 3263 2173 3334; baseline 0.003 -16"><span class='ocrx_word' id='word_1_479' title='bbox 595 3266 651 3318; x_wconf 86' lang='lat' dir='ltr'><strong>id</strong></span> <span class='ocrx_word' id='word_1_480' title='bbox 672 3264 821 3333; x_wconf 83' lang='lat' dir='ltr'><strong>quod</strong></span> <span class='ocrx_word' id='word_1_481' title='bbox 852 3263 1188 3334; x_wconf 84' lang='lat' dir='ltr'><strong>propositum</strong></span> <span class='ocrx_word' id='word_1_482' title='bbox 1211 3274 1296 3318; x_wconf 89' lang='lat' dir='ltr'><strong>est</strong></span> <span class='ocrx_word' id='word_1_483' title='bbox 1327 3274 1689 3321; x_wconf 89' lang='lat' dir='ltr'><strong>revertamur.</strong></span> <span class='ocrx_word' id='word_1_484' title='bbox 1719 3264 1936 3320; x_wconf 87' lang='lat' dir='ltr'><strong>Utinam</strong></span> <span class='ocrx_word' id='word_1_485' title='bbox 1970 3269 2022 3321; x_wconf 92' lang='lat' dir='ltr'><strong>in</strong></span> <span class='ocrx_word' id='word_1_486' title='bbox 2056 3282 2173 3322; x_wconf 89' lang='lat' dir='ltr'><strong>cor-</strong></span> 
     </span>
    </p>
   </div>
   <div class='ocr_carea' id='block_1_64' title="bbox 595 3355 2174 3427">
    <p class='ocr_par' dir='ltr' id='par_1_64' title="bbox 595 3355 2174 3427">
     <span class='ocr_line' id='line_1_64' title="bbox 595 3355 2174 3427; baseline 0.003 -18"><span class='ocrx_word' id='word_1_487' title='bbox 595 3372 729 3427; x_wconf 83' lang='lat' dir='ltr'><strong>pore</strong></span> <span class='ocrx_word' id='word_1_488' title='bbox 756 3371 876 3410; x_wconf 71' lang='lat' dir='ltr'><strong>muo</strong></span> <span class='ocrx_word' id='word_1_489' title='bbox 903 3357 949 3411; x_wconf 89' lang='lat' dir='ltr'><strong>si</strong></span> <span class='ocrx_word' id='word_1_490' title='bbox 978 3359 1194 3426; x_wconf 86' lang='lat' dir='ltr'><strong>quando</strong></span> <span class='ocrx_word' id='word_1_491' title='bbox 1224 3355 1501 3425; x_wconf 89' lang='lat' dir='ltr'><strong>delinquo,</strong></span> <span class='ocrx_word' id='word_1_492' title='bbox 1534 3367 1589 3411; x_wconf 91' lang='lat' dir='ltr'><strong>et</strong></span> <span class='ocrx_word' id='word_1_493' title='bbox 1625 3357 1880 3412; x_wconf 83' lang='lat' dir='ltr'><strong>delictum</strong></span> <span class='ocrx_word' id='word_1_494' title='bbox 1916 3375 1981 3412; x_wconf 82' lang='lat' dir='ltr'><strong>ex</strong></span> <span class='ocrx_word' id='word_1_495' title='bbox 2014 3376 2174 3414; x_wconf 88' lang='lat' dir='ltr'><strong>sensu</strong></span> 
     </span>
    </p>
   </div>
   <div class='ocr_carea' id='block_1_65' title="bbox 592 3451 2178 3523">
    <p class='ocr_par' dir='ltr' id='par_1_65' title="bbox 592 3451 2178 3523">
     <span class='ocr_line' id='line_1_65' title="bbox 592 3451 2178 3523; baseline 0.003 -17"><span class='ocrx_word' id='word_1_496' title='bbox 592 3454 778 3508; x_wconf 80' lang='lat' dir='ltr'><strong>carnis</strong></span> <span class='ocrx_word' id='word_1_497' title='bbox 800 3451 982 3519; x_wconf 87' lang='lat' dir='ltr'><strong>venit,</strong></span> <span class='ocrx_word' id='word_1_498' title='bbox 1035 3452 1491 3523; x_wconf 86' lang='lat' dir='ltr'><strong>superduceretur</strong></span> <span class='ocrx_word' id='word_1_499' title='bbox 1545 3453 1803 3508; x_wconf 88' lang='lat' dir='ltr'><strong>interitus</strong></span> <span class='ocrx_word' id='word_1_500' title='bbox 1850 3455 2063 3520; x_wconf 88' lang='lat' dir='ltr'><strong>carnis,</strong></span> <span class='ocrx_word' id='word_1_501' title='bbox 2118 3464 2178 3510; x_wconf 87' lang='lat' dir='ltr'><strong>ut</strong></span> 
     </span>
    </p>
   </div>
   <div class='ocr_carea' id='block_1_66' title="bbox 591 3545 2178 3614">
    <p class='ocr_par' dir='ltr' id='par_1_66' title="bbox 591 3545 2178 3614">
     <span class='ocr_line' id='line_1_66' title="bbox 591 3545 2178 3614; baseline 0.002 -15"><span class='ocrx_word' id='word_1_502' title='bbox 591 3546 819 3614; x_wconf 84' lang='lat' dir='ltr'><strong>spiritus</strong></span> <span class='ocrx_word' id='word_1_503' title='bbox 846 3546 1167 3601; x_wconf 86' lang='lat' dir='ltr'><strong>salvaretur.</strong></span> <span class='ocrx_word' id='word_1_504' title='bbox 1218 3545 1274 3601; x_wconf 91' lang='lat' dir='ltr'><strong>Si</strong></span> <span class='ocrx_word' id='word_1_505' title='bbox 1318 3546 1465 3600; x_wconf 88' lang='lat' dir='ltr'><strong>enim</strong></span> <span class='ocrx_word' id='word_1_506' title='bbox 1515 3561 1645 3601; x_wconf 78' lang='lat' dir='ltr'><strong>curo</strong></span> <span class='ocrx_word' id='word_1_507' title='bbox 1688 3545 2023 3613; x_wconf 88' lang='lat' dir='ltr'><strong>inﬁrmatur,</strong></span> <span class='ocrx_word' id='word_1_508' title='bbox 2060 3548 2178 3603; x_wconf 87' lang='lat' dir='ltr'><strong>sine</strong></span> 
     </span>
    </p>
   </div>
   <div class='ocr_carea' id='block_1_67' title="bbox 592 3638 2172 3712">
    <p class='ocr_par' dir='ltr' id='par_1_67' title="bbox 592 3638 2172 3712">
     <span class='ocr_line' id='line_1_67' title="bbox 592 3638 2172 3712; baseline 0.001 -19"><span class='ocrx_word' id='word_1_509' title='bbox 592 3640 760 3695; x_wconf 80' lang='lat' dir='ltr'><strong>dubio</strong></span> <span class='ocrx_word' id='word_1_510' title='bbox 786 3640 1071 3712; x_wconf 89' lang='lat' dir='ltr'><strong>proﬁciens</strong></span> <span class='ocrx_word' id='word_1_511' title='bbox 1090 3639 1383 3694; x_wconf 89' lang='lat' dir='ltr'><strong>inﬁrmitas</strong></span> <span class='ocrx_word' id='word_1_512' title='bbox 1414 3639 1576 3695; x_wconf 90' lang='lat' dir='ltr'><strong>etiam</strong></span> <span class='ocrx_word' id='word_1_513' title='bbox 1604 3638 1673 3694; x_wconf 89' lang='lat' dir='ltr'><strong>ad</strong></span> <span class='ocrx_word' id='word_1_514' title='bbox 1702 3639 2172 3695; x_wconf 83' lang='lat' dir='ltr'><strong>mortiﬁcationem</strong></span> 
     </span>
    </p>
   </div>
   <div class='ocr_carea' id='block_1_68' title="bbox 594 3731 2172 3801">
    <p class='ocr_par' dir='ltr' id='par_1_68' title="bbox 594 3731 2172 3801">
     <span class='ocr_line' id='line_1_68' title="bbox 594 3731 2172 3801; baseline 0.002 -17"><span class='ocrx_word' id='word_1_515' title='bbox 594 3735 842 3801; x_wconf 84' lang='lat' dir='ltr'><strong>pervenit</strong></span> <span class='ocrx_word' id='word_1_516' title='bbox 884 3734 1067 3789; x_wconf 86' lang='lat' dir='ltr'><strong>carnis</strong></span> <span class='ocrx_word' id='word_1_517' title='bbox 1103 3752 1116 3788; x_wconf 90' lang='lat'><strong>:</strong></span> <span class='ocrx_word' id='word_1_518' title='bbox 1157 3743 1212 3788; x_wconf 90' lang='lat' dir='ltr'><strong>et</strong></span> <span class='ocrx_word' id='word_1_519' title='bbox 1253 3744 1379 3786; x_wconf 90' lang='lat' dir='ltr'><strong>tunc</strong></span> <span class='ocrx_word' id='word_1_520' title='bbox 1426 3739 1513 3787; x_wconf 89' lang='lat' dir='ltr'><strong>est</strong></span> <span class='ocrx_word' id='word_1_521' title='bbox 1561 3731 1706 3800; x_wconf 91' lang='lat' dir='ltr'><strong>quod</strong></span> <span class='ocrx_word' id='word_1_522' title='bbox 1756 3739 1905 3786; x_wconf 88' lang='lat' dir='ltr'><strong>recte</strong></span> <span class='ocrx_word' id='word_1_523' title='bbox 1954 3732 2172 3798; x_wconf 88' lang='lat' dir='ltr'><strong>dicitur,</strong></span> 
     </span>
    </p>
   </div>
   <div class='ocr_carea' id='block_1_69' title="bbox 594 3824 2171 3894">
    <p class='ocr_par' dir='ltr' id='par_1_69' title="bbox 594 3824 2171 3894">
     <span class='ocr_line' id='line_1_69' title="bbox 594 3824 2171 3894; baseline -0.001 -14"><span class='ocrx_word' id='word_1_524' title='bbox 594 3827 848 3894; x_wconf 82' lang='lat' dir='ltr'><strong>quoniam</strong></span> <span class='ocrx_word' id='word_1_525' title='bbox 874 3844 975 3881; x_wconf 87' lang='lat' dir='ltr'><strong>non</strong></span> <span class='ocrx_word' id='word_1_526' title='bbox 999 3834 1074 3881; x_wconf 77' lang='lat' dir='ltr'><strong>est</strong></span> <span class='ocrx_word' id='word_1_527' title='bbox 1102 3827 1303 3881; x_wconf 81' lang='lat' dir='ltr'><strong>sanitas</strong></span> <span class='ocrx_word' id='word_1_528' title='bbox 1334 3826 1389 3879; x_wconf 87' lang='lat' dir='ltr'><strong>in</strong></span> <span class='ocrx_word' id='word_1_529' title='bbox 1432 3841 1590 3878; x_wconf 84' lang='lat' dir='ltr'><strong>carne</strong></span> <span class='ocrx_word' id='word_1_530' title='bbox 1629 3840 1767 3878; x_wconf 82' lang='lat' dir='ltr'><strong>mea.</strong></span> <span class='ocrx_word' id='word_1_531' title='bbox 1806 3824 1861 3878; x_wconf 91' lang='lat' dir='ltr'><strong>Si</strong></span> <span class='ocrx_word' id='word_1_532' title='bbox 1895 3838 2023 3879; x_wconf 83' lang='lat' dir='ltr'><strong>vero</strong></span> <span class='ocrx_word' id='word_1_533' title='bbox 2065 3840 2171 3879; x_wconf 92' lang='lat' dir='ltr'><strong>non</strong></span> 
     </span>
    </p>
   </div>
   <div class='ocr_carea' id='block_1_70' title="bbox 597 3916 2172 3989">
    <p class='ocr_par' dir='ltr' id='par_1_70' title="bbox 597 3916 2172 3989">
     <span class='ocr_line' id='line_1_70' title="bbox 597 3916 2172 3989; baseline 0 -18"><span class='ocrx_word' id='word_1_534' title='bbox 597 3920 905 3972; x_wconf 88' lang='lat' dir='ltr'><strong>inﬁrmatur</strong></span> <span class='ocrx_word' id='word_1_535' title='bbox 961 3919 1177 3989; x_wconf 88' lang='lat' dir='ltr'><strong>quidem</strong></span> <span class='ocrx_word' id='word_1_536' title='bbox 1228 3933 1376 3985; x_wconf 88' lang='lat' dir='ltr'><strong>caro,</strong></span> <span class='ocrx_word' id='word_1_537' title='bbox 1426 3917 1519 3972; x_wconf 89' lang='lat' dir='ltr'><strong>sed</strong></span> <span class='ocrx_word' id='word_1_538' title='bbox 1573 3916 1715 3972; x_wconf 87' lang='lat' dir='ltr'><strong>redit</strong></span> <span class='ocrx_word' id='word_1_539' title='bbox 1765 3916 1831 3970; x_wconf 85' lang='lat' dir='ltr'><strong>ad</strong></span> <span class='ocrx_word' id='word_1_540' title='bbox 1884 3917 2172 3972; x_wconf 84' lang='lat' dir='ltr'><strong>sanitatem</strong></span> 
     </span>
    </p>
   </div>
   <div class='ocr_carea' id='block_1_71' title="bbox 596 4009 2174 4081">
    <p class='ocr_par' dir='ltr' id='par_1_71' title="bbox 596 4009 2174 4081">
     <span class='ocr_line' id='line_1_71' title="bbox 596 4009 2174 4081; baseline -0.001 -15"><span class='ocrx_word' id='word_1_541' title='bbox 596 4028 771 4078; x_wconf 88' lang='lat' dir='ltr'><strong>suam,</strong></span> <span class='ocrx_word' id='word_1_542' title='bbox 798 4011 850 4065; x_wconf 88' lang='lat' dir='ltr'><strong>id</strong></span> <span class='ocrx_word' id='word_1_543' title='bbox 882 4022 986 4074; x_wconf 90' lang='lat' dir='ltr'><strong>est,</strong></span> <span class='ocrx_word' id='word_1_544' title='bbox 1015 4020 1075 4065; x_wconf 94' lang='lat' dir='ltr'><strong>ut</strong></span> <span class='ocrx_word' id='word_1_545' title='bbox 1107 4012 1283 4081; x_wconf 88' lang='lat' dir='ltr'><strong>sapiat</strong></span> <span class='ocrx_word' id='word_1_546' title='bbox 1311 4026 1430 4080; x_wconf 65' lang='lat' dir='ltr'><strong>quae</strong></span> <span class='ocrx_word' id='word_1_547' title='bbox 1468 4019 1594 4064; x_wconf 90' lang='lat' dir='ltr'><strong>sunt</strong></span> <span class='ocrx_word' id='word_1_548' title='bbox 1633 4009 1835 4075; x_wconf 88' lang='lat' dir='ltr'><strong>carnis,</strong></span> <span class='ocrx_word' id='word_1_549' title='bbox 1868 4024 1932 4064; x_wconf 89' lang='lat' dir='ltr'><strong>ac</strong></span> <span class='ocrx_word' id='word_1_550' title='bbox 1961 4010 2174 4064; x_wconf 88' lang='lat' dir='ltr'><strong>deside-</strong></span> 
     </span>
    </p>
   </div>
   <div class='ocr_carea' id='block_1_72' title="bbox 597 4103 2174 4171">
    <p class='ocr_par' dir='ltr' id='par_1_72' title="bbox 597 4103 2174 4171">
     <span class='ocr_line' id='line_1_72' title="bbox 597 4103 2174 4171; baseline -0.001 -12"><span class='ocrx_word' id='word_1_551' title='bbox 597 4114 681 4159; x_wconf 83' lang='lat' dir='ltr'><strong>ret</strong></span> <span class='ocrx_word' id='word_1_552' title='bbox 715 4104 941 4168; x_wconf 86' lang='lat' dir='ltr'><strong>malum,</strong></span> <span class='ocrx_word' id='word_1_553' title='bbox 968 4114 1097 4158; x_wconf 90' lang='lat' dir='ltr'><strong>tunc</strong></span> <span class='ocrx_word' id='word_1_554' title='bbox 1127 4105 1332 4158; x_wconf 88' lang='lat' dir='ltr'><strong>sanitas</strong></span> <span class='ocrx_word' id='word_1_555' title='bbox 1370 4113 1457 4157; x_wconf 86' lang='lat' dir='ltr'><strong>est</strong></span> <span class='ocrx_word' id='word_1_556' title='bbox 1486 4104 1538 4156; x_wconf 91' lang='lat' dir='ltr'><strong>in</strong></span> <span class='ocrx_word' id='word_1_557' title='bbox 1589 4117 1777 4167; x_wconf 88' lang='lat' dir='ltr'><strong>carne,</strong></span> <span class='ocrx_word' id='word_1_558' title='bbox 1813 4103 1955 4171; x_wconf 87' lang='lat' dir='ltr'><strong>quod</strong></span> <span class='ocrx_word' id='word_1_559' title='bbox 1990 4103 2174 4171; x_wconf 90' lang='lat' dir='ltr'><strong>utique</strong></span> 
     </span>
    </p>
   </div>
   <div class='ocr_carea' id='block_1_73' title="bbox 593 4197 2173 4266">
    <p class='ocr_par' dir='ltr' id='par_1_73' title="bbox 593 4197 2173 4266">
     <span class='ocr_line' id='line_1_73' title="bbox 593 4197 2173 4266; baseline -0.002 -13"><span class='ocrx_word' id='word_1_560' title='bbox 593 4198 809 4266; x_wconf 84' lang='lat' dir='ltr'><strong>spiritui</strong></span> <span class='ocrx_word' id='word_1_561' title='bbox 844 4212 948 4251; x_wconf 92' lang='lat' dir='ltr'><strong>non</strong></span> <span class='ocrx_word' id='word_1_562' title='bbox 978 4207 1060 4251; x_wconf 91' lang='lat' dir='ltr'><strong>est</strong></span> <span class='ocrx_word' id='word_1_563' title='bbox 1090 4198 1313 4252; x_wconf 91' lang='lat' dir='ltr'><strong>bonum.</strong></span> <span class='ocrx_word' id='word_1_564' title='bbox 1364 4197 1467 4251; x_wconf 89' lang='lat' dir='ltr'><strong>Iste</strong></span> <span class='ocrx_word' id='word_1_565' title='bbox 1510 4211 1643 4266; x_wconf 81' lang='lat' dir='ltr'><strong>ergo</strong></span> <span class='ocrx_word' id='word_1_566' title='bbox 1686 4197 1777 4266; x_wconf 90' lang='lat' dir='ltr'><strong>qui</strong></span> <span class='ocrx_word' id='word_1_567' title='bbox 1820 4197 2086 4261; x_wconf 79' lang='lat' dir='ltr'><strong>arguitur,</strong></span> <span class='ocrx_word' id='word_1_568' title='bbox 2118 4206 2173 4250; x_wconf 93' lang='lat' dir='ltr'><strong>et</strong></span> 
     </span>
    </p>
   </div>
   <div class='ocr_carea' id='block_1_74' title="bbox 594 4290 2168 4359">
    <p class='ocr_par' dir='ltr' id='par_1_74' title="bbox 594 4290 2168 4359">
     <span class='ocr_line' id='line_1_74' title="bbox 594 4290 2168 4359; baseline -0.002 -13"><span class='ocrx_word' id='word_1_569' title='bbox 594 4299 812 4346; x_wconf 83' lang='lat' dir='ltr'><strong>recusat</strong></span> <span class='ocrx_word' id='word_1_570' title='bbox 846 4305 941 4359; x_wconf 88' lang='lat' dir='ltr'><strong>per</strong></span> <span class='ocrx_word' id='word_1_571' title='bbox 978 4290 1214 4345; x_wconf 78' lang='lat' dir='ltr'><strong>furorem</strong></span> <span class='ocrx_word' id='word_1_572' title='bbox 1256 4291 1467 4344; x_wconf 85' lang='lat' dir='ltr'><strong>Domini</strong></span> <span class='ocrx_word' id='word_1_573' title='bbox 1511 4290 1663 4357; x_wconf 81' lang='lat' dir='ltr'><strong>argui</strong></span> <span class='ocrx_word' id='word_1_574' title='bbox 1694 4301 1856 4359; x_wconf 89' lang='lat' dir='ltr'><strong>atque</strong></span> <span class='ocrx_word' id='word_1_575' title='bbox 1890 4290 2168 4343; x_wconf 85' lang='lat' dir='ltr'><strong>iracundia</strong></span> 
     </span>
    </p>
   </div>
   <div class='ocr_carea' id='block_1_75' title="bbox 2282 3070 3747 3163">
    <p class='ocr_par' dir='ltr' id='par_1_75' title="bbox 2282 3070 3747 3163">
     <span class='ocr_line' id='line_1_75' title="bbox 2282 3070 3747 3163; baseline -0.018 -19"><span class='ocrx_word' id='word_1_576' title='bbox 2282 3090 2411 3163; x_wconf 89' lang='lat' dir='ltr'><strong>quid</strong></span> <span class='ocrx_word' id='word_1_577' title='bbox 2444 3088 2584 3144; x_wconf 87' lang='lat' dir='ltr'><strong>male</strong></span> <span class='ocrx_word' id='word_1_578' title='bbox 2609 3089 2898 3158; x_wconf 75' lang='lat' dir='ltr'><strong>gesserint,</strong></span> <span class='ocrx_word' id='word_1_579' title='bbox 2929 3089 3023 3143; x_wconf 87' lang='lat' dir='ltr'><strong>sed</strong></span> <span class='ocrx_word' id='word_1_580' title='bbox 3060 3088 3135 3141; x_wconf 86' lang='lat' dir='ltr'><strong>ita</strong></span> <span class='ocrx_word' id='word_1_581' title='bbox 3167 3085 3372 3139; x_wconf 85' lang='lat' dir='ltr'><strong>vivunt</strong></span> <span class='ocrx_word' id='word_1_582' title='bbox 3400 3077 3545 3149; x_wconf 87' lang='lat' dir='ltr'><strong>quasi</strong></span> <span class='ocrx_word' id='word_1_583' title='bbox 3570 3070 3671 3128; x_wconf 82' lang='lat' dir='ltr'><strong>nihil</strong></span> <span class='ocrx_word' id='word_1_584' title='bbox 3684 3082 3747 3120; x_wconf 79' lang='lat' dir='ltr'><strong>om-</strong></span> 
     </span>
    </p>
   </div>
   <div class='ocr_carea' id='block_1_76' title="bbox 2282 3165 3746 3252">
    <p class='ocr_par' dir='ltr' id='par_1_76' title="bbox 2282 3165 3746 3252">
     <span class='ocr_line' id='line_1_76' title="bbox 2282 3165 3746 3252; baseline -0.014 -10"><span class='ocrx_word' id='word_1_585' title='bbox 2282 3191 2414 3244; x_wconf 85' lang='lat' dir='ltr'><strong>nino</strong></span> <span class='ocrx_word' id='word_1_586' title='bbox 2463 3184 2846 3243; x_wconf 90' lang='lat' dir='ltr'><strong>commiserint</strong></span> <span class='ocrx_word' id='word_1_587' title='bbox 2875 3199 2890 3237; x_wconf 85' lang='lat'><strong>:</strong></span> <span class='ocrx_word' id='word_1_588' title='bbox 2923 3182 3009 3236; x_wconf 86' lang='lat' dir='ltr'><strong>isti</strong></span> <span class='ocrx_word' id='word_1_589' title='bbox 3055 3195 3188 3252; x_wconf 78' lang='lat' dir='ltr'><strong>ergo</strong></span> <span class='ocrx_word' id='word_1_590' title='bbox 3219 3194 3330 3234; x_wconf 91' lang='lat' dir='ltr'><strong>non</strong></span> <span class='ocrx_word' id='word_1_591' title='bbox 3383 3179 3591 3244; x_wconf 89' lang='lat' dir='ltr'><strong>possunt</strong></span> <span class='ocrx_word' id='word_1_592' title='bbox 3623 3165 3746 3221; x_wconf 64' lang='lat' dir='ltr'><strong>dicere.</strong></span> 
     </span>
    </p>
   </div>
   <div class='ocr_carea' id='block_1_77' title="bbox 2280 3251 3743 3351">
    <p class='ocr_par' dir='ltr' id='par_1_77' title="bbox 2280 3251 3743 3351">
     <span class='ocr_line' id='line_1_77' title="bbox 2280 3251 3743 3351; baseline -0.014 -18"><span class='ocrx_word' id='word_1_593' title='bbox 2280 3281 2407 3351; x_wconf 88' lang='lat' dir='ltr'><strong>quia</strong></span> <span class='ocrx_word' id='word_1_594' title='bbox 2458 3288 2727 3350; x_wconf 87' lang='lat' dir='ltr'><strong>peccatum</strong></span> <span class='ocrx_word' id='word_1_595' title='bbox 2786 3291 2955 3329; x_wconf 86' lang='lat' dir='ltr'><strong>meum</strong></span> <span class='ocrx_word' id='word_1_596' title='bbox 3002 3288 3179 3328; x_wconf 82' lang='lat' dir='ltr'><strong>coram</strong></span> <span class='ocrx_word' id='word_1_597' title='bbox 3209 3288 3294 3326; x_wconf 80' lang='lat' dir='ltr'><strong>nte</strong></span> <span class='ocrx_word' id='word_1_598' title='bbox 3345 3278 3421 3323; x_wconf 84' lang='lat' dir='ltr'><strong>est</strong></span> <span class='ocrx_word' id='word_1_599' title='bbox 3466 3274 3646 3330; x_wconf 71' lang='lat' dir='ltr'><strong>semper.</strong></span> <span class='ocrx_word' id='word_1_600' title='bbox 3671 3251 3743 3306; x_wconf 63' lang='lat' dir='ltr'><strong>CIIII</strong></span> 
     </span>
    </p>
   </div>
   <div class='ocr_carea' id='block_1_78' title="bbox 2282 3353 3743 3442">
    <p class='ocr_par' dir='ltr' id='par_1_78' title="bbox 2282 3353 3743 3442">
     <span class='ocr_line' id='line_1_78' title="bbox 2282 3353 3743 3442; baseline -0.016 -17"><span class='ocrx_word' id='word_1_601' title='bbox 2282 3389 2408 3427; x_wconf 77' lang='lat' dir='ltr'><strong>vero</strong></span> <span class='ocrx_word' id='word_1_602' title='bbox 2439 3381 2558 3442; x_wconf 89' lang='lat' dir='ltr'><strong>post</strong></span> <span class='ocrx_word' id='word_1_603' title='bbox 2585 3371 2786 3425; x_wconf 91' lang='lat' dir='ltr'><strong>dictum</strong></span> <span class='ocrx_word' id='word_1_604' title='bbox 2828 3369 2951 3437; x_wconf 89' lang='lat' dir='ltr'><strong>quis</strong></span> <span class='ocrx_word' id='word_1_605' title='bbox 2996 3366 3342 3421; x_wconf 88' lang='lat' dir='ltr'><strong>consumitur</strong></span> <span class='ocrx_word' id='word_1_606' title='bbox 3376 3369 3430 3413; x_wconf 88' lang='lat' dir='ltr'><strong>et</strong></span> <span class='ocrx_word' id='word_1_607' title='bbox 3460 3353 3663 3423; x_wconf 79' lang='lat' dir='ltr'><strong>amigiwr</strong></span> <span class='ocrx_word' id='word_1_608' title='bbox 3689 3358 3743 3442; x_wconf 58' lang='lat' dir='ltr'><strong>tito</strong></span> 
     </span>
    </p>
   </div>
   <div class='ocr_carea' id='block_1_79' title="bbox 2281 3436 3739 3537">
    <p class='ocr_par' dir='ltr' id='par_1_79' title="bbox 2281 3436 3739 3537">
     <span class='ocr_line' id='line_1_79' title="bbox 2281 3436 3739 3537; baseline -0.014 -19"><span class='ocrx_word' id='word_1_609' title='bbox 2281 3436 2487 3518; x_wconf 67' lang='lat' dir='ltr'><strong>delicio</strong></span> <span class='ocrx_word' id='word_1_610' title='bbox 2512 3477 2611 3518; x_wconf 93' lang='lat' dir='ltr'><strong>suo</strong></span> <span class='ocrx_word' id='word_1_611' title='bbox 2638 3471 2692 3515; x_wconf 91' lang='lat' dir='ltr'><strong>et</strong></span> <span class='ocrx_word' id='word_1_612' title='bbox 2715 3436 3065 3515; x_wconf 72' lang='lat' dir='ltr'><strong>conscientiae</strong></span> <span class='ocrx_word' id='word_1_613' title='bbox 3087 3457 3329 3512; x_wconf 90' lang='lat' dir='ltr'><strong>stimulis</strong></span> <span class='ocrx_word' id='word_1_614' title='bbox 3357 3453 3586 3525; x_wconf 82' lang='lat' dir='ltr'><strong>agitatur,</strong></span> 
     </span>
    </p>
   </div>
   <div class='ocr_carea' id='block_1_80' title="bbox 2279 3535 3736 3619">
    <p class='ocr_par' dir='ltr' id='par_1_80' title="bbox 2279 3535 3736 3619">
     <span class='ocr_line' id='line_1_80' title="bbox 2279 3535 3736 3619; baseline -0.022 -10"><span class='ocrx_word' id='word_1_615' title='bbox 2279 3563 2368 3609; x_wconf 91' lang='lat' dir='ltr'><strong>tur</strong></span> <span class='ocrx_word' id='word_1_616' title='bbox 2408 3555 2526 3610; x_wconf 92' lang='lat' dir='ltr'><strong>sine</strong></span> <span class='ocrx_word' id='word_1_617' title='bbox 2574 3552 2980 3608; x_wconf 86' lang='lat' dir='ltr'><strong>intermissione</strong></span> <span class='ocrx_word' id='word_1_618' title='bbox 3031 3559 3195 3619; x_wconf 89' lang='lat' dir='ltr'><strong>atque</strong></span> <span class='ocrx_word' id='word_1_619' title='bbox 3251 3546 3476 3604; x_wconf 84' lang='lat' dir='ltr'><strong>occultis</strong></span> <span class='ocrx_word' id='word_1_620' title='bbox 3515 3535 3736 3595; x_wconf 62' lang='lat' dir='ltr'><strong>confutatis</strong></span> 
     </span>
    </p>
   </div>
   <div class='ocr_carea' id='block_1_81' title="bbox 2281 3635 3734 3717">
    <p class='ocr_par' dir='ltr' id='par_1_81' title="bbox 2281 3635 3734 3717">
     <span class='ocr_line' id='line_1_81' title="bbox 2281 3635 3734 3717; baseline -0.014 -13"><span class='ocrx_word' id='word_1_621' title='bbox 2281 3650 2442 3704; x_wconf 88' lang='lat' dir='ltr'><strong>nibus</strong></span> <span class='ocrx_word' id='word_1_622' title='bbox 2469 3649 2841 3717; x_wconf 76' lang='lat' dir='ltr'><strong>impugnatur,</strong></span> <span class='ocrx_word' id='word_1_623' title='bbox 2872 3648 2972 3701; x_wconf 91' lang='lat' dir='ltr'><strong>iste</strong></span> <span class='ocrx_word' id='word_1_624' title='bbox 3010 3648 3205 3700; x_wconf 89' lang='lat' dir='ltr'><strong>merito</strong></span> <span class='ocrx_word' id='word_1_625' title='bbox 3236 3644 3371 3700; x_wconf 88' lang='lat' dir='ltr'><strong>dicit</strong></span> <span class='ocrx_word' id='word_1_626' title='bbox 3403 3657 3417 3693; x_wconf 91' lang='lat'><strong>:</strong></span> <span class='ocrx_word' id='word_1_627' title='bbox 3456 3635 3563 3691; x_wconf 76' lang='lat' dir='ltr'><strong>Non</strong></span> <span class='ocrx_word' id='word_1_628' title='bbox 3590 3640 3646 3684; x_wconf 78' lang='lat' dir='ltr'><strong>est</strong></span> <span class='ocrx_word' id='word_1_629' title='bbox 3673 3635 3734 3693; x_wconf 62' lang='lat' dir='ltr'><strong>p43</strong></span> 
     </span>
    </p>
   </div>
   <div class='ocr_carea' id='block_1_82' title="bbox 2279 3720 3735 3818">
    <p class='ocr_par' dir='ltr' id='par_1_82' title="bbox 2279 3720 3735 3818">
     <span class='ocr_line' id='line_1_82' title="bbox 2279 3720 3735 3818; baseline -0.015 -24"><span class='ocrx_word' id='word_1_630' title='bbox 2279 3740 2482 3794; x_wconf 84' lang='lat' dir='ltr'><strong>ossibus</strong></span> <span class='ocrx_word' id='word_1_631' title='bbox 2526 3741 2653 3792; x_wconf 86' lang='lat' dir='ltr'><strong>meis</strong></span> <span class='ocrx_word' id='word_1_632' title='bbox 2686 3754 2718 3790; x_wconf 89' lang='lat' dir='ltr'><strong>a</strong></span> <span class='ocrx_word' id='word_1_633' title='bbox 2750 3737 2885 3806; x_wconf 79' lang='lat' dir='ltr'><strong>{acie</strong></span> <span class='ocrx_word' id='word_1_634' title='bbox 2906 3746 3238 3805; x_wconf 84' lang='lat' dir='ltr'><strong>peccatorum</strong></span> <span class='ocrx_word' id='word_1_635' title='bbox 3284 3742 3521 3786; x_wconf 80' lang='lat' dir='ltr'><strong>meorum.</strong></span> <span class='ocrx_word' id='word_1_636' title='bbox 3556 3720 3627 3775; x_wconf 83' lang='lat' dir='ltr'><strong>Est</strong></span> <span class='ocrx_word' id='word_1_637' title='bbox 3660 3726 3735 3818; x_wconf 58' lang='grc' dir='ltr'><strong>ξίυτ</strong></span> 
     </span>
    </p>
   </div>
   <div class='ocr_carea' id='block_1_83' title="bbox 2280 3811 3731 3902">
    <p class='ocr_par' dir='ltr' id='par_1_83' title="bbox 2280 3811 3731 3902">
     <span class='ocr_line' id='line_1_83' title="bbox 2280 3811 3731 3902; baseline -0.016 -14"><span class='ocrx_word' id='word_1_638' title='bbox 2280 3835 2447 3890; x_wconf 78' lang='lat' dir='ltr'><strong>iacies</strong></span> <span class='ocrx_word' id='word_1_639' title='bbox 2480 3834 2727 3902; x_wconf 80' lang='lat' dir='ltr'><strong>quaedam</strong></span> <span class='ocrx_word' id='word_1_640' title='bbox 2756 3833 2923 3886; x_wconf 86' lang='lat' dir='ltr'><strong>etiam</strong></span> <span class='ocrx_word' id='word_1_641' title='bbox 2960 3838 3332 3900; x_wconf 89' lang='lat' dir='ltr'><strong>peccatorum,</strong></span> <span class='ocrx_word' id='word_1_642' title='bbox 3358 3834 3428 3891; x_wconf 90' lang='lat' dir='ltr'><strong>et,</strong></span> <span class='ocrx_word' id='word_1_643' title='bbox 3448 3828 3512 3880; x_wconf 84' lang='lat' dir='ltr'><strong>.ut</strong></span> <span class='ocrx_word' id='word_1_644' title='bbox 3549 3817 3605 3871; x_wconf 80' lang='lat' dir='ltr'><strong>ita</strong></span> <span class='ocrx_word' id='word_1_645' title='bbox 3643 3811 3731 3902; x_wconf 54' lang='lat' dir='ltr'><strong>ille:</strong></span> 
     </span>
    </p>
   </div>
   <div class='ocr_carea' id='block_1_84' title="bbox 2280 3900 3727 4001">
    <p class='ocr_par' dir='ltr' id='par_1_84' title="bbox 2280 3900 3727 4001">
     <span class='ocr_line' id='line_1_84' title="bbox 2280 3900 3727 4001; baseline -0.007 -22"><span class='ocrx_word' id='word_1_646' title='bbox 2280 3926 2400 3993; x_wconf 90' lang='lat' dir='ltr'><strong>rim,</strong></span> <span class='ocrx_word' id='word_1_647' title='bbox 2433 3900 2583 3980; x_wconf 87' lang='lat' dir='ltr'><strong>color</strong></span> <span class='ocrx_word' id='word_1_648' title='bbox 2612 3925 2830 3994; x_wconf 90' lang='lat' dir='ltr'><strong>quidam</strong></span> <span class='ocrx_word' id='word_1_649' title='bbox 2861 3932 2920 3977; x_wconf 90' lang='lat' dir='ltr'><strong>et</strong></span> <span class='ocrx_word' id='word_1_650' title='bbox 2946 3921 3178 3990; x_wconf 88' lang='lat' dir='ltr'><strong>species,</strong></span> <span class='ocrx_word' id='word_1_651' title='bbox 3216 3935 3318 3990; x_wconf 91' lang='lat' dir='ltr'><strong>per</strong></span> <span class='ocrx_word' id='word_1_652' title='bbox 3358 3928 3510 3986; x_wconf 87' lang='lat' dir='ltr'><strong>quam</strong></span> 
     </span>
    </p>
   </div>
   <div class='ocr_carea' id='block_1_85' title="bbox 2276 3999 3722 4087">
    <p class='ocr_par' dir='ltr' id='par_1_85' title="bbox 2276 3999 3722 4087">
     <span class='ocr_line' id='line_1_85' title="bbox 2276 3999 3722 4087; baseline -0.021 -14"><span class='ocrx_word' id='word_1_653' title='bbox 2276 4028 2331 4072; x_wconf 87' lang='lat' dir='ltr'><strong>et</strong></span> <span class='ocrx_word' id='word_1_654' title='bbox 2362 4017 2676 4086; x_wconf 79' lang='lat' dir='ltr'><strong>recognosci</strong></span> <span class='ocrx_word' id='word_1_655' title='bbox 2719 4014 2896 4070; x_wconf 87' lang='lat' dir='ltr'><strong>solent</strong></span> <span class='ocrx_word' id='word_1_656' title='bbox 2925 4029 2987 4068; x_wconf 86' lang='lat' dir='ltr'><strong>ea</strong></span> <span class='ocrx_word' id='word_1_657' title='bbox 3031 4028 3151 4082; x_wconf 75' lang='lat' dir='ltr'><strong>qua:</strong></span> <span class='ocrx_word' id='word_1_658' title='bbox 3200 4006 3485 4081; x_wconf 87' lang='lat' dir='ltr'><strong>aliquando</strong></span> <span class='ocrx_word' id='word_1_659' title='bbox 3526 3999 3722 4087; x_wconf 53' lang='lat' dir='ltr'><strong>commissi</strong></span> 
     </span>
    </p>
   </div>
   <div class='ocr_carea' id='block_1_86' title="bbox 2277 4094 3725 4165">
    <p class='ocr_par' dir='ltr' id='par_1_86' title="bbox 2277 4094 3725 4165">
     <span class='ocr_line' id='line_1_86' title="bbox 2277 4094 3725 4165; baseline -0.021 -1"><span class='ocrx_word' id='word_1_660' title='bbox 2277 4118 2422 4165; x_wconf 89' lang='lat' dir='ltr'><strong>sunt.</strong></span> <span class='ocrx_word' id='word_1_661' title='bbox 2452 4110 2588 4164; x_wconf 77' lang='lat' dir='ltr'><strong>Cum</strong></span> <span class='ocrx_word' id='word_1_662' title='bbox 2621 4122 2753 4162; x_wconf 88' lang='lat' dir='ltr'><strong>vero</strong></span> <span class='ocrx_word' id='word_1_663' title='bbox 2781 4116 2908 4161; x_wconf 89' lang='lat' dir='ltr'><strong>ante</strong></span> <span class='ocrx_word' id='word_1_664' title='bbox 2929 4104 3116 4162; x_wconf 90' lang='lat' dir='ltr'><strong>oculos</strong></span> <span class='ocrx_word' id='word_1_665' title='bbox 3168 4104 3348 4160; x_wconf 89' lang='lat' dir='ltr'><strong>cordis</strong></span> <span class='ocrx_word' id='word_1_666' title='bbox 3385 4095 3534 4155; x_wconf 90' lang='lat' dir='ltr'><strong>nostri</strong></span> <span class='ocrx_word' id='word_1_667' title='bbox 3560 4094 3725 4145; x_wconf 78' lang='lat' dir='ltr'><strong>statuet!-</strong></span> 
     </span>
    </p>
   </div>
   <div class='ocr_carea' id='block_1_87' title="bbox 2276 4183 3718 4270">
    <p class='ocr_par' dir='ltr' id='par_1_87' title="bbox 2276 4183 3718 4270">
     <span class='ocr_line' id='line_1_87' title="bbox 2276 4183 3718 4270; baseline -0.019 -15"><span class='ocrx_word' id='word_1_668' title='bbox 2276 4214 2397 4255; x_wconf 91' lang='lat' dir='ltr'><strong>mus</strong></span> <span class='ocrx_word' id='word_1_669' title='bbox 2443 4209 2664 4270; x_wconf 86' lang='lat' dir='ltr'><strong>peccata</strong></span> <span class='ocrx_word' id='word_1_670' title='bbox 2716 4205 2921 4262; x_wconf 85' lang='lat' dir='ltr'><strong>nostra,</strong></span> <span class='ocrx_word' id='word_1_671' title='bbox 2970 4206 3026 4251; x_wconf 91' lang='lat' dir='ltr'><strong>et</strong></span> <span class='ocrx_word' id='word_1_672' title='bbox 3074 4195 3485 4263; x_wconf 88' lang='lat' dir='ltr'><strong>unumquodque</strong></span> <span class='ocrx_word' id='word_1_673' title='bbox 3528 4183 3718 4237; x_wconf 62' lang='lat' dir='ltr'><strong>intuentes.</strong></span> 
     </span>
    </p>
   </div>
   <div class='ocr_carea' id='block_1_88' title="bbox 2276 4273 3718 4363">
    <p class='ocr_par' dir='ltr' id='par_1_88' title="bbox 2276 4273 3718 4363">
     <span class='ocr_line' id='line_1_88' title="bbox 2276 4273 3718 4363; baseline -0.021 -14"><span class='ocrx_word' id='word_1_674' title='bbox 2276 4301 2730 4363; x_wconf 83' lang='lat' dir='ltr'><strong>recognoscentes</strong></span> <span class='ocrx_word' id='word_1_675' title='bbox 2770 4288 3141 4346; x_wconf 89' lang='lat' dir='ltr'><strong>erubescimus</strong></span> <span class='ocrx_word' id='word_1_676' title='bbox 3197 4287 3431 4355; x_wconf 80' lang='lat' dir='ltr'><strong>factique</strong></span> <span class='ocrx_word' id='word_1_677' title='bbox 3480 4273 3718 4347; x_wconf 64' lang='lat' dir='ltr'><strong>pmniteuus</strong></span> 
     </span>
    </p>
   </div>
   <div class='ocr_carea' id='block_1_89' title="bbox 592 4359 3718 4453">
    <p class='ocr_par' dir='ltr' id='par_1_89' title="bbox 592 4359 3718 4453">
     <span class='ocr_line' id='line_1_89' title="bbox 592 4359 3718 4453; baseline -0.006 -15"><span class='ocrx_word' id='word_1_678' title='bbox 592 4384 709 4453; x_wconf 87' lang='lat' dir='ltr'><strong>ejus</strong></span> <span class='ocrx_word' id='word_1_679' title='bbox 734 4381 959 4452; x_wconf 89' lang='lat' dir='ltr'><strong>corripi,</strong></span> <span class='ocrx_word' id='word_1_680' title='bbox 990 4379 1320 4451; x_wconf 85' lang='lat' dir='ltr'><strong>justissimas</strong></span> <span class='ocrx_word' id='word_1_681' title='bbox 1345 4396 1537 4436; x_wconf 86' lang='lat' dir='ltr'><strong>causas</strong></span> <span class='ocrx_word' id='word_1_682' title='bbox 1583 4381 1741 4451; x_wconf 88' lang='lat' dir='ltr'><strong>hujus</strong></span> <span class='ocrx_word' id='word_1_683' title='bbox 1793 4382 2167 4437; x_wconf 80' lang='lat' dir='ltr'><strong>excusationis</strong></span> <span class='ocrx_word' id='word_1_684' title='bbox 2200 4359 2244 4414; x_wconf 71' lang='grc' dir='ltr'><strong>θ</strong></span> <span class='ocrx_word' id='word_1_685' title='bbox 2279 4399 2404 4442; x_wconf 91' lang='lat' dir='ltr'><strong>tunc</strong></span> <span class='ocrx_word' id='word_1_686' title='bbox 2431 4387 2738 4442; x_wconf 86' lang='lat' dir='ltr'><strong>conturbati</strong></span> <span class='ocrx_word' id='word_1_687' title='bbox 2759 4394 2814 4440; x_wconf 90' lang='lat' dir='ltr'><strong>et</strong></span> <span class='ocrx_word' id='word_1_688' title='bbox 2834 4384 3080 4440; x_wconf 77' lang='lat' dir='ltr'><strong>exterriti</strong></span> <span class='ocrx_word' id='word_1_689' title='bbox 3106 4382 3300 4437; x_wconf 88' lang='lat' dir='ltr'><strong>merito</strong></span> <span class='ocrx_word' id='word_1_690' title='bbox 3331 4378 3538 4435; x_wconf 86' lang='lat' dir='ltr'><strong>dicimus</strong></span> <span class='ocrx_word' id='word_1_691' title='bbox 3558 4377 3632 4422; x_wconf 85' lang='lat' dir='ltr'><strong>nos</strong></span> <span class='ocrx_word' id='word_1_692' title='bbox 3657 4367 3718 4411; x_wconf 70' lang='lat'><strong>90&#39;</strong></span> 
     </span>
    </p>
   </div>
   <div class='ocr_carea' id='block_1_90' title="bbox 590 4476 2168 4545">
    <p class='ocr_par' dir='ltr' id='par_1_90' title="bbox 590 4476 2168 4545">
     <span class='ocr_line' id='line_1_90' title="bbox 590 4476 2168 4545; baseline -0.001 -12"><span class='ocrx_word' id='word_1_693' title='bbox 590 4479 848 4541; x_wconf 86' lang='lat' dir='ltr'><strong>ostendit,</strong></span> <span class='ocrx_word' id='word_1_694' title='bbox 890 4491 1142 4532; x_wconf 87' lang='lat' dir='ltr'><strong>asserens</strong></span> <span class='ocrx_word' id='word_1_695' title='bbox 1195 4491 1254 4530; x_wconf 89' lang='lat' dir='ltr'><strong>se</strong></span> <span class='ocrx_word' id='word_1_696' title='bbox 1307 4476 1521 4545; x_wconf 78' lang='lat' dir='ltr'><strong>sagittis</strong></span> <span class='ocrx_word' id='word_1_697' title='bbox 1574 4478 1863 4532; x_wconf 90' lang='lat' dir='ltr'><strong>verborum</strong></span> <span class='ocrx_word' id='word_1_698' title='bbox 1911 4476 2003 4531; x_wconf 90' lang='lat' dir='ltr'><strong>Dei</strong></span> <span class='ocrx_word' id='word_1_699' title='bbox 2047 4491 2168 4532; x_wconf 89' lang='lat' dir='ltr'><strong>esse</strong></span> 
     </span>
    </p>
   </div>
   <div class='ocr_carea' id='block_1_91' title="bbox 593 4568 2163 4639">
    <p class='ocr_par' dir='ltr' id='par_1_91' title="bbox 593 4568 2163 4639">
     <span class='ocr_line' id='line_1_91' title="bbox 593 4568 2163 4639; baseline 0.003 -20"><span class='ocrx_word' id='word_1_700' title='bbox 593 4570 884 4634; x_wconf 69' lang='lat' dir='ltr'><strong>conﬁxum,</strong></span> <span class='ocrx_word' id='word_1_701' title='bbox 920 4579 975 4623; x_wconf 88' lang='lat' dir='ltr'><strong>et</strong></span> <span class='ocrx_word' id='word_1_702' title='bbox 1004 4568 1076 4623; x_wconf 88' lang='lat' dir='ltr'><strong>ita</strong></span> <span class='ocrx_word' id='word_1_703' title='bbox 1105 4570 1373 4623; x_wconf 88' lang='lat' dir='ltr'><strong>turbatum</strong></span> <span class='ocrx_word' id='word_1_704' title='bbox 1426 4579 1588 4639; x_wconf 90' lang='lat' dir='ltr'><strong>atque</strong></span> <span class='ocrx_word' id='word_1_705' title='bbox 1609 4569 1961 4639; x_wconf 87' lang='lat' dir='ltr'><strong>perterritum</strong></span> <span class='ocrx_word' id='word_1_706' title='bbox 1990 4585 2019 4622; x_wconf 89' lang='lat' dir='ltr'><strong>a</strong></span> <span class='ocrx_word' id='word_1_707' title='bbox 2051 4570 2163 4624; x_wconf 90' lang='lat' dir='ltr'><strong>sola</strong></span> 
     </span>
    </p>
   </div>
   <div class='ocr_carea' id='block_1_92' title="bbox 592 4662 2164 4735">
    <p class='ocr_par' dir='ltr' id='par_1_92' title="bbox 592 4662 2164 4735">
     <span class='ocr_line' id='line_1_92' title="bbox 592 4662 2164 4735; baseline 0.003 -19"><span class='ocrx_word' id='word_1_708' title='bbox 592 4662 737 4717; x_wconf 76' lang='lat' dir='ltr'><strong>facie</strong></span> <span class='ocrx_word' id='word_1_709' title='bbox 770 4663 866 4718; x_wconf 71' lang='lat' dir='ltr'><strong>ira:</strong></span> <span class='ocrx_word' id='word_1_710' title='bbox 905 4662 1136 4725; x_wconf 90' lang='lat' dir='ltr'><strong>Domini,</strong></span> <span class='ocrx_word' id='word_1_711' title='bbox 1189 4671 1247 4715; x_wconf 92' lang='lat' dir='ltr'><strong>ut</strong></span> <span class='ocrx_word' id='word_1_712' title='bbox 1283 4662 1427 4715; x_wconf 90' lang='lat' dir='ltr'><strong>nulla</strong></span> <span class='ocrx_word' id='word_1_713' title='bbox 1460 4678 1685 4731; x_wconf 85' lang='lat' dir='ltr'><strong>prorsus</strong></span> <span class='ocrx_word' id='word_1_714' title='bbox 1737 4665 1792 4717; x_wconf 87' lang='lat' dir='ltr'><strong>in</strong></span> <span class='ocrx_word' id='word_1_715' title='bbox 1839 4679 2005 4720; x_wconf 85' lang='lat' dir='ltr'><strong>carne</strong></span> <span class='ocrx_word' id='word_1_716' title='bbox 2045 4666 2164 4735; x_wconf 91' lang='lat' dir='ltr'><strong>ejus</strong></span> 
     </span>
    </p>
   </div>
   <div class='ocr_carea' id='block_1_93' title="bbox 591 4753 2159 4824">
    <p class='ocr_par' dir='ltr' id='par_1_93' title="bbox 591 4753 2159 4824">
     <span class='ocr_line' id='line_1_93' title="bbox 591 4753 2159 4824; baseline 0.002 -15"><span class='ocrx_word' id='word_1_717' title='bbox 591 4755 820 4819; x_wconf 87' lang='lat' dir='ltr'><strong>sanitas,</strong></span> <span class='ocrx_word' id='word_1_718' title='bbox 857 4755 909 4809; x_wconf 92' lang='lat' dir='ltr'><strong>id</strong></span> <span class='ocrx_word' id='word_1_719' title='bbox 939 4763 1022 4809; x_wconf 90' lang='lat' dir='ltr'><strong>est</strong></span> <span class='ocrx_word' id='word_1_720' title='bbox 1074 4753 1276 4808; x_wconf 90' lang='lat' dir='ltr'><strong>nullum</strong></span> <span class='ocrx_word' id='word_1_721' title='bbox 1319 4755 1578 4824; x_wconf 83' lang='lat' dir='ltr'><strong>peccandi</strong></span> <span class='ocrx_word' id='word_1_722' title='bbox 1634 4756 1776 4810; x_wconf 88' lang='lat' dir='ltr'><strong>ultra</strong></span> <span class='ocrx_word' id='word_1_723' title='bbox 1832 4756 2159 4812; x_wconf 78' lang='lat' dir='ltr'><strong>desiderium</strong></span> 
     </span>
    </p>
   </div>
   <div class='ocr_carea' id='block_1_94' title="bbox 592 4844 2161 4917">
    <p class='ocr_par' dir='ltr' id='par_1_94' title="bbox 592 4844 2161 4917">
     <span class='ocr_line' id='line_1_94' title="bbox 592 4844 2161 4917; baseline 0.001 -16"><span class='ocrx_word' id='word_1_724' title='bbox 592 4847 872 4902; x_wconf 84' lang='lat' dir='ltr'><strong>manserit.</strong></span> <span class='ocrx_word' id='word_1_725' title='bbox 925 4845 1145 4899; x_wconf 86' lang='lat' dir='ltr'><strong>Memini</strong></span> <span class='ocrx_word' id='word_1_726' title='bbox 1196 4859 1280 4898; x_wconf 89' lang='lat' dir='ltr'><strong>me</strong></span> <span class='ocrx_word' id='word_1_727' title='bbox 1331 4844 1623 4913; x_wconf 89' lang='lat' dir='ltr'><strong>aliquando</strong></span> <span class='ocrx_word' id='word_1_728' title='bbox 1677 4847 1742 4901; x_wconf 87' lang='lat' dir='ltr'><strong>de</strong></span> <span class='ocrx_word' id='word_1_729' title='bbox 1793 4847 1887 4902; x_wconf 93' lang='lat' dir='ltr'><strong>illo</strong></span> <span class='ocrx_word' id='word_1_730' title='bbox 1920 4849 2161 4917; x_wconf 82' lang='lat' dir='ltr'><strong>capitulo</strong></span> 
     </span>
    </p>
   </div>
   <div class='ocr_carea' id='block_1_95' title="bbox 594 4936 2164 5009">
    <p class='ocr_par' dir='ltr' id='par_1_95' title="bbox 594 4936 2164 5009">
     <span class='ocr_line' id='line_1_95' title="bbox 594 4936 2164 5009; baseline 0 -16"><span class='ocrx_word' id='word_1_731' title='bbox 594 4938 862 5008; x_wconf 79' lang='lat' dir='ltr'><strong>Evangelii</strong></span> <span class='ocrx_word' id='word_1_732' title='bbox 886 4937 1269 5004; x_wconf 84' lang='lat' dir='ltr'><strong>disputantem,</strong></span> <span class='ocrx_word' id='word_1_733' title='bbox 1303 4936 1354 4990; x_wconf 91' lang='lat' dir='ltr'><strong>iu</strong></span> <span class='ocrx_word' id='word_1_734' title='bbox 1388 4952 1495 5005; x_wconf 85' lang='lat' dir='ltr'><strong>quo</strong></span> <span class='ocrx_word' id='word_1_735' title='bbox 1526 4938 1784 5006; x_wconf 88' lang='lat' dir='ltr'><strong>scriptum</strong></span> <span class='ocrx_word' id='word_1_736' title='bbox 1818 4949 1902 4993; x_wconf 88' lang='lat' dir='ltr'><strong>est</strong></span> <span class='ocrx_word' id='word_1_737' title='bbox 1925 4941 1972 4972; x_wconf 78' lang='grc'><strong>⁹⁶</strong></span> <span class='ocrx_word' id='word_1_738' title='bbox 1997 4955 2012 4994; x_wconf 90' lang='lat'><strong>:</strong></span> <span class='ocrx_word' id='word_1_739' title='bbox 2042 4941 2164 5009; x_wconf 85' lang='lat' dir='ltr'><strong>Spi-</strong></span> 
     </span>
    </p>
   </div>
   <div class='ocr_carea' id='block_1_96' title="bbox 592 5029 2160 5099">
    <p class='ocr_par' dir='ltr' id='par_1_96' title="bbox 592 5029 2160 5099">
     <span class='ocr_line' id='line_1_96' title="bbox 592 5029 2160 5099; baseline 0.003 -17"><span class='ocrx_word' id='word_1_740' title='bbox 592 5033 725 5083; x_wconf 87' lang='lat' dir='ltr'><strong>ritus</strong></span> <span class='ocrx_word' id='word_1_741' title='bbox 752 5029 961 5099; x_wconf 78' lang='lat' dir='ltr'><strong>quidem</strong></span> <span class='ocrx_word' id='word_1_742' title='bbox 992 5039 1266 5098; x_wconf 84' lang='lat' dir='ltr'><strong>promptus</strong></span> <span class='ocrx_word' id='word_1_743' title='bbox 1292 5037 1391 5093; x_wconf 85' lang='lat' dir='ltr'><strong>est,</strong></span> <span class='ocrx_word' id='word_1_744' title='bbox 1415 5045 1539 5081; x_wconf 85' lang='lat' dir='ltr'><strong>caro</strong></span> <span class='ocrx_word' id='word_1_745' title='bbox 1568 5040 1741 5082; x_wconf 84' lang='lat' dir='ltr'><strong>autem</strong></span> <span class='ocrx_word' id='word_1_746' title='bbox 1780 5030 2013 5099; x_wconf 84' lang='lat' dir='ltr'><strong>infirma,</strong></span> <span class='ocrx_word' id='word_1_747' title='bbox 2055 5034 2160 5089; x_wconf 87' lang='lat' dir='ltr'><strong>tale</strong></span> 
     </span>
    </p>
   </div>
   <div class='ocr_carea' id='block_1_97' title="bbox 591 5116 2165 5189">
    <p class='ocr_par' dir='ltr' id='par_1_97' title="bbox 591 5116 2165 5189">
     <span class='ocr_line' id='line_1_97' title="bbox 591 5116 2165 5189; baseline 0.001 -16"><span class='ocrx_word' id='word_1_748' title='bbox 591 5119 792 5189; x_wconf 87' lang='lat' dir='ltr'><strong>aliquid</strong></span> <span class='ocrx_word' id='word_1_749' title='bbox 850 5119 1108 5185; x_wconf 88' lang='lat' dir='ltr'><strong>sensisse,</strong></span> <span class='ocrx_word' id='word_1_750' title='bbox 1160 5118 1302 5189; x_wconf 89' lang='lat' dir='ltr'><strong>quod</strong></span> <span class='ocrx_word' id='word_1_751' title='bbox 1356 5128 1644 5186; x_wconf 88' lang='lat' dir='ltr'><strong>antequam</strong></span> <span class='ocrx_word' id='word_1_752' title='bbox 1682 5116 1935 5172; x_wconf 86' lang='lat' dir='ltr'><strong>Salvator</strong></span> <span class='ocrx_word' id='word_1_753' title='bbox 1979 5130 2165 5175; x_wconf 91' lang='lat' dir='ltr'><strong>noster</strong></span> 
     </span>
    </p>
   </div>
   <div class='ocr_carea' id='block_1_98' title="bbox 591 5208 2160 5280">
    <p class='ocr_par' dir='ltr' id='par_1_98' title="bbox 591 5208 2160 5280">
     <span class='ocr_line' id='line_1_98' title="bbox 591 5208 2160 5280; baseline -0.002 -13"><span class='ocrx_word' id='word_1_754' title='bbox 591 5214 800 5267; x_wconf 81' lang='lat' dir='ltr'><strong>Veniret</strong></span> <span class='ocrx_word' id='word_1_755' title='bbox 836 5211 902 5265; x_wconf 89' lang='lat' dir='ltr'><strong>ad</strong></span> <span class='ocrx_word' id='word_1_756' title='bbox 934 5224 1177 5275; x_wconf 88' lang='lat' dir='ltr'><strong>crucem,</strong></span> <span class='ocrx_word' id='word_1_757' title='bbox 1213 5218 1270 5265; x_wconf 89' lang='lat' dir='ltr'><strong>et</strong></span> <span class='ocrx_word' id='word_1_758' title='bbox 1314 5208 1663 5268; x_wconf 65' lang='lat' dir='ltr'><strong>crusiﬁeeret</strong></span> <span class='ocrx_word' id='word_1_759' title='bbox 1718 5223 1965 5275; x_wconf 88' lang='lat' dir='ltr'><strong>carnem,</strong></span> <span class='ocrx_word' id='word_1_760' title='bbox 1999 5219 2160 5280; x_wconf 86' lang='lat' dir='ltr'><strong>atque</strong></span> 
     </span>
    </p>
   </div>
   <div class='ocr_carea' id='block_1_99' title="bbox 688 5330 1777 5398">
    <p class='ocr_par' dir='ltr' id='par_1_99' title="bbox 688 5330 1777 5398">
     <span class='ocr_line' id='line_1_99' title="bbox 688 5330 1777 5398; baseline -0.001 -13"><span class='ocrx_word' id='word_1_761' title='bbox 688 5335 735 5365; x_wconf 79' lang='lat'><strong>&quot;</strong></span> <span class='ocrx_word' id='word_1_762' title='bbox 766 5333 780 5385; x_wconf 94' lang='lat' dir='ltr'><strong>l</strong></span> <span class='ocrx_word' id='word_1_763' title='bbox 816 5332 942 5387; x_wconf 88' lang='lat' dir='ltr'><strong>Cor.</strong></span> <span class='ocrx_word' id='word_1_764' title='bbox 990 5348 1047 5398; x_wconf 85' lang='grc' dir='ltr'><strong>ν,</strong></span> <span class='ocrx_word' id='word_1_765' title='bbox 1087 5331 1141 5386; x_wconf 83' lang='grc'><strong>5.</strong></span> <span class='ocrx_word' id='word_1_766' title='bbox 1245 5331 1291 5366; x_wconf 75' lang='lat'>”</span> <span class='ocrx_word' id='word_1_767' title='bbox 1313 5330 1357 5385; x_wconf 90' lang='lat' dir='ltr'><strong>ll</strong></span> <span class='ocrx_word' id='word_1_768' title='bbox 1392 5331 1519 5387; x_wconf 67' lang='lat' dir='ltr'><strong>(lor.</strong></span> <span class='ocrx_word' id='word_1_769' title='bbox 1570 5346 1646 5397; x_wconf 86' lang='lat' dir='ltr'><strong>tv,</strong></span> <span class='ocrx_word' id='word_1_770' title='bbox 1686 5331 1777 5387; x_wconf 76' lang='grc'><strong>10.</strong></span> 
     </span>
    </p>
   </div>
   <div class='ocr_carea' id='block_1_100' title="bbox 590 5403 982 5469">
    <p class='ocr_par' dir='ltr' id='par_1_100' title="bbox 590 5403 982 5469">
     <span class='ocr_line' id='line_1_100' title="bbox 590 5403 982 5469; baseline 0.003 -12"><span class='ocrx_word' id='word_1_771' title='bbox 590 5404 634 5434; x_wconf 78' lang='grc'>³⁷</span> <span class='ocrx_word' id='word_1_772' title='bbox 665 5403 808 5458; x_wconf 83' lang='lat' dir='ltr'><strong>Psal.</strong></span> <span class='ocrx_word' id='word_1_773' title='bbox 842 5419 894 5469; x_wconf 83' lang='lat' dir='ltr'><strong>L,</strong></span> <span class='ocrx_word' id='word_1_774' title='bbox 928 5404 982 5458; x_wconf 87' lang='grc'><strong>5.</strong></span> 
     </span>
    </p>
   </div>
   <div class='ocr_carea' id='block_1_101' title="bbox 662 5518 2149 5593">
    <p class='ocr_par' dir='ltr' id='par_1_101' title="bbox 662 5518 2149 5593">
     <span class='ocr_line' id='line_1_101' title="bbox 662 5518 2149 5593; baseline 0.001 -19"><span class='ocrx_word' id='word_1_775' title='bbox 662 5520 773 5593; x_wconf 64' lang='grc'><strong>(47)</strong></span> <span class='ocrx_word' id='word_1_776' title='bbox 802 5519 904 5587; x_wconf 84' lang='lat' dir='ltr'><strong>Qui</strong></span> <span class='ocrx_word' id='word_1_777' title='bbox 928 5522 1065 5575; x_wconf 86' lang='lat' dir='ltr'><strong>enim</strong></span> <span class='ocrx_word' id='word_1_778' title='bbox 1093 5538 1186 5593; x_wconf 81' lang='lat' dir='ltr'><strong>nec</strong></span> <span class='ocrx_word' id='word_1_779' title='bbox 1213 5521 1412 5586; x_wconf 83' lang='lat' dir='ltr'><strong>dolent,</strong></span> <span class='ocrx_word' id='word_1_780' title='bbox 1443 5531 1549 5577; x_wconf 89' lang='lat' dir='ltr'><strong>etc.</strong></span> <span class='ocrx_word' id='word_1_781' title='bbox 1581 5520 1786 5593; x_wconf 69' lang='lat' dir='ltr'><strong>catena</strong></span> <span class='ocrx_word' id='word_1_782' title='bbox 1817 5518 2062 5577; x_wconf 89' lang='lat' dir='ltr'><strong>Corderii</strong></span> <span class='ocrx_word' id='word_1_783' title='bbox 2093 5529 2149 5577; x_wconf 86' lang='lat' dir='ltr'><strong>et</strong></span> 
     </span>
    </p>
   </div>
   <div class='ocr_carea' id='block_1_102' title="bbox 588 5591 2148 5661">
    <p class='ocr_par' dir='ltr' id='par_1_102' title="bbox 588 5591 2148 5661">
     <span class='ocr_line' id='line_1_102' title="bbox 588 5591 2148 5661; baseline 0.001 -18"><span class='ocrx_word' id='word_1_784' title='bbox 588 5591 707 5646; x_wconf 71' lang='lat' dir='ltr'><strong>alia:</strong></span> <span class='ocrx_word' id='word_1_785' title='bbox 735 5594 1113 5661; x_wconf 68' lang='lat' dir='ltr'><strong>«nanuscriptae</strong></span> <span class='ocrx_word' id='word_1_786' title='bbox 1141 5592 1329 5648; x_wconf 67' lang='lat' dir='ltr'><strong>Gratca</strong></span> <span class='ocrx_word' id='word_1_787' title='bbox 1358 5593 1520 5648; x_wconf 84' lang='lat' dir='ltr'><strong>verba</strong></span> <span class='ocrx_word' id='word_1_788' title='bbox 1571 5591 1803 5647; x_wconf 87' lang='lat' dir='ltr'><strong>all&#39;erunt</strong></span> <span class='ocrx_word' id='word_1_789' title='bbox 1856 5608 1973 5658; x_wconf 61' lang='lat' dir='ltr'><strong>quin</strong></span> <span class='ocrx_word' id='word_1_790' title='bbox 2026 5608 2148 5646; x_wconf 90' lang='lat' dir='ltr'><strong>cum</strong></span> 
     </span>
    </p>
   </div>
   <div class='ocr_carea' id='block_1_103' title="bbox 589 5662 2146 5719">
    <p class='ocr_par' dir='ltr' id='par_1_103' title="bbox 589 5662 2146 5719">
     <span class='ocr_line' id='line_1_103' title="bbox 589 5662 2146 5719; baseline -0.001 -1"><span class='ocrx_word' id='word_1_791' title='bbox 589 5667 691 5719; x_wconf 86' lang='lat' dir='ltr'><strong>ltoc</strong></span> <span class='ocrx_word' id='word_1_792' title='bbox 742 5663 861 5718; x_wconf 89' lang='lat' dir='ltr'><strong>loco</strong></span> <span class='ocrx_word' id='word_1_793' title='bbox 919 5664 1146 5718; x_wconf 89' lang='lat' dir='ltr'><strong>multum</strong></span> <span class='ocrx_word' id='word_1_794' title='bbox 1204 5664 1400 5718; x_wconf 75' lang='lat' dir='ltr'><strong>habent</strong></span> <span class='ocrx_word' id='word_1_795' title='bbox 1453 5663 1729 5719; x_wconf 81' lang='lat' dir='ltr'><strong>allinitatis</strong></span> <span class='ocrx_word' id='word_1_796' title='bbox 1776 5680 1789 5718; x_wconf 90' lang='lat'><strong>:</strong></span> <span class='ocrx_word' id='word_1_797' title='bbox 1846 5663 1957 5716; x_wconf 79' lang='grc' dir='ltr'>υὺκ</span> <span class='ocrx_word' id='word_1_798' title='bbox 2002 5662 2146 5718; x_wconf 75' lang='grc' dir='ltr'><strong>ἔστιν</strong></span> 
     </span>
    </p>
   </div>
   <div class='ocr_carea' id='block_1_104' title="bbox 1881 5330 2198 5388">
    <p class='ocr_par' dir='ltr' id='par_1_104' title="bbox 1881 5330 2198 5388">
     <span class='ocr_line' id='line_1_104' title="bbox 1881 5330 2198 5388; baseline 0.003 -1"><span class='ocrx_word' id='word_1_799' title='bbox 1881 5330 1930 5363; x_wconf 75' lang='grc'><strong><em>⁸⁸⁵</em></strong></span> <span class='ocrx_word' id='word_1_800' title='bbox 1988 5331 2198 5388; x_wconf 87' lang='lat' dir='ltr'><strong>Coloss.</strong></span> 
     </span>
    </p>
   </div>
   <div class='ocr_carea' id='block_1_105' title="bbox 2278 4459 3714 4548">
    <p class='ocr_par' dir='ltr' id='par_1_105' title="bbox 2278 4459 3714 4548">
     <span class='ocr_line' id='line_1_105' title="bbox 2278 4459 3714 4548; baseline -0.01 -14"><span class='ocrx_word' id='word_1_801' title='bbox 2278 4481 2478 4535; x_wconf 85' lang='lat' dir='ltr'><strong>habere</strong></span> <span class='ocrx_word' id='word_1_802' title='bbox 2504 4494 2696 4548; x_wconf 88' lang='lat' dir='ltr'><strong>pacem</strong></span> <span class='ocrx_word' id='word_1_803' title='bbox 2747 4478 2799 4532; x_wconf 93' lang='lat' dir='ltr'><strong>in</strong></span> <span class='ocrx_word' id='word_1_804' title='bbox 2830 4477 3044 4533; x_wconf 89' lang='lat' dir='ltr'><strong>ossibus</strong></span> <span class='ocrx_word' id='word_1_805' title='bbox 3097 4476 3301 4530; x_wconf 89' lang='lat' dir='ltr'><strong>nostris</strong></span> <span class='ocrx_word' id='word_1_806' title='bbox 3336 4489 3363 4528; x_wconf 86' lang='lat' dir='ltr'><strong>a</strong></span> <span class='ocrx_word' id='word_1_807' title='bbox 3392 4467 3515 4525; x_wconf 83' lang='lat' dir='ltr'><strong>facie</strong></span> <span class='ocrx_word' id='word_1_808' title='bbox 3554 4459 3714 4530; x_wconf 69' lang='grc' dir='ltr'><strong>Ρθοαῑθ·</strong></span> 
     </span>
    </p>
   </div>
   <div class='ocr_carea' id='block_1_106' title="bbox 2276 4581 3683 4639">
    <p class='ocr_par' dir='ltr' id='par_1_106' title="bbox 2276 4581 3683 4639">
     <span class='ocr_line' id='line_1_106' title="bbox 2276 4581 3683 4639; baseline 0 -15"><span class='ocrx_word' id='word_1_809' title='bbox 2276 4584 2395 4624; x_wconf 90' lang='lat' dir='ltr'><strong>rum</strong></span> <span class='ocrx_word' id='word_1_810' title='bbox 2420 4581 2756 4625; x_wconf 91' lang='lat' dir='ltr'><strong>nostrorum.</strong></span> <span class='ocrx_word' id='word_1_811' title='bbox 3674 4629 3683 4639; x_wconf 58' lang='grc'><em>,</em></span> 
     </span>
    </p>
   </div>
   <div class='ocr_carea' id='block_1_107' title="bbox 2347 4640 3708 4727">
    <p class='ocr_par' dir='ltr' id='par_1_107' title="bbox 2347 4640 3708 4727">
     <span class='ocr_line' id='line_1_107' title="bbox 2347 4640 3708 4727; baseline -0.018 -15"><span class='ocrx_word' id='word_1_812' title='bbox 2347 4659 2402 4714; x_wconf 76' lang='grc'><strong>4.</strong></span> <span class='ocrx_word' id='word_1_813' title='bbox 2431 4659 2611 4713; x_wconf 87' lang='lat' dir='ltr'><strong>Addat</strong></span> <span class='ocrx_word' id='word_1_814' title='bbox 2632 4662 2796 4711; x_wconf 88' lang='lat' dir='ltr'><strong>etiam</strong></span> <span class='ocrx_word' id='word_1_815' title='bbox 2825 4657 2939 4711; x_wconf 64' lang='lat' dir='ltr'><strong>haec</strong></span> <span class='ocrx_word' id='word_1_816' title='bbox 2963 4657 3055 4726; x_wconf 91' lang='lat' dir='ltr'><strong>qui</strong></span> <span class='ocrx_word' id='word_1_817' title='bbox 3081 4657 3306 4727; x_wconf 67' lang='lat' dir='ltr'><strong>poenitet</strong></span> <span class='ocrx_word' id='word_1_818' title='bbox 3334 4668 3423 4726; x_wconf 91' lang='lat' dir='ltr'><strong>pro</strong></span> <span class='ocrx_word' id='word_1_819' title='bbox 3441 4640 3708 4721; x_wconf 68' lang='lat' dir='ltr'><strong>peccatist</strong></span> 
     </span>
    </p>
   </div>
   <div class='ocr_carea' id='block_1_108' title="bbox 2274 4729 3710 4819">
    <p class='ocr_par' dir='ltr' id='par_1_108' title="bbox 2274 4729 3710 4819">
     <span class='ocr_line' id='line_1_108' title="bbox 2274 4729 3710 4819; baseline -0.01 -14"><span class='ocrx_word' id='word_1_820' title='bbox 2274 4759 2330 4805; x_wconf 91' lang='lat' dir='ltr'><strong>et</strong></span> <span class='ocrx_word' id='word_1_821' title='bbox 2354 4751 2497 4805; x_wconf 90' lang='lat' dir='ltr'><strong>dicat</strong></span> <span class='ocrx_word' id='word_1_822' title='bbox 2523 4764 2537 4803; x_wconf 90' lang='lat'><strong>:</strong></span> <span class='ocrx_word' id='word_1_823' title='bbox 2574 4748 2710 4814; x_wconf 83' lang='lat' dir='ltr'><strong>Quia</strong></span> <span class='ocrx_word' id='word_1_824' title='bbox 2743 4749 3045 4817; x_wconf 83' lang='lat' dir='ltr'><strong>iniquitates</strong></span> <span class='ocrx_word' id='word_1_825' title='bbox 3075 4729 3710 4819; x_wconf 54' lang='lat' dir='ltr'><strong>metzssﬁsuperpomm’</strong></span> 
     </span>
    </p>
   </div>
   <div class='ocr_carea' id='block_1_109' title="bbox 2273 4822 3705 4917">
    <p class='ocr_par' dir='ltr' id='par_1_109' title="bbox 2273 4822 3705 4917">
     <span class='ocr_line' id='line_1_109' title="bbox 2273 4822 3705 4917; baseline -0.008 -16"><span class='ocrx_word' id='word_1_826' title='bbox 2273 4858 2426 4917; x_wconf 87' lang='lat' dir='ltr'><strong>caput</strong></span> <span class='ocrx_word' id='word_1_827' title='bbox 2468 4862 2662 4910; x_wconf 85' lang='lat' dir='ltr'><strong>meum,</strong></span> <span class='ocrx_word' id='word_1_828' title='bbox 2697 4846 2833 4900; x_wconf 86' lang='lat' dir='ltr'><strong>sicut</strong></span> <span class='ocrx_word' id='word_1_829' title='bbox 2875 4861 3009 4898; x_wconf 85' lang='lat' dir='ltr'><strong>onus</strong></span> <span class='ocrx_word' id='word_1_830' title='bbox 3050 4859 3208 4912; x_wconf 79' lang='lat' dir='ltr'><strong>grave</strong></span> <span class='ocrx_word' id='word_1_831' title='bbox 3242 4847 3459 4913; x_wconf 73' lang='lat' dir='ltr'><strong>gravata:</strong></span> <span class='ocrx_word' id='word_1_832' title='bbox 3501 4834 3593 4885; x_wconf 70' lang='lat' dir='ltr'><strong>51ml</strong></span> <span class='ocrx_word' id='word_1_833' title='bbox 3617 4822 3705 4880; x_wconf 68' lang='grc' dir='ltr'><strong>⁶¹¹Ρ¹¹</strong></span> 
     </span>
    </p>
   </div>
   <div class='ocr_carea' id='block_1_110' title="bbox 2270 4916 3703 5009">
    <p class='ocr_par' dir='ltr' id='par_1_110' title="bbox 2270 4916 3703 5009">
     <span class='ocr_line' id='line_1_110' title="bbox 2270 4916 3703 5009; baseline -0.011 -13"><span class='ocrx_word' id='word_1_834' title='bbox 2270 4960 2370 4997; x_wconf 85' lang='lat' dir='ltr'><strong>me.</strong></span> <span class='ocrx_word' id='word_1_835' title='bbox 2397 4942 2499 5009; x_wconf 84' lang='lat' dir='ltr'><strong>Qui</strong></span> <span class='ocrx_word' id='word_1_836' title='bbox 2526 4943 2669 4996; x_wconf 90' lang='lat' dir='ltr'><strong>enim</strong></span> <span class='ocrx_word' id='word_1_837' title='bbox 2697 4958 2799 4997; x_wconf 89' lang='lat' dir='ltr'><strong>nec</strong></span> <span class='ocrx_word' id='word_1_838' title='bbox 2831 4941 3015 4996; x_wconf 87' lang='lat' dir='ltr'><strong>dolent</strong></span> <span class='ocrx_word' id='word_1_839' title='bbox 3063 4939 3204 5009; x_wconf 73' lang='grc'><strong>(47),</strong></span> <span class='ocrx_word' id='word_1_840' title='bbox 3252 4953 3350 4993; x_wconf 89' lang='lat' dir='ltr'><strong>nec</strong></span> <span class='ocrx_word' id='word_1_841' title='bbox 3396 4916 3703 5009; x_wconf 55' lang='lat' dir='ltr'><strong>gravantur</strong></span> 
     </span>
    </p>
   </div>
   <div class='ocr_carea' id='block_1_111' title="bbox 2272 4998 3700 5105">
    <p class='ocr_par' dir='ltr' id='par_1_111' title="bbox 2272 4998 3700 5105">
     <span class='ocr_line' id='line_1_111' title="bbox 2272 4998 3700 5105; baseline -0.025 -9"><span class='ocrx_word' id='word_1_842' title='bbox 2272 5035 2512 5105; x_wconf 75' lang='lat' dir='ltr'><strong>peccatis</strong></span> <span class='ocrx_word' id='word_1_843' title='bbox 2546 5034 2679 5100; x_wconf 90' lang='lat' dir='ltr'><strong>suis,</strong></span> <span class='ocrx_word' id='word_1_844' title='bbox 2716 5034 2810 5088; x_wconf 89' lang='lat' dir='ltr'><strong>sed</strong></span> <span class='ocrx_word' id='word_1_845' title='bbox 2847 5032 3021 5088; x_wconf 90' lang='lat' dir='ltr'><strong>securi</strong></span> <span class='ocrx_word' id='word_1_846' title='bbox 3048 5040 3175 5085; x_wconf 83' lang='lat' dir='ltr'><strong>sunt</strong></span> <span class='ocrx_word' id='word_1_847' title='bbox 3206 5040 3366 5099; x_wconf 82' lang='lat' dir='ltr'><strong>atque</strong></span> <span class='ocrx_word' id='word_1_848' title='bbox 3392 5032 3438 5080; x_wconf 91' lang='lat' dir='ltr'><strong>in</strong></span> <span class='ocrx_word' id='word_1_849' title='bbox 3462 5008 3619 5072; x_wconf 86' lang='lat' dir='ltr'><strong>deliciis</strong></span> <span class='ocrx_word' id='word_1_850' title='bbox 3634 4998 3700 5105; x_wconf 44' lang='lat' dir='ltr'><strong>ﬁt&quot;:</strong></span> 
     </span>
    </p>
   </div>
   <div class='ocr_carea' id='block_1_112' title="bbox 2272 5083 3701 5192">
    <p class='ocr_par' dir='ltr' id='par_1_112' title="bbox 2272 5083 3701 5192">
     <span class='ocr_line' id='line_1_112' title="bbox 2273 5083 3294 5105; baseline -0.024 5"><span class='ocrx_word' id='word_1_851' title='bbox 2273 5083 2510 5105; x_wconf 55' lang='lat' dir='ltr'><strong>r&quot;‘“&quot;‘</strong></span> <span class='ocrx_word' id='word_1_852' title='bbox 2546 5083 2679 5100; x_wconf 54' lang='grc' dir='ltr'><strong>νν--ν</strong></span> <span class='ocrx_word' id='word_1_853' title='bbox 2717 5083 2810 5088; x_wconf 59' lang='grc' dir='ltr'><strong>-τ-</strong></span> <span class='ocrx_word' id='word_1_854' title='bbox 2848 5083 3018 5088; x_wconf 47' lang='grc' dir='ltr'><strong>--ντη</strong></span> <span class='ocrx_word' id='word_1_855' title='bbox 3053 5083 3069 5085; x_wconf 35' lang='grc' dir='ltr'><em>κ</em></span> <span class='ocrx_word' id='word_1_856' title='bbox 3137 5083 3145 5084; x_wconf 39' lang='grc' dir='ltr'><em>κ</em></span> <span class='ocrx_word' id='word_1_857' title='bbox 3217 5083 3220 5084; x_wconf 39' lang='grc' dir='ltr'><em>ν</em></span> <span class='ocrx_word' id='word_1_858' title='bbox 3278 5083 3294 5099; x_wconf 62' lang='grc' dir='ltr'><strong><em>ι</em></strong></span> 
     </span>
     <span class='ocr_line' id='line_1_113' title="bbox 2272 5083 3701 5192; baseline -0.015 -12"><span class='ocrx_word' id='word_1_859' title='bbox 2272 5134 2409 5191; x_wconf 89' lang='lat' dir='ltr'><strong>tant,</strong></span> <span class='ocrx_word' id='word_1_860' title='bbox 2438 5128 2552 5180; x_wconf 63' lang='lat' dir='ltr'><strong>hate</strong></span> <span class='ocrx_word' id='word_1_861' title='bbox 2604 5124 2786 5180; x_wconf 91' lang='lat' dir='ltr'><strong>dicere</strong></span> <span class='ocrx_word' id='word_1_862' title='bbox 2832 5139 2938 5178; x_wconf 89' lang='lat' dir='ltr'><strong>non</strong></span> <span class='ocrx_word' id='word_1_863' title='bbox 2970 5131 3214 5192; x_wconf 87' lang='lat' dir='ltr'><strong>possunt,</strong></span> <span class='ocrx_word' id='word_1_864' title='bbox 3267 5134 3364 5175; x_wconf 88' lang='lat' dir='ltr'><strong>nec</strong></span> <span class='ocrx_word' id='word_1_865' title='bbox 3411 5109 3594 5169; x_wconf 78' lang='lat' dir='ltr'><strong>sentiunt</strong></span> <span class='ocrx_word' id='word_1_866' title='bbox 3618 5083 3701 5186; x_wconf 64' lang='grc' dir='ltr'><strong>(ιυιξδ</strong></span> 
     </span>
    </p>
   </div>
   <div class='ocr_carea' id='block_1_113' title="bbox 2272 5194 3694 5287">
    <p class='ocr_par' dir='ltr' id='par_1_113' title="bbox 2272 5194 3694 5287">
     <span class='ocr_line' id='line_1_114' title="bbox 2272 5194 3694 5287; baseline -0.02 -14"><span class='ocrx_word' id='word_1_867' title='bbox 2272 5216 2586 5286; x_wconf 90' lang='lat' dir='ltr'><strong>iniquitates</strong></span> <span class='ocrx_word' id='word_1_868' title='bbox 2624 5216 2842 5287; x_wconf 88' lang='lat' dir='ltr'><strong>quidem</strong></span> <span class='ocrx_word' id='word_1_869' title='bbox 2874 5231 2985 5271; x_wconf 70' lang='lat' dir='ltr'><strong>suat</strong></span> <span class='ocrx_word' id='word_1_870' title='bbox 3021 5223 3372 5277; x_wconf 84' lang='lat' dir='ltr'><strong>excrescunt,</strong></span> <span class='ocrx_word' id='word_1_871' title='bbox 3402 5216 3449 5262; x_wconf 91' lang='lat' dir='ltr'><strong>et</strong></span> <span class='ocrx_word' id='word_1_872' title='bbox 3477 5198 3582 5255; x_wconf 83' lang='lat' dir='ltr'><strong>ultra</strong></span> <span class='ocrx_word' id='word_1_873' title='bbox 3608 5194 3694 5249; x_wconf 65' lang='lat' dir='ltr'><strong>cap&quot;</strong></span> 
     </span>
    </p>
   </div>
   <div class='ocr_carea' id='block_1_114' title="bbox 2257 5293 3689 5402">
    <p class='ocr_par' dir='ltr' id='par_1_114' title="bbox 2257 5293 3689 5402">
     <span class='ocr_line' id='line_1_115' title="bbox 2257 5293 3689 5402; baseline -0.024 -1"><span class='ocrx_word' id='word_1_874' title='bbox 2257 5351 2339 5402; x_wconf 75' lang='grc'><strong>111,</strong></span> <span class='ocrx_word' id='word_1_875' title='bbox 2390 5336 2444 5394; x_wconf 80' lang='lat'><strong>5.</strong></span> <span class='ocrx_word' id='word_1_876' title='bbox 2546 5335 2592 5368; x_wconf 80' lang='lat'><strong>”</strong></span> <span class='ocrx_word' id='word_1_877' title='bbox 2625 5334 2781 5390; x_wconf 83' lang='lat' dir='ltr'><strong>Rom.</strong></span> <span class='ocrx_word' id='word_1_878' title='bbox 2838 5348 2957 5401; x_wconf 79' lang='lat' dir='ltr'><strong>vni,</strong></span> <span class='ocrx_word' id='word_1_879' title='bbox 3001 5332 3088 5387; x_wconf 81' lang='grc'><strong>10.</strong></span> <span class='ocrx_word' id='word_1_880' title='bbox 3190 5331 3240 5364; x_wconf 76' lang='grc'><strong>’⁸</strong></span> <span class='ocrx_word' id='word_1_881' title='bbox 3296 5325 3463 5384; x_wconf 83' lang='lat' dir='ltr'><strong>Matth.</strong></span> <span class='ocrx_word' id='word_1_882' title='bbox 3513 5293 3689 5368; x_wconf 62' lang='lat' dir='ltr'><strong>xm.“</strong></span> 
     </span>
    </p>
   </div>
   <div class='ocr_carea' id='block_1_115' title="bbox 3448 5476 3690 5557">
    <p class='ocr_par' dir='ltr' id='par_1_115' title="bbox 3448 5476 3690 5557">
     <span class='ocr_line' id='line_1_116' title="bbox 3448 5476 3690 5557; baseline -0.033 -4"><span class='ocrx_word' id='word_1_883' title='bbox 3448 5503 3556 5557; x_wconf 79' lang='grc' dir='ltr'><strong>άτων</strong></span> <span class='ocrx_word' id='word_1_884' title='bbox 3575 5476 3690 5540; x_wconf 56' lang='grc' dir='ltr'><strong><em>αὲσθθ</em></strong></span> 
     </span>
    </p>
   </div>
   <div class='ocr_carea' id='block_1_116' title="bbox 3552 5557 3687 5612">
    <p class='ocr_par' dir='ltr' id='par_1_116' title="bbox 3552 5557 3687 5612">
     <span class='ocr_line' id='line_1_117' title="bbox 3552 5557 3687 5612; baseline -0.015 0"><span class='ocrx_word' id='word_1_885' title='bbox 3552 5557 3687 5612; x_wconf 57' lang='grc' dir='ltr'><strong>ἥδωνται</strong></span> 
     </span>
    </p>
   </div>
   <div class='ocr_carea' id='block_1_117' title="bbox 3564 5602 3687 5700">
    <p class='ocr_par' dir='ltr' id='par_1_117' title="bbox 3564 5602 3687 5700">
     <span class='ocr_line' id='line_1_118' title="bbox 3564 5602 3687 5700; baseline -0.073 -22"><span class='ocrx_word' id='word_1_886' title='bbox 3564 5602 3687 5700; x_wconf 60' lang='lat' dir='ltr'><strong>tiat-</strong></span> 
     </span>
    </p>
   </div>
   <div class='ocr_carea' id='block_1_118' title="bbox 2256 5514 3445 5587">
    <p class='ocr_par' dir='ltr' id='par_1_118' title="bbox 2256 5514 3445 5587">
     <span class='ocr_line' id='line_1_119' title="bbox 2256 5514 3445 5587; baseline -0.009 -13"><span class='ocrx_word' id='word_1_887' title='bbox 2256 5522 2431 5575; x_wconf 71' lang='grc' dir='ltr'>εἰπεῖν</span> <span class='ocrx_word' id='word_1_888' title='bbox 2453 5518 2628 5573; x_wconf 77' lang='grc' dir='ltr'><strong>ταῦτα</strong></span> <span class='ocrx_word' id='word_1_889' title='bbox 2652 5523 2779 5582; x_wconf 64' lang='grc' dir='ltr'>τοὺς</span> <span class='ocrx_word' id='word_1_890' title='bbox 2802 5517 2875 5587; x_wconf 83' lang='grc' dir='ltr'><strong>μὴ</strong></span> <span class='ocrx_word' id='word_1_891' title='bbox 2893 5516 3003 5570; x_wconf 84' lang='grc' dir='ltr'><strong>τῶν</strong></span> <span class='ocrx_word' id='word_1_892' title='bbox 3034 5515 3179 5569; x_wconf 76' lang='grc' dir='ltr'>ἰδίων</span> <span class='ocrx_word' id='word_1_893' title='bbox 3200 5514 3445 5587; x_wconf 69' lang='grc' dir='ltr'><strong>ἀμᾳρτημ</strong></span> 
     </span>
    </p>
   </div>
   <div class='ocr_carea' id='block_1_119' title="bbox 2258 5568 3530 5659">
    <p class='ocr_par' dir='ltr' id='par_1_119' title="bbox 2258 5568 3530 5659">
     <span class='ocr_line' id='line_1_120' title="bbox 2258 5568 3530 5659; baseline -0.012 -14"><span class='ocrx_word' id='word_1_894' title='bbox 2258 5590 2535 5659; x_wconf 73' lang='grc' dir='ltr'><strong>νομένους·</strong></span> <span class='ocrx_word' id='word_1_895' title='bbox 2572 5590 2716 5653; x_wconf 73' lang='grc' dir='ltr'><strong>τινὲς</strong></span> <span class='ocrx_word' id='word_1_896' title='bbox 2745 5568 2876 5659; x_wconf 54' lang='grc' dir='ltr'><strong>-ξδῦδῖ</strong></span> <span class='ocrx_word' id='word_1_897' title='bbox 2923 5591 3016 5641; x_wconf 76' lang='grc' dir='ltr'>καὶ</span> <span class='ocrx_word' id='word_1_898' title='bbox 3063 5568 3424 5659; x_wconf 49' lang='grc' dir='ltr'><strong>ὲκδςαυῇίςῖξῗδτοίί</strong></span> <span class='ocrx_word' id='word_1_899' title='bbox 3461 5568 3530 5659; x_wconf 52' lang='grc' dir='ltr'><strong>ιςξέ</strong></span> 
     </span>
    </p>
   </div>
   <div class='ocr_carea' id='block_1_120' title="bbox 2256 5640 3549 5732">
    <p class='ocr_par' dir='ltr' id='par_1_120' title="bbox 2256 5640 3549 5732">
     <span class='ocr_line' id='line_1_121' title="bbox 2256 5640 3549 5732; baseline -0.012 -16"><span class='ocrx_word' id='word_1_900' title='bbox 2403 5640 3098 5732; x_wconf 30' lang='grc' dir='ltr'><strong>άῦέῶννῆλῆιίμελήμαάιν,</strong></span> <span class='ocrx_word' id='word_1_901' title='bbox 3134 5656 3208 5719; x_wconf 83' lang='grc' dir='ltr'><strong>ὠς</strong></span> <span class='ocrx_word' id='word_1_902' title='bbox 3231 5640 3393 5727; x_wconf 65' lang='grc' dir='ltr'><strong>ἧδέως</strong></span> <span class='ocrx_word' id='word_1_903' title='bbox 3422 5640 3549 5702; x_wconf 78' lang='grc' dir='ltr'><strong>ταῦτα</strong></span> 
     </span>
    </p>
   </div>
   <div class='ocr_carea' id='block_1_121' title="bbox 3824 4556 3831 4655">
    <p class='ocr_par' dir='ltr' id='par_1_121' title="bbox 3824 4556 3831 4655">
     <span class='ocr_line' id='line_1_122' title="bbox 3824 4556 3831 4655; baseline 0 0"><span class='ocrx_word' id='word_1_904' title='bbox 3824 4556 3831 4619; x_wconf 28' lang='grc' dir='ltr'><strong>⁴λ</strong></span> 
     </span>
    </p>
   </div>
  </div>
