3970 6160
487 242 626 301 {579

1898 232 1993 289 EX
2024 230 2329 289 ORIGENE

3640 234 3787 290 1³η)

484 378 607 418 nem
635 360 862 432 geritur.
883 357 1053 427 ﬂtijtis
1069 370 1304 427 namque
1325 370 1462 427 opus
1476 370 1567 414 res
1585 360 1670 411 est
1690 354 1967 426 illa'qnam
1990 355 2054 408 Λα
2093 359 2140 415 Α
2166 354 2216 409 ei
2244 354 2421 424 major
2463 369 2625 426 paena
2661 356 2938 413 recordari
2968 371 3090 428 quae
3140 356 3403 428 perdidit,
3438 369 3629 425 quam
3662 360 3780 426 pati

483 451 733 524 postolus
766 451 913 505 inter
928 451 1102 519 prima
1122 450 1405 520 sacrilegia
1428 447 1758 516 designavit,
1793 447 1978 502 dicens
1994 446 2016 477 '
2043 465 2057 501 :

482 543 647 616 685
678 542 886 597 Tollens
907 559 1032 611 ergo
1070 543 1304 597 membra
1340 539 1540 595 Christi
1586 539 1787 609 faciam
1828 539 2065 593 membra

483 636 772 690 meretricis
791 635 817 688 2
855 634 1043 689 Absit!
1066 634 1203 689 Cum
1227 647 1358 702 ergo
1384 634 1508 704 quis
1531 633 1858 702 propensius
1886 641 1943 686 et
1967 631 2054 684 in-

485 727 854 784 continentius
909 727 962 781 in
1043 725 1417 796 hujuscemodi
1474 725 1749 781 lasciviam
1801 723 2062 790 ﬁnxerit,

490 828 622 873 tunc
667 831 828 873 renes
854 816 994 886 ejus,
1027 817 1111 872 vel
1141 816 1308 872 lumbi
1341 814 1529 886 repleti
1565 830 1687 870 esse
1715 814 2065 870 illusionibus

485 920 827 967 asseruntur.
859 908 1045 964 illusio
1067 908 1213 963 enim
1245 917 1330 963 est
1359 907 1562 962 diaboli
1589 905 1862 961 illudentis
1891 906 2066 961 homi-

487 1018 612 1058 nem
681 1010 846 1070 atque
898 999 1276 1070 hujuscemodi
1337 999 1543 1067 peccati
1607 998 2063 1054 incontinentiam

486 1090 859 1163 provocantis.
914 1090 1031 1145 Non
1081 1105 1212 1160 ergo
1258 1090 1460 1143 mirum
1497 1098 1581 1144 est
1630 1088 1675 1145 si
1722 1097 2064 1159 peccatorum

488 1182 770 1238 hominum
806 1196 963 1236 renes
1012 1179 1351 1235 illusionibus
1397 1178 1591 1247 repleti
1638 1187 1785 1242 sunt,
1824 1193 1948 1233 cum
2009 1184 2066 1231 et

486 1270 589 1327 Joh
618 1272 686 1328 de
713 1273 950 1326 dracone
998 1270 1114 1341 (49)
1159 1270 1254 1339 qui
1297 1269 1542 1325 diabolus
1595 1268 1936 1337 intelligitur,
1988 1270 2064 1322 ita

487 1364 631 1418 dicat
656 1364 679 1395 ⁸
707 1380 722 1417 :
770 1361 951 1417 Virtus
981 1361 1096 1430 ejus
1133 1360 1300 1414 omnis
1324 1362 1381 1414 in
1402 1359 1593 1413 lumbis
1614 1366 1713 1423 est,
1743 1366 1794 1411 et
1831 1357 2067 1426 potentia

486 1453 600 1524 ejus
639 1454 695 1506 in
741 1452 1006 1507 umbiculo
1058 1453 1251 1506 ventris
1299 1450 1437 1521 ejus.
1473 1450 1659 1506 Virtus
1693 1465 1825 1520 ergo
1851 1450 2061 1505 diaboli

488 1545 758 1615 praecipue
785 1544 933 1599 circa
959 1543 1171 1599 lumbos
1203 1543 1441 1598 hominis
1464 1550 1571 1608 est,
1603 1542 1748 1598 unde
1777 1541 2065 1597 fornicatio

487 1637 864 1706 adulteriaque
903 1636 1230 1706 procedunt,
1256 1636 1399 1689 unde
1428 1649 1719 1703 puerorum
1748 1635 2061 1704 corruptio,

487 1732 629 1786 unde
680 1728 861 1784 omnis
914 1728 1173 1797 spurcitia
1226 1737 1542 1798 generatur.
1580 1725 1658 1781 Ita
1712 1741 1846 1782 sane
1893 1728 2058 1781 etiam

488 1822 780 1877 mulierum
832 1820 978 1874 circa
1006 1818 1324 1874 umbilicum
1357 1819 1566 1873 ventris
1597 1827 1683 1873 est
1710 1818 1886 1887 culpa,
1915 1819 2059 1888 quod

488 1912 804 1969 honestiore
836 1910 1010 1965 voluit
1042 1909 1292 1964 indicare
1321 1923 1596 1973 sermone,
1642 1909 1696 1962 in
1748 1910 1947 1978 quibus
1975 1910 2060 1963 vi-

487 2007 683 2062 delicet
732 2005 981 2074 utrisque
1025 2003 1279 2060 draconis
1329 2003 1530 2058 diaboli
1580 2003 1830 2058 virtutem
1865 2014 2060 2072 poten-

489 2099 731 2167 tiamque
757 2112 878 2153 esse
904 2096 1170 2167 designat.
1216 2094 1285 2149 Et
1312 2112 1417 2150 non
1461 2106 1537 2150 est
1582 2097 1786 2150 sanitas
1822 2114 1876 2150 ιη
1903 2112 2062 2150 carne

486 2206 621 2246 mea.
671 2188 729 2245 In
783 2189 885 2245 hoc
922 2188 1230 2260 profectum
1277 2204 1438 2244 suum
1483 2190 1744 2254 ostendit,
1786 2198 1841 2245 et
1874 2189 2060 2258 proxi-

488 2293 634 2332 tnum
663 2292 788 2333 esse
813 2277 883 2333 ad
925 2276 1403 2333 mortiﬁcationem
1436 2279 1620 2333 carnis
1662 2277 1870 2332 indicat
1898 2287 2062 2349 atque

489 2372 775 2428 interitum
819 2369 955 2439 ejus.
992 2369 1127 2426 Nam
1174 2371 1296 2426 ideo
1328 2371 1436 2426 hoc
1469 2380 1526 2426 et
1561 2370 1650 2425 hic
1679 2370 1923 2426 secundo
1973 2384 2063 2425 re-

486 2468 649 2540 petit,
680 2476 740 2521 ut
766 2466 1070 2521 adhibitum
1117 2465 1226 2535 jam
1275 2480 1398 2520 esse
1450 2464 1750 2520 remedium
1809 2461 2062 2518 tentatio—

486 2575 616 2616 num
669 2559 934 2616 molestiis
963 2558 1295 2614 declararet.
1329 2558 1569 2629 Aﬁiictus
1608 2573 1745 2621 sum,
1786 2565 1833 2608 et
1882 2554 2060 2608 [tumi—

486 2653 648 2708 liatus
671 2670 790 2708 sum
815 2652 988 2708 valde.
1021 2650 1441 2706 Festivitatibus
1471 2649 1679 2704 Domini
1723 2647 1837 2719 (50)
1868 2660 2061 2715 panem

487 2760 588 2800 nos
620 2743 927 2800 alllictionis
951 2743 1115 2798 edere
1140 2742 1421 2813 juhemur,
1447 2750 1503 2796 et
1540 2743 1593 2795 in
1622 2740 1754 2811 ipsis
1800 2737 2063 2793 festivita-

487 2838 634 2894 tibus
664 2820 889 2900 dicitur,
925 2844 986 2890 ut
1011 2834 1262 2889 bumiliet
1299 2834 1463 2889 homo
1492 2833 1736 2887 animam
1771 2844 1925 2885 suam
1959 2846 1974 2883 :
2007 2836 2064 2882 et

486 2946 611 2986 cum
664 2930 962 2991 festivitas;
981 2927 1389 2998 propitiationis
1435 2925 1712 2992 indicitur,
1760 2920 2060 2978 dicitur':

2165 462 2288 519 quae
2319 448 2597 519 perferat?
2622 449 2703 505 Ad
2737 451 2899 520 hujus
2929 451 3163 520 exempli
3195 450 3650 506 similitudinem
3694 454 3780 506 in-

2168 551 2323 598 tuere
2360 542 2493 597 mihi
2545 543 2709 598 etiam
2758 558 2882 598 eum
2932 546 3028 614 qui
3060 544 3231 598 vitam
3272 544 3326 598 in
3357 545 3691 599 sobrietate
3725 556 3781 599 et

2165 636 2420 690 castitate
2437 634 2759 704 iustitiaque
2783 636 3068 706 transegit,
3122 635 3212 704 qui
3253 635 3307 689 in
3341 635 3569 689 actibus
3634 633 3778 688 bene

2164 727 2269 783 sibi
2298 729 2553 782 conscius
2578 734 2697 781 erat
2729 744 2744 781 :
2774 726 2882 781 iste
2913 727 2959 780 si
2986 726 3203 781 decidat
3234 727 3302 780 de
3331 729 3520 795 patria
3551 740 3697 789 sua,
3724 726 3777 781 id

2164 826 2250 872 est
2304 818 2370 872 de
2426 815 2690 883 Ecclesia,
2750 816 2804 871 in
2864 816 3098 870 insulam
3137 818 3433 885 quamdam
3479 827 3667 888 atque
3718 820 3773 873 in

2163 911 2451 965 horrentes
2482 909 2739 979 scopulos
2758 924 2881 980 quas
2929 912 3140 981 peccati
3169 911 3326 966 sedes
3353 919 3441 966 est
3466 911 3775 981 prapella-

2167 1008 2281 1063 tur,
2327 1008 2384 1054 et
2431 1015 2500 1053 ex
2558 998 2911 1053 facultatibus
2944 1014 3010 1053 ac
3036 996 3245 1053 divitiis
3279 998 3399 1052 suis
3430 1012 3563 1066 qua:
3598 1007 3779 1052 erant

2164 1092 2214 1147 ei
2245 1093 2297 1146 in
2332 1091 2587 1146 omnibus
2631 1091 2890 1159 operibus
2936 1090 3053 1145 suis
3104 1074 3288 1155 bonis,
3312 1089 3687 1151 devolvatur,
3717 1098 3775 1141 et

2165 1185 2348 1240 videat
2398 1199 2456 1239 se
2502 1185 2556 1238 in
2612 1184 2804 1237 ultima
2859 1191 3180 1253 paupertate
3222 1183 3462 1253 positum
3500 1199 3519 1235 :
3561 1197 3775 1236 omnes

2167 1278 2313 1332 enim
2360 1273 2476 1344 ejus
2521 1273 2753 1342 iustitia:
2788 1289 2923 1345 quas
2979 1274 3111 1330 fecit
3162 1290 3267 1329 non
3320 1273 3775 1330 reminiscentnr

2167 1376 2389 1439 propter
2436 1377 2722 1436 peccatum
2755 1383 2770 1419 :
2800 1366 2843 1420 si
2892 1381 2957 1420 se
3006 1379 3142 1434 ergo
3187 1365 3239 1418 in
3290 1366 3498 1421 talibus
3548 1367 3767 1430 videat,

2167 1462 2368 1531 quibus
2417 1458 2723 1530 gemitibus,
2756 1459 3060 1529 quibusque
3108 1458 3378 1527 rngitibus
3426 1459 3768 1526 proclama-

2166 1555 2267 1616 bit,
2298 1554 2484 1608 dicens
2515 1570 2530 1606 :
2562 1550 2850 1623 Rugiebam
2872 1569 2903 1606 a
2927 1552 3121 1620 gemitu
3167 1551 3342 1605 cordis
3362 1552 3506 1606 mei?
3569 1552 3767 1605 Donni-

2169 1661 2254 1711 ne,
2280 1647 2335 1699 in
2358 1653 2643 1714 conspectu
2671 1653 2762 1697 tuo
2807 1658 2959 1696 omne
2983 1643 3308 1697 desiderium
3329 1659 3531 1709 meum,
3580 1654 3642 1708 et.
3666 1660 3765 1715 ge-

2161 1739 2322 1791 mitus
2348 1752 2493 1792 meus
2515 1754 2547 1791 a
2573 1744 2622 1790 te
2647 1752 2752 1790 non
2783 1744 2858 1789 est
2884 1735 3246 1792 absconditus.
3280 1735 3481 1791 Omnia
3508 1751 3658 1806 ergo
3691 1752 3763 1789 ex

2161 1844 2273 1896 quo
2304 1829 2534 1898 deliqui,
2564 1830 2681 1884 sive
2709 1828 2998 1899 concupivi
3026 1829 3532 1898 concupiscentiam
3562 1843 3756 1881 saecu-

2160 1922 2351 1986 larem,
2379 1921 2493 1977 sive
2518 1921 2650 1991 quid
2686 1921 2833 1976 aliud
2858 1922 3136 1987 commisi,
3168 1922 3348 1977 omnia
3377 1930 3506 1975 ante
3534 1928 3594 1973 te
3621 1935 3758 1989 pro—

2161 2011 2298 2077 fero,
2327 2012 2463 2067 etin
2496 2012 2840 2067 orationibus
2876 2011 3011 2066 meis
3040 2012 3090 2065 in
3128 2020 3419 2079 conspectu
3455 2021 3551 2065 tuo
3578 2025 3759 2079 pune.

2160 2103 2228 2158 Et
2246 2104 2468 2174 gemitus
2507 2119 2651 2157 meus
2674 2121 2705 2155 a
2731 2112 2781 2157 te
2804 2118 2906 2157 non
2928 2113 3005 2155 est
3029 2102 3389 2156 absconditus.
3414 2101 3569 2157 Nosti
3597 2104 3755 2157 enim

2159 2200 2286 2266 quia
2315 2208 2532 2264 semper
2564 2194 2883 2263 ingemisco.
2915 2193 3021 2249 Cor
3051 2210 3222 2248 meum
3245 2194 3624 2248 conturbatum
3646 2205 3751 2257 est,

2160 2298 2210 2341 et
2253 2288 2491 2342 deseruit
2538 2302 2620 2341 me
2667 2286 2835 2341 virtus
2870 2303 3010 2343 mea.
3042 2286 3122 2341 Tu
3156 2286 3302 2353 vide,
3331 2286 3581 2348 Domine,
3646 2302 3750 2340 cur

2161 2392 2364 2444 meum,
2395 2378 2521 2446 quia
2555 2379 2941 2432 conturbatum
2977 2388 3062 2433 est
3094 2393 3192 2444 pro
3219 2377 3458 2445 peccatis
3488 2378 3658 2432 meis.
3684 2378 3750 2431 Et

2161 2481 2563 2539 consequenter
2590 2484 2761 2524 exoro
2793 2484 2862 2524 ne
2904 2469 2957 2524 in
2987 2468 3176 2524 furore
3220 2483 3444 2538 arguar,
3480 2482 3663 2537 neque
3692 2469 3745 2521 in

2162 2561 2242 2615 ira
2273 2561 2562 2631 corripiar.
2594 2560 2746 2628 Quod
2776 2561 2820 2615 si
2866 2575 2984 2615 mea
3032 2575 3119 2615 me
3170 2559 3433 2613 fortitudo
3465 2557 3742 2619 deseruit,

2171 2651 2295 2706 sine
2339 2651 2506 2706 dubio
2535 2651 2610 2705 fui
2643 2652 2936 2721 aliquando
2966 2651 3122 2707 fortis
3148 2650 3284 2721 (5|),
3316 2659 3371 2704 et
3395 2650 3747 2705 conversatio

2162 2758 2280 2798 mea
2316 2742 2418 2798 fuit
2470 2742 2632 2809 bona,
2684 2753 2872 2813 postea
2918 2758 3051 2799 vero
3096 2745 3293 2808 cecidi,
3342 2743 3468 2810 quia
3502 2742 3741 2795 deseruit

2162 2851 2244 2888 me
2284 2834 2543 2905 fortitudo
2574 2851 2707 2901 mea,
2739 2846 2788 2889 et
2811 2835 2985 2890 lumen
3030 2836 3306 2889 oculorum
3352 2850 3590 2888 meorum
3637 2850 3745 2887 non

2162 2936 2237 2980 est
2283 2943 2504 2981 mecum.
2567 2927 2691 2982 llaec
2722 2943 2826 2982 vox
2858 2927 3006 2982 illius
3040 2928 3257 2982 videtur
3306 2941 3429 2981 esse
3469 2926 3562 2995 qui
3616 2935 3740 2995 post

490 3022 786 3077 Humiliate
826 3023 1032 3075 animas
1059 3031 1279 3075 uestras.
1309 3020 1573 3086 Quoniam
1606 3033 1739 3088 ergo
1769 3017 1858 3085 qui
1887 3015 2059 3086 pteui-
2090 3059 2133 3118 C
2169 3016 2647 3083 illun‘tinationem,
2695 3029 2818 3086 post
2874 3018 3221 3072 traditionem
3278 3016 3563 3080 doctrinae,
3618 3025 3741 3083 post

492 3124 571 3172 tet
621 3131 717 3185 pro
754 3114 970 3169 delictis
1021 3113 1136 3168 suis
1177 3114 1414 3182 seipsum
1467 3110 1656 3181 aﬂligit
1694 3120 1748 3165 et
1795 3109 2062 3175 humiliat,

488 3209 635 3264 sicut
663 3218 719 3262 et
760 3207 848 3261 ille
885 3207 1229 3276 publicanus,
1261 3208 1327 3261 de
1371 3220 1478 3275 quo
1523 3206 1769 3274 superius
1808 3204 2063 3271 diximus,

487 3306 782 3369 propterea
825 3305 881 3349 et
928 3305 1325 3365 consequenter
1366 3295 1499 3349 dicit
1527 3295 1581 3350 in
1612 3310 1678 3349 eo
1709 3295 1853 3362 quod
1892 3309 1952 3348 se
1998 3308 2065 3348 cx

487 3390 655 3445 corde
688 3388 952 3459 paenitere
984 3389 1285 3457 cognoscit,
1332 3387 1631 3442 obsecrans
1676 3401 1744 3440 ne
1776 3387 1829 3439 in
1881 3387 2066 3439 furore

493 3478 705 3534 Domini
745 3487 1029 3549 arguatur,
1077 3490 1255 3545 neque
1307 3476 1386 3529 ira
1437 3475 1555 3545 ejus
1601 3475 1959 3543 corripiatur,
1993 3489 2063 3528 ex

489 3574 593 3629 hoc
634 3570 778 3642 quod
827 3570 960 3625 dicit
994 3586 1009 3623 :
1040 3568 1273 3641 Aﬁlictus
1305 3583 1444 3630 sum,
1488 3576 1538 3619 et
1583 3566 1896 3620 humiliatus
1948 3583 2065 3620 sum

489 3665 660 3718 valde.
692 3662 808 3717 Non
833 3663 976 3718 enim
1007 3663 1181 3715 solum
1224 3658 1461 3713 amictus
1505 3673 1647 3720 sum,
1681 3672 1856 3727 neque
1889 3657 2063 3712 solum

490 3756 808 3811 humiliatus
842 3768 988 3820 sum,
1033 3751 1189 3817 dicit,
1242 3750 1340 3806 sed
1371 3750 1527 3805 valde
1553 3748 1782 3803 amictus
1810 3764 1950 3813 sum,
2010 3756 2067 3803 et

490 3847 651 3900 valde
694 3844 1012 3900 humiliatus
1051 3857 1192 3899 sum.
1232 3838 1301 3896 Ut
1330 3838 1564 3909 exempli
1597 3839 1771 3908 gratia
1802 3836 2066 3904 dixerim,

491 3938 535 3993 si
605 3938 755 3992 dives
814 3936 1014 4007 aliquis
1087 3932 1387 3989 secundum
1460 3930 1721 3987 sacculum
1784 3931 1839 3983 in
1896 3927 2063 3981 multa

489 4025 761 4084 aﬂluentia
807 4029 1034 4097 positus,
1071 4036 1126 4081 et
1178 4025 1270 4080 hic
1319 4022 1503 4078 subito
1551 4021 1773 4076 decidat
1818 4028 1980 4088 atque
2012 4018 2064 4071 in

492 4132 789 4193 egestatem
841 4122 1086 4176 ultimam
1136 4119 1444 4188 redigatur,
1482 4118 1646 4174 domo
1679 4130 1896 4185 quoque
1944 4112 2066 4183 pul-

493 4231 587 4270 sus
633 4225 687 4269 et
739 4214 939 4282 patria,
991 4213 1191 4267 insulis
1225 4226 1289 4264 ac
1314 4210 1561 4279 scopulis
1586 4208 1858 4278 relegatus
1899 4220 2068 4276 squa—

495 4307 695 4363 lentem
725 4318 890 4376 atque
939 4303 1209 4359 infelicem
1240 4304 1293 4359 in
1327 4302 1622 4358 solitudine
1651 4301 1836 4370 exigat
1869 4299 2062 4364 vitam,

2166 3109 2499 3180 agnitionem
2549 3109 2796 3164 seritatis
2842 3109 2896 3163 in
2947 3109 3186 3164 tenebris
3232 3108 3459 3163 decidit.
3492 3105 3569 3160 Ne
3609 3120 3738 3174 ergo

2166 3213 2222 3256 et
2256 3217 2357 3257 nos
2386 3202 2576 3257 eadem
2608 3203 2900 3271 patiamur.
2930 3204 3024 3258 sed
3066 3206 3250 3273 potius
3298 3212 3359 3256 ut
3404 3203 3581 3255 lumen
3640 3214 3738 3253 no-

2167 3306 2337 3351 strum
2367 3298 2437 3352 sit
2465 3313 2682 3368 semper
2708 3297 2760 3349 in
2780 3298 2936 3352 nobis
2966 3307 3020 3351 et
3046 3312 3209 3365 opera
3240 3296 3377 3351 lucis
3402 3304 3628 3366 agentes
3646 3294 3738 3347 ba-

2165 3389 2390 3444 beamus
2411 3388 2660 3444 ﬁduciam
2691 3399 2948 3459 tanquam
2972 3388 3066 3443 ﬁlii
3098 3388 3235 3443 lucis
3263 3388 3317 3442 in
3340 3388 3561 3443 Christo
3581 3385 3732 3452 Jesu,

2166 3496 2379 3552 semper
2416 3496 2659 3548 oremus,
2684 3490 2738 3535 et
2767 3482 2934 3536 Deum
2961 3478 3177 3534 Patrem
3209 3478 3612 3533 incessabiliter
3639 3479 3731 3531 de-

2165 3588 2475 3643 precemur,
2506 3572 2592 3627 cni
2620 3581 2703 3626 est
2731 3572 2901 3640 gloria
2946 3578 3003 3624 et
3028 3576 3273 3639 potestas
3317 3569 3374 3624 in
3404 3568 3602 3623 saecula
3629 3582 3730 3623 sae-

2166 3665 2432 3718 culorum.
2463 3662 2657 3716 Amen.

2756 3773 3039 3829 IIOMILIA
3075 3774 3138 3830 ll.

2234 3868 2313 3923 De
2338 3867 2516 3922 eodem
2541 3864 2745 3934 psalmo
2767 3868 2830 3917 ab
2859 3865 2958 3946 illa
2978 3875 3130 3949 par-te
3156 3866 3178 3898 ⁸
3202 3879 3221 3917 :
3250 3884 3268 3917 ‹
3297 3865 3469 3920 Amici
3492 3867 3591 3921 mei
3613 3877 3661 3921 et

2721 3951 2958 4001 promum
2985 3953 3107 3989 met.
3148 3955 3166 3987 ι

2235 4031 2287 4084 1.
2319 4028 2421 4097 Qui
2458 4043 2557 4099 pro
2588 4027 2829 4098 peccatis
2854 4029 2968 4081 suis
2997 4028 3287 4081 conﬁtetur
3312 4027 3445 4093 Deo,
3470 4035 3526 4084 et
3552 4027 3725 4081 animo

2165 4119 2314 4175 dolet
2364 4120 2490 4173 dum
2545 4117 2796 4188 poenitet,
2843 4117 3023 4171 sciens
3072 4126 3194 4186 post
3224 4116 3433 4171 exitum
3466 4120 3590 4173 vita:
3615 4135 3724 4189 quae

2165 4227 2322 4283 paena
2376 4211 2660 4266 immineat
2713 4208 3023 4280 peccatori,
3071 4208 3187 4264 haec
3236 4209 3408 4275 dicit,
3459 4224 3723 4278 exponens

2165 4317 2369 4375 quanta
2410 4304 2517 4375 pati
2570 4316 2797 4358 necesse
2840 4302 2913 4356 sit
2966 4318 3090 4357 eum
3138 4303 3228 4371 qui
3264 4317 3324 4357 se
3357 4303 3425 4356 ad
3459 4304 3721 4373 poeiiiteu-

494 4408 625 4453 tunc
655 4398 852 4452 deinde
891 4396 1207 4451 recordatus
1232 4394 1427 4464 patriae
1454 4409 1519 4449 ac
1549 4402 1864 4462 parentum.
1902 4390 2028 4444 ῐιοὺἰ
2095 4401 2140 4456 D
2172 4398 2300 4452 tiam
2353 4395 2896 4463 emendationemque
2943 4396 3237 4460 convertit,
3268 4396 3540 4465 quomodo
3587 4397 3722 4450 derr-

491 4492 661 4546 litatis
683 4531 700 4557 ,
730 4489 984 4556 familiai,
1020 4488 1288 4543 bonorum
1322 4486 1642 4543 substantia:
1666 4525 1681 4550 ,
1744 4482 2058 4538 divitiarum

492 4583 863 4646 abundantize,
917 4595 984 4636 ac
1037 4579 1205 4634 totius
1260 4578 1405 4633 illius
1451 4579 1577 4632 vitae
1603 4590 1712 4646 qua
1765 4574 1820 4628 in
1852 4572 2063 4627 deliciis

491 4674 728 4739 vixerat,
763 4671 963 4741 quibus
1017 4670 1121 4726 iste
1168 4668 1494 4741 planctibus,
1538 4669 1736 4738 quibus
1765 4665 2060 4735 mugitibus

491 4765 922 4820 recordationem
955 4762 1149 4834 priscae
1192 4760 1545 4818 beatitudinis
1604 4758 1829 4822 recolet,
1878 4766 1937 4812 ut
1987 4758 2061 4812 sit

562 4897 585 4931 ⁵
624 4896 646 4952 Ι
677 4896 802 4953 Cor.
830 4912 907 4965 vr,
941 4897 1030 4953 1'5.
1104 4897 1126 4929 ⁸
1154 4894 1273 4951 Job.
1310 4911 1400 4957 ιι..
1447 4895 1534 4948 Η.

564 5024 678 5095 (49)
708 5021 842 5095 Cum
879 5032 924 5076 et
952 5021 1067 5095 έοῤ
1095 5021 1158 5075 de
1195 5021 1443 5095 dracone,
1466 5026 1571 5095 etc.
1596 5015 1811 5095 _Caten_a
1844 5016 2054 5095 porge:

405 5120 411 5151 ;
498 5086 733 5149 ria‘na'et
758 5094 874 5148 alia:
903 5110 918 5146 :
952 5091 1136 5162 Τούτῳ
1180 5088 1564 5162 παραπλῄσΑιόη
1587 5090 1709 5162 ἐστι
1739 5086 1800 5162 re
1844 5088 1902 5141 ὲν
1930 5086 2059 5162 ςΙὼρ

813 5143 1312 5235 ’ἆξερζξόρᾴἑοντοξο
1359 5143 1503 5235 Ἰδᾉρ
1537 5157 1626 5235 ᾷὴΔ
1652 5155 1840 5235 ζσχὴςΔ
1876 5158 2063 5211 αὐτοῦ

495 5179 784 5235 Αεγομενον
819 5179 947 5234 περι
993 5179 1312 5284 οὲακοντος
1368 5179 1503 5214 ιοσυ
1537 5179 1614 5225 οη
1652 5179 1831 5225 ισχυς
1876 5179 2063 5211 αυτου

492 5235 563 5289 ἐν
584 5236 786 5303 ὀσφύϊ,
830 5235 869 5302 ἡ
913 5230 981 5285 δὲ
1043 5232 1282 5303 erant;
1306 5229 1500 5303 Aabtoﬁ
1534 5224 1919 5303 ἐπ’ὀμφάλου
1962 5243 2065 5303 τα-

494 5297 693 5372 στρόςῖ.
718 5297 968 5374 Μάλίστᾳ
996 5301 1112 5374 γὰρ
1136 5297 1450 5374 ὁίδιᾴδρλος
1477 5300 1612 5371 πρὸς
1633 5297 1758 5374 ῌτὰς
1808 5298 2061 5374 πορνείας

500 5368 690 5447 litigiosi.
710 5372 980 5447 Προκοξπὴ
1009 5368 1195 5447 ἐπὶ
1222 5371 1312 5424 τὸν
1338 5368 1555 5442 δλεθροϋ
1598 5368 1696 5439 τῆς
1739 5368 1959 5435 σαρκὸς,
1992 5368 2053 5420 τὸ

495 5441 874 5517 ἧῧήνσθδεύεέρον
902 5441 1172 5517 Miscent.

568 5505 677 5584 (Εὐ)
710 5505 1114 5584 Festiuitatittus
1156 5510 1391 5584 Domini,
1422 5519 1526 5584 etc.
1563 5507 1763 5584 Catena
1813 5505 2049 5584 Danielis

497 5577 721 5639 Barbari
760 5601 774 5638 :
806 5604 826 5637 ι
856 5583 998 5638 Festi
1030 5583 1121 5636 Dei
1145 5583 1256 5637 dies
1280 5594 1334 5636 et
1365 5582 1605 5636 celebres
1630 5577 1858 5634 instituti
1895 5577 2049 5631 aiunt

496 5664 747 5726 oportere
776 5669 944 5726 panes
983 5652 1288 5709 alllictionis
1317 5651 1615 5719 comedere,
1652 5659 1708 5705 et
1754 5648 2043 5704 humiliare

2158 5438 2364 5494 Graeca:
2418 5440 2801 5505 manuscripts!
2824 5457 2837 5490 :

2156 5510 2347 5580 ἀρετῇ,
2385 5509 2478 5562 καὶ
2500 5508 2763 5580 πέπτωκα
2790 5506 3099 5580 ταραχθὲὶς,
3142 5506 3237 5580 xui.

2156 5527 2347 5580 αρετῃ,
2385 5527 2478 5562 και
2500 5527 2763 5563 πεπτωκα
2790 5527 2858 5561 τα
2895 5528 2917 5563 a

2156 5596 2256 5644 σας
2282 5580 2559 5651 ἀλήθειαν,
2593 5578 2711 5633 ἀντὶ
2741 5527 2917 5648 (pth

2167 4488 2418 4556 linquant
2459 4500 2582 4541 eum
2634 4485 2795 4539 amici
2847 4494 2902 4538 et
2949 4486 3181 4554 proximi
3223 4486 3331 4548 sui,
3361 4495 3416 4540 et
3446 4486 3605 4556 longe
3626 4485 3722 4540 ellio

2169 4578 2412 4641 ciantur,
2437 4590 2536 4645 pro
2579 4590 2645 4630 eo
2678 4575 2821 4645 quod
2848 4575 2959 4644 ipse
3007 4588 3066 4629 se
3093 4576 3160 4630 ad
3187 4577 3592 4646 exomnlogesin
3619 4592 3722 4644 pec-

2167 4667 2276 4723 cati
2309 4666 2393 4721 sui
2422 4678 2824 4734 maeroremque
2850 4664 3141 4719 convertit.
3177 4665 3319 4719 Dicit
3353 4681 3485 4737 ergo
3520 4683 3535 4719 :
3565 4667 3718 4719 Amici

2167 4760 2268 4813 mei
2294 4768 2341 4813 et
2366 4757 2593 4828 proximi
2621 4757 2721 4810 mei
2748 4758 3029 4811 adversum
3064 4771 3147 4810 me
3186 4758 3718 4827 appropinquarerunt

1608 4894 1629 4925 ⁷
1659 4892 1836 4948 Levit.
1867 4906 2028 4959 xxut,
2052 4892 2144 4948 27.
2218 4893 2241 4925 ⁸
2269 4892 2414 4948 Psal.
2458 4907 2662 4958 xxxvii,
2718 4892 2805 4946 12.

2163 5019 2375 5074 animas
2395 5026 2633 5079 nostras.
2662 5015 2793 5071 licet
2816 5013 3141 5069 festivitates
3176 5013 3541 5069 nominentur.
3580 5014 3714 5068 Deci-

2170 5104 2258 5143 ma
2294 5090 2438 5144 enim
2469 5088 2833 5169 expia-timum
2861 5086 2970 5147 die,
3006 5083 3377 5169 It‘uillioliabilif,
3405 5085 3598 5169 inquit,
3619 5086 3719 5164 aui-

2164 5176 2280 5213 mas
2338 5169 2559 5213 vestras.
2609 5157 2671 5211 Et
2696 5157 2787 5226 qui
2827 5171 2925 5225 pro
2960 5156 3193 5222 patratis
3230 5156 3526 5208 sceleribus
3560 5156 3717 5221 paeni-

2173 5228 2558 5308 tentiamagit,
2576 5229 2827 5308 seipsum
2877 5234 2936 5278 ut
2985 5224 3311 5292 publicanus
3357 5223 3711 5294 evangelicus,

2175 5299 2426 5355 humiliat
2459 5296 2514 5352 et
2540 5296 2743 5367 allligit.
2794 5315 2813 5349 ›

2236 5370 2351 5440 (Si)
2382 5368 2509 5424 Sine
2535 5359 2695 5421 dubio
2721 5367 2801 5436 fui
2835 5367 3126 5440 aliquando
3154 5365 3329 5440 fortis,
3365 5372 3473 5440 etc.
3505 5359 3712 5440 patente

2872 5384 2908 5421 tt
2952 5384 3126 5421 uanao
3154 5384 3329 5436 Iouis,
3365 5384 3473 5419 etc.
3513 5384 3704 5416 natura:

2866 5384 3053 5508 ’ἄμην
3082 5436 3237 5498 ποτὲ,
3315 5435 3461 5506 ησὶν,
3504 5430 3704 5504 ἰσχυρὸς

2866 5508 3099 5576 ραχθεὶς,
3142 5506 3237 5560 καὶ
3265 5452 3332 5576 ἓν
3349 5501 3513 5576 γεῖχον
3537 5500 3704 5558 ἀπολρ

2949 5500 3099 5578 {Oi-Sig,
3142 5506 3237 5560 καὶ
3265 5500 3346 5576 ἦν’
3366 5501 3513 5575 εἶχον
3537 5500 3711 5558 diruit-

2949 5578 3139 5642 σκότος
3168 5575 3445 5630 ἀνέλαϐον.
