3970 6160
192 260 341 323 1381

890 274 1200 336 SELECTA
1230 276 1299 336 IN
1332 278 1676 344 PSALMOS.
1727 312 1781 324 -ν
1818 281 2056 343 HOMIL.
2097 284 2141 341 Π
2170 285 2240 344 ΙΝ
2268 288 2467 347 PSAL.
2502 290 2767 349 XXXVII.

3327 297 3462 355 1582

190 393 251 437 et
305 393 586 444 steterunt.
618 388 866 462 lntellige
897 397 1031 452 mihi
1082 397 1296 455 ﬁdelem
1349 391 1567 471 quidem
1599 403 1778 458 homi-
1806 404 1853 461 Α
1880 403 2015 459 nihil
2065 404 2234 462 latere
2280 406 2473 474 Deum,
2505 407 2599 463 sed
2646 407 2788 462 nuda
2837 421 2958 465 esse
2984 408 3167 464 omnia
3201 417 3259 466 et
3283 413 3458 465 maui-

191 491 356 543 nem,
389 480 483 536 sed
518 491 695 538 tamen
750 484 1046 555 inﬁrmum,
1080 490 1169 560 qui
1209 491 1374 546 etiam
1408 493 1550 548 vinci
1574 495 1644 549 ab
1673 497 1779 552 ali-

1882 494 2016 551 lesta
2046 498 2098 551 in
2142 508 2433 567 conspectu
2457 498 2593 567 ejus,
2625 499 2887 570 quidquid
2916 501 3214 567 abscondo,
3239 505 3461 559 occulto

190 581 313 636 quo
353 583 578 639 peccato
607 576 805 644 potuit,
839 587 893 633 et
924 590 1147 650 propter
1169 582 1274 638 hoc
1317 586 1647 657 mugientem
1679 602 1779 659 pro
1878 588 2021 657 quod
2049 590 2220 653 novit,
2246 605 2346 645 cur
2378 606 2484 646 nou
2513 593 2690 662 potius
2715 592 2830 663 ipse
2861 608 2948 648 me
2981 608 3170 665 arguo,
3224 594 3339 664 ipse
3373 610 3459 651 me

191 657 421 714 delictis
466 662 605 727 suis,
656 673 715 719 et
765 669 914 723 omni
969 672 1132 727 modo
1178 688 1367 730 curam
1396 676 1639 733 vulneris
1680 657 1776 735 sui

185 750 368 823 686
405 758 808 828 sanitatemque
851 762 1246 834 requirentem,
1292 768 1421 824 licet
1471 781 1777 841 praeventus

187 842 270 898 sit
313 856 367 898 et
398 845 602 917 lapsus,
633 852 907 909 volentem
933 865 1117 914 tamen
1147 861 1415 918 medelam
1445 881 1508 921 ac
1537 867 1772 925 salutem

189 948 481 1000 reparare.
531 940 587 995 Si
633 958 763 1014 ergo
794 945 1099 1016 hujusmodi
1154 953 1319 1009 homo
1357 971 1563 1013 memor
1586 961 1770 1017 delicti

188 1025 283 1079 sui
334 1030 661 1087 confiteatur
705 1050 825 1104 qua:
873 1042 1171 1107 commisit,
1218 1054 1273 1100 et
1316 1047 1550 1105 humana
1578 1054 1767 1108 coniu-

188 1118 357 1175 sione
380 1126 854 1194 parvipendateos
896 1135 987 1202 qui
1036 1139 1375 1206 exprobrant
1426 1158 1550 1198 eum
1598 1147 1772 1202 conﬁ-

187 1219 430 1280 tentem,
470 1227 526 1272 et
570 1229 761 1277 notant
785 1222 871 1279 vel
908 1226 1139 1283 irrident
1178 1249 1191 1284 :
1228 1232 1317 1288 ille
1350 1245 1530 1290 autem
1563 1237 1773 1295 intelli-

187 1317 332 1372 gens
359 1321 457 1374 per
492 1309 596 1366 hoc
628 1315 845 1370 veniam
882 1318 986 1374 sibi
1020 1322 1161 1389 dari,
1191 1332 1247 1378 et
1278 1324 1331 1379 in
1378 1327 1469 1383 die
1520 1345 1772 1387 resurreo

186 1394 397 1453 ctionis
440 1415 538 1470 pro
570 1403 655 1459 his
684 1408 878 1475 quibus
915 1427 1056 1466 nunc
1084 1414 1432 1472 confunditur
1456 1434 1640 1476 coram
1672 1424 1770 1478 ho-

183 1486 461 1555 minibus,
494 1503 622 1548 tunc
647 1506 775 1551 ante
801 1499 1024 1569 angelos
1057 1500 1154 1557 Dei
1200 1504 1572 1564 confusionem
1606 1520 1768 1582 atque

185 1581 487 1649 opprobria
519 1600 836 1655 evasurum,
887 1602 946 1647 ut
994 1595 1132 1650 nolit
1179 1606 1368 1669 tegere
1406 1611 1459 1656 et
1489 1581 1769 1663 occultare

184 1671 461 1729 maculam
496 1691 673 1743 suam,
709 1683 801 1736 sed
835 1687 1151 1752 pronuntiet
1180 1689 1435 1747 delictum
1459 1709 1641 1762 suum,
1662 1712 1763 1754 nec

1879 679 2146 735 conlato?
2177 681 2315 749 Quid
2345 693 2604 753 exspecto
2634 695 3040 751 accusatorem,
3069 700 3192 741 cum
3228 701 3459 742 accusa-

1880 776 1967 822 tor
1996 784 2151 823 meus
2185 773 2524 826 conscientia
2555 787 2672 829 mea
2702 788 2914 828 mecum
2944 774 3056 829 sit?
3096 773 3187 830 Sic
3217 775 3360 831 forte
3397 785 3459 835 et

1876 858 1969 914 ille
2022 861 2153 916 mihi
2191 872 2404 930 parcet,
2453 864 2498 917 si
2553 864 2682 919 mihi
2718 866 2834 933 ipse
2874 882 2980 920 non
3020 882 3266 936 parcam.
3309 869 3454 939 Ergo

1873 953 2105 1019 proximi
2132 954 2234 1005 mei
2267 954 2331 1007 de
2365 953 2516 1024 longe
2539 964 2817 1021 steterunt,
2843 967 2890 1011 et
2917 958 3017 1013 vim
3058 959 3321 1028 faciebant
3359 962 3453 1032 qui

1875 1043 2176 1112 quwrebant
2232 1046 2466 1098 animam
2506 1063 2694 1101 meam.
2720 1047 2790 1101 Et
2823 1050 2916 1119 qui
2960 1053 3265 1121 quaerebant
3305 1054 3451 1109 mala

1872 1131 2004 1185 mihi
2026 1132 2189 1186 locuti
2213 1145 2335 1187 sunt
2362 1136 2670 1190 vanitatem.
2716 1136 2839 1192 Ilaec
2871 1140 3069 1194 iterum
3106 1143 3171 1196 de
3216 1144 3341 1199 aliis
3367 1147 3454 1199 di-

1874 1224 1969 1277 cit.
2000 1220 2138 1276 Sunt
2170 1224 2563 1294 euim.quidam
2595 1227 2686 1295 qui
2725 1238 2977 1297 quaerunt
3020 1230 3162 1283 mala
3188 1235 3353 1299 justo,
3392 1243 3449 1288 et

1875 1329 1984 1369 non
2027 1314 2109 1368 sic
2138 1315 2373 1385 gaudent
2421 1331 2545 1369 eum
2580 1318 2854 1373 audierint
2895 1321 2961 1374 de
2993 1321 3154 1375 bonis
3182 1323 3305 1393 ejus
3339 1324 3445 1379 ali-

1874 1403 2024 1474 quid,
2057 1405 2199 1458 sicut
2220 1404 2566 1476 gratulantur
2590 1422 2710 1460 cum
2748 1410 3023 1464 audierint
3055 1411 3221 1477 mala,
3253 1424 3306 1468 et
3327 1414 3444 1470 vel-

1872 1504 1934 1549 ut
1982 1496 2242 1552 insultant
2288 1513 2410 1552 cum
2464 1499 2516 1553 in
2566 1499 2721 1555 malis
2763 1500 3036 1571 aliquibus
3078 1504 3316 1559 viderint
3355 1505 3446 1575 ju—

1872 1598 2037 1643 stum.
2071 1590 2136 1644 Et
2190 1591 2278 1646 isti
2314 1600 2442 1648 sunt
2469 1593 2560 1662 qui
2611 1608 2735 1648 cum
2781 1595 3016 1649 viderint
3039 1596 3241 1662 justum
3272 1598 3447 1653 conﬁ-

1871 1691 2077 1738 tentem
2130 1695 2353 1755 peccata
2402 1697 2524 1753 sua,
2575 1689 2724 1743 velut
2756 1690 2977 1743 noxium
3001 1693 3271 1760 quoddam
3308 1709 3440 1749 evn-

186 1761 328 1854 velit
379 1779 502 1821 esse
555 1745 867 1839 sepulcrum
923 1777 1232 1834 dealbatum
1261 1784 1305 1848 ⁸,

1868 1786 2023 1829 munt
2057 1778 2225 1844 virus,
2258 1789 2480 1848 propter
2535 1782 2679 1850 quod
2719 1780 2852 1836 dicit
2884 1799 2896 1835 :
2931 1780 2997 1835 Et
3029 1784 3131 1837 vim
3177 1783 3443 1852 faciebant

183 1852 408 1947 quidem
438 1873 697 1930 appareat
743 1865 1056 1925 hominibus
1101 1852 1431 1941 speciosum,
1463 1877 1515 1930 id
1564 1887 1672 1947 est,
1706 1888 1764 1935 ut

180 1944 499 2007 videntibus
548 1968 608 2009 se
653 1959 809 2026 quasi
862 1960 1045 2027 justus
1073 1975 1358 2034 appareat,
1398 1968 1543 2025 intus
1579 1944 1760 2028 autem

180 2037 261 2091 sit
283 2040 521 2109 repletus
541 2049 689 2102 omni
724 2050 1063 2109 immunditia
1080 2066 1133 2111 et
1154 2060 1371 2115 ossibus
1397 2071 1760 2119 mortuorum.

182 2129 246 2185 Si
281 2147 412 2203 ergo
442 2136 515 2191 sit
539 2139 735 2210 aliquis
761 2143 874 2217 (52)
926 2147 996 2202 ita
1029 2148 1201 2205 ﬁdelis
1242 2160 1300 2206 ut
1346 2153 1392 2208 si
1449 2155 1576 2225 quid
1631 2171 1761 2212 con-

180 2225 336 2280 scius
365 2228 434 2282 sit
462 2229 589 2295 sibi,
628 2239 886 2303 procedat
940 2241 993 2294 in
1031 2244 1267 2298 medium
1309 2254 1365 2301 et
1409 2248 1526 2318 ipse
1557 2249 1639 2303 sui
1664 2265 1759 2305 acu

181 2328 413 2373 cusator
456 2322 684 2380 exsistat
721 2342 735 2380 :
777 2329 829 2382 hi
858 2340 1037 2386 autem
1082 2335 1173 2403 qui
1207 2334 1450 2393 futurum
1488 2339 1581 2395 Dei
1608 2340 1759 2412 judi-

176 2407 328 2463 cium
356 2426 461 2467 non
492 2424 760 2486 metuunt,
804 2421 918 2479 haec
949 2426 1235 2483 audientes
1268 2444 1393 2483 cum
1428 2407 1756 2489 inﬁrmanti-

174 2498 287 2555 bus
312 2502 530 2570 quidem
558 2521 666 2562 non
705 2509 1070 2582 inﬁrmentur,
1105 2530 1230 2571 cum
1255 2520 1756 2580 scandalizantibus

179 2604 293 2646 non
321 2604 571 2660 urantur,
610 2612 734 2654 cum
775 2600 945 2672 lapsis
990 2620 1095 2660 non
1119 2605 1363 2676 jaceant,
1395 2612 1489 2666 sed
1521 2613 1704 2670 dicant
1733 2632 1750 2671 :

172 2678 366 2754 Longe
393 2697 447 2742 te
470 2687 558 2743 iac
588 2706 617 2745 a
644 2707 750 2760 me,
787 2710 964 2765 neque
990 2702 1219 2755 accedas
1239 2700 1306 2755 ad
1344 2716 1452 2768 me,
1486 2707 1750 2774 quoniam

173 2776 415 2833 mundus
472 2786 630 2850 sum',
689 2792 746 2838 et
793 2785 1050 2842 detestari
1105 2789 1364 2861 incipiant
1409 2807 1531 2848 eum
1591 2810 1750 2866 quem

175 2877 309 2925 ante
349 2871 777 2941 admirabantur,
814 2886 869 2934 et
898 2879 967 2934 ab
1016 2881 1277 2937 amicitiis
1322 2886 1582 2941 recedant
1631 2887 1751 2958 ejus

175 2961 271 3025 qui
320 2963 574 3019 delictum
623 2982 779 3023 suum
837 2970 1010 3025 noluit
1066 2973 1349 3032 occultare
1394 2994 1409 3032 :
1462 2994 1627 3050 super
1663 2981 1749 3038 his

1865 1869 1956 1937 qui
1997 1870 2303 1935 qurerebunt
2344 1871 2577 1924 animam
2636 1888 2827 1926 meam.
2890 1870 2956 1927 Et
2998 1875 3089 1944 qui
3133 1876 3439 1946 quarebant

1862 1960 2006 2014 mala
2031 1962 2160 2013 mihi
2181 1960 2342 2015 locuti
2369 1973 2488 2017 sunt
2515 1965 2793 2018 vanitates.
2827 1965 2888 2019 Et
2940 1980 3072 2021 vere
3101 1968 3439 2026 manifestis-

1862 2052 2004 2108 sime
2026 2054 2366 2122 pervidetur,
2393 2057 2517 2123 quia
2547 2071 2654 2110 non
2687 2056 2861 2111 solum
2906 2057 2942 2111 ii
2991 2056 3082 2127 qui
3110 2059 3264 2128 justo
3287 2075 3439 2130 qum-

1862 2153 1991 2196 ruut
2040 2142 2207 2206 mala,
2256 2145 2349 2199 sed
2386 2145 2547 2199 etiam
2577 2146 2757 2200 omnis
2796 2147 2889 2215 qui
2945 2149 3250 2219 cuicunque
3293 2153 3435 2206 mala

1860 2245 2090 2290 conatur
2130 2236 2354 2306 inferre,
2396 2238 2639 2307 loquitur
2665 2239 2989 2295 vanitatem.
3020 2238 3137 2296 Non
3168 2243 3311 2296 enim
3349 2242 3432 2296 lo-

1858 2327 2046 2396 quitur
2069 2343 2132 2383 ea
2182 2343 2303 2399 quae
2354 2331 2653 2385 secundum
2692 2328 2864 2384 Deum
2916 2340 3065 2398 sunt,
3112 2333 3206 2403 qui
3234 2335 3432 2405 quierit

1859 2432 2022 2488 agere
2050 2418 2212 2473 mala.
2268 2419 2422 2476 Unde
2471 2429 2686 2490 oportet
2743 2421 2920 2492 magis
2976 2437 3222 2490 quaerere
3264 2425 3430 2480 bona.

1860 2508 2079 2565 Utinam
2108 2525 2392 2580 possemus
2431 2513 2594 2566 etiam
2636 2512 2721 2566 his
2768 2514 2857 2582 qui
2891 2513 3126 2569 oderunt
3177 2529 3276 2571 nos
3308 2517 3435 2572 red-

1856 2601 1987 2657 dere
2012 2602 2153 2657 bona
2188 2618 2287 2673 pro
2343 2604 2520 2672 malis,
2552 2614 2608 2658 et
2642 2604 2879 2659 inimicis
2927 2607 3131 2662 nostris
3173 2609 3259 2664 vel
3295 2624 3428 2664 suu-

1856 2693 1985 2748 dere
2008 2709 2128 2763 quae
2152 2693 2293 2749 bona
2319 2706 2464 2761 sunt,
2495 2694 2579 2749 vel
2609 2705 2799 2765 optare
2828 2695 3040 2752 feroces
3084 2700 3297 2754 animos
3323 2714 3423 2756 eo-

1856 2801 1976 2842 rum
2011 2789 2079 2843 ad
2105 2789 2451 2844 concordiam
2490 2801 2653 2857 atque
2682 2802 2869 2858 pacem
2919 2803 3206 2858 revocare,
3243 2801 3299 2844 ut
3330 2808 3430 2860 per

1853 2878 1958 2935 hoc
1986 2880 2276 2952 eﬁicianmr
2299 2880 2402 2949 filii
2423 2877 2602 2934 Patris
2623 2881 2714 2949 qui
2744 2880 2801 2934 in
2836 2880 2978 2935 cie/is
3003 2891 3102 2948 est,
3137 2884 3230 2954 qui
3261 2884 3423 2939 solem

1851 2988 2006 3027 suum
2029 2973 2161 3027 oriri
2180 2973 2329 3042 jubet
2355 2988 2516 3041 super
2538 2972 2701 3027 bonos
2724 2980 2775 3026 et
2803 2973 2995 3039 malos,
3033 2982 3084 3028 et
3107 2974 3242 3044 pluit
3262 2992 3422 3045 super

173 3070 311 3126 ergo
336 3072 735 3129 consequenter
783 3065 916 3119 dicit
949 3065 1043 3134 qui
1085 3069 1511 3138 exomologesiu,
1561 3072 1614 3127 id
1665 3083 1749 3130 est
1775 3084 1818 3143 (ζ
1843 3064 2021 3134 iw“
2051 3076 2098 3119 ει
2131 3066 2359 3135 infuit”
2402 3065 2468 3143 “3

174 3145 574 3206 confessionem
601 3152 730 3208 facit
758 3173 771 3209 :
800 3155 971 3210 Amici
996 3158 1098 3212 mei
1120 3171 1169 3212 et
1198 3163 1425 3229 proximi
1446 3164 1546 3217 mei
1565 3165 1751 3221 adver-

177 3254 300 3293 sum
343 3257 423 3296 me
448 3246 997 3317 apprOpinquaverunt
1026 3260 1073 3304 et
1099 3260 1379 3318 steterunt,
1422 3265 1471 3308 et
1518 3259 1748 3324 proximi

174 3330 282 3384 mei
319 3330 387 3385 de
407 3332 560 3404 longe
580 3343 855 3393 steterunt.
900 3338 1007 3395 Sed
1035 3342 1148 3397 haec
1173 3358 1278 3399 non
1312 3356 1527 3414 oportet
1552 3346 1748 3404 formi-

178 3421 314 3477 dare
342 3439 464 3477 eum
496 3427 587 3495 qui
636 3440 759 3498 post
801 3429 1061 3486 delictum
1122 3435 1324 3490 salvari
1360 3439 1529 3506 cupit,
1570 3454 1747 3510 neque

173 3522 359 3568 notam
390 3530 579 3573 eorum
630 3523 1043 3590 pertimescere,
1081 3526 1175 3595 qui
1229 3542 1325 3583 sua
1360 3531 1579 3599 quidem
1613 3545 1743 3598 pec-

172 3616 296 3660 cata
324 3624 429 3663 non
460 3611 724 3680 cogitant,
751 3630 848 3670 nec
886 3633 1157 3673 memores
1184 3619 1483 3688 Scripturte
1510 3631 1638 3676 sunt
1664 3623 1745 3677 di-

168 3701 312 3754 vinae
352 3701 585 3759 dicentis
632 3704 729 3759 ¹⁰ε
781 3705 911 3761 Noli
958 3709 1322 3780 improperare
1369 3713 1570 3767 homini
1613 3730 1743 3768 con-

168 3795 387 3848 vertenti
418 3811 473 3849 se
499 3812 530 3848 a
547 3806 780 3865 peccato,
811 3798 903 3853 sed
927 3815 1126 3856 memor
1146 3812 1256 3856 esto
1277 3806 1528 3873 quoniam
1557 3823 1739 3863 omnes

167 3900 350 3940 sumus
385 3887 440 3941 in
474 3887 661 3958 culpis.
695 3888 815 3945 Non
845 3905 977 3962 ergo
1023 3896 1226 3963 cogitet
1268 3895 1337 3950 de
1369 3895 1589 3967 talibus,
1643 3898 1740 3955 sed

168 3975 371 4046 cogitet
420 3977 488 4034 de
535 3981 714 4034 anima
751 3997 870 4047 sua,
918 3997 1154 4040 exorans
1186 3986 1378 4052 Deum,
1426 3997 1485 4043 ut
1516 3990 1584 4044 ab
1620 3990 1737 4060 ipso

168 4070 488 4125 exaudiatur
534 4081 588 4126 et
631 4073 945 4130 sublevetur
999 4088 1119 4146 post
1181 4095 1369 4136 casum
1433 4097 1614 4148 suum,
1672 4094 1736 4140 ut

168 4161 341 4230 possit
385 4165 546 4218 etiam
572 4166 755 4222 dicere
782 4182 902 4238 quae
932 4179 1233 4239 sequuntur
1271 4188 1287 4224 :
1318 4171 1582 4238 Quoniam
1628 4175 1736 4229 ini-

166 4251 415 4321 quitatem
442 4270 610 4308 meam
631 4273 723 4327 ego
753 4261 1198 4327 pronuntiabo,et
1228 4263 1471 4331 cogitabo
1495 4281 1588 4331 pro
1615 4282 1736 4334 pec-

166 4350 283 4395 cato
315 4359 447 4398 meo.
478 4343 628 4400 Licet
657 4349 816 4404 amici
851 4349 954 4402 mei
995 4357 1049 4403 et
1072 4352 1305 4419 proximi
1336 4353 1438 4408 mei
1471 4354 1728 4410 contrarii

1920 3157 1976 3212 2.
2013 3155 2116 3223 Qui
2146 3172 2276 3227 ergo
2302 3138 2601 3227 querebant
2662 3154 2811 3209 mala
2834 3155 2963 3209 mihi
2989 3154 3153 3210 locuti
3177 3167 3299 3213 sunt
3327 3176 3422 3214 va-

1850 3252 2064 3315 nitates,
2097 3261 2145 3304 et
2175 3247 2358 3303 dolum
2401 3256 2513 3301 tota
2543 3248 2628 3301 die
2675 3248 3092 3303 meditabantur.
3118 3248 3255 3305 Vide
3284 3251 3420 3304 insi-

1854 3344 2116 3400 diatorem
2146 3340 2299 3410 justi.
2339 3338 2458 3394 Jam
2487 3341 2631 3395 enim
2671 3339 2878 3410 justum
2921 3355 3059 3396 voco
3082 3357 3207 3396 eum
3240 3344 3332 3412 qui
3359 3342 3421 3398 in

1848 3434 2034 3502 primis
2075 3433 2161 3487 sui
2211 3434 2319 3502 ipse
2383 3442 2663 3485 accusator
2721 3431 2987 3497 eilicitur,
3038 3433 3179 3488 sicut
3240 3448 3422 3491 sermo

1849 3525 2144 3595 Scripturae
2169 3525 2417 3593 designat
2438 3525 2504 3576 ¹².
2534 3521 2666 3576 Nam
2696 3532 2756 3578 ut
2782 3523 2927 3578 illum
2952 3526 3258 3594 sapientem
3287 3526 3420 3581 dicit

1847 3614 2127 3685 Scriptura
2149 3656 2163 3677 ,
2192 3615 2282 3685 qui
2329 3630 2451 3669 cum
2485 3615 2750 3684 arguitur,
2780 3630 2885 3669 non
2930 3614 3044 3669 odit
3074 3624 3417 3686 arguentem,

1844 3710 1939 3768 sed
1990 3709 2211 3778 insuper
2251 3707 2428 3776 diligit
2459 3720 2583 3760 eum
2612 3722 2628 3759 :
2657 3710 2738 3761 sic
2782 3716 2838 3761 et
2868 3705 3051 3774 justus
3085 3708 3289 3763 dicitur
3318 3709 3413 3779 qui

1842 3810 1965 3876 post
1992 3802 2245 3858 delictum
2278 3814 2382 3854 non
2422 3809 2704 3867 permanet
2745 3798 2800 3853 in
2825 3798 3062 3863 delictis,
3092 3815 3192 3855 nec
3217 3815 3416 3870 exspe-

1842 3903 1954 3952 ctat
1986 3893 2255 3949 diabolum
2305 3890 2421 3945 ﬁeri
2459 3898 2835 3946 accusatorem
2889 3906 3072 3958 suum,
3128 3907 3305 3962 neque
3351 3903 3414 3950 ut

1841 3989 1930 4044 ille
1954 3988 2194 4059 proferat
2223 3986 2275 4038 iu
2304 3983 2543 4038 medium
2575 3990 2801 4052 peccata
2832 3982 3027 4053 ipsius,
3067 3987 3164 4041 sed
3201 3987 3318 4056 ipse
3350 4001 3412 4042 se

1840 4081 2020 4151 arguit
2060 4086 2115 4132 et
2145 4075 2437 4138 convincit,
2467 4083 2521 4127 et
2565 4089 2666 4144 per
2707 4076 3106 4132 confessionem
3138 4093 3291 4132 suam
3342 4077 3411 4132 li-

1839 4174 2064 4226 beratur
2096 4184 2124 4222 a
2157 4170 2354 4223 morte.
2399 4164 2505 4231 Qui
2557 4166 2701 4220 enim
2747 4168 3054 4237 quaerebant
3096 4168 3241 4223 mala
3279 4169 3409 4222 milii

1837 4263 2004 4318 locuti
2030 4270 2152 4316 sunt
2184 4260 2493 4326 vanitatem,
2519 4268 2568 4312 et
2608 4258 2790 4312 dolum
2819 4269 2927 4313 tota
2956 4261 3041 4315 die
3078 4261 3408 4316 meditaban-

1837 4366 1942 4409 tur.
1999 4353 2108 4424 Ego
2154 4363 2329 4406 autem
2361 4351 2499 4405 velut
2543 4351 2742 4406 surdus
2790 4366 2892 4404 non
2926 4352 3226 4408 audiebam.
3259 4352 3404 4408 Nihil

166 4433 293 4496 siut,
326 4443 379 4487 et
406 4438 690 4506 propinqui
727 4439 828 4494 mei
870 4439 1028 4509 longe
1076 4455 1138 4495 se
1166 4440 1377 4496 iaciant
1404 4459 1432 4497 a
1459 4460 1569 4509 me,
1600 4446 1729 4501 dum
1762 4448 1809 4508 D
1840 4450 1943 4504 hac
1973 4447 2174 4500 virtute
2226 4442 2563 4513 praeclarius.
2597 4441 2731 4496 nihil
2757 4442 3119 4498 excellentius
3171 4444 3401 4499 inveniri

165 4538 263 4595 ego
297 4525 410 4594 ipse
464 4528 568 4582 mei
610 4540 894 4585 accusator
940 4530 1163 4597 el‘ﬁcior,
1192 4534 1318 4587 dum
1348 4537 1576 4590 crimina
1610 4553 1728 4594 mea

166 4617 310 4670 nullo
341 4634 428 4674 me
451 4632 710 4690 urguente
741 4623 1026 4692 conﬁteor,
1054 4626 1180 4679 dum
1210 4627 1334 4681 nolo
1359 4628 1562 4683 imitari
1609 4645 1725 4698 eos,

166 4711 253 4776 qui
296 4716 460 4770 etiam
503 4731 625 4771 cum
659 4716 709 4769 in
757 4715 981 4785 judiciis
1031 4726 1357 4787 arguantur,
1393 4729 1449 4773 et
1497 4723 1727 4780 testibus

165 4813 573 4873 convincanlur,
603 4817 657 4863 et
681 4808 975 4863 tortoribus
993 4809 1155 4863 etiam
1189 4821 1507 4878 arguantur,
1538 4822 1727 4885 tegunt

167 4917 338 4963 tamen
371 4905 510 4958 mala
541 4919 659 4966 sua,
697 4910 752 4957 et
776 4902 895 4972 plus
924 4902 1064 4970 apud
1089 4917 1184 4956 eos
1205 4903 1418 4958 obtinet
1445 4909 1724 4964 commissi

163 4998 330 5068 pudor
398 5013 520 5051 uam
559 4993 856 5051 cruciantis
892 5007 1075 5064 paena.
1133 4993 1246 5064 Ego
1281 5010 1410 5052 vero
1463 4999 1556 5067 qui
1607 5001 1724 5055 scio

1837 4547 2032 4609 potest,
2086 4545 2145 4589 ut
2202 4534 2432 4589 audiens
2480 4533 2856 4602 unusquisque
2911 4530 3204 4588 maledicos
3238 4544 3401 4602 atque

1836 4636 2235 4686 obtrectatores
2265 4639 2393 4680 suos
2436 4622 2577 4678 male
2608 4623 2779 4692 loqui,
2805 4638 3054 4693 carpere,
3092 4624 3404 4686 detrahere,

1836 4725 2109 4786 incu.~are,
2152 4720 2267 4790 ipse
2301 4725 2512 4771 avertat
2540 4730 2724 4770 aurem
2755 4728 2908 4769 suam
2938 4713 3092 4782 quasi
3146 4728 3251 4768 non
3305 4728 3406 4766 au-

1835 4815 2009 4880 diens,
2042 4822 2098 4868 et
2151 4809 2393 4866 declinet
2422 4806 2640 4862 oculum
2690 4821 2847 4861 suum
2892 4815 3148 4874 tanquam
3180 4819 3287 4858 non
3321 4806 3407 4858 vi.

1833 4909 2006 4970 deus,
2059 4918 2128 4958 ne
2188 4899 2468 4958 iracundia
2517 4908 2877 4969 exasperetur
2928 4907 2983 4952 et
3034 4895 3279 4966 prosiliat
3330 4896 3400 4951 ad

1830 4997 2150 5060 vindictam,
2202 5009 2271 5049 ne
2317 4999 2527 5060 quaerat
2551 4990 2767 5047 oculum
2799 5005 2898 5061 pro
2927 4988 3110 5056 oculo,
3137 5002 3241 5045 nec
3273 5002 3401 5043 ver-

229 5140 251 5173 '
295 5133 483 5189 Matth.
531 5132 799 5190 “111.27.
877 5133 923 5165 ¹⁰
953 5132 1119 5190 Eccli.
1158 5148 1280 5199 vm,
1305 5132 1358 5188 6.
1437 5133 1481 5165 “
1510 5131 1704 5193 Matth.
1730 5154 1751 5192 ε

1856 5136 1909 5191 5.
1986 5131 2029 5162 “
2053 5127 2211 5183 Prov.
2244 5140 2397 5189 xvm,
2428 5123 2516 5180 17.

1811 5272 1998 5337 ἐσμὲν
2036 5272 2108 5325 ἐν
2146 5267 2453 5337 ἐπιθυμίᾳ.
2497 5265 2636 5337 ’ᾼλὶΰ
2684 5265 2833 5335 ὅμως
2877 5263 2973 5318 καὶ
3028 5262 3391 5337 ἐκβιάζονται,

158 5335 441 5414 nuscriptze
471 5361 481 5394 :
518 5335 649 5398 Εἶτα
678 5335 942 5417 διηγέῖται
973 5348 1038 5399 ὲκ
1082 5347 1181 5418 τῆς
1227 5343 1568 5414 εὐγνώμονος
1600 5344 1718 5412 ἐξο-

168 5414 497 5537 ςιολογήσεως
522 5415 716 5502 ονείδτγ
747 5435 765 5467 ι
784 5416 1081 5507 Μονονουχς
1112 5433 1202 5486 μοι
1230 5416 1338 5469 τῶν
1356 5414 1521 5468 πάλαι
1549 5415 1716 5484 φίλων

199 5485 448 5550 ιεγόντων⁸
476 5486 674 5550 Ηορῤω
706 5488 784 5539 ἀπ
832 5488 988 5550 ὲμου,
1024 5505 1099 5550 μη
1127 5486 1355 5550 ὲγγίσῃς
1383 5486 1582 5550 μοι,ὃτι
1616 5503 1717 5538 κα-

1860 5335 2076 5406 ολλάκις
2112 5341 2220 5411 γὰρ
2268 5335 2363 5391 καὶ).
2415 5335 2757 5390 ἐπιϐαίνουσι
2801 5338 2915 5398 τοῖς
2967 5335 3257 5420 comitem“,
3301 5336 3394 5420 χορ.

1856 5414 2033 5488 ητοῦσι
2061 5410 2202 5465 κακὰ
2232 5409 2311 5460 τῶ
2341 5405 2553 5475 δικαίῳ,
2587 5406 2683 5492 οὐχ
2728 5403 2869 5491 ορτιο
2910 5419 3193 5474 χαίροντες
3218 5420 3298 5491 εν,
3314 5422 3393 5477 τῳ

1856 5485 2030 5539 κούειν
2069 5482 2138 5533 τὰ
2178 5461 2411 5550 κρείττω
2444 5478 2573 5548 περὶ
2620 5491 2806 5550 auten,
2839 5492 2915 5538 ως
2947 5474 3075 5525 ὅταν
3121 5489 3395 5550 sext;ng

199 5485 416 5583 ΞΥ.ίῖτέῗῖ
428 5503 448 5583 .'
476 5486 681 5583 1.13369.
699 5485 1717 5583 f’fﬁ‘fﬁ‘llﬁiiﬁ‘ﬂlﬁi‘ﬁ’f:iii.‘E‘E‘
1813 5485 2138 5583 333335.313?
2178 5485 2573 5583 ξιρὲίτπτὲἓηῖῖξῗὶ
2591 5485 3393 5583 ..ἰῖἱῗᾍέὶὶμθτέἔτξξιὲξᾷἒῗῖ

170 5489 416 5553 λεγόντων
434 5503 448 5516 ⁸
476 5489 674 5609 [largita
706 5489 798 5539 ἀπ’
832 5489 988 5558 ἐμοῦ,
1024 5489 1099 5558 μὴ
1127 5489 1355 5569 enim;
1383 5489 1582 5555 μοι,ὃτι
1616 5503 1717 5538 κα-

171 5555 316 5625 θαρός
331 5558 461 5626 εἰμι.
489 5574 508 5605 ι
571 5574 743 5609 ουτων
762 5558 1195 5629 καταφρονητέον
1210 5574 1288 5627 τῳ
1302 5556 1539 5625 γνησίως
1558 5571 1721 5625 μετα-

170 5623 357 5701 νοοῦντι
382 5626 454 5701 μὴ
478 5627 912 5701 πειθαρχούντων
927 5629 1024 5701 τῷ,
1039 5629 1134 5696 Μὴ
1153 5624 1722 5701 όγείδιζεζᾷνθρῳπον

1856 5489 2030 5539 κούειν
2069 5489 2138 5533 τὰ
2178 5489 2411 5550 κρειττω
2444 5489 2573 5548 περι
2620 5489 2806 5537 αῡτου,
2839 5489 2915 5538 ως
2947 5489 3075 5525 οταν
3121 5490 3174 5525 τι
3213 5489 3394 5546 χεῖρον

1856 5553 2136 5608 κούσωσιν.
2184 5550 2292 5601 Καὶ
2320 5549 2537 5616 λέγουσι
2590 5544 2956 5616 ματαιότητας
2999 5542 3393 5613 καταλέγοντες

1856 5625 1906 5689 οὗ
1928 5619 2401 5701 κατῃγςιρήσαντος
2433 5616 2646 5701 ξαυξοῇε
2675 5615 2749 5701 ρύ
2778 5613 2889 5701 γὰρ
2919 5611 3394 5701 ἐξηξοοξιένοι’).α-

172 5683 606 5765 ἀποστρὲῥοντα
623 5683 740 5753 ἆεῗὸ
757 5683 1376 5769 ἀμαρτίὶιξομὶοήσθηῑίι
1394 5683 1482 5749 ὅτι
1499 5683 1722 5762 adactae
1816 5686 1898 5748 λεῖ
1927 5695 1956 5746 ὁ
1985 5683 2165 5763 {ﬁcti-3;;
2194 5683 2305 5742 ’τινι
2328 5686 2495 5753 κακὰ,
2529 5685 2642 5739 ἀλλ’
2671 5685 2699 5735 ὁ
2720 5683 2885 5739 παντὶ
2914 5683 3094 5754 ζητῶν
3122 5684 3323 5754 ἀγαθά.

229 5273 336 5346 (52)
367 5273 426 5329 Si
459 5290 583 5346 ergo
609 5274 929 5346 sitaliquis,
961 5284 1072 5333 etc.
1106 5275 1325 5330 (latente
1360 5273 1565 5346 Graecae
1595 5291 1739 5346 m_a--
