  <div class='ocr_page' id='page_1' title='image "/cluster/home/n/w/nwhite01/storage/ocr_20150623/12/mdp.39015028786690/702.png"; bbox 0 0 3970 6160; ppageno 0'>
   <div class='ocr_carea' id='block_1_1' title="bbox 223 207 371 261">
    <p class='ocr_par' dir='ltr' id='par_1_1' title="bbox 223 207 371 261">
     <span class='ocr_line' id='line_1_1' title="bbox 223 207 371 261; baseline 0.014 -3"><span class='ocrx_word' id='word_1_1' title='bbox 223 207 371 261; x_wconf 69' lang='lat'><strong>385</strong></span> 
     </span>
    </p>
   </div>
   <div class='ocr_carea' id='block_1_2' title="bbox 843 208 2732 278">
    <p class='ocr_par' dir='ltr' id='par_1_2' title="bbox 843 208 2732 278">
     <span class='ocr_line' id='line_1_2' title="bbox 843 208 2732 278; baseline 0.006 -12"><span class='ocrx_word' id='word_1_2' title='bbox 843 208 1152 268; x_wconf 73' lang='lat' dir='ltr'><strong>SELECTA</strong></span> <span class='ocrx_word' id='word_1_3' title='bbox 1191 211 1257 266; x_wconf 80' lang='lat' dir='ltr'><strong>IN</strong></span> <span class='ocrx_word' id='word_1_4' title='bbox 1289 212 1631 270; x_wconf 65' lang='lat' dir='ltr'><strong>PSALIIOS.</strong></span> <span class='ocrx_word' id='word_1_5' title='bbox 1674 247 1740 256; x_wconf 82' lang='lat'><strong>-——</strong></span> <span class='ocrx_word' id='word_1_6' title='bbox 1780 216 2011 272; x_wconf 83' lang='lat' dir='ltr'><strong>IIO.\-IIL.</strong></span> <span class='ocrx_word' id='word_1_7' title='bbox 2050 218 2090 272; x_wconf 94' lang='lat' dir='ltr'><strong>II</strong></span> <span class='ocrx_word' id='word_1_8' title='bbox 2132 219 2196 275; x_wconf 89' lang='lat' dir='ltr'><strong>IN</strong></span> <span class='ocrx_word' id='word_1_9' title='bbox 2229 221 2424 278; x_wconf 80' lang='lat' dir='ltr'><strong>PSAL.</strong></span> <span class='ocrx_word' id='word_1_10' title='bbox 2467 222 2732 278; x_wconf 75' lang='lat' dir='ltr'><strong>XXXVII.</strong></span> 
     </span>
    </p>
   </div>
   <div class='ocr_carea' id='block_1_3' title="bbox 3338 233 3474 290">
    <p class='ocr_par' dir='ltr' id='par_1_3' title="bbox 3338 233 3474 290">
     <span class='ocr_line' id='line_1_3' title="bbox 3338 233 3474 290; baseline 0.037 -5"><span class='ocrx_word' id='word_1_11' title='bbox 3338 233 3474 290; x_wconf 70' lang='grc' dir='ltr'>ιδεδ</span> 
     </span>
    </p>
   </div>
   <div class='ocr_carea' id='block_1_4' title="bbox 177 327 3474 411">
    <p class='ocr_par' dir='ltr' id='par_1_4' title="bbox 177 327 3474 411">
     <span class='ocr_line' id='line_1_4' title="bbox 177 327 3474 411; baseline 0.008 -31"><span class='ocrx_word' id='word_1_12' title='bbox 177 343 343 380; x_wconf 85' lang='lat' dir='ltr'><strong>rum</strong></span> <span class='ocrx_word' id='word_1_13' title='bbox 381 344 506 397; x_wconf 70' lang='lat' dir='ltr'><strong>qum</strong></span> <span class='ocrx_word' id='word_1_14' title='bbox 536 329 711 390; x_wconf 75' lang='lat' dir='ltr'><strong>docet,</strong></span> <span class='ocrx_word' id='word_1_15' title='bbox 743 327 874 400; x_wconf 82' lang='lat' dir='ltr'><strong>agit.</strong></span> <span class='ocrx_word' id='word_1_16' title='bbox 919 331 1011 385; x_wconf 91' lang='lat' dir='ltr'><strong>Isti</strong></span> <span class='ocrx_word' id='word_1_17' title='bbox 1040 348 1169 402; x_wconf 86' lang='lat' dir='ltr'><strong>ergo</strong></span> <span class='ocrx_word' id='word_1_18' title='bbox 1199 334 1304 388; x_wconf 85' lang='lat' dir='ltr'><strong>tale</strong></span> <span class='ocrx_word' id='word_1_19' title='bbox 1333 335 1459 402; x_wconf 89' lang='lat' dir='ltr'><strong>quid</strong></span> <span class='ocrx_word' id='word_1_20' title='bbox 1494 337 1675 390; x_wconf 88' lang='lat' dir='ltr'><strong>dicant</strong></span> <span class='ocrx_word' id='word_1_21' title='bbox 1713 353 1804 390; x_wconf 84' lang='lat' dir='ltr'><strong>ue-</strong></span> <span class='ocrx_word' id='word_1_22' title='bbox 1833 340 1876 393; x_wconf 82' lang='grc' dir='ltr'><strong>Α</strong></span> <span class='ocrx_word' id='word_1_23' title='bbox 1975 337 2027 392; x_wconf 88' lang='grc'><strong>6.</strong></span> <span class='ocrx_word' id='word_1_24' title='bbox 2058 337 2317 404; x_wconf 76' lang='lat' dir='ltr'><strong><em>Quoniam</em></strong></span> <span class='ocrx_word' id='word_1_25' title='bbox 2343 341 2668 410; x_wconf 73' lang='lat' dir='ltr'><strong>iniquitatem</strong></span> <span class='ocrx_word' id='word_1_26' title='bbox 2691 359 2858 396; x_wconf 87' lang='lat' dir='ltr'><strong>meam</strong></span> <span class='ocrx_word' id='word_1_27' title='bbox 2880 347 3184 411; x_wconf 85' lang='lat' dir='ltr'><strong>pronuntio.</strong></span> <span class='ocrx_word' id='word_1_28' title='bbox 3227 347 3474 405; x_wconf 83' lang='lat' dir='ltr'><strong>Pronun-</strong></span> 
     </span>
    </p>
   </div>
   <div class='ocr_carea' id='block_1_5' title="bbox 179 421 1808 497">
    <p class='ocr_par' dir='ltr' id='par_1_5' title="bbox 179 421 1808 497">
     <span class='ocr_line' id='line_1_5' title="bbox 179 421 1808 497; baseline 0.007 -27"><span class='ocrx_word' id='word_1_29' title='bbox 179 437 381 474; x_wconf 72' lang='lat' dir='ltr'><strong>cosse</strong></span> <span class='ocrx_word' id='word_1_30' title='bbox 408 430 496 475; x_wconf 88' lang='lat' dir='ltr'><strong>est</strong></span> <span class='ocrx_word' id='word_1_31' title='bbox 535 436 548 473; x_wconf 93' lang='lat'><strong>:</strong></span> <span class='ocrx_word' id='word_1_32' title='bbox 605 421 739 474; x_wconf 87' lang='lat' dir='ltr'><strong>Dum</strong></span> <span class='ocrx_word' id='word_1_33' title='bbox 787 435 1174 478; x_wconf 86' lang='lat' dir='ltr'><strong>commorentur</strong></span> <span class='ocrx_word' id='word_1_34' title='bbox 1221 427 1373 494; x_wconf 81' lang='lat' dir='ltr'><strong>pedes</strong></span> <span class='ocrx_word' id='word_1_35' title='bbox 1422 430 1521 480; x_wconf 86' lang='lat' dir='ltr'><strong>mei</strong></span> <span class='ocrx_word' id='word_1_36' title='bbox 1548 446 1701 497; x_wconf 77' lang='lat' dir='ltr'><strong>super</strong></span> <span class='ocrx_word' id='word_1_37' title='bbox 1730 447 1808 482; x_wconf 90' lang='lat' dir='ltr'><strong>me</strong></span> 
     </span>
    </p>
   </div>
   <div class='ocr_carea' id='block_1_6' title="bbox 183 510 1803 588">
    <p class='ocr_par' dir='ltr' id='par_1_6' title="bbox 183 510 1803 588">
     <span class='ocr_line' id='line_1_6' title="bbox 183 510 1803 588; baseline 0.007 -27"><span class='ocrx_word' id='word_1_38' title='bbox 183 528 421 579; x_wconf 67' lang='lat' dir='ltr'><strong>ninguit</strong></span> <span class='ocrx_word' id='word_1_39' title='bbox 449 510 608 564; x_wconf 85' lang='lat' dir='ltr'><strong>locuti</strong></span> <span class='ocrx_word' id='word_1_40' title='bbox 641 523 783 569; x_wconf 81' lang='lat' dir='ltr'><strong>sunt.</strong></span> <span class='ocrx_word' id='word_1_41' title='bbox 815 515 972 569; x_wconf 82' lang='lat' dir='ltr'><strong>Alius</strong></span> <span class='ocrx_word' id='word_1_42' title='bbox 996 527 1174 571; x_wconf 87' lang='lat' dir='ltr'><strong>autem</strong></span> <span class='ocrx_word' id='word_1_43' title='bbox 1207 517 1306 572; x_wconf 91' lang='lat' dir='ltr'><strong>hoc</strong></span> <span class='ocrx_word' id='word_1_44' title='bbox 1332 519 1522 574; x_wconf 97' lang='lat' dir='ltr'><strong>melior</strong></span> <span class='ocrx_word' id='word_1_45' title='bbox 1548 531 1803 588; x_wconf 89' lang='lat' dir='ltr'><strong>quantum</strong></span> 
     </span>
    </p>
   </div>
   <div class='ocr_carea' id='block_1_7' title="bbox 184 605 1802 681">
    <p class='ocr_par' dir='ltr' id='par_1_7' title="bbox 184 605 1802 681">
     <span class='ocr_line' id='line_1_7' title="bbox 184 605 1802 681; baseline 0.007 -26"><span class='ocrx_word' id='word_1_46' title='bbox 184 605 267 655; x_wconf 84' lang='lat' dir='ltr'><strong>ad</strong></span> <span class='ocrx_word' id='word_1_47' title='bbox 303 619 588 671; x_wconf 84' lang='lat' dir='ltr'><strong>personas</strong></span> <span class='ocrx_word' id='word_1_48' title='bbox 639 607 873 674; x_wconf 84' lang='lat' dir='ltr'><strong>pertinet</strong></span> <span class='ocrx_word' id='word_1_49' title='bbox 904 623 1025 678; x_wconf 60' lang='lat' dir='ltr'><strong>quae</strong></span> <span class='ocrx_word' id='word_1_50' title='bbox 1073 611 1403 664; x_wconf 85' lang='lat' dir='ltr'><strong>inducuntur</strong></span> <span class='ocrx_word' id='word_1_51' title='bbox 1449 628 1476 664; x_wconf 88' lang='lat' dir='ltr'><strong>a</strong></span> <span class='ocrx_word' id='word_1_52' title='bbox 1510 615 1802 681; x_wconf 75' lang='lat' dir='ltr'><strong>prophetis,</strong></span> 
     </span>
    </p>
   </div>
   <div class='ocr_carea' id='block_1_8' title="bbox 190 695 1807 766">
    <p class='ocr_par' dir='ltr' id='par_1_8' title="bbox 190 695 1807 766">
     <span class='ocr_line' id='line_1_8' title="bbox 190 695 1807 766; baseline 0.007 -19"><span class='ocrx_word' id='word_1_53' title='bbox 190 695 299 748; x_wconf 81' lang='lat' dir='ltr'><strong>vel</strong></span> <span class='ocrx_word' id='word_1_54' title='bbox 342 696 486 763; x_wconf 72' lang='lat' dir='ltr'><strong>ipsm</strong></span> <span class='ocrx_word' id='word_1_55' title='bbox 519 697 623 750; x_wconf 89' lang='lat' dir='ltr'><strong>sibi</strong></span> <span class='ocrx_word' id='word_1_56' title='bbox 671 710 1082 766; x_wconf 85' lang='lat' dir='ltr'><strong>comparantur,</strong></span> <span class='ocrx_word' id='word_1_57' title='bbox 1119 701 1246 755; x_wconf 90' lang='lat' dir='ltr'><strong>illud</strong></span> <span class='ocrx_word' id='word_1_58' title='bbox 1293 702 1426 756; x_wconf 89' lang='lat' dir='ltr'><strong>dicit</strong></span> <span class='ocrx_word' id='word_1_59' title='bbox 1450 703 1492 734; x_wconf 80' lang='grc'>¹⁸</span> <span class='ocrx_word' id='word_1_60' title='bbox 1523 722 1537 758; x_wconf 88' lang='lat'><strong>:</strong></span> <span class='ocrx_word' id='word_1_61' title='bbox 1569 704 1676 757; x_wconf 82' lang='lat' dir='ltr'><strong>Mei</strong></span> <span class='ocrx_word' id='word_1_62' title='bbox 1708 722 1807 758; x_wconf 87' lang='lat' dir='ltr'><strong>au-</strong></span> 
     </span>
    </p>
   </div>
   <div class='ocr_carea' id='block_1_9' title="bbox 189 787 1802 865">
    <p class='ocr_par' dir='ltr' id='par_1_9' title="bbox 189 787 1802 865">
     <span class='ocr_line' id='line_1_9' title="bbox 189 787 1802 865; baseline 0.007 -25"><span class='ocrx_word' id='word_1_63' title='bbox 189 798 316 841; x_wconf 86' lang='lat' dir='ltr'><strong>tem</strong></span> <span class='ocrx_word' id='word_1_64' title='bbox 371 787 538 854; x_wconf 81' lang='lat' dir='ltr'><strong>paulo</strong></span> <span class='ocrx_word' id='word_1_65' title='bbox 589 789 762 844; x_wconf 87' lang='lat' dir='ltr'><strong>minus</strong></span> <span class='ocrx_word' id='word_1_66' title='bbox 813 793 942 845; x_wconf 97' lang='lat' dir='ltr'><strong>moti</strong></span> <span class='ocrx_word' id='word_1_67' title='bbox 990 804 1112 846; x_wconf 88' lang='lat' dir='ltr'><strong>sunt</strong></span> <span class='ocrx_word' id='word_1_68' title='bbox 1165 797 1340 862; x_wconf 79' lang='lat' dir='ltr'><strong>pedes.</strong></span> <span class='ocrx_word' id='word_1_69' title='bbox 1407 795 1556 850; x_wconf 90' lang='lat' dir='ltr'><strong>Illius</strong></span> <span class='ocrx_word' id='word_1_70' title='bbox 1588 799 1802 865; x_wconf 86' lang='lat' dir='ltr'><strong>quidem</strong></span> 
     </span>
    </p>
   </div>
   <div class='ocr_carea' id='block_1_10' title="bbox 191 878 1799 954">
    <p class='ocr_par' dir='ltr' id='par_1_10' title="bbox 191 878 1799 954">
     <span class='ocr_line' id='line_1_10' title="bbox 191 878 1799 954; baseline 0.009 -24"><span class='ocrx_word' id='word_1_71' title='bbox 191 878 353 931; x_wconf 87' lang='lat' dir='ltr'><strong>moti</strong></span> <span class='ocrx_word' id='word_1_72' title='bbox 399 889 528 932; x_wconf 88' lang='lat' dir='ltr'><strong>sunt</strong></span> <span class='ocrx_word' id='word_1_73' title='bbox 553 881 731 950; x_wconf 86' lang='lat' dir='ltr'><strong>pedes,</strong></span> <span class='ocrx_word' id='word_1_74' title='bbox 774 884 876 936; x_wconf 91' lang='lat' dir='ltr'><strong>mei</strong></span> <span class='ocrx_word' id='word_1_75' title='bbox 898 895 1077 937; x_wconf 89' lang='lat' dir='ltr'><strong>autem</strong></span> <span class='ocrx_word' id='word_1_76' title='bbox 1106 888 1269 954; x_wconf 89' lang='lat' dir='ltr'><strong>paulo</strong></span> <span class='ocrx_word' id='word_1_77' title='bbox 1302 887 1478 942; x_wconf 91' lang='lat' dir='ltr'><strong>minus</strong></span> <span class='ocrx_word' id='word_1_78' title='bbox 1501 889 1630 942; x_wconf 86' lang='lat' dir='ltr'><strong>moti</strong></span> <span class='ocrx_word' id='word_1_79' title='bbox 1657 899 1799 944; x_wconf 91' lang='lat' dir='ltr'><strong>sunt.</strong></span> 
     </span>
    </p>
   </div>
   <div class='ocr_carea' id='block_1_11' title="bbox 192 969 1800 1048">
    <p class='ocr_par' dir='ltr' id='par_1_11' title="bbox 192 969 1800 1048">
     <span class='ocr_line' id='line_1_11' title="bbox 192 969 1800 1048; baseline 0.007 -27"><span class='ocrx_word' id='word_1_80' title='bbox 192 969 508 1024; x_wconf 82' lang='lat' dir='ltr'><strong>Fortassis</strong></span> <span class='ocrx_word' id='word_1_81' title='bbox 540 980 720 1024; x_wconf 88' lang='lat' dir='ltr'><strong>autem</strong></span> <span class='ocrx_word' id='word_1_82' title='bbox 751 973 821 1026; x_wconf 91' lang='lat' dir='ltr'><strong>sit</strong></span> <span class='ocrx_word' id='word_1_83' title='bbox 871 975 1007 1028; x_wconf 91' lang='lat' dir='ltr'><strong>alius</strong></span> <span class='ocrx_word' id='word_1_84' title='bbox 1042 975 1262 1043; x_wconf 79' lang='lat' dir='ltr'><strong>aliquis,</strong></span> <span class='ocrx_word' id='word_1_85' title='bbox 1301 977 1454 1046; x_wconf 88' lang='lat' dir='ltr'><strong>cujus</strong></span> <span class='ocrx_word' id='word_1_86' title='bbox 1488 994 1586 1032; x_wconf 88' lang='lat' dir='ltr'><strong>nec</strong></span> <span class='ocrx_word' id='word_1_87' title='bbox 1613 995 1800 1048; x_wconf 87' lang='lat' dir='ltr'><strong>parum</strong></span> 
     </span>
    </p>
   </div>
   <div class='ocr_carea' id='block_1_12' title="bbox 193 1061 1802 1138">
    <p class='ocr_par' dir='ltr' id='par_1_12' title="bbox 193 1061 1802 1138">
     <span class='ocr_line' id='line_1_12' title="bbox 193 1061 1802 1138; baseline 0.008 -27"><span class='ocrx_word' id='word_1_88' title='bbox 193 1061 467 1129; x_wconf 86' lang='lat' dir='ltr'><strong>quidem,</strong></span> <span class='ocrx_word' id='word_1_89' title='bbox 523 1078 622 1117; x_wconf 85' lang='lat' dir='ltr'><strong>nec</strong></span> <span class='ocrx_word' id='word_1_90' title='bbox 652 1063 816 1131; x_wconf 87' lang='lat' dir='ltr'><strong>paulo</strong></span> <span class='ocrx_word' id='word_1_91' title='bbox 853 1064 1034 1118; x_wconf 91' lang='lat' dir='ltr'><strong>minus</strong></span> <span class='ocrx_word' id='word_1_92' title='bbox 1083 1068 1213 1120; x_wconf 90' lang='lat' dir='ltr'><strong>moti</strong></span> <span class='ocrx_word' id='word_1_93' title='bbox 1253 1078 1380 1121; x_wconf 92' lang='lat' dir='ltr'><strong>sunt</strong></span> <span class='ocrx_word' id='word_1_94' title='bbox 1427 1071 1610 1138; x_wconf 81' lang='lat' dir='ltr'><strong>pedes,</strong></span> <span class='ocrx_word' id='word_1_95' title='bbox 1661 1071 1802 1124; x_wconf 91' lang='lat' dir='ltr'><strong>illius</strong></span> 
     </span>
    </p>
   </div>
   <div class='ocr_carea' id='block_1_13' title="bbox 197 1153 1799 1232">
    <p class='ocr_par' dir='ltr' id='par_1_13' title="bbox 197 1153 1799 1232">
     <span class='ocr_line' id='line_1_13' title="bbox 197 1153 1799 1232; baseline 0.008 -26"><span class='ocrx_word' id='word_1_96' title='bbox 197 1153 427 1220; x_wconf 84' lang='lat' dir='ltr'><strong>opinor</strong></span> <span class='ocrx_word' id='word_1_97' title='bbox 471 1155 563 1223; x_wconf 86' lang='lat' dir='ltr'><strong>qui</strong></span> <span class='ocrx_word' id='word_1_98' title='bbox 621 1155 756 1210; x_wconf 90' lang='lat' dir='ltr'><strong>dicit</strong></span> <span class='ocrx_word' id='word_1_99' title='bbox 780 1159 821 1189; x_wconf 82' lang='grc'><strong>¹⁹</strong></span> <span class='ocrx_word' id='word_1_100' title='bbox 876 1173 890 1210; x_wconf 93' lang='lat'>:</span> <span class='ocrx_word' id='word_1_101' title='bbox 938 1156 1140 1212; x_wconf 78' lang='lat' dir='ltr'><strong>Statuit</strong></span> <span class='ocrx_word' id='word_1_102' title='bbox 1193 1177 1348 1227; x_wconf 84' lang='lat' dir='ltr'><strong>super</strong></span> <span class='ocrx_word' id='word_1_103' title='bbox 1397 1170 1598 1229; x_wconf 81' lang='lat' dir='ltr'><strong>petram</strong></span> <span class='ocrx_word' id='word_1_104' title='bbox 1646 1165 1799 1232; x_wconf 83' lang='lat' dir='ltr'><strong>pedes</strong></span> 
     </span>
    </p>
   </div>
   <div class='ocr_carea' id='block_1_14' title="bbox 197 1243 1800 1322">
    <p class='ocr_par' dir='ltr' id='par_1_14' title="bbox 197 1243 1800 1322">
     <span class='ocr_line' id='line_1_14' title="bbox 197 1243 1800 1322; baseline 0.009 -28"><span class='ocrx_word' id='word_1_105' title='bbox 197 1258 386 1296; x_wconf 86' lang='lat' dir='ltr'><strong>meos.</strong></span> <span class='ocrx_word' id='word_1_106' title='bbox 424 1243 519 1297; x_wconf 93' lang='lat' dir='ltr'><strong>Ille</strong></span> <span class='ocrx_word' id='word_1_107' title='bbox 547 1245 678 1299; x_wconf 87' lang='lat' dir='ltr'><strong>nihil</strong></span> <span class='ocrx_word' id='word_1_108' title='bbox 708 1263 930 1315; x_wconf 87' lang='lat' dir='ltr'><strong>prorsus</strong></span> <span class='ocrx_word' id='word_1_109' title='bbox 961 1249 1028 1303; x_wconf 92' lang='lat' dir='ltr'><strong>de</strong></span> <span class='ocrx_word' id='word_1_110' title='bbox 1058 1252 1418 1306; x_wconf 87' lang='lat' dir='ltr'><strong>commotione</strong></span> <span class='ocrx_word' id='word_1_111' title='bbox 1447 1255 1641 1322; x_wconf 88' lang='lat' dir='ltr'><strong>pedum</strong></span> <span class='ocrx_word' id='word_1_112' title='bbox 1677 1271 1800 1310; x_wconf 84' lang='lat' dir='ltr'><strong>suo-</strong></span> 
     </span>
    </p>
   </div>
   <div class='ocr_carea' id='block_1_15' title="bbox 201 1337 1800 1416">
    <p class='ocr_par' dir='ltr' id='par_1_15' title="bbox 201 1337 1800 1416">
     <span class='ocr_line' id='line_1_15' title="bbox 201 1337 1800 1416; baseline 0.01 -29"><span class='ocrx_word' id='word_1_113' title='bbox 201 1349 373 1400; x_wconf 89' lang='lat' dir='ltr'><strong>rum,</strong></span> <span class='ocrx_word' id='word_1_114' title='bbox 405 1337 497 1389; x_wconf 87' lang='lat' dir='ltr'><strong>sed</strong></span> <span class='ocrx_word' id='word_1_115' title='bbox 530 1338 594 1389; x_wconf 91' lang='lat' dir='ltr'><strong>de</strong></span> <span class='ocrx_word' id='word_1_116' title='bbox 642 1339 936 1392; x_wconf 86' lang='lat' dir='ltr'><strong>stabilitate</strong></span> <span class='ocrx_word' id='word_1_117' title='bbox 978 1349 1230 1396; x_wconf 88' lang='lat' dir='ltr'><strong>testatur.</strong></span> <span class='ocrx_word' id='word_1_118' title='bbox 1275 1342 1422 1398; x_wconf 86' lang='lat' dir='ltr'><strong>Beati</strong></span> <span class='ocrx_word' id='word_1_119' title='bbox 1455 1362 1583 1416; x_wconf 85' lang='lat' dir='ltr'><strong>ergo</strong></span> <span class='ocrx_word' id='word_1_120' title='bbox 1613 1361 1800 1403; x_wconf 90' lang='lat' dir='ltr'><strong>smnus</strong></span> 
     </span>
    </p>
   </div>
   <div class='ocr_carea' id='block_1_16' title="bbox 203 1425 1796 1504">
    <p class='ocr_par' dir='ltr' id='par_1_16' title="bbox 203 1425 1796 1504">
     <span class='ocr_line' id='line_1_16' title="bbox 203 1425 1796 1504; baseline 0.008 -25"><span class='ocrx_word' id='word_1_121' title='bbox 203 1425 257 1479; x_wconf 78' lang='lat' dir='ltr'><strong>si</strong></span> <span class='ocrx_word' id='word_1_122' title='bbox 296 1427 453 1480; x_wconf 87' lang='lat' dir='ltr'><strong>nulla</strong></span> <span class='ocrx_word' id='word_1_123' title='bbox 485 1429 709 1483; x_wconf 88' lang='lat' dir='ltr'><strong>omnino</strong></span> <span class='ocrx_word' id='word_1_124' title='bbox 738 1433 1030 1487; x_wconf 75' lang='lat' dir='ltr'><strong>commotio</strong></span> <span class='ocrx_word' id='word_1_125' title='bbox 1058 1435 1109 1487; x_wconf 91' lang='lat' dir='ltr'><strong>in</strong></span> <span class='ocrx_word' id='word_1_126' title='bbox 1144 1437 1342 1490; x_wconf 90' lang='lat' dir='ltr'><strong>nostris</strong></span> <span class='ocrx_word' id='word_1_127' title='bbox 1374 1437 1602 1504; x_wconf 87' lang='lat' dir='ltr'><strong>pedibus</strong></span> <span class='ocrx_word' id='word_1_128' title='bbox 1634 1454 1796 1493; x_wconf 85' lang='lat' dir='ltr'><strong>accu-</strong></span> 
     </span>
    </p>
   </div>
   <div class='ocr_carea' id='block_1_17' title="bbox 206 1520 1794 1597">
    <p class='ocr_par' dir='ltr' id='par_1_17' title="bbox 206 1520 1794 1597">
     <span class='ocr_line' id='line_1_17' title="bbox 206 1520 1794 1597; baseline 0.008 -27"><span class='ocrx_word' id='word_1_129' title='bbox 206 1526 402 1579; x_wconf 90' lang='lat' dir='ltr'><strong>satur,</strong></span> <span class='ocrx_word' id='word_1_130' title='bbox 445 1520 538 1572; x_wconf 85' lang='lat' dir='ltr'><strong>sed</strong></span> <span class='ocrx_word' id='word_1_131' title='bbox 567 1531 692 1572; x_wconf 81' lang='lat' dir='ltr'><strong>sunt</strong></span> <span class='ocrx_word' id='word_1_132' title='bbox 713 1521 880 1592; x_wconf 77' lang='lat'><strong>688</strong></span> <span class='ocrx_word' id='word_1_133' title='bbox 911 1532 1120 1578; x_wconf 87' lang='lat' dir='ltr'><strong>stantes</strong></span> <span class='ocrx_word' id='word_1_134' title='bbox 1158 1541 1322 1594; x_wconf 87' lang='lat' dir='ltr'><strong>super</strong></span> <span class='ocrx_word' id='word_1_135' title='bbox 1352 1537 1582 1596; x_wconf 86' lang='lat' dir='ltr'><strong>petram,</strong></span> <span class='ocrx_word' id='word_1_136' title='bbox 1616 1530 1665 1584; x_wconf 88' lang='lat' dir='ltr'><strong>id</strong></span> <span class='ocrx_word' id='word_1_137' title='bbox 1694 1541 1794 1597; x_wconf 91' lang='lat' dir='ltr'><strong>est,</strong></span> 
     </span>
    </p>
   </div>
   <div class='ocr_carea' id='block_1_18' title="bbox 206 1609 1793 1688">
    <p class='ocr_par' dir='ltr' id='par_1_18' title="bbox 206 1609 1793 1688">
     <span class='ocr_line' id='line_1_18' title="bbox 206 1609 1793 1688; baseline 0.011 -28"><span class='ocrx_word' id='word_1_138' title='bbox 206 1622 392 1676; x_wconf 78' lang='lat' dir='ltr'><strong>super</strong></span> <span class='ocrx_word' id='word_1_139' title='bbox 442 1609 612 1677; x_wconf 88' lang='lat' dir='ltr'><strong>ipsum</strong></span> <span class='ocrx_word' id='word_1_140' title='bbox 650 1612 932 1668; x_wconf 89' lang='lat' dir='ltr'><strong>Dominum</strong></span> <span class='ocrx_word' id='word_1_141' title='bbox 967 1615 1150 1670; x_wconf 84' lang='lat' dir='ltr'><strong>Jesum</strong></span> <span class='ocrx_word' id='word_1_142' title='bbox 1198 1618 1499 1675; x_wconf 85' lang='lat' dir='ltr'><strong>Christum.</strong></span> <span class='ocrx_word' id='word_1_143' title='bbox 1558 1620 1710 1688; x_wconf 85' lang='lat' dir='ltr'><strong>Quod</strong></span> <span class='ocrx_word' id='word_1_144' title='bbox 1750 1625 1793 1677; x_wconf 92' lang='lat' dir='ltr'><strong>si</strong></span> 
     </span>
    </p>
   </div>
   <div class='ocr_carea' id='block_1_19' title="bbox 1915 428 3471 512">
    <p class='ocr_par' dir='ltr' id='par_1_19' title="bbox 1915 428 3471 512">
     <span class='ocr_line' id='line_1_19' title="bbox 1915 428 3471 512; baseline 0.009 -30"><span class='ocrx_word' id='word_1_145' title='bbox 1915 428 2191 485; x_wconf 88' lang='lat' dir='ltr'><strong>tiationem</strong></span> <span class='ocrx_word' id='word_1_146' title='bbox 2231 432 2552 501; x_wconf 81' lang='lat' dir='ltr'><strong>iniquitatis,</strong></span> <span class='ocrx_word' id='word_1_147' title='bbox 2610 434 2662 488; x_wconf 89' lang='lat' dir='ltr'><strong>id</strong></span> <span class='ocrx_word' id='word_1_148' title='bbox 2693 445 2773 488; x_wconf 85' lang='lat' dir='ltr'><strong>est</strong></span> <span class='ocrx_word' id='word_1_149' title='bbox 2815 436 3208 492; x_wconf 69' lang='lat' dir='ltr'><strong>cnttfessiouem</strong></span> <span class='ocrx_word' id='word_1_150' title='bbox 3241 445 3471 512; x_wconf 86' lang='lat' dir='ltr'><strong>peccati,</strong></span> 
     </span>
    </p>
   </div>
   <div class='ocr_carea' id='block_1_20' title="bbox 1908 519 3474 596">
    <p class='ocr_par' dir='ltr' id='par_1_20' title="bbox 1908 519 3474 596">
     <span class='ocr_line' id='line_1_20' title="bbox 1908 519 3474 596; baseline 0.012 -26"><span class='ocrx_word' id='word_1_151' title='bbox 1908 519 2248 587; x_wconf 77' lang='lat' dir='ltr'><strong>frequentius</strong></span> <span class='ocrx_word' id='word_1_152' title='bbox 2298 521 2556 576; x_wconf 76' lang='lat' dir='ltr'><strong>diximus.</strong></span> <span class='ocrx_word' id='word_1_153' title='bbox 2616 523 2749 578; x_wconf 83' lang='lat' dir='ltr'><strong>Vide</strong></span> <span class='ocrx_word' id='word_1_154' title='bbox 2798 540 2926 594; x_wconf 84' lang='lat' dir='ltr'><strong>ergo</strong></span> <span class='ocrx_word' id='word_1_155' title='bbox 2974 529 3101 596; x_wconf 88' lang='lat' dir='ltr'><strong>quid</strong></span> <span class='ocrx_word' id='word_1_156' title='bbox 3138 533 3328 586; x_wconf 87' lang='lat' dir='ltr'><strong>edocet</strong></span> <span class='ocrx_word' id='word_1_157' title='bbox 3372 550 3474 590; x_wconf 88' lang='lat' dir='ltr'><strong>nos</strong></span> 
     </span>
    </p>
   </div>
   <div class='ocr_carea' id='block_1_21' title="bbox 1908 607 3472 682">
    <p class='ocr_par' dir='ltr' id='par_1_21' title="bbox 1908 607 3472 682">
     <span class='ocr_line' id='line_1_21' title="bbox 1908 607 3472 682; baseline 0.012 -22"><span class='ocrx_word' id='word_1_158' title='bbox 1908 607 2190 676; x_wconf 87' lang='lat' dir='ltr'><strong>Scriptura</strong></span> <span class='ocrx_word' id='word_1_159' title='bbox 2218 609 2419 669; x_wconf 87' lang='lat' dir='ltr'><strong>divina.</strong></span> <span class='ocrx_word' id='word_1_160' title='bbox 2448 611 2571 681; x_wconf 88' lang='lat' dir='ltr'><strong>quia</strong></span> <span class='ocrx_word' id='word_1_161' title='bbox 2599 621 2812 682; x_wconf 81' lang='lat' dir='ltr'><strong>Oportet</strong></span> <span class='ocrx_word' id='word_1_162' title='bbox 2856 625 3132 682; x_wconf 85' lang='lat' dir='ltr'><strong>peccatum</strong></span> <span class='ocrx_word' id='word_1_163' title='bbox 3159 633 3263 674; x_wconf 92' lang='lat' dir='ltr'><strong>non</strong></span> <span class='ocrx_word' id='word_1_164' title='bbox 3296 624 3472 678; x_wconf 88' lang='lat' dir='ltr'><strong>celare</strong></span> 
     </span>
    </p>
   </div>
   <div class='ocr_carea' id='block_1_22' title="bbox 1908 701 3470 776">
    <p class='ocr_par' dir='ltr' id='par_1_22' title="bbox 1908 701 3470 776">
     <span class='ocr_line' id='line_1_22' title="bbox 1908 701 3470 776; baseline 0.008 -22"><span class='ocrx_word' id='word_1_165' title='bbox 1908 701 2256 756; x_wconf 88' lang='lat' dir='ltr'><strong>intrinsecus.</strong></span> <span class='ocrx_word' id='word_1_166' title='bbox 2298 701 2572 758; x_wconf 85' lang='lat' dir='ltr'><strong>Fortassis</strong></span> <span class='ocrx_word' id='word_1_167' title='bbox 2602 704 2746 758; x_wconf 91' lang='lat' dir='ltr'><strong>enim</strong></span> <span class='ocrx_word' id='word_1_168' title='bbox 2782 705 2922 760; x_wconf 88' lang='lat' dir='ltr'><strong>sicut</strong></span> <span class='ocrx_word' id='word_1_169' title='bbox 2967 707 3000 760; x_wconf 92' lang='lat' dir='ltr'><strong>ii</strong></span> <span class='ocrx_word' id='word_1_170' title='bbox 3038 709 3127 776; x_wconf 88' lang='lat' dir='ltr'><strong>qui</strong></span> <span class='ocrx_word' id='word_1_171' title='bbox 3159 709 3358 766; x_wconf 87' lang='lat' dir='ltr'><strong>habent</strong></span> <span class='ocrx_word' id='word_1_172' title='bbox 3386 712 3470 767; x_wconf 80' lang='lat' dir='ltr'><strong>in-</strong></span> 
     </span>
    </p>
   </div>
   <div class='ocr_carea' id='block_1_23' title="bbox 1908 793 3470 865">
    <p class='ocr_par' dir='ltr' id='par_1_23' title="bbox 1908 793 3470 865">
     <span class='ocr_line' id='line_1_23' title="bbox 1908 793 3470 865; baseline 0.009 -21"><span class='ocrx_word' id='word_1_173' title='bbox 1908 802 1993 846; x_wconf 91' lang='lat' dir='ltr'><strong>tus</strong></span> <span class='ocrx_word' id='word_1_174' title='bbox 2041 793 2302 847; x_wconf 85' lang='lat' dir='ltr'><strong>inclusam</strong></span> <span class='ocrx_word' id='word_1_175' title='bbox 2352 809 2530 849; x_wconf 90' lang='lat' dir='ltr'><strong>escam</strong></span> <span class='ocrx_word' id='word_1_176' title='bbox 2579 796 2924 865; x_wconf 77' lang='lat' dir='ltr'><strong>indigestam,</strong></span> <span class='ocrx_word' id='word_1_177' title='bbox 2977 811 3072 854; x_wconf 91' lang='lat' dir='ltr'><strong>aut</strong></span> <span class='ocrx_word' id='word_1_178' title='bbox 3115 802 3356 859; x_wconf 91' lang='lat' dir='ltr'><strong>humoris</strong></span> <span class='ocrx_word' id='word_1_179' title='bbox 3387 805 3470 859; x_wconf 91' lang='lat' dir='ltr'><strong>vel</strong></span> 
     </span>
    </p>
   </div>
   <div class='ocr_carea' id='block_1_24' title="bbox 1904 882 3460 957">
    <p class='ocr_par' dir='ltr' id='par_1_24' title="bbox 1904 882 3460 957">
     <span class='ocr_line' id='line_1_24' title="bbox 1904 882 3460 957; baseline 0.01 -23"><span class='ocrx_word' id='word_1_180' title='bbox 1904 882 2226 951; x_wconf 85' lang='lat' dir='ltr'><strong>phlegmatis</strong></span> <span class='ocrx_word' id='word_1_181' title='bbox 2258 887 2539 940; x_wconf 89' lang='lat' dir='ltr'><strong>stomacho</strong></span> <span class='ocrx_word' id='word_1_182' title='bbox 2565 887 2807 957; x_wconf 77' lang='lat' dir='ltr'><strong>graviter</strong></span> <span class='ocrx_word' id='word_1_183' title='bbox 2829 898 2881 944; x_wconf 90' lang='lat' dir='ltr'><strong>et</strong></span> <span class='ocrx_word' id='word_1_184' title='bbox 2906 893 3128 948; x_wconf 89' lang='lat' dir='ltr'><strong>moleste</strong></span> <span class='ocrx_word' id='word_1_185' title='bbox 3167 893 3460 950; x_wconf 89' lang='lat' dir='ltr'><strong>immanen—</strong></span> 
     </span>
    </p>
   </div>
   <div class='ocr_carea' id='block_1_25' title="bbox 1905 975 3464 1046">
    <p class='ocr_par' dir='ltr' id='par_1_25' title="bbox 1905 975 3464 1046">
     <span class='ocr_line' id='line_1_25' title="bbox 1905 975 3464 1046; baseline 0.01 -20"><span class='ocrx_word' id='word_1_186' title='bbox 1905 975 1974 1028; x_wconf 88' lang='lat' dir='ltr'><strong>tis</strong></span> <span class='ocrx_word' id='word_1_187' title='bbox 2021 975 2434 1042; x_wconf 82' lang='lat' dir='ltr'><strong>abundantiam,</strong></span> <span class='ocrx_word' id='word_1_188' title='bbox 2487 977 2532 1031; x_wconf 89' lang='lat' dir='ltr'><strong>si</strong></span> <span class='ocrx_word' id='word_1_189' title='bbox 2583 981 2911 1046; x_wconf 86' lang='lat' dir='ltr'><strong>vomuerint,</strong></span> <span class='ocrx_word' id='word_1_190' title='bbox 2964 983 3270 1040; x_wconf 87' lang='lat' dir='ltr'><strong>relevantur</strong></span> <span class='ocrx_word' id='word_1_191' title='bbox 3329 1008 3340 1042; x_wconf 93' lang='lat'><strong>:</strong></span> <span class='ocrx_word' id='word_1_192' title='bbox 3392 989 3464 1042; x_wconf 91' lang='lat' dir='ltr'><strong>ita</strong></span> 
     </span>
    </p>
   </div>
   <div class='ocr_carea' id='block_1_26' title="bbox 1902 1066 3467 1140">
    <p class='ocr_par' dir='ltr' id='par_1_26' title="bbox 1902 1066 3467 1140">
     <span class='ocr_line' id='line_1_26' title="bbox 1902 1066 3467 1140; baseline 0.009 -21"><span class='ocrx_word' id='word_1_193' title='bbox 1902 1066 2064 1120; x_wconf 84' lang='lat' dir='ltr'><strong>etiam</strong></span> <span class='ocrx_word' id='word_1_194' title='bbox 2097 1068 2151 1121; x_wconf 89' lang='lat' dir='ltr'><strong>bi</strong></span> <span class='ocrx_word' id='word_1_195' title='bbox 2187 1069 2276 1136; x_wconf 90' lang='lat' dir='ltr'><strong>qui</strong></span> <span class='ocrx_word' id='word_1_196' title='bbox 2327 1079 2709 1137; x_wconf 86' lang='lat' dir='ltr'><strong>peccaverunt,</strong></span> <span class='ocrx_word' id='word_1_197' title='bbox 2761 1071 2806 1125; x_wconf 91' lang='lat' dir='ltr'><strong>si</strong></span> <span class='ocrx_word' id='word_1_198' title='bbox 2844 1074 3058 1140; x_wconf 90' lang='lat' dir='ltr'><strong>quidem</strong></span> <span class='ocrx_word' id='word_1_199' title='bbox 3085 1077 3361 1131; x_wconf 85' lang='lat' dir='ltr'><strong>occultant</strong></span> <span class='ocrx_word' id='word_1_200' title='bbox 3412 1087 3467 1133; x_wconf 84' lang='lat' dir='ltr'><strong>et</strong></span> 
     </span>
    </p>
   </div>
   <div class='ocr_carea' id='block_1_27' title="bbox 1902 1159 3463 1238">
    <p class='ocr_par' dir='ltr' id='par_1_27' title="bbox 1902 1159 3463 1238">
     <span class='ocr_line' id='line_1_27' title="bbox 1902 1159 3463 1238; baseline 0.008 -29"><span class='ocrx_word' id='word_1_201' title='bbox 1902 1159 2135 1213; x_wconf 84' lang='lat' dir='ltr'><strong>retinent</strong></span> <span class='ocrx_word' id='word_1_202' title='bbox 2166 1160 2303 1213; x_wconf 90' lang='lat' dir='ltr'><strong>intra</strong></span> <span class='ocrx_word' id='word_1_203' title='bbox 2353 1175 2412 1215; x_wconf 92' lang='lat' dir='ltr'><strong>se</strong></span> <span class='ocrx_word' id='word_1_204' title='bbox 2446 1171 2750 1229; x_wconf 90' lang='lat' dir='ltr'><strong>peccatum,</strong></span> <span class='ocrx_word' id='word_1_205' title='bbox 2803 1164 3132 1220; x_wconf 88' lang='lat' dir='ltr'><strong>intrinsecus</strong></span> <span class='ocrx_word' id='word_1_206' title='bbox 3183 1180 3463 1238; x_wconf 86' lang='lat' dir='ltr'><strong>urgentur,</strong></span> 
     </span>
    </p>
   </div>
   <div class='ocr_carea' id='block_1_28' title="bbox 1898 1253 3465 1329">
    <p class='ocr_par' dir='ltr' id='par_1_28' title="bbox 1898 1253 3465 1329">
     <span class='ocr_line' id='line_1_28' title="bbox 1898 1253 3465 1329; baseline 0.008 -25"><span class='ocrx_word' id='word_1_207' title='bbox 1898 1259 1952 1304; x_wconf 90' lang='lat' dir='ltr'><strong>et</strong></span> <span class='ocrx_word' id='word_1_208' title='bbox 1987 1253 2373 1318; x_wconf 89' lang='lat' dir='ltr'><strong>propemodum</strong></span> <span class='ocrx_word' id='word_1_209' title='bbox 2425 1253 2763 1309; x_wconf 79' lang='lat' dir='ltr'><strong>sulfocantnr</strong></span> <span class='ocrx_word' id='word_1_210' title='bbox 2809 1270 2840 1309; x_wconf 90' lang='lat' dir='ltr'><strong>a</strong></span> <span class='ocrx_word' id='word_1_211' title='bbox 2885 1257 3212 1329; x_wconf 79' lang='lat' dir='ltr'><strong>phlegmate,</strong></span> <span class='ocrx_word' id='word_1_212' title='bbox 3248 1262 3328 1316; x_wconf 88' lang='lat' dir='ltr'><strong>vel</strong></span> <span class='ocrx_word' id='word_1_213' title='bbox 3365 1263 3465 1316; x_wconf 87' lang='lat' dir='ltr'><strong>hu-</strong></span> 
     </span>
    </p>
   </div>
   <div class='ocr_carea' id='block_1_29' title="bbox 1901 1343 3459 1420">
    <p class='ocr_par' dir='ltr' id='par_1_29' title="bbox 1901 1343 3459 1420">
     <span class='ocr_line' id='line_1_29' title="bbox 1901 1343 3459 1420; baseline 0.01 -28"><span class='ocrx_word' id='word_1_214' title='bbox 1901 1354 2050 1394; x_wconf 87' lang='lat' dir='ltr'><strong>more</strong></span> <span class='ocrx_word' id='word_1_215' title='bbox 2102 1343 2332 1411; x_wconf 86' lang='lat' dir='ltr'><strong>peccati.</strong></span> <span class='ocrx_word' id='word_1_216' title='bbox 2397 1343 2454 1396; x_wconf 91' lang='lat' dir='ltr'><strong>Si</strong></span> <span class='ocrx_word' id='word_1_217' title='bbox 2501 1353 2683 1399; x_wconf 81' lang='lat' dir='ltr'><strong>autem</strong></span> <span class='ocrx_word' id='word_1_218' title='bbox 2737 1347 2851 1415; x_wconf 89' lang='lat' dir='ltr'><strong>ipse</strong></span> <span class='ocrx_word' id='word_1_219' title='bbox 2901 1349 2982 1402; x_wconf 89' lang='lat' dir='ltr'><strong>sui</strong></span> <span class='ocrx_word' id='word_1_220' title='bbox 3031 1361 3315 1406; x_wconf 77' lang='lat' dir='ltr'><strong>accusator</strong></span> <span class='ocrx_word' id='word_1_221' title='bbox 3348 1352 3459 1420; x_wconf 88' lang='lat' dir='ltr'><strong>ﬂat,</strong></span> 
     </span>
    </p>
   </div>
   <div class='ocr_carea' id='block_1_30' title="bbox 1899 1434 3463 1508">
    <p class='ocr_par' dir='ltr' id='par_1_30' title="bbox 1899 1434 3463 1508">
     <span class='ocr_line' id='line_1_30' title="bbox 1899 1434 3463 1508; baseline 0.008 -21"><span class='ocrx_word' id='word_1_222' title='bbox 1899 1434 2027 1487; x_wconf 92' lang='lat' dir='ltr'><strong>dum</strong></span> <span class='ocrx_word' id='word_1_223' title='bbox 2059 1445 2282 1490; x_wconf 87' lang='lat' dir='ltr'><strong>accusat</strong></span> <span class='ocrx_word' id='word_1_224' title='bbox 2322 1438 2670 1507; x_wconf 87' lang='lat' dir='ltr'><strong>semetipsum</strong></span> <span class='ocrx_word' id='word_1_225' title='bbox 2721 1449 2776 1493; x_wconf 90' lang='lat' dir='ltr'><strong>et</strong></span> <span class='ocrx_word' id='word_1_226' title='bbox 2809 1442 3116 1508; x_wconf 84' lang='lat' dir='ltr'><strong>confitetur,</strong></span> <span class='ocrx_word' id='word_1_227' title='bbox 3151 1443 3307 1498; x_wconf 90' lang='lat' dir='ltr'><strong>simul</strong></span> <span class='ocrx_word' id='word_1_228' title='bbox 3335 1459 3463 1500; x_wconf 87' lang='lat' dir='ltr'><strong>evo-</strong></span> 
     </span>
    </p>
   </div>
   <div class='ocr_carea' id='block_1_31' title="bbox 1899 1525 3462 1605">
    <p class='ocr_par' dir='ltr' id='par_1_31' title="bbox 1899 1525 3462 1605">
     <span class='ocr_line' id='line_1_31' title="bbox 1899 1525 3462 1605; baseline 0.01 -28"><span class='ocrx_word' id='word_1_229' title='bbox 1899 1525 1996 1578; x_wconf 88' lang='lat' dir='ltr'><strong>mit</strong></span> <span class='ocrx_word' id='word_1_230' title='bbox 2029 1535 2082 1579; x_wconf 91' lang='lat' dir='ltr'><strong>et</strong></span> <span class='ocrx_word' id='word_1_231' title='bbox 2111 1527 2388 1593; x_wconf 89' lang='lat' dir='ltr'><strong>delictum,</strong></span> <span class='ocrx_word' id='word_1_232' title='bbox 2441 1538 2604 1597; x_wconf 92' lang='lat' dir='ltr'><strong>atque</strong></span> <span class='ocrx_word' id='word_1_233' title='bbox 2648 1545 2864 1586; x_wconf 90' lang='lat' dir='ltr'><strong>omnem</strong></span> <span class='ocrx_word' id='word_1_234' title='bbox 2894 1532 3064 1588; x_wconf 88' lang='lat' dir='ltr'><strong>morbi</strong></span> <span class='ocrx_word' id='word_1_235' title='bbox 3099 1536 3295 1605; x_wconf 79' lang='lat' dir='ltr'><strong>digerit</strong></span> <span class='ocrx_word' id='word_1_236' title='bbox 3327 1551 3462 1592; x_wconf 91' lang='lat' dir='ltr'><strong>cau-</strong></span> 
     </span>
    </p>
   </div>
   <div class='ocr_carea' id='block_1_32' title="bbox 1898 1619 3463 1697">
    <p class='ocr_par' dir='ltr' id='par_1_32' title="bbox 1898 1619 3463 1697">
     <span class='ocr_line' id='line_1_32' title="bbox 1898 1619 3463 1697; baseline 0.011 -28"><span class='ocrx_word' id='word_1_237' title='bbox 1898 1632 2034 1672; x_wconf 89' lang='lat' dir='ltr'><strong>sam.</strong></span> <span class='ocrx_word' id='word_1_238' title='bbox 2076 1619 2472 1673; x_wconf 87' lang='lat' dir='ltr'><strong>Tautummodo</strong></span> <span class='ocrx_word' id='word_1_239' title='bbox 2498 1623 2861 1692; x_wconf 87' lang='lat' dir='ltr'><strong>circumspice</strong></span> <span class='ocrx_word' id='word_1_240' title='bbox 2889 1626 3219 1697; x_wconf 83' lang='lat' dir='ltr'><strong>diligentius,</strong></span> <span class='ocrx_word' id='word_1_241' title='bbox 3250 1631 3334 1684; x_wconf 92' lang='lat' dir='ltr'><strong>cui</strong></span> <span class='ocrx_word' id='word_1_242' title='bbox 3369 1633 3463 1686; x_wconf 81' lang='lat' dir='ltr'><strong>de-</strong></span> 
     </span>
    </p>
   </div>
   <div class='ocr_carea' id='block_1_33' title="bbox 209 1689 3460 1790">
    <p class='ocr_par' dir='ltr' id='par_1_33' title="bbox 209 1689 3460 1790">
     <span class='ocr_line' id='line_1_33' title="bbox 209 1689 3460 1790; baseline 0.008 -35"><span class='ocrx_word' id='word_1_243' title='bbox 209 1701 292 1755; x_wconf 89' lang='lat' dir='ltr'><strong>ita</strong></span> <span class='ocrx_word' id='word_1_244' title='bbox 327 1703 552 1758; x_wconf 88' lang='lat' dir='ltr'><strong>stabiles</strong></span> <span class='ocrx_word' id='word_1_245' title='bbox 583 1720 704 1759; x_wconf 79' lang='lat' dir='ltr'><strong>esse</strong></span> <span class='ocrx_word' id='word_1_246' title='bbox 739 1723 840 1760; x_wconf 91' lang='lat' dir='ltr'><strong>non</strong></span> <span class='ocrx_word' id='word_1_247' title='bbox 876 1724 1193 1776; x_wconf 90' lang='lat' dir='ltr'><strong>possmuus,</strong></span> <span class='ocrx_word' id='word_1_248' title='bbox 1241 1715 1513 1768; x_wconf 88' lang='lat' dir='ltr'><strong>secundus</strong></span> <span class='ocrx_word' id='word_1_249' title='bbox 1541 1730 1642 1769; x_wconf 93' lang='lat' dir='ltr'><strong>nos</strong></span> <span class='ocrx_word' id='word_1_250' title='bbox 1695 1718 1794 1771; x_wconf 90' lang='lat' dir='ltr'><strong>iste</strong></span> <span class='ocrx_word' id='word_1_251' title='bbox 1826 1689 1866 1743; x_wconf 74' lang='grc' dir='ltr'><strong>Β</strong></span> <span class='ocrx_word' id='word_1_252' title='bbox 1897 1709 2024 1765; x_wconf 74' lang='lat' dir='ltr'><strong>beas</strong></span> <span class='ocrx_word' id='word_1_253' title='bbox 2050 1713 2293 1765; x_wconf 75' lang='lat' dir='ltr'><strong>conlilcl‘i</strong></span> <span class='ocrx_word' id='word_1_254' title='bbox 2335 1723 2613 1782; x_wconf 67' lang='lat' dir='ltr'><strong>peccatum</strong></span> <span class='ocrx_word' id='word_1_255' title='bbox 2665 1725 2837 1770; x_wconf 74' lang='lat' dir='ltr'><strong>Illum-</strong></span> <span class='ocrx_word' id='word_1_256' title='bbox 2896 1717 3069 1773; x_wconf 72' lang='lat' dir='ltr'><strong>Pt‘oba</strong></span> <span class='ocrx_word' id='word_1_257' title='bbox 3105 1721 3254 1790; x_wconf 84' lang='lat' dir='ltr'><strong>prius</strong></span> <span class='ocrx_word' id='word_1_258' title='bbox 3290 1724 3460 1778; x_wconf 82' lang='lat' dir='ltr'><strong>medi-</strong></span> 
     </span>
    </p>
   </div>
   <div class='ocr_carea' id='block_1_34' title="bbox 213 1791 1792 1877">
    <p class='ocr_par' dir='ltr' id='par_1_34' title="bbox 213 1791 1792 1877">
     <span class='ocr_line' id='line_1_34' title="bbox 213 1791 1792 1877; baseline 0.011 -32"><span class='ocrx_word' id='word_1_259' title='bbox 213 1791 414 1845; x_wconf 86' lang='lat' dir='ltr'><strong>saltem</strong></span> <span class='ocrx_word' id='word_1_260' title='bbox 451 1807 505 1848; x_wconf 89' lang='lat' dir='ltr'><strong>et</strong></span> <span class='ocrx_word' id='word_1_261' title='bbox 551 1795 777 1852; x_wconf 78' lang='lat' dir='ltr'><strong>inferior</strong></span> <span class='ocrx_word' id='word_1_262' title='bbox 826 1800 1086 1869; x_wconf 86' lang='lat' dir='ltr'><strong>suscipiat</strong></span> <span class='ocrx_word' id='word_1_263' title='bbox 1140 1804 1362 1872; x_wconf 84' lang='lat' dir='ltr'><strong>gradus,</strong></span> <span class='ocrx_word' id='word_1_264' title='bbox 1413 1815 1471 1858; x_wconf 92' lang='lat' dir='ltr'><strong>ut</strong></span> <span class='ocrx_word' id='word_1_265' title='bbox 1502 1808 1579 1860; x_wconf 86' lang='lat' dir='ltr'><strong>vel</strong></span> <span class='ocrx_word' id='word_1_266' title='bbox 1629 1809 1792 1877; x_wconf 88' lang='lat' dir='ltr'><strong>paulo</strong></span> 
     </span>
    </p>
   </div>
   <div class='ocr_carea' id='block_1_35' title="bbox 215 1884 1227 1960">
    <p class='ocr_par' dir='ltr' id='par_1_35' title="bbox 215 1884 1227 1960">
     <span class='ocr_line' id='line_1_35' title="bbox 215 1884 1227 1960; baseline 0.013 -25"><span class='ocrx_word' id='word_1_267' title='bbox 215 1884 406 1936; x_wconf 87' lang='lat' dir='ltr'><strong>minus</strong></span> <span class='ocrx_word' id='word_1_268' title='bbox 445 1899 764 1942; x_wconf 83' lang='lat' dir='ltr'><strong>moveantur</strong></span> <span class='ocrx_word' id='word_1_269' title='bbox 786 1905 1006 1960; x_wconf 77' lang='lat' dir='ltr'><strong>gressus</strong></span> <span class='ocrx_word' id='word_1_270' title='bbox 1033 1894 1227 1949; x_wconf 85' lang='lat' dir='ltr'><strong>nostri.</strong></span> 
     </span>
    </p>
   </div>
   <div class='ocr_carea' id='block_1_36' title="bbox 286 1974 1789 2052">
    <p class='ocr_par' dir='ltr' id='par_1_36' title="bbox 286 1974 1789 2052">
     <span class='ocr_line' id='line_1_36' title="bbox 286 1974 1789 2052; baseline 0.012 -26"><span class='ocrx_word' id='word_1_271' title='bbox 286 1974 344 2027; x_wconf 83' lang='grc'><strong>5.</strong></span> <span class='ocrx_word' id='word_1_272' title='bbox 378 1975 641 2040; x_wconf 81' lang='lat' dir='ltr'><strong>Quoniam</strong></span> <span class='ocrx_word' id='word_1_273' title='bbox 685 1995 778 2048; x_wconf 86' lang='lat' dir='ltr'><strong>ego</strong></span> <span class='ocrx_word' id='word_1_274' title='bbox 829 1981 882 2034; x_wconf 88' lang='lat' dir='ltr'><strong>in</strong></span> <span class='ocrx_word' id='word_1_275' title='bbox 908 1982 1118 2052; x_wconf 76' lang='lat' dir='ltr'><strong>ﬂagella</strong></span> <span class='ocrx_word' id='word_1_276' title='bbox 1153 1995 1371 2052; x_wconf 87' lang='lat' dir='ltr'><strong>paratus</strong></span> <span class='ocrx_word' id='word_1_277' title='bbox 1420 2003 1557 2042; x_wconf 87' lang='lat' dir='ltr'><strong>sum.</strong></span> <span class='ocrx_word' id='word_1_278' title='bbox 1618 1989 1789 2044; x_wconf 86' lang='lat' dir='ltr'><strong>Etiam</strong></span> 
     </span>
    </p>
   </div>
   <div class='ocr_carea' id='block_1_37' title="bbox 212 2064 1791 2149">
    <p class='ocr_par' dir='ltr' id='par_1_37' title="bbox 212 2064 1791 2149">
     <span class='ocr_line' id='line_1_37' title="bbox 212 2064 1791 2149; baseline 0.011 -30"><span class='ocrx_word' id='word_1_279' title='bbox 212 2064 335 2120; x_wconf 58' lang='lat' dir='ltr'><strong>hac</strong></span> <span class='ocrx_word' id='word_1_280' title='bbox 365 2083 468 2120; x_wconf 75' lang='lat' dir='ltr'><strong>vox</strong></span> <span class='ocrx_word' id='word_1_281' title='bbox 499 2067 623 2122; x_wconf 91' lang='lat' dir='ltr'><strong>boui</strong></span> <span class='ocrx_word' id='word_1_282' title='bbox 666 2079 722 2124; x_wconf 91' lang='lat' dir='ltr'><strong>et</strong></span> <span class='ocrx_word' id='word_1_283' title='bbox 753 2072 965 2141; x_wconf 90' lang='lat' dir='ltr'><strong>optimi,</strong></span> <span class='ocrx_word' id='word_1_284' title='bbox 999 2083 1056 2128; x_wconf 95' lang='lat' dir='ltr'><strong>ut</strong></span> <span class='ocrx_word' id='word_1_285' title='bbox 1091 2075 1163 2130; x_wconf 90' lang='lat' dir='ltr'><strong>ita</strong></span> <span class='ocrx_word' id='word_1_286' title='bbox 1194 2076 1446 2143; x_wconf 76' lang='lat' dir='ltr'><strong>dixerim,</strong></span> <span class='ocrx_word' id='word_1_287' title='bbox 1491 2082 1791 2149; x_wconf 90' lang='lat' dir='ltr'><strong>peccatoris</strong></span> 
     </span>
    </p>
   </div>
   <div class='ocr_carea' id='block_1_38' title="bbox 213 2158 1787 2235">
    <p class='ocr_par' dir='ltr' id='par_1_38' title="bbox 213 2158 1787 2235">
     <span class='ocr_line' id='line_1_38' title="bbox 213 2158 1787 2235; baseline 0.011 -26"><span class='ocrx_word' id='word_1_288' title='bbox 213 2165 323 2222; x_wconf 89' lang='lat' dir='ltr'><strong>est,</strong></span> <span class='ocrx_word' id='word_1_289' title='bbox 354 2158 444 2226; x_wconf 91' lang='lat' dir='ltr'><strong>qui</strong></span> <span class='ocrx_word' id='word_1_290' title='bbox 477 2158 766 2229; x_wconf 83' lang='lat' dir='ltr'><strong>deliquerit</strong></span> <span class='ocrx_word' id='word_1_291' title='bbox 786 2164 1027 2231; x_wconf 88' lang='lat' dir='ltr'><strong>quidem,</strong></span> <span class='ocrx_word' id='word_1_292' title='bbox 1062 2177 1531 2235; x_wconf 78' lang='lat' dir='ltr'><strong>exspecteltamen</strong></span> <span class='ocrx_word' id='word_1_293' title='bbox 1562 2172 1787 2226; x_wconf 86' lang='lat' dir='ltr'><strong>delicto-</strong></span> 
     </span>
    </p>
   </div>
   <div class='ocr_carea' id='block_1_39' title="bbox 216 2246 1792 2326">
    <p class='ocr_par' dir='ltr' id='par_1_39' title="bbox 216 2246 1792 2326">
     <span class='ocr_line' id='line_1_39' title="bbox 216 2246 1792 2326; baseline 0.008 -27"><span class='ocrx_word' id='word_1_294' title='bbox 216 2261 341 2300; x_wconf 88' lang='lat' dir='ltr'><strong>rum</strong></span> <span class='ocrx_word' id='word_1_295' title='bbox 397 2246 638 2319; x_wconf 87' lang='lat' dir='ltr'><strong>ﬂagella,</strong></span> <span class='ocrx_word' id='word_1_296' title='bbox 702 2253 896 2318; x_wconf 88' lang='lat' dir='ltr'><strong>quibus</strong></span> <span class='ocrx_word' id='word_1_297' title='bbox 955 2255 1008 2307; x_wconf 93' lang='lat' dir='ltr'><strong>in</strong></span> <span class='ocrx_word' id='word_1_298' title='bbox 1065 2257 1316 2325; x_wconf 74' lang='lat' dir='ltr'><strong>prteseuti</strong></span> <span class='ocrx_word' id='word_1_299' title='bbox 1388 2268 1537 2326; x_wconf 89' lang='lat' dir='ltr'><strong>optet</strong></span> <span class='ocrx_word' id='word_1_300' title='bbox 1605 2275 1792 2314; x_wconf 85' lang='lat' dir='ltr'><strong>emen-</strong></span> 
     </span>
    </p>
   </div>
   <div class='ocr_carea' id='block_1_40' title="bbox 217 2337 1785 2420">
    <p class='ocr_par' dir='ltr' id='par_1_40' title="bbox 217 2337 1785 2420">
     <span class='ocr_line' id='line_1_40' title="bbox 217 2337 1785 2420; baseline 0.013 -30"><span class='ocrx_word' id='word_1_301' title='bbox 217 2337 362 2405; x_wconf 92' lang='lat' dir='ltr'><strong>dari,</strong></span> <span class='ocrx_word' id='word_1_302' title='bbox 391 2357 456 2394; x_wconf 86' lang='lat' dir='ltr'><strong>tte</strong></span> <span class='ocrx_word' id='word_1_303' title='bbox 482 2345 742 2412; x_wconf 88' lang='lat' dir='ltr'><strong>puniatur</strong></span> <span class='ocrx_word' id='word_1_304' title='bbox 768 2355 821 2399; x_wconf 92' lang='lat' dir='ltr'><strong>et</strong></span> <span class='ocrx_word' id='word_1_305' title='bbox 851 2355 1037 2412; x_wconf 84' lang='lat' dir='ltr'><strong>pereat</strong></span> <span class='ocrx_word' id='word_1_306' title='bbox 1090 2348 1140 2399; x_wconf 93' lang='lat' dir='ltr'><strong>in</strong></span> <span class='ocrx_word' id='word_1_307' title='bbox 1176 2346 1378 2403; x_wconf 87' lang='lat' dir='ltr'><strong>futuro.</strong></span> <span class='ocrx_word' id='word_1_308' title='bbox 1417 2347 1664 2420; x_wconf 84' lang='lat' dir='ltr'><strong>Propone</strong></span> <span class='ocrx_word' id='word_1_309' title='bbox 1695 2355 1785 2410; x_wconf 89' lang='lat' dir='ltr'><strong>tibi</strong></span> 
     </span>
    </p>
   </div>
   <div class='ocr_carea' id='block_1_41' title="bbox 220 2433 1784 2504">
    <p class='ocr_par' dir='ltr' id='par_1_41' title="bbox 220 2433 1784 2504">
     <span class='ocr_line' id='line_1_41' title="bbox 220 2433 1784 2504; baseline 0.012 -20"><span class='ocrx_word' id='word_1_310' title='bbox 220 2440 350 2485; x_wconf 85' lang='lat' dir='ltr'><strong>ante</strong></span> <span class='ocrx_word' id='word_1_311' title='bbox 399 2433 588 2488; x_wconf 91' lang='lat' dir='ltr'><strong>oculos</strong></span> <span class='ocrx_word' id='word_1_312' title='bbox 636 2445 978 2504; x_wconf 84' lang='lat' dir='ltr'><strong>peccatorem</strong></span> <span class='ocrx_word' id='word_1_313' title='bbox 1020 2437 1287 2492; x_wconf 88' lang='lat' dir='ltr'><strong>dicentem</strong></span> <span class='ocrx_word' id='word_1_314' title='bbox 1334 2441 1398 2492; x_wconf 86' lang='lat' dir='ltr'><strong>ad</strong></span> <span class='ocrx_word' id='word_1_315' title='bbox 1452 2441 1784 2502; x_wconf 89' lang='lat' dir='ltr'><strong>Dominum:</strong></span> 
     </span>
    </p>
   </div>
   <div class='ocr_carea' id='block_1_42' title="bbox 215 2523 1786 2608">
    <p class='ocr_par' dir='ltr' id='par_1_42' title="bbox 215 2523 1786 2608">
     <span class='ocr_line' id='line_1_42' title="bbox 215 2523 1786 2608; baseline 0.01 -28"><span class='ocrx_word' id='word_1_316' title='bbox 215 2523 334 2596; x_wconf 85' lang='lat' dir='ltr'><strong>Ego</strong></span> <span class='ocrx_word' id='word_1_317' title='bbox 364 2528 615 2596; x_wconf 85' lang='lat' dir='ltr'><strong>quoniam</strong></span> <span class='ocrx_word' id='word_1_318' title='bbox 643 2531 883 2599; x_wconf 87' lang='lat' dir='ltr'><strong>peccavi,</strong></span> <span class='ocrx_word' id='word_1_319' title='bbox 913 2531 1023 2601; x_wconf 88' lang='lat' dir='ltr'><strong>jam</strong></span> <span class='ocrx_word' id='word_1_320' title='bbox 1070 2548 1212 2587; x_wconf 89' lang='lat' dir='ltr'><strong>nunc</strong></span> <span class='ocrx_word' id='word_1_321' title='bbox 1244 2534 1294 2587; x_wconf 92' lang='lat' dir='ltr'><strong>in</strong></span> <span class='ocrx_word' id='word_1_322' title='bbox 1331 2534 1534 2605; x_wconf 85' lang='lat' dir='ltr'><strong>ﬂagella</strong></span> <span class='ocrx_word' id='word_1_323' title='bbox 1565 2553 1786 2608; x_wconf 86' lang='lat' dir='ltr'><strong>paratus</strong></span> 
     </span>
    </p>
   </div>
   <div class='ocr_carea' id='block_1_43' title="bbox 220 2618 1786 2692">
    <p class='ocr_par' dir='ltr' id='par_1_43' title="bbox 220 2618 1786 2692">
     <span class='ocr_line' id='line_1_43' title="bbox 220 2618 1786 2692; baseline 0.01 -23"><span class='ocrx_word' id='word_1_324' title='bbox 220 2632 363 2683; x_wconf 77' lang='lat' dir='ltr'><strong>sum,</strong></span> <span class='ocrx_word' id='word_1_325' title='bbox 403 2618 508 2672; x_wconf 91' lang='lat' dir='ltr'><strong>noli</strong></span> <span class='ocrx_word' id='word_1_326' title='bbox 539 2636 625 2674; x_wconf 90' lang='lat' dir='ltr'><strong>me</strong></span> <span class='ocrx_word' id='word_1_327' title='bbox 653 2634 932 2676; x_wconf 83' lang='lat' dir='ltr'><strong>reservare</strong></span> <span class='ocrx_word' id='word_1_328' title='bbox 966 2623 1072 2692; x_wconf 85' lang='lat' dir='ltr'><strong>igni</strong></span> <span class='ocrx_word' id='word_1_329' title='bbox 1102 2632 1324 2690; x_wconf 74' lang='lat' dir='ltr'><strong>:eterno,</strong></span> <span class='ocrx_word' id='word_1_330' title='bbox 1361 2626 1465 2680; x_wconf 90' lang='lat' dir='ltr'><strong>noli</strong></span> <span class='ocrx_word' id='word_1_331' title='bbox 1495 2642 1580 2683; x_wconf 89' lang='lat' dir='ltr'><strong>me</strong></span> <span class='ocrx_word' id='word_1_332' title='bbox 1612 2645 1786 2686; x_wconf 80' lang='lat' dir='ltr'><strong>reser-</strong></span> 
     </span>
    </p>
   </div>
   <div class='ocr_carea' id='block_1_44' title="bbox 220 2711 1780 2785">
    <p class='ocr_par' dir='ltr' id='par_1_44' title="bbox 220 2711 1780 2785">
     <span class='ocr_line' id='line_1_44' title="bbox 220 2711 1780 2785; baseline 0.01 -27"><span class='ocrx_word' id='word_1_333' title='bbox 220 2721 350 2761; x_wconf 90' lang='lat' dir='ltr'><strong>vare</strong></span> <span class='ocrx_word' id='word_1_334' title='bbox 399 2711 760 2765; x_wconf 79' lang='lat' dir='ltr'><strong>exterioribus</strong></span> <span class='ocrx_word' id='word_1_335' title='bbox 787 2712 1043 2766; x_wconf 89' lang='lat' dir='ltr'><strong>tenebris.</strong></span> <span class='ocrx_word' id='word_1_336' title='bbox 1107 2712 1239 2766; x_wconf 89' lang='lat' dir='ltr'><strong>Dmn</strong></span> <span class='ocrx_word' id='word_1_337' title='bbox 1271 2715 1321 2767; x_wconf 93' lang='lat' dir='ltr'><strong>in</strong></span> <span class='ocrx_word' id='word_1_338' title='bbox 1367 2716 1468 2770; x_wconf 84' lang='lat' dir='ltr'><strong>hac</strong></span> <span class='ocrx_word' id='word_1_339' title='bbox 1495 2718 1604 2772; x_wconf 85' lang='lat' dir='ltr'><strong>vita</strong></span> <span class='ocrx_word' id='word_1_340' title='bbox 1640 2733 1780 2785; x_wconf 86' lang='lat' dir='ltr'><strong>sum,</strong></span> 
     </span>
    </p>
   </div>
   <div class='ocr_carea' id='block_1_45' title="bbox 220 2798 1782 2876">
    <p class='ocr_par' dir='ltr' id='par_1_45' title="bbox 220 2798 1782 2876">
     <span class='ocr_line' id='line_1_45' title="bbox 220 2798 1782 2876; baseline 0.009 -24"><span class='ocrx_word' id='word_1_341' title='bbox 220 2798 385 2853; x_wconf 84' lang='lat' dir='ltr'><strong>redde</strong></span> <span class='ocrx_word' id='word_1_342' title='bbox 420 2801 548 2855; x_wconf 90' lang='lat' dir='ltr'><strong>mihi</strong></span> <span class='ocrx_word' id='word_1_343' title='bbox 577 2815 796 2872; x_wconf 88' lang='lat' dir='ltr'><strong>peccata</strong></span> <span class='ocrx_word' id='word_1_344' title='bbox 830 2820 967 2867; x_wconf 86' lang='lat' dir='ltr'><strong>mea,</strong></span> <span class='ocrx_word' id='word_1_345' title='bbox 1011 2806 1266 2874; x_wconf 91' lang='lat' dir='ltr'><strong>quoniam</strong></span> <span class='ocrx_word' id='word_1_346' title='bbox 1298 2805 1535 2876; x_wconf 83' lang='lat' dir='ltr'><strong>ﬂagellas</strong></span> <span class='ocrx_word' id='word_1_347' title='bbox 1569 2826 1782 2866; x_wconf 89' lang='lat' dir='ltr'><strong>omnem</strong></span> 
     </span>
    </p>
   </div>
   <div class='ocr_carea' id='block_1_46' title="bbox 222 2887 1778 2973">
    <p class='ocr_par' dir='ltr' id='par_1_46' title="bbox 222 2887 1778 2973">
     <span class='ocr_line' id='line_1_46' title="bbox 222 2887 1778 2973; baseline 0.011 -32"><span class='ocrx_word' id='word_1_348' title='bbox 222 2887 386 2942; x_wconf 83' lang='lat' dir='ltr'><strong>lilium</strong></span> <span class='ocrx_word' id='word_1_349' title='bbox 433 2905 591 2960; x_wconf 91' lang='lat' dir='ltr'><strong>quem</strong></span> <span class='ocrx_word' id='word_1_350' title='bbox 642 2893 859 2962; x_wconf 89' lang='lat' dir='ltr'><strong>recipis.</strong></span> <span class='ocrx_word' id='word_1_351' title='bbox 896 2893 1005 2949; x_wconf 92' lang='lat' dir='ltr'><strong>Oro</strong></span> <span class='ocrx_word' id='word_1_352' title='bbox 1055 2903 1128 2959; x_wconf 90' lang='lat' dir='ltr'><strong>te,</strong></span> <span class='ocrx_word' id='word_1_353' title='bbox 1168 2893 1377 2965; x_wconf 79' lang='lat' dir='ltr'><strong>ﬂagella</strong></span> <span class='ocrx_word' id='word_1_354' title='bbox 1409 2912 1495 2953; x_wconf 89' lang='lat' dir='ltr'><strong>me</strong></span> <span class='ocrx_word' id='word_1_355' title='bbox 1541 2914 1778 2973; x_wconf 89' lang='lat' dir='ltr'><strong>quoque,</strong></span> 
     </span>
    </p>
   </div>
   <div class='ocr_carea' id='block_1_47' title="bbox 220 2984 1849 3079">
    <p class='ocr_par' dir='ltr' id='par_1_47' title="bbox 220 2984 1849 3079">
     <span class='ocr_line' id='line_1_47' title="bbox 220 2984 1849 3079; baseline 0.008 -43"><span class='ocrx_word' id='word_1_356' title='bbox 220 2991 275 3036; x_wconf 87' lang='lat' dir='ltr'><strong>et</strong></span> <span class='ocrx_word' id='word_1_357' title='bbox 305 2984 410 3036; x_wconf 82' lang='lat' dir='ltr'><strong>noli</strong></span> <span class='ocrx_word' id='word_1_358' title='bbox 440 2998 526 3038; x_wconf 92' lang='lat' dir='ltr'><strong>me</strong></span> <span class='ocrx_word' id='word_1_359' title='bbox 556 2999 840 3039; x_wconf 60' lang='lat' dir='ltr'><strong>reseruare</strong></span> <span class='ocrx_word' id='word_1_360' title='bbox 873 3001 994 3040; x_wconf 85' lang='lat' dir='ltr'><strong>cum</strong></span> <span class='ocrx_word' id='word_1_361' title='bbox 1033 2986 1114 3042; x_wconf 91' lang='lat' dir='ltr'><strong>his</strong></span> <span class='ocrx_word' id='word_1_362' title='bbox 1141 2987 1230 3057; x_wconf 91' lang='lat' dir='ltr'><strong>qui</strong></span> <span class='ocrx_word' id='word_1_363' title='bbox 1276 3003 1380 3042; x_wconf 91' lang='lat' dir='ltr'><strong>non</strong></span> <span class='ocrx_word' id='word_1_364' title='bbox 1425 2989 1778 3062; x_wconf 88' lang='lat' dir='ltr'><strong>ﬂagellantnr,</strong></span> <span class='ocrx_word' id='word_1_365' title='bbox 1807 3021 1849 3079; x_wconf 66' lang='grc' dir='ltr'><strong>ο</strong></span> 
     </span>
    </p>
   </div>
   <div class='ocr_carea' id='block_1_48' title="bbox 222 3076 1778 3144">
    <p class='ocr_par' dir='ltr' id='par_1_48' title="bbox 222 3076 1778 3144">
     <span class='ocr_line' id='line_1_48' title="bbox 222 3076 1778 3144; baseline 0.009 -18"><span class='ocrx_word' id='word_1_366' title='bbox 222 3076 314 3144; x_wconf 88' lang='lat' dir='ltr'><strong>qui</strong></span> <span class='ocrx_word' id='word_1_367' title='bbox 340 3077 393 3128; x_wconf 89' lang='lat' dir='ltr'><strong>in</strong></span> <span class='ocrx_word' id='word_1_368' title='bbox 425 3077 686 3130; x_wconf 84' lang='lat' dir='ltr'><strong>laboribus</strong></span> <span class='ocrx_word' id='word_1_369' title='bbox 717 3078 982 3131; x_wconf 82' lang='lat' dir='ltr'><strong>hominum</strong></span> <span class='ocrx_word' id='word_1_370' title='bbox 1009 3095 1111 3132; x_wconf 90' lang='lat' dir='ltr'><strong>non</strong></span> <span class='ocrx_word' id='word_1_371' title='bbox 1140 3089 1282 3144; x_wconf 87' lang='lat' dir='ltr'><strong>sunt,</strong></span> <span class='ocrx_word' id='word_1_372' title='bbox 1319 3091 1367 3136; x_wconf 84' lang='lat' dir='ltr'><strong>et</strong></span> <span class='ocrx_word' id='word_1_373' title='bbox 1405 3099 1522 3136; x_wconf 87' lang='lat' dir='ltr'><strong>cum</strong></span> <span class='ocrx_word' id='word_1_374' title='bbox 1551 3086 1778 3140; x_wconf 75' lang='lat' dir='ltr'><strong>homini-</strong></span> 
     </span>
    </p>
   </div>
   <div class='ocr_carea' id='block_1_49' title="bbox 224 3163 1782 3242">
    <p class='ocr_par' dir='ltr' id='par_1_49' title="bbox 224 3163 1782 3242">
     <span class='ocr_line' id='line_1_49' title="bbox 224 3163 1782 3242; baseline 0.01 -27"><span class='ocrx_word' id='word_1_375' title='bbox 224 3163 316 3216; x_wconf 83' lang='lat' dir='ltr'><strong>bus</strong></span> <span class='ocrx_word' id='word_1_376' title='bbox 343 3180 445 3217; x_wconf 91' lang='lat' dir='ltr'><strong>non</strong></span> <span class='ocrx_word' id='word_1_377' title='bbox 489 3165 900 3235; x_wconf 82' lang='lat' dir='ltr'><strong>flagellabuntur</strong></span> <span class='ocrx_word' id='word_1_378' title='bbox 925 3168 992 3233; x_wconf 79' lang='grc'><strong>’⁸,</strong></span> <span class='ocrx_word' id='word_1_379' title='bbox 1045 3168 1098 3223; x_wconf 90' lang='lat' dir='ltr'><strong>id</strong></span> <span class='ocrx_word' id='word_1_380' title='bbox 1133 3180 1235 3234; x_wconf 91' lang='lat' dir='ltr'><strong>est,</strong></span> <span class='ocrx_word' id='word_1_381' title='bbox 1266 3172 1356 3240; x_wconf 90' lang='lat' dir='ltr'><strong>qui</strong></span> <span class='ocrx_word' id='word_1_382' title='bbox 1387 3175 1602 3242; x_wconf 90' lang='lat' dir='ltr'><strong>penitus</strong></span> <span class='ocrx_word' id='word_1_383' title='bbox 1623 3175 1782 3231; x_wconf 81' lang='lat' dir='ltr'><strong>dere-</strong></span> 
     </span>
    </p>
   </div>
   <div class='ocr_carea' id='block_1_50' title="bbox 191 3254 1782 3335">
    <p class='ocr_par' dir='ltr' id='par_1_50' title="bbox 191 3254 1782 3335">
     <span class='ocr_line' id='line_1_50' title="bbox 191 3254 1782 3335; baseline 0.008 -27"><span class='ocrx_word' id='word_1_384' title='bbox 191 3254 530 3322; x_wconf 63' lang='lat' dir='ltr'><strong>‘liuquuntnr</strong></span> <span class='ocrx_word' id='word_1_385' title='bbox 563 3272 590 3309; x_wconf 92' lang='lat' dir='ltr'><strong>a</strong></span> <span class='ocrx_word' id='word_1_386' title='bbox 623 3267 692 3320; x_wconf 91' lang='lat' dir='ltr'><strong>te,</strong></span> <span class='ocrx_word' id='word_1_387' title='bbox 726 3273 952 3326; x_wconf 88' lang='lat' dir='ltr'><strong>quorum</strong></span> <span class='ocrx_word' id='word_1_388' title='bbox 1001 3261 1428 3318; x_wconf 83' lang='lat' dir='ltr'><strong>emendationem</strong></span> <span class='ocrx_word' id='word_1_389' title='bbox 1481 3269 1782 3335; x_wconf 89' lang='lat' dir='ltr'><strong>correptio-</strong></span> 
     </span>
    </p>
   </div>
   <div class='ocr_carea' id='block_1_51' title="bbox 223 3351 1780 3422">
    <p class='ocr_par' dir='ltr' id='par_1_51' title="bbox 223 3351 1780 3422">
     <span class='ocr_line' id='line_1_51' title="bbox 223 3351 1780 3422; baseline 0.008 -23"><span class='ocrx_word' id='word_1_390' title='bbox 223 3360 448 3414; x_wconf 85' lang='lat' dir='ltr'><strong>nemque</strong></span> <span class='ocrx_word' id='word_1_391' title='bbox 481 3362 582 3401; x_wconf 91' lang='lat' dir='ltr'><strong>non</strong></span> <span class='ocrx_word' id='word_1_392' title='bbox 614 3351 830 3418; x_wconf 82' lang='lat' dir='ltr'><strong>quaeris.</strong></span> <span class='ocrx_word' id='word_1_393' title='bbox 871 3351 1064 3412; x_wconf 82' lang='lat' dir='ltr'><strong>Sciens</strong></span> <span class='ocrx_word' id='word_1_394' title='bbox 1109 3367 1241 3422; x_wconf 83' lang='lat' dir='ltr'><strong>ergo</strong></span> <span class='ocrx_word' id='word_1_395' title='bbox 1270 3368 1390 3422; x_wconf 70' lang='lat' dir='ltr'><strong>quae</strong></span> <span class='ocrx_word' id='word_1_396' title='bbox 1429 3355 1500 3409; x_wconf 90' lang='lat' dir='ltr'><strong>sit</strong></span> <span class='ocrx_word' id='word_1_397' title='bbox 1528 3355 1780 3412; x_wconf 77' lang='lat' dir='ltr'><strong>diﬂ‘eren-</strong></span> 
     </span>
    </p>
   </div>
   <div class='ocr_carea' id='block_1_52' title="bbox 226 3438 1777 3515">
    <p class='ocr_par' dir='ltr' id='par_1_52' title="bbox 226 3438 1777 3515">
     <span class='ocr_line' id='line_1_52' title="bbox 226 3438 1777 3515; baseline 0.008 -25"><span class='ocrx_word' id='word_1_398' title='bbox 226 3438 297 3490; x_wconf 90' lang='lat' dir='ltr'><strong>tia</strong></span> <span class='ocrx_word' id='word_1_399' title='bbox 333 3452 452 3490; x_wconf 90' lang='lat' dir='ltr'><strong>cum</strong></span> <span class='ocrx_word' id='word_1_400' title='bbox 486 3439 789 3508; x_wconf 81' lang='lat' dir='ltr'><strong>flagellatur</strong></span> <span class='ocrx_word' id='word_1_401' title='bbox 812 3450 1066 3509; x_wconf 70' lang='lat' dir='ltr'><strong>pec-eatur</strong></span> <span class='ocrx_word' id='word_1_402' title='bbox 1099 3443 1164 3495; x_wconf 86' lang='lat' dir='ltr'><strong>ab</strong></span> <span class='ocrx_word' id='word_1_403' title='bbox 1193 3458 1257 3496; x_wconf 88' lang='lat' dir='ltr'><strong>eo</strong></span> <span class='ocrx_word' id='word_1_404' title='bbox 1287 3445 1376 3512; x_wconf 91' lang='lat' dir='ltr'><strong>qui</strong></span> <span class='ocrx_word' id='word_1_405' title='bbox 1401 3446 1637 3515; x_wconf 82' lang='lat' dir='ltr'><strong>ﬂagellat</strong></span> <span class='ocrx_word' id='word_1_406' title='bbox 1664 3465 1777 3503; x_wconf 89' lang='lat' dir='ltr'><strong>om-</strong></span> 
     </span>
    </p>
   </div>
   <div class='ocr_carea' id='block_1_53' title="bbox 229 3529 1777 3606">
    <p class='ocr_par' dir='ltr' id='par_1_53' title="bbox 229 3529 1777 3606">
     <span class='ocr_line' id='line_1_53' title="bbox 229 3529 1777 3606; baseline 0.012 -25"><span class='ocrx_word' id='word_1_407' title='bbox 229 3545 338 3582; x_wconf 84' lang='lat' dir='ltr'><strong>nem</strong></span> <span class='ocrx_word' id='word_1_408' title='bbox 379 3529 550 3598; x_wconf 80' lang='lat' dir='ltr'><strong>ﬁlium</strong></span> <span class='ocrx_word' id='word_1_409' title='bbox 599 3547 748 3602; x_wconf 84' lang='lat' dir='ltr'><strong>quem</strong></span> <span class='ocrx_word' id='word_1_410' title='bbox 803 3534 982 3602; x_wconf 83' lang='lat' dir='ltr'><strong>recipit</strong></span> <span class='ocrx_word' id='word_1_411' title='bbox 1011 3535 1077 3600; x_wconf 77' lang='lat'><strong>&quot;,</strong></span> <span class='ocrx_word' id='word_1_412' title='bbox 1113 3544 1167 3589; x_wconf 89' lang='lat' dir='ltr'><strong>et</strong></span> <span class='ocrx_word' id='word_1_413' title='bbox 1219 3553 1340 3606; x_wconf 71' lang='lat' dir='ltr'><strong>qua:</strong></span> <span class='ocrx_word' id='word_1_414' title='bbox 1367 3539 1439 3594; x_wconf 90' lang='lat' dir='ltr'><strong>sit</strong></span> <span class='ocrx_word' id='word_1_415' title='bbox 1467 3539 1777 3599; x_wconf 65' lang='lat' dir='ltr'><strong>diﬂ&#39;et‘entia</strong></span> 
     </span>
    </p>
   </div>
   <div class='ocr_carea' id='block_1_54' title="bbox 222 3621 1775 3697">
    <p class='ocr_par' dir='ltr' id='par_1_54' title="bbox 222 3621 1775 3697">
     <span class='ocr_line' id='line_1_54' title="bbox 222 3621 1775 3697; baseline 0.009 -22"><span class='ocrx_word' id='word_1_416' title='bbox 222 3621 336 3690; x_wconf 88' lang='lat' dir='ltr'><strong>ejus</strong></span> <span class='ocrx_word' id='word_1_417' title='bbox 360 3623 444 3692; x_wconf 86' lang='lat' dir='ltr'><strong>qui</strong></span> <span class='ocrx_word' id='word_1_418' title='bbox 491 3623 686 3690; x_wconf 84' lang='lat' dir='ltr'><strong>dignus</strong></span> <span class='ocrx_word' id='word_1_419' title='bbox 716 3639 818 3678; x_wconf 90' lang='lat' dir='ltr'><strong>non</strong></span> <span class='ocrx_word' id='word_1_420' title='bbox 848 3627 1075 3679; x_wconf 84' lang='lat' dir='ltr'><strong>habetur</strong></span> <span class='ocrx_word' id='word_1_421' title='bbox 1104 3625 1343 3697; x_wconf 87' lang='lat' dir='ltr'><strong>ﬂagellis,</strong></span> <span class='ocrx_word' id='word_1_422' title='bbox 1385 3631 1460 3684; x_wconf 86' lang='lat' dir='ltr'><strong>ait</strong></span> <span class='ocrx_word' id='word_1_423' title='bbox 1491 3633 1558 3686; x_wconf 91' lang='lat' dir='ltr'><strong>ad</strong></span> <span class='ocrx_word' id='word_1_424' title='bbox 1590 3633 1775 3688; x_wconf 80' lang='lat' dir='ltr'><strong>Domi-</strong></span> 
     </span>
    </p>
   </div>
   <div class='ocr_carea' id='block_1_55' title="bbox 224 3715 1776 3789">
    <p class='ocr_par' dir='ltr' id='par_1_55' title="bbox 224 3715 1776 3789">
     <span class='ocr_line' id='line_1_55' title="bbox 224 3715 1776 3789; baseline 0.009 -21"><span class='ocrx_word' id='word_1_425' title='bbox 224 3731 342 3768; x_wconf 84' lang='lat' dir='ltr'><strong>nunt</strong></span> <span class='ocrx_word' id='word_1_426' title='bbox 373 3734 385 3769; x_wconf 89' lang='lat'><strong>:</strong></span> <span class='ocrx_word' id='word_1_427' title='bbox 421 3715 527 3785; x_wconf 80' lang='lat' dir='ltr'><strong>Ego</strong></span> <span class='ocrx_word' id='word_1_428' title='bbox 551 3715 603 3768; x_wconf 91' lang='lat' dir='ltr'><strong>in</strong></span> <span class='ocrx_word' id='word_1_429' title='bbox 641 3715 844 3786; x_wconf 87' lang='lat' dir='ltr'><strong>ﬂagella</strong></span> <span class='ocrx_word' id='word_1_430' title='bbox 877 3730 1098 3787; x_wconf 79' lang='lat' dir='ltr'><strong>paratus</strong></span> <span class='ocrx_word' id='word_1_431' title='bbox 1124 3734 1266 3786; x_wconf 93' lang='lat' dir='ltr'><strong>sum,</strong></span> <span class='ocrx_word' id='word_1_432' title='bbox 1303 3721 1357 3777; x_wconf 92' lang='lat' dir='ltr'><strong>id</strong></span> <span class='ocrx_word' id='word_1_433' title='bbox 1385 3734 1490 3789; x_wconf 88' lang='lat' dir='ltr'><strong>est,</strong></span> <span class='ocrx_word' id='word_1_434' title='bbox 1520 3726 1564 3780; x_wconf 91' lang='lat' dir='ltr'><strong>si</strong></span> <span class='ocrx_word' id='word_1_435' title='bbox 1593 3728 1776 3782; x_wconf 83' lang='lat' dir='ltr'><strong>volue-</strong></span> 
     </span>
    </p>
   </div>
   <div class='ocr_carea' id='block_1_56' title="bbox 226 3809 1774 3889">
    <p class='ocr_par' dir='ltr' id='par_1_56' title="bbox 226 3809 1774 3889">
     <span class='ocr_line' id='line_1_56' title="bbox 226 3809 1774 3889; baseline 0.008 -29"><span class='ocrx_word' id='word_1_436' title='bbox 226 3809 296 3860; x_wconf 86' lang='lat' dir='ltr'><strong>ris</strong></span> <span class='ocrx_word' id='word_1_437' title='bbox 323 3809 679 3878; x_wconf 84' lang='lat' dir='ltr'><strong>superducere</strong></span> <span class='ocrx_word' id='word_1_438' title='bbox 710 3809 998 3878; x_wconf 85' lang='lat' dir='ltr'><strong>languores</strong></span> <span class='ocrx_word' id='word_1_439' title='bbox 1033 3810 1086 3864; x_wconf 88' lang='lat' dir='ltr'><strong>in</strong></span> <span class='ocrx_word' id='word_1_440' title='bbox 1131 3828 1236 3878; x_wconf 90' lang='lat' dir='ltr'><strong>me,</strong></span> <span class='ocrx_word' id='word_1_441' title='bbox 1290 3815 1505 3871; x_wconf 88' lang='lat' dir='ltr'><strong>mittere</strong></span> <span class='ocrx_word' id='word_1_442' title='bbox 1553 3820 1774 3889; x_wconf 65' lang='lat' dir='ltr'><strong>aegritu-</strong></span> 
     </span>
    </p>
   </div>
   <div class='ocr_carea' id='block_1_57' title="bbox 223 3899 1772 3977">
    <p class='ocr_par' dir='ltr' id='par_1_57' title="bbox 223 3899 1772 3977">
     <span class='ocr_line' id='line_1_57' title="bbox 223 3899 1772 3977; baseline 0.007 -24"><span class='ocrx_word' id='word_1_443' title='bbox 223 3899 387 3963; x_wconf 88' lang='lat' dir='ltr'><strong>dines,</strong></span> <span class='ocrx_word' id='word_1_444' title='bbox 423 3899 773 3954; x_wconf 81' lang='lat' dir='ltr'><strong>tolerabiliter</strong></span> <span class='ocrx_word' id='word_1_445' title='bbox 824 3899 992 3954; x_wconf 84' lang='lat' dir='ltr'><strong>feram</strong></span> <span class='ocrx_word' id='word_1_446' title='bbox 1041 3920 1054 3956; x_wconf 90' lang='lat'><strong>:</strong></span> <span class='ocrx_word' id='word_1_447' title='bbox 1093 3903 1210 3957; x_wconf 90' lang='lat' dir='ltr'><strong>scio</strong></span> <span class='ocrx_word' id='word_1_448' title='bbox 1255 3905 1381 3973; x_wconf 86' lang='lat' dir='ltr'><strong>quia</strong></span> <span class='ocrx_word' id='word_1_449' title='bbox 1435 3907 1628 3977; x_wconf 87' lang='lat' dir='ltr'><strong>dignus</strong></span> <span class='ocrx_word' id='word_1_450' title='bbox 1655 3925 1772 3964; x_wconf 90' lang='lat' dir='ltr'><strong>sum</strong></span> 
     </span>
    </p>
   </div>
   <div class='ocr_carea' id='block_1_58' title="bbox 227 3992 1772 4064">
    <p class='ocr_par' dir='ltr' id='par_1_58' title="bbox 227 3992 1772 4064">
     <span class='ocr_line' id='line_1_58' title="bbox 227 3992 1772 4064; baseline 0.008 -21"><span class='ocrx_word' id='word_1_451' title='bbox 227 4002 279 4044; x_wconf 90' lang='lat' dir='ltr'><strong>ut</strong></span> <span class='ocrx_word' id='word_1_452' title='bbox 306 4007 403 4045; x_wconf 92' lang='lat' dir='ltr'><strong>non</strong></span> <span class='ocrx_word' id='word_1_453' title='bbox 433 3992 603 4045; x_wconf 91' lang='lat' dir='ltr'><strong>solum</strong></span> <span class='ocrx_word' id='word_1_454' title='bbox 630 4007 726 4061; x_wconf 91' lang='lat' dir='ltr'><strong>per</strong></span> <span class='ocrx_word' id='word_1_455' title='bbox 768 3994 1120 4063; x_wconf 73' lang='lat' dir='ltr'><strong>mgritudines</strong></span> <span class='ocrx_word' id='word_1_456' title='bbox 1159 4006 1384 4064; x_wconf 89' lang='lat' dir='ltr'><strong>peccata</strong></span> <span class='ocrx_word' id='word_1_457' title='bbox 1414 4015 1529 4054; x_wconf 90' lang='lat' dir='ltr'><strong>mea</strong></span> <span class='ocrx_word' id='word_1_458' title='bbox 1554 4001 1772 4055; x_wconf 86' lang='lat' dir='ltr'><strong>solvan-</strong></span> 
     </span>
    </p>
   </div>
   <div class='ocr_carea' id='block_1_59' title="bbox 225 4083 1769 4160">
    <p class='ocr_par' dir='ltr' id='par_1_59' title="bbox 225 4083 1769 4160">
     <span class='ocr_line' id='line_1_59' title="bbox 225 4083 1769 4160; baseline 0.009 -24"><span class='ocrx_word' id='word_1_459' title='bbox 225 4091 326 4148; x_wconf 85' lang='lat' dir='ltr'><strong>tur,</strong></span> <span class='ocrx_word' id='word_1_460' title='bbox 373 4083 464 4136; x_wconf 87' lang='lat' dir='ltr'><strong>scd</strong></span> <span class='ocrx_word' id='word_1_461' title='bbox 511 4097 609 4153; x_wconf 89' lang='lat' dir='ltr'><strong>per</strong></span> <span class='ocrx_word' id='word_1_462' title='bbox 652 4097 844 4138; x_wconf 91' lang='lat' dir='ltr'><strong>omnes</strong></span> <span class='ocrx_word' id='word_1_463' title='bbox 889 4083 1206 4140; x_wconf 84' lang='lat' dir='ltr'><strong>alIIictioues</strong></span> <span class='ocrx_word' id='word_1_464' title='bbox 1250 4091 1470 4159; x_wconf 87' lang='lat' dir='ltr'><strong>purgari</strong></span> <span class='ocrx_word' id='word_1_465' title='bbox 1501 4093 1769 4160; x_wconf 87' lang='lat' dir='ltr'><strong>desidero,</strong></span> 
     </span>
    </p>
   </div>
   <div class='ocr_carea' id='block_1_60' title="bbox 226 4176 1773 4244">
    <p class='ocr_par' dir='ltr' id='par_1_60' title="bbox 226 4176 1773 4244">
     <span class='ocr_line' id='line_1_60' title="bbox 226 4176 1773 4244; baseline 0.008 -16"><span class='ocrx_word' id='word_1_466' title='bbox 226 4184 418 4229; x_wconf 87' lang='lat' dir='ltr'><strong>tantum</strong></span> <span class='ocrx_word' id='word_1_467' title='bbox 452 4185 510 4229; x_wconf 90' lang='lat' dir='ltr'><strong>ut</strong></span> <span class='ocrx_word' id='word_1_468' title='bbox 541 4176 760 4230; x_wconf 81' lang='lat' dir='ltr'><strong>aeternis</strong></span> <span class='ocrx_word' id='word_1_469' title='bbox 789 4177 966 4244; x_wconf 65' lang='lat' dir='ltr'><strong>poenis</strong></span> <span class='ocrx_word' id='word_1_470' title='bbox 996 4186 1051 4232; x_wconf 91' lang='lat' dir='ltr'><strong>et</strong></span> <span class='ocrx_word' id='word_1_471' title='bbox 1096 4180 1434 4236; x_wconf 89' lang='lat' dir='ltr'><strong>cruciatibus</strong></span> <span class='ocrx_word' id='word_1_472' title='bbox 1459 4198 1566 4238; x_wconf 89' lang='lat' dir='ltr'><strong>non</strong></span> <span class='ocrx_word' id='word_1_473' title='bbox 1596 4200 1773 4242; x_wconf 85' lang='lat' dir='ltr'><strong>reser-</strong></span> 
     </span>
    </p>
   </div>
   <div class='ocr_carea' id='block_1_61' title="bbox 226 4265 1770 4344">
    <p class='ocr_par' dir='ltr' id='par_1_61' title="bbox 226 4265 1770 4344">
     <span class='ocr_line' id='line_1_61' title="bbox 226 4265 1770 4344; baseline 0.009 -26"><span class='ocrx_word' id='word_1_474' title='bbox 226 4280 332 4320; x_wconf 87' lang='lat' dir='ltr'><strong>ver.</strong></span> <span class='ocrx_word' id='word_1_475' title='bbox 373 4265 428 4319; x_wconf 89' lang='lat' dir='ltr'><strong>Si</strong></span> <span class='ocrx_word' id='word_1_476' title='bbox 477 4265 655 4334; x_wconf 87' lang='lat' dir='ltr'><strong>placet</strong></span> <span class='ocrx_word' id='word_1_477' title='bbox 699 4266 900 4321; x_wconf 87' lang='lat' dir='ltr'><strong>inferre</strong></span> <span class='ocrx_word' id='word_1_478' title='bbox 931 4267 1147 4334; x_wconf 87' lang='lat' dir='ltr'><strong>damna,</strong></span> <span class='ocrx_word' id='word_1_479' title='bbox 1190 4271 1468 4339; x_wconf 87' lang='lat' dir='ltr'><strong>sustineo;</strong></span> <span class='ocrx_word' id='word_1_480' title='bbox 1519 4275 1562 4328; x_wconf 88' lang='lat' dir='ltr'><strong>si</strong></span> <span class='ocrx_word' id='word_1_481' title='bbox 1593 4277 1770 4344; x_wconf 85' lang='lat' dir='ltr'><strong>placet</strong></span> 
     </span>
    </p>
   </div>
   <div class='ocr_carea' id='block_1_62' title="bbox 1891 1804 3458 1884">
    <p class='ocr_par' dir='ltr' id='par_1_62' title="bbox 1891 1804 3458 1884">
     <span class='ocr_line' id='line_1_62' title="bbox 1891 1804 3458 1884; baseline 0.01 -30"><span class='ocrx_word' id='word_1_482' title='bbox 1891 1817 2037 1868; x_wconf 91' lang='lat' dir='ltr'><strong>cum,</strong></span> <span class='ocrx_word' id='word_1_483' title='bbox 2065 1804 2150 1856; x_wconf 90' lang='lat' dir='ltr'><strong>cui</strong></span> <span class='ocrx_word' id='word_1_484' title='bbox 2191 1804 2388 1858; x_wconf 88' lang='lat' dir='ltr'><strong>debeas</strong></span> <span class='ocrx_word' id='word_1_485' title='bbox 2436 1820 2654 1860; x_wconf 88' lang='lat' dir='ltr'><strong>causam</strong></span> <span class='ocrx_word' id='word_1_486' title='bbox 2707 1808 2982 1878; x_wconf 86' lang='lat' dir='ltr'><strong>languoris</strong></span> <span class='ocrx_word' id='word_1_487' title='bbox 3028 1825 3320 1880; x_wconf 83' lang='lat' dir='ltr'><strong>exponere,</strong></span> <span class='ocrx_word' id='word_1_488' title='bbox 3363 1815 3458 1884; x_wconf 89' lang='lat' dir='ltr'><strong>qui</strong></span> 
     </span>
    </p>
   </div>
   <div class='ocr_carea' id='block_1_63' title="bbox 1893 1895 3456 1975">
    <p class='ocr_par' dir='ltr' id='par_1_63' title="bbox 1893 1895 3456 1975">
     <span class='ocr_line' id='line_1_63' title="bbox 1893 1895 3456 1975; baseline 0.009 -27"><span class='ocrx_word' id='word_1_489' title='bbox 1893 1896 2029 1948; x_wconf 88' lang='lat' dir='ltr'><strong>sciat</strong></span> <span class='ocrx_word' id='word_1_490' title='bbox 2078 1895 2340 1950; x_wconf 86' lang='lat' dir='ltr'><strong>infirmari</strong></span> <span class='ocrx_word' id='word_1_491' title='bbox 2390 1913 2514 1951; x_wconf 89' lang='lat' dir='ltr'><strong>cum</strong></span> <span class='ocrx_word' id='word_1_492' title='bbox 2564 1898 2893 1966; x_wconf 86' lang='lat' dir='ltr'><strong>inlirmantc,</strong></span> <span class='ocrx_word' id='word_1_493' title='bbox 2942 1901 3070 1958; x_wconf 88' lang='lat' dir='ltr'><strong>ﬂere</strong></span> <span class='ocrx_word' id='word_1_494' title='bbox 3104 1919 3224 1958; x_wconf 90' lang='lat' dir='ltr'><strong>cum</strong></span> <span class='ocrx_word' id='word_1_495' title='bbox 3274 1905 3456 1975; x_wconf 86' lang='lat' dir='ltr'><strong>ﬂente,</strong></span> 
     </span>
    </p>
   </div>
   <div class='ocr_carea' id='block_1_64' title="bbox 1891 1987 3454 2066">
    <p class='ocr_par' dir='ltr' id='par_1_64' title="bbox 1891 1987 3454 2066">
     <span class='ocr_line' id='line_1_64' title="bbox 1891 1987 3454 2066; baseline 0.008 -27"><span class='ocrx_word' id='word_1_496' title='bbox 1891 1987 1982 2056; x_wconf 92' lang='lat' dir='ltr'><strong>qui</strong></span> <span class='ocrx_word' id='word_1_497' title='bbox 2017 1987 2338 2042; x_wconf 90' lang='lat' dir='ltr'><strong>condolendi</strong></span> <span class='ocrx_word' id='word_1_498' title='bbox 2363 1999 2416 2043; x_wconf 91' lang='lat' dir='ltr'><strong>et</strong></span> <span class='ocrx_word' id='word_1_499' title='bbox 2442 1991 2804 2058; x_wconf 84' lang='lat' dir='ltr'><strong>compatiendi</strong></span> <span class='ocrx_word' id='word_1_500' title='bbox 2836 1995 3052 2046; x_wconf 89' lang='lat' dir='ltr'><strong>noverit</strong></span> <span class='ocrx_word' id='word_1_501' title='bbox 3082 1995 3454 2066; x_wconf 88' lang='lat' dir='ltr'><strong>disciplinam:</strong></span> 
     </span>
    </p>
   </div>
   <div class='ocr_carea' id='block_1_65' title="bbox 1892 2079 3456 2157">
    <p class='ocr_par' dir='ltr' id='par_1_65' title="bbox 1892 2079 3456 2157">
     <span class='ocr_line' id='line_1_65' title="bbox 1892 2079 3456 2157; baseline 0.01 -28"><span class='ocrx_word' id='word_1_502' title='bbox 1892 2087 1948 2129; x_wconf 94' lang='lat' dir='ltr'><strong>ut</strong></span> <span class='ocrx_word' id='word_1_503' title='bbox 1979 2079 2054 2131; x_wconf 88' lang='lat' dir='ltr'><strong>ita</strong></span> <span class='ocrx_word' id='word_1_504' title='bbox 2091 2080 2301 2132; x_wconf 89' lang='lat' dir='ltr'><strong>demum</strong></span> <span class='ocrx_word' id='word_1_505' title='bbox 2354 2080 2396 2133; x_wconf 92' lang='lat' dir='ltr'><strong>si</strong></span> <span class='ocrx_word' id='word_1_506' title='bbox 2431 2081 2559 2150; x_wconf 90' lang='lat' dir='ltr'><strong>quid</strong></span> <span class='ocrx_word' id='word_1_507' title='bbox 2610 2082 2700 2137; x_wconf 88' lang='lat' dir='ltr'><strong>ille</strong></span> <span class='ocrx_word' id='word_1_508' title='bbox 2729 2083 2950 2149; x_wconf 84' lang='lat' dir='ltr'><strong>dixerit,</strong></span> <span class='ocrx_word' id='word_1_509' title='bbox 2999 2086 3092 2155; x_wconf 90' lang='lat' dir='ltr'><strong>qui</strong></span> <span class='ocrx_word' id='word_1_510' title='bbox 3129 2102 3188 2142; x_wconf 88' lang='lat' dir='ltr'><strong>se</strong></span> <span class='ocrx_word' id='word_1_511' title='bbox 3227 2089 3374 2157; x_wconf 89' lang='lat' dir='ltr'><strong>prius</strong></span> <span class='ocrx_word' id='word_1_512' title='bbox 3401 2099 3456 2144; x_wconf 89' lang='lat' dir='ltr'><strong>et</strong></span> 
     </span>
    </p>
   </div>
   <div class='ocr_carea' id='block_1_66' title="bbox 1891 2170 3454 2244">
    <p class='ocr_par' dir='ltr' id='par_1_66' title="bbox 1891 2170 3454 2244">
     <span class='ocr_line' id='line_1_66' title="bbox 1891 2170 3454 2244; baseline 0.008 -20"><span class='ocrx_word' id='word_1_513' title='bbox 1891 2170 2156 2224; x_wconf 83' lang='lat' dir='ltr'><strong>eruditum</strong></span> <span class='ocrx_word' id='word_1_514' title='bbox 2193 2171 2458 2225; x_wconf 88' lang='lat' dir='ltr'><strong>medicum</strong></span> <span class='ocrx_word' id='word_1_515' title='bbox 2508 2174 2800 2229; x_wconf 87' lang='lat' dir='ltr'><strong>ostemlerit</strong></span> <span class='ocrx_word' id='word_1_516' title='bbox 2839 2185 2894 2230; x_wconf 87' lang='lat' dir='ltr'><strong>et.</strong></span> <span class='ocrx_word' id='word_1_517' title='bbox 2925 2177 3355 2244; x_wconf 89' lang='lat' dir='ltr'><strong>misericordem,</strong></span> <span class='ocrx_word' id='word_1_518' title='bbox 3407 2181 3454 2236; x_wconf 88' lang='lat' dir='ltr'><strong>si</strong></span> 
     </span>
    </p>
   </div>
   <div class='ocr_carea' id='block_1_67' title="bbox 1889 2262 3454 2337">
    <p class='ocr_par' dir='ltr' id='par_1_67' title="bbox 1889 2262 3454 2337">
     <span class='ocr_line' id='line_1_67' title="bbox 1889 2262 3454 2337; baseline 0.007 -25"><span class='ocrx_word' id='word_1_519' title='bbox 1889 2262 2016 2331; x_wconf 87' lang='lat' dir='ltr'><strong>quid</strong></span> <span class='ocrx_word' id='word_1_520' title='bbox 2048 2263 2257 2316; x_wconf 90' lang='lat' dir='ltr'><strong>consilii</strong></span> <span class='ocrx_word' id='word_1_521' title='bbox 2289 2263 2514 2330; x_wconf 88' lang='lat' dir='ltr'><strong>dederit,</strong></span> <span class='ocrx_word' id='word_1_522' title='bbox 2550 2265 2738 2330; x_wconf 84' lang='lat' dir='ltr'><strong>facias,</strong></span> <span class='ocrx_word' id='word_1_523' title='bbox 2786 2275 2841 2320; x_wconf 89' lang='lat' dir='ltr'><strong>et</strong></span> <span class='ocrx_word' id='word_1_524' title='bbox 2869 2270 3134 2337; x_wconf 85' lang='lat' dir='ltr'><strong>sequaris,</strong></span> <span class='ocrx_word' id='word_1_525' title='bbox 3165 2271 3208 2323; x_wconf 92' lang='lat' dir='ltr'><strong>si</strong></span> <span class='ocrx_word' id='word_1_526' title='bbox 3240 2268 3454 2324; x_wconf 89' lang='lat' dir='ltr'><strong>intelle-</strong></span> 
     </span>
    </p>
   </div>
   <div class='ocr_carea' id='block_1_68' title="bbox 1888 2352 3450 2427">
    <p class='ocr_par' dir='ltr' id='par_1_68' title="bbox 1888 2352 3450 2427">
     <span class='ocr_line' id='line_1_68' title="bbox 1888 2352 3450 2427; baseline 0.006 -24"><span class='ocrx_word' id='word_1_527' title='bbox 1888 2352 2031 2404; x_wconf 83' lang='lat' dir='ltr'><strong>xerit</strong></span> <span class='ocrx_word' id='word_1_528' title='bbox 2077 2360 2134 2405; x_wconf 90' lang='lat' dir='ltr'><strong>et</strong></span> <span class='ocrx_word' id='word_1_529' title='bbox 2187 2352 2492 2419; x_wconf 64' lang='lat' dir='ltr'><strong>praeviderit</strong></span> <span class='ocrx_word' id='word_1_530' title='bbox 2549 2353 2709 2407; x_wconf 89' lang='lat' dir='ltr'><strong>talem</strong></span> <span class='ocrx_word' id='word_1_531' title='bbox 2757 2370 2877 2410; x_wconf 87' lang='lat' dir='ltr'><strong>esse</strong></span> <span class='ocrx_word' id='word_1_532' title='bbox 2935 2355 3248 2427; x_wconf 85' lang='lat' dir='ltr'><strong>languorem</strong></span> <span class='ocrx_word' id='word_1_533' title='bbox 3298 2365 3450 2412; x_wconf 88' lang='lat' dir='ltr'><strong>tuum</strong></span> 
     </span>
    </p>
   </div>
   <div class='ocr_carea' id='block_1_69' title="bbox 1888 2442 3451 2516">
    <p class='ocr_par' dir='ltr' id='par_1_69' title="bbox 1888 2442 3451 2516">
     <span class='ocr_line' id='line_1_69' title="bbox 1888 2442 3451 2516; baseline 0.008 -22"><span class='ocrx_word' id='word_1_534' title='bbox 1888 2442 1977 2510; x_wconf 88' lang='lat' dir='ltr'><strong>qui</strong></span> <span class='ocrx_word' id='word_1_535' title='bbox 2009 2442 2062 2496; x_wconf 89' lang='lat' dir='ltr'><strong>in</strong></span> <span class='ocrx_word' id='word_1_536' title='bbox 2095 2453 2358 2497; x_wconf 82' lang='lat' dir='ltr'><strong>conventu</strong></span> <span class='ocrx_word' id='word_1_537' title='bbox 2411 2444 2573 2499; x_wconf 90' lang='lat' dir='ltr'><strong>totius</strong></span> <span class='ocrx_word' id='word_1_538' title='bbox 2603 2445 2859 2501; x_wconf 84' lang='lat' dir='ltr'><strong>Ecclesiae</strong></span> <span class='ocrx_word' id='word_1_539' title='bbox 2910 2449 3104 2516; x_wconf 81' lang='lat' dir='ltr'><strong>exponi</strong></span> <span class='ocrx_word' id='word_1_540' title='bbox 3152 2448 3344 2503; x_wconf 86' lang='lat' dir='ltr'><strong>debeat</strong></span> <span class='ocrx_word' id='word_1_541' title='bbox 3393 2459 3451 2506; x_wconf 87' lang='lat' dir='ltr'><strong>et</strong></span> 
     </span>
    </p>
   </div>
   <div class='ocr_carea' id='block_1_70' title="bbox 1886 2535 3449 2609">
    <p class='ocr_par' dir='ltr' id='par_1_70' title="bbox 1886 2535 3449 2609">
     <span class='ocr_line' id='line_1_70' title="bbox 1886 2535 3449 2609; baseline 0.006 -23"><span class='ocrx_word' id='word_1_542' title='bbox 1886 2535 2088 2596; x_wconf 88' lang='lat' dir='ltr'><strong>curari,</strong></span> <span class='ocrx_word' id='word_1_543' title='bbox 2116 2549 2180 2588; x_wconf 79' lang='lat' dir='ltr'><strong>ex</strong></span> <span class='ocrx_word' id='word_1_544' title='bbox 2213 2550 2318 2603; x_wconf 87' lang='lat' dir='ltr'><strong>quo</strong></span> <span class='ocrx_word' id='word_1_545' title='bbox 2345 2535 2589 2590; x_wconf 81' lang='lat' dir='ltr'><strong>fortassis</strong></span> <span class='ocrx_word' id='word_1_546' title='bbox 2613 2544 2669 2590; x_wconf 91' lang='lat' dir='ltr'><strong>et</strong></span> <span class='ocrx_word' id='word_1_547' title='bbox 2690 2537 2870 2591; x_wconf 75' lang='lat' dir='ltr'><strong>caeteri</strong></span> <span class='ocrx_word' id='word_1_548' title='bbox 2897 2537 3151 2593; x_wconf 74' lang='lat' dir='ltr'><strong>aediﬁcari</strong></span> <span class='ocrx_word' id='word_1_549' title='bbox 3175 2549 3449 2609; x_wconf 84' lang='lat' dir='ltr'><strong>paterunt,</strong></span> 
     </span>
    </p>
   </div>
   <div class='ocr_carea' id='block_1_71' title="bbox 1885 2627 3446 2700">
    <p class='ocr_par' dir='ltr' id='par_1_71' title="bbox 1885 2627 3446 2700">
     <span class='ocr_line' id='line_1_71' title="bbox 1885 2627 3446 2700; baseline 0.005 -20"><span class='ocrx_word' id='word_1_550' title='bbox 1885 2636 1941 2680; x_wconf 90' lang='lat' dir='ltr'><strong>et</strong></span> <span class='ocrx_word' id='word_1_551' title='bbox 1987 2638 2039 2680; x_wconf 83' lang='lat' dir='ltr'><strong>tu</strong></span> <span class='ocrx_word' id='word_1_552' title='bbox 2070 2628 2182 2696; x_wconf 91' lang='lat' dir='ltr'><strong>ipse</strong></span> <span class='ocrx_word' id='word_1_553' title='bbox 2218 2627 2374 2682; x_wconf 81' lang='lat' dir='ltr'><strong>facile</strong></span> <span class='ocrx_word' id='word_1_554' title='bbox 2424 2629 2628 2695; x_wconf 89' lang='lat' dir='ltr'><strong>sanari,</strong></span> <span class='ocrx_word' id='word_1_555' title='bbox 2679 2629 2844 2684; x_wconf 90' lang='lat' dir='ltr'><strong>multa</strong></span> <span class='ocrx_word' id='word_1_556' title='bbox 2878 2630 2981 2684; x_wconf 89' lang='lat' dir='ltr'><strong>hoc</strong></span> <span class='ocrx_word' id='word_1_557' title='bbox 3032 2632 3446 2700; x_wconf 89' lang='lat' dir='ltr'><strong>deliberatione,</strong></span> 
     </span>
    </p>
   </div>
   <div class='ocr_carea' id='block_1_72' title="bbox 1885 2717 3447 2792">
    <p class='ocr_par' dir='ltr' id='par_1_72' title="bbox 1885 2717 3447 2792">
     <span class='ocr_line' id='line_1_72' title="bbox 1885 2717 3447 2792; baseline 0.003 -20"><span class='ocrx_word' id='word_1_558' title='bbox 1885 2726 1939 2772; x_wconf 90' lang='lat' dir='ltr'><strong>et</strong></span> <span class='ocrx_word' id='word_1_559' title='bbox 1976 2717 2108 2772; x_wconf 87' lang='lat' dir='ltr'><strong>satis</strong></span> <span class='ocrx_word' id='word_1_560' title='bbox 2137 2719 2313 2786; x_wconf 89' lang='lat' dir='ltr'><strong>perito</strong></span> <span class='ocrx_word' id='word_1_561' title='bbox 2359 2718 2550 2773; x_wconf 89' lang='lat' dir='ltr'><strong>medici</strong></span> <span class='ocrx_word' id='word_1_562' title='bbox 2585 2719 2727 2774; x_wconf 82' lang='lat' dir='ltr'><strong>illius</strong></span> <span class='ocrx_word' id='word_1_563' title='bbox 2773 2721 3000 2776; x_wconf 90' lang='lat' dir='ltr'><strong>consilio</strong></span> <span class='ocrx_word' id='word_1_564' title='bbox 3050 2724 3447 2792; x_wconf 90' lang='lat' dir='ltr'><strong>procurandum</strong></span> 
     </span>
    </p>
   </div>
   <div class='ocr_carea' id='block_1_73' title="bbox 1885 2809 3446 2883">
    <p class='ocr_par' dir='ltr' id='par_1_73' title="bbox 1885 2809 3446 2883">
     <span class='ocr_line' id='line_1_73' title="bbox 1885 2809 3446 2883; baseline 0.003 -19"><span class='ocrx_word' id='word_1_565' title='bbox 1885 2819 1986 2864; x_wconf 87' lang='lat' dir='ltr'><strong>est.</strong></span> <span class='ocrx_word' id='word_1_566' title='bbox 2045 2809 2307 2876; x_wconf 80' lang='lat' dir='ltr'><strong>Quoniam</strong></span> <span class='ocrx_word' id='word_1_567' title='bbox 2351 2812 2678 2883; x_wconf 79' lang='lat' dir='ltr'><strong>iniquitatem</strong></span> <span class='ocrx_word' id='word_1_568' title='bbox 2722 2829 2891 2866; x_wconf 82' lang='lat' dir='ltr'><strong>meam</strong></span> <span class='ocrx_word' id='word_1_569' title='bbox 2941 2830 3034 2882; x_wconf 83' lang='lat' dir='ltr'><strong>ego</strong></span> <span class='ocrx_word' id='word_1_570' title='bbox 3075 2815 3446 2883; x_wconf 77' lang='lat' dir='ltr'><strong>pronuntiabo,</strong></span> 
     </span>
    </p>
   </div>
   <div class='ocr_carea' id='block_1_74' title="bbox 1885 2901 3446 2974">
    <p class='ocr_par' dir='ltr' id='par_1_74' title="bbox 1885 2901 3446 2974">
     <span class='ocr_line' id='line_1_74' title="bbox 1885 2901 3446 2974; baseline 0.001 -19"><span class='ocrx_word' id='word_1_571' title='bbox 1885 2911 1934 2956; x_wconf 81' lang='lat' dir='ltr'><strong>et</strong></span> <span class='ocrx_word' id='word_1_572' title='bbox 1980 2901 2217 2970; x_wconf 85' lang='lat' dir='ltr'><strong>cogitabo</strong></span> <span class='ocrx_word' id='word_1_573' title='bbox 2256 2916 2350 2968; x_wconf 85' lang='lat' dir='ltr'><strong>pro</strong></span> <span class='ocrx_word' id='word_1_574' title='bbox 2399 2911 2612 2969; x_wconf 83' lang='lat' dir='ltr'><strong>peccato</strong></span> <span class='ocrx_word' id='word_1_575' title='bbox 2659 2919 2794 2956; x_wconf 90' lang='lat' dir='ltr'><strong>meo.</strong></span> <span class='ocrx_word' id='word_1_576' title='bbox 2858 2903 3178 2974; x_wconf 87' lang='lat' dir='ltr'><strong>Quicunque</strong></span> <span class='ocrx_word' id='word_1_577' title='bbox 3207 2915 3446 2959; x_wconf 87' lang='lat' dir='ltr'><strong>vestrum</strong></span> 
     </span>
    </p>
   </div>
   <div class='ocr_carea' id='block_1_75' title="bbox 1884 2991 3450 3061">
    <p class='ocr_par' dir='ltr' id='par_1_75' title="bbox 1884 2991 3450 3061">
     <span class='ocr_line' id='line_1_75' title="bbox 1884 2991 3450 3061; baseline 0.002 -14"><span class='ocrx_word' id='word_1_578' title='bbox 1884 2991 2133 3047; x_wconf 88' lang='lat' dir='ltr'><strong>conscius</strong></span> <span class='ocrx_word' id='word_1_579' title='bbox 2175 2993 2277 3047; x_wconf 89' lang='lat' dir='ltr'><strong>sibi</strong></span> <span class='ocrx_word' id='word_1_580' title='bbox 2309 3001 2394 3047; x_wconf 91' lang='lat' dir='ltr'><strong>est</strong></span> <span class='ocrx_word' id='word_1_581' title='bbox 2439 2992 2490 3045; x_wconf 92' lang='lat' dir='ltr'><strong>in</strong></span> <span class='ocrx_word' id='word_1_582' title='bbox 2526 2993 2711 3061; x_wconf 84' lang='lat' dir='ltr'><strong>aliquo</strong></span> <span class='ocrx_word' id='word_1_583' title='bbox 2757 3002 3002 3061; x_wconf 89' lang='lat' dir='ltr'><strong>peccato,</strong></span> <span class='ocrx_word' id='word_1_584' title='bbox 3032 3004 3086 3048; x_wconf 90' lang='lat' dir='ltr'><strong>et</strong></span> <span class='ocrx_word' id='word_1_585' title='bbox 3113 2997 3188 3048; x_wconf 91' lang='lat' dir='ltr'><strong>ita</strong></span> <span class='ocrx_word' id='word_1_586' title='bbox 3224 3009 3450 3050; x_wconf 76' lang='lat' dir='ltr'><strong>securus</strong></span> 
     </span>
    </p>
   </div>
   <div class='ocr_carea' id='block_1_76' title="bbox 1883 3082 3448 3152">
    <p class='ocr_par' dir='ltr' id='par_1_76' title="bbox 1883 3082 3448 3152">
     <span class='ocr_line' id='line_1_76' title="bbox 1883 3082 3448 3152; baseline 0.001 -14"><span class='ocrx_word' id='word_1_587' title='bbox 1883 3091 1966 3138; x_wconf 91' lang='lat' dir='ltr'><strong>est</strong></span> <span class='ocrx_word' id='word_1_588' title='bbox 2011 3083 2162 3152; x_wconf 89' lang='lat' dir='ltr'><strong>quasi</strong></span> <span class='ocrx_word' id='word_1_589' title='bbox 2198 3082 2330 3136; x_wconf 88' lang='lat' dir='ltr'><strong>nihil</strong></span> <span class='ocrx_word' id='word_1_590' title='bbox 2377 3083 2502 3136; x_wconf 90' lang='lat' dir='ltr'><strong>mali</strong></span> <span class='ocrx_word' id='word_1_591' title='bbox 2553 3083 2762 3148; x_wconf 82' lang='lat' dir='ltr'><strong>fecerit,</strong></span> <span class='ocrx_word' id='word_1_592' title='bbox 2796 3095 3204 3139; x_wconf 85' lang='lat' dir='ltr'><strong>commoveatur</strong></span> <span class='ocrx_word' id='word_1_593' title='bbox 3231 3101 3298 3140; x_wconf 83' lang='lat' dir='ltr'><strong>ex</strong></span> <span class='ocrx_word' id='word_1_594' title='bbox 3343 3087 3448 3139; x_wconf 89' lang='lat' dir='ltr'><strong>hoc</strong></span> 
     </span>
    </p>
   </div>
   <div class='ocr_carea' id='block_1_77' title="bbox 1882 3174 3448 3244">
    <p class='ocr_par' dir='ltr' id='par_1_77' title="bbox 1882 3174 3448 3244">
     <span class='ocr_line' id='line_1_77' title="bbox 1882 3174 3448 3244; baseline -0.001 -13"><span class='ocrx_word' id='word_1_595' title='bbox 1882 3191 2133 3231; x_wconf 80' lang='lat' dir='ltr'><strong>sermone</strong></span> <span class='ocrx_word' id='word_1_596' title='bbox 2157 3175 2246 3244; x_wconf 88' lang='lat' dir='ltr'><strong>qui</strong></span> <span class='ocrx_word' id='word_1_597' title='bbox 2283 3174 2412 3229; x_wconf 91' lang='lat' dir='ltr'><strong>dicit</strong></span> <span class='ocrx_word' id='word_1_598' title='bbox 2446 3192 2460 3229; x_wconf 92' lang='lat'>:</span> <span class='ocrx_word' id='word_1_599' title='bbox 2494 3175 2745 3242; x_wconf 80' lang='lat' dir='ltr'><strong>Cogitabo</strong></span> <span class='ocrx_word' id='word_1_600' title='bbox 2788 3191 2884 3243; x_wconf 87' lang='lat' dir='ltr'><strong>pro</strong></span> <span class='ocrx_word' id='word_1_601' title='bbox 2933 3187 3140 3244; x_wconf 85' lang='lat' dir='ltr'><strong>peccato</strong></span> <span class='ocrx_word' id='word_1_602' title='bbox 3169 3193 3302 3230; x_wconf 86' lang='lat' dir='ltr'><strong>meo.</strong></span> <span class='ocrx_word' id='word_1_603' title='bbox 3342 3177 3448 3231; x_wconf 85' lang='lat' dir='ltr'><strong>Bo-</strong></span> 
     </span>
    </p>
   </div>
   <div class='ocr_carea' id='block_1_78' title="bbox 1881 3265 3447 3335">
    <p class='ocr_par' dir='ltr' id='par_1_78' title="bbox 1881 3265 3447 3335">
     <span class='ocr_line' id='line_1_78' title="bbox 1881 3265 3447 3335; baseline 0.003 -15"><span class='ocrx_word' id='word_1_604' title='bbox 1881 3283 2008 3320; x_wconf 88' lang='lat' dir='ltr'><strong>num</strong></span> <span class='ocrx_word' id='word_1_605' title='bbox 2039 3277 2124 3320; x_wconf 91' lang='lat' dir='ltr'><strong>est</strong></span> <span class='ocrx_word' id='word_1_606' title='bbox 2153 3280 2276 3319; x_wconf 87' lang='lat' dir='ltr'><strong>eum</strong></span> <span class='ocrx_word' id='word_1_607' title='bbox 2307 3266 2398 3334; x_wconf 86' lang='lat' dir='ltr'><strong>qui</strong></span> <span class='ocrx_word' id='word_1_608' title='bbox 2432 3265 2698 3334; x_wconf 90' lang='lat' dir='ltr'><strong>delinquit</strong></span> <span class='ocrx_word' id='word_1_609' title='bbox 2725 3281 2830 3321; x_wconf 89' lang='lat' dir='ltr'><strong>non</strong></span> <span class='ocrx_word' id='word_1_610' title='bbox 2864 3281 2986 3322; x_wconf 89' lang='lat' dir='ltr'><strong>esse</strong></span> <span class='ocrx_word' id='word_1_611' title='bbox 3032 3282 3310 3335; x_wconf 89' lang='lat' dir='ltr'><strong>securum,</strong></span> <span class='ocrx_word' id='word_1_612' title='bbox 3345 3282 3447 3324; x_wconf 88' lang='lat' dir='ltr'><strong>nec</strong></span> 
     </span>
    </p>
   </div>
   <div class='ocr_carea' id='block_1_79' title="bbox 1882 3357 3445 3430">
    <p class='ocr_par' dir='ltr' id='par_1_79' title="bbox 1882 3357 3445 3430">
     <span class='ocr_line' id='line_1_79' title="bbox 1882 3357 3445 3430; baseline 0.002 -18"><span class='ocrx_word' id='word_1_613' title='bbox 1882 3357 2027 3412; x_wconf 88' lang='lat' dir='ltr'><strong>velut</strong></span> <span class='ocrx_word' id='word_1_614' title='bbox 2052 3359 2142 3428; x_wconf 90' lang='lat' dir='ltr'><strong>qui</strong></span> <span class='ocrx_word' id='word_1_615' title='bbox 2173 3357 2306 3411; x_wconf 89' lang='lat' dir='ltr'><strong>nihil</strong></span> <span class='ocrx_word' id='word_1_616' title='bbox 2333 3357 2642 3426; x_wconf 87' lang='lat' dir='ltr'><strong>deliquerit,</strong></span> <span class='ocrx_word' id='word_1_617' title='bbox 2673 3358 2876 3412; x_wconf 88' lang='lat' dir='ltr'><strong>nullam</strong></span> <span class='ocrx_word' id='word_1_618' title='bbox 2899 3359 3316 3415; x_wconf 88' lang='lat' dir='ltr'><strong>sollicitudinem</strong></span> <span class='ocrx_word' id='word_1_619' title='bbox 3347 3375 3445 3430; x_wconf 83' lang='lat' dir='ltr'><strong>ge-</strong></span> 
     </span>
    </p>
   </div>
   <div class='ocr_carea' id='block_1_80' title="bbox 1881 3449 3444 3520">
    <p class='ocr_par' dir='ltr' id='par_1_80' title="bbox 1881 3449 3444 3520">
     <span class='ocr_line' id='line_1_80' title="bbox 1881 3449 3444 3520; baseline 0 -16"><span class='ocrx_word' id='word_1_620' title='bbox 1881 3467 2022 3517; x_wconf 78' lang='lat' dir='ltr'><strong>rere,</strong></span> <span class='ocrx_word' id='word_1_621' title='bbox 2074 3465 2172 3505; x_wconf 88' lang='lat' dir='ltr'><strong>nec</strong></span> <span class='ocrx_word' id='word_1_622' title='bbox 2224 3451 2466 3520; x_wconf 87' lang='lat' dir='ltr'><strong>cogitare</strong></span> <span class='ocrx_word' id='word_1_623' title='bbox 2518 3449 2788 3518; x_wconf 86' lang='lat' dir='ltr'><strong>quomodo</strong></span> <span class='ocrx_word' id='word_1_624' title='bbox 2837 3450 3008 3518; x_wconf 91' lang='lat' dir='ltr'><strong>possit</strong></span> <span class='ocrx_word' id='word_1_625' title='bbox 3054 3465 3212 3504; x_wconf 91' lang='lat' dir='ltr'><strong>suum</strong></span> <span class='ocrx_word' id='word_1_626' title='bbox 3263 3450 3444 3506; x_wconf 88' lang='lat' dir='ltr'><strong>delere</strong></span> 
     </span>
    </p>
   </div>
   <div class='ocr_carea' id='block_1_81' title="bbox 1879 3539 3445 3610">
    <p class='ocr_par' dir='ltr' id='par_1_81' title="bbox 1879 3539 3445 3610">
     <span class='ocr_line' id='line_1_81' title="bbox 1879 3539 3445 3610; baseline 0 -18"><span class='ocrx_word' id='word_1_627' title='bbox 1879 3551 2182 3610; x_wconf 89' lang='lat' dir='ltr'><strong>peccatum.</strong></span> <span class='ocrx_word' id='word_1_628' title='bbox 2227 3539 2283 3594; x_wconf 85' lang='lat' dir='ltr'><strong>Si</strong></span> <span class='ocrx_word' id='word_1_629' title='bbox 2318 3541 2368 3592; x_wconf 90' lang='lat' dir='ltr'><strong>in</strong></span> <span class='ocrx_word' id='word_1_630' title='bbox 2399 3553 2628 3608; x_wconf 89' lang='lat' dir='ltr'><strong>corpore</strong></span> <span class='ocrx_word' id='word_1_631' title='bbox 2650 3546 2742 3592; x_wconf 89' lang='lat' dir='ltr'><strong>tuo</strong></span> <span class='ocrx_word' id='word_1_632' title='bbox 2773 3539 2980 3593; x_wconf 86' lang='lat' dir='ltr'><strong>macula</strong></span> <span class='ocrx_word' id='word_1_633' title='bbox 3011 3539 3190 3609; x_wconf 87' lang='lat' dir='ltr'><strong>aliqua</strong></span> <span class='ocrx_word' id='word_1_634' title='bbox 3217 3540 3302 3595; x_wconf 84' lang='lat' dir='ltr'><strong>vel</strong></span> <span class='ocrx_word' id='word_1_635' title='bbox 3328 3539 3445 3593; x_wconf 89' lang='lat' dir='ltr'><strong>vul-</strong></span> 
     </span>
    </p>
   </div>
   <div class='ocr_carea' id='block_1_82' title="bbox 1880 3627 3439 3697">
    <p class='ocr_par' dir='ltr' id='par_1_82' title="bbox 1880 3627 3439 3697">
     <span class='ocr_line' id='line_1_82' title="bbox 1880 3627 3439 3697; baseline 0.001 -12"><span class='ocrx_word' id='word_1_636' title='bbox 1880 3646 1980 3685; x_wconf 91' lang='lat' dir='ltr'><strong>nus</strong></span> <span class='ocrx_word' id='word_1_637' title='bbox 2013 3632 2241 3693; x_wconf 89' lang='lat' dir='ltr'><strong>oriatur,</strong></span> <span class='ocrx_word' id='word_1_638' title='bbox 2290 3638 2383 3682; x_wconf 91' lang='lat' dir='ltr'><strong>aut</strong></span> <span class='ocrx_word' id='word_1_639' title='bbox 2429 3644 2494 3682; x_wconf 74' lang='lat' dir='ltr'><strong>ex</strong></span> <span class='ocrx_word' id='word_1_640' title='bbox 2540 3627 2821 3682; x_wconf 88' lang='lat' dir='ltr'><strong>collisione</strong></span> <span class='ocrx_word' id='word_1_641' title='bbox 2866 3627 3041 3697; x_wconf 88' lang='lat' dir='ltr'><strong>aliqua</strong></span> <span class='ocrx_word' id='word_1_642' title='bbox 3093 3629 3439 3694; x_wconf 88' lang='lat' dir='ltr'><strong>intumescat,</strong></span> 
     </span>
    </p>
   </div>
   <div class='ocr_carea' id='block_1_83' title="bbox 1877 3719 3440 3789">
    <p class='ocr_par' dir='ltr' id='par_1_83' title="bbox 1877 3719 3440 3789">
     <span class='ocr_line' id='line_1_83' title="bbox 1877 3719 3440 3789; baseline -0.001 -11"><span class='ocrx_word' id='word_1_643' title='bbox 1877 3723 2140 3778; x_wconf 90' lang='lat' dir='ltr'><strong>sollicitus</strong></span> <span class='ocrx_word' id='word_1_644' title='bbox 2174 3737 2233 3776; x_wconf 90' lang='lat' dir='ltr'><strong>es</strong></span> <span class='ocrx_word' id='word_1_645' title='bbox 2271 3729 2328 3775; x_wconf 91' lang='lat' dir='ltr'><strong>et</strong></span> <span class='ocrx_word' id='word_1_646' title='bbox 2377 3720 2644 3789; x_wconf 82' lang='lat' dir='ltr'><strong>perquiris</strong></span> <span class='ocrx_word' id='word_1_647' title='bbox 2695 3719 2827 3789; x_wconf 86' lang='lat' dir='ltr'><strong>quid</strong></span> <span class='ocrx_word' id='word_1_648' title='bbox 2877 3734 3018 3774; x_wconf 74' lang='lat' dir='ltr'><strong>cura:</strong></span> <span class='ocrx_word' id='word_1_649' title='bbox 3051 3719 3249 3776; x_wconf 88' lang='lat' dir='ltr'><strong>debeat</strong></span> <span class='ocrx_word' id='word_1_650' title='bbox 3283 3723 3440 3777; x_wconf 82' lang='lat' dir='ltr'><strong>adhi-</strong></span> 
     </span>
    </p>
   </div>
   <div class='ocr_carea' id='block_1_84' title="bbox 1877 3810 3442 3883">
    <p class='ocr_par' dir='ltr' id='par_1_84' title="bbox 1877 3810 3442 3883">
     <span class='ocr_line' id='line_1_84' title="bbox 1877 3810 3442 3883; baseline 0 -15"><span class='ocrx_word' id='word_1_651' title='bbox 1877 3815 2014 3877; x_wconf 89' lang='lat' dir='ltr'><strong>heri,</strong></span> <span class='ocrx_word' id='word_1_652' title='bbox 2067 3814 2339 3883; x_wconf 90' lang='lat' dir='ltr'><strong>quomodo</strong></span> <span class='ocrx_word' id='word_1_653' title='bbox 2385 3812 2600 3880; x_wconf 88' lang='lat' dir='ltr'><strong>corpori</strong></span> <span class='ocrx_word' id='word_1_654' title='bbox 2651 3810 2858 3864; x_wconf 86' lang='lat' dir='ltr'><strong>sanitas</strong></span> <span class='ocrx_word' id='word_1_655' title='bbox 2893 3810 3112 3878; x_wconf 88' lang='lat' dir='ltr'><strong>antiqua</strong></span> <span class='ocrx_word' id='word_1_656' title='bbox 3160 3811 3442 3868; x_wconf 85' lang='lat' dir='ltr'><strong>reddatur.</strong></span> 
     </span>
    </p>
   </div>
   <div class='ocr_carea' id='block_1_85' title="bbox 1877 3900 3439 3971">
    <p class='ocr_par' dir='ltr' id='par_1_85' title="bbox 1877 3900 3439 3971">
     <span class='ocr_line' id='line_1_85' title="bbox 1877 3900 3439 3971; baseline -0.003 -11"><span class='ocrx_word' id='word_1_657' title='bbox 1877 3907 1934 3961; x_wconf 95' lang='lat' dir='ltr'><strong>Si</strong></span> <span class='ocrx_word' id='word_1_658' title='bbox 1968 3906 2110 3959; x_wconf 87' lang='lat' dir='ltr'><strong>circa</strong></span> <span class='ocrx_word' id='word_1_659' title='bbox 2133 3904 2318 3958; x_wconf 89' lang='lat' dir='ltr'><strong>oculos</strong></span> <span class='ocrx_word' id='word_1_660' title='bbox 2349 3918 2408 3957; x_wconf 89' lang='lat' dir='ltr'><strong>se</strong></span> <span class='ocrx_word' id='word_1_661' title='bbox 2435 3903 2628 3971; x_wconf 90' lang='lat' dir='ltr'><strong>aliquis</strong></span> <span class='ocrx_word' id='word_1_662' title='bbox 2656 3902 2884 3955; x_wconf 86' lang='lat' dir='ltr'><strong>acerbus</strong></span> <span class='ocrx_word' id='word_1_663' title='bbox 2931 3900 3125 3955; x_wconf 89' lang='lat' dir='ltr'><strong>humor</strong></span> <span class='ocrx_word' id='word_1_664' title='bbox 3157 3901 3439 3967; x_wconf 85' lang='lat' dir='ltr'><strong>infuderit,</strong></span> 
     </span>
    </p>
   </div>
   <div class='ocr_carea' id='block_1_86' title="bbox 1873 3991 3444 4062">
    <p class='ocr_par' dir='ltr' id='par_1_86' title="bbox 1873 3991 3444 4062">
     <span class='ocr_line' id='line_1_86' title="bbox 1873 3991 3444 4062; baseline -0.005 -10"><span class='ocrx_word' id='word_1_665' title='bbox 1873 3996 2138 4052; x_wconf 85' lang='lat' dir='ltr'><strong>sollicitus</strong></span> <span class='ocrx_word' id='word_1_666' title='bbox 2183 4009 2264 4059; x_wconf 88' lang='lat' dir='ltr'><strong>es,</strong></span> <span class='ocrx_word' id='word_1_667' title='bbox 2311 4003 2367 4048; x_wconf 90' lang='lat' dir='ltr'><strong>et</strong></span> <span class='ocrx_word' id='word_1_668' title='bbox 2409 3993 2684 4062; x_wconf 88' lang='lat' dir='ltr'><strong>perquiris</strong></span> <span class='ocrx_word' id='word_1_669' title='bbox 2730 3991 2999 4061; x_wconf 88' lang='lat' dir='ltr'><strong>quomodo</strong></span> <span class='ocrx_word' id='word_1_670' title='bbox 3041 4006 3336 4048; x_wconf 82' lang='lat' dir='ltr'><strong>succurras</strong></span> <span class='ocrx_word' id='word_1_671' title='bbox 3390 4008 3444 4045; x_wconf 80' lang='lat' dir='ltr'><strong>et.</strong></span> 
     </span>
    </p>
   </div>
   <div class='ocr_carea' id='block_1_87' title="bbox 1875 4079 3446 4156">
    <p class='ocr_par' dir='ltr' id='par_1_87' title="bbox 1875 4079 3446 4156">
     <span class='ocr_line' id='line_1_87' title="bbox 1875 4079 3446 4156; baseline -0.003 -17"><span class='ocrx_word' id='word_1_672' title='bbox 1875 4086 2174 4156; x_wconf 66' lang='lat' dir='ltr'><strong>praevenias</strong></span> <span class='ocrx_word' id='word_1_673' title='bbox 2221 4081 2545 4137; x_wconf 60' lang='lat' dir='ltr'><strong>caecitatem.</strong></span> <span class='ocrx_word' id='word_1_674' title='bbox 2604 4079 2739 4136; x_wconf 86' lang='lat' dir='ltr'><strong>Cum</strong></span> <span class='ocrx_word' id='word_1_675' title='bbox 2783 4081 2961 4135; x_wconf 90' lang='lat' dir='ltr'><strong>anima</strong></span> <span class='ocrx_word' id='word_1_676' title='bbox 2991 4091 3078 4134; x_wconf 89' lang='lat' dir='ltr'><strong>tua</strong></span> <span class='ocrx_word' id='word_1_677' title='bbox 3109 4091 3362 4150; x_wconf 85' lang='lat' dir='ltr'><strong>aegrotet,</strong></span> <span class='ocrx_word' id='word_1_678' title='bbox 3393 4097 3446 4135; x_wconf 83' lang='lat' dir='ltr'><strong>et</strong></span> 
     </span>
    </p>
   </div>
   <div class='ocr_carea' id='block_1_88' title="bbox 1870 4169 3445 4245">
    <p class='ocr_par' dir='ltr' id='par_1_88' title="bbox 1870 4169 3445 4245">
     <span class='ocr_line' id='line_1_88' title="bbox 1870 4169 3445 4245; baseline -0.004 -15"><span class='ocrx_word' id='word_1_679' title='bbox 1870 4183 2220 4245; x_wconf 89' lang='lat' dir='ltr'><strong>peccatorum</strong></span> <span class='ocrx_word' id='word_1_680' title='bbox 2249 4169 2598 4238; x_wconf 82' lang='lat' dir='ltr'><strong>languoribus</strong></span> <span class='ocrx_word' id='word_1_681' title='bbox 2621 4181 2900 4239; x_wconf 81' lang='lat' dir='ltr'><strong>urgeatur,</strong></span> <span class='ocrx_word' id='word_1_682' title='bbox 2928 4184 3155 4224; x_wconf 86' lang='lat' dir='ltr'><strong>securus</strong></span> <span class='ocrx_word' id='word_1_683' title='bbox 3183 4185 3264 4234; x_wconf 89' lang='lat' dir='ltr'><strong>es,</strong></span> <span class='ocrx_word' id='word_1_684' title='bbox 3309 4185 3445 4225; x_wconf 90' lang='lat' dir='ltr'><strong>con-</strong></span> 
     </span>
    </p>
   </div>
   <div class='ocr_carea' id='block_1_89' title="bbox 1875 4263 3444 4340">
    <p class='ocr_par' dir='ltr' id='par_1_89' title="bbox 1875 4263 3444 4340">
     <span class='ocr_line' id='line_1_89' title="bbox 1875 4263 3444 4340; baseline -0.004 -18"><span class='ocrx_word' id='word_1_685' title='bbox 1875 4268 2070 4323; x_wconf 86' lang='lat' dir='ltr'><strong>temnis</strong></span> <span class='ocrx_word' id='word_1_686' title='bbox 2095 4267 2400 4337; x_wconf 84' lang='lat' dir='ltr'><strong>gehennam</strong></span> <span class='ocrx_word' id='word_1_687' title='bbox 2435 4273 2599 4334; x_wconf 89' lang='lat' dir='ltr'><strong>atque</strong></span> <span class='ocrx_word' id='word_1_688' title='bbox 2648 4265 2789 4340; x_wconf 80' lang='lat' dir='ltr'><strong>ignis</strong></span> <span class='ocrx_word' id='word_1_689' title='bbox 2820 4263 3012 4318; x_wconf 64' lang='lat' dir='ltr'><strong>aeterni</strong></span> <span class='ocrx_word' id='word_1_690' title='bbox 3046 4264 3307 4333; x_wconf 86' lang='lat' dir='ltr'><strong>supplicia</strong></span> <span class='ocrx_word' id='word_1_691' title='bbox 3353 4265 3444 4318; x_wconf 84' lang='lat' dir='ltr'><strong>de-</strong></span> 
     </span>
    </p>
   </div>
   <div class='ocr_carea' id='block_1_90' title="bbox 223 4351 1783 4429">
    <p class='ocr_par' dir='ltr' id='par_1_90' title="bbox 223 4357 1767 4429">
     <span class='ocr_line' id='line_1_90' title="bbox 223 4357 1767 4429; baseline 0.006 -16"><span class='ocrx_word' id='word_1_692' title='bbox 223 4373 399 4413; x_wconf 88' lang='lat' dir='ltr'><strong>omnes</strong></span> <span class='ocrx_word' id='word_1_693' title='bbox 422 4357 706 4414; x_wconf 85' lang='lat' dir='ltr'><strong>facultates</strong></span> <span class='ocrx_word' id='word_1_694' title='bbox 735 4358 934 4428; x_wconf 89' lang='lat' dir='ltr'><strong>perire,</strong></span> <span class='ocrx_word' id='word_1_695' title='bbox 967 4361 1284 4429; x_wconf 86' lang='lat' dir='ltr'><strong>depereant,</strong></span> <span class='ocrx_word' id='word_1_696' title='bbox 1316 4372 1524 4418; x_wconf 90' lang='lat' dir='ltr'><strong>tantum</strong></span> <span class='ocrx_word' id='word_1_697' title='bbox 1551 4382 1620 4422; x_wconf 88' lang='lat' dir='ltr'><strong>ne</strong></span> <span class='ocrx_word' id='word_1_698' title='bbox 1648 4369 1767 4421; x_wconf 91' lang='lat' dir='ltr'><strong>ani-</strong></span> 
     </span>
    </p>
   </div>
   <div class='ocr_carea' id='block_1_91' title="bbox 1885 4351 3444 4429">
    <p class='ocr_par' dir='ltr' id='par_1_91' title="bbox 1885 4351 3444 4427">
     <span class='ocr_line' id='line_1_91' title="bbox 1885 4351 3444 4427; baseline -0.003 -15"><span class='ocrx_word' id='word_1_699' title='bbox 1885 4358 2037 4427; x_wconf 76' lang='lat' dir='ltr'><strong>spicis</strong></span> <span class='ocrx_word' id='word_1_700' title='bbox 2086 4365 2142 4411; x_wconf 87' lang='lat' dir='ltr'><strong>et</strong></span> <span class='ocrx_word' id='word_1_701' title='bbox 2187 4355 2426 4412; x_wconf 87' lang='lat' dir='ltr'><strong>irrides?</strong></span> <span class='ocrx_word' id='word_1_702' title='bbox 2471 4353 2738 4408; x_wconf 87' lang='lat' dir='ltr'><strong>Judicium</strong></span> <span class='ocrx_word' id='word_1_703' title='bbox 2790 4351 2885 4406; x_wconf 86' lang='lat' dir='ltr'><strong>D&#39;ei</strong></span> <span class='ocrx_word' id='word_1_704' title='bbox 2942 4352 3325 4423; x_wconf 87' lang='lat' dir='ltr'><strong>parvipendis,</strong></span> <span class='ocrx_word' id='word_1_705' title='bbox 3389 4362 3444 4408; x_wconf 87' lang='lat' dir='ltr'><strong>et</strong></span> 
     </span>
    </p>
   </div>
   <div class='ocr_carea' id='block_1_92' title="bbox 225 4449 1767 4520">
    <p class='ocr_par' dir='ltr' id='par_1_92' title="bbox 225 4449 1767 4520">
     <span class='ocr_line' id='line_1_92' title="bbox 225 4449 1767 4520; baseline 0.006 -16"><span class='ocrx_word' id='word_1_706' title='bbox 225 4465 305 4504; x_wconf 85' lang='lat' dir='ltr'><strong>tua</strong></span> <span class='ocrx_word' id='word_1_707' title='bbox 333 4459 513 4518; x_wconf 86' lang='lat' dir='ltr'><strong>pereat</strong></span> <span class='ocrx_word' id='word_1_708' title='bbox 566 4449 711 4518; x_wconf 89' lang='lat' dir='ltr'><strong>apud</strong></span> <span class='ocrx_word' id='word_1_709' title='bbox 763 4459 838 4505; x_wconf 90' lang='lat' dir='ltr'><strong>te.</strong></span> <span class='ocrx_word' id='word_1_710' title='bbox 879 4450 935 4503; x_wconf 89' lang='lat' dir='ltr'><strong>Si</strong></span> <span class='ocrx_word' id='word_1_711' title='bbox 967 4463 1064 4520; x_wconf 87' lang='lat' dir='ltr'><strong>per</strong></span> <span class='ocrx_word' id='word_1_712' title='bbox 1113 4459 1340 4505; x_wconf 88' lang='lat' dir='ltr'><strong>mortem</strong></span> <span class='ocrx_word' id='word_1_713' title='bbox 1385 4453 1676 4511; x_wconf 88' lang='lat' dir='ltr'><strong>charorum</strong></span> <span class='ocrx_word' id='word_1_714' title='bbox 1711 4467 1767 4513; x_wconf 91' lang='lat' dir='ltr'><strong>et</strong></span> 
     </span>
    </p>
   </div>
   <div class='ocr_carea' id='block_1_93' title="bbox 224 4541 1766 4619">
    <p class='ocr_par' dir='ltr' id='par_1_93' title="bbox 224 4541 1766 4619">
     <span class='ocr_line' id='line_1_93' title="bbox 224 4541 1766 4619; baseline 0.005 -23"><span class='ocrx_word' id='word_1_715' title='bbox 224 4544 624 4614; x_wconf 87' lang='lat' dir='ltr'><strong>propinquorum</strong></span> <span class='ocrx_word' id='word_1_716' title='bbox 656 4542 737 4596; x_wconf 89' lang='lat' dir='ltr'><strong>vis</strong></span> <span class='ocrx_word' id='word_1_717' title='bbox 759 4557 844 4596; x_wconf 90' lang='lat' dir='ltr'><strong>me</strong></span> <span class='ocrx_word' id='word_1_718' title='bbox 868 4541 1106 4611; x_wconf 86' lang='lat' dir='ltr'><strong>purgari,</strong></span> <span class='ocrx_word' id='word_1_719' title='bbox 1125 4543 1432 4598; x_wconf 88' lang='lat' dir='ltr'><strong>moriantur</strong></span> <span class='ocrx_word' id='word_1_720' title='bbox 1450 4548 1615 4602; x_wconf 88' lang='lat' dir='ltr'><strong>etiam</strong></span> <span class='ocrx_word' id='word_1_721' title='bbox 1639 4549 1766 4619; x_wconf 90' lang='lat' dir='ltr'><strong>ipsi,</strong></span> 
     </span>
    </p>
   </div>
   <div class='ocr_carea' id='block_1_94' title="bbox 221 4632 1768 4704">
    <p class='ocr_par' dir='ltr' id='par_1_94' title="bbox 221 4632 1768 4704">
     <span class='ocr_line' id='line_1_94' title="bbox 221 4632 1768 4704; baseline 0.005 -14"><span class='ocrx_word' id='word_1_722' title='bbox 221 4644 276 4690; x_wconf 85' lang='lat' dir='ltr'><strong>ut</strong></span> <span class='ocrx_word' id='word_1_723' title='bbox 299 4643 349 4690; x_wconf 90' lang='lat' dir='ltr'><strong>et</strong></span> <span class='ocrx_word' id='word_1_724' title='bbox 373 4634 468 4704; x_wconf 90' lang='lat' dir='ltr'><strong>ipsi</strong></span> <span class='ocrx_word' id='word_1_725' title='bbox 491 4649 556 4688; x_wconf 81' lang='lat' dir='ltr'><strong>ex</strong></span> <span class='ocrx_word' id='word_1_726' title='bbox 580 4633 883 4702; x_wconf 77' lang='lat' dir='ltr'><strong>huiusmodi</strong></span> <span class='ocrx_word' id='word_1_727' title='bbox 906 4637 1133 4694; x_wconf 90' lang='lat' dir='ltr'><strong>vinculis</strong></span> <span class='ocrx_word' id='word_1_728' title='bbox 1173 4632 1490 4704; x_wconf 83' lang='lat' dir='ltr'><strong>liberentur,</strong></span> <span class='ocrx_word' id='word_1_729' title='bbox 1515 4639 1768 4694; x_wconf 84' lang='lat' dir='ltr'><strong>auferan-</strong></span> 
     </span>
    </p>
   </div>
   <div class='ocr_carea' id='block_1_95' title="bbox 226 4725 1762 4796">
    <p class='ocr_par' dir='ltr' id='par_1_95' title="bbox 226 4725 1762 4796">
     <span class='ocr_line' id='line_1_95' title="bbox 226 4725 1762 4796; baseline 0.004 -17"><span class='ocrx_word' id='word_1_730' title='bbox 226 4738 303 4780; x_wconf 91' lang='lat' dir='ltr'><strong>tur</strong></span> <span class='ocrx_word' id='word_1_731' title='bbox 326 4725 434 4789; x_wconf 87' lang='lat' dir='ltr'><strong>ﬂlii,</strong></span> <span class='ocrx_word' id='word_1_732' title='bbox 469 4725 592 4779; x_wconf 91' lang='lat' dir='ltr'><strong>dum</strong></span> <span class='ocrx_word' id='word_1_733' title='bbox 620 4725 796 4780; x_wconf 88' lang='lat' dir='ltr'><strong>adhuc</strong></span> <span class='ocrx_word' id='word_1_734' title='bbox 825 4730 973 4796; x_wconf 75' lang='lat' dir='ltr'><strong>pueri</strong></span> <span class='ocrx_word' id='word_1_735' title='bbox 1008 4739 1153 4794; x_wconf 90' lang='lat' dir='ltr'><strong>sunt,</strong></span> <span class='ocrx_word' id='word_1_736' title='bbox 1180 4739 1235 4783; x_wconf 92' lang='lat' dir='ltr'><strong>et</strong></span> <span class='ocrx_word' id='word_1_737' title='bbox 1262 4730 1314 4783; x_wconf 91' lang='lat' dir='ltr'><strong>in</strong></span> <span class='ocrx_word' id='word_1_738' title='bbox 1347 4728 1573 4784; x_wconf 89' lang='lat' dir='ltr'><strong>rudibus</strong></span> <span class='ocrx_word' id='word_1_739' title='bbox 1603 4731 1762 4785; x_wconf 79' lang='lat' dir='ltr'><strong>anuis</strong></span> 
     </span>
    </p>
   </div>
   <div class='ocr_carea' id='block_1_96' title="bbox 225 4818 1762 4891">
    <p class='ocr_par' dir='ltr' id='par_1_96' title="bbox 225 4818 1762 4891">
     <span class='ocr_line' id='line_1_96' title="bbox 225 4818 1762 4891; baseline 0.003 -18"><span class='ocrx_word' id='word_1_740' title='bbox 225 4818 366 4888; x_wconf 85' lang='lat' dir='ltr'><strong>positi</strong></span> <span class='ocrx_word' id='word_1_741' title='bbox 420 4818 656 4873; x_wconf 88' lang='lat' dir='ltr'><strong>nondum</strong></span> <span class='ocrx_word' id='word_1_742' title='bbox 710 4820 1050 4887; x_wconf 86' lang='lat' dir='ltr'><strong>gravioribus</strong></span> <span class='ocrx_word' id='word_1_743' title='bbox 1118 4831 1461 4891; x_wconf 87' lang='lat' dir='ltr'><strong>peccatorum</strong></span> <span class='ocrx_word' id='word_1_744' title='bbox 1510 4824 1762 4879; x_wconf 86' lang='lat' dir='ltr'><strong>sordibus</strong></span> 
     </span>
    </p>
   </div>
   <div class='ocr_carea' id='block_1_97' title="bbox 227 4911 1758 4984">
    <p class='ocr_par' dir='ltr' id='par_1_97' title="bbox 227 4911 1758 4984">
     <span class='ocr_line' id='line_1_97' title="bbox 227 4911 1758 4984; baseline 0.003 -18"><span class='ocrx_word' id='word_1_745' title='bbox 227 4911 454 4966; x_wconf 88' lang='lat' dir='ltr'><strong>maculati</strong></span> <span class='ocrx_word' id='word_1_746' title='bbox 501 4920 645 4967; x_wconf 86' lang='lat' dir='ltr'><strong>sunt.</strong></span> <span class='ocrx_word' id='word_1_747' title='bbox 703 4911 966 4967; x_wconf 88' lang='lat' dir='ltr'><strong>Omnibus</strong></span> <span class='ocrx_word' id='word_1_748' title='bbox 1000 4914 1161 4984; x_wconf 82' lang='lat' dir='ltr'><strong>igitur</strong></span> <span class='ocrx_word' id='word_1_749' title='bbox 1186 4914 1410 4983; x_wconf 82' lang='lat' dir='ltr'><strong>ﬂagellis</strong></span> <span class='ocrx_word' id='word_1_750' title='bbox 1457 4917 1758 4983; x_wconf 89' lang='lat' dir='ltr'><strong>emendari,</strong></span> 
     </span>
    </p>
   </div>
   <div class='ocr_carea' id='block_1_98' title="bbox 225 5005 1759 5075">
    <p class='ocr_par' dir='ltr' id='par_1_98' title="bbox 225 5005 1759 5075">
     <span class='ocr_line' id='line_1_98' title="bbox 225 5005 1759 5075; baseline 0.003 -17"><span class='ocrx_word' id='word_1_751' title='bbox 225 5005 583 5075; x_wconf 87' lang='lat' dir='ltr'><strong>verberariqne</strong></span> <span class='ocrx_word' id='word_1_752' title='bbox 613 5015 832 5074; x_wconf 90' lang='lat' dir='ltr'><strong>paratus</strong></span> <span class='ocrx_word' id='word_1_753' title='bbox 859 5019 998 5067; x_wconf 87' lang='lat' dir='ltr'><strong>sum,</strong></span> <span class='ocrx_word' id='word_1_754' title='bbox 1034 5015 1091 5060; x_wconf 89' lang='lat' dir='ltr'><strong>et</strong></span> <span class='ocrx_word' id='word_1_755' title='bbox 1135 5005 1272 5060; x_wconf 91' lang='lat' dir='ltr'><strong>nihil</strong></span> <span class='ocrx_word' id='word_1_756' title='bbox 1306 5007 1497 5060; x_wconf 88' lang='lat' dir='ltr'><strong>horum</strong></span> <span class='ocrx_word' id='word_1_757' title='bbox 1547 5023 1759 5074; x_wconf 90' lang='lat' dir='ltr'><strong>recuso,</strong></span> 
     </span>
    </p>
   </div>
   <div class='ocr_carea' id='block_1_99' title="bbox 226 5095 1762 5168">
    <p class='ocr_par' dir='ltr' id='par_1_99' title="bbox 226 5095 1762 5168">
     <span class='ocr_line' id='line_1_99' title="bbox 226 5095 1762 5168; baseline -0.001 -16"><span class='ocrx_word' id='word_1_758' title='bbox 226 5106 410 5152; x_wconf 90' lang='lat' dir='ltr'><strong>tantum</strong></span> <span class='ocrx_word' id='word_1_759' title='bbox 445 5108 502 5150; x_wconf 91' lang='lat' dir='ltr'><strong>ut</strong></span> <span class='ocrx_word' id='word_1_760' title='bbox 539 5096 799 5166; x_wconf 86' lang='lat' dir='ltr'><strong>supplicia</strong></span> <span class='ocrx_word' id='word_1_761' title='bbox 826 5096 1013 5150; x_wconf 63' lang='lat' dir='ltr'><strong>aeterni</strong></span> <span class='ocrx_word' id='word_1_762' title='bbox 1055 5095 1196 5166; x_wconf 90' lang='lat' dir='ltr'><strong>ignis</strong></span> <span class='ocrx_word' id='word_1_763' title='bbox 1224 5095 1496 5166; x_wconf 77' lang='lat' dir='ltr'><strong>eﬂ’ugiam.</strong></span> <span class='ocrx_word' id='word_1_764' title='bbox 1537 5097 1650 5168; x_wconf 85' lang='lat' dir='ltr'><strong>Ego</strong></span> <span class='ocrx_word' id='word_1_765' title='bbox 1674 5113 1762 5153; x_wconf 92' lang='lat' dir='ltr'><strong>er-</strong></span> 
     </span>
    </p>
   </div>
   <div class='ocr_carea' id='block_1_100' title="bbox 226 5186 1761 5260">
    <p class='ocr_par' dir='ltr' id='par_1_100' title="bbox 226 5186 1761 5260">
     <span class='ocr_line' id='line_1_100' title="bbox 226 5186 1761 5260; baseline -0.002 -15"><span class='ocrx_word' id='word_1_766' title='bbox 226 5205 284 5258; x_wconf 78' lang='lat' dir='ltr'><strong>go</strong></span> <span class='ocrx_word' id='word_1_767' title='bbox 306 5191 354 5244; x_wconf 90' lang='lat' dir='ltr'><strong>in</strong></span> <span class='ocrx_word' id='word_1_768' title='bbox 375 5189 582 5260; x_wconf 76' lang='lat' dir='ltr'><strong>ﬂagella</strong></span> <span class='ocrx_word' id='word_1_769' title='bbox 614 5198 826 5256; x_wconf 81' lang='lat' dir='ltr'><strong>paratus</strong></span> <span class='ocrx_word' id='word_1_770' title='bbox 858 5202 996 5249; x_wconf 74' lang='lat' dir='ltr'><strong>sum,</strong></span> <span class='ocrx_word' id='word_1_771' title='bbox 1027 5197 1076 5242; x_wconf 84' lang='lat' dir='ltr'><strong>et</strong></span> <span class='ocrx_word' id='word_1_772' title='bbox 1121 5186 1440 5241; x_wconf 66' lang='lat' dir='ltr'><strong>dolor‘meus</strong></span> <span class='ocrx_word' id='word_1_773' title='bbox 1469 5204 1648 5242; x_wconf 85' lang='lat' dir='ltr'><strong>coram</strong></span> <span class='ocrx_word' id='word_1_774' title='bbox 1681 5205 1761 5242; x_wconf 81' lang='lat' dir='ltr'><strong>me</strong></span> 
     </span>
    </p>
   </div>
   <div class='ocr_carea' id='block_1_101' title="bbox 226 5277 1756 5349">
    <p class='ocr_par' dir='ltr' id='par_1_101' title="bbox 226 5277 1756 5349">
     <span class='ocr_line' id='line_1_101' title="bbox 226 5277 1756 5349; baseline -0.003 -13"><span class='ocrx_word' id='word_1_775' title='bbox 226 5293 288 5336; x_wconf 84' lang='lat' dir='ltr'><strong>est</strong></span> <span class='ocrx_word' id='word_1_776' title='bbox 310 5297 512 5349; x_wconf 78' lang='lat' dir='ltr'><strong>semper.</strong></span> <span class='ocrx_word' id='word_1_777' title='bbox 547 5282 688 5334; x_wconf 86' lang='lat' dir='ltr'><strong>Ante</strong></span> <span class='ocrx_word' id='word_1_778' title='bbox 709 5279 894 5334; x_wconf 90' lang='lat' dir='ltr'><strong>oculos</strong></span> <span class='ocrx_word' id='word_1_779' title='bbox 917 5294 1066 5334; x_wconf 90' lang='lat' dir='ltr'><strong>meos</strong></span> <span class='ocrx_word' id='word_1_780' title='bbox 1091 5279 1264 5333; x_wconf 86' lang='lat' dir='ltr'><strong>habeo</strong></span> <span class='ocrx_word' id='word_1_781' title='bbox 1289 5277 1532 5332; x_wconf 89' lang='lat' dir='ltr'><strong>dolorem</strong></span> <span class='ocrx_word' id='word_1_782' title='bbox 1558 5291 1756 5343; x_wconf 87' lang='lat' dir='ltr'><strong>meum,</strong></span> 
     </span>
    </p>
   </div>
   <div class='ocr_carea' id='block_1_102' title="bbox 227 5367 1754 5442">
    <p class='ocr_par' dir='ltr' id='par_1_102' title="bbox 227 5367 1754 5442">
     <span class='ocr_line' id='line_1_102' title="bbox 227 5367 1754 5442; baseline -0.003 -16"><span class='ocrx_word' id='word_1_783' title='bbox 227 5383 280 5427; x_wconf 90' lang='lat' dir='ltr'><strong>ut</strong></span> <span class='ocrx_word' id='word_1_784' title='bbox 323 5373 520 5430; x_wconf 85' lang='lat' dir='ltr'><strong>futuros</strong></span> <span class='ocrx_word' id='word_1_785' title='bbox 568 5387 850 5442; x_wconf 89' lang='lat' dir='ltr'><strong>poenarum</strong></span> <span class='ocrx_word' id='word_1_786' title='bbox 899 5371 1116 5426; x_wconf 87' lang='lat' dir='ltr'><strong>dolores</strong></span> <span class='ocrx_word' id='word_1_787' title='bbox 1162 5367 1524 5440; x_wconf 63' lang='lat' dir='ltr'><strong>praesentibus</strong></span> <span class='ocrx_word' id='word_1_788' title='bbox 1555 5368 1754 5440; x_wconf 88' lang='lat' dir='ltr'><strong>possim</strong></span> 
     </span>
    </p>
   </div>
   <div class='ocr_carea' id='block_1_103' title="bbox 227 5464 869 5532">
    <p class='ocr_par' dir='ltr' id='par_1_103' title="bbox 227 5464 869 5532">
     <span class='ocr_line' id='line_1_103' title="bbox 227 5464 869 5532; baseline -0.005 -13"><span class='ocrx_word' id='word_1_789' title='bbox 227 5464 469 5519; x_wconf 86' lang='lat' dir='ltr'><strong>doloribus</strong></span> <span class='ocrx_word' id='word_1_790' title='bbox 497 5476 869 5532; x_wconf 90' lang='lat' dir='ltr'><strong>compensare.</strong></span> 
     </span>
    </p>
   </div>
   <div class='ocr_carea' id='block_1_104' title="bbox 292 5636 1352 5710">
    <p class='ocr_par' dir='ltr' id='par_1_104' title="bbox 292 5636 1352 5710">
     <span class='ocr_line' id='line_1_104' title="bbox 292 5636 1352 5710; baseline -0.008 -10"><span class='ocrx_word' id='word_1_791' title='bbox 292 5647 328 5678; x_wconf 78' lang='grc'><strong>⁸⁸</strong></span> <span class='ocrx_word' id='word_1_792' title='bbox 345 5647 482 5702; x_wconf 83' lang='lat' dir='ltr'><strong>Psal.</strong></span> <span class='ocrx_word' id='word_1_793' title='bbox 507 5663 676 5710; x_wconf 69' lang='lat' dir='ltr'><strong>nam,</strong></span> <span class='ocrx_word' id='word_1_794' title='bbox 706 5647 762 5700; x_wconf 75' lang='lat'><strong>2.</strong></span> <span class='ocrx_word' id='word_1_795' title='bbox 842 5643 886 5676; x_wconf 73' lang='grc' dir='ltr'>ι’</span> <span class='ocrx_word' id='word_1_796' title='bbox 916 5643 1063 5696; x_wconf 78' lang='lat' dir='ltr'><strong>I’sat.</strong></span> <span class='ocrx_word' id='word_1_797' title='bbox 1086 5653 1272 5708; x_wconf 70' lang='lat' dir='ltr'><strong>XXXIX,</strong></span> <span class='ocrx_word' id='word_1_798' title='bbox 1297 5636 1352 5692; x_wconf 84' lang='lat'><strong>&#39;5.</strong></span> 
     </span>
    </p>
   </div>
   <div class='ocr_carea' id='block_1_105' title="bbox 472 5735 1096 5816">
    <p class='ocr_par' dir='ltr' id='par_1_105' title="bbox 472 5735 1096 5816">
     <span class='ocr_line' id='line_1_105' title="bbox 472 5735 1096 5816; baseline -0.01 -16"><span class='ocrx_word' id='word_1_799' title='bbox 472 5739 744 5816; x_wconf 69' lang='grc' dir='ltr'><strong>ΡΑπιοι.</strong></span> <span class='ocrx_word' id='word_1_800' title='bbox 791 5737 910 5799; x_wconf 76' lang='lat' dir='ltr'><strong>Gn.</strong></span> <span class='ocrx_word' id='word_1_801' title='bbox 956 5735 1096 5796; x_wconf 83' lang='lat' dir='ltr'><strong>XII.</strong></span> 
     </span>
    </p>
   </div>
   <div class='ocr_carea' id='block_1_106' title="bbox 1429 5633 1909 5702">
    <p class='ocr_par' dir='ltr' id='par_1_106' title="bbox 1429 5633 1909 5702">
     <span class='ocr_line' id='line_1_106' title="bbox 1429 5633 1909 5702; baseline -0.008 -10"><span class='ocrx_word' id='word_1_802' title='bbox 1429 5641 1474 5673; x_wconf 73' lang='grc' dir='ltr'><strong>ὀ</strong></span> <span class='ocrx_word' id='word_1_803' title='bbox 1499 5637 1638 5695; x_wconf 85' lang='lat' dir='ltr'><strong>Psal.</strong></span> <span class='ocrx_word' id='word_1_804' title='bbox 1664 5649 1832 5702; x_wconf 76' lang='lat' dir='ltr'><strong>Lxxu,</strong></span> <span class='ocrx_word' id='word_1_805' title='bbox 1855 5633 1909 5690; x_wconf 80' lang='lat'><strong>5.</strong></span> 
     </span>
    </p>
   </div>
   <div class='ocr_carea' id='block_1_107' title="bbox 1873 4443 3435 4512">
    <p class='ocr_par' dir='ltr' id='par_1_107' title="bbox 1873 4443 3435 4512">
     <span class='ocr_line' id='line_1_107' title="bbox 1873 4443 3435 4512; baseline 0.001 -10"><span class='ocrx_word' id='word_1_806' title='bbox 1873 4458 2303 4502; x_wconf 89' lang='lat' dir='ltr'><strong>comtnoneutem</strong></span> <span class='ocrx_word' id='word_1_807' title='bbox 2330 4457 2381 4500; x_wconf 88' lang='lat' dir='ltr'><strong>te</strong></span> <span class='ocrx_word' id='word_1_808' title='bbox 2405 4444 2702 4500; x_wconf 88' lang='lat' dir='ltr'><strong>Ecclesiam</strong></span> <span class='ocrx_word' id='word_1_809' title='bbox 2725 4443 2994 4512; x_wconf 88' lang='lat' dir='ltr'><strong>despicis?</strong></span> <span class='ocrx_word' id='word_1_810' title='bbox 3022 4443 3435 4504; x_wconf 86' lang='lat' dir='ltr'><strong>Commuuicare</strong></span> 
     </span>
    </p>
   </div>
   <div class='ocr_carea' id='block_1_108' title="bbox 1872 4535 3431 4608">
    <p class='ocr_par' dir='ltr' id='par_1_108' title="bbox 1872 4535 3431 4608">
     <span class='ocr_line' id='line_1_108' title="bbox 1872 4535 3431 4608; baseline -0.003 -11"><span class='ocrx_word' id='word_1_811' title='bbox 1872 4557 1976 4597; x_wconf 92' lang='lat' dir='ltr'><strong>non</strong></span> <span class='ocrx_word' id='word_1_812' title='bbox 2014 4542 2169 4595; x_wconf 91' lang='lat' dir='ltr'><strong>times</strong></span> <span class='ocrx_word' id='word_1_813' title='bbox 2193 4554 2389 4608; x_wconf 90' lang='lat' dir='ltr'><strong>corpus</strong></span> <span class='ocrx_word' id='word_1_814' title='bbox 2411 4537 2610 4593; x_wconf 89' lang='lat' dir='ltr'><strong>Christi</strong></span> <span class='ocrx_word' id='word_1_815' title='bbox 2642 4536 2904 4590; x_wconf 90' lang='lat' dir='ltr'><strong>accedens</strong></span> <span class='ocrx_word' id='word_1_816' title='bbox 2925 4535 2992 4589; x_wconf 89' lang='lat' dir='ltr'><strong>ad</strong></span> <span class='ocrx_word' id='word_1_817' title='bbox 3016 4535 3431 4603; x_wconf 89' lang='lat' dir='ltr'><strong>Eucharistiam,</strong></span> 
     </span>
    </p>
   </div>
   <div class='ocr_carea' id='block_1_109' title="bbox 1872 4627 3430 4707">
    <p class='ocr_par' dir='ltr' id='par_1_109' title="bbox 1872 4627 3430 4707">
     <span class='ocr_line' id='line_1_109' title="bbox 1872 4627 3430 4707; baseline -0.006 -16"><span class='ocrx_word' id='word_1_818' title='bbox 1872 4636 2028 4707; x_wconf 84' lang='lat' dir='ltr'><strong>quasi</strong></span> <span class='ocrx_word' id='word_1_819' title='bbox 2069 4636 2301 4688; x_wconf 91' lang='lat' dir='ltr'><strong>mundus</strong></span> <span class='ocrx_word' id='word_1_820' title='bbox 2329 4640 2384 4687; x_wconf 85' lang='lat' dir='ltr'><strong>et</strong></span> <span class='ocrx_word' id='word_1_821' title='bbox 2431 4645 2618 4702; x_wconf 89' lang='lat' dir='ltr'><strong>purus,</strong></span> <span class='ocrx_word' id='word_1_822' title='bbox 2651 4629 2804 4698; x_wconf 87' lang='lat' dir='ltr'><strong>quasi</strong></span> <span class='ocrx_word' id='word_1_823' title='bbox 2853 4627 2988 4682; x_wconf 89' lang='lat' dir='ltr'><strong>nihil</strong></span> <span class='ocrx_word' id='word_1_824' title='bbox 3023 4628 3077 4682; x_wconf 89' lang='lat' dir='ltr'><strong>in</strong></span> <span class='ocrx_word' id='word_1_825' title='bbox 3114 4641 3164 4686; x_wconf 76' lang='lat' dir='ltr'><strong>te</strong></span> <span class='ocrx_word' id='word_1_826' title='bbox 3193 4630 3264 4683; x_wconf 90' lang='lat' dir='ltr'><strong>sit</strong></span> <span class='ocrx_word' id='word_1_827' title='bbox 3290 4630 3430 4685; x_wconf 89' lang='lat' dir='ltr'><strong>indi-</strong></span> 
     </span>
    </p>
   </div>
   <div class='ocr_carea' id='block_1_110' title="bbox 1869 4716 3436 4799">
    <p class='ocr_par' dir='ltr' id='par_1_110' title="bbox 1869 4716 3436 4799">
     <span class='ocr_line' id='line_1_110' title="bbox 1869 4716 3436 4799; baseline -0.004 -18"><span class='ocrx_word' id='word_1_828' title='bbox 1869 4742 2064 4799; x_wconf 86' lang='lat' dir='ltr'><strong>gnum,</strong></span> <span class='ocrx_word' id='word_1_829' title='bbox 2109 4734 2161 4779; x_wconf 90' lang='lat' dir='ltr'><strong>et</strong></span> <span class='ocrx_word' id='word_1_830' title='bbox 2185 4725 2236 4777; x_wconf 90' lang='lat' dir='ltr'><strong>in</strong></span> <span class='ocrx_word' id='word_1_831' title='bbox 2270 4724 2354 4777; x_wconf 86' lang='lat' dir='ltr'><strong>his</strong></span> <span class='ocrx_word' id='word_1_832' title='bbox 2380 4723 2629 4776; x_wconf 89' lang='lat' dir='ltr'><strong>omnibus</strong></span> <span class='ocrx_word' id='word_1_833' title='bbox 2657 4729 2814 4787; x_wconf 89' lang='lat' dir='ltr'><strong>putas</strong></span> <span class='ocrx_word' id='word_1_834' title='bbox 2847 4719 2991 4788; x_wconf 89' lang='lat' dir='ltr'><strong>quod</strong></span> <span class='ocrx_word' id='word_1_835' title='bbox 3026 4716 3252 4788; x_wconf 81' lang='lat' dir='ltr'><strong>eﬂugias</strong></span> <span class='ocrx_word' id='word_1_836' title='bbox 3291 4721 3436 4790; x_wconf 83' lang='lat' dir='ltr'><strong>judi-</strong></span> 
     </span>
    </p>
   </div>
   <div class='ocr_carea' id='block_1_111' title="bbox 1866 4811 3434 4888">
    <p class='ocr_par' dir='ltr' id='par_1_111' title="bbox 1866 4811 3434 4888">
     <span class='ocr_line' id='line_1_111' title="bbox 1866 4811 3434 4888; baseline -0.004 -15"><span class='ocrx_word' id='word_1_837' title='bbox 1866 4820 2011 4874; x_wconf 84' lang='lat' dir='ltr'><strong>cium</strong></span> <span class='ocrx_word' id='word_1_838' title='bbox 2065 4816 2197 4871; x_wconf 87' lang='lat' dir='ltr'><strong>Dei?</strong></span> <span class='ocrx_word' id='word_1_839' title='bbox 2256 4815 2372 4870; x_wconf 83' lang='lat' dir='ltr'><strong>Non</strong></span> <span class='ocrx_word' id='word_1_840' title='bbox 2424 4813 2732 4868; x_wconf 90' lang='lat' dir='ltr'><strong>recordaris</strong></span> <span class='ocrx_word' id='word_1_841' title='bbox 2781 4811 2913 4872; x_wconf 90' lang='lat' dir='ltr'><strong>illud</strong></span> <span class='ocrx_word' id='word_1_842' title='bbox 2969 4811 3115 4888; x_wconf 87' lang='lat' dir='ltr'><strong>quod</strong></span> <span class='ocrx_word' id='word_1_843' title='bbox 3170 4811 3434 4881; x_wconf 89' lang='lat' dir='ltr'><strong>scriptum</strong></span> 
     </span>
    </p>
   </div>
   <div class='ocr_carea' id='block_1_112' title="bbox 1867 4901 3434 4976">
    <p class='ocr_par' dir='ltr' id='par_1_112' title="bbox 1867 4901 3434 4976">
     <span class='ocr_line' id='line_1_112' title="bbox 1867 4901 3434 4976; baseline -0.006 -10"><span class='ocrx_word' id='word_1_844' title='bbox 1867 4921 1951 4966; x_wconf 89' lang='lat' dir='ltr'><strong>est</strong></span> <span class='ocrx_word' id='word_1_845' title='bbox 1972 4911 2038 4971; x_wconf 83' lang='lat'><strong>&quot;,</strong></span> <span class='ocrx_word' id='word_1_846' title='bbox 2078 4909 2199 4976; x_wconf 91' lang='lat' dir='ltr'><strong>quia</strong></span> <span class='ocrx_word' id='word_1_847' title='bbox 2228 4903 2511 4976; x_wconf 85' lang='lat' dir='ltr'><strong>Propterea</strong></span> <span class='ocrx_word' id='word_1_848' title='bbox 2559 4905 2613 4958; x_wconf 88' lang='lat' dir='ltr'><strong>in</strong></span> <span class='ocrx_word' id='word_1_849' title='bbox 2669 4903 2812 4958; x_wconf 84' lang='lat' dir='ltr'><strong>vobis</strong></span> <span class='ocrx_word' id='word_1_850' title='bbox 2843 4901 3065 4970; x_wconf 84' lang='lat' dir='ltr'><strong>inﬁrmi,</strong></span> <span class='ocrx_word' id='word_1_851' title='bbox 3107 4911 3156 4955; x_wconf 90' lang='lat' dir='ltr'><strong>et</strong></span> <span class='ocrx_word' id='word_1_852' title='bbox 3191 4905 3340 4971; x_wconf 62' lang='grc' dir='ltr'><strong>σις’-ἱ,</strong></span> <span class='ocrx_word' id='word_1_853' title='bbox 3383 4915 3434 4958; x_wconf 87' lang='lat' dir='ltr'><strong>et</strong></span> 
     </span>
    </p>
   </div>
   <div class='ocr_carea' id='block_1_113' title="bbox 1867 4993 3431 5064">
    <p class='ocr_par' dir='ltr' id='par_1_113' title="bbox 1867 4993 3431 5064">
     <span class='ocr_line' id='line_1_113' title="bbox 1867 4993 3431 5064; baseline -0.004 -8"><span class='ocrx_word' id='word_1_854' title='bbox 1867 5002 2133 5056; x_wconf 85' lang='lat' dir='ltr'><strong>dormiunt</strong></span> <span class='ocrx_word' id='word_1_855' title='bbox 2159 4999 2348 5052; x_wconf 76' lang='lat' dir='ltr'><strong>multi?</strong></span> <span class='ocrx_word' id='word_1_856' title='bbox 2373 4997 2552 5064; x_wconf 88' lang='lat' dir='ltr'><strong>Quare</strong></span> <span class='ocrx_word' id='word_1_857' title='bbox 2576 4995 2728 5050; x_wconf 90' lang='lat' dir='ltr'><strong>multi</strong></span> <span class='ocrx_word' id='word_1_858' title='bbox 2757 4993 2998 5048; x_wconf 84' lang='lat' dir='ltr'><strong>inﬁrmi?</strong></span> <span class='ocrx_word' id='word_1_859' title='bbox 3032 4994 3296 5060; x_wconf 89' lang='lat' dir='ltr'><strong>Quoniam</strong></span> <span class='ocrx_word' id='word_1_860' title='bbox 3324 5011 3431 5050; x_wconf 91' lang='lat' dir='ltr'><strong>non</strong></span> 
     </span>
    </p>
   </div>
   <div class='ocr_carea' id='block_1_114' title="bbox 1869 5087 3432 5164">
    <p class='ocr_par' dir='ltr' id='par_1_114' title="bbox 1869 5087 3432 5164">
     <span class='ocr_line' id='line_1_114' title="bbox 1869 5087 3432 5164; baseline -0.006 -14"><span class='ocrx_word' id='word_1_861' title='bbox 1869 5097 2077 5164; x_wconf 89' lang='lat' dir='ltr'><strong>seipsos</strong></span> <span class='ocrx_word' id='word_1_862' title='bbox 2119 5092 2438 5161; x_wconf 73' lang='lat' dir='ltr'><strong>diiudicant,</strong></span> <span class='ocrx_word' id='word_1_863' title='bbox 2484 5103 2666 5158; x_wconf 84' lang='lat' dir='ltr'><strong>neque</strong></span> <span class='ocrx_word' id='word_1_864' title='bbox 2713 5087 2922 5155; x_wconf 86' lang='lat' dir='ltr'><strong>seipsos</strong></span> <span class='ocrx_word' id='word_1_865' title='bbox 2945 5088 3282 5152; x_wconf 79' lang='lat' dir='ltr'><strong>examinant,</strong></span> <span class='ocrx_word' id='word_1_866' title='bbox 3329 5103 3432 5141; x_wconf 88' lang='lat' dir='ltr'><strong>nec</strong></span> 
     </span>
    </p>
   </div>
   <div class='ocr_carea' id='block_1_115' title="bbox 1867 5177 3431 5256">
    <p class='ocr_par' dir='ltr' id='par_1_115' title="bbox 1867 5177 3431 5256">
     <span class='ocr_line' id='line_1_115' title="bbox 1867 5177 3431 5256; baseline -0.007 -14"><span class='ocrx_word' id='word_1_867' title='bbox 1867 5185 2170 5256; x_wconf 81' lang='lat' dir='ltr'><strong>intelligunt</strong></span> <span class='ocrx_word' id='word_1_868' title='bbox 2197 5184 2324 5251; x_wconf 91' lang='lat' dir='ltr'><strong>quid</strong></span> <span class='ocrx_word' id='word_1_869' title='bbox 2347 5193 2430 5238; x_wconf 88' lang='lat' dir='ltr'><strong>est</strong></span> <span class='ocrx_word' id='word_1_870' title='bbox 2457 5181 2858 5236; x_wconf 89' lang='lat' dir='ltr'><strong>communicare</strong></span> <span class='ocrx_word' id='word_1_871' title='bbox 2885 5177 3163 5242; x_wconf 60' lang='lat' dir='ltr'><strong>Ecclesiae,</strong></span> <span class='ocrx_word' id='word_1_872' title='bbox 3194 5179 3272 5232; x_wconf 79' lang='lat' dir='ltr'><strong>\el</strong></span> <span class='ocrx_word' id='word_1_873' title='bbox 3299 5177 3431 5246; x_wconf 87' lang='lat' dir='ltr'><strong>quid</strong></span> 
     </span>
    </p>
   </div>
   <div class='ocr_carea' id='block_1_116' title="bbox 1865 5270 3424 5337">
    <p class='ocr_par' dir='ltr' id='par_1_116' title="bbox 1865 5270 3424 5337">
     <span class='ocr_line' id='line_1_116' title="bbox 1865 5270 3424 5337; baseline -0.004 -7"><span class='ocrx_word' id='word_1_874' title='bbox 1865 5286 1949 5331; x_wconf 87' lang='lat' dir='ltr'><strong>est</strong></span> <span class='ocrx_word' id='word_1_875' title='bbox 1977 5275 2234 5330; x_wconf 86' lang='lat' dir='ltr'><strong>accedere</strong></span> <span class='ocrx_word' id='word_1_876' title='bbox 2282 5273 2350 5327; x_wconf 89' lang='lat' dir='ltr'><strong>ad</strong></span> <span class='ocrx_word' id='word_1_877' title='bbox 2401 5281 2548 5337; x_wconf 83' lang='lat' dir='ltr'><strong>tanta</strong></span> <span class='ocrx_word' id='word_1_878' title='bbox 2597 5281 2651 5326; x_wconf 90' lang='lat' dir='ltr'><strong>et</strong></span> <span class='ocrx_word' id='word_1_879' title='bbox 2683 5281 2788 5324; x_wconf 88' lang='lat' dir='ltr'><strong>tam</strong></span> <span class='ocrx_word' id='word_1_880' title='bbox 2825 5270 3022 5324; x_wconf 85' lang='lat' dir='ltr'><strong>eximia</strong></span> <span class='ocrx_word' id='word_1_881' title='bbox 3058 5277 3424 5324; x_wconf 84' lang='lat' dir='ltr'><strong>sacramenta.</strong></span> 
     </span>
    </p>
   </div>
   <div class='ocr_carea' id='block_1_117' title="bbox 1868 5356 3423 5432">
    <p class='ocr_par' dir='ltr' id='par_1_117' title="bbox 1868 5356 3423 5432">
     <span class='ocr_line' id='line_1_117' title="bbox 1868 5356 3423 5432; baseline -0.007 -11"><span class='ocrx_word' id='word_1_882' title='bbox 1868 5367 2155 5423; x_wconf 88' lang='lat' dir='ltr'><strong>Patiuntur</strong></span> <span class='ocrx_word' id='word_1_883' title='bbox 2188 5365 2290 5417; x_wconf 85' lang='lat' dir='ltr'><strong>hoc</strong></span> <span class='ocrx_word' id='word_1_884' title='bbox 2334 5363 2476 5432; x_wconf 90' lang='lat' dir='ltr'><strong>quod</strong></span> <span class='ocrx_word' id='word_1_885' title='bbox 2513 5361 2886 5414; x_wconf 87' lang='lat' dir='ltr'><strong>febricitantes</strong></span> <span class='ocrx_word' id='word_1_886' title='bbox 2917 5357 3032 5427; x_wconf 86' lang='lat' dir='ltr'><strong>pati</strong></span> <span class='ocrx_word' id='word_1_887' title='bbox 3067 5356 3271 5423; x_wconf 89' lang='lat' dir='ltr'><strong>solent,</strong></span> <span class='ocrx_word' id='word_1_888' title='bbox 3301 5370 3423 5410; x_wconf 90' lang='lat' dir='ltr'><strong>cum</strong></span> 
     </span>
    </p>
   </div>
   <div class='ocr_carea' id='block_1_118' title="bbox 1860 5444 3426 5519">
    <p class='ocr_par' dir='ltr' id='par_1_118' title="bbox 1860 5444 3426 5519">
     <span class='ocr_line' id='line_1_118' title="bbox 1860 5444 3426 5519; baseline -0.005 -10"><span class='ocrx_word' id='word_1_889' title='bbox 1860 5467 2112 5510; x_wconf 89' lang='lat' dir='ltr'><strong>sanorum</strong></span> <span class='ocrx_word' id='word_1_890' title='bbox 2145 5450 2299 5505; x_wconf 86' lang='lat' dir='ltr'><strong>cibos</strong></span> <span class='ocrx_word' id='word_1_891' title='bbox 2348 5458 2700 5519; x_wconf 67' lang='lat' dir='ltr'><strong>praesumunt,</strong></span> <span class='ocrx_word' id='word_1_892' title='bbox 2749 5444 3106 5515; x_wconf 85' lang='lat' dir='ltr'><strong>sibimetipsis</strong></span> <span class='ocrx_word' id='word_1_893' title='bbox 3129 5445 3426 5501; x_wconf 76' lang='lat' dir='ltr'><strong>inferentes</strong></span> 
     </span>
    </p>
   </div>
   <div class='ocr_carea' id='block_1_119' title="bbox 1988 5627 2966 5694">
    <p class='ocr_par' dir='ltr' id='par_1_119' title="bbox 1988 5627 2966 5694">
     <span class='ocr_line' id='line_1_119' title="bbox 1988 5627 2966 5694; baseline 0.001 -9"><span class='ocrx_word' id='word_1_894' title='bbox 1988 5630 2036 5666; x_wconf 78' lang='lat'>“</span> <span class='ocrx_word' id='word_1_895' title='bbox 2056 5628 2216 5685; x_wconf 84' lang='lat' dir='ltr'><strong>Prov.</strong></span> <span class='ocrx_word' id='word_1_896' title='bbox 2245 5641 2331 5694; x_wconf 87' lang='lat' dir='ltr'><strong>ut,</strong></span> <span class='ocrx_word' id='word_1_897' title='bbox 2359 5627 2445 5682; x_wconf 75' lang='grc'><strong>12.</strong></span> <span class='ocrx_word' id='word_1_898' title='bbox 2516 5627 2747 5684; x_wconf 80' lang='lat' dir='ltr'><strong>“lCor.</strong></span> <span class='ocrx_word' id='word_1_899' title='bbox 2778 5645 2854 5694; x_wconf 73' lang='lat' dir='ltr'><strong>iu,</strong></span> <span class='ocrx_word' id='word_1_900' title='bbox 2875 5627 2966 5686; x_wconf 77' lang='lat'><strong>50.</strong></span> 
     </span>
    </p>
   </div>
   <div class='ocr_carea' id='block_1_120' title="bbox 3077 5718 3158 5782">
    <p class='ocr_par' dir='ltr' id='par_1_120' title="bbox 3077 5718 3158 5782">
     <span class='ocr_line' id='line_1_120' title="bbox 3077 5718 3158 5782; baseline 0.025 -2"><span class='ocrx_word' id='word_1_901' title='bbox 3077 5718 3158 5782; x_wconf 67' lang='lat' dir='ltr'><strong>his</strong></span> 
     </span>
    </p>
   </div>
  </div>
