3970 6160
428 207 435 215 ’
553 183 707 238 3387

1940 167 2028 222 EX
2071 167 2259 224 ORIGI
2278 166 2368 221 NE

3651 168 3747 226 lSSS

565 297 812 351 exitium.
848 290 973 347 Haec
1000 291 1067 345 de
1097 301 1160 345 eo
1190 292 1335 359 quod
1367 287 1569 342 dictum
1601 294 1684 343 est
1721 303 1734 340 :
1770 281 2022 357 Cogitabo
2046 301 2140 355 pro
2169 291 2215 348 Α
2246 298 2369 337 cum
2429 282 2554 336 odio
2606 280 2811 338 habear
2835 320 2850 346 ,
2898 287 2956 334 ut
2998 278 3136 334 sciat
3160 278 3482 334 conscientia
3521 294 3625 334 mea
3650 298 3748 350 quo.

564 393 777 456 peccato
807 398 941 436 meo.

640 522 691 576 7.
724 519 988 589 Sequitur
1015 534 1031 573 :
1054 514 1275 570 Inimici
1299 522 1475 569 autem
1514 516 1615 569 mei
1638 514 1834 579 vivunt,
1867 524 1914 569 et
1944 513 2142 582 confir-

565 613 839 667 matisunt
860 624 1022 678 super
1046 622 1148 660 me.
1188 603 1271 659 Ad
1303 619 1424 673 quae
1456 604 1642 659 omnia
1680 604 1979 659 subsonare
2012 602 2141 658 illud

567 702 731 757 debet
772 717 787 754 :
827 696 940 768 Ego
991 706 1167 750 autem
1211 694 1452 766 cogitabo
1497 711 1592 765 pro
1643 702 1855 764 peccato
1900 710 2036 750 meo.
2075 693 2144 749 Et

564 789 815 863 quamvis
845 790 1081 852 videam,
1129 788 1446 858 frequenter
1497 787 1642 843 enim
1677 802 1776 842 nos
1828 799 2142 857 peccatores

565 883 609 937 si
632 880 930 937 videamus
959 879 1209 935 inimicos
1239 889 1455 934 nostros
1484 878 1730 933 viventes
1746 877 1992 931 ausiores
2022 890 2142 931 con-

564 974 876 1041 tristamur,
905 983 961 1028 et
991 972 1249 1043 querelas
1277 972 1540 1028 adversus
1584 970 1822 1025 divinam
1849 968 2139 1039 providen-

566 1068 696 1124 tiam
745 1066 1041 1122 fundimus.
1101 1065 1203 1132 Qui
1258 1072 1440 1119 autem
1488 1062 1689 1118 salvari
1738 1059 1870 1126 vult,
1919 1061 1988 1115 ad
2025 1061 2141 1116 haec

563 1160 750 1214 omnia
780 1170 998 1228 semper
1035 1156 1141 1213 hoc
1188 1155 1290 1212 sibi
1326 1154 1674 1223 respondeat,
1705 1151 1918 1207 etiamsi
1938 1150 2141 1205 inimici

562 1249 736 1323 689
757 1252 860 1305 mei
890 1251 1091 1315 uiuunt,
1137 1258 1186 1303 et
1231 1246 1533 1314 conﬁrmati
1573 1252 1698 1300 sunt
1731 1258 1889 1314 super
1912 1258 2014 1308 me,
2041 1256 2142 1312 ego

568 1352 750 1397 tamen
783 1340 1024 1411 cogitabo
1069 1354 1166 1410 pro
1212 1345 1427 1407 peccato
1476 1351 1612 1391 meo.
1672 1333 1740 1390 Et
1784 1331 2034 1404 quamvis
2063 1330 2145 1384 vi-

565 1437 724 1492 deam
779 1448 868 1489 me
929 1443 1279 1504 peccatorem
1336 1443 1478 1497 esse,
1543 1426 1899 1483 considerans
1960 1433 2141 1479 tamen

564 1526 732 1582 etiam
764 1532 1112 1581 'caeterorum
1162 1530 1386 1592 peccata
1432 1535 1555 1590 quas
1601 1517 1850 1573 fortassis
1893 1515 2142 1587 graviora

564 1627 718 1685 sunt,
752 1618 942 1674 videns
971 1629 1190 1687 quoque
1222 1629 1320 1670 eos
1352 1627 1451 1683 pro
1478 1610 1717 1682 peccatis
1748 1608 1863 1665 suis
1890 1623 1997 1662 non
2021 1621 2142 1664 esse

566 1711 850 1777 sollicitos,
883 1723 1212 1781 comparans
1241 1719 1331 1763 me
1373 1704 1485 1761 illis
1527 1704 1621 1775 qui
1650 1703 1874 1759 omnino
1904 1702 1972 1758 de
2014 1717 2141 1774 gra-

560 1805 808 1861 vissimis
854 1801 1069 1859 delictis
1114 1801 1230 1857 suis
1281 1796 1418 1854 nihil
1470 1795 1739 1868 cogitant,
1798 1804 1855 1852 et
1896 1795 2143 1866 cogitans

563 1912 665 1970 pro
694 1905 920 1968 peccato
946 1909 1088 1960 meo,
1123 1908 1275 1964 spem
1297 1891 1475 1948 habeo
1496 1890 1551 1946 in
1585 1899 1657 1946 te.

638 2057 692 2114 8.
726 2055 795 2111 Et
842 2052 1183 2122 multiplicati
1233 2058 1354 2106 sunt
1402 2051 1493 2122 qui
1540 2049 1761 2105 oderunt
1812 2061 1894 2101 me
1942 2045 2139 2115 inique.

559 2148 913 2223 Impossibile
945 2155 1030 2202 est
1067 2146 1122 2201 in
1172 2145 1278 2200 hac
1307 2143 1418 2198 vita
1451 2143 1686 2214 positum
1721 2139 1847 2196 odio
1889 2152 1995 2193 non
2036 2137 2139 2191 ha-

563 2240 707 2297 beri.
746 2238 1000 2295 Christus
1029 2235 1186 2292 Jesus
1222 2234 1349 2290 odio
1385 2232 1603 2288 habitus
1629 2240 1730 2288 est.
1763 2230 1830 2287 Et
1854 2228 1983 2300 quid
2017 2227 2139 2282 dico

557 2331 904 2404 impossibile
935 2339 1019 2386 est
1050 2330 1104 2384 in
1150 2329 1253 2384 hac
1304 2327 1413 2381 vita
1462 2327 1700 2397 positum
1742 2324 1868 2381 odio
1896 2337 2005 2378 non
2037 2321 2140 2376 ha-

561 2424 722 2481 beri?
763 2424 907 2479 Deus
946 2422 1063 2491 ipse
1091 2420 1185 2488 qui
1218 2418 1274 2474 in
1301 2419 1443 2475 hanc
1478 2419 1646 2473 vitam
1683 2430 1791 2471 non
1821 2413 1990 2479 venit,
2012 2412 2140 2468 odio

566 2517 797 2575 habetur
831 2515 900 2571 ab
932 2513 1224 2584 aliquibus.
1253 2513 1313 2569 Si
1341 2514 1486 2568 enim
1520 2526 1626 2566 non
1659 2510 1957 2565 haberetur
1990 2506 2137 2572 odio,

566 2622 907 2680 nequaquam
941 2604 1441 2676 diceretPropheta
1465 2602 1513 2636 ³⁸
1543 2619 1559 2658 :
1585 2600 1779 2656 Nonne
1812 2598 2047 2655 odientes
2069 2606 2138 2663 te,

557 2700 794 2756 Domine
823 2740 841 2765 ,
902 2700 1158 2763 oderam,
1208 2706 1255 2753 et
1294 2713 1453 2766 super
1490 2694 1735 2749 inimicos
1765 2702 1882 2747 tuos
1910 2690 2143 2746 tabesce-

567 2794 732 2848 bam?
774 2790 1017 2863 Perfecto
1053 2792 1176 2846 odio
1225 2788 1439 2844 oderam
1483 2787 1624 2841 illos.
1657 2783 2054 2846 Marcionistze,
2087 2789 2144 2837 et

552 2884 850 2950 Basilides,
888 2891 944 2940 et
990 2881 1266 2940 Valentini
1329 2880 1564 2934 oderunt
1619 2879 1823 2943 Deum,
1874 2884 1931 2931 et
1973 2874 2142 2931 verba

563 2975 686 3045 ejus
739 2975 989 3032 oderunt.
1043 2974 1179 3030 Cum
1209 2988 1340 3044 ergo
1396 2972 1540 3028 Deus
1592 2970 1720 3026 odio
1756 2969 2045 3031 habeatur,
2086 2973 2143 3018 et

558 3069 817 3125 Christus
846 3081 1018 3139 usque
1060 3067 1113 3122 in
1150 3066 1474 3121 hodiernum
1526 3063 1668 3119 diem
1711 3076 1742 3115 a
1776 3059 1979 3116 Iudaeis
2009 3070 2142 3111 ana-

566 3161 753 3217 thema
786 3160 901 3225 fiat,
950 3174 1072 3214 cum
1119 3157 1361 3229 Spiritus
1400 3163 1623 3210 sanctus
1651 3154 1743 3223 qui
1777 3152 1830 3206 in
1862 3149 2141 3221 prophetis

566 3254 789 3309 locutus
819 3260 905 3306 est
940 3251 1007 3305 ab
1035 3248 1310 3305 haereticis
1332 3247 1457 3303 odio
1492 3245 1779 3313 habeatur,
1818 3254 1874 3298 tu
1911 3243 1993 3296 vis
2016 3240 2141 3298 odio

565 3359 677 3402 non
703 3343 918 3405 haberi,
944 3343 1039 3398 sed
1069 3343 1139 3397 ab
1173 3341 1425 3396 omnibus
1448 3339 1601 3407 diligi
1623 3347 1679 3393 et
1710 3335 1983 3393 benedici?
2006 3334 2141 3390 Vide

562 3452 637 3494 ne
669 3448 723 3493 te
757 3435 999 3491 inveniat
1039 3433 1129 3489 illa
1169 3431 1440 3488 sententia
1466 3444 1587 3501 quae
1613 3427 1744 3483 dicit
1770 3428 1817 3458 “
1844 3443 1859 3480 :
1896 3423 1989 3480 Va:
2019 3440 2139 3478 cum

567 3528 923 3586 benedixerint
946 3527 1088 3584 vobis
1115 3541 1293 3580 omnes
1333 3524 1591 3580 homines.
1622 3520 1761 3588 Quin
1796 3518 1977 3589 potius
2008 3515 2138 3571 illud

563 3619 945 3678 tantummodo
972 3619 1357 3683 observemus,
1403 3625 1463 3669 ut
1505 3623 1559 3669 et
1587 3626 1687 3669 nos
1715 3611 1981 3674 dicamus,
2005 3620 2139 3677 quo-

562 3716 713 3770 niam
752 3712 1087 3769 multiplicati
1127 3717 1253 3765 sunt
1283 3711 1373 3782 qui
1405 3708 1628 3762 oderunt
1657 3720 1737 3758 me
1768 3703 1967 3772 inique.
1999 3698 2139 3768 Opto

1028 3912 1348 3971 PSALMUS
1390 3905 1680 3965 XXXVIII.

643 4011 884 4070 Vens.5.
908 4009 1177 4065 Obsurdni
1211 4016 1261 4063 et
1292 4006 1606 4060 humiliatus
1645 4017 1796 4067 sum,
1835 4008 1885 4055 et
1932 3999 2057 4054 simi
2108 4015 2141 4051 α

570 4107 745 4171 bonis,
764 4112 874 4159 etc.
902 4102 961 4158 In
990 4100 1388 4158 tentationibus
1417 4096 1630 4168 fugiunt
1648 4095 1789 4157 bona
1815 4106 1845 4147 a
1875 4091 2057 4156 nobis,
2087 4099 2144 4146 et

572 4197 696 4254 silet
727 4196 908 4251 anima
946 4195 1016 4250 ab
1052 4194 1178 4250 illis.
1224 4193 1300 4247 De
1346 4189 1455 4245 illis
1491 4188 1637 4243 enim
1685 4186 1924 4256 loquitur
1962 4185 2141 4240 anima

572 4303 693 4358 quae
724 4285 1026 4359 cognoscit,
1060 4293 1117 4340 et
1152 4284 1275 4339 silet
1312 4283 1379 4339 de
1409 4281 1515 4337 illis
1542 4295 1663 4350 quae
1694 4295 1801 4334 non
1843 4276 2139 4348 cognoscit.

572 4381 722 4436 Bona
754 4386 934 4433 autem
963 4377 1066 4431 hoc
1092 4375 1212 4431 loco
1239 4374 1376 4430 dixit
1399 4375 1631 4427 virtutes
1656 4380 1715 4427 et
1738 4369 1996 4427 scientias
2022 4382 2142 4438 quas

573 4473 632 4530 in
659 4481 899 4543 tempore
923 4468 1234 4525 tentationis
1262 4482 1293 4522 a
1322 4475 1530 4522 tentato
1556 4464 1785 4535 fugiunt.

642 4649 811 4706 Vens.
853 4649 908 4703 4.
936 4646 1214 4703 Concaluit
1247 4660 1338 4699 cor
1365 4659 1540 4698 meum
1570 4643 1711 4696 intra
1740 4657 1841 4706 me,
1875 4651 1984 4696 etc.
2006 4638 2143 4696 Cum

2244 373 2391 428 niam
2427 373 2624 440 injuste
2662 373 2848 428 odium
2882 372 3081 443 patior.
3119 370 3256 426 0dio
3292 369 3458 425 habiti
3486 383 3598 427 sunt
3627 377 3748 430 etiam

2243 465 2541 537 prophetas,
2578 466 2673 521 sed
2709 465 2949 536 injuste;
2989 463 3117 518 odio
3152 464 3372 518 habitus
3404 472 3484 517 est
3530 464 3747 530 Christus,

2244 557 2337 614 sed
2361 559 2555 630 gratis.
2590 557 2646 612 Si
2672 566 2854 613 autem
2889 571 2989 628 pro
3035 566 3263 626 peccato
3301 571 3419 610 meo
3440 554 3555 611 odio
3575 557 3748 622 habeor,

2242 665 2348 706 non
2377 665 2598 719 possunt
2636 651 2842 716 dicere,
2880 650 3007 721 quia
3038 648 3376 718 multiplicati
3402 657 3521 703 sunt
3549 650 3627 718 qui
3657 652 3748 704 ode-

2244 738 2366 798 runt
2400 761 2482 798 me
2513 744 2727 814 injuste.
2763 742 2915 799 Juste
2964 742 3110 798 enim
3152 744 3275 797 odio
3323 742 3549 804 habeor.
3584 744 3625 798 si
3659 760 3730 814 per

2242 852 2372 892 osus
2401 837 2558 893 fuero
2590 846 2813 908 propter
2839 836 3156 891 inhonestos
3177 844 3333 890 actus
3357 850 3502 890 meos
3527 847 3577 891 et
3593 846 3751 905 turpes.

2241 926 2358 983 Non
2388 944 2608 1000 possum
2640 930 2842 993 dicere,
2874 928 3000 997 quia
3029 927 3265 982 oderunt
3302 943 3390 984 me
3422 928 3597 998 gratis.
3619 931 3752 1001 Atque

2242 1022 2448 1077 utinam
2484 1029 2637 1075 tanta
2671 1020 3005 1076 conlidentia
3055 1019 3240 1075 dicere
3291 1020 3552 1089 possimus
3592 1030 3638 1075 et
3664 1035 3751 1089 nos,

2243 1115 2371 1184 quia
2404 1114 2743 1182 multiplicati
2770 1120 2895 1168 sunt
2927 1113 3017 1184 qui
3060 1112 3284 1166 oderunt
3321 1127 3401 1165 me
3427 1111 3618 1183 injuste.

2311 1206 2367 1264 9.
2409 1205 2512 1272 Qui
2539 1206 2832 1260 retribuunt
2867 1203 3006 1259 mihi
3039 1204 3181 1258 mala
3217 1218 3316 1273 pro
3348 1204 3510 1258 bonis.
3549 1204 3644 1275 Ego
3665 1202 3756 1274 qui-

2243 1297 2365 1353 dem
2390 1297 2533 1352 boua
2562 1311 2686 1352 cum
2716 1296 2796 1351 eis
2834 1295 3096 1366 agebam,
3141 1295 3219 1350 illi
3275 1308 3404 1349 vero
3444 1293 3585 1351 obliti
3626 1295 3740 1351 bono

2243 1404 2362 1443 rum
2397 1403 2641 1445 meorum
2692 1387 2993 1444 reddebant
3025 1387 3163 1441 mala
3198 1402 3299 1458 pro
3330 1387 3506 1453 bonis,
3552 1388 3753 1444 crimina-

2241 1480 2443 1536 bantur
2482 1495 2596 1547 nte,
2646 1480 2904 1551 quoniam
2958 1480 3232 1550 sequebar
3285 1479 3560 1551 justitiam.
3603 1478 3753 1535 Crimi-

2244 1582 2445 1627 nantur
2476 1587 2564 1626 me
2609 1580 2664 1626 et
2710 1570 3043 1641 exprobrant
3102 1571 3311 1627 inimici
3365 1572 3467 1626 mei
3517 1586 3603 1642 pro
3641 1573 3690 1627 iis
3720 1574 3752 1626 si

2173 1659 2216 1715 B
2245 1678 2353 1733 qua
2374 1663 2508 1718 mihi
2536 1663 2833 1734 aliquando
2859 1663 3152 1719 commissa
3179 1671 3328 1729 sunt,
3364 1678 3461 1718 nec
3486 1663 3754 1719 erubescunt

2248 1770 2334 1812 me
2355 1755 2622 1824 justitiam
2658 1757 3105 1827 subsequentem.
3146 1771 3251 1812 nec
3277 1758 3407 1811 dant
3435 1757 3625 1811 veniam
3653 1771 3755 1828 prte-

2246 1848 2426 1905 teritis
2469 1848 2631 1905 malis
2670 1864 2768 1920 pro
2821 1850 3182 1920 praesentibus
3240 1850 3417 1904 bonis.
3474 1847 3649 1904 Verum
3696 1858 3754 1916 tu,

2244 1939 2494 2008 Domine,
2519 1942 2770 2009 quoniam
2802 1942 3156 2010 subsequebar
3191 1942 3473 2009 iustitiam,
3497 1958 3553 1995 ne
3578 1941 3755 1996 derelin-

2243 2052 2376 2107 quas
2396 2052 2500 2102 me,
2529 2033 2754 2089 Domine
2783 2034 2923 2089 Deus
2946 2051 3116 2090 meus.
3148 2037 3219 2092 Et
3244 2038 3357 2092 haec
3381 2052 3477 2090 vox
3502 2035 3755 2093 conﬁtentis

2244 2136 2328 2184 est
2376 2136 2434 2183 et
2474 2129 2912 2203 misericordiam
2959 2127 3296 2198 postulantis
3332 2145 3346 2181 :
3380 2126 3457 2181 Ne
3485 2128 3753 2195 derelinquas

2243 2236 2348 2285 me.
2375 2219 2601 2276 Domine
2631 2220 2771 2274 Deus
2799 2237 2967 2286 meus,
2999 2237 3061 2274 ne
3081 2221 3394 2275 discesseris
3419 2237 3450 2274 a
3479 2237 3568 2274 me.
3597 2219 3643 2274 In
3674 2217 3754 2271 alio

2246 2314 2464 2383 quidem
2494 2313 2706 2385 psalmo
2738 2313 2851 2386 (55)
2876 2313 3102 2368 dicit”:
3130 2312 3390 2381 Spiritum
3411 2324 3624 2367 sanctum
3642 2321 3752 2364 tum

2244 2422 2308 2461 ne
2340 2406 2557 2476 auferas
2581 2424 2615 2461 a
2654 2423 2755 2461 me.
2795 2405 2852 2461 In
2885 2408 2987 2462 hoc
3017 2407 3149 2463 dicit
3179 2407 3249 2463 ad
3285 2408 3452 2473 ipsum
3492 2405 3669 2461 Deum:
3693 2403 3753 2458 Ns

2242 2499 2547 2553 discesseris
2597 2515 2630 2553 a
2687 2514 2786 2553 me.
2821 2499 2898 2553 Ex
2953 2506 3062 2569 quo
3104 2501 3464 2555 ostenditura
3491 2497 3749 2568 quibusdam

2244 2588 2459 2645 meritis
2486 2589 2601 2645 suis
2626 2589 2906 2645 discedere
2933 2589 3129 2656 Deum,
3158 2600 3216 2646 et
3246 2591 3386 2659 apud
3423 2589 3543 2644 alios
3572 2602 3652 2655 pro
3668 2592 3752 2644 suis

2249 2680 2461 2736 meritis
2490 2696 2839 2751 permanere.
2876 2680 3069 2735 Infelix
3099 2691 3283 2737 tamen
3316 2684 3469 2737 homo
3500 2682 3577 2735 ille
3610 2695 3634 2733 a
3672 2693 3752 2748 Quo

2243 2772 2560 2828 discesserit
2595 2772 2766 2839 Deus,
2816 2773 3010 2828 beatus
3043 2784 3230 2828 autem
3283 2784 3366 2830 est
3414 2774 3497 2830 ille
3544 2788 3751 2841 cumquo

2243 2874 2530 2935 permanet
2569 2865 2735 2920 Deus.
2783 2865 3005 2920 Attende
3040 2867 3094 2920 in
3136 2868 3459 2936 adjutorium
3484 2880 3650 2928 meum,
3673 2862 3751 2916 Do-

2244 2958 2418 3024 mine,
2466 2955 2607 3012 Deus
2641 2956 2829 3011 salutis
2872 2973 3024 3012 mete.
3074 2957 3143 3013 Et
3195 2974 3295 3015 nos
3337 2973 3460 3029 ergo
3497 2969 3678 3014 oremus
3711 2963 3750 3009 et

2247 3051 2491 3103 dicamus
2528 3065 2543 3102 :
2576 3046 2808 3103 Attende
2860 3047 2915 3101 in
2963 3046 3297 3117 adiutorium
3346 3062 3512 3103 meum
3554 3043 3748 3114 quoniam

2251 3142 2473 3214 grandis
2500 3150 2588 3195 est
2616 3156 2816 3211 pugna,
2851 3149 2907 3195 et
2950 3150 3206 3210 potentes
3234 3148 3359 3195 sunt
3384 3135 3662 3195 adversarii.
3689 3131 3750 3186 In-

2247 3233 2422 3290 festus
2445 3243 2531 3288 est
2567 3232 2767 3299 hostis,
2806 3232 3101 3288 invisibilis
3131 3233 3387 3287 inimicus
3407 3246 3497 3301 per
3525 3231 3638 3284 istos
3653 3224 3749 3279 visi-

2247 3324 2385 3380 biles
2437 3324 2734 3399 impugnat.
2791 3323 3025 3378 Attende
3068 3338 3201 3394 ergo
3246 3324 3298 3377 in
3344 3320 3632 3391 adjutorium
3679 3330 3747 3369 no-

2248 3426 2446 3483 strum,
2486 3425 2541 3471 et
2589 3416 2785 3483 adiuva
2843 3430 2940 3469 nos
2990 3430 3087 3484 per
3140 3426 3391 3471 sanctum
3443 3413 3611 3467 Filium
3639 3421 3746 3464 tuum

2249 3508 2539 3565 Dominum
2572 3497 2820 3562 nostrum
2850 3505 3038 3561 Jesum
3067 3506 3369 3575 Christum,
3400 3521 3488 3577 per
3513 3520 3645 3574 quem
3664 3517 3746 3556 om-

2246 3615 2345 3656 nes
2380 3614 2480 3654 nos
2508 3598 2811 3662 redemisti,
2845 3613 2942 3668 per
2975 3614 3137 3665 quem
3184 3599 3278 3654 tibi
3308 3599 3468 3670 gloria
3493 3606 3540 3650 et
3562 3601 3744 3666 potestis

2247 3693 2301 3747 in
2330 3691 2525 3748 saecula
2553 3689 2897 3746 saeculorum.
2925 3691 3123 3745 Amen.

2170 3005 2212 3062 C

2169 3820 2240 3835 -ῠ

2816 3898 3106 3952 ΨΑΛΜΟΣ
3140 3900 3273 3953 ΑΠ’.

2332 3990 2689 4062 Ἐκωεοώθην
2730 3989 2831 4044 καὶ
2889 3989 3298 4059 ὲταπεινώθην
3331 3988 3425 4045 καὶ
3460 3986 3677 4056 ἐσίτησιι
3696 3980 3744 4045 ἐξ

2249 4085 2507 4156 ἀγαθῶν,
2537 4101 2593 4139 κ.
2625 4101 2676 4138 τ.
2701 4085 2751 4138 ὲ.
2789 4083 2878 4137 Ἐν
2907 4085 3020 4148 τοῖς
3049 4087 3370 4159 πειρασμοῖς
3396 4079 3497 4153 (56)
3528 4076 3743 4149 φεύγειτὰ

2253 4177 2433 4248 ἀγαθὰ
2461 4176 2521 4244 ἐξ
2542 4176 2721 4248 ἡμῶν,
2754 4175 2847 4229 καὶ
2869 4177 3051 4247 σιωπᾷ
3069 4177 3105 4247 ὴ
3133 4175 3280 4249 ψυχὴ
3306 4176 3364 4240 ἐξ
3392 4173 3570 4229 αὐτῶν.
3587 4171 3742 4225 Ἑκείνιι

2176 4248 2221 4304 D
2248 4270 2359 4341 γὰρ
2398 4268 2694 4338 φθέγγεται
2727 4269 2760 4338 ἡ
2790 4266 2936 4340 ψυχὴ
2971 4267 3009 4322 ἃ
3038 4267 3317 4336 γινώσκει,
3355 4269 3444 4321 καὶ
3476 4263 3628 4334 σιωπᾷ
3652 4261 3678 4315 ἃ
3699 4258 3739 4310 οὗ

2248 4361 2526 4433 γινώσκει.
2575 4360 2778 4431 Ἀγαθὰ
2818 4361 2876 4414 δὲ
2919 4356 3040 4414 εἷπε
3084 4360 3181 4415 νῦν
3217 4361 3316 4425 τὰς
3359 4359 3543 4433 ἀρετὰς
3579 4350 3741 4410 καὶτὰς

2246 4455 2478 4525 γνώσεις
2534 4456 2736 4519 αἵτινες
2776 4456 2834 4509 ὲν
2882 4453 3063 4524 καιρῷ
3111 4452 3411 4526 πειρασμοῦ
3466 4448 3738 4519 διαφεύγουσι

2244 4549 2372 4613 τοὺς
2404 4547 2854 4619 πειραζομένους.

2326 4639 2685 4710 Ἐθερμάνθη
2710 4641 2770 4708 ’ἠ
2807 4637 3019 4707 καρδία
3043 4658 3165 4710 μου
3198 4639 3370 4705 ἐντός
3389 4652 3518 4708 μου,
3546 4643 3592 4687 1.
3629 4644 3668 4681 τ.
3702 4624 3734 4677 ι-

576 4743 671 4801 irat
699 4745 908 4799 daemon
942 4741 1146 4803 instat,
1184 4736 1445 4808 possibile
1486 4744 1570 4790 est
1618 4751 1724 4790 non
1780 4734 1967 4799 irasci,
2009 4731 2141 4787 forte

2243 4731 2479 4788 Δυνατὸν
2513 4731 2610 4802 μὲν
2645 4728 2756 4802 (57)
2789 4729 2883 4783 τοῦ
2917 4731 3014 4803 τῆς
3041 4729 3210 4804 ὀργῆς
3227 4729 3529 4790 ἐπιστάντος
3553 4721 3735 4791 δαίμονος

576 4845 755 4891 autem
791 4830 1122 4903 impossibile
1153 4844 1259 4885 non
1293 4827 1693 4884 concalescere.

638 4924 802 4983 Vsus.
821 4925 874 4980 5.
897 4924 947 4980 Ν
952 4933 1097 4978 otum
1116 4921 1200 4993 fac
1220 4922 1375 4987 mihi,
1393 4920 1636 4988 Domine,
1653 4920 1807 4989 ﬁnem
1827 4937 2018 4984 meum.
2036 4930 2143 4977 etc.

648 5068 695 5102 "
718 5066 864 5124 Psal.
890 5079 1152 5129 cxxxvm,
1190 5064 1283 5119 2i.
1376 5063 1426 5095 ’δ
1471 5061 1600 5119 Luc.
1623 5079 1700 5130 vt,
1730 5063 1820 5119 26.
1922 5065 1970 5098 "
1992 5064 2138 5122 Psal.

652 5208 763 5282 (55)
804 5205 1241 5282 In_nlio_t1_uidem
1276 5201 1502 5282 psalmo:
1541 5210 1651 5258 etc.
1690 5200 1898 5282 catena
1921 5201 2147 5282 Ὀργᾶς-

578 5270 731 5337 τὶιιῖηι
757 5288 813 5334 et
845 5277 995 5334 alite:
1024 5270 1112 5328 Ἐν
1135 5270 1285 5344 ἄλλῳ
1306 5270 1506 5344 ψαλμῷ
1529 5289 1662 5344 φησι
1681 5288 1696 5304 ο
1726 5272 1837 5344 Καὶ
1865 5271 1939 5344 -τύ
1959 5271 2146 5344 {Iret}

573 5350 661 5421 μά
698 5365 814 5404 σου
857 5346 923 5421 to
967 5346 1144 5421 timor:
1177 5340 1265 5414 μῆ
1317 5340 1654 5421 duramenti)?
1852 5340 2024 5421 eum}.
2080 5342 2144 5394 Ei

582 5411 820 5475 Ξιάκεῖνοι
875 5411 1193 5489 ἀπέῤῥιψάί
1327 5414 1430 5489 ,ὼς
1491 5413 1680 5489 νεκρρν
1732 5411 2142 5489 ἔιὸδελυ-γμιέηίρν2

582 5489 718 5545 ἀλλὰ
745 5489 810 5542 σὺ
844 5481 1110 5557 σκέπέμέ
1146 5481 1259 5557 νὺπδ
1286 5484 1387 5557 τὴν
1412 5481 1679 5557 separatim
1721 5498 1812 5557 σρυ
1845 5481 2025 5557 χεῖραἶ
2043 5481 2144 5557 Σοῦ

584 5559 1006 5636 γᾴρ-’παρόντος
1047 5553 1355 5636 ’ᾲνισχυρρι
1389 5553 1488 5636 μὶ
1546 5553 1790 5636 ἀσθενεῖς
1815 5555 1903 5636 .οε
1938 5553 2143 5636 ὲ-χθροί.

582 5622 855 5699 Πρόσχεξ
889 5631 976 5696 εὶς
1015 5625 1129 5697 τὴν
1157 5622 1444 5693 ﬁeriﬁeth
1472 5642 1613 5694 μου,
1643 5624 1767 5679 ἐπεὶ
1811 5622 2020 5695 ἐχθρῶν
2046 5622 2146 5676 πε-

2252 4823 2328 4895 μὴ
2356 4822 2695 4896 ὀργισθῆναι,
2723 4821 2980 4878 ἀδύνατον
3002 4823 3063 4877 δὲ
3088 4825 3227 4896 τάχα
3259 4825 3330 4896 μὴ
3360 4817 3688 4891 θερμανθῆναι.

2324 4916 2635 4987 Γνώρισόν
2672 4934 2804 4987 μοι,
2839 4919 3046 4987 Κύριε,
3093 4919 3160 4974 τὸ
3198 4918 3378 4986 πέρας
3403 4931 3540 4986 μου,
3567 4927 3613 4961 κ.
3638 4920 3676 4956 τ.
3700 4899 3733 4951 l.

2172 5078 2224 5128 ι..
2264 5062 2350 5118 15.

2292 5197 2641 5271 ιεστηκότων,
2690 5196 2996 5271 ᾁν-θρώίπων
3040 5217 3099 5253 τε
3120 5270 3129 5271 7
3150 5196 3393 5271 πονῃρῶγ
3433 5195 3516 5271 κει)
3547 5185 3653 5271 ἐκορέ

2251 5219 2641 5325 ἓιεστηκοτων,
2692 5219 2996 5284 ανρρωπων
3040 5219 3099 5253 τε
3150 5219 3393 5322 mgfng
3433 5219 3516 5247 και
3551 5219 3603 5242 υιυ
3666 5219 3730 5235 ιι·-

2264 5271 2570 5352 -υνάμξωνι
2584 5267 2834 5352 βαηθειας
2865 5270 3072 5352 scopa},
3104 5269 3214 5323 Οὐκ
3237 5340 3250 5352 ἱ
3333 5267 3446 5352 ρθεν

2251 5327 2500 5426 ἀπαιῗτῷ,
2622 5327 2773 5408 παρὰ
2812 5327 2927 5426 soi},
2957 5327 3135 5426 'Kti‘pte
3154 5356 3169 5370 ’
3292 5337 3394 5426 γαρ

2253 5385 2524 5536 egi-E535;
2548 5385 3314 5481 taeniae’gi'ss‘mgag
3330 5385 3388 5462 Si
3409 5385 3528 5464 se.
3542 5401 3567 5452 ὁ
3586 5385 3734 5458 tam

2253 5499 2288 5536 α
2310 5499 2443 5536 τιος.

2252 5499 2422 5537 αιτιος
2429 5521 2443 5535 .

2323 5500 2443 5623 ἷξὲί
2485 5552 2583 5606 Ἐν
2617 5552 2743 5621 τοῖς
2775 5543 3522 5623 πειρασμοῖς-,γειατ-ξῲιθᾲω
3545 5531 3709 5593 Grami-

2321 5614 2439 5700 (⁵⁷)
2473 5614 2742 5681 Δυνατὸῦ
2763 5614 2902 5697 per,
2931 5614 3039 5685 etc.
3066 5614 3246 5684 Codex
3270 5614 3614 5677 Coislinianus.
