3970 6160
326 210 482 300 ἰδδν

1236 245 1543 304 SELECTA
1580 250 1648 305 IN
1687 245 2015 308 PSALMOS.
2056 275 2123 287 -
2158 241 2357 300 PSAL.
2399 240 2689 301 XXXVIII.

3434 222 3577 304 ‘tsso

346 357 524 427 Πέρας
565 356 682 409 ἐστὶ
862 357 964 429 τῆς
1003 358 1224 431 λογικῆς
1262 362 1534 437 φύσεωςή
1575 366 1773 436 γνῶσις
1812 371 1905 440 τῆς

2015 359 2164 417 Finis
2192 359 2528 417 rationabilis
2577 367 2785 415 natum
2834 366 2920 416 est
2966 360 3202 432 cognitio
3229 370 3428 418 sanctre
3458 364 3579 419 'l‘ri-
3638 357 3661 436 ,ἲ

346 446 505 513 ἁγίας
535 442 782 515 Τριάδος.
1188 494 1200 511 ,

415 537 589 604 Πλὴν
617 538 690 592 τὰ
719 540 1043 609 σύμπαντα
1077 546 1432 614 ματαιότης,
1465 546 1584 613 πᾶς
1606 548 1912 616 ἅνθρωπος

345 628 484 694 ζῶν,
533 646 587 683 κ.
625 646 677 682 τ.
717 630 764 682 ὲ.
818 631 899 685 Τὰ
940 635 1225 703 σωματικὰ
1256 636 1365 708 (59)
1396 638 1572 692 πάντα
1618 641 1912 711 ματαιότης

345 721 513 784 ἐστὶν,
544 722 578 792 ἡ
617 721 724 794 γὰρ
750 721 1038 794 ἀσώματος
1070 725 1230 795 φύσις
1266 728 1387 782 κατ’
1415 730 1599 783 είκόνα
1624 732 1912 803 γεγένηται

344 810 499 865 Θεοῦ.

415 903 699 974 Μέντοιγε
749 905 820 959 ἐν
867 908 1055 962 εἰκόνι
1110 908 1519 982 διαπορεύεται
1566 914 1874 984 ἄνθρωπος
1893 955 1910 982 ,

346 1012 399 1048 κ.
428 1012 478 1048 τ.
511 995 562 1048 ὲ.
594 999 707 1060 Πᾶς
735 997 1020 1072 ἄνθρωπος
1057 1000 1168 1070 (60)
1198 1002 1306 1066 ζῶν
1334 1005 1392 1057 ὲν
1428 1005 1595 1058 εἰκόνι
1626 1005 1913 1077 διαπορεύ-

347 1102 487 1152 εται,
522 1088 639 1157 ἦτοι
682 1088 776 1142 τοῦ
824 1091 1170 1164 Θεοῦτηρῶν
1210 1094 1272 1146 τὸ
1303 1096 1425 1150 κατ’
1471 1099 1684 1165 εἰκόνα,
1729 1101 1821 1154 καὶ
1852 1099 1912 1153 τὸ

348 1178 673 1250 προκόπτειν
699 1182 778 1245 εἰς
803 1182 1133 1254 τελειότητα,
1163 1185 1482 1258 σύμμορφος
1503 1189 1792 1261 γενόμενος
1813 1191 1913 1263 τῆς

348 1272 555 1337 εἰκόνος
583 1273 741 1340 Θεοῦ,
769 1275 802 1347 ἤ
843 1276 1002 1331 ἄλλον
1030 1278 1176 1343 τινὸς
1203 1280 1363 1348 Criton,
1398 1283 1564 1349 ἵππος
1600 1284 1912 1359 θηλυμανὴς

347 1361 383 1429 ἢ
418 1361 547 1417 ἄλλο
572 1382 625 1419 τι
653 1365 842 1436 ἄλογον
866 1368 1005 1423 κατὰ
1037 1370 1099 1424 τὸ
1120 1366 1250 1441 ἦθος
1271 1373 1573 1445 γινόμενος.

417 1558 527 1612 Kal
553 1558 670 1613 νῦν
698 1560 788 1627 τίς
820 1559 860 1627 ἡ
895 1555 1165 1627 ὑπομονή
1190 1572 1351 1626 μου;
1379 1574 1432 1611 κ.
1467 1572 1517 1609 τ.
1553 1556 1601 1608 ἑ.
1625 1553 1696 1607 Σύ
1724 1570 1814 1624 μοι
1844 1551 1905 1604 τὸ

349 1649 602 1704 δύνασθαι
630 1649 740 1723 (61)
770 1651 955 1722 φέρειν
981 1650 1288 1721 κεχάρισαιο
1319 1648 1378 1701 τὸ
1415 1646 1577 1720 μηδὲν
1608 1645 1666 1713 ἐξ
1696 1646 1904 1718 ἀνθρω-

2020 453 2224 508 uitatis.

2090 543 2250 600 Vens.
2286 543 2340 598 6.
2391 543 2558 615 690
2611 542 2982 600 Verumtamen
3029 544 3278 600 universa
3330 546 3538 600 uanitas
3561 588 3577 612 ,

2016 637 2187 689 omnis
2218 637 2373 689 homo
2407 637 2598 701 vivens,
2617 644 2723 691 etc.
2754 637 2894 691 Sunt
2921 637 3171 691 universa
3195 649 3456 707 corporea
3481 653 3580 690 va-

2016 727 2158 781 nitas
2188 744 2204 781 :
2235 741 2362 781 nam
2392 726 2710 798 incorporea
2741 737 2931 783 natura
2959 727 3255 783 secundum
3289 728 3578 800 imaginem

2016 815 2110 870 Dei
2145 814 2284 870 facta
2309 823 2413 873 est.

2098 902 2462 959 Verumtamen
2513 906 2569 959 in
2619 905 2844 976 imagine
2887 909 3174 977 pertransit
3228 908 3418 976 homo,
3463 915 3574 964 etc.

2014 993 2205 1050 Omnis
2237 996 2396 1051 homo
2421 996 2613 1051 vivens
2635 996 2690 1051 in
2715 996 2950 1067 imagine
2970 999 3281 1068 pertransit,
3311 1000 3425 1056 sive
3445 999 3574 1057 illud

2013 1087 2154 1156 quod
2188 1086 2281 1141 Dei
2305 1095 2387 1142 est
2410 1087 2478 1141 ad
2510 1087 2797 1158 imaginem
2820 1098 3001 1144 servet
3021 1098 3075 1145 et
3096 1090 3165 1145 ad
3188 1089 3575 1160 perfectionem

2015 1176 2599 1244 proficiat,coni'ormis
2624 1178 3039 1252 factusimagini
3072 1180 3190 1248 Dei,
3211 1182 3326 1237 sive
3354 1183 3577 1240 alterius

2013 1266 2312 1338 cnjuspiam
2365 1270 2632 1337 animalis,
2663 1272 2789 1327 dum
2830 1288 3004 1342 equus
3042 1263 3431 1342 admissarius,
3490 1274 3577 1331 vel

2014 1361 2162 1417 aliud
2193 1362 2469 1433 quidpiam
2491 1363 2710 1420 brutum
2730 1364 2931 1420 animal
2960 1366 3205 1424 moribus
3230 1365 3485 1424 efﬁcitur.

2082 1541 2248 1600 Vens.
2289 1542 2344 1601 8.
2378 1543 2450 1599 Et
2488 1561 2624 1602 nunc
2655 1563 2773 1617 qua
2820 1555 2898 1604 est
2935 1551 3256 1620 exspectatio
3282 1567 3399 1607 mea
3419 1552 3446 1606 7
3467 1561 3574 1622 etc.

2011 1636 2092 1692 Tu
2119 1639 2249 1694 mihi
2282 1647 2339 1693 ut
2369 1637 2512 1694 ferre
2554 1654 2767 1711 possem
2802 1640 3028 1712 largitus
3061 1659 3143 1709 cs,
3188 1645 3261 1699 ita
3292 1655 3351 1701 ut
3375 1659 3443 1700 ex
3470 1646 3574 1701 hn-

349 1744 507 1815 πίνης
547 1743 828 1807 ἀσθενείας
860 1745 1031 1797 εἰπεῖν
1063 1759 1116 1795 τι
1143 1741 1177 1813 ἢ
1209 1740 1422 1810 δρᾶσαι.
1458 1740 1530 1793 Σὺ
1558 1738 1615 1792 δὲ
1647 1739 1742 1792 καὶ
1780 1754 1905 1792 παι-

2013 1744 2173 1784 maua
2200 1729 2518 1785 inﬁrmitate
2544 1730 2683 1786 nihil
2716 1732 2951 1787 dicerem
2981 1732 3067 1787 vel
3090 1733 3348 1791 facerem.
3377 1734 3459 1790 Tu
3488 1750 3576 1793 me

345 1829 535 1896 δεύσας
583 1832 876 1904 ύποστῆναί
904 1849 970 1902 με
1002 1831 1096 1885 καὶ
1121 1831 1307 1902 φέρειν
1341 1830 1619 1901 ἐποίησας.
1668 1829 1726 1882 Ὀ
1755 1827 1909 1894 εἰδὼς

346 1917 441 1989 τὴν
472 1918 666 1972 πλάσιν
699 1936 821 1991 μου,
856 1921 948 1973 καὶ
978 1921 1074 1991 τὴν
1100 1919 1380 1974 ἀσθένειαν
1405 1916 1696 1988 σύγγνωθι.

419 2010 681 2078 Ὀνειδος
709 2011 922 2081 ἄφρονι
957 2011 1185 2078 ἔδωκάς
1211 2029 1322 2081 με,
1374 2029 1429 2065 κ.
1480 2023 1530 2065 τ.
1581 2013 1628 2065 ὲ.
1668 2012 1910 2083 Ἀφρονά

342 2118 506 2173 φησιν
536 2102 670 2175 (62),
698 2103 757 2155 ὃν
784 2104 876 2156 καὶ
907 2102 1117 2173 φθάσας
1144 2102 1466 2176 ἁμαρτωλὸν
1489 2103 1697 2175 εἴρηκε.
1726 2105 1910 2174 Παρα-

340 2192 520 2247 δίδωσι
551 2193 609 2247 δὲ
644 2196 673 2247 ὀ
704 2194 836 2258 Θεὸς
867 2196 946 2258 είς
977 2194 1275 2266 ὀνειδισμὸν
1294 2235 1310 2260 ,
1359 2196 1495 2267 πρὸς
1526 2194 1908 2266 ἐξομολόγησιν

345 2284 595 2356 μείζοναο
628 2285 769 2358 ὅπερ
812 2286 954 2351 ἁξιοῖ
993 2286 1067 2358 μὴ
1096 2287 1288 2340 παθεῖν
1330 2289 1361 2341 ό
1403 2286 1577 2341 ταῦτα
1606 2287 1800 2357 λέγων,
1832 2286 1909 2351 ὡς

342 2377 434 2447 ἀφ’
466 2376 658 2431 ἑαυτοῦ
689 2377 1173 2450 ἐξομολογούμενος
1202 2377 1342 2433 κατὰ
1369 2378 1431 2433 τὸ
1457 2377 1644 2433 δοκοῦν
1671 2378 1749 2449 τῷ
1766 2377 1905 2450 Θεῷ.

425 2557 771 2629 Ὲκωφώθην
799 2559 897 2612 καὶ
933 2560 1044 2613 οὐκ
1075 2557 1288 2628 ἦνοιξα
1324 2556 1391 2612 τὸ
1428 2557 1622 2626 στόμα
1654 2573 1791 2628 μου,
1819 2557 1908 2611 ὅτι

341 2651 425 2705 σὺ
460 2651 773 2719 ἐποίησας,
806 2667 860 2704 κ.
890 2668 940 2704 τ.
968 2651 1017 2704 ὲ.
1047 2648 1278 2703 Δύναται
1309 2649 1403 2703 καὶ
1434 2648 1595 2702 τοῦτο
1615 2648 1725 2720 (65)
1767 2647 1907 2702 οὔτω

340 2741 595 2797 νοεῖσθαι·
636 2741 907 2799 Οὐδέποτέ
940 2758 1021 2794 σοι
1052 2741 1128 2806 ὡς
1157 2740 1304 2795 ἄλλοι
1333 2739 1587 2811 προσῆψα
1636 2740 1712 2804 ὡς
1749 2741 1907 2810 αἰτίῳ

340 2834 440 2897 τὰς
469 2833 609 2903 ὲμὰς
631 2832 877 2903 ἀνομίας.
911 2833 1005 2896 El;
1030 2831 1184 2886 τοῦτο
1211 2829 1319 2901 γὰρ
1346 2830 1599 2884 οὐδέποτε
1637 2830 1699 2883 τὸ
1733 2829 1905 2900 στόμα

345 2943 446 2998 μου
471 2924 678 2997 ἧνοιξα,
700 2924 814 2978 ἁλλ’
843 2924 1162 2994 ἐκωφώθην.

416 3019 544 3072 Ὅτι
590 3017 874 3086 πάροικος
909 3017 1025 3088 ἐγώ
1061 3020 1177 3087 ειμι
1202 3016 1272 3071 ἐν
1305 3014 1382 3086 τῇ
1409 3015 1488 3086 τῇ
1522 3014 1620 3069 καὶ
1649 3013 1901 3084 παρεπί-

338 3110 527 3180 ὂημος
546 3150 560 3174 ,
607 3083 801 3176 καθὼς
836 3083 1057 3177 πάνετες
1090 3083 1143 3165 δι
1189 3083 1438 3178 πατέρες
1599 3147 1614 3174 ,
1656 3125 1712 3163 κ.
1736 3083 1809 3164 τ.
1852 3110 1901 3162 ἑ.
1929 3083 1974 3144 (ἶ

352 3200 413 3255 '0
447 3201 703 3265 πολλάκις
733 3201 899 3256 εἰπὼν
933 3200 1077 3273 (64),
1103 3218 1124 3252 ι
1146 3200 1293 3274 Πλὴν
1335 3201 1627 3273 ματαιότης
1666 3203 1774 3267 πᾶς
1813 3202 1905 3257 ἁν-

342 3291 590 3364 θρωπος,
616 3311 636 3344 ›
676 3292 926 3362 ὁμολογεῖ
952 3292 1210 3362 πάροικος
1240 3287 1378 3345 εἶναι
1398 3331 1415 3357 ,
1450 3291 1644 3364 ἑτέραν
1674 3291 1732 3346 δὲ
1760 3290 1904 3364 ζωὴν

340 3382 655 3453 ἀναψύξεως
680 3380 813 3449 οἶδε,
843 3383 938 3436 καὶ
977 3382 1115 3455 μετὰ
1143 3381 1389 3453 δακρύων
1420 3382 1647 3437 ἱκετεύει
1679 3383 1903 3438 σπάνιον

341 3475 484 3529 κατὰ
514 3477 639 3539 τοὺς
669 3476 907 3548 πατέρας
938 3477 1196 3547 πάροικον
1222 3470 1360 3528 εἶναι
1378 3514 1394 3541 ,
1425 3475 1518 3528 καὶ
1553 3479 1626 3547 μὴ
1676 3476 1901 3530 ἐνοικεῖν

340 3570 406 3640 τῇ
436 3567 684 3640 παρούσῃ
717 3567 851 3639 ζωῇ.
894 3567 1018 3621 Ἐὰν
1046 3563 1171 3634 οὖν,
1212 3568 1363 3640 φησὶ,
1403 3568 1478 3640 μὴ
1513 3569 1655 3641 ἀφῇς
1683 3587 1773 3641 μοι
1799 3572 1900 3644 τὴν

340 3659 613 3731 ἁμαρτίαν
630 3699 646 3724 ,
685 3660 779 3713 καὶ
803 3658 1058 3727 ἀναψύξω
1086 3660 1216 3731 πρὶν
1239 3659 1493 3715 ἀπελθεῖν
1515 3663 1651 3727 ἐκεῖ,
1673 3663 1773 3734 οὐχ
1796 3662 1901 3729 ἔξω

342 3750 629 3819 μετανοίας
652 3750 859 3823 καιρὸν,
885 3750 1005 3803 οὐδὲ
1035 3748 1259 3823 ὑπάρξω
1287 3754 1345 3806 ὲν
1374 3754 1441 3824 τῇ
1473 3752 1622 3825 παρὰ
1652 3754 1735 3806 σοὶ
1763 3753 1897 3824 ζωῇ.

341 3841 451 3906 Ἠ,
492 3842 566 3906 ὡς
610 3842 708 3913 οὐχ
747 3843 1096 3914 ὑπαρχόντων
1171 3844 1538 3917 ἁμαρτωλῶν,
1581 3843 1793 3899 ἔσονται
1825 3844 1902 3909 ὡς

339 3933 441 3986 οὐκ
472 3933 639 3998 ὄντες.

418 4025 526 4078 Τοῦ
545 4025 751 4081 αὐτοῦ.
777 4027 984 4093 Πάντες
1002 4029 1052 4082 oi
1076 4028 1183 4083 τῶν
1207 4027 1317 4101 (65)
1336 4029 1557 4085 δικαίων
1581 4029 1657 4092 ὡς
1676 4028 1901 4083 δικαίων

344 4115 595 4188 πατέρες,
626 4119 875 4190 πάροικοι
900 4123 1007 4174 εἰσι
1032 4124 1124 4175 καὶ
1148 4122 1535 4194 παρεπίδημοι,
1561 4120 1720 4176 σκιὰν
1739 4120 1904 4194 ἡγού-

345 4223 497 4279 μενοι
520 4209 610 4263 τὸν
640 4211 752 4280 βίον
774 4211 866 4266 τὸν
896 4213 990 4265 ἐπὶ
1014 4214 1114 4285 τῆς
1143 4214 1266 4286 γῆς.

438 4346 527 4423 ἓξ)
553 4347 742 4423 ρέρας
767 4348 923 4416 ἐστι,
951 4361 1055 4423 etc.
1082 4351 1248 4423 Idem.
1316 4420 1319 4423 λ

310 4442 334 4457 τ’
414 4416 529 4555 (59)
561 4420 643 4496 Td~
668 4420 992 4486 σωματικά,
1022 4431 1130 4477 etc.
1155 4420 1321 4475 Idem.

417 4487 506 4555 (60
553 4490 680 4554 Πας
717 4489 1043 4555 ἄνθρωπος,
1079 4499 1185 4545 etc.
1242 4491 1315 4546 Ca

417 4486 680 4558 (60)11ᾶς
717 4489 1043 4558 ἄνθρωπος,
1079 4499 1185 4545 etc.
1242 4491 1444 4546 Catena
1485 4488 1754 4556 Corderii,
1804 4488 1899 4543 sed

344 4555 585 4636 pleniora
618 4559 779 4613 habet
815 4555 1019 4636 Catena
1049 4560 1272 4636 Barbari
1301 4578 1314 4614 :
1340 4560 1526 4636 Omnis
1552 4562 1706 4615 homo
1726 4558 1898 4630 uiuens

343 4627 400 4699 in
428 4627 651 4695 imagine
683 4631 992 4699 pertransit,
1026 4631 1103 4685 vel
1133 4642 1391 4699 quatenus
1422 4631 1476 4684 id
1508 4639 1680 4685 seruat
1718 4627 1769 4682 et
1818 4644 1901 4681 re—

343 4694 470 4770 tinet
499 4694 635 4770 quod
665 4694 836 4770 estad
851 4697 954 4770 Dei
984 4694 1284 4769 imaginem,
1334 4702 1421 4770 qui
1452 4700 1737 4770 pertransit
1781 4715 1900 4765 pro-

341 4764 585 4840 ﬁcientia,
618 4776 718 4840 nec
743 4769 798 4840 in
825 4768 1029 4840 ιέίιήηιι⁸
1053 4764 1279 4840 imagine
1321 4764 1471 4840 facit,
1521 4785 1639 4824 cum
1677 4773 1746 4840 sit
1781 4764 1902 4821 con-

342 4834 526 4911 formis
561 4836 777 4911 imagini
815 4836 952 4911 Filii
992 4838 1128 4904 Dei;
1159 4834 1257 4894 ’τοι
1304 4834 1559 4911 quatenus
1597 4839 1900 4911 similis__est

342 4904 507 4981 alicui
547 4904 786 4981 animali,
821 4907 901 4961 uel
922 4925 1082 4981 _equa
1129 4904 1326 4963 amore'
1350 4911 1566 4981 furenti,
1604 4911 1683 4963 vel
1716 4907 1903 4963 bellum

340 4974 513 5043 alicui
541 4974 689 5043 cujus
721 4992 886 5030 mores
914 4974 1167 5031 imitetur.
1350 4974 1362 4981 ⁷
1551 4974 1559 4977 ⁷
1850 5038 1853 5041 η

411 5042 526 5115 (lii)
557 5045 642 5099 Σύ
663 5062 766 5115 μοι
800 5047 868 5100 τὸ
895 5047 1208 5115 δύνασθαι,
1247 5059 1354 5105 etc.
1382 5050 1580 5106 Catena
1606 5046 1875 5105 Corderii.

411 5114 527 5184 (62)
560 5114 816 5185 Ἀφρονὰ
839 5133 1050 5186 φησιν,
1084 5114 1199 5174 etc.
1226 5120 1444 5176 Eadem.

409 5185 525 5256 (65)
550 5188 801 5242 Δύναται
831 5185 929 5243 καὶ
954 5187 1150 5251 τοῦτο.
1188 5200 1293 5245 etc.
1322 5189 1545 5245 Eadem.

409 5257 525 5327 (64)
565 5257 619 5310 '0
656 5258 950 5324 πολλάκις
994 5258 1194 5324 εἰπών,
1257 5269 1362 5315 etc.
1407 5259 1629 5315 Eadem.
1662 5258 1719 5314 In
1754 5259 1897 5314 hunc

342 5341 522 5387 antem
547 5342 758 5382 versum
785 5329 930 5383 aliud
955 5329 1198 5385 scholion
1223 5331 1385 5386 habet
1404 5330 1605 5387 Catena
1635 5329 1892 5385 Barbari:

338 5403 543 5471 Causas
567 5409 770 5471 narrat,
799 5400 984 5471 quibus
1013 5399 1112 5454 Dei
1150 5402 1508 5455 misericordia
1534 5402 1719 5471 dignus
1744 5399 1896 5453 homo

340 5470 534 5521 censeri
575 5470 777 5526 debeat.
810 5468 967 5540 'Quis
1023 5474 1158 5526 enim
1195 5483 1268 5527 est
1303 5473 1393 5542 qui
1451 5468 1675 5527 incolam
1740 5484 1893 5525 suum

2010 1820 2280 1876 sustinere
2302 1820 2541 1876 docuisti
2590 1834 2656 1876 ac
2684 1820 2832 1876 ferre
2867 1821 3065 1878 fecisti.
3104 1821 3237 1878 Cum
3264 1825 3480 1882 noveris
3505 1826 3572 1880 ti-

2009 1921 2285 1983 gmentum
2313 1929 2514 1981 meum,
2541 1914 2704 1970 etiam
2734 1913 3089 1971 imbecillitati
3121 1916 3360 1987 ignosce.

2079 2003 2246 2060 Vens.
2278 2003 2333 2061 9.
2376 2003 2723 2074 Opprobrium
2770 2007 3036 2075 insipienti
3081 2007 3277 2064 dedisti
3311 2025 3414 2074 me,
3459 2020 3569 2067 etc.

2009 2096 2352 2168 lnsipientem
2378 2107 2555 2164 vocat,
2581 2114 2741 2169 quem
2777 2108 2934 2155 antea
2962 2109 3300 2170 peccatorem
3331 2103 3572 2174 appella-

2007 2199 2179 2245 verat.
2224 2188 2416 2245 Tradit
2444 2199 2621 2245 autem
2653 2190 2796 2246 Deus
2823 2192 2876 2246 in
2910 2191 3260 2262 opprobrium
3303 2195 3370 2249 ad
3402 2193 3567 2264 majo-

2009 2297 2124 2337 rem
2157 2279 2603 2337 eonl‘essionem:
2641 2282 2785 2353 quod
2833 2296 2903 2338 ne
2936 2282 3036 2353 ipsi
3094 2286 3327 2350 accidat,
3380 2285 3574 2353 depre-

2007 2383 2160 2429 catur
2184 2374 2230 2429 is
2264 2374 2354 2443 qui
2390 2373 2507 2428 haec
2555 2373 2706 2440 dicit,
2737 2382 2921 2444 utpote
2948 2384 3143 2445 sponte
3164 2390 3260 2432 sua
3293 2375 3573 2455 confessu-

2007 2481 2100 2521 rus
2126 2466 2422 2522 secundum
2458 2464 2854 2536 beneplacitum
2886 2466 3005 2523 Dei.

2076 2557 2242 2614 Vens.
2273 2557 2363 2613 lo.
2398 2556 2648 2613 Obmutui
2675 2569 2723 2612 et
2754 2574 2859 2613 non
2886 2557 3072 2627 aperui
3115 2574 3176 2614 os
3217 2575 3412 2629 meum,
3440 2577 3574 2634 quo-

2006 2649 2148 2704 niam
2176 2660 2233 2703 tu
2259 2648 2451 2719 fecisti,
2475 2658 2582 2705 etc.
2614 2648 2798 2705 Potest
2830 2659 2887 2704 et
2911 2649 3040 2706 illud
3069 2650 3150 2707 sic
3176 2651 3402 2723 intelligi
3430 2652 3574 2710 :Ne-

2004 2756 2275 2813 quaquam
2327 2742 2421 2797 tibi
2463 2751 2522 2797 ut
2555 2738 2765 2797 auctori
2806 2742 3123 2812 iniquitates
3156 2758 3305 2801 meas
3341 2743 3570 2817 ascripii

2005 2845 2063 2889 ut
2088 2834 2177 2889 alii
2209 2834 2476 2891 fecerunt.
2521 2836 2603 2891 Ad
2652 2835 2755 2891 hoc
2795 2835 2941 2892 enim
2993 2852 3268 2909 nunquam
3297 2854 3361 2896 os
3388 2855 3568 2898 meum

2005 2925 2213 2997 aperui,
2253 2927 2349 2983 sed
2381 2928 2649 2983 obmutui.

2075 3016 2238 3074 Vens.
2279 3019 2368 3074 15.
2408 3017 2674 3084 Quoniam
2715 3019 2920 3074 advena
2960 3036 3055 3091 ego
3092 3036 3208 3077 sum
3249 3023 3306 3077 in
3346 3035 3489 3080 terra
3520 3037 3571 3082 et

2006 3111 2328 3180 peregrinus,
2359 3110 2497 3164 sicut
2534 3126 2713 3165 omnes
2753 3122 2927 3180 patres
2955 3112 3077 3181 mei,
3117 3122 3225 3170 etc.
3268 3115 3369 3182 Qui
3401 3132 3573 3188 smpe-

2008 3215 2233 3255 nnmero
2270 3200 2440 3266 dixit,
2479 3199 2845 3256 Verumtamen
2890 3204 3099 3258 uanitas
3151 3206 3322 3261 omnis
3376 3208 3567 3277 homo,

2008 3294 2211 3347 fatetur
2241 3304 2299 3348 se
2331 3293 2591 3347 advenam
2622 3307 2776 3358 esse;
2817 3294 3046 3350 alteram
3075 3305 3257 3372 autem
3281 3298 3573 3371 refrigera-

2009 3381 2169 3436 tionis
2206 3381 2373 3436 vitam
2418 3382 2603 3447 novit,
2658 3393 2717 3438 et
2765 3397 2888 3438 cum
2935 3383 3185 3456 lacrymis
3220 3399 3473 3456 precatur
3511 3404 3573 3448 ut

2008 3489 2166 3529 rarus
2197 3474 2271 3529 sit
2300 3474 2597 3529 secundum
2654 3483 2837 3543 patres
2871 3476 3117 3545 advena,
3166 3488 3220 3534 et
3267 3494 3373 3535 non
3409 3482 3570 3538 inha-

2004 3565 2141 3621 bitet
2189 3567 2354 3620 vitam
2405 3574 2745 3635 praesentem.
2804 3565 2917 3622 Nisi
2978 3567 3172 3637 igitur,
3223 3571 3435 3641 inquit,
3489 3572 3573 3629 di;-

2005 3660 2219 3715 miseris
2259 3661 2389 3715 mihi
2426 3671 2732 3730 peccatum,
2779 3670 2835 3717 et
2878 3661 3232 3734 refrigeratus
3272 3664 3428 3723 fuero
3472 3685 3573 3725 an-

2006 3761 2220 3821 tequam
2254 3766 2320 3806 eo
2357 3752 2579 3819 vadam,
2602 3768 2709 3807 non
2746 3753 2958 3809 habebo
2995 3765 3203 3825 tempus
3245 3759 3566 3830 paenitendi,
3652 3769 3658 3775 ‘

1996 3856 2182 3910 neque
2215 3841 2271 3897 in
2302 3842 2412 3897 vita
2448 3842 2539 3897 illa
2574 3844 2715 3911 apud
2751 3853 2803 3900 te
2852 3860 3028 3915 agam.
3063 3845 3161 3901 Vel
3183 3888 3198 3911 ,
3247 3851 3403 3919 quasi
3460 3868 3567 3909 non

2007 3930 2273 3988 exsistant
2291 3937 2626 4000 peccatores,
2657 3939 2823 3986 erunt
2846 3934 3003 4001 quasi
3032 3949 3139 3988 non
3168 3935 3300 3991 sint.

2075 4019 2352 4090 Ejusdem.
2401 4018 2603 4076 Omnes
2641 4019 2911 4089 iustorum
2955 4030 3016 4075 ut
3061 4021 3333 4092 iustorum
3384 4034 3568 4094 patres

2007 4114 2228 4169 advenae
2259 4121 2388 4167 sunt
2418 4121 2471 4167 et
2500 4111 2805 4181 peregrini,
2838 4112 3084 4168 umbram
3135 4122 3448 4185 reputantes
3486 4116 3570 4169 vi-

2008 4212 2117 4259 tam
2157 4219 2279 4274 quae
2308 4213 2392 4259 est
2416 4219 2577 4274 super
2604 4213 2828 4259 terram.

1933 4355 1979 4411 p
2007 4358 2109 4397 non
2159 4340 2515 4413 misericordia
2547 4344 2933 4413 prosequatur?
2968 4341 3074 4399 Sed
3099 4360 3195 4398 cur
3242 4345 3441 4412 incola,
3472 4356 3566 4401 aut

2005 4413 2203 4483 aduena
2249 4411 2402 4483 homo
2445 4411 2574 4464 est?
2614 4410 2877 4477 Quoniam
2909 4414 3119 4483 quando
3140 4413 3362 4483 jusserit
3397 4410 3560 4483 Deus,

2003 4481 2163 4551 homo
2217 4481 2407 4548 migrat
2460 4490 2709 4551 tanquam
2762 4483 2825 4535 de
2854 4481 3009 4537 domo
3038 4485 3097 4537 in
3136 4481 3348 4538 domum
3375 4486 3441 4538 ab
3469 4481 3566 4540 hoc

2003 4549 2196 4624 steculo
2221 4551 2278 4603 in
2296 4549 2842 4624 futurum.'Cteterum
2862 4568 2967 4624 non
2991 4553 3415 4624 ἐπίδημοςῃιιοά
3437 4556 3567 4609 sim-

2001 4621 2208 4691 pliciter
2248 4620 2576 4700 peregrinum
2615 4631 2794 4685 sonat,
2841 4621 2932 4700 sed
2978 4620 3356 4694 παρεπίδημον
3405 4626 3565 4680 dixit.

2006 4688 2140 4744 Nam
2197 4691 2434 4758 quandnt
2490 4704 2687 4758 corpus
2742 4689 3029 4746 incolimus
3062 4731 3078 4756 ,
3127 4693 3566 4758 quemadmodum

2006 4703 2140 4744 i‘lntn
2197 4703 2434 4758 quanam
2490 4704 2687 4758 corpus
2742 4703 3029 4746 tncoumns
3062 4731 3078 4756 ,
3127 4703 3566 4761 quemadmodum

2010 4758 2213 4813 Paulus
2259 4759 2361 4822 ait,
2403 4762 2811 4829 peregrinamur
2857 4774 2887 4813 a
2921 4760 3169 4817 Domino.
3212 4759 3365 4816 Unde
3394 4765 3569 4820 sancti

1998 4828 2120 4882 hinc
2148 4829 2407 4896 emigrare
2438 4828 2778 4901 festinarunt,
2799 4839 2855 4883 ut
2890 4846 3007 4885 cum
3034 4832 3144 4886 Deo
3166 4831 3563 4901 inhabitarent,

2000 4914 2138 4970 quos!
2158 4909 2332 4964 patres
2361 4913 2506 4962 suos,
2537 4915 2644 4970 non
2680 4899 2845 4968 juxta
2879 4916 3086 4954 carnem
3120 4911 3345 4964 tantum,
3378 4903 3469 4958 sed
3501 4899 3564 4957 ob

1997 4968 2434 5041 similesuirtutes
2472 4969 2725 5041 propheta
2754 4970 3063 5041 nominavit.
3095 4971 3163 5026 Et
3191 4972 3422 5041 amplius
3454 4988 3561 5027 non

1999 5052 2117 5093 ero.
2151 5037 2293 5091 Nam
2325 5039 2687 5107 peccatoribus
2709 5040 2920 5107 perinde
2964 5057 3027 5094 ac
3048 5057 3149 5095 non
3175 5037 3302 5107 sint,
3334 5042 3564 5097 dicitur:

1997 5117 2438 5181 erunttanquatn
2461 5109 2553 5177 qui
2585 5122 2689 5161 non
2722 5120 2871 5163 sunt.
2900 5108 2968 5163 Et
2996 5128 3017 5163 :
3039 5127 3101 5166 ea
3127 5126 3249 5181 qua
3280 5127 3391 5181 non,
3415 5124 3562 5175 sunt,

2001 5177 2214 5248 vocavit
2245 5178 2406 5241 Deus,
2442 5187 2698 5247 tanquam
2733 5193 2796 5232 ea
2827 5193 2947 5248 quae
2974 5193 3121 5235 sunt.
3147 5177 3335 5245 'Quare
3372 5180 3557 5234 Domi-

2001 5262 2125 5300 num
2169 5246 2335 5301 Deum
2373 5246 2607 5302 nostrum
2639 5246 3044 5328 subsequamur,
3074 5252 3341 5320 eidemque
3385 5252 3561 5305 adlue-

2000 5332 2227 5387 reamus,
2256 5328 2309 5387 ut
2342 5333 2458 5372 uere
2485 5333 2902 5387 essegposstmus.

2071 5386 2183 5459 (65)
2217 5385 2446 5454 Πάντες
2476 5391 2529 5442 ot
2555 5385 2692 5453 τῶν,
2722 5397 2829 5444 etc.
2860 5387 3039 5444 Codex
3068 5386 3455 5447 Coislinianus.
