3970 6160
546 129 676 186 1591

1944 137 2033 191 EX
2074 137 2377 193 ORIGENE-

3621 153 3634 202 l
3644 153 3723 206 392

558 277 3714 314 mw

1453 415 2033 510 ORIGENIS
2071 419 2845 512 EXPLANATIO

1207 571 1413 650 Super
1458 571 1776 650 psalmum
1824 571 2235 650 trigesimum
2275 581 2608 650 octavum,
2651 575 2760 654 qui
2823 576 3110 638 dicitur:

1742 672 1873 726 Dixi
1889 689 1906 725 :
1920 672 2234 728 Custodiam
2257 675 2368 729 vias
2401 691 2563 730 meas.

2097 815 2168 833 ..1

941 940 1100 1012 391
1137 940 1416 997 HOMILIA
1445 941 1680 997 PRIMA.

604 1033 756 1087 Sicut
799 1049 940 1089 unus
989 1034 1149 1088 homo
1199 1035 1415 1105 prolicit
1471 1037 1765 1089 secundum
1816 1035 2017 1104 Deum,
2047 1049 2100 1093 et

543 1125 770 1178 atudium
819 1124 922 1179 sibi
956 1125 1224 1180 adhibens
1267 1126 1460 1182 melior
1503 1127 1680 1196 seipse
1725 1127 1989 1193 eﬂicitur,
2026 1131 2098 1184 ita

539 1217 692 1276 niam
741 1218 937 1286 pepulo
970 1216 1222 1272 universo
1269 1218 1570 1273 accidebat.
1600 1219 1828 1290 Propter
1869 1223 2010 1290 quod
2045 1231 2100 1276 et

529 1307 648 1375 ipso
678 1307 1032 1377 proliciente,
1066 1308 1230 1362 etiam
1274 1307 1405 1378 legis
1447 1310 1496 1362 ei
1527 1309 1690 1365 ﬁebat
1723 1321 2095 1382 augmentum.

530 1401 775 1472 Denique
819 1405 1091 1472 quomodo
1134 1404 1188 1457 in
1235 1403 1352 1474 lege
1395 1407 1652 1476 scriptum
1684 1417 1796 1474 est,
1829 1421 2097 1481 praecepta

527 1494 773 1563 quaedam
818 1495 1190 1551 sacerdotibus
1221 1506 1346 1552 sunt
1380 1509 1433 1551 et
1471 1498 1677 1555 Levitis
1716 1503 1782 1556 de
1812 1504 2096 1559 sacriﬁciis

527 1585 848 1654 caeterisque
868 1585 1202 1642 solemnibus
1231 1603 1246 1640 :
1296 1603 1481 1643 verum
1520 1604 1642 1644 cum
1675 1593 1962 1662 proﬁceret
1997 1611 2094 1665 po—

527 1677 686 1743 pulus
712 1691 776 1729 eo
811 1685 1055 1746 tempore
1084 1693 1191 1746 quo
1227 1678 1401 1733 inerat
1427 1681 1474 1734 ei
1507 1682 1680 1737 virtus
1722 1685 1899 1741 adhuc
1929 1687 2097 1753 proﬁ-

530 1766 731 1833 ciendi,
759 1781 864 1821 non
905 1769 1055 1823 stetit
1081 1783 1168 1824 res
1195 1769 1247 1824 in
1275 1769 1366 1825 illo
1394 1773 1570 1841 primo
1595 1775 1813 1840 ordine,
1850 1780 1942 1833 sed
1978 1779 2098 1834 alli-

526 1867 665 1927 gata:
690 1868 814 1912 sunt
856 1859 958 1915 illis
994 1863 1380 1918 eminentiores
1424 1866 1668 1933 quaedam
1725 1867 2095 1938 legislationes

517 1949 768 2002 secundo
808 1959 864 2003 et
901 1951 1078 2007 tertio.
1113 1952 1180 2007 Et
1218 1955 1264 2008 si
1300 1955 1425 2023 quis
1470 1958 1584 2012 vult
1635 1961 1776 2016 scire
1809 1977 1927 2032 quae
1969 1976 2094 2018 sunt

527 2038 628 2091 ista
657 2054 778 2109 qua:
805 2041 871 2095 de
912 2044 1283 2100 sacerdotibus
1333 2063 1396 2102 ac
1433 2048 1639 2106 Levitis
1687 2053 1898 2121 adjecta
1958 2057 2089 2119 sint,

526 2129 667 2199 legat
698 2132 928 2200 primum
961 2133 1159 2189 librum
1203 2136 1651 2209 Paralipomenon
1677 2183 1691 2209 ,
1724 2155 1780 2198 et
1825 2147 2093 2214 patienter

526 2223 1013 2293 inspiciatomnem
1045 2226 1192 2282 illum
1235 2232 1534 2302 catalogum
1571 2234 1881 2302 nominum,
1921 2250 1976 2292 et
2007 2237 2090 2292 in-

522 2319 705 2372 veniet
733 2318 803 2372 ibi
825 2320 1203 2376 admirandum
1227 2327 1517 2392 quemdam
1545 2329 1791 2383 ordinem
1824 2338 1877 2385 et
1901 2331 2086 2386 distri-

520 2408 796 2464 butionem
830 2411 1063 2466 tribuum
1095 2429 1196 2482 pro
1227 2430 1324 2470 suo
1367 2433 1583 2488 quoque
1619 2421 1834 2477 nomine
1872 2431 1926 2477 et
1969 2423 2087 2479 loco

519 2501 848 2568 praecipuum
892 2503 1020 2572 quid
1058 2505 1110 2559 in
1143 2506 1369 2562 solemni
1415 2511 1606 2565 ordine
1651 2526 1770 2566 esse
1813 2513 2082 2567 sortitam.

523 2590 629 2646 Sed
659 2602 713 2647 et
738 2592 951 2649 Levitas
973 2605 1030 2650 et
1059 2601 1373 2654 sacerdotes
1422 2601 1660 2656 inveniet
1707 2603 1938 2659 diversis
1971 2603 2088 2659 utfi-

519 2685 620 2738 ciis
648 2693 808 2754 atque
835 2687 1121 2743 ordinibus
1158 2689 1480 2746 distributos
1509 2693 1555 2724 ⁸⁸
1584 2732 1600 2758 ,
1642 2702 1702 2748 ut
1738 2694 1827 2748 alii
1865 2697 2080 2764 quidem

520 2774 630 2828 sint
659 2776 726 2828 ad
750 2776 1068 2845 aperiendas
1092 2777 1291 2848 januas
1317 2782 1497 2850 templi
1523 2785 1822 2853 praepositi,
1852 2786 1943 2840 alii
1965 2788 2088 2856 qui-

517 2865 621 2919 bus
673 2865 855 2921 claves
904 2869 1200 2924 creduntur
1222 2912 1238 2937 ,
1272 2871 1394 2926 aliis
1441 2875 1830 2931 sacriﬁciorum
1862 2887 1916 2933 et
1951 2880 2083 2933 alta-

506 2954 658 3009 rium
683 2971 811 3010 cura
842 2958 1217 3013 committitur.
1269 2959 1334 3015 Et
1377 2961 1546 3017 multa
1579 2976 1704 3020 sunt
1735 2982 1855 3037 qua:
1898 2983 1964 3023 ex
2017 2969 2084 3023 il—

514 3046 622 3102 lius
648 3048 768 3102 libri
803 3048 1027 3102 historia
1060 3063 1346 3119 possumus
1392 3053 1574 3109 dicere
1616 3057 1682 3110 de
1723 3060 2080 3116 sacerdotali-
2113 3107 2130 3123 ,

515 3137 618 3210 bus
673 3139 954 3194 institutis.
996 3140 1053 3193 Si
1108 3142 1232 3210 quis
1265 3157 1396 3212 ergo
1443 3145 1710 3215 inspicere
1741 3161 1915 3218 potest
1941 3170 2079 3223 quo-

514 3230 674 3283 modo
715 3231 1008 3300 exemplari
1037 3271 1051 3295 ,
1083 3242 1138 3286 et
1182 3235 1386 3290 umbra
1417 3237 1719 3294 cmlestium
1765 3241 2078 3302 deserviunt

503 3318 682 3375 Judaei
717 3320 795 3384 ³⁷,
838 3323 1094 3377 ascendat
1125 3325 1191 3378 ab
1225 3326 1472 3382 inferiori
1507 3331 1658 3386 verbi
1696 3334 1971 3403 crepidine
2010 3341 2077 3393 ad

514 3425 725 3465 summa
757 3410 871 3481 ejus
899 3428 964 3469 ac
993 3415 1274 3485 superiora
1299 3417 1515 3488 fastigia
1537 3460 1553 3486 ,
1590 3432 1646 3477 et
1681 3427 2077 3496 contempletur

505 3517 577 3556 ex
607 3502 670 3558 iis
717 3502 883 3560 futuri
913 3509 1204 3564 sacerdotii
1242 3519 1445 3564 statum
1478 3521 1532 3567 et
1571 3513 1892 3570 electionem
1929 3517 2072 3573 illam

509 3593 820 3660 caelestem,
851 3607 1015 3666 atque
1043 3598 1173 3654 inlbi
1209 3602 1663 3670 contemplabitur
1708 3606 1800 3675 qui
1829 3617 1956 3662 sunt
1986 3610 2071 3664 isti
2101 3637 2142 3695 ε

506 3684 726 3740 ordines
780 3689 1180 3757 sacerdotales,
1223 3692 1307 3747 vel
1349 3709 1469 3764 quae
1501 3695 1612 3750 sint
1653 3695 1826 3752 olIicia
1860 3696 2073 3753 Levita-

505 3791 624 3832 rum
655 3793 774 3847 quae
817 3780 872 3834 in
901 3781 1216 3838 caelestibus
1267 3785 1584 3842 ministeriis
1614 3787 1944 3843 exhibentur
1966 3830 1983 3856 ,
2017 3801 2074 3844 et

505 3870 691 3922 omnia
719 3870 771 3924 in
805 3872 958 3928 caelis
991 3885 1173 3931 mente
1197 3876 1482 3945 conjiciet,
1516 3894 1636 3948 qua:
1665 3879 1909 3950 deposita
1940 3883 2072 3936 vidit

505 3959 558 4012 iu
594 3961 775 4014 terris.
803 3961 920 4017 Erit
969 3968 1112 4020 enim
1158 3977 1212 4022 et
1259 3969 1329 4022 ibi
1361 3970 1624 4039 populus,
1677 3983 1732 4026 et
1759 3986 1827 4025 ex
1871 3973 2069 4042 populo

505 4053 597 4104 Dei
653 4053 812 4107 electi
849 4054 1147 4122 Levitae,et
1185 4073 1252 4114 ex
1289 4061 1374 4116 his
1419 4077 1634 4117 rursum
1674 4064 1829 4118 electi
1855 4074 1910 4119 et
1951 4066 2068 4120 exi-

503 4143 596 4196 mii
646 4145 984 4213 sacerdotes,
1033 4157 1088 4202 et
1133 4151 1476 4206 sacerdotum
1524 4152 1872 4209 nihilominus
1918 4153 2068 4209 diffe-

503 4236 692 4290 rentiae
733 4238 1174 4308 quamplurimas:
1206 4243 1347 4296 sicut
1393 4244 1445 4298 in
1479 4246 1652 4314 primo
1694 4246 1832 4301 libro
1859 4245 2062 4300 Parali-

501 4342 768 4394 pomenon
801 4327 1074 4385 indicatur
1098 4333 1286 4403 viginti
1312 4346 1545 4404 quatuor
1567 4352 1689 4393 esse
1722 4339 1942 4392 ordines
1974 4354 2066 4392 sa-

501 4421 817 4489 cerdotum,
846 4421 982 4477 alios
1038 4423 1255 4492 quidem
1297 4427 1397 4482 sub
1427 4428 1711 4494 Eleazaro,
1747 4430 1881 4485 alios
1935 4435 2064 4486 vero

500 4509 600 4562 sub
643 4511 885 4582 principe
921 4512 1184 4582 Ithamar,
1217 4531 1444 4584 quorum
1478 4529 1532 4574 et
1575 4519 1908 4590 Ephetueriae
1940 4537 2062 4577 esse

498 4599 771 4656 dicuntur.

566 4689 619 4744 2.
650 4690 756 4747 Sed
806 4695 949 4750 dicat
995 4697 1190 4766 aliquis
1240 4698 1487 4756 fortassis
1528 4703 1869 4759 auditorum:
1923 4706 2058 4774 Quid

495 4777 610 4834 haec
637 4783 910 4850 pertinent
932 4787 998 4842 ad
1026 4789 1334 4856 psalmum?
1361 4790 1684 4848 Plurimum.
1714 4795 1846 4850 Nam
1873 4815 2060 4868 super-

499 4871 728 4941 seriptio
780 4886 865 4930 est
909 4877 1067 4948 hujus
1107 4879 1328 4949 psalmi.
1377 4880 1446 4936 In
1474 4882 1631 4950 ﬁnem
1677 4901 1771 4954 pro
1817 4886 2057 4943 ldithum

2127 951 2175 1006 Α
2202 959 2322 1000 esse
2352 960 2416 1000 ex
2443 946 2527 1001 his
2549 944 2746 1015 quibus
2785 946 3110 1016 hymnorum
3153 945 3398 1013 studium
3431 945 3527 1000 Dei
3565 962 3621 1003 ac
3643 950 3719 1002 sol-

2199 1037 2420 1093 licitudo
2447 1038 2736 1092 commissa
2765 1047 2870 1091 est.
2903 1035 3154 1104 Oportuit
3189 1052 3320 1107 ergo
3345 1051 3448 1093 nos
3489 1039 3725 1094 invenien-

2201 1140 2280 1186 tes
2311 1132 2415 1186 hoc
2439 1146 2633 1185 nomen
2671 1129 2861 1200 psalmi
2893 1129 3279 1200 superscripti,
3316 1129 3602 1185 ostendere
3633 1134 3724 1200 quis

2198 1222 2363 1277 fuerit
2389 1223 2493 1276 iste
2516 1221 2748 1275 ldithum
2768 1262 2782 1285 ,
2815 1231 2870 1277 et
2890 1221 3160 1291 quomodo
3184 1231 3306 1291 post
3323 1223 3555 1291 primam
3573 1221 3723 1290 legem.

2197 1312 2432 1368 secunda
2460 1311 2599 1367 facta
2626 1313 2700 1366 sit
2728 1313 2796 1368 de
2823 1313 3292 1368 observationibus
3336 1314 3726 1382 sacerdotalibus

2196 1405 2483 1460 ordinatio.
2529 1405 2681 1474 Apud
2728 1403 2948 1460 Graecos
2988 1404 3294 1474 quicunque
3363 1405 3630 1469 carmina,
3663 1409 3722 1459 vel

2197 1513 2358 1553 sonos
2419 1499 2653 1554 musicos
2717 1497 3166 1564 conscribebant,
3208 1498 3416 1568 quibus
3470 1499 3548 1554 eis
3592 1501 3724 1553 visum

2195 1589 2383 1644 fuisset
2418 1589 2475 1644 in
2501 1604 2670 1659 agone
2716 1604 2777 1644 ea
2822 1590 3061 1644 canenda
3089 1591 3471 1660 praestabant:
3507 1601 3560 1645 et
3598 1591 3724 1647 ﬁebat

2194 1693 2255 1736 ut
2277 1682 2414 1736 alius
2449 1683 2666 1750 quidem
2695 1693 3052 1736 coronaretur
3080 1683 3133 1736 in
3173 1697 3390 1752 agone,
3427 1684 3560 1738 alius
3583 1695 3722 1738 autem

2195 1775 2387 1829 victori
2423 1776 2792 1830 conscriberet
2836 1788 3081 1832 carmen.
3113 1773 3171 1828 In
3209 1775 3449 1830 Psalmis
3483 1791 3601 1847 ergo
3635 1774 3723 1845 (66)

2195 1865 2387 1920 divinae
2425 1865 2718 1935 Scripturae
2746 1867 3054 1936 quicunque
3082 1867 3443 1936 superscripti
3471 1869 3720 1922 secundum

2194 1956 2891 2030 Septuagintainterpretes
2912 2001 2925 2024 ,
2955 1962 3011 2014 in
3032 1960 3211 2029 ﬁnem,
3255 1961 3400 2030 apud
3435 1961 3562 2014 alios
3591 1961 3720 2013 victo-

2192 2050 2372 2113 riales,
2401 2051 2486 2105 vel
2514 2052 2583 2106 ad
2603 2052 2892 2124 victoriam,
2918 2054 3002 2107 vel
3029 2054 3215 2107 victori
3241 2053 3586 2108 attitulantur
3607 2090 3622 2117 ,
3645 2067 3720 2120 pro

2191 2156 2256 2195 co
2285 2141 2534 2198 videlicet
2575 2146 2719 2214 quod
2743 2146 2890 2200 velut
2929 2145 3171 2200 victoria:
3213 2145 3334 2200 laus
3385 2147 3439 2199 in
3471 2145 3594 2215 ipsis
3618 2143 3718 2198 infe-

2197 2240 2369 2285 ratur.
2423 2231 2576 2289 Fecit
2627 2250 2757 2306 ergo
2805 2236 2972 2291 David
3009 2237 3194 2291 divino
3250 2236 3462 2306 Spiritu
3519 2235 3712 2306 repletus

2191 2323 2453 2392 psalmum
2486 2326 2630 2382 hunc
2649 2369 2665 2396 ,
2695 2338 2750 2382 et
2779 2329 2926 2384 dedit
2965 2329 3198 2384 ldithum
3223 2371 3238 2394 ,
3276 2333 3368 2385 cui
3397 2328 3617 2386 oﬂicium
3645 2345 3715 2383 ca-

2190 2415 2353 2469 nendi
2411 2415 2520 2470 Deo
2576 2416 2814 2487 hymnos
2870 2417 3048 2472 fuerat
3107 2420 3446 2489 injunctum,
3502 2430 3712 2488 tanquam

2187 2509 2404 2576 pollenti
2444 2511 2496 2565 in
2521 2511 2830 2581 hujusmodi
2865 2514 3176 2584 disciplina.
3232 2514 3302 2569 Et
3347 2515 3472 2572 ideo
3497 2530 3614 2586 ergo
3638 2530 3710 2569 su-

2186 2602 2569 2668 perscribitur:
2610 2604 2675 2657 ln
2705 2605 2865 2673 ﬁnem
2897 2621 2992 2674 pro
3027 2604 3267 2660 ldithum
3302 2607 3537 2676 psalmus
3562 2607 3709 2660 David.

2255 2695 2308 2748 3.
2345 2695 2450 2750 Sed
2486 2712 2628 2751 nunc
2663 2697 2773 2766 jam
2839 2699 3119 2753 videamus
3167 2699 3300 2768 quid
3359 2715 3462 2754 vox
3513 2699 3709 2771 proferat

2181 2786 2352 2857 justi,
2390 2797 2444 2841 et
2469 2789 2713 2843 videntes
2749 2799 3005 2858 tanquam
3042 2792 3094 2845 in
3141 2793 3364 2860 speculo
3399 2793 3708 2858 nosmetipsos

2189 2878 2500 2932 intueamur
2547 2880 2591 2933 si
2627 2881 2895 2949 possimus
2943 2882 3076 2936 tales
3115 2896 3269 2948 esse,
3312 2893 3409 2938 aut
3452 2885 3494 2938 si
3523 2882 3705 2937 multum

2181 2970 2338 3024 nobis
2372 2971 2556 3036 deest,
2602 2981 2694 3026 aut
2745 2981 2890 3028 certe
2931 2973 3043 3043 jam
3095 2976 3332 3043 proximi
3378 2975 3705 3041 sumus,licet

2181 3061 2412 3115 nondum
2439 3063 2596 3130 plene
2618 3065 2852 3119 assecuti
2885 3079 3089 3119 sumus.
3119 3067 3391 3132 Quoniam
3425 3069 3578 3136 igitur
3599 3063 3703 3119 mul-

2181 3160 2358 3206 torum
2381 3153 2494 3224 (67)
2517 3165 2859 3224 peccatorum
2885 3157 3096 3210 inltimn
3131 3161 3400 3214 humanus
3429 3171 3506 3214 est
3539 3173 3700 3220 sermo,

2166 3251 2232 3297 'et
2279 3259 2340 3298 os
2393 3255 2637 3299 nostrum
2689 3246 2872 3302 multis
2925 3248 3083 3303 malis
3128 3251 3449 3315 ministrat,
3492 3261 3544 3305 et
3581 3251 3700 3303 valde

2177 3335 2393 3391 difﬁcile
2414 3348 2496 3393 est
2524 3339 2753 3392 inveniri
2787 3341 3064 3393 hominem
3090 3381 3103 3404 ,
3131 3343 3220 3409 qui
3253 3359 3360 3396 una
3393 3343 3569 3398 saltem
3597 3344 3696 3395 hora

2174 3441 2237 3482 os
2270 3443 2426 3482 suum
2451 3441 2504 3484 et
2533 3431 2766 3500 linguam
2796 3447 2944 3485 suam
2977 3437 3230 3490 observet
3264 3451 3293 3489 a
3331 3445 3578 3506 peccato,
3609 3433 3697 3486 ait:

2175 3520 2646 3577 Dimi:Custodiam
2681 3529 2792 3580 vias
2821 3545 2992 3593 meas,
3022 3539 3079 3582 ut
3110 3546 3214 3583 non
3245 3548 3451 3598 peccem
3478 3534 3526 3586 in
3555 3532 3695 3598 lingua

2175 3628 2312 3666 mea.
2353 3613 2485 3669 Mihi
2531 3616 2630 3686 ipsi
2672 3619 2817 3682 dixi,
2847 3630 2900 3673 et
2941 3623 3081 3675 intra
3139 3637 3224 3676 me
3262 3625 3477 3678 locutus
3505 3631 3695 3686 sum,ct

2177 3707 2291 3760 htec
2338 3707 2558 3762 addidi:
2613 3707 2704 3763 Sic
2738 3712 2860 3765 volo
2903 3728 3128 3768 servare
3172 3714 3288 3769 vias
3324 3731 3502 3780 meas,
3537 3726 3692 3767 utnon

2173 3809 2388 3863 peccent
2413 3836 2429 3862 ,
2465 3800 2564 3854 hoc
2623 3803 2782 3856 modo
2838 3818 3056 3858 servare
3103 3820 3320 3873 possum
3358 3808 3404 3861 si
3437 3805 3690 3861 custodiam

2171 3884 2408 3953 linguam
2434 3903 2629 3942 meam.
2665 3887 2749 3943 Ea:
2768 3894 2932 3946 verbis
2962 3888 3122 3960 enim,
3151 3895 3428 3964 inquit”,
3458 3896 3555 3949 tuis
3566 3893 3691 3963 justi-

2170 3976 2410 4041 ﬁcaberis
2433 4020 2446 4043 ,
2489 3988 2538 4031 et
2573 3996 2638 4034 ex
2669 3983 2832 4035 verbis
2880 3984 2985 4037 tuis
3034 3986 3484 4040 condemnaberis.
3512 3986 3570 4040 Et
3606 3985 3686 4038 ite-

2168 4081 2287 4121 rum
2317 4070 2393 4118 '9:
2438 4070 2601 4125 Amen
2629 4074 2745 4127 dico
2782 4076 2942 4140 vobis,
2973 4079 3034 4128 de
3059 4080 3199 4130 onmi
3228 4081 3398 4134 otioso
3427 4083 3566 4134 verba
3596 4076 3686 4129 red-

2168 4159 2302 4212 detis
2353 4164 2610 4217 rationem
2657 4166 2712 4219 in
2757 4167 2842 4220 die
2879 4167 3095 4234 judicii.
3136 4169 3251 4224 Non
3291 4172 3498 4235 solum,
3526 4170 3684 4239 inquit.

2166 4247 2234 4302 de
2279 4263 2345 4303 eo
2390 4253 2532 4317 quod
2575 4255 2714 4308 uiale
2754 4255 2914 4310 locuti
2967 4256 3214 4325 fueritis,
3246 4261 3341 4314 sed
3374 4259 3514 4330 quod
3545 4259 3682 4313 otiose

2165 4337 2331 4392 locuti
2373 4339 2585 4396 fueritis
2609 4384 2624 4410 ,
2663 4345 2787 4412 quia
2821 4346 2992 4402 malus
3017 4363 3196 4403 sermo
3223 4364 3328 4405 non
3378 4360 3461 4405 est
3493 4348 3678 4405 otiosus.

2163 4438 2420 4497 operatur
2461 4433 2604 4486 enim
2647 4450 2783 4504 opus
2813 4437 3035 4492 malum.
3077 4439 3297 4495 Otiosus
3339 4450 3514 4496 autem
3540 4449 3680 4493 sermo

2162 4530 2249 4575 est
2293 4524 2384 4591 qui
2431 4539 2607 4595 neque
2659 4529 2784 4583 boni
2839 4547 3014 4601 neque
3057 4533 3188 4586 mali
3235 4533 3437 4602 aliquid
3477 4531 3594 4603 agit.
3637 4526 3677 4580 Si

2162 4629 2292 4684 ergo
2319 4617 2370 4669 in
2401 4616 2488 4671 die
2517 4617 2708 4685 judicii
2744 4623 3009 4678 rationem
3049 4625 3373 4691 reddemus,
3409 4640 3509 4679 non
3540 4621 3674 4676 solum

2160 4719 2260 4772 pro
2292 4708 2451 4763 malis
2479 4710 2661 4767 verbis
2683 4754 2699 4780 ,
2730 4714 2824 4768 sed
2855 4717 3017 4769 etiam
3059 4733 3156 4786 pro
3199 4719 3424 4782 otiosis,
3455 4717 3567 4788 quis
3589 4712 3675 4782 810‘

2161 4795 2387 4851 riabitur
2427 4811 2635 4855 castum
2691 4817 2751 4858 se
2784 4805 2984 4860 habere
3021 4808 3155 4860 cor?
3187 4809 3294 4861 Aut
3332 4809 3452 4877 quis
3492 4801 3671 4861 conﬁdit

2161 4888 2629 4950 dicenszMundus
2674 4912 2789 4951 sum
2823 4913 2852 4950 a
2899 4901 3164 4968 peccato?
3210 4899 3578 4955 Verumtamen
3614 4893 3671 4945 ait

493 4965 726 5027 psalmus
774 4964 961 5021 David.
1019 4968 1174 5024 Hunc
1223 4969 1458 5026 ldithum
1516 4972 1821 5031 invenimus
1886 4993 2050 5033 unum
2086 4973 2130 5028 D
2152 4981 2373 5049 justus:
2408 4983 2534 5039 Dixi
2558 4964 3026 5045 :Custodiam—vias
3048 5008 3189 5046 meas
3228 5003 3283 5045 ut
3309 5010 3411 5047 non
3433 4985 3668 5062 peccent”:

563 5099 609 5131 ³⁸
644 5095 865 5153 IParal.
898 5116 983 5165 rx,
1017 5102 1120 5170 24,
1146 5101 1237 5169 25,
1265 5103 1357 5158 26.
1429 5107 1474 5138 ’⁷
1506 5105 1640 5162 Heb.
1671 5123 1773 5173 vu,
1805 5109 1858 5164 5.
1931 5111 1981 5143 “
2002 5111 2081 5168 Ma

2177 5167 2186 5174 .
2228 5134 2330 5184 xu,
2360 5118 2450 5174 57.
2526 5123 2571 5153 ¹⁹
2603 5123 2732 5178 ibid.
2771 5124 2858 5181 56.

562 5213 674 5297 ((36)
706 5214 772 5270 In
797 5213 1026 5297 Psalmis
1050 5220 1550 5297 ergo,_etc._Catena
1577 5223 1803 5282 Barbari
1835 5242 1850 5280 :
1880 5227 2046 5297 Illud,

491 5285 547 5364 in
573 5285 733 5366 linem
756 5327 770 5350 ,
799 5289 1086 5367 secundum
1110 5285 1268 5367 'alios
1312 5293 1637 5367 interpretes
1667 5311 1764 5364 pro
1801 5285 2048 5367 victoria,

491 5355 545 5407 in
576 5357 832 5411 victorem
849 5398 865 5422 ,
891 5365 945 5412 et
973 5359 1212 5415 victoriae
1235 5355 1457 5416 auctori
1477 5355 1798 5420 inscribitur.

561 5423 968 5498 (6_7)‘guoniam
1010 5430 1171 5498 igitur
1210 5432 1490 5485 multorum
1532 5445 1638 5490 etc.
1685 5436 1885 5490 Catena
1918 5437 2048 5492 Cor-

493 5493 625 5577 derii
647 5491 661 5546 ἑ
681 5491 833 5577 Ὲτςεὶ
866 5491 1050 5577 σχεῤῥῦ
1085 5500 1273 5577 πάσηςΔ
1301 5502 1571 5573 ἁμαρτίας
1602 5505 1745 5577 ᾲρχὴ
1772 5507 1864 5577 διὰ
1887 5507 2047 5577 λόγου

490 5563 696 5632 γίνεται
715 5603 733 5630 ,
758 5567 787 5617 ό
835 5563 1064 5635 φύλάξαι
1109 5563 1442 5643 πῳθέμένοξ
1472 5563 1568 5639 sic
1593 5563 1826 5631 thn'iév
1871 5563 2042 5649 λόγ’ων

2156 5236 2324 5317 ὁδοιξς.
2347 5238 2513 5317 αιὺτοῦ
2537 5278 2552 5300 ,
2584 5241 2871 5317 ἀκόλουθον
2893 5242 3004 5317 ἕξει
3033 5245 3092 5298 τὸ
3111 5245 3439 5317 καθαρεῦσαι
3462 5242 3556 5317 and
3580 5237 3664 5291 τῶν

2156 5308 2274 5386 καῖ’
2295 5308 2583 5386 ἐνέργεια)
2615 5313 3046 5383 ἁμαρτημάτων.
3092 5315 3218 5368 Cum
3247 5308 3354 5386 fere
3387 5314 3538 5368 omnis
3563 5325 3657 5386 pec-

2153 5376 2261 5455 cati
2288 5376 2500 5455 initium
2529 5380 2623 5448 ﬁat
2652 5376 2683 5432 2;
2710 5376 2944 5455 s'ern'tone
2963 5424 2976 5448 ,
3021 5387 3065 5437 is
3100 5387 3191 5455 qui
3216 5376 3402 5438 slulut'l
3435 5376 3657 5436 custodit!

2150 5447 2258 5524 vias
2289 5463 2414 5500 suas
2459 5449 2512 5501 in
2531 5447 2871 5524 sermonibus
2899 5493 2912 5514 ,
2945 5447 3314 5524 consequenter
3333 5456 3480 5507 etiam
3514 5470 3540 5505 a
3559 5463 3654 5519 psc-

2148 5517 2279 5570 catis
2304 5533 2423 5587 quae
2453 5533 2606 5584 apere
2631 5521 3032 5577 committantur
3053 5564 3069 5591 ,
3100 5517 3323 5579 mundus
3351 5525 3461 5578 erit.
