3970 6160
501 267 638 323 {585
1903 267 1990 323 EX
2026 267 2327 325 OlilGENE

499 389 626 444 bmn
653 401 752 456 pro
779 386 967 451 verbo,
997 400 1099 443 nec
1126 384 1475 443 maledictum
1500 401 1600 457 pro
1627 388 1941 455 maledicto,
1970 405 2073 446 nec
2101 393 2147 451 A
2177 395 2298 449 talis
2327 392 2551 451 elfectns
2581 396 2745 451 sum?
2782 398 3070 463 Quoniam,
3109 395 3311 467 inquit,
3341 395 3400 451 in
3436 404 3485 450 te
3521 401 3751 464 sperari.

500 477 841 533 mendacium
869 491 972 547 pro
997 478 1305 545 mendacio,
1324 493 1427 533 nec
1456 480 1664 533 crimen
1701 494 1797 547 pro
1821 480 2070 534 crimine.

499 570 644 625 Talis
693 585 824 641 ergo
866 578 950 627 est
974 570 1194 641 justus:
1238 570 1349 640 jam
1382 571 1546 637 enim,
1584 582 1643 627 nt
1696 574 1828 639 dixi,
1867 574 2072 644 justum

498 678 620 718 eum
655 664 775 718 dico
801 663 892 733 qui
922 678 1019 732 per
1052 662 1460 720 confessionem
1510 681 1662 721 suam
1713 679 2065 737 peccatorum

499 770 720 810 suorum
752 756 954 811 evomit
980 759 1289 827 passiones.

571 849 627 903 5.
681 847 794 919 Ego
848 860 1022 904 autem
1072 852 1205 904 sicut
1263 853 1461 907 surdus
1513 868 1614 905 non
1669 853 1969 915 audiebam,
2024 862 2074 908 et

498 940 632 992 sicut
707 948 884 992 mutus
959 956 1063 994 non
1122 943 1359 1006 aperiens
1417 958 1475 994 os
1535 957 1710 995 suum.
1769 939 1839 995 Et
1900 942 2073 1011 factus

494 1029 662 1101 687
687 1046 803 1084 sum
833 1031 970 1084 sicut
1001 1033 1155 1086 homo
1185 1049 1290 1086 non
1329 1033 1572 1087 audiens.
1611 1031 1745 1087 Cum
1784 1032 2075 1088 maledice-

499 1135 608 1185 rer,
666 1135 790 1175 cum
825 1121 1309 1195 criminarer(55),
1362 1138 1485 1178 cum
1538 1123 1718 1178 omnia
1766 1123 1962 1193 probra
2006 1122 2075 1178 de

499 1227 587 1266 me
618 1212 869 1268 homines
902 1214 1235 1283 proferrent,
1286 1231 1386 1285 ego
1414 1229 1564 1268 eram
1602 1214 1743 1268 sicut
1773 1215 1987 1280 surdus,
2020 1223 2076 1269 et

498 1317 608 1359 non
634 1305 944 1371 audiebam,
979 1314 1033 1360 et
1060 1307 1200 1359 sicut
1223 1315 1400 1359 mutus
1430 1320 1538 1359 non
1566 1306 1751 1374 aperui
1782 1321 1845 1359 os
1870 1321 2070 1368 meum,

497 1409 596 1465 pro
636 1395 939 1451 maledictis
970 1396 1115 1450 nulla
1144 1397 1431 1452 maledicta
1459 1397 1768 1452 reddebam.
1807 1396 1913 1450 Sed
1945 1397 2073 1464 quid

497 1489 720 1557 prodest
766 1505 867 1545 nos
901 1491 1015 1545 haec
1043 1491 1363 1561 exponere?
1408 1491 1545 1558 Quid
1580 1492 1800 1560 prodest
1830 1491 1943 1546 brec
1977 1506 2075 1547 nos

497 1581 565 1635 de
595 1580 891 1651 Scripturis
935 1585 1142 1638 sanctis
1169 1584 1401 1653 aperire,
1442 1583 1487 1638 si
1517 1598 1621 1637 non
1659 1586 1851 1637 horum
1881 1586 2072 1639 memi-

499 1673 739 1727 nerinms
790 1673 842 1726 in
877 1689 945 1729 eo
994 1675 1108 1744 ipso
1140 1683 1383 1745 tempore
1425 1689 1534 1746 quo
1567 1690 1653 1729 res
1684 1675 1914 1744 expetit,
1949 1692 2071 1730 cum

497 1765 872 1820 maledicimur
901 1781 928 1819 a
963 1765 1244 1832 fratribus,
1298 1782 1423 1821 cum
1457 1766 1754 1821 detrahunt
1786 1768 1852 1822 de
1890 1769 2067 1830 nobis,

496 1870 616 1907 cum
647 1855 814 1908 etiam
868 1856 922 1908 in
972 1854 1168 1909 faciem
1220 1856 1435 1925 probris
1461 1866 1517 1911 et
1550 1857 1812 1911 conviciis
1846 1856 2070 1912 lacessi-

497 1961 637 2010 mur,
694 1961 816 1999 cum
871 1948 1051 2000 omnia
1103 1946 1238 2001 fiunt
1271 1955 1331 2000 ut
1374 1948 1642 2001 excitetur
1669 1947 1821 2001 furor
1861 1956 2070 2013 noster,

492 2048 547 2092 et
573 2037 793 2093 animus
827 2039 894 2091 ad
940 2038 1274 2092 iracundiam
1309 2038 1624 2092 moveatur?
1673 2036 1826 2091 Tunc
1860 2046 2071 2108 oportet

493 2132 687 2187 horum
720 2128 1055 2193 meminisse,
1094 2137 1223 2183 tunc
1274 2130 1621 2184 recordemur
1645 2130 1773 2198 quia
1809 2132 2069 2198 scriptum

493 2233 577 2276 est
607 2238 621 2277 :
661 2218 708 2272 [ι’
712 2228 862 2273 actus
891 2236 1008 2274 sum
1034 2220 1168 2273 sicut
1199 2220 1351 2273 homo
1377 2235 1477 2272 non
1506 2221 1743 2282 audiens,
1777 2229 1825 2272 et
1851 2236 1953 2272 non
1975 2221 2072 2273 ha-

492 2315 615 2367 bens
642 2312 695 2366 in
720 2315 818 2366 orc‘
839 2327 935 2366 suo
960 2311 1388 2378 increpationem.
1421 2307 1695 2364 lnterdtnu
1719 2311 1851 2366 dicit
1877 2310 2071 2381 aliquis

492 2404 781 2456 adversum
809 2416 914 2466 me,
949 2410 1004 2455 et
1027 2399 1255 2454 forsitan
1284 2399 1569 2464 mentitur,
1603 2401 1874 2453 interdum
1905 2404 2066 2454 etiam

491 2513 618 2552 vera
651 2506 780 2553 sunt
809 2510 929 2565 qum
961 2493 1129 2559 dicit;
1164 2507 1266 2561 ego
1310 2501 1489 2546 tamen
1522 2507 1739 2561 possum
1773 2493 1943 2546 multo
1969 2508 2065 2562 pe-

488 2590 608 2658 jora
656 2590 725 2643 de
773 2587 863 2641 illo
894 2587 1096 2652 dicere,
1131 2595 1185 2639 et
1233 2599 1358 2638 vere
1388 2584 1572 2638 dicere
1618 2602 1631 2638 :
1674 2584 1738 2638 Et
1777 2584 1821 2638 si
1849 2584 2066 2653 quidem

495 2688 747 2748 peccator
782 2694 926 2743 sum,
981 2687 1035 2732 et
1087 2675 1221 2730 nihil
1272 2677 1463 2730 borum
1500 2677 1718 2730 memini
1774 2692 1893 2745 qua:
1927 2691 2069 2732 nunc

492 2772 749 2837 diximus,
780 2770 1037 2825 imitabor
1066 2768 1211 2825 illius
1243 2768 1530 2834 malitiam,
1574 2778 1628 2823 et
1653 2770 1923 2824 reddendo
1948 2785 2065 2825 mar

492 2863 687 2919 ledicta
737 2878 835 2932 pro
864 2861 1170 2917 maledictis
1219 2860 1427 2916 eﬂiciar
1458 2862 1651 2916 similis
1682 2862 1782 2926 illi,
1828 2863 1924 2917 sed
1957 2878 2065 2916 nun

492 2953 690 3009 similis
724 2954 833 3008 Deo
864 2952 1088 3009 ellicior.
1132 2953 1189 3008 Si
1219 2968 1348 3008 vero
1375 2954 1556 3021 justus
1598 2969 1739 3019 sum,
1773 2955 1908 3009 sicut
1938 2969 2065 3008 sur-

492 3048 594 3101 dus
625 3062 731 3102 non
773 3047 955 3111 audio,
1003 3056 1056 3100 et
1091 3046 1232 3100 sicut
1285 3058 1467 3101 mutus
1496 3062 1599 3101 non
1637 3048 1843 3102 habens
1888 3047 1941 3100 in
1969 3062 2063 3102 ore

490 3153 592 3193 suo
631 3138 1077 3208 increpationem,
1118 3138 1250 3193 nihil
1299 3141 1619 3209 respondeo,
1654 3148 1710 3193 et
1755 3141 1960 3193 habens
2007 3140 2060 3193 in

484 3228 689 3297 quibus
740 3242 983 3294 arguam,
1036 3243 1145 3283 non
1208 3245 1396 3299 arguo.
1458 3229 1705 3301 Intelligo
1740 3232 1884 3286 enim
1935 3233 2061 3299 quia

486 3318 579 3387 qui
615 3331 761 3373 recte
790 3319 994 3390 arguit,
1054 3321 1465 3389 impassibiliter
1511 3323 1676 3377 debet
1722 3338 1968 3394 arguere,
2006 3335 2063 3380 ut

486 3411 721 3468 salutem
750 3421 976 3482 expetat
1003 3412 1121 3483 ejus
1153 3413 1245 3481 qui
1278 3415 1548 3482 arguitur,
1600 3429 1706 3469 non
1743 3415 2060 3471 vindictam.

487 3502 623 3560 Cum
651 3519 783 3576 ergo
813 3506 936 3574 quis
966 3504 1204 3560 detrahit
1232 3506 1298 3559 de
1332 3521 1437 3574 me,
1473 3507 1556 3561 vel
1589 3506 1730 3561 male
1768 3509 1837 3562 de
1870 3524 1955 3564 me
1986 3508 2063 3564 lo-

488 3596 692 3664 quitur,
746 3596 793 3652 si
842 3611 1062 3667 arguam
1114 3611 1261 3663 eum,
1316 3612 1422 3652 non
1473 3596 1616 3653 facio
1668 3608 2058 3668 competenter.

489 3687 568 3741 Ex
600 3688 875 3744 iracundia
910 3688 1052 3743 enim
1083 3698 1140 3743 et
1169 3687 1539 3759 indignatione
1568 3690 1710 3745 hunc
1747 3704 1935 3759 arguo,
1969 3705 2063 3745 vo-

488 3778 604 3841 lens
628 3779 679 3835 ei
711 3780 916 3834 inferre
944 3780 1249 3842 tristitiam,
1281 3796 1389 3836 non
1423 3780 1572 3835 illam
1601 3796 1726 3851 qua:
1761 3783 2058 3837 secundum

489 3871 658 3926 Deum
693 3883 798 3941 est,
848 3888 972 3943 qua:
1020 3873 1398 3943 paenitentiam
1451 3874 1505 3928 in
1548 3875 1773 3930 salutem
1811 3875 2057 3931 stabilem

486 3977 768 4037 operatur,
805 3967 901 4023 sed
951 3968 1230 4024 tristitiam
1269 3983 1390 4037 qua:
1445 3968 1604 4024 laedat
1637 3971 1896 4032 animam,
1949 3985 2057 4025 non

487 4060 758 4115 emendet.
795 4059 853 4115 Si
884 4076 1013 4128 ergo
1040 4063 1234 4117 borum
1267 4062 1635 4127 meminimus,
1680 4064 1794 4117 lure
1841 4063 2059 4132 quidem

489 4168 595 4208 nou
625 4151 907 4219 faciemus,
936 4155 1030 4209 sed
1065 4169 1187 4208 cum
1226 4154 1334 4209 tale
1364 4154 1567 4223 aliquid
1595 4155 1854 4209 acciderit
1884 4155 2054 4218 nobis,

486 4246 720 4300 dicimus
749 4245 875 4314 quia
888 4245 1084 4299 Factus
1116 4261 1229 4299 sum
1259 4247 1395 4300 sicut
1433 4246 1589 4300 homo
1613 4263 1717 4299 non
1742 4247 1983 4313 audiens,
2007 4255 2057 4300 et

485 4353 588 4392 non
624 4337 815 4391 habens
844 4338 900 4390 in
941 4353 1030 4391 ore
1057 4353 1152 4391 suo
1185 4340 1606 4408 redargutiones.
1665 4338 1843 4404 Quare
1873 4351 2054 4393 autem

559 4453 605 4484 ¹³
634 4451 791 4507 Deut.
820 4468 994 4519 xxxn,
1021 4451 1125 4520 55;
1162 4451 1317 4508 Rom.
1345 4470 1441 4518 .xu,
1471 4454 1557 4510 l9.
1631 4456 1676 4486 “
1699 4455 1762 4508 lll
1790 4455 1921 4524 Reg.
1955 4471 2111 4512 xvnl.

2177 486 2288 542 Nisi
2318 489 2462 542 enim
2492 503 2792 559 sperassem
2823 490 2933 563 (54)
2963 492 3015 545 in
3057 501 3130 554 te,
3162 502 3217 544 et
3265 486 3619 543 credidissem
3656 490 3750 543 tibi

2175 580 2375 635 dicenti
2404 581 2447 612 ¹³
2482 599 2498 636 :
2531 582 2665 636 Milli
2692 583 2941 647 vindicta,
2996 601 3087 654 ego
3129 583 3436 644 retribuam,
3469 582 3597 634 dicit
3643 582 3752 636 Do-

2174 673 2368 736 minus,
2423 674 2683 743 meipsum
2735 675 2924 744 utique
2967 674 3323 728 vindicassem
3375 687 3569 727 :nunc
3620 686 3753 727 vero

2177 778 2383 818 memor
2411 781 2530 819 smn
2566 767 2818 835 praecepti
2869 767 3017 822 illius
3067 782 3179 836 quo
3211 765 3459 833 iubemur
3492 780 3600 818 non
3652 781 3751 819 nos

2175 856 2321 924 ipsos
2354 856 2650 921 vindicare,
2710 857 2802 913 sed
2838 858 2973 911 dare
3021 856 3199 911 locum
3250 858 3359 911 iraa.
3402 856 3468 910 Et
3506 857 3751 910 invenies

2175 950 2290 1004 haec
2320 949 2371 1004 in
2408 949 2707 1019 Scripturis
2756 950 2977 1012 divinis.
3029 957 3082 1004 et
3115 949 3267 1018 legis.
3318 945 3590 1024 Etgfactus
3630 964 3747 1000 sum

2174 1039 2309 1092 sicut
2342 1040 2496 1093 homo
2541 1057 2645 1094 non
2675 1041 2914 1102 audiens,
2963 1049 3011 1093 et
3046 1056 3151 1091 non
3185 1038 3379 1091 habens
3423 1038 3477 1089 in
3531 1052 3619 1089 ore
3652 1053 3749 1089 suo

2174 1132 2577 1198 increpationes.
2621 1132 2884 1197 Quoniam
2914 1133 2970 1185 in
3017 1140 3085 1198 te,
3137 1130 3374 1194 Domine,
3426 1129 3651 1196 sperari,
3691 1138 3744 1179 tu

2175 1225 2422 1279 exaudies
2451 1241 2550 1289 me,
2582 1223 2802 1277 Domine
2837 1223 2974 1276 Deus
3003 1238 3172 1275 meus.
3230 1219 3340 1291 Ego
3369 1220 3509 1274 sicut
3554 1220 3747 1273 surdus

2176 1328 2281 1368 non
2317 1314 2601 1368 audiebam
2652 1328 2748 1368 eos
2800 1313 2892 1382 qui
2941 1328 3029 1366 me.
3061 1311 3519 1375 criminabantur,
3564 1311 3657 1361 scd
3690 1319 3743 1362 tu

2174 1405 2370 1459 exaudi
2395 1419 2460 1460 ea
2509 1420 2628 1470 qtae
2660 1403 2972 1475 loquuntur.
3036 1402 3090 1457 Si
3124 1417 3368 1456 essemus
3395 1400 3531 1453 tales
3561 1399 3746 1469 quales

2176 1510 2274 1549 nos
2306 1510 2426 1549 esse
2461 1494 2575 1547 vult
2599 1510 2781 1550 sermo
2832 1494 3069 1558 divinus,
3098 1492 3237 1546 sicut
3268 1491 3409 1545 Elias
3433 1491 3501 1557 li,
3539 1491 3745 1544 dicere-

2175 1603 2294 1641 mus
2324 1586 2508 1655 utiqne
2540 1588 2648 1640 Deo
2684 1596 2740 1639 ut
2770 1586 2922 1639 daret
2958 1584 3276 1654 pluviam,et
3306 1581 3516 1649 plueret
3561 1600 3576 1636 :
3606 1582 3742 1636 sicut

2177 1678 2395 1733 Samuel
2421 1680 2473 1733 in
2504 1679 2693 1733 diebus
2726 1677 2985 1732 messium
3028 1687 3338 1745 peteremus
3384 1683 3445 1728 nt
3469 1683 3744 1743 pmstaret

2172 1768 2239 1822 de
2273 1770 2412 1824 caelo
2464 1769 2717 1824 imbrium
2752 1767 2987 1837 copiam,
3023 1774 3079 1821 et
3126 1765 3441 1819 audirentur
3464 1765 3529 1819 ".
3594 1763 3743 1817 nunc

2171 1867 2350 1912 autem
2382 1858 2654 1927 quomodo
2701 1872 2802 1912 nos
2852 1856 3034 1909 audiet
3066 1855 3233 1919 Deus,
3284 1868 3405 1908 cum
3440 1868 3539 1907 nos
3570 1853 3741 1923 ipsqu

2172 1965 2276 2003 non
2312 1950 2633 2004 audiamus?
2667 1948 2953 2016 Quomodo
2985 1949 3147 2003 faciet
3178 1946 3268 2000 ille
3294 1946 3434 2015 quod
3470 1946 3740 2011 volumus,

2170 2056 2292 2094 cum
2327 2057 2426 2096 nos
2453 2057 2575 2110 qum
2607 2043 2699 2097 ille
2747 2042 2862 2097 vult
2899 2059 3005 2096 non
3036 2040 3338 2097 faciamus?
3375 2040 3500 2095 Vult
3539 2056 3640 2094 nos
3667 2051 3744 2093 ta-

2169 2129 2248 2186 les
2293 2146 2415 2187 esse
2460 2132 2622 2198 Deus,
2681 2143 2740 2186 ut
2791 2134 2944 2201 quasi
2995 2133 3068 2186 dii
3118 2147 3240 2188 cum
3289 2134 3399 2187 Deo
3436 2130 3743 2198 loquamur.

2177 2222 2301 2277 Vult
2329 2238 2429 2279 nos
2455 2238 2574 2278 esse
2605 2224 2745 2280 filios
2776 2225 2891 2290 Dei,
2946 2235 3003 2279 ut
3029 2236 3315 2280 consortes
3343 2235 3398 2278 et
3430 2222 3742 2278 cohaeredes

2168 2314 2468 2368 elliciamnr
2496 2314 2590 2368 filii
2627 2314 2742 2379 Dei,
2784 2324 2840 2370 et
2882 2314 3135 2370 dicamus
3166 2315 3308 2369 sicut
3335 2313 3455 2383 ipse
3488 2310 3625 2365 dixit
3646 2310 3692 2341 ¹⁶
3724 2325 3742 2362 :

2170 2403 2354 2469 Pater,
2383 2407 2489 2459 scio
2531 2406 2655 2473 quia
2682 2422 2883 2473 semper
2915 2423 2996 2460 me
3022 2407 3198 2460 audis.
3257 2404 3472 2460 Scimus
3504 2404 3629 2472 quia
3659 2402 3743 2456 di-

2169 2500 2248 2553 xit
2276 2501 2342 2553 ad
2375 2514 2473 2553 nos
2504 2500 2645 2554 Deus
2666 2500 2707 2530 "
2742 2518 2755 2554 :
2800 2499 2912 2570 Ego
2941 2501 3052 2553 dixi
3084 2516 3102 2553 :
3135 2500 3220 2552 Dii
3248 2500 3395 2565 estis,
3428 2507 3477 2551 et
3507 2498 3606 2565 [iiii
3632 2494 3744 2549 Ex»

2167 2592 2294 2644 celsi
2331 2608 2529 2645 omnes.
2567 2590 2673 2646 Sed
2710 2607 2808 2647 nos
2841 2606 2936 2661 pro
2974 2592 3181 2646 meritis
3232 2591 3436 2644 nostris
3467 2590 3594 2643 illud
3625 2603 3743 2640 ma-

2167 2688 2272 2755 gis,
2307 2699 2416 2754 qno
2451 2685 2597 2754 digni
2637 2698 2849 2747 sumus,
2881 2691 2938 2738 et
2982 2685 3128 2753 quod
3157 2683 3419 2749 sequitur,
3451 2691 3738 2750 exspecta-

2168 2788 2334 2827 mus:
2376 2770 2478 2826 Vos
2531 2788 2649 2827 vero
2679 2775 2811 2825 sicut
2857 2773 3092 2827 homines
3138 2773 3457 2838 moriemini,
3509 2780 3558 2824 et
3602 2770 3735 2822 sicut

2166 2881 2303 2919 unus
2338 2881 2403 2919 ea:
2428 2865 2751 2933 principibus
2783 2864 3005 2918 cadetis.
3479 2927 3494 2934 _

2234 2956 2287 3010 4.
2323 2954 2462 3023 Quia
2492 2958 2603 3010 dixi
2624 2972 2641 3011 :
2662 2956 2737 3011 Ne
2766 2956 2904 3026 forte
2931 2956 3180 3012 insultent
3211 2956 3336 3011 mihi
3378 2955 3579 3009 inimici
3610 2955 3733 3009 mei.

2089 3075 2132 3133 ε
2167 3045 2299 3102 Cmn
2334 3048 2683 3114 criminarer,
2734 3058 2788 3101 et
2824 3049 2998 3102 vicem
3030 3049 3447 3103 criminantibus
3476 3063 3581 3102 non
3613 3049 3701 3100 red

2167 3140 2370 3205 derem,
2429 3139 2545 3194 haec
2593 3139 2846 3193 dicebam
2889 3158 2906 3196 :
2958 3138 3019 3194 Si
3073 3141 3281 3194 reddidi
3334 3140 3735 3194 retribuenlibus

2164 3232 2291 3283 mihi
2317 3229 2480 3293 mala,
2534 3230 2721 3300 utique
2753 3231 3104 3301 derelinquar
3128 3247 3158 3285 a
3189 3232 3322 3296 Deo,
3357 3243 3412 3285 et
3444 3231 3737 3286 derelictus

2164 3324 2350 3378 cadam
2388 3335 2606 3377 necesse
2635 3330 2739 3376 est.
2803 3321 2938 3377 Cum
2984 3332 3163 3377 autem
3191 3322 3462 3388 cecidero,
3510 3322 3737 3376 insulta-

2162 3412 2296 3467 bunt
2326 3410 2458 3465 mihi
2484 3410 2686 3465 inimici
2721 3412 2851 3467 mei.
2891 3411 2949 3466 Si
2983 3427 3113 3467 vero
3142 3427 3249 3467 non
3277 3412 3564 3466 reddidero
3594 3410 3732 3465 mala

2162 3517 2261 3572 pro
2290 3500 2472 3565 malis,
2518 3503 2611 3556 sed
2643 3500 2752 3556 Deo
2798 3501 3145 3571 dereliquero
3188 3502 3478 3570 judicium,
3513 3502 3583 3557 ab
3619 3503 3735 3574 ipso

2162 3595 2383 3663 adjutus
2419 3609 2525 3648 non
2558 3594 2828 3661 decidant,
2859 3597 2955 3651 sed
2982 3597 3138 3650 stabo
3172 3596 3406 3660 fortiter,
3438 3604 3492 3650 et
3517 3611 3625 3650 non
3656 3598 3733 3648 in.

2161 3688 2447 3743 sultabunt
2481 3689 2610 3743 tnibi
2644 3689 2848 3743 inimici
2892 3688 3020 3743 mei.
3074 3688 3194 3742 Dixi
3223 3687 3386 3743 etiam
3417 3687 3521 3743 hoc
3549 3704 3564 3741 :
3600 3687 3731 3741 Dum

2160 3792 2601 3837 commoverentur
2623 3784 2775 3851 pedes
2815 3782 2936 3843 mei,
2972 3781 3027 3834 in
3057 3796 3138 3834 me
3167 3796 3357 3850 magna
3396 3780 3558 3833 locuti
3588 3792 3729 3833 sunt.

2161 3874 2410 3942 Quandiu
2437 3887 2642 3931 stetero
2691 3873 2993 3943 intrepidus
3023 3883 3078 3927 et
3136 3872 3451 3938 immobilis,
3503 3887 3610 3926 non
3651 3874 3727 3925 lo-

2161 3976 2395 4035 quentur
2427 3982 2618 4038 magna
2649 3976 2840 4021 contra
2888 3980 2973 4019 me
3019 3964 3228 4019 inimici
3267 3963 3393 4030 mei,
3444 3979 3552 4017 non
3584 3965 3726 4019 enim

2159 4060 2359 4131 habent
2394 4061 2543 4131 quod
2570 4060 2773 4113 dicant.
2818 4057 3018 4113 Statim
3057 4067 3235 4110 autem
3269 4066 3327 4109 ut
3367 4056 3727 4125 trepidavere,

2158 4168 2266 4207 non
2308 4129 2503 4215 dicam,
2533 4151 2807 4216 cecidero,
2852 4150 3037 4204 statim
3096 4149 3357 4218 incipient
3399 4149 3728 4216 exprobrare

2158 4257 2212 4302 et
2254 4247 2436 4301 dicere
2478 4263 2493 4300 :
2530 4242 2694 4300 Vides
2739 4244 2920 4299 hunc?
2971 4241 3112 4297 Ecce
3155 4254 3208 4297 et
3241 4242 3295 4311 ip
3329 4256 3360 4295 e
3392 4242 3522 4310 quid
3569 4239 3728 4295 fecit?

2159 4338 2373 4393 Etcum
2407 4337 2521 4391 hanc
2558 4337 2769 4402 doceat,
2820 4336 2933 4405 agit
2961 4336 3090 4398 alia,
3142 4334 3417 4388 contraria
3447 4333 3592 4387 enim
3635 4348 3725 4386 eo-

2628 4454 2670 4484 “
2693 4450 2849 4507 Joan.
2878 4469 2950 4515 xl,
2976 4452 3064 4506 42.
3143 4452 3183 4483 ⁸⁷
3205 4452 3293 4505 Ps.
3320 4466 3509 4515 Lxxxl,
3536 4452 3590 4506 6.

2188 4456 2269 4509 "l
2296 4454 2425 4525 Reg.
2453 4469 2546 4508 vn.

695 4571 829 4645 Cum
850 4572 1207 4645 maledicercr,
1237 4590 1351 4645 cum
1386 4574 1716 4645 criminarer,
1744 4584 1853 4645 etc.
1894 4574 2051 4645 Gale-

2164 4574 2429 4645 ςωτηρὶας
2455 4572 2662 4636 ἐλπίδα,
2676 4570 2791 4645 δὴν
2819 4573 2900 4645 ’ὲκ
2936 4569 3353 4645 σού-γενομένην
3386 4571 3722 4645 ξπικουρῇν.

483 4642 576 4714 Μ’
611 4642 943 4714 Corderiana
994 4652 1047 4696 et
1091 4643 1253 4714 alize:
1298 4643 1421 4714 Ἐπὶ
1470 4642 1677 4706 τούτοις
1724 4643 1873 4696 οὐδὲν
1902 4642 2053 4714 εἶχον

483 4713 682 4785 λέγεεν,
711 4710 1467 4785 αἱᾳχύγηςμπεπληρωμένοςε
1515 4714 1703 4777 Ούδ;ὶς
1747 4714 1855 4785 γὰρ
1899 4710 2055 4783 Adio;

486 4778 576 4854 pot
606 4778 836 4871 avni]:pr
863 4778 1331 4871 generavisse?
1359 4779 1503 4871 εἶχόῖ
1535 4800 1654 4838 τινα
1696 4778 1806 4847 τοῖς
1826 4778 2053 4871 ’ἐχθροῖς

482 4851 979 4927 ᾁτροσηφθὲῒγεοίθαι,
1032 4851 1179 4927 and;
1228 4854 1333 4927 ὑπ’Δ
1365 4851 1548 4927 αὐτῶν
1599 4851 1965 4927 νενικημέρὸὲν.
2019 4856 2052 4927 ἢ

482 4922 750 5004 ἐγενόμην
773 4922 919 5004 ⁵πρὸς
936 4924 1276 5004 κακοδύξους,
1305 4922 1379 5004 ᾡς
1403 4926 1502 5004 οὐκ
1520 4922 1893 5004 ,ἀκούωνίούδ
1916 4922 2053 5004 exon}

481 4994 565 5067 ὲνΔ
696 4992 919 5067 erogari
968 5010 1067 5067 μου
1118 4993 1419 5067 ὲλξγμούς,
1460 4996 1729 5067 Κζνδυνονί
1762 4998 1869 5067 γὰρ
1900 4992 2053 5067 φέρει

482 5062 740 5136 πολᾉάκις
767 5063 827 5136 το
853 5062 1149 5136 δυσῲῄμων
1182 5062 1353 5133 λόγων
1398 5064 1618 5120 ἀκούειν
1651 5066 1746 5117 καὶ
1775 5062 1851 5119 ea"
1877 5062 2053 5121 δίαλέ-

480 5133 678 5220 γεξςῆαιἱ
705 5133 1263 5220 περὶνπροϐλὴιμάτων
1293 5136 1664 5220 ὑποκειμένων
1700 5137 1936 5190 κολάσει.
1982 5138 2053 5189 Ἦ

482 5206 578 5279 acati.
598 5205 688 5257 ἐπὶ
709 5203 1180 5279 ειςῇὲξομολογῆσει
1210 5203 1693 5279 κακολογούμενος,
1726 5223 2052 5279 προσεποιη-

482 5276 673 5356 ociqu
692 5276 779 5356 τὸκί
810 5275 885 5356 μὴ
914 5275 1196 5356 ἀκούοΑνῖα,
1231 5275 1549 5356 καὶμὲχοντὰ.
1572 5275 1791 5356 Αςούςιτούςές
1817 5275 2051 5356 ξλέγξαὶ,

480 5345 728 5418 ὁρῶν-ὃτι
752 5345 921 5418 certe:
948 5347 1215 5418 ἀπαθείας
1250 5350 1278 5418 ὁ
1320 5345 1556 5418 ἔλεγχος,
1591 5346 1701 5417 ἐγὼ
1738 5348 1794 5401 δὲ
1824 5348 2051 5418 ἤλεγχον

481 5415 589 5490 ape
623 5415 819 5490 θύμοῦ,
869 5416 945 5490 ὡς
976 5416 1212 5490 λυπῆσαι
1247 5415 1584 5490 βουλόμενος·
1617 5415 2050 5490 ἦτοῦτύφηὰὶν,

483 5485 604 5564 "Ott
627 5485 1039 5564 augeamus“,
1068 5485 1262 5559 Κύριε-,ς
1290 5488 1389 5543 κᾶν
1410 5485 1520 5558 ἐγὼ
1539 5485 1772 5560 κωῲεύω
1793 5485 1934 5561 πρὸξ
1954 5489 2053 5552 τὰς

481 5557 605 5629 me:
623 5557 756 5629 ἐμοῦ
786 5557 1114 5629 δυσςρημίας.

553 5626 667 5695 (54)
701 5628 817 5681 Nisi
847 5626 981 5683 enim
1013 5646 1322 5698 sperassent,
1369 5640 1480 5685 etc.
1519 5631 1719 5686 Catena
1754 5629 2047 5685 Cordcria-

482 5712 549 5752 ua
588 5708 642 5752 et
671 5698 788 5754 alia:
819 5717 835 5754 :
868 5700 987 5754 Τῶν
1038 5701 1327 5770 τοσούτων,
1363 5701 1514 5773 φησὶ,
1541 5700 1724 5756 κακῶν
1779 5701 1905 5771 μίαν
1939 5700 2046 5770 ἔχω

2162 4647 2231 4697 Ἥ
2263 4641 2424 4697 τοῦτό
2456 4660 2637 4714 φησιν·
2676 4641 2877 4714 Εἱζγὰρ
2914 4643 2987 4713 μὴ
3015 4642 3227 4714 mattea?
3249 4641 3446 4714 saties,
3481 4641 3725 4714 ipsum

2159 4714 2224 4769 ἂν
2239 4711 2551 4786 ὴμυνάμὴκξ.
2575 4714 2711 4786 Νυνὶ
2826 4711 3075 4786 γινὼᾀκω
3101 4711 3183 4775 τὸ,
3200 4712 3373 4786 *Ἐμοὶ
3394 4712 3723 4786 ἐκδίκησις,

2155 4782 2887 4854 ἐγῶἂντάποδώσω,λέγει
2916 4784 3149 4854 Κύριος,
3199 4782 3525 4854 Ἐγενόμην
3586 4784 3722 4835 ὡσεὶ

2157 4852 2458 4924 ἄνθρωπος
2501 4856 2773 4921 ἀϐίῗηθος,
2810 4852 2914 4907 καὶ
2955 4856 3023 4905 τὰ
3055 4852 3199 4922 ἑξῆς.
3252 4852 3337 4924 Σὺ
3373 4855 3721 4924 εἰσακούσῃ,

2157 4922 2353 4993 Κύριε,
2380 4929 2412 4978 ό
2448 4927 2591 4991 Θεός
2617 4943 2755 4993 μου,
2792 4926 2842 4977 εἰ
2887 4925 2981 4978 καὶ
3028 4924 3140 4991 ἐγὼ
3170 4922 3304 4975 ὡσεὶ
3328 4923 3510 4991 κωφὸς
3540 4925 3641 4976 οὐκ
3665 4925 3725 4993 ἦ·-

2159 5014 2316 5050 κουον
2353 4997 2461 5051 τῶν
2513 4998 2632 5049 κατ’
2667 4995 2800 5066 ἐμοῦ
2833 4995 3188 5066 δυσφημιῶνη
3227 4994 3299 5046 Σὺ
3329 4994 3576 5066 *ἄκουσον
3618 4995 3724 5046 τῶν

2149 5066 2474 5136 λεγομένων.
2527 5068 2654 5118 ’Ὅτι
2690 5063 2860 5136 circa,
2884 5063 3142 5136 Μήποτε⁸
3165 5063 3495 5136 ἑπιχάρῳσί
3520 5082 3622 5133 μοι
3648 5066 3725 5136 fol

2148 5133 2350 5205 ἐχθροί
2375 5153 2513 5204 μου.
2542 5137 2653 5189 Οὐκ
2675 5135 2855 5205 ἔχουσι
2881 5138 2990 5207 γὰρ
3013 5135 3067 5207 et
3088 5133 3359 5207 εἴπωσιν
3382 5134 3725 5207 Ἐπιχαροῦν-

2148 5204 2235 5283 ea:
2268 5207 2324 5259 δὲ
2358 5209 2407 5283 ei
2440 5209 2513 5279 μὴ
2547 5204 2780 5283 τύχοιμι.
2818 5206 2912 5258 τοῦ
2946 5204 3038 5283 eois
3074 5205 3304 5283 ξξὲους..
3349 5204 3486 5283 Ἀλλ’
3515 5204 3602 5258 ἵνά
3658 5212 3732 5283 μὴ

2150 5276 2567 5348 ἐπιχαρῶσίκθόἱ
2599 5276 2780 5348 ἐχθροί
2831 5294 2954 5345 μου,
2989 5278 3038 5328 oi.
3070 5276 3170 5345 ἤδη
3211 5276 3342 5348 καὶ-
3369 5276 3631 5348 πρότερον
3659 5276 3733 5335 ’ἐπὶ

2147 5348 2225 5417 τῷ
2247 5345 2408 5425 μόνον
2440 5345 2956 5425 “haudhaut/10:1,:
2987 5345 3222 5425 μουηὲπξ
3257 5345 3357 5415 ἐμὲ
3378 5345 3565 5425 ’μέγαξι
3579 5355 3734 5425 oppu-

2153 5416 2501 5495 μὸνῆσανςες,
2538 5416 2695 5486 Μέγα
2719 5417 2824 5495 {de
2844 5417 3042 5495 ἔδωκεν
3069 5416 3251 5495 aii-mi;
3273 5417 3400 5495 ica-5:
3425 5417 3560 5487 ἐμοῦ

2151 5482 2285 5540 ἰιεῖν⁷
2317 5492 2349 5559 ἡ
2380 5482 2645 5559 ἁμαρτίας
2667 5482 2974 5541 σαλεύσασά
3009 5504 3117 5609 Σιου
3145 5489 3272 5549 τοὺς
3304 5482 3486 5548 πόδαέ,
3534 5482 3654 5563 gyri;
3676 5494 3729 5545 δὲ

2156 5560 2248 5611 ἐπὶ
2280 5561 2338 5611 σὲ
2365 5559 2684 5625 κατέφυγον.
2716 5557 2861 5625 Πρὸς
2887 5558 2943 5611 δὲ
2975 5576 3005 5606 τ
3045 5575 3072 5616 ς
3097 5555 3159 5620 ἐξ
3192 5556 3493 5625 didii-justo;
3534 5567 3711 5625 μάττε-

2156 5574 2248 5611 επι
2280 5574 2338 5611 σε
2365 5574 2684 5627 κατεφυγον.
2716 5574 2861 5625 ιιρος
2887 5574 2943 5611 οε
2975 5574 3072 5616 τας
3097 5574 3159 5620 ες
3192 5574 3493 5624 atem-lcet»;
3537 5574 3711 5619 uasta-

2154 5645 2257 5696 γας
2283 5630 2550 5706 είέτρεπὴς
2575 5626 2710 5685 εἷναί
2739 5644 2937 5698 φησιν·
2967 5628 3118 5701 ἤλγει
3147 5627 3256 5699 γὰρ
3288 5629 3372 5696 ἐφ’
3392 5623 3473 5691 οἷς
3512 5612 3719 5706 ἥμαρτε

2155 5699 2564 5770 μαστιζόμεκιος.

3620 277 3646 330 1
3656 276 3758 332 δτι
