3970 6160
266 225 391 279 385
866 225 1173 284 SELECTA
1213 227 1279 282 IN
1310 228 1652 284 PSALMOS.
1695 261 1760 270 ——-
1800 230 2032 285 HOMIL.
2071 232 2111 286 ll
2153 233 2216 288 IN
2249 234 2444 290 PSAL.
2487 234 2752 290 XXXVII.
3359 243 3496 300 158t-

229 361 370 398 rutn
405 363 530 416 qum
560 347 734 408 docet,
766 345 897 418 agit.
940 348 1032 402 Isti
1062 364 1191 418 ergo
1220 349 1326 404 tale
1356 350 1480 418 quid
1515 353 1697 404 dicant
1735 366 1826 404 ne-
1854 353 1898 406 Α
1997 350 2049 404 6.
2080 350 2338 416 Quoniam
2363 352 2689 421 iniquitatem
2713 371 2878 407 meam
2902 359 3206 423 pronuntio.
3249 357 3496 414 Pronun-

229 454 406 492 cesse
435 449 520 493 est
559 455 572 492 :
627 439 761 492 Dum
809 451 1197 494 commorentur
1244 443 1396 510 pedes
1445 445 1543 496 mei
1570 460 1723 511 super
1752 461 1830 496 me
1937 441 2213 496 tiationem
2252 443 2575 512 iniquitatis,
2632 445 2684 498 id
2714 455 2795 499 est
2837 447 3231 502 coalessionem
3264 455 3493 520 peccati,

229 529 632 596 magnalocuti
665 541 807 587 sunt.
838 533 996 586 Alius
1019 542 1196 587 autem
1229 533 1330 588 hoc
1355 534 1545 588 melior
1571 545 1826 602 quantum
1931 531 2271 600 frequentius
2320 533 2578 586 diximus.
2639 533 2772 588 Vide
2821 549 2949 605 ergo
2997 539 3124 606 quid
3160 542 3350 595 edocet
3394 559 3495 600 nos

227 623 303 672 ad
335 637 613 688 persenas
663 625 897 692 pertinet
927 641 1048 696 qua:
1097 627 1426 680 inducuntur
1473 643 1499 678 a
1533 629 1804 695 prophetis

1931 620 2214 689 Scriptura
2241 620 2442 680 divina.
2470 621 2594 691 quia
2623 631 2836 691 Oportet
2880 635 3156 692 peceatum
3182 642 3287 681 non
3319 633 3494 686 celare

229 713 329 765 vel
370 714 512 781 ipsa:
544 715 648 769 sibi
697 727 1106 784 comparantur,
1143 717 1269 771 illud
1317 718 1450 772 dicit
1473 718 1515 749 ’⁸
1547 738 1560 773 :
1593 719 1699 772 Mei
1732 737 1830 772 au-
1931 714 2279 768 intrinsecus.
2321 713 2597 768 Fortassis
2625 714 2770 767 enim
2805 713 2945 769 sicut
2991 717 3024 769 ii
3062 718 3151 785 qui
3182 718 3381 774 habent
3410 721 3493 776 in-

225 815 344 858 tem
397 806 564 873 paulo
614 808 788 863 minus
837 811 966 862 moti
1015 820 1136 863 sunt
1190 813 1365 879 pedes.
1430 810 1580 865 Illius
1612 813 1826 880 quidem
1931 816 2016 860 “IS
2065 805 2325 858 ίηειυόεῐη
2375 820 2554 860 escam
2603 806 2948 874 ίηάίὲἔθεῐθῐην
3001 819 3096 861 θυι
3140 810 3380 866 humoris
3411 813 3494 867 vel

224 897 380 950 moti
429 907 554 951 sunt
578 899 758 968 pedes,
800 902 902 954 mei
924 912 1102 955 autem
1131 905 1294 970 paulo
1326 903 1504 958 minus
1526 904 1656 958 moti
1682 914 1806 959 sunt

1929 895 2250 965 pblegmatis
2281 897 2563 951 stomacho
2589 897 2831 968 graviter
2852 907 2905 953 et
2931 901 3153 956 mole5te
3191 901 3484 958 immanen-

224 986 534 1043 Furtassis
567 999 746 1042 autem
778 991 847 1044 sit
897 992 1033 1045 alius
1067 992 1287 1060 aliquis,
1327 993 1478 1062 cujus
1513 1009 1611 1048 nec
1637 1009 1824 1062 parum
1930 989 1998 1041 lis
2046 988 2458 1053 aliundanliam.
2511 989 2556 1042 εί
2607 991 2936 1056 νοῐηυεΐίηιι
2989 991 3296 1047 relevant"?
3353 1015 3366 1049 ε
3416 997 3489 1050 ila

222 1079 494 1147 quidem,
550 1096 649 1135 nec
680 1081 842 1149 paulo
879 1081 1059 1135 minus
1109 1085 1238 1137 moti
1279 1094 1405 1138 sunt
1452 1086 1635 1154 pedes,
1687 1085 1828 1138 illius
1926 1080 2088 1133 etiam
2122 1080 2176 1134 hi
2211 1082 2301 1148 qui
2351 1090 2734 1149 peccaverunt.
2787 1082 2831 1135 Si
2868 1084 3084 1150 (illide
3110 1085 3386 1138 occultant
3437 1095 3491 1140 et

222 1171 454 1239 opinor
498 1173 590 1241 qui
648 1173 781 1227 dicit
806 1176 848 1207 ‘9
903 1191 917 1228 :
964 1173 1166 1229 Statuit
1219 1193 1374 1243 super
1423 1186 1623 1245 petram
1671 1180 1825 1246 pedes
1928 1172 2160 1226 retinent
2190 1173 2328 1226 intra
2377 1187 2436 1227 se
2471 1181 2775 1241 peccatum,
2827 1175 3157 1230 intrinsecus
3207 1187 3488 1246 urgentur,

221 1277 415 1315 meos.
451 1261 545 1316 llle
574 1263 705 1317 nihil
734 1280 956 1332 prorsus
987 1267 1054 1320 de
1084 1268 1444 1322 commotione
1473 1270 1666 1338 pedum
1702 1285 1827 1325 suo-
1923 1273 1978 1318 et
2012 1265 2398 1332 prapemodum
2449 1264 2788 1320 sulfocantnr
2835 1281 2865 1320 a
2911 1268 3237 1338 phlegmate,
3273 1270 3354 1324 vel
3390 1271 3490 1324 hu-

223 1368 399 1418 rum,
433 1355 524 1408 sed
556 1356 621 1408 de
668 1356 962 1410 stabilitate
1004 1366 1256 1413 testatur.
1301 1359 1449 1414 Beati
1482 1377 1610 1430 ergo
1639 1376 1808 1416 sumus

1927 1368 2076 1407 inore
2127 1355 2358 1424 peccati.
2422 1355 2480 1408 Si
2527 1365 2708 1410 autem
2762 1357 2876 1426 ipse
2927 1359 3007 1412 sui
3056 1370 3339 1416 accusator
3373 1360 3484 1428 ﬂat,

224 1443 278 1498 si
319 1445 480 1498 nulla
512 1447 736 1500 omnino
764 1450 1057 1504 commotio
1085 1451 1136 1504 in
1170 1453 1368 1506 nostris
1401 1453 1629 1520 pedibus
1661 1469 1822 1507 accu-
1925 1448 2053 1501 dum
2086 1457 2308 1502 accusat
2348 1449 2696 1519 semetipsum
2747 1459 2802 1504 et
2834 1452 3142 1517 confitetur,
3177 1453 3333 1507 simul
3360 1468 3488 1509 evo-

225 1545 429 1599 satur,
471 1538 564 1590 sed
593 1538 907 1610 sunteas
939 1549 1147 1595 stantes
1184 1557 1349 1610 super
1379 1553 1609 1611 petram,
1643 1545 1692 1599 id
1721 1555 1821 1611 est,
1926 1539 2023 1592 mil
2055 1547 2109 1593 ει
2136 1540 2414 1605 (ἱειίειυῐην
2467 1550 2630 1609 alque
2674 1557 2890 1597 omnem
2920 1542 3090 1598 morbi
3125 1545 3320 1614 digerit
3353 1560 3487 1602 cau-

225 1641 420 1696 supur
469 1627 639 1695 ipsum
676 1631 959 1685 Dominum
994 1631 1177 1687 Jesum
1225 1634 1526 1690 Christum.
1585 1635 1737 1702 Quod
1777 1639 1819 1692 si

1925 1646 2060 1686 sam.
2103 1631 2498 1686 Tantummodo
2525 1635 2887 1703 circumspice
2915 1635 3245 1707 diligentius,
3276 1640 3360 1693 cui
3395 1641 3488 1695 de-

227 1719 314 1774 ita
352 1721 579 1777 stabiles
611 1738 730 1777 esse
766 1741 868 1778 non
903 1741 1221 1793 possumus,
1269 1731 1540 1784 secundus
1568 1744 1670 1784 nos
1722 1733 1821 1785 iste
1853 1703 1894 1757 Β
1923 1723 2051 1778 beas
2077 1725 2320 1778 conﬁteri
2361 1737 2639 1794 peccatum
2691 1736 2862 1781 tuum.
2923 1727 3094 1784 Proba
3131 1730 3279 1800 prius
3316 1733 3486 1786 medi-

231 1810 444 1864 saltetn
479 1825 533 1866 et
578 1813 805 1870 inferior
855 1817 1113 1886 suscipiat
1169 1820 1389 1888 gradus,
1440 1830 1498 1874 ut
1529 1823 1606 1875 vel
1657 1823 1819 1892 paulo

233 1903 435 1955 minus
474 1917 793 1960 moveantur
815 1923 1035 1977 gressus
1062 1910 1254 1965 nostri.

311 1993 374 2046 5.
409 1993 670 2058 Quoniam
714 2013 807 2066 ego
857 1998 910 2052 in
937 1999 1147 2069 ﬂagella
1181 2011 1400 2068 paratus
1449 2019 1585 2057 sum.
1647 2003 1817 2058 Etiam

231 2083 362 2138 haec
395 2101 497 2139 vox
529 2086 652 2140 boui
695 2096 750 2142 et
782 2089 994 2158 optimi,
1027 2100 1086 2144 ut
1119 2093 1193 2146 ita
1223 2093 1475 2158 dixerim,
1520 2096 1820 2164 peccatoris

228 2185 346 2240 est,
380 2177 472 2244 qui
506 2176 1056 2248 deliqueritqnidem,
1091 2193 1560 2252 exspectettamen
1591 2187 1816 2240 delicto-

224 2280 359 2318 rum
425 2264 667 2337 ﬂagella,
731 2271 925 2336 quibus
985 2272 1037 2324 in
1093 2274 1346 2342 praesenti
1417 2283 1567 2342 optet
1634 2290 1821 2328 emen-

217 2355 374 2424 dari,
420 2375 485 2412 ne
511 2363 771 2430 puniatur
797 2372 850 2417 et
881 2371 1066 2429 pereat
1119 2364 1170 2416 in
1205 2363 1408 2418 futuro.
1447 2363 1693 2436 Propone
1724 2370 1814 2424 tibi

220 2458 360 2504 ante
429 2452 618 2506 oculos
665 2463 1007 2522 peccatorem
1050 2455 1318 2509 dicentem
1364 2457 1428 2508 ad
1482 2457 1814 2515 Dominum:

214 2541 340 2616 Ego
384 2547 645 2614 quoniam
673 2549 912 2616 peccavi,
943 2549 1053 2618 jam
1100 2565 1242 2604 nunc
1274 2551 1324 2603 in
1361 2549 1565 2621 ﬂagella
1595 2567 1816 2623 paratus

219 2651 386 2702 nutu,
433 2637 538 2690 noli
569 2653 655 2692 me
683 2653 962 2694 reservare
996 2639 1102 2708 igni
1133 2648 1354 2706 aeterno,
1391 2641 1496 2696 noli
1525 2657 1610 2698 me
1642 2659 1816 2700 reser—

218 2740 358 2780 vare
430 2729 792 2782 exterioribus
818 2729 1075 2783 tenebris.
1138 2729 1270 2782 Dum
1301 2731 1351 2782 in
1398 2731 1498 2785 hac
1526 2733 1634 2787 vita
1670 2747 1810 2799 sum,

218 2818 416 2873 redde
450 2819 579 2873 mihi
609 2833 827 2889 peccata
860 2836 998 2882 mea,
1042 2821 1296 2890 quoniam
1329 2821 1566 2891 ﬂagellas
1599 2840 1812 2880 omnem

221 2907 416 2962 lilium
464 2924 622 2978 quem
674 2910 890 2980 recipis.
928 2909 1036 2965 Oro
1086 2919 1159 2975 te,
1199 2908 1408 2981 ﬂagella
1440 2927 1526 2967 me
1572 2929 1810 2987 quoque,

220 3013 278 3058 et
311 3001 441 3056 noli
471 3017 558 3056 me
588 3017 872 3056 reseruare
905 3017 1025 3056 cum
1063 3003 1146 3057 his
1173 3003 1261 3073 qui
1307 3018 1410 3057 non
1457 3003 1809 3076 ﬂagellantur,
1838 3035 1880 3092 ο

223 3097 322 3165 qui
350 3097 424 3149 in
455 3095 719 3148 laboribus
749 3095 1015 3148 hominum
1041 3110 1143 3148 non
1171 3104 1314 3160 sunt,
1350 3106 1398 3151 et
1436 3114 1553 3151 cum
1582 3100 1810 3154 homini—

227 3185 326 3237 bus
358 3198 476 3236 non
521 3183 932 3253 ﬂagellabunlur
956 3184 1024 3249 ὀ,
1078 3185 1130 3239 id
1165 3195 1267 3249 est,
1298 3187 1388 3255 qui
1419 3189 1633 3256 penitus
1655 3189 1814 3245 dere-

195 3275 562 3342 ‘liuquuntur
595 3290 623 3327 a
655 3285 724 3337 te,
758 3291 985 3343 quorum
1033 3277 1460 3333 emendationem
1514 3283 1815 3350 correptio-

229 3380 480 3433 nemque
513 3381 615 3419 non
647 3368 863 3435 quaeris.
903 3367 1097 3428 Sciens
1142 3383 1273 3437 ergo
1303 3383 1423 3439 quae
1461 3369 1533 3424 sit
1560 3369 1813 3426 ditl‘ercn-

233 3459 311 3511 tia
349 3472 484 3509 cum
519 3457 821 3526 ﬂagellatur
845 3466 1099 3526 pecizator
1131 3459 1197 3511 ab
1226 3475 1290 3512 eo
1320 3461 1408 3528 qui
1434 3461 1669 3530 ﬂagellat
1697 3479 1810 3517 om-

237 3565 360 3602 nem
411 3547 583 3616 ﬁlium
631 3565 782 3620 quem
836 3551 1015 3618 recipit
1044 3551 1110 3617 ²¹,
1146 3561 1200 3605 et
1252 3569 1372 3621 qua:
1400 3555 1473 3609 sit
1501 3554 1809 3613 differentia

231 3641 360 3710 ejus
390 3641 478 3710 qui
523 3641 718 3708 dignus
749 3656 851 3695 non
881 3643 1108 3696 habetur
1137 3641 1376 3712 ﬂagellis,
1419 3645 1493 3699 ait
1524 3647 1592 3701 ad
1623 3647 1808 3702 Domi-

235 3751 370 3788 num
405 3752 417 3787 :
454 3734 560 3802 Ego
584 3733 636 3786 in
674 3733 878 3803 ﬂagella
910 3746 1132 3804 paratus
1158 3749 1300 3801 sum,
1337 3737 1390 3793 id
1419 3749 1524 3804 est,
1553 3741 1597 3796 si
1626 3743 1810 3796 volue-

239 3829 318 3880 ris
348 3828 712 3896 superducere
744 3826 1032 3895 languores
1067 3827 1120 3880 in
1165 3843 1270 3893 me,
1324 3831 1538 3886 mittere
1586 3833 1808 3903 tegritu-

236 3919 420 3981 dines,
456 3917 807 3971 tolerabiliter
858 3915 1026 3970 feram
1075 3936 1088 3971 :
1128 3919 1244 3973 scio
1289 3921 1415 3988 quia
1469 3923 1662 3992 dignus
1689 3939 1806 3978 sum

241 4020 301 4062 ιιι
331 4024 436 4063 non
467 4010 636 4063 solum
665 4024 760 4078 per
803 4011 1155 4079 :egritudines
1194 4021 1418 4080 peccata
1448 4030 1563 4068 mea
1587 4016 1808 4070 solvan-

239 4109 354 4165 tur,
405 4101 499 4154 sed
546 4115 644 4171 per
686 4115 878 4154 omnes
924 4099 1241 4157 alIlictiones
1285 4107 1505 4174 purgari
1535 4108 1804 4174 desidero,

241 4201 452 4247 tantum
487 4202 544 4246 ut
576 4193 796 4248 aeternis
825 4193 1001 4262 poenis
1031 4203 1086 4248 et
1131 4196 1468 4251 cruciatibus
1494 4213 1602 4253 non
1631 4215 1808 4256 reser-

241 4297 362 4336 ver.
406 4282 463 4337 Si
512 4283 689 4353 placet
735 4283 936 4338 inferre
967 4283 1182 4349 damna,
1225 4287 1504 4353 sustineo;
1553 4290 1597 4343 si
1629 4291 1806 4358 placet

1918 1831 2064 1882 cum,
2092 1817 2178 1870 cui
2218 1817 2414 1870 debeas
2462 1832 2680 1872 causam
2733 1819 3008 1889 languoris
3054 1835 3346 1890 exponere,
3389 1824 3484 1894 qui

1920 1909 2056 1962 sciat
2105 1908 2368 1962 infirmari
2418 1925 2540 1963 cum
2591 1910 2919 1977 inlirmantc,
2967 1912 3096 1969 ﬂere
3129 1930 3250 1968 cum
3299 1915 3483 1984 ﬂente,

1919 2000 2010 2070 qui
2045 1999 2365 2055 condolendi
2391 2011 2444 2054 et
2469 2003 2831 2070 compatiendi
2863 2007 3078 2058 noverit
3107 2006 3481 2076 disciplinam:

1920 2100 1977 2143 ut
2006 2091 2082 2144 ita
2119 2093 2329 2144 demum
2381 2092 2424 2146 si
2458 2093 2586 2161 quid
2637 2094 2728 2149 ille
2755 2095 2977 2160 dixerit,
3026 2097 3118 2166 qui
3155 2113 3215 2154 se
3253 2099 3400 2167 prius
3427 2109 3484 2154 et

1919 2183 2184 2238 eruditum
2221 2183 2486 2237 medicum
2536 2186 2827 2240 ostemlerit
2867 2197 2922 2241 et.
2952 2188 3383 2254 misericordem,
3434 2191 3481 2245 si

1919 2275 2046 2344 quid
2077 2275 2286 2328 consilii
2317 2275 2543 2341 dederit,
2579 2276 2766 2340 facias,
2815 2287 2868 2332 et
2897 2279 3161 2347 sequaris,
3192 2281 3235 2334 si
3267 2279 3481 2335 intelle-

1918 2365 2059 2418 xerit
2106 2373 2163 2418 et
2216 2364 2521 2432 praeviderit
2578 2364 2738 2418 talem
2786 2381 2906 2420 esse
2963 2366 3276 2438 languorem
3326 2375 3478 2422 tuum

1918 2455 2006 2522 qui
2039 2455 2091 2508 in
2124 2466 2387 2510 conventu
2439 2456 2602 2510 totius
2633 2456 2888 2512 Ecclesiae
2939 2458 3134 2526 exponi
3181 2457 3372 2514 debeat
3421 2469 3480 2516 et

1916 2547 2118 2609 curari,
2145 2561 2210 2601 ex
2242 2563 2348 2615 quo
2375 2547 2618 2602 fortassis
2643 2556 2698 2601 et
2719 2549 2900 2602 caeteri
2927 2548 3180 2603 aediﬁcari
3204 2560 3478 2619 poterunt,

1915 2649 1971 2694 et
2017 2651 2069 2693 tu
2099 2641 2212 2709 ipse
2247 2639 2403 2695 facile
2454 2640 2657 2707 sanari,
2708 2640 2873 2695 multa
2908 2641 3011 2695 hoc
3061 2642 3475 2709 deliberatione,

1915 2739 1969 2785 et
2007 2731 2139 2785 satis
2168 2732 2344 2799 perito
2389 2730 2579 2785 medici
2615 2730 2757 2785 illius
2803 2731 3030 2786 consilio
3079 2734 3477 2802 procurandum

1915 2833 2017 2877 est.
2076 2823 2338 2890 Quoniam
2381 2825 2708 2894 iniquitatem
2752 2840 2920 2876 meam
2971 2840 3064 2892 ego
3106 2824 3476 2894 pronuntiabo,

1915 2923 1965 2970 et
2011 2913 2248 2983 cogitabo
2287 2929 2380 2980 pro
2430 2923 2643 2981 peccato
2689 2930 2824 2967 meo.
2889 2913 3208 2984 Quicunque
3237 2924 3476 2968 vestrum

1916 3004 2164 3060 conscius
2207 3005 2308 3059 sibi
2341 3013 2424 3059 est
2470 3004 2522 3057 in
2557 3004 2742 3072 aliquo
2788 3012 3032 3071 peccato,
3063 3013 3118 3058 et
3144 3006 3218 3058 ita
3255 3019 3480 3059 securus

1914 3105 1998 3152 est
2042 3095 2195 3165 quasi
2230 3094 2362 3148 nihil
2409 3094 2534 3148 mali
2584 3094 2794 3159 fecerit,
2826 3104 3234 3149 commoveatur
3262 3111 3330 3148 ex
3374 3095 3478 3148 hoc

1913 3204 2166 3244 sermone
2189 3188 2278 3257 qui
2315 3187 2444 3241 dicit
2478 3203 2491 3240 :
2526 3186 2776 3254 Cogitabo
2819 3203 2915 3254 pro
2964 3197 3171 3254 peccato
3201 3203 3333 3240 meo.
3373 3185 3479 3241 Bo-

1914 3296 2040 3333 num
2071 3289 2156 3333 est
2185 3293 2307 3331 eum
2339 3278 2430 3346 qui
2465 3275 2729 3346 delinquit
2756 3291 2862 3331 non
2895 3292 3019 3332 esse
3064 3292 3340 3344 securum,
3377 3291 3478 3333 nec

1914 3371 2060 3426 velut
2085 3371 2175 3440 qui
2205 3369 2338 3424 nihil
2365 3369 2674 3438 deliquerit,
2705 3369 2907 3423 nullam
2931 3369 3349 3425 sollicitudinem
3379 3384 3476 3438 ge—

1913 3480 2055 3529 rere,
2107 3479 2204 3518 nec
2256 3463 2498 3533 cogitare
2550 3460 2820 3530 quomodo
2869 3460 3042 3528 possit
3087 3475 3244 3514 suum
3295 3459 3476 3515 delere

1912 3564 2214 3623 peccatum.
2259 3552 2315 3606 Si
2349 3553 2401 3604 in
2431 3564 2661 3620 corpore
2683 3557 2774 3603 tuo
2805 3549 3013 3603 macula
3043 3549 3223 3619 aliqua
3249 3550 3336 3604 vel
3360 3548 3477 3602 vul-

1913 3659 2014 3698 nus
2045 3644 2274 3706 oriatur,
2323 3650 2416 3694 aut
2461 3656 2527 3695 ex
2572 3638 2854 3694 collisione
2899 3638 3074 3707 aliqua
3126 3639 3473 3704 intumescat,

1911 3736 2172 3792 sollicitus
2207 3750 2266 3789 es
2303 3742 2361 3788 et
2410 3732 2677 3802 perquiris
2728 3730 2860 3800 quid
2909 3744 3052 3783 curae
3085 3730 3283 3785 debeat
3315 3732 3474 3786 adhic

1912 3811 2048 3890 beri,
2100 3826 2372 3896 quomodo
2418 3823 2633 3892 corpori
2685 3821 2892 3875 sanitas
2927 3821 3146 3887 antiqua
3193 3820 3476 3878 reddatur.

1911 3920 1968 3975 Si
2003 3919 2144 3972 circa
2167 3917 2351 3972 oculos
2383 3931 2442 3969 se
2468 3915 2660 3982 aliquis
2689 3913 2918 3966 acerbus
2965 3911 3160 3965 humor
3191 3911 3473 3977 infuderit,

1908 4009 2172 4066 sollicitus
2217 4021 2298 4071 es,
2345 4015 2401 4060 et
2442 4005 2717 4074 perquiris
2764 4002 3033 4072 quomodo
3075 4017 3370 4058 succurras
3424 4017 3478 4054 et

1909 4099 2209 4170 praevenias
2255 4094 2579 4150 caecitatem.
2638 4091 2773 4148 Cum
2818 4092 2996 4146 anima
3025 4101 3113 4144 tua
3143 4101 3396 4160 aegrotet,
3426 4106 3481 4145 ct

1905 4197 2254 4259 peccatorum
2283 4181 2632 4250 languoribus
2656 4191 2935 4251 urgeatur,
2963 4195 3190 4235 securus
3217 4195 3298 4244 es,
3344 4195 3478 4234 con-

1909 4281 2105 4336 temnis
2130 4279 2435 4350 gehennam
2469 4285 2634 4346 atque
2682 4276 2823 4352 ignis
2855 4274 3046 4328 aeterni
3081 4274 3342 4343 supplicia
3387 4274 3479 4328 de-

234 4390 432 4431 omnes
456 4376 741 4431 facultates
770 4375 970 4446 perire,
1003 4377 1319 4446 depereant,
1351 4387 1559 4433 tantum
1586 4396 1655 4436 ne
1684 4383 1803 4436 ani-

1911 4371 2072 4440 spicis
2121 4377 2177 4423 et
2222 4366 2461 4424 irrides?
2506 4364 2773 4420 Judiciutn
2826 4363 2920 4417 D'ei
2977 4362 3360 4433 parvipendis,
3423 4371 3479 4417 et

234 4482 328 4522 tua
361 4477 548 4536 pereat
601 4468 745 4536 apud
798 4475 872 4522 te.
914 4467 971 4520 Si
1003 4479 1100 4536 per
1148 4475 1376 4521 mortem
1421 4468 1712 4525 charorum
1747 4481 1803 4527 et

232 4563 660 4633 propinquorum
692 4561 772 4614 vis
795 4574 879 4614 me
903 4557 1142 4628 purgari,
1162 4559 1468 4614 moriantur
1486 4563 1651 4616 etiam
1676 4563 1802 4634 ipsi,

230 4662 295 4708 ut
321 4662 379 4708 et
407 4653 505 4722 ipsi
526 4668 593 4707 ex
616 4651 918 4721 huiusmodi
943 4654 1170 4711 vinculis
1209 4648 1527 4718 liberentur,
1551 4654 1804 4710 auferan-

235 4756 326 4798 tur
353 4743 471 4808 lilii,
505 4743 628 4798 dum
656 4744 831 4798 adhuc
860 4747 1009 4814 pueri
1045 4755 1190 4810 Slllll,
1217 4755 1272 4799 et
1299 4745 1350 4798 in
1383 4743 1610 4799 rudibus
1640 4745 1799 4798 annis

234 4837 398 4907 positi
457 4837 692 4892 nondum
747 4837 1086 4905 gravioribus
1155 4846 1498 4907 peccatorum
1547 4837 1800 4892 sordibus

236 4930 492 4985 maculati
538 4938 682 4984 sunt.
740 4929 1002 4984 Omnibus
1036 4930 1198 5000 igitur
1224 4930 1446 4999 ﬂagellis
1495 4930 1796 4996 emendari,

233 5023 620 5093 verberarique
651 5033 869 5092 paratus
896 5036 1034 5084 sum,
1072 5031 1128 5076 et
1172 5022 1309 5076 nihil
1343 5022 1534 5076 horum
1585 5036 1796 5087 recuso,

235 5125 446 5172 tantum
481 5126 540 5169 ut
577 5113 837 5184 supplicia
864 5112 1050 5167 aeterni
1092 5112 1234 5182 ignis
1261 5110 1532 5182 effugiam.
1576 5112 1687 5183 Ego
1712 5126 1800 5166 er-

235 5224 304 5276 go
329 5210 384 5262 in
409 5206 620 5278 ﬂagella
652 5215 865 5274 paratus
895 5218 1034 5266 sunt,
1065 5213 1112 5257 et
1158 5202 1310 5257 dolor
1334 5219 1477 5256 meus
1505 5219 1686 5256 caram
1718 5219 1799 5256 me

234 5312 308 5354 est
333 5316 550 5368 semper.
585 5299 726 5352 Ante
747 5296 933 5351 oculos
954 5310 1104 5350 meos
1129 5295 1302 5350 habeo
1326 5293 1570 5348 dolorem
1595 5306 1794 5356 meum,

235 5401 298 5446 ut
348 5392 558 5448 futuros
607 5403 888 5459 prunarum
937 5387 1154 5442 dolores
1200 5383 1563 5457 praesentibus
1593 5381 1792 5454 possim

235 5483 508 5538 doloribus
536 5493 908 5551 compensare.

309 5667 352 5697 ⁸⁸
373 5665 520 5721 Psal.
546 5681 716 5726 uxn,
745 5665 801 5718 ‘2.
881 5661 925 5694 ¹⁹
954 5660 1102 5714 I’sat.
1124 5670 1310 5724 xulx,
1335 5652 1391 5708 '5.

511 5757 783 5835 Ρηιιοι..
830 5755 949 5817 Gn.
994 5751 1136 5813 ΧΠ.

1467 5659 1512 5690 ’⁸
1535 5652 1676 5711 Psal.
1703 5663 1870 5716 uxu,
1893 5647 1948 5703 5.

1908 4471 2338 4516 commonentem
2365 4469 2417 4512 te
2441 4455 2736 4512 Ecclesiatn
2760 4454 3030 4523 despicis?
3057 4455 3470 4514 Commuuicare

1907 4570 2013 4611 non
2050 4554 2204 4607 times
2229 4566 2426 4620 corpus
2446 4549 2645 4605 Christi
2677 4547 2940 4601 accedens
2961 4546 3028 4600 ad
3052 4545 3466 4612 Eucharistiam,

1908 4649 2064 4720 quasi
2106 4648 2336 4702 mundus
2365 4652 2420 4699 et
2467 4657 2654 4714 purus,
2687 4640 2840 4710 quasi
2889 4638 3024 4694 nihil
3059 4638 3113 4692 in
3150 4649 3200 4695 te
3229 4640 3299 4693 sit
3326 4639 3466 4694 imii-

1905 4755 2100 4812 gnum,
2145 4737 2273 4792 etin
2306 4736 2390 4789 his
2416 4734 2666 4788 omnibus
2693 4740 2850 4798 putas
2882 4729 3026 4799 quod
3062 4727 3288 4798 eﬂugias
3327 4730 3472 4799 judi-

1903 4833 2047 4888 cium
2102 4828 2234 4883 Dei?
2292 4827 2408 4882 Non
2461 4825 2768 4880 recordaris
2818 4822 2950 4876 illud
3005 4821 3152 4900 quod
3206 4821 3470 4890 scriptum

1904 4934 1987 4980 est
2009 4924 2074 4984 ",
2115 4921 2236 4989 quia
2265 4915 2548 4988 Propterea
2596 4917 2650 4970 in
2706 4914 2849 4969 vobis
2880 4911 3102 4981 inﬁrmi,
3144 4921 3193 4965 et
3228 4914 3376 4980 azgri,
3419 4924 3470 4966 et

1904 5015 2170 5069 dormiunt
2196 5011 2385 5065 multi?
2410 5008 2589 5076 Quare
2613 5007 2766 5061 multi
2794 5004 3035 5060 infirmi?
3068 5004 3331 5070 Quoniam
3360 5020 3467 5058 non

1906 5109 2114 5177 seipsos
2156 5104 2476 5173 diiudicant,
2528 5114 2703 5169 neque
2750 5098 2960 5166 seipsos
2983 5098 3318 5160 examinant,
3364 5111 3469 5150 nec

1905 5198 2208 5269 intelligunt
2235 5196 2362 5263 quid
2385 5205 2468 5250 est
2495 5191 2896 5248 communicare
2923 5187 3200 5252 Ecclesiae,
3231 5188 3308 5241 \cl
3336 5186 3468 5254 quid

1903 5300 1986 5344 est
2015 5288 2272 5344 accedere
2321 5285 2388 5339 ad
2439 5293 2586 5340 tanta
2634 5293 2689 5338 et
2720 5293 2826 5336 tam
2862 5279 3060 5335 eximia
3095 5286 3462 5333 sacramenta.

1906 5380 2193 5436 Patiuntur
2227 5378 2328 5430 hoc
2372 5375 2514 5444 quod
2551 5373 2924 5427 febricitantes
2954 5367 3070 5437 pati
3105 5365 3307 5431 solent,
3337 5378 3461 5418 cum

1899 5481 2151 5524 sanorum
2183 5463 2337 5518 cibos
2386 5470 2738 5531 praesumunt,
2786 5455 3140 5525 sibimetipsis
3166 5453 3464 5510 inferentes

2026 5643 2074 5679 ²¹
2094 5641 2255 5698 Prov.
2283 5654 2369 5707 ιιι,
2397 5640 2482 5695 η.
2553 5641 2598 5673 ³³
2619 5639 2640 5694 ι
2659 5641 2784 5698 Cor.
2813 5657 2888 5706 xi,
2911 5638 3002 5697 50.

3111 5729 3192 5793 1ιό
