3970 6160
578 121 730 176 3387

587 235 833 287 exitium.
871 231 994 286 Ilaec
1022 233 1088 286 de
1119 244 1182 286 eo
1211 235 1356 302 quod
1389 232 1590 286 dictum
1623 241 1704 288 est
1743 251 1756 286 :
1791 230 2042 304 Cogitabo
2067 251 2161 304 pro

586 331 797 392 peccato
829 339 962 376 meo.

661 459 710 514 7.
745 459 1007 528 Sequitur
1035 475 1050 512 :
1080 456 1294 512 Inimici
1319 468 1494 513 autem
1533 461 1634 514 mei
1659 461 1854 526 vivunt,
1887 473 1932 516 et
1963 463 2161 532 conﬁr-

584 551 857 604 mati-sunt
883 564 1040 617 super
1064 564 1166 601 me.
1207 545 1288 602 Ad
1321 563 1442 616 quze
1475 549 1659 604 omnia
1699 552 1997 606 subsonare
2031 552 2160 607 illud

585 640 748 694 debet
791 656 804 693 :
845 636 958 708 Ego
1009 648 1185 692 autem
1229 639 1469 708 cogitabo
1514 657 1609 710 pro
1661 651 1872 710 peccato
1919 659 2053 698 meo.
2094 644 2161 698 Et

581 729 831 800 quamvis
862 730 1097 793 videam,
1145 730 1461 800 frequenter
1513 733 1658 787 enim
1695 749 1793 789 nos
1846 748 2159 804 peccatores

581 821 625 875 si
663 819 946 875 videamus
975 820 1225 876 inimicos
1255 832 1471 878 nostros
1500 824 1746 879 viventes
1763 825 2009 879 ausiores
2039 841 2158 880 con-

579 913 891 980 tristamur,
921 924 976 968 et
1007 914 1263 984 querelas
1292 916 1554 972 adversus
1600 917 1836 970 divinam
1864 918 2155 986 providen-

581 1006 710 1060 tiam
759 1005 1055 1062 fundimus.
1116 1007 1217 1074 Qui
1273 1016 1454 1062 autem
1503 1007 1703 1063 salvari
1753 1008 1885 1074 vult,
1935 1011 2002 1064 ad
2041 1011 2156 1066 hinc

577 1099 762 1151 omnia
794 1111 1011 1167 semper
1049 1097 1154 1154 hoc
1203 1099 1304 1154 sibi
1340 1100 1686 1167 respondeat,
1718 1100 1931 1155 etiamsi
1953 1099 2154 1154 inimici

575 1188 748 1260 689
770 1191 872 1243 mei
904 1191 1104 1256 vivunt,
1150 1200 1198 1245 et
1244 1191 1545 1258 conﬁrmati
1587 1200 1711 1246 sunt
1745 1207 1902 1262 super
1926 1207 2026 1258 me,
2055 1207 2155 1263 ego

580 1289 761 1334 tamen
795 1280 1036 1350 cogitabo
1082 1296 1178 1350 pro
1225 1290 1439 1350 peccato
1488 1297 1623 1335 meo.
1684 1281 1752 1336 Et
1797 1281 2047 1352 quamvis
2076 1281 2156 1335 vi-

577 1374 735 1428 deam
791 1388 878 1428 me
941 1386 1288 1444 peccatorem
1348 1389 1488 1440 esse,
1554 1373 1911 1430 considerans
1972 1382 2152 1428 tamen

575 1465 742 1519 etiam
775 1471 1122 1521 'caterorum
1173 1475 1396 1534 peccata
1443 1481 1564 1535 qua;
1612 1464 1860 1520 fortassis
1905 1466 2152 1535 graviora

575 1565 727 1622 sunt,
762 1557 952 1612 videns
981 1572 1199 1627 quoque
1232 1573 1329 1614 eos
1362 1571 1460 1627 pro
1489 1557 1726 1626 peccatis
1758 1557 1872 1612 suis
1900 1573 2006 1612 non
2032 1573 2152 1613 esse

575 1649 860 1716 sollicitos,
893 1665 1220 1721 comparans
1251 1663 1340 1706 me
1383 1649 1492 1706 illis
1536 1651 1629 1720 qui
1659 1651 1884 1706 omnino
1913 1652 1981 1707 de
2024 1668 2150 1723 gra-

571 1744 816 1798 vissimis
863 1743 1077 1799 delictis
1123 1743 1238 1799 suis
1291 1742 1426 1797 nihil
1479 1742 1747 1813 cogitant,
1807 1753 1863 1799 et
1905 1745 2152 1815 cogitans

571 1851 672 1907 pro
702 1845 927 1906 peccato
954 1850 1095 1901 meo,
1131 1851 1282 1906 spem
1306 1835 1482 1892 habeo
1504 1835 1558 1891 in
1593 1845 1664 1892 te.

645 1995 698 2051 8.
732 1995 802 2050 Et
849 1994 1187 2062 multiplicati.
1239 2003 1361 2050 sunt
1409 1997 1500 2067 qui
1547 1996 1767 2051 oderunt
1819 2010 1900 2050 me
1949 1995 2146 2064 inique.

566 2088 918 2160 lmpossibile
951 2096 1034 2142 est
1074 2089 1127 2142 in
1178 2087 1283 2142 hac
1313 2087 1423 2142 vita
1458 2089 1690 2158 positum
1726 2087 1853 2142 odio
1896 2101 2001 2141 non
2043 2087 2144 2140 ha-

569 2179 711 2234 beri.
751 2177 1005 2234 Christus
1034 2176 1190 2233 Jesus
1226 2178 1354 2232 odio
1391 2178 1607 2234 habitus
1634 2187 1735 2235 est.
1768 2179 1835 2234 Et
1859 2177 1987 2247 quid
2022 2178 2143 2232 dico

562 2271 907 2342 impossibile
939 2281 1022 2326 est
1055 2271 1107 2325 in
1155 2271 1256 2327 hac
1309 2271 1416 2325 vita
1467 2273 1703 2342 positum
1746 2272 1872 2329 odio
1900 2287 2008 2327 non
2042 2272 2144 2326 ha-

565 2362 725 2418 beri?
766 2363 910 2417 Deus
949 2362 1065 2432 ipse
1093 2363 1188 2430 qui
1223 2361 1276 2417 in
1306 2363 1446 2419 hanc
1481 2365 1648 2419 vitam
1687 2379 1793 2418 non
1825 2363 1994 2428 venit,
2017 2363 2143 2417 odio

569 2455 799 2513 habetur
833 2455 902 2510 ab
935 2456 1226 2525 aliquibus.
1255 2457 1314 2512 Si
1344 2459 1488 2512 enim
1523 2472 1628 2512 non
1662 2457 1959 2512 haberetur
1993 2456 2140 2522 odio,

568 2562 908 2618 nequaquam
943 2547 1442 2620 diceretPropheta
1467 2549 1514 2581 ³³
1545 2565 1559 2603 :
1587 2547 1780 2603 Nonne
1813 2548 2048 2602 odientes
2071 2557 2140 2613 te,

559 2638 794 2694 Domine
825 2680 841 2704 ,
903 2641 1120 2695 oderam
1143 2681 1158 2705 ,
1209 2651 1256 2696 et
1295 2657 1454 2710 super
1491 2642 1736 2694 inimicos
1766 2651 1883 2695 tuos
1911 2640 2143 2694 tabesce-

567 2732 732 2786 bam?
774 2729 1016 2802 Perfecto
1053 2735 1176 2788 odio
1225 2732 1438 2788 oderam
1484 2732 1622 2788 illos.
1658 2733 2054 2796 Marcionistae,
2087 2741 2143 2787 et

553 2822 849 2889 Basilides,
887 2833 943 2880 et
990 2824 1265 2880 Valentini
1327 2825 1562 2880 oderunt
1619 2826 1821 2891 Deum,
1873 2834 1930 2880 et
1973 2825 2140 2880 verba

562 2913 684 2983 ejus
737 2915 986 2972 oderunt.
1041 2917 1177 2971 Cum
1208 2933 1338 2988 ergo
1396 2918 1538 2973 Deus
1591 2917 1718 2972 odio
1755 2918 2044 2980 habeatur,
2085 2924 2141 2969 et

557 3007 814 3063 Christus
845 3023 1015 3079 usque
1057 3010 1110 3063 in
1149 3010 1471 3065 hodiernum
1524 3010 1665 3065 diem
1709 3024 1739 3062 a
1773 3007 1976 3064 ludatis
2007 3021 2139 3061 ana-

564 3099 750 3154 thema
783 3100 897 3164 liat,
948 3116 1068 3155 cum
1116 3100 1357 3171 Spiritus
1397 3110 1619 3156 sanctus
1649 3102 1740 3170 qui
1775 3101 1826 3154 in
1859 3100 2138 3170 prophetis

569 3191 784 3246 locutus
815 3201 901 3245 est
937 3193 1003 3245 ab
1033 3193 1306 3247 haereticis
1328 3192 1453 3248 odio
1488 3192 1774 3260 habeatur,
1814 3203 1868 3246 tu
1908 3193 1988 3246 vis
2012 3193 2136 3248 odio

561 3298 672 3339 non
699 3284 913 3345 haberi,
941 3285 1034 3338 sed
1065 3285 1134 3338 ab
1169 3285 1420 3340 omnibus
1445 3285 1596 3353 diligi
1619 3295 1674 3339 et
1705 3285 1978 3340 benedici?
2003 3285 2136 3340 Vide

559 3391 630 3430 ne
664 3386 717 3432 te
752 3375 994 3430 inveniat
1035 3375 1123 3430 illa
1164 3376 1433 3430 sententia
1461 3391 1580 3446 quae
1607 3375 1738 3430 dicit
1765 3376 1811 3406 “
1839 3392 1852 3428 :
1891 3373 1983 3428 Vae
2014 3391 2132 3428 cum

561 3469 917 3524 benedixerint
940 3469 1082 3524 vobis
1109 3485 1287 3523 omnes
1327 3469 1584 3523 homines.
1616 3468 1754 3534 Quin
1791 3467 1970 3537 potius
2003 3466 2132 3520 illud

557 3560 938 3617 tantummodo
965 3561 1351 3628 observemus,
1397 3571 1456 3614 ut
1497 3569 1552 3614 et
1580 3574 1679 3614 nos
1708 3559 1973 3622 dicamus,
1999 3571 2132 3626 quo-

555 3655 704 3708 niam
745 3653 1079 3709 multiulicati
1121 3662 1246 3708 sunt
1276 3656 1364 3724 qui
1397 3654 1620 3707 oderunt
1650 3668 1730 3706 me
1761 3651 1958 3720 inique.
1991 3648 2130 3718 Opto

1019 3857 1339 3914 PSALMUS
1381 3853 1670 3910 XXXVIII.

634 3953 797 4008 Vnus.
819 3953 874 4009 5.
901 3951 1166 4007 Obsurdui
1200 3961 1250 4006 et
1283 3951 1595 4004 humiliatus
1633 3964 1748 4002 sum
1769 3988 1785 4014 ,
1824 3958 1874 4002 et
1922 3948 2046 4003 situi
2097 3965 2130 4002 a

560 4045 863 4111 bonis,etc.
892 4044 950 4099 In
980 4044 1376 4101 tentationibus
1406 4042 1776 4113 lugiuntbona
1803 4055 1832 4095 a
1864 4042 2045 4106 nobis,
2077 4051 2132 4096 et

560 4137 684 4193 silet
715 4137 895 4191 anima
934 4137 1004 4191 ab
1039 4137 1166 4191 illis.
1213 4137 1287 4190 De
1336 4135 1442 4190 illis
1479 4134 1624 4188 enim
1674 4133 1912 4203 loquitur
1950 4135 2128 4188 anima

559 4243 680 4297 qua:
711 4228 1012 4300 cognoscit,
1048 4236 1103 4282 et
1139 4228 1261 4282 silet
1301 4227 1366 4282 de
1397 4226 1502 4281 illis
1529 4242 1649 4296 quae
1682 4242 1788 4280 non
1830 4227 2125 4297 cognoscit.

559 4321 708 4374 Bona
741 4328 920 4373 autem
949 4319 1052 4372 hoc
1079 4318 1198 4373 loco
1225 4318 1361 4372 dixit
1386 4320 1616 4373 virtutes
1643 4328 1700 4374 et
1724 4319 1982 4374 scientias
2009 4333 2128 4388 quae

559 4411 617 4468 in
645 4421 884 4482 tempore
909 4411 1219 4466 tentationis
1248 4426 1278 4465 a
1307 4420 1514 4467 tentato
1542 4410 1770 4480 fugiunt.

627 4589 794 4645 Vnus.
837 4589 890 4643 4.
921 4587 1198 4644 Concaluit
1231 4604 1321 4642 cor
1349 4605 1523 4643 meum
1555 4589 1694 4643 intra
1724 4606 1825 4654 me,
1860 4600 1967 4645 etc.
1991 4589 2126 4645 Cum

559 4682 654 4739 iraa
682 4684 890 4738 daemon
925 4683 1128 4746 instat,
1168 4681 1427 4750 possibile
1469 4691 1552 4735 est
1601 4697 1707 4736 non
1765 4683 1950 4748 irasci,
1993 4682 2131 4737 forte

559 4784 736 4828 autem
773 4773 1105 4843 impossibile
1135 4787 1241 4828 non
1276 4772 1675 4828 concalescere.

620 4863 782 4921 Vens.
803 4865 855 4920 5.
879 4866 1078 4920 Notum
1098 4865 1181 4935 [ac
1202 4866 1332 4920 mihi
1341 4906 1356 4932 ,
1375 4865 1617 4934 Domine,
1635 4867 1788 4936 ﬁnem
1808 4886 1999 4934 meum,
2017 4881 2124 4926 etc.

1357 5008 1405 5039 "‘
1451 5007 1580 5064 Luc.
1605 5026 1680 5077 vr,
1711 5011 1800 5066 26.
1903 5015 1950 5046 ³⁵
1973 5014 2118 5071 Psal.

631 5147 742 5219 (55)
783 5146 984 5219 Inralio
1009 5149 1219 5219 quidem
1255 5147 1480 5219 psalmo,
1521 5158 1630 5202 etc.
1669 5148 1876 5203 Catena
1922 5151 2125 5205 Corde-

557 5217 709 5274 riana
736 5228 791 5272 et
823 5218 940 5289 alia:
961 5239 984 5289 ς
1003 5218 1090 5270 Ἐν
1114 5217 1256 5289 ἄλλῳ
1285 5217 1484 5288 ψαλμῷ
1510 5235 1640 5289 φησι
1660 5235 1674 5250 ο
1706 5220 1814 5272 Kal
1850 5220 1917 5273 τὸ
1939 5222 2124 5276 Πνεῦ-

551 5289 638 5358 pd
676 5305 792 5342 σου
835 5287 900 5340 τὸ
947 5287 1118 5359 ἅγιον
1155 5287 1243 5357 μὴ
1296 5287 1631 5359 amat-sam
1683 5290 1784 5343 ἀπ’
1830 5290 1996 5359 ἐμοῦ.
2059 5293 2122 5344 Εἰ

560 5357 798 5432 κεί-κεῖνοι
853 5357 1159 5432 ἁπέρῤιψάν
1211 5358 1407 5432 μεμὼς
1469 5360 1657 5432 νεκρὸν
1709 5357 2119 5432 ὲόδελὺγμένον,

559 5427 694 5500 ἀλλὰ
723 5429 786 5480 σὺ
821 5427 1087 5498 σκέπὲήμε
1120 5427 1236 5500 ὑπὸ
1263 5428 1364 5500 τὴν
1390 5427 1655 5500 κραταιάν
1698 5447 1789 5483 σου
1823 5427 1998 5500 χεῖρα.
2021 5432 2120 5484 Σοῦ

560 5499 981 5573 γᾴρ-’παρόντος
1037 5499 1329 5573 ᾁνίσχυροι
1367 5499 1464 5573 καὶ
1523 5501 1766 5564 ἀσθενεῖς
1816 5499 1871 5573 οι
1915 5503 2118 5573 ἐχθροί.

557 5567 830 5638 Πρόσχεζ·
865 5571 950 5636 εις
991 5567 1104 5638 τὴν
1133 5567 1420 5635 ,ϐοήθειάν
1448 5587 1588 5640 μου,
1619 5573 1742 5626 ἐπεὶ
1787 5567 1995 5644 ὲχθρῶᾖ
2019 5567 2121 5626 ’πε-

629 5007 675 5040 ’⁸
698 5006 843 5063 Psal.
871 5022 1132 5072 cxxxvtn,
1171 5007 1262 5062 2|.

1963 117 2050 170 EX
2094 118 2282 174 ORlCI
2301 118 2390 172 NE

3664 131 3752 187 I38

2191 244 2237 299 Α
2268 251 2390 287 cum
2451 236 2574 289 odio
2628 235 2831 293 habear
2856 277 2871 302 ,
2920 246 2977 291 ut
3019 238 3155 292 sciat
3180 239 3498 293 conscientia
3537 257 3639 296 mea
3664 261 3739 310 quo

2265 325 2410 379 niani
2448 326 2644 394 injuste
2683 330 2868 382 odium
2903 330 3100 399 patior.
3139 330 3274 385 Odio
3307 331 3474 385 habiti
3502 345 3613 387 sunt
3642 340 3756 391 etiam

2264 419 2560 487 prophetas,
2598 422 2692 475 sed
2729 421 2969 490 injuste;
3009 421 3136 476 odio
3171 423 3386 477 habitus
3420 433 3501 478 est
3547 427 3757 490 Chrisme.

2263 509 2355 565 sed
2381 513 2574 582 gratis.
2609 512 2664 567 Si
2691 523 2872 568 autem
2908 529 3007 584 pro
3056 526 3282 583 peccato
3317 531 3436 571 meo
3459 516 3573 572 odio
3594 519 3758 583 habeor,

2261 617 2366 657 non
2395 619 2616 672 possum
2654 606 2860 672 dicere,
2898 609 3025 677 quia
3057 608 3391 676 multiplicati
3419 619 3539 664 sunt
3567 614 3643 679 qui
3674 617 3758 666 ode-

2262 691 2383 749 runt
2419 714 2499 752 me
2531 699 2744 768 injuste.
2781 698 2932 756 Juste
2983 702 3127 756 enim
3171 704 3292 756 odio
3339 703 3568 766 habeor.
3603 706 3641 760 si
3675 723 3742 776 per

2259 805 2388 843 osus
2418 791 2575 846 fuero
2607 802 2829 863 propter
2856 794 3174 848 inhonestos
3195 805 3346 850 actus
3372 812 3520 851 meos
3546 809 3594 852 et
3611 810 3762 866 turpes.

2258 878 2374 935 Non
2405 898 2624 952 possum
2656 885 2858 950 dicere,
2890 885 3016 954 quia
3045 887 3280 941 oderunt
3316 904 3405 944 me
3439 891 3615 959 gratis.
3637 894 3763 962 Atque

2259 975 2462 1028 utinam
2500 985 2651 1030 tanta
2687 977 3019 1031 contidentia
3071 978 3255 1034 dicere
3305 976 3570 1049 possimus
3611 993 3654 1036 et
3681 998 3763 1050 nos,

2259 1067 2386 1136 quia
2419 1069 2758 1135 multiplicati
2786 1078 2908 1124 sunt
2942 1072 3031 1141 qui
3075 1072 3296 1125 oderunt
3333 1089 3416 1126 me
3444 1073 3636 1144 injuste.

2326 1159 2380 1216 9.
2423 1159 2526 1226 Qui
2553 1162 2846 1215 retribuunt
2881 1161 3010 1216 mihi
3052 1164 3194 1216 mala
3230 1179 3325 1232 pro
3359 1165 3527 1219 bonis.
3568 1165 3660 1236 Ego
3681 1167 3768 1236 qni-

2256 1249 2377 1304 dem
2405 1251 2545 1306 bona
2575 1266 2699 1306 cum
2729 1252 2809 1307 eis
2847 1253 3070 1323 agebam
3093 1297 3108 1323 ,
3155 1255 3230 1309 illi
3287 1269 3416 1310 vero
3459 1256 3601 1312 obliti
3644 1258 3751 1313 bono

2256 1357 2373 1395 rum
2410 1358 2652 1398 meorum
2705 1344 3005 1400 reddebant
3037 1347 3174 1400 mala
3211 1363 3308 1417 pro
3340 1349 3521 1414 bonis,
3570 1350 3763 1405 crimina-

2252 1433 2454 1488 bantur
2493 1450 2608 1501 nte,
2658 1437 2915 1506 quoniam
2969 1439 3240 1508 sequebar
3293 1440 3576 1510 justitiam.
3619 1441 3762 1497 Crimi-

2255 1535 2455 1580 nantur
2487 1541 2574 1581 me
2619 1536 2675 1581 et
2721 1528 3053 1597 exprobrant
3114 1531 3318 1587 inimici
3375 1534 3480 1588 mei
3533 1549 3618 1603 pro
3657 1536 3704 1588 iis

2183 1611 2226 1667 B
2255 1631 2362 1685 qua
2385 1617 2518 1671 mihi
2546 1619 2843 1689 aliquando
2869 1622 3161 1678 commissa
3187 1633 3335 1691 sunt,
3373 1640 3473 1679 nec
3500 1627 3763 1680 erubescunt

2257 1723 2343 1764 me
2364 1709 2630 1777 justitiam
2667 1713 3114 1783 subsequentem,
3155 1731 3254 1772 nec
3283 1719 3417 1772 dant
3447 1720 3639 1772 veniam
3667 1735 3765 1790 pra-

2254 1802 2434 1858 teritis
2478 1803 2638 1859 malis
2679 1821 2776 1875 pro
2829 1809 3187 1876 praesentibus
3243 1810 3426 1864 bonis.
3487 1809 3661 1865 Verum
3709 1823 3763 1878 ω,

2253 1893 2501 1962 Domine,
2527 1899 2778 1963 quoniam
2810 1902 3162 1967 subsequebar
3195 1902 3484 1968 iustitiam,
3509 1920 3566 1956 ne
3591 1905 3765 1958 derelin-

2250 2004 2382 2058 quas
2403 2007 2506 2055 me,
2535 1987 2760 2044 Domine
2790 1991 2929 2046 Deus
2953 2010 3122 2048 meus.
3155 1997 3220 2051 Et
3245 1999 3361 2052 haec
3390 2013 3487 2051 vox
3513 1999 3763 2054 conﬁtentis

2250 2089 2332 2136 est
2382 2091 2438 2136 et
2486 2084 2917 2138 misericordiam
2965 2086 3296 2156 postulantis
3336 2107 3350 2142 :
3387 2088 3466 2143 Ne
3496 2091 3762 2158 derelinquas

2249 2189 2352 2237 me,
2381 2173 2605 2230 Domine
2636 2175 2775 2230 Deus
2805 2194 2971 2243 meus,
3003 2195 3065 2232 ne
3086 2180 3399 2236 discesseris
3426 2199 3458 2235 a
3489 2200 3577 2236 me.
3607 2182 3652 2236 In
3683 2181 3761 2233 alio

2249 2267 2467 2334 quidem
2498 2268 2709 2339 psalmo
2742 2269 2854 2342 (55)
2879 2272 3010 2325 dicit
3025 2273 3069 2303 ’⁸
3094 2292 3104 2325 :
3134 2272 3394 2340 Spiritum
3417 2287 3632 2329 sanctum
3651 2285 3758 2326 tuum

2248 2375 2311 2412 ne
2343 2360 2559 2429 auferas
2584 2379 2617 2415 a
2657 2378 2757 2416 me.
2798 2362 2854 2418 In
2889 2366 2990 2419 hoc
3021 2366 3152 2420 dicit
3178 2367 3243 2421 ad
3283 2369 3458 2432 ipsum
3499 2368 3675 2423 Deum:
3699 2367 3758 2421 Ns

2245 2451 2549 2506 discesseris
2599 2470 2631 2507 a
2689 2471 2787 2508 me.
2824 2457 2900 2509 Ex
2955 2465 3064 2526 qho
3106 2461 3419 2514 ostenditur
3445 2477 3470 2514 a
3500 2461 3756 2530 quibusdam

2246 2542 2460 2598 meritis
2487 2544 2602 2599 suis
2627 2545 2907 2602 discedere
2935 2547 3128 2614 Deum,
3156 2560 3212 2605 et
3243 2553 3390 2619 apud
3429 2551 3551 2606 alios
3581 2566 3658 2618 pro
3675 2556 3758 2606 suis

2250 2635 2461 2689 meritis
2491 2652 2839 2706 permanere.
2877 2638 3069 2694 Infelix
3100 2651 3278 2696 tamen
3317 2646 3476 2698 homo
3507 2644 3584 2696 ille
3618 2659 3641 2695 a
3679 2657 3757 2710 quo

2244 2724 2560 2781 discesserit
2595 2727 2766 2794 Deus,
2817 2730 3009 2785 beatus
3042 2743 3223 2787 autem
3277 2746 3368 2791 est
3420 2737 3503 2790 ille
3551 2752 3653 2788 cum
3679 2751 3754 2802 quo

2243 2830 2530 2886 permanet
2569 2820 2734 2875 Deus.
2783 2822 3004 2877 Attende
3039 2826 3092 2878 in
3133 2829 3464 2895 adjutorium
3490 2843 3655 2891 meum,
3678 2825 3756 2878 Do-

2242 2911 2415 2977 mine,
2464 2910 2606 2966 Deus
2639 2913 2826 2968 salutis
2870 2931 3020 2970 meaz.
3071 2917 3138 2972 Et
3189 2934 3286 2974 nos
3339 2935 3463 2991 ergo
3503 2934 3682 2976 oremus
3715 2927 3752 2972 et

2245 3003 2488 3056 dicamus
2526 3019 2540 3056 :
2575 3001 2805 3058 Attende
2858 3004 2912 3058 in
2960 3005 3288 3074 adjutoritnu
3346 3025 3516 3064 meum
3559 3007 3750 3077 quoniam

2247 3095 2469 3166 grandis
2498 3105 2585 3149 est
2614 3112 2813 3166 pugna,
2848 3107 2903 3152 et
2946 3109 3196 3167 pOtentes
3225 3110 3359 3155 sunt
3385 3099 3664 3157 adversarii.
3693 3095 3752 3150 ln-

2245 3186 2417 3242 festus
2441 3197 2528 3242 est
2564 3187 2762 3255 hostis,
2803 3189 3096 3246 invisibilis
3126 3193 3386 3250 inimicus
3407 3209 3499 3263 per
3528 3195 3639 3247 istos
3657 3189 3749 3243 visi-

2242 3277 2380 3332 biles
2432 3278 2728 3346 impugnat.
2787 3280 3019 3335 Attende
3063 3298 3190 3352 ergo
3237 3285 3292 3337 in
3341 3284 3634 3353 adjutorium
3680 3295 3747 3334 no-

2243 3379 2440 3434 strum,
2480 3379 2536 3424 et
2583 3371 2778 3438 adjuva
2838 3387 2934 3426 nos
2985 3389 3082 3442 per
3133 3387 3388 3431 sanctum
3443 3377 3611 3430 Filium
3640 3385 3744 3428 tuum

2243 3461 2532 3517 Dominum
2567 3472 2814 3516 nostrum
2844 3462 3031 3518 Jesum
3061 3465 3365 3536 Christum,
3398 3485 3487 3539 per
3513 3484 3645 3538 quem
3664 3483 3744 3519 om-

2239 3568 2338 3608 nes
2372 3568 2472 3607 nos
2501 3553 2803 3617 redemisti,
2839 3571 2934 3624 per
2968 3573 3128 3624 quem
3173 3559 3268 3614 tibi
3301 3561 3467 3631 gloria
3493 3571 3539 3614 et
3562 3566 3741 3629 potestas

2240 3645 2292 3699 in
2321 3645 2516 3700 saecula
2546 3645 2889 3700 saeculorum.
2917 3649 3114 3703 Amen.

2168 2957 2210 3013 C

2807 3855 3096 3909 1ΡΑΛΜΟΣ
3131 3860 3260 3912 AH'.

2322 3945 2678 4015 Ἐκωςοώθην
2720 3946 2820 4000 καὶ
2879 3947 3286 4018 ἐταπεινώθην
3323 3951 3418 4006 καὶ
3456 3951 3672 4020 solrum
3693 3945 3740 4009 ἐξ

2239 4039 2494 4108 ἀγαθῶν,
2527 4057 2581 4093 κ.
2614 4056 2664 4092 τ.
2690 4041 2738 4094 ὲ.
2779 4040 2866 4093 Ἐν
2896 4044 3008 4106 τοῖς
3038 4049 3363 4117 πειρασμοῖς
3390 4044 3492 4116 (56)
3525 4043 3675 4114 φεύγει
3692 4042 3737 4094 1'1

2241 4130 2420 4200 ἀγαθὰ
2450 4129 2508 4196 ἐξ
2531 4131 2708 4202 ἡμῶν,
2743 4132 2834 4185 καὶ
2858 4135 3091 4205 σιωπᾷὴ
3120 4135 3265 4208 ψυχὴ
3295 4138 3355 4202 ἐξ
3385 4137 3565 4192 αὐτῶν.
3583 4136 3737 4189 Ἐκεῖνα

2164 4199 2208 4255 D
2236 4199 2346 4294 γὰρ
2385 4199 2681 4291 φθέγῇέται
2715 4226 2746 4294 ἡ
2778 4223 2922 4296 ψυχὴ
2959 4199 3304 4294 aquatile-iis.“
3337 4199 3437 4284 -καὶ
3471 4229 3622 4298 σιωπᾷ
3645 4227 3672 4280 ἃ
3693 4224 3734 4275 οὐ

2235 4314 2511 4384 γινώσκει.
2561 4316 2764 4385 Ἀγαθὰ
2805 4317 2861 4370 δὲ
2905 4314 3026 4371 εἶπε
3070 4319 3166 4373 νῦν
3203 4321 3304 4386 τὰς
3349 4323 3536 4396 ἀρετὰς
3574 4317 3734 4376 καὶτὰς

2233 4409 2462 4477 γνώσεις
2520 4411 2721 4474 αἵτινες
2762 4413 2820 4465 ἐν
2868 4411 3048 4483 καιρῷ
3096 4416 3403 4487 πειρασμοῦ
3458 4413 3730 4483 διαφεύγουσι

2229 4503 2356 4565 τοὺς
2389 4503 2838 4573 πειραζομένους.

2311 4594 2669 4664 Ἐθερμάνθη
2716 4598 2754 4663 ἡ
2792 4595 3003 4664 καρδία
3027 4617 3148 4667 μου
3183 4600 3358 4666 ἐντός
3379 4617 3508 4670 μου,
3539 4608 3582 4650 tt.
3621 4611 3659 4646 τ.
3694 4591 3725 4642 ές

2227 4685 2462 4740 Δυνατὸν
2495 4685 2593 4756 μὲν
2627 4685 2738 4757 (57)
2773 4686 2866 4739 τοῦ
2900 4689 2997 4760 τῆς
3024 4689 3194 4762 ὀργῆς
3211 4690 3519 4753 ἐπιστάντος
3544 4687 3726 4756 δαίμονά

2235 4775 2310 4848 μὴ
2338 4777 2677 4848 ὁργῑσθῆντιι,
2705 4778 2962 4834 ἀδύνατον
2984 4782 3043 4835 δὲ
3071 4784 3210 4855 τάχα
3243 4787 3314 4857 μὴ
3349 4781 3678 4855 θερμανθῆναι.

2305 4870 2616 4940 Γνώρισόν
2654 4890 2785 4942 μοι,
2821 4877 3026 4944 Κύριε,
3075 4879 3141 4932 τὸ
3182 4880 3363 4948 πέρας
3389 4896 3530 4949 μου,
3557 4892 3602 4926 κ.
3629 4887 3666 4922 τ.
3691 4866 3723 4918 ἑ.

2154 5031 2204 5078 L,
2245 5015 2330 5069 l5.

2272 5151 2620 5238 ιεστηκότωχ,
2664 5153 2973 5238 ¹εὶνιθριίζπξων
3018 5175 3076 5211 τε
3130 5159 3376 5238 πονηρῶν
3418 5159 3501 5211 καὶ
3533 5151 3720 5238 [aopwa

2229 5171 2620 5276 gtscrnxorwv,
2671 5171 2973 5226 ανυρωπων
3018 5175 3076 5211 τε
3130 5177 3376 5282 πονἊρων
3418 5171 3501 5211 και
3537 5171 3720 5238 caput!“

2243 5223 2545 5297 _uva’rp.s_wv,_
2562 5223 2812 5297 βαηθεξας
2843 5227 3048 5297 (δέομαι.
3081 5229 3194 5283 Οὐκ
3219 5231 3254 5284 ἄ
3285 5231 3429 5283 λοθεν
3450 5229 3500 5281 δὲ
3530 5221 3722 5297 pou-Osis»;

2230 5292 2478 5374 ἁπαιὲῷ,
2520 5292 2552 5363 ἢ
2600 5294 2750 5362 παρὰ
2791 5295 2904 5374 σρῦ,
2935 5292 3110 5374 Κύριε
3133 5317 3147 5330 ·
3182 5303 3244 5353 σὺ
3273 5301 3376 5370 γὰρ
3407 5300 3490 5374 καὶ
3521 5292 3719 5374 ξοεδς⁹¹τῆς

2230 5316 2478 5356 amne),
2520 5316 2552 5363 η
2600 5316 2750 5362 παρα
2791 5316 2904 5360 σου,
2941 5316 3110 5400 Λυὶριε
3133 5317 3147 5330 ·
3182 5316 3244 5353 συ
3273 5316 3376 5370 γαρ
3407 5316 3490 5352 και
3521 5316 3715 5374 σεοςῇῙὺ

2230 5365 2501 5487 σιὲυτηρίας
2539 5379 2638 5434 μου
2672 5367 2975 5437 τυγχάνεις.
3009 5370 3286 5441 ,λυτηρίας
3310 5371 3365 5425 δὲ
3391 5367 3550 5430 Θεὸςό
3570 5371 3719 5424 eam;

2230 5450 2264 5487 α
2287 5452 2420 5487 stoc.

2229 5450 2420 5488 αιτιος.

2299 5453 2420 5581 ἷέοὲἱ
2462 5505 2559 5581 Ἐν
2594 5507 2718 5581 τοῖς
2750 5511 3130 5581 πειρασμοῖς,
3157 5522 3264 5567 etc.
3293 5508 3502 5581 Schedtn
3527 5499 3692 5559 Grabii.

2301 5574 2413 5647 (57)
2448 5574 2717 5636 Δυνατὸέ
2738 5574 2877 5652 per,
2906 5574 3013 5642 etc.
3041 5574 3224 5642 Codex
3249 5579 3596 5640 Coislinianus.

3009 5370 3286 5441 Σωτηρίας
