3970 6160
316 212 480 302 ἰδδθ

1230 248 1537 306 SELECTA
1574 251 1643 306 IN
1682 247 2009 309 PSALMOS.
2050 277 2117 289 --
2151 243 2351 302 PSAL.
2393 242 2683 302 XXXVIII.

3428 224 3570 306 'tsao

336 358 522 429 Πέρας
562 357 678 411 ἐστὶ
856 359 957 431 τῆς
997 360 1218 433 λογικῆς
1256 364 1529 438 φύσεωςή
1570 367 1768 437 γνῶσις
1808 373 1899 442 τῆς

2009 361 2158 418 Finis
2187 361 2523 418 rationabilis
2571 369 2779 417 naturae
2828 367 2913 417 est
2959 362 3195 434 cognitio
3222 372 3422 421 sanctae
3452 366 3573 421 Tri-
3632 359 3654 437 ἰ

335 447 502 514 ἁγίας
532 444 776 516 Τριάδος.
1182 496 1194 513 .

407 538 585 607 Πλὴν
612 540 684 594 τὰ
713 543 1037 611 σύμπαντα
1071 548 1427 615 ματαιότης,
1460 548 1579 614 πᾶς
1600 549 1907 618 ἄνθρωπος

333 628 481 696 ζῶον,
528 648 583 685 κ.
621 648 672 685 τ.
712 632 758 684 ὲ.
813 633 893 687 Τὰ
934 636 1220 706 σωματικὰ
1250 637 1360 709 (59)
1391 640 1567 693 πάντα
1612 642 1907 712 ματαιότης

332 723 510 786 ἐστὶν,
540 724 574 794 ἡ
613 723 719 796 γὰρ
744 723 1033 796 ἀσώματος
1064 727 1224 797 φύσις
1261 729 1381 783 κατ’
1409 731 1593 785 εἰκόνα
1618 733 1906 804 γεγένηται

331 812 495 868 Θεοῦ.

406 905 694 976 Μέντοιγε
744 907 815 961 ἐν
862 911 1049 964 εικόνι
1104 910 1514 984 διαπορεύεται
1561 916 1869 985 ἄνθρωπος
1887 956 1904 983 ,

332 1012 389 1049 κ.
420 1014 473 1050 τ.
506 998 557 1050 ὲ.
590 1000 703 1061 Πᾶς
731 999 1014 1074 ἄνθρωπος
1051 1002 1163 1072 (60)
1193 1004 1300 1069 ζῶν
1328 1007 1386 1059 ὲν
1423 1006 1590 1059 εἰκόνι
1621 1005 1908 1079 διαπορεύ-

332 1102 483 1154 εται,
518 1089 635 1159 ἦτοι
679 1090 772 1144 τοῦ
819 1092 954 1146 Θεοῦ
983 1094 1164 1166 τηρῶν
1204 1096 1267 1149 τὸ
1298 1099 1419 1152 κατ’
1465 1100 1679 1166 εἰκόνα,
1724 1100 1906 1155 καὶτὸ

334 1180 668 1251 προκόπτειν
694 1184 773 1247 εὶς
798 1184 1127 1256 τελειότητα,
1157 1187 1477 1260 σύμμορφος
1498 1191 1786 1262 γενόμενος
1808 1192 1907 1264 τῆς

334 1274 549 1339 εἰκόνος
577 1275 735 1343 Θεοῦ,
764 1277 796 1349 ῆ
837 1279 996 1333 ἄλλου
1024 1280 1170 1345 τινὸς
1197 1282 1358 1350 (dion,
1393 1285 1559 1350 ἵππος
1594 1285 1907 1360 θηλυμανὴς

333 1362 371 1431 ἢ
410 1363 542 1419 ἄλλο
567 1383 619 1421 τι
647 1367 837 1437 ἄλογον
860 1370 1000 1424 κατὰ
1031 1372 1093 1426 τὸ
1114 1368 1244 1443 ἦθος
1266 1375 1567 1446 γινόμενος.

409 1560 522 1614 Καὶ
548 1560 664 1615 νῦν
691 1561 781 1628 τίς
815 1561 855 1629 ἠ
890 1557 1160 1630 ὑπομονὴ
1185 1573 1345 1628 μου;
1373 1576 1426 1613 κ.
1462 1574 1512 1610 τ.
1547 1558 1595 1610 ἑ.
1620 1554 1690 1608 Σύ
1718 1571 1809 1626 μοι
1839 1553 1899 1605 τὸ

337 1651 597 1706 δύνασθαι
625 1650 735 1724 (61)
765 1653 950 1725 φέρειν
977 1652 1283 1723 κεχάρισαι·
1314 1649 1373 1702 τὸ
1409 1648 1571 1721 μηδὲν
1603 1647 1661 1714 ἐξ
1691 1647 1899 1720 ἀνθρω-

2015 454 2219 509 uitatis.

2084 543 2244 600 Vens.
2280 543 2333 598 6.
2385 543 2552 616 690
2606 543 2975 601 Verumtamen
3023 545 3272 601 universa
3324 548 3571 614 uanitas,

2011 638 2180 690 omnis
2212 637 2367 690 homo
2400 638 2592 701 uiuens,
2610 645 2717 692 etc.
2748 637 2888 691 Sunt
2916 637 3165 692 universa
3190 650 3450 708 corporea
3476 655 3573 692 va-

2011 728 2153 782 nitas
2182 745 2198 781 :
2230 742 2356 782 nam
2386 727 2704 799 incorporea
2736 738 2925 783 natura
2953 728 3249 784 secundum
3283 729 3572 801 imaginem

2010 816 2104 871 Dei
2140 815 2278 871 facta
2303 824 2407 874 est.

2091 903 2456 959 Verumtamen
2506 906 2562 960 in
2613 905 2839 977 imagine
2880 910 3169 977 pertransit
3223 908 3412 977 homo,
3458 917 3568 966 etc.

2008 994 2199 1051 Omnis
2231 997 2390 1052 homo
2416 996 2606 1052 vivens
2630 998 2685 1051 in
2709 997 2945 1068 imagine
2964 1000 3275 1069 pertransit,
3305 1001 3420 1056 sive
3440 1000 3569 1057 illud

2008 1088 2149 1157 quod
2183 1087 2276 1142 Dei
2299 1095 2381 1143 est
2404 1088 2472 1142 ad
2505 1088 2792 1159 imaginem
2814 1099 2995 1145 servet
3015 1099 3070 1146 et
3092 1091 3160 1145 ad
3182 1090 3568 1160 perfectionem

2009 1177 2281 1245 proﬁciat,
2297 1179 2593 1236 conformis
2619 1179 2794 1237 factus
2812 1181 3034 1253 imagini
3067 1182 3184 1249 Dei,
3206 1183 3320 1238 sive
3348 1183 3571 1241 alterius

2008 1267 2306 1340 cujuspiam
2360 1271 2626 1338 animalis,
2658 1273 2784 1329 dum
2824 1289 2998 1343 equus
3036 1264 3425 1342 admissarius,
3484 1275 3571 1332 vel

2009 1362 2157 1418 aliud
2187 1363 2463 1434 quidpiam
2486 1364 2705 1421 brutum
2725 1365 2925 1421 animal
2954 1368 3199 1424 moribus
3224 1367 3480 1425 edicitur.

2076 1542 2243 1601 Vsus.
2283 1544 2340 1603 8.
2372 1545 2445 1601 Et
2482 1563 2618 1603 nunc
2649 1564 2768 1619 qute
2814 1556 2893 1605 est
2930 1552 3251 1621 exspectatio
3277 1568 3393 1615 mea
3414 1553 3441 1607 2
3462 1561 3569 1623 etc.

2006 1637 2086 1693 Tu
2114 1641 2244 1695 mihi
2277 1647 2333 1694 ut
2365 1638 2508 1696 ferre
2548 1656 2761 1712 possem
2796 1642 3023 1714 largitus
3055 1659 3137 1709 es,
3183 1646 3256 1700 ita
3287 1656 3346 1702 ut
3369 1661 3438 1701 es
3465 1647 3570 1702 hn-

338 1746 502 1816 πίνης
542 1744 822 1808 ἀσθενείας
856 1747 1026 1798 εἰπεῖν
1058 1761 1111 1797 τι
1138 1743 1172 1815 ἢ
1203 1742 1417 1812 δρᾶσαι.
1453 1742 1525 1794 Σὺ
1552 1739 1609 1793 δὲ
1642 1740 1736 1793 καὶ
1775 1756 1899 1793 παι-

2007 1745 2168 1786 mana
2195 1730 2512 1787 inﬁrmitate
2539 1732 2677 1788 nihil
2710 1733 2945 1789 dicerem
2975 1734 3061 1789 vel
3084 1734 3344 1793 facerem.
3371 1735 3453 1791 Tu
3483 1752 3570 1795 me

334 1832 530 1897 δεύσας
578 1834 872 1906 ὑποστῆναὶ
899 1850 965 1904 με
997 1833 1091 1886 καὶ
1116 1832 1302 1904 φέρειν
1336 1831 1614 1902 ἐποίησας.
1663 1830 1720 1883 '0
1750 1828 1903 1895 εἰδὼς

335 1918 436 1991 τὴν
467 1920 662 1974 πλάσιν
694 1939 816 1992 μου,
851 1923 943 1975 καὶ
973 1923 1069 1992 τὴν
1094 1921 1375 1976 ἀσθένειαν
1400 1918 1691 1989 σύγγνωθι.

412 2012 675 2080 Ὀνειδος
704 2013 917 2082 ἄφρονι
952 2012 1179 2080 ἔδωκάς
1207 2030 1316 2083 με,
1368 2031 1424 2066 κ.
1475 2024 1525 2067 τ.
1576 2014 1623 2065 ὲ.
1663 2013 1905 2085 Ἀφρονά

328 2119 501 2174 φησιν
531 2103 665 2176 (62),
694 2104 750 2158 ὃν
779 2106 870 2158 καὶ
902 2104 1112 2175 φθάσας
1138 2104 1461 2177 ἁμαρτωλὸν
1484 2105 1691 2177 εἴρηκε.
1720 2106 1905 2176 Παρα-

325 2194 515 2249 δίδωσι
546 2194 605 2249 δὲ
639 2198 668 2249 ὁ
699 2196 830 2260 Θεὸς
861 2199 939 2260 εἰς
971 2196 1304 2267 ὀνειδισμὸν,
1354 2197 1490 2269 πρὸς
1522 2195 1902 2268 ἐξομολόγησιν

329 2285 589 2357 μείζονα·
623 2287 763 2359 ὅπερ
806 2287 947 2353 ἀξιοῖ
987 2288 1061 2360 μὴ
1090 2288 1283 2341 παθεῖν
1325 2290 1356 2343 ό
1398 2287 1572 2343 ταῦτα
1602 2288 1795 2357 λέγων,
1826 2287 1903 2352 ὡς

324 2378 423 2449 ἀφ’
461 2378 653 2433 ἑαυτοῦ
683 2379 1167 2451 ἐξομολογούμενος
1196 2377 1337 2434 κατὰ
1364 2379 1426 2434 τὸ
1452 2379 1639 2434 δοκοῦν
1666 2379 1744 2451 τῷ
1760 2378 1900 2450 Θεῷ.

412 2559 765 2630 Ὲκωφὼθην
794 2560 892 2615 καὶ
927 2561 1039 2614 οὐκ
1069 2558 1283 2629 ἧνοιξα
1320 2557 1387 2613 τὸ
1423 2558 1617 2627 στόμα
1649 2574 1786 2629 μου,
1814 2557 1903 2612 ὅτι

321 2653 411 2707 σὺ
455 2652 767 2720 ἐποίησας,
800 2668 855 2705 κ.
884 2669 934 2704 τ.
963 2653 1011 2705 ὲ.
1042 2649 1274 2704 Δύναται
1304 2649 1398 2703 καὶ
1429 2649 1590 2703 τοῦτο
1610 2649 1721 2721 (65)
1762 2648 1902 2702 οὕτω

320 2743 590 2798 νοεῖσθαι·
630 2742 901 2799 Οὐδέποτὲ
934 2758 1015 2795 σοι
1046 2742 1122 2807 ὼς
1151 2741 1300 2795 ἄλλοι
1329 2740 1583 2812 προσῆψα
1630 2741 1707 2805 ὡς
1744 2741 1900 2811 αἰτίῳ

321 2835 430 2898 τὰς
464 2833 603 2904 ὲμὰς
626 2833 871 2904 ἀνομίας.
905 2833 1000 2897 Εἰς
1024 2831 1179 2887 τοῦτο
1206 2830 1315 2902 γὰρ
1342 2831 1594 2885 οὐδέποτε
1632 2832 1694 2884 τὸ
1728 2830 1899 2902 στόμα

325 2944 438 2999 μου
466 2925 673 2998 ἡνοιξα,
695 2924 809 2978 ἀλλ’
838 2925 1156 2995 ὲκωφώοην.

402 3020 539 3073 Ὀτι
585 3018 870 3087 πάροικος
905 3018 1020 3089 ἐγώ
1056 3020 1171 3088 ειμι
1196 3017 1267 3072 ἐν
1300 3015 1378 3086 τῇ
1404 3015 1483 3086 τῇ
1517 3015 1616 3069 καὶ
1645 3014 1895 3084 παρεπί-

309 3112 555 3181 ὂημος,
601 3085 795 3177 καθὼς
831 3085 1052 3177 adurere
1084 3085 1138 3166 οἱ
1184 3085 1433 3178 πατέρες
1455 3126 1610 3179 μου,
1652 3126 1706 3163 κ.
1750 3126 1804 3164 τ.
1846 3111 1895 3163 ἑ.
1924 3085 1967 3145 C

322 3202 407 3256 Ὁ
441 3202 698 3266 πολλάκις
727 3202 893 3256 εἰπὼν
927 3200 1072 3274 (64),
1098 3219 1118 3253 ‹
1141 3202 1287 3275 Πλὴν
1330 3202 1622 3274 ματαιότης
1662 3203 1769 3268 πᾶς
1808 3203 1900 3257 άν-

316 3293 346 3347 θ
364 3309 552 3365 ρωπος
569 3335 585 3360 ,
612 3312 631 3345 ι
671 3292 921 3363 ὁμολογεῖ
947 3293 1205 3364 πάροικος
1234 3288 1373 3346 εἶναι
1394 3331 1411 3356 ,
1446 3292 1639 3365 ἑτέραν
1669 3292 1727 3347 δὲ
1756 3291 1899 3365 ζωὴν

318 3384 650 3455 ἀναψύξεως
676 3381 807 3450 οἶδε,
838 3384 932 3438 καὶ
972 3383 1110 3456 μετὰ
1138 3382 1383 3454 δακρύων
1414 3383 1643 3438 ἱκετεύει
1674 3385 1897 3439 σπάνιον

322 3475 479 3531 κατὰ
509 3478 634 3539 τοὺς
663 3477 902 3549 πατέρας
933 3478 1191 3548 πάροικον
1217 3471 1355 3530 εἶναι
1373 3515 1389 3542 ,
1419 3476 1514 3530 καὶ
1548 3480 1622 3548 μὴ
1672 3477 1896 3531 ἐνοικεῖν

325 3571 400 3642 τῇ
431 3568 678 3641 παρούσῃ
712 3567 846 3640 ζωῇ.
889 3568 1013 3622 Ἐὰν
1041 3564 1166 3635 οὖν,
1207 3569 1358 3641 φησὶ,
1398 3571 1473 3641 μὴ
1508 3571 1651 3642 ἀφῇς
1680 3589 1769 3642 μοι
1795 3573 1895 3645 τὴν

327 3660 609 3732 ἁμαρτίαν
625 3699 641 3725 ,
680 3660 775 3713 καὶ
798 3659 1053 3727 άναψύξω
1082 3661 1211 3731 πρὶν
1235 3660 1489 3716 ἀπελθεῖν
1510 3664 1646 3727 ἐκεῖ,
1669 3664 1768 3734 ούχ
1791 3663 1896 3730 ἔξω

333 3750 624 3822 μετανοίας
647 3750 854 3823 καιρὸν,
880 3751 1001 3804 οὐδὲ
1030 3749 1254 3823 ὑπάρξω
1282 3754 1340 3806 ὲν
1370 3755 1436 3824 τῇ
1468 3753 1617 3825 παρὰ
1648 3754 1730 3807 σοὶ
1759 3754 1893 3825 ζωῇ.

332 3843 408 3895 ’Ἦ
429 3882 445 3907 ,
486 3843 561 3907 ὡς
604 3843 703 3914 οὐχ
741 3843 1092 3915 ὑπαρχόντων
1166 3844 1534 3917 ἁμαρτωλῶν,
1577 3844 1789 3900 ἔσονται
1821 3845 1898 3910 ὡς

332 3935 436 3987 οὐκ
466 3934 634 3999 ὄντες.

412 4025 521 4080 Τοῦ
539 4026 745 4082 αὐτοῦ.
772 4028 980 4094 Πάντες
998 4030 1047 4083 οἱ
1072 4029 1178 4083 τῶν
1202 4028 1312 4101 (65)
1331 4029 1553 4085 δικαίων
1576 4030 1653 4093 ὡς
1671 4028 1897 4084 δικαίων

339 4116 590 4189 πατέρες,
620 4120 871 4191 πάροικοι
894 4123 1002 4175 εἰσι
1028 4124 1120 4176 καὶ
1144 4123 1531 4195 παρεπίδημοι,
1556 4121 1715 4177 σκιὰν
1735 4122 1900 4194 ἡγού-

339 4223 491 4278 μενοι
514 4210 604 4265 τὸν
635 4212 748 4281 βίον
768 4212 861 4267 τὸν
892 4214 984 4266 ἐπὶ
1009 4214 1110 4286 τῆς
1138 4214 1261 4287 γῆς.

433 4347 521 4416 38)
548 4348 737 4415 Πέρας
762 4349 918 4416 ἐστι,
945 4362 1050 4408 etc.
1077 4352 1243 4407 Idem.

303 4440 328 4456 ελ
409 4416 521 4488 (59)
556 4421 631 4471 Τὰ
663 4420 988 4488 σωματικά,
1017 4432 1126 4478 etc.
1151 4421 1316 4476 Idem.

412 4488 524 4558 (60)
548 4488 675 4556 Πᾶς
711 4490 1038 4558 ἅνθρωπος,
1074 4500 1181 4546 etc.
1237 4492 1439 4547 Catena
1480 4488 1750 4557 Corderii,
1800 4488 1895 4544 sed

338 4556 580 4631 pleniOra
613 4560 774 4613 habet
810 4556 1014 4616 Catena
1043 4561 1268 4617 Barbari
1296 4580 1310 4615 :
1336 4561 1521 4618 Omnis
1548 4563 1702 4616 homo
1722 4559 1895 4631 uiuens

337 4627 395 4700 in
423 4629 647 4696 imagine
677 4632 987 4700 pertransit,
1021 4632 1099 4685 vel
1129 4644 1386 4700 quatenus
1417 4632 1472 4686 id
1503 4640 1677 4685 servat
1715 4627 1765 4683 et
1814 4645 1897 4682 re-

338 4696 465 4771 t_in_et
494 4700 630 4771 quod
660 4696 733 4751 est
748 4700 831 4771 ad
846 4697 950 4771 De'i
978 4696 1280 4770 imaginem,
1329 4703 1417 4771 qui
1447 4701 1733 4771 pertransit
1776 4716 1896 4766 pro~

338 4720 463 4748 siuet
494 4720 629 4767 quoa
660 4720 733 4751 est
762 4720 831 4751 aa
858 4720 949 4753 uet
978 4720 1280 4770 imaginem,
1365 4720 1417 4755 ut
1447 4720 1733 4771 pertransit
1776 4720 1896 4766 pro.

335 4765 581 4841 ﬁciendo,
613 4777 714 4841 nec;
739 4769 794 4841 in
820 4769 1024 4841 (έὶιήηοΔ
1048 4771 1274 4841 imagine
1317 4720 1467 4841 19am,
1516 4786 1635 4825 cum
1673 4773 1751 4841 sit
1777 4785 1898 4822 con-

336 4835 521 4912 Ῑρῖηιίρ
555 4837 772 4912 intagt'tti
810 4836 947 4912 Filii
987 4839 1123 4905 Dei;
1155 4835 1253 4894 ’τοι
1299 4835 1555 4912 quatenus
1592 4839 1896 4912 similis__est

337 4906 502 4982 alicui
542 4906 781 4982 aniniali,
816 4907 896 4962 vel
917 4926 1078 4982 _equo
1124 4906 1321 4964 amore'
1345 4911 1562 4982 furenti,
1600 4912 1679 4965 vel
1711 4907 1899 4964 bellua:

335 4975 499 5027 alicui
536 4975 684 5044 cujus
716 4994 881 5031 mores
910 4975 1161 5032 imitetur.

406 5044 521 5117 (b‘l)
552 5046 637 5100 Σύ
659 5064 762 5117 μοι
795 5048 863 5102 τὸ
890 5048 1203 5116 δύνασθαι,
1242 5059 1349 5106 etc.
1377 5051 1576 5107 Catena
1602 5047 1870 5106 Corderii.

406 5115 522 5186 (6‘2)
556 5115 811 5186 Ἀφρονὰ
835 5135 1045 5187 φησιν,
1080 5131 1184 5175 etc.
1220 5121 1440 5177 Eadem.

404 5187 520 5257 (65)
546 5190 796 5242 Δύναται
827 5188 924 5244 καὶ
950 5188 1145 5253 τοῦτο,
1183 5201 1288 5246 etc.
1317 5190 1541 5246 Eadem.

404 5258 520 5329 (64)
560 5258 614 5311 '0
650 5259 945 5325 πολλάκις
989 5259 1189 5325 εἰπών,
1252 5270 1357 5316 etc.
1403 5260 1625 5315 Eadem.
1657 5259 1715 5314 In
1749 5260 1893 5315 hunc

338 5342 517 5388 autem
542 5343 754 5384 versum
781 5330 926 5384 aliud
951 5330 1193 5385 scholion
1218 5332 1381 5387 habet
1400 5330 1601 5388 Catena
1632 5330 1888 5385 Barbari:

325 5404 539 5467 Causas
563 5410 765 5464 narrat,
794 5401 979 5471 quibus
1009 5400 1107 5455 Dei
1145 5403 1503 5456 misericordia
1530 5402 1716 5471 dignus
1740 5399 1892 5453 homo

335 5471 529 5522 censeri
570 5471 773 5527 debeat.
804 5468 962 5540 'Quis
1018 5475 1154 5526 enim
1191 5484 1263 5527 est
1299 5473 1388 5543 qui
1446 5468 1672 5527 insulam
1736 5484 1889 5524 suum

2005 1821 2276 1877 sustinere
2296 1822 2535 1877 docuisti
2584 1835 2650 1878 ac
2679 1822 2826 1878 ferre
2862 1823 3059 1880 iecisti.
3098 1823 3232 1880 Cum
3259 1826 3475 1883 noveris
3499 1827 3567 1882 li-

2003 1922 2280 1985 gmentum
2308 1930 2509 1982 meum,
2535 1916 2698 1972 etiam
2728 1916 3083 1973 imbecillitati
3115 1918 3354 1989 ignosce.

2073 2004 2241 2061 Vens.
2273 2005 2327 2063 9.
2371 2004 2718 2076 Opprobrium
2763 2008 3031 2076 insipienti
3075 2010 3271 2066 dedisti
3306 2027 3407 2076 me,
3454 2021 3565 2069 etc.

2004 2097 2347 2169 lnsipientem
2373 2109 2549 2165 vocat,
2576 2115 2735 2170 quem
2771 2109 2928 2157 antea
2955 2111 3295 2171 peccatorem
3325 2105 3567 2176 appella-

2002 2199 2174 2246 verat.
2219 2189 2410 2246 Tradit
2439 2201 2616 2246 autem
2647 2191 2789 2247 Deus
2816 2193 2870 2247 in
2904 2193 3254 2263 opprobrium
3296 2196 3365 2250 ad
3398 2195 3562 2266 majo-

2004 2298 2119 2338 rem
2152 2281 2597 2339 confessionem:
2635 2283 2778 2354 quod
2826 2297 2896 2339 ne
2930 2284 3030 2354 ipsi
3088 2287 3321 2351 accidat,
3374 2287 3569 2354 depre-

2002 2383 2156 2429 catur
2179 2375 2224 2430 is
2259 2375 2349 2444 qui
2385 2375 2502 2429 haec
2549 2373 2700 2441 dicit,
2730 2383 2915 2445 utpote
2943 2386 3137 2446 sponte
3158 2391 3255 2433 sua
3287 2376 3568 2457 confessu-

2002 2482 2094 2523 rus
2121 2467 2417 2523 secundum
2453 2465 2848 2536 beneplacitum
2881 2467 2999 2523 Dei.

2071 2558 2237 2614 Vens.
2267 2558 2357 2613 10.
2393 2557 2642 2613 Obmutui
2669 2570 2717 2613 et
2748 2575 2853 2614 non
2881 2558 3066 2628 aperui
3109 2575 3170 2615 os
3210 2575 3406 2630 meum,
3434 2578 3569 2635 qua-

2001 2650 2143 2705 niam
2171 2661 2227 2704 tu
2253 2649 2445 2720 fecisti,
2470 2658 2577 2705 etc.
2608 2649 2792 2705 Potest
2824 2659 2881 2704 et
2906 2649 3034 2706 illud
3062 2651 3144 2708 sic
3170 2652 3396 2724 intelligi
3425 2654 3568 2711 :Ne-

1999 2757 2270 2814 quaquam
2322 2743 2416 2797 tibi
2458 2751 2517 2797 ut
2550 2737 2758 2798 auctori
2801 2742 3116 2814 iniquitates
3150 2758 3300 2802 meas
3336 2744 3564 2818 ascripii

1999 2845 2058 2890 ut
2082 2835 2171 2889 alii
2204 2835 2470 2891 fecerunt.
2515 2836 2597 2892 Ad
2646 2835 2750 2891 hoc
2790 2836 2935 2892 enim
2988 2853 3262 2910 nunquam
3292 2854 3355 2897 os
3382 2855 3562 2899 meum

2000 2925 2208 2998 aperui,
2247 2927 2343 2983 sed
2375 2928 2644 2983 obmutui.

2070 3016 2233 3074 Vens.
2274 3020 2363 3076 l3.
2402 3017 2669 3085 Quoniam
2709 3020 2915 3074 advena
2955 3037 3049 3092 ego
3087 3037 3202 3077 sum
3243 3024 3301 3078 in
3341 3035 3483 3081 terra
3514 3038 3565 3083 et

2000 3111 2322 3182 peregrinus,
2353 3111 2492 3165 sicut
2529 3127 2708 3165 omnes
2748 3122 2922 3181 patres
2949 3113 3071 3182 mei,
3112 3123 3219 3170 etc.
3262 3116 3364 3183 Qui
3396 3132 3567 3188 smpe-

2002 3217 2227 3256 nnmero
2264 3201 2434 3268 dixit,
2475 3200 2840 3257 Verumtamen
2885 3205 3094 3259 uanitas
3146 3208 3316 3262 omnis
3371 3209 3563 3277 homo,

2002 3295 2205 3349 fatetur
2235 3306 2294 3349 se
2325 3294 2586 3349 advenam
2616 3309 2771 3359 esse;
2811 3294 3040 3351 alteram
3070 3306 3252 3373 autem
3275 3299 3567 3371 refrigera-

2003 3382 2163 3437 tionis
2200 3383 2367 3437 vitam
2413 3384 2596 3449 novit,
2653 3394 2712 3439 et
2759 3398 2883 3440 cum
2929 3384 3180 3457 lacrymis
3215 3401 3468 3458 precatur
3506 3405 3568 3449 ut

2003 3490 2160 3530 rarus
2192 3476 2264 3531 sit
2294 3477 2592 3531 secundum
2647 3484 2831 3545 patres
2866 3477 3112 3546 advena,
3160 3489 3216 3535 et
3263 3495 3368 3537 non
3405 3483 3565 3540 inha-

1999 3567 2136 3622 bitet
2184 3568 2347 3622 vitam
2399 3577 2740 3637 praesentem.
2799 3567 2912 3636 Nisi
2973 3569 3167 3638 igitur,
3218 3572 3429 3642 inquit,
3484 3574 3568 3630 di?-

2000 3661 2214 3716 miseris
2253 3662 2383 3717 mihi
2420 3672 2726 3731 peccatum,
2773 3672 2829 3718 et
2872 3663 3226 3735 refrigeratus
3268 3665 3422 3724 fuero
3467 3687 3568 3727 an-

2001 3761 2215 3821 tequam
2248 3767 2315 3808 eo
2351 3753 2573 3821 vadam,
2596 3769 2703 3808 non
2739 3754 2952 3810 habebo
2989 3765 3197 3826 tempus
3240 3761 3561 3832 paenitendi,
3647 3770 3653 3775 ‘

1992 3857 2177 3911 neque
2209 3843 2265 3898 in
2296 3843 2407 3898 vita
2444 3844 2533 3898 illa
2568 3844 2709 3912 apud
2745 3853 2798 3901 te
2847 3861 3022 3916 agam.
3058 3846 3156 3902 Vel
3178 3889 3193 3913 ,
3242 3853 3398 3920 quasi
3454 3870 3563 3910 nou

2002 3931 2267 3989 exsistant
2285 3938 2621 4001 peccatores,
2652 3940 2817 3987 erunt
2840 3936 2997 4002 quasi
3025 3950 3134 3989 non
3162 3935 3295 3992 sint.

2070 4020 2346 4091 Ejusdem.
2395 4020 2598 4077 Omnes
2634 4021 2905 4090 iustorum
2948 4031 3010 4077 ut
3055 4022 3328 4093 iustorum
3379 4035 3563 4095 patres

2002 4114 2223 4169 advenae
2254 4123 2382 4168 sunt
2412 4122 2465 4169 et
2495 4112 2798 4182 peregrini,
2832 4113 3078 4170 umbram
3130 4123 3444 4186 reputantes
3481 4118 3565 4171 vi-

2004 4214 2112 4260 tam
2152 4221 2273 4275 quae
2302 4215 2386 4261 est
2410 4221 2572 4274 super
2599 4215 2823 4260 terram.

1928 4353 1974 4413 ι’»
2002 4359 2104 4398 non
2155 4342 2509 4414 misericordia
2541 4346 2927 4414 prosequatur?
2962 4342 3069 4399 Sed
3094 4361 3190 4399 cur
3236 4347 3436 4414 incola,
3467 4357 3561 4403 aut

2001 4415 2197 4485 advena
2243 4412 2396 4485 Itomo
2439 4423 2516 4466 est
2534 4412 2569 4464 ’2
2608 4411 2871 4485 Quoniam
2903 4415 3114 4483 quando
3136 4415 3357 4485 jusserit
3392 4411 3554 4484 Deus,

1999 4482 2158 4552 homo
2212 4482 2401 4550 migrat
2454 4492 2703 4552 tanquam
2756 4483 2820 4536 de
2848 4482 3004 4538 domo
3033 4485 3092 4538 in
3131 4482 3344 4551 domum
3370 4487 3436 4540 ab
3464 4482 3561 4541 hoc

1998 4550 2191 4625 steculo
2216 4553 2273 4605 in
2290 4550 2836 4625 futurum.‘Cteterum
2856 4569 2961 4625 non
2986 4550 3410 4625 ἐπιδημος,ᾳιιοά
3432 4557 3563 4610 sim-

1997 4622 2203 4692 pliciter
2243 4621 2569 4700 peregrinum
2609 4631 2789 4704 sonat,
2835 4623 2926 4702 sed
2972 4621 3351 4696 παρεπιδημον
3401 4627 3561 4682 dixit.

2002 4689 2135 4759 Nam
2192 4692 2427 4759 quandtn
2484 4705 2680 4759 corpus
2736 4690 3024 4747 Incoltmns
3057 4733 3073 4759 ,
3122 4695 3561 4759 quemadmodum

2002 4705 2135 4745 Nam
2192 4705 2427 4771 quanam
2484 4705 2680 4772 corpus
2736 4705 3073 4774 incolimus,
3122 4705 3561 4762 quemadmodum

2004 4758 2208 4814 Paulus
2255 4768 2355 4824 ait,
2397 4774 2806 4830 peregrmamur
2852 4775 2882 4814 a
2914 4762 3165 4819 Domino.
3208 4761 3360 4818 Unde
3390 4767 3564 4821 sancti

1994 4830 2116 4883 hinc
2143 4830 2401 4898 emigrare
2432 4830 2773 4904 festinarunt,
2794 4840 2850 4884 ut
2885 4848 3002 4886 cum
3029 4833 3140 4888 Deo
3162 4832 3558 4904 inhabitarent,

1997 4915 2131 4970 quos
2153 4910 2326 4965 patres
2356 4915 2499 4964 suos,
2530 4917 2637 4954 non
2674 4900 2839 4970 juxta
2873 4917 3082 4957 carnem
3115 4912 3340 4965 tantum,
3374 4904 3465 4959 sed
3496 4900 3559 4958 ob

1993 4969 2429 5043 simile_s_virtutes
2466 4969 2719 5043 propheta
2748 4973 3058 5043 nominavit.
3090 4973 3158 5027 Et
3186 4973 3418 5043 amplius
3449 4990 3557 5028 non

1995 5053 2113 5094 ero.
2147 5038 2289 5092 Nam
2319 5038 2680 5107 peccatoribus
2703 5041 2915 5110 perinde
2958 5058 3023 5096 ac
3044 5058 3144 5096 non
3170 5038 3297 5109 sint,
3329 5043 3559 5098 dicitur:

1993 5119 2432 5182 erunttanquam
2455 5109 2547 5178 qui
2579 5124 2683 5163 non
2715 5122 2865 5164 sunt.
2894 5110 2964 5165 Et
2991 5129 3012 5164 :
3034 5128 3097 5167 ea
3123 5128 3244 5182 quae
3275 5127 3381 5167 non
3409 5126 3557 5178 sunt,

1996 5178 2209 5249 vocavit
2240 5179 2400 5241 Deus,
2437 5188 2692 5249 tanquam
2727 5194 2791 5234 ea
2820 5195 2941 5249 quae
2969 5195 3117 5237 sunt.
3142 5178 3330 5246 'Quare
3366 5182 3553 5236 Domi-

1997 5264 2120 5300 num
2164 5247 2330 5303 Deum
2367 5247 2600 5303 nostrum
2632 5247 3038 5329 subsellii—amur,
3069 5252 3335 5321 eidemque
3379 5253 3556 5307 adlue-

1996 5333 2222 5388 reamus,
2251 5330 2304 5388 ut
2336 5334 2452 5373 vere
2479 5334 2897 5388 esseiposstmus.

2052 5386 2178 5460 (65)
2212 5386 2440 5455 Πάντες
2470 5392 2523 5444 ot
2549 5386 2686 5455 τῶν,
2716 5399 2824 5446 etc.
2854 5388 3033 5447 Codex
3064 5388 3450 5448 Coislinianus.
