3970 6160
500 175 629 230 1591

1899 169 1988 222 EX
2029 166 2332 223 ORIGENB

3586 168 3602 216 l
3614 167 3702 220 592

513 307 3692 340 MM

1409 451 1991 546 ORIGENIS
2029 445 2802 540 EXPLANATIO

1166 610 1372 688 Super
1416 606 1736 686 psalmum
1782 603 2194 682 trigesimum
2234 609 2568 674 octavum,
2609 599 2720 679 qui
2781 599 3070 660 dicitur:

1704 704 2193 760 Dixi:Custodiam
2217 703 2328 757 vias
2361 718 2523 757 meas.

2059 845 2129 864 Ὠ

904 981 1063 1054 691
1100 979 1378 1036 HOMILIA
1408 977 1615 1033 PRIMA
1631 1020 1642 1031 .

567 1076 720 1132 Sicut
761 1091 904 1130 unus
951 1075 1112 1129 homo
1162 1073 1378 1143 prolicit
1435 1072 1729 1125 secundum
1779 1069 1980 1136 Deum,
2011 1080 2064 1124 et

507 1169 735 1223 jtudium
783 1166 886 1222 sibi
919 1165 1187 1220 adhibens
1231 1163 1424 1219 melior
1467 1163 1645 1231 seipso
1690 1161 1953 1225 eﬂicitur,
1991 1162 2062 1215 ita

505 1261 657 1321 etiam
706 1259 903 1328 populo
935 1257 1188 1312 universo
1234 1255 1536 1310 accidebat.
1565 1254 1794 1324 Propter
1834 1254 1976 1322 quod
2010 1263 2065 1306 et

494 1352 614 1420 ipso
644 1350 998 1421 proliciente,
1032 1347 1197 1402 etiam
1239 1345 1372 1415 legis
1413 1346 1462 1400 ei
1493 1345 1657 1399 ﬁebat
1689 1353 2061 1415 augmentum.

497 1446 742 1516 Denique
785 1446 1058 1515 quomodo
1101 1443 1154 1497 in
1202 1442 1319 1512 lege
1363 1443 1620 1511 scriptum
1651 1451 1763 1506 est,
1796 1452 2064 1512 praecepta

495 1538 740 1608 quadam
785 1535 1158 1592 sacerdotibus
1188 1544 1314 1590 sunt
1347 1546 1400 1589 et
1439 1535 1646 1590 Levitis
1683 1536 1749 1590 de
1780 1535 2065 1590 sacriﬁciis

496 1629 817 1696 caterisque
837 1627 1170 1682 solemnibus
1200 1641 1214 1678 :
1264 1641 1450 1680 verum
1489 1640 1611 1680 cum
1643 1625 1932 1696 proﬁceret
1965 1642 2063 1696 po-

497 1721 654 1789 pulus
681 1733 745 1773 eo
781 1728 1025 1787 tempore
1053 1732 1161 1786 quo
1196 1717 1370 1770 iuerat
1397 1719 1443 1771 ei
1477 1717 1650 1772 virtus
1691 1718 1868 1772 adhuc
1899 1717 2067 1784 proii—

499 1811 702 1876 ciendi,
728 1824 834 1864 non
875 1809 1026 1864 stetit
1051 1823 1139 1864 res
1165 1808 1218 1862 in
1246 1807 1337 1862 illo
1365 1809 1540 1878 primo
1565 1809 1784 1873 ordine,
1820 1811 1913 1863 sed
1948 1809 2068 1864 alli~

497 1912 636 1972 gata
661 1911 785 1956 sunt
827 1901 929 1956 illis
965 1901 1352 1956 eminentiores
1395 1901 1640 1969 quadam
1696 1901 2066 1970 legislationes

497 1993 739 2047 secundo
780 2001 836 2046 et
873 1992 1051 2046 tertio.
1086 1991 1151 2046 Et
1190 1993 1236 2048 si
1271 1991 1396 2061 quis
1442 1993 1556 2047 vult
1607 1995 1748 2049 scire
1781 2010 1900 2064 qua
1941 2006 2067 2050 sunt

499 2083 601 2136 ista
629 2098 750 2152 qua
778 2083 844 2138 de
885 2083 1256 2138 sacerdotibus
1305 2100 1368 2140 ac
1406 2084 1613 2141 Levitis
1659 2086 1872 2154 adjecta
1931 2088 2062 2150 sint,

499 2174 640 2244 legat
671 2175 902 2243 primum
935 2174 1134 2229 librum
1178 2175 1625 2246 Paralipomenon
1649 2218 1665 2242 ,
1697 2187 1754 2232 et
1799 2179 2068 2246 patienter

501 2268 988 2337 inspiciatomnem
1020 2266 1167 2321 illum
1209 2269 1508 2339 catalogum
1545 2269 1856 2334 nominum,
1896 2282 1951 2324 et
1981 2269 2066 2322 in-

497 2363 681 2416 veniet
709 2361 778 2416 ibi
801 2361 1179 2416 admirandum
1203 2363 1493 2430 quemdam
1521 2363 1766 2418 ordinem
1800 2371 1854 2418 et
1877 2361 2063 2417 distri-

498 2453 773 2508 butionem
806 2453 1040 2507 tribuum
1073 2467 1172 2522 pro
1203 2469 1300 2508 suo
1343 2470 1559 2524 quoque
1595 2455 1810 2510 nomine
1849 2463 1903 2509 et
1946 2455 2064 2510 loco

496 2545 825 2612 praecipuum
869 2544 997 2613 quid
1036 2544 1088 2599 in
1121 2545 1346 2600 solemni
1391 2547 1584 2600 ordine
1628 2559 1746 2600 esse
1790 2545 2060 2599 sortitam.

501 2635 608 2690 Sed
638 2645 691 2691 et
716 2635 929 2690 Levitas
952 2646 1008 2691 et
1037 2640 1352 2691 sacerdotes
1401 2637 1638 2690 inveniet
1685 2635 1916 2691 diversis
1949 2634 2066 2690 olli-

499 2729 598 2783 ciis
627 2737 788 2797 atque
815 2728 1099 2784 ordinibus
1137 2727 1459 2783 distributos
1487 2729 1534 2759 "
1563 2767 1580 2792 ,
1622 2736 1681 2781 ut
1717 2727 1806 2782 alii
1844 2728 2060 2796 quidem

500 2819 611 2872 sint
640 2819 706 2872 ad
731 2818 1048 2888 aperiendas
1072 2817 1271 2887 januas
1297 2818 1477 2886 templi
1503 2819 1802 2888 praepositi,
1833 2819 1922 2872 alii
1945 2818 2068 2887 qui-

499 2910 602 2964 bus
654 2908 836 2964 claves
885 2909 1180 2964 creduntur
1203 2951 1219 2976 ,
1253 2909 1374 2963 aliis
1422 2910 1811 2964 sacriﬁciorum
1843 2919 1898 2965 et
1931 2911 2064 2964 alta-

488 2999 640 3054 rium
664 3014 793 3053 cura
824 2999 1198 3052 committitur.
1250 2998 1315 3052 Et
1359 2997 1527 3052 multa
1562 3009 1686 3054 sunt
1717 3015 1838 3070 qua
1881 3014 1947 3055 ex
1998 2999 2066 3054 il-

497 3090 606 3146 lius
631 3091 751 3145 libri
787 3089 1010 3144 historia
1043 3102 1328 3158 possumus
1375 3089 1557 3144 dicere
1599 3092 1664 3145 de
1707 3092 2063 3147 sacerdotali-
2095 3137 2114 3152 ,

499 3181 602 3252 bus
657 3181 939 3236 institutis.
979 3180 1036 3234 Si
1091 3181 1216 3250 quis
1248 3195 1380 3250 ergo
1426 3181 1694 3251 inspicere
1725 3194 1898 3252 potest
1925 3201 2062 3254 quo-

499 3274 658 3328 modo
699 3272 992 3342 exemplari
1021 3312 1035 3335 ,
1067 3281 1123 3326 et
1167 3274 1371 3327 umbra
1401 3273 1704 3329 caelestium
1749 3275 2064 3332 deserviunt

490 3363 667 3420 Judai
701 3363 780 3427 ³⁷,
823 3363 1079 3418 ascendat
1110 3364 1176 3418 ab
1210 3364 1454 3418 inferiori
1492 3366 1644 3421 verbi
1681 3366 1956 3436 crepidine
1996 3371 2062 3424 ad

500 3469 711 3509 summa
743 3453 857 3524 eius
885 3469 950 3510 ac
979 3454 1260 3525 superiora
1286 3455 1502 3523 fastigia
1524 3496 1539 3521 ,
1576 3467 1632 3512 et
1667 3458 2063 3528 contempletur

493 3561 564 3602 ex
593 3546 657 3601 iis
704 3545 870 3601 futuri
900 3547 1192 3602 sacerdotii
1229 3556 1432 3602 statum
1465 3556 1520 3602 et
1557 3547 1879 3603 electionem
1917 3549 2060 3604 illam

2090 981 2137 1036 Α
2164 988 2285 1029 esse
2314 989 2378 1028 ex
2404 972 2490 1028 his
2512 969 2709 1041 quibus
2748 969 3072 1038 hymnorum
3115 963 3366 1032 studium.
3388 961 3490 1017 Dei
3531 977 3591 1017 ac
3616 964 3699 1017 sol-

2162 1067 2384 1122 licitudo
2411 1063 2699 1119 commissa
2729 1069 2834 1114 est.
2866 1057 3117 1126 Oportuit
3152 1071 3280 1126 ergo
3303 1069 3407 1110 nos
3451 1055 3708 1109 invenien-

2165 1170 2244 1215 tes
2275 1160 2379 1214 hoc
2403 1172 2598 1212 nomen
2635 1153 2825 1224 psalmi
2857 1149 3244 1221 superscripti,
3277 1146 3572 1202 ostendere
3606 1149 3706 1215 quis

2164 1250 2328 1306 fuerit
2354 1250 2457 1303 iste
2480 1247 2712 1301 ldithum
2733 1285 2747 1308 ,
2779 1255 2834 1300 et
2855 1241 3125 1313 quomodo
3149 1240 3524 1310 postprimam
3540 1237 3706 1305 legem,

2164 1340 2396 1397 secunda
2426 1338 2565 1392 facta
2592 1338 2666 1392 sit
2694 1337 2761 1392 de
2789 1333 3258 1391 observationibus
3297 1329 3709 1388 sacerdotalibus

2163 1432 2450 1488 ordinatio.
2496 1429 2648 1499 Apud
2694 1427 2914 1483 Gracos
2955 1425 3260 1494 quicunque
3324 1423 3605 1483 carmina,
3641 1422 3708 1473 vel

2165 1540 2326 1582 sonos
2386 1525 2621 1579 musicos
2684 1518 3134 1584 conscribebant,
3174 1517 3378 1588 quibus
3435 1517 3518 1570 eis
3564 1517 3708 1569 visum

2164 1617 2352 1672 fuisset
2387 1617 2443 1670 in
2469 1629 2640 1685 agone
2685 1628 2746 1668 ea
2791 1611 3030 1666 canenda
3056 1609 3438 1680 prastabant:
3475 1617 3531 1662 et
3573 1607 3710 1662 ﬁebat

2163 1721 2225 1764 ut
2246 1709 2384 1764 alius
2418 1709 2636 1776 quidem
2664 1715 3022 1760 coronaretur
3050 1705 3101 1757 in
3142 1715 3354 1771 agone,
3393 1701 3533 1755 alius
3555 1710 3707 1753 autem

2166 1803 2358 1857 victori
2393 1800 2762 1856 conscriberet
2806 1809 3052 1852 carmen.
3083 1793 3141 1848 In
3181 1793 3417 1848 Psalmis
3452 1807 3576 1863 ergo
3614 1789 3710 1859 (66)

2166 1895 2359 1948 divina
2396 1892 2689 1961 Scriptura
2717 1891 3026 1960 quicunque
3053 1885 3410 1956 superscripti
3441 1885 3707 1938 secundum

2167 1985 2520 2056 Septuaginta
2539 1987 2862 2054 interpretes
2884 2023 2897 2047 ,
2927 1983 2984 2036 in
3005 1981 3183 2050 ﬁnem,
3225 1979 3370 2048 apud
3405 1977 3538 2030 alios
3569 1977 3709 2030 ricta-

2166 2078 2346 2141 riales,
2375 2077 2458 2132 vel
2487 2077 2556 2131 ad
2576 2077 2865 2147 victoriam,
2891 2075 2976 2129 vel
3002 2073 3188 2128 victori
3214 2071 3564 2125 attitulanlur
3586 2107 3603 2132 ,
3628 2083 3709 2136 pro

2165 2185 2230 2224 eo
2259 2169 2508 2224 videlicet
2549 2170 2692 2239 quod
2717 2169 2863 2223 velut
2903 2167 3144 2220 victoria
3187 2164 3303 2217 laus
3355 2165 3412 2217 in
3445 2162 3575 2232 ipsis
3599 2159 3708 2213 inle-

2172 2268 2344 2313 ratur.
2398 2257 2550 2315 Fecit
2601 2275 2731 2330 ergo
2780 2259 2947 2313 David
2984 2258 3169 2312 divino
3223 2255 3438 2325 Spiritu
3497 2251 3702 2321 repletus

2166 2351 2429 2422 psalmum
2461 2353 2640 2420 hunc,
2671 2361 2726 2406 et
2754 2351 2901 2407 dedit
2940 2349 3173 2404 ldithum
3200 2389 3214 2414 ,
3249 2349 3338 2404 cui
3371 2345 3601 2403 oﬂcium
3631 2360 3706 2398 ca-

2167 2442 2329 2497 nendi
2387 2441 2496 2496 Deo
2553 2442 2790 2511 hymnos
2847 2439 3025 2494 fuerat
3083 2439 3422 2509 iniunctum,
3481 2446 3704 2504 tanquam

2165 2537 2382 2606 pollenti
2421 2537 2473 2592 in
2499 2537 2807 2606 huiusmodi
2842 2535 3152 2606 disciplina.
3210 2533 3276 2587 Et
3318 2533 3450 2588 ideo
3476 2546 3600 2603 ergo
3625 2546 3704 2584 su-

2165 2629 2547 2698 perscribitur:
2587 2629 2653 2682 ln
2684 2629 2842 2697 finem
2875 2643 2970 2696 pro
3006 2625 3244 2680 ldithum
3277 2624 3518 2694 psalmus
3546 2623 3703 2676 David.

2235 2723 2287 2777 5.
2323 2722 2430 2778 Sed
2466 2736 2608 2776 nunc
2643 2722 2752 2791 jam
2817 2721 3098 2774 videamus
3146 2719 3275 2788 quid
3331 2732 3442 2772 vox
3495 2715 3704 2788 proferat

2163 2815 2332 2886 justi,
2371 2824 2424 2868 et
2450 2815 2693 2868 videntes
2729 2823 2986 2881 tanquam
3023 2813 3075 2866 in
3120 2812 3338 2880 speculo
3379 2809 3704 2875 nosmetipsos

2171 2907 2481 2960 intueamur
2529 2905 2572 2958 si
2607 2905 2876 2974 possimus
2924 2903 3058 2957 tales
3095 2916 3249 2967 esse,
3289 2911 3390 2956 aut
3434 2903 3477 2956 si
3507 2899 3702 2954 multum

2164 2998 2320 3052 nobis
2354 2998 2538 3061 deest,
2584 3005 2677 3051 aut
2727 3005 2872 3051 certe
2913 2995 3025 3065 jam
3076 2996 3309 3064 proximi
3355 2992 3701 3057 sumus,licet

2164 3090 2396 3144 nondum
2422 3089 2580 3158 plene
2600 3088 2835 3143 assecuti
2867 3101 3072 3141 sumus.
3101 3086 3371 3153 Quoniam
3407 3087 3566 3153 igitur
3588 3080 3700 3136 mul-

2165 3189 2342 3235 torum
2365 3180 2478 3251 (67)
2501 3189 2842 3250 peccatorum
2869 3179 3080 3233 initium
3114 3181 3384 3232 humanus
3413 3189 3492 3232 est
3526 3189 3696 3237 serum,

2151 3280 2217 3327 ‘et
2264 3287 2326 3325 os
2378 3282 2622 3325 nostrum
2674 3270 2856 3325 multis
2909 3269 3068 3324 malis
3113 3269 3434 3333 ministrat,
3478 3279 3532 3322 et
3570 3267 3698 3319 valde

2162 3364 2379 3420 difﬁcile
2401 3375 2483 3420 est
2510 3364 2739 3417 inveniri
2773 3363 3050 3416 hominem
3076 3401 3090 3425 ,
3116 3363 3205 3429 qni
3237 3378 3344 3414 una
3378 3361 3559 3415 saltem
3588 3362 3694 3412 hora

2160 3471 2224 3511 os
2257 3471 2412 3511 suum
2438 3466 2492 3510 et
2521 3456 2752 3525 linguam
2783 3469 2930 3508 suam
2962 3458 3216 3509 observet
3249 3469 3279 3507 a
3316 3463 3535 3524 peccato
3555 3490 3570 3515 ,
3602 3451 3696 3502 ait:

2163 3549 2634 3604 Dixi:Custodiam
2668 3553 2778 3603 rias
2807 3567 2979 3613 meas,
3009 3559 3066 3602 ut
3098 3566 3202 3602 non
3231 3566 3439 3616 peccem
3467 3551 3517 3602 in
3547 3548 3694 3614 lingua

497 3637 809 3702 calestem,
839 3649 1003 3707 atque
1031 3637 1161 3693 inibi
1197 3637 1651 3706 contemplabitur
1696 3639 1788 3708 qui
1818 3649 1945 3694 sunt
1974 3640 2130 3724 istic
2163 3657 2300 3694 mea.
2342 3640 2473 3695 Mihi
2519 3641 2618 3710 ipsi
2660 3643 2805 3704 dixi,
2834 3652 2888 3695 et
2929 3644 3069 3695 intra
3128 3657 3212 3695 me
3251 3643 3466 3696 loculus
3497 3648 3696 3701 sum,et

495 3728 715 3784 ordines
769 3729 1169 3796 sacerdotales,
1212 3730 1296 3785 vel
1337 3746 1458 3800 qua
1490 3731 1601 3786 sint
1643 3729 1815 3785 officia
1849 3728 2062 3784 Levita-

496 3836 614 3876 rum
645 3837 764 3890 qua
808 3821 862 3876 in
891 3821 1207 3877 caelestibus
1255 3822 1574 3877 ministeriis
1604 3821 1934 3876 exhibentur
1956 3861 1973 3888 ,
2007 3830 2064 3874 et

496 3914 682 3966 omnia
710 3913 762 3967 in
795 3913 948 3969 calls
982 3924 1164 3970 mente
1188 3913 1474 3983 conjiciet,
1507 3929 1627 3983 qua
1656 3913 1899 3984 deposita
1931 3913 2064 3968 vidit

497 4005 550 4056 in
585 4004 766 4057 terris.
794 4003 912 4058 Erit
961 4007 1103 4060 enim
1150 4015 1204 4060 ct
1249 4007 1320 4059 ibi
1353 4005 1615 4075 populus,
1669 4017 1724 4060 et
1751 4019 1819 4058 ex
1862 4003 2060 4073 p0pulo

498 4097 590 4149 Dei
645 4096 806 4151 electi
841 4095 1140 4162 Levita,et
1177 4111 1245 4152 ex
1282 4097 1367 4153 his
1411 4113 1626 4153 rursum
1666 4097 1822 4152 electi
1848 4105 1903 4151 et
1944 4097 2061 4152 exi-

496 4187 590 4240 mii
640 4188 978 4254 sacerdotes,
1027 4197 1081 4242 et
1126 4189 1470 4243 sacerdotum
1517 4186 1865 4243 nihilominus
1911 4184 2062 4240 diﬂ'c-

497 4280 687 4334 rentia
727 4279 1168 4348 quamplurima:
1201 4281 1340 4335 sicut
1387 4281 1439 4335 in
1473 4280 1646 4350 primo
1688 4279 1827 4334 libro
1853 4277 2058 4331 Parali-

496 4386 764 4439 pomenon
796 4370 1068 4426 indicatur
1093 4371 1280 4442 viginti
1306 4381 1541 4442 quatuor
1562 4387 1684 4427 esse
1717 4371 1937 4426 ordines
1969 4385 2061 4422 sa-

497 4465 813 4531 cerdotum,
842 4463 978 4518 alios
1033 4463 1251 4531 quidem
1293 4465 1393 4518 sub
1423 4464 1707 4528 Eleazaro,
1743 4463 1876 4517 alios
1931 4477 2060 4516 vero

497 4553 596 4606 sub
641 4554 882 4624 principe
918 4552 1180 4621 Ithamar,
1213 4569 1440 4622 quorum
1474 4564 1530 4609 et
1571 4554 1904 4624 Ephcmeria
1937 4568 2059 4608 esse

495 4643 768 4699 dicuntur.

564 4734 618 4788 2.
649 4733 754 4790 Sed
805 4736 948 4791 dicat
992 4737 1188 4806 aliquis
1239 4736 1485 4792 fortassis
1527 4737 1868 4792 auditorum:
1921 4737 2057 4805 Quid

494 4823 610 4879 hac
637 4827 909 4893 pertinent
931 4828 997 4882 ad
1026 4828 1333 4897 psalmum?
1361 4827 1684 4882 Plurimum.
1714 4829 1846 4883 Nam
1873 4846 2060 4899 super-

500 4915 728 4984 seriptio
781 4927 865 4972 est
910 4918 1068 4988 hujus
1108 4918 1328 4988 psalmi.
1377 4916 1446 4972 In
1475 4918 1632 4986 ﬁnem
1677 4935 1772 4987 pro
1818 4918 2057 4974 ldithum

2167 3736 2280 3788 hac
2327 3733 2506 3787 addidi
2537 3755 2547 3788 :
2602 3731 2693 3787 Sic
2728 3734 2849 3787 volo
2892 3749 3117 3788 servare
3162 3733 3276 3788 vias
3313 3749 3494 3798 meas,
3529 3743 3578 3783 ut
3607 3743 3691 3782 non

2163 3837 2419 3892 peccem,
2455 3826 2556 3878 hoc
2613 3825 2772 3879 modo
2827 3840 3047 3879 servare
3093 3839 3309 3893 possum
3347 3826 3394 3878 si
3428 3822 3690 3878 custodiam

2162 3913 2399 3981 linguam
2425 3929 2620 3967 meam.
2657 3911 2740 3967 Eat
2759 3916 2923 3968 verbis
2953 3915 3113 3980 enim,
3143 3914 3420 3983 inquit“,
3451 3910 3691 3980 tuisiusti—

2162 4004 2402 4070 ﬁcaberis
2425 4046 2438 4068 ,
2481 4014 2528 4056 et
2565 4021 2630 4059 ex
2660 4006 2824 4059 verbis
2872 4006 2978 4058 tuis
3026 4005 3478 4058 condemnaberis.
3507 4003 3567 4057 Et
3603 4002 3687 4054 itc-

2161 4109 2280 4150 rum
2309 4097 2386 4144 ":
2431 4096 2594 4150 Amen
2621 4098 2738 4151 dico
2775 4098 2936 4162 vobis,
2966 4100 3028 4150 de
3052 4099 3193 4150 omni
3221 4099 3391 4152 otioso
3421 4099 3563 4152 verba
3594 4093 3688 4145 red-

2161 4187 2295 4240 detis
2347 4190 2604 4243 rationem
2650 4190 2706 4242 in
2752 4190 2836 4243 die
2873 4189 3088 4256 judicii.
3131 4189 3243 4243 Non
3284 4189 3494 4251 solum,
3523 4187 3689 4254 inquit.

2160 4276 2229 4331 de
2273 4291 2338 4330 eo
2383 4278 2527 4343 quod
2570 4279 2708 4332 male
2749 4277 2909 4332 locuti
2961 4277 3209 4344 fueritis,
3240 4278 3334 4332 sed
3367 4276 3511 4348 quod
3544 4276 3687 4330 otiose

2161 4366 2326 4419 locuti
2368 4365 2581 4421 fueritis
2604 4408 2620 4434 ,
2659 4369 2782 4436 quia
2817 4367 2988 4424 malus
3013 4383 3191 4423 sermo
3217 4381 3323 4422 non
3373 4376 3458 4422 est
3491 4365 3682 4421 otiosus.

2159 4466 2416 4526 Operatur
2457 4459 2601 4512 enim
2643 4474 2780 4528 opus
2810 4459 3033 4513 malmu.
3075 4459 3292 4515 Otiosus
3334 4468 3514 4513 autem
3541 4465 3686 4510 sermo

2159 4558 2246 4604 est
2291 4550 2381 4619 qui
2428 4565 2605 4621 neque
2657 4553 2782 4606 boni
2837 4569 3012 4623 neque
3055 4552 3185 4607 mali
3231 4552 3435 4621 aliquid
3477 4549 3596 4620 agit.
3640 4543 3683 4597 Si

2159 4657 2290 4712 ergo
2317 4644 2368 4696 in
2399 4643 2486 4698 die
2515 4643 2706 4712 judicii
2743 4645 3008 4700 rationem
3047 4645 3370 4707 reddemus,
3409 4657 3510 4698 non
3542 4638 3681 4694 solum

2159 4748 2258 4802 pro
2291 4735 2450 4790 malis
2478 4735 2660 4792 verbis
2682 4778 2699 4804 ,
2729 4737 2825 4792 sed
2854 4739 3017 4791 etiam
3059 4753 3156 4807 pro
3198 4737 3425 4800 otiosis,
3457 4733 3571 4806 quis
3593 4729 3682 4799 glo-

2160 4825 2387 4880 riabitur
2427 4836 2636 4881 castum
2691 4842 2751 4881 se
2783 4827 2985 4882 habere
3021 4828 3156 4882 cor?
3188 4829 3293 4880 Aut
3331 4827 3454 4895 quis
3495 4817 3679 4879 conﬁdit

2160 4917 2630 4976 dicens:Mundus
2674 4935 2790 4974 sum
2825 4936 2853 4973 a
2900 4921 3166 4990 peccato?
3211 4919 3583 4974 Verumtamen
3621 4911 3681 4962 ait

495 5008 727 5072 psalmus
775 5007 963 5062 David.
1021 5008 1174 5063 Hunc
1224 5007 1459 5063 ldithum
1517 5008 1822 5064 invenimus
1887 5025 2051 5064 unum
2087 5002 2131 5058 D
2153 5010 2374 5078 justus:
2409 5010 2536 5066 Dixi
2561 5011 2897 5067 :Cuslodiam
2921 5015 3027 5067 uias
3050 5029 3191 5066 meas
3229 5022 3284 5064 ut
3311 5028 3415 5065 non
3437 5001 3678 5079 peccem"!

565 5143 612 5175 ’⁸
646 5138 868 5196 IParal.
901 5157 986 5206 ix,
1020 5142 1124 5209 24,
1148 5139 1240 5207 25,
1267 5141 1360 5196 26.
1432 5142 1477 5174 ³⁷
1509 5140 1642 5197 Heb.
1674 5156 1776 5206 vn,
1807 5142 1860 5196 5.
1933 5143 1983 5174 "
2004 5142 2063 5196 M:

2161 5164 2190 5203 ι.
2231 5162 2333 5212 xu,
2363 5146 2453 5200 57.
2528 5148 2574 5178 ¹⁹
2607 5147 2736 5202 ibid.
2774 5147 2862 5204 56.

565 5257 678 5330 (66)
710 5257 776 5313 In
801 5255 1031 5312 Psalmis
1053 5269 1311 5329 ergo,etc.
1349 5257 1554 5316 Catena
1581 5258 1808 5315 Barbari
1839 5275 1853 5330 :
1883 5259 2050 5326 Illud,

496 5330 550 5383 in
577 5329 738 5384 linem
761 5370 775 5393 ,
804 5331 1090 5383 secundum
1139 5331 1272 5384 alios
1316 5330 1622 5396 interpretes
1671 5344 1768 5398 pro
1805 5329 2052 5398 victoria,

496 5400 550 5452 in
581 5401 837 5454 victorem
855 5441 870 5465 ,
897 5407 951 5454 et
979 5399 1218 5454 victoria
1241 5400 1450 5454 auctori
1483 5401 1803 5453 inscribitur.

567 5467 974 5539 (67)J_Quoniam
1015 5471 1176 5539 igitur
1215 5470 1496 5522 multorum
1538 5481 1644 5526 etc.
1690 5470 1891 5524 Catena
1924 5467 2054 5522 Cor-

499 5537 631 5611 derii
654 5535 667 5590 ξ
687 5535 839 5591 Ἐπεὶ
872 5535 1056 5611 axe-bow)
1091 5539 1278 5611 πάσης
1307 5539 1576 5610 ἁμαρτίας
1611 5539 1752 5611 ἀρχὴ
1778 5539 2054 5611 διαλόγου

497 5607 702 5676 γίνεται
723 5647 740 5674 ,
765 5611 794 5661 ὁ
843 5607 1071 5677 φύλαξαι
1117 5607 1448 5681 προθέμένοξ
1479 5613 1574 5675 τὰς
1601 5607 1833 5665 διξὰἿὲὦν
1877 5610 2050 5680 λόγων

2160 5264 2316 5328 ὁδοὺς
2351 5263 2518 5316 αὐτοῦ
2541 5303 2556 5326 ,
2589 5264 2876 5318 ἀκόλουθον
2898 5264 3008 5330 ἕξει
3037 5265 3097 5318 τὸ
3117 5264 3445 5335 καθαρεῦσαι
3469 5259 3565 5335 duo
3588 5253 3676 5307 τῶν

2161 5336 2279 5407 κατ’
2313 5335 2588 5407 ἐνέργειαν
2620 5335 3051 5406 ἁμαρτημάτων.
3096 5335 3222 5388 Cum
3252 5331 3547 5407 fereomnis
3573 5341 3672 5407 ηςε-

2159 5405 2266 5458 calt'
2294 5396 2505 5458 initium
2535 5405 2628 5474 ﬁat
2659 5396 2688 5457 ξι
2715 5396 2982 5469 sermone,
3026 5408 3070 5457 is
3106 5407 3196 5474 qui
3221 5396 3409 5457 sluluil
3442 5396 3670 5454 custodire

2156 5477 2265 5528 vias
2295 5491 2420 5527 suae
2465 5476 2519 5527 in
2538 5473 2876 5528 sermonibus
2906 5515 2920 5536 ,
2951 5473 3319 5544 consequenter
3340 5473 3488 5544 etiam
3523 5487 3550 5521 ιι
3570 5479 3667 5535 pec-

2154 5546 2286 5598 catis
2311 5561 2430 5615 quae
2459 5560 2613 5610 opere
2638 5543 3038 5598 committuntur
3059 5584 3075 5610 ,
3106 5545 3329 5598 mundus
3357 5543 3470 5595 erit.
