3970 6160
361 404 489 458 I393

1035 399 1346 458 SELECTA
1385 400 1450 455 IN
1487 400 1908 456 I’S:‘\L~.\IOS.—
1946 399 2176 455 IIOMIL.
2214 399 2336 458 ΗΝ
2365 401 2559 458 PSAL.
2589 401 2875 459 XXXVIII.

3471 407 3614 462 1394

350 523 533 594 lingua
581 540 718 578 mea.
758 521 922 577 Posui
965 525 1044 577 ori
1089 539 1202 577 meo
1251 495 1567 577 custodiam.
1619 523 1758 576 Alibi
1800 524 1919 593 qni-
1948 525 1995 582 Α
2023 521 2221 578 lectum
2253 538 2376 578 esse
2408 525 2552 594 quod
2585 524 2750 579 dicit:
2779 525 2916 580 Dum
2949 528 3181 582 constitit
3218 539 3463 600 peccator
3501 531 3614 584 act--

351 615 470 669 dem
491 615 1089 683 scriptumest":0mni
1102 619 1344 671 custodia
1356 631 1502 668 serva
1517 630 1606 668 cor
1631 624 1800 678 tuum,
1833 615 1918 668 hic

349 715 532 761 autem
577 727 592 762 :
632 707 794 761 Posui
847 707 929 763 ori
985 721 1099 758 meo
1135 706 1448 760 custodiam.
1479 705 1544 759 Et
1576 707 1767 760 iterum
1793 705 1916 761 alibi

349 799 612 868 scriptum
631 807 715 853 est
731 797 778 829 “
795 814 809 852 :
837 796 984 862 Vide,
1001 799 1295 853 circumduc
1306 815 1476 867 sepem
1491 800 1760 862 spinarum
1777 799 1919 852 circa

347 892 723 957 possessionem
765 901 926 944 tuam.
981 890 1040 944 Et
1083 891 1275 944 iterum
1324 891 1403 944 1":
1442 889 1727 944 Pecuniam
1773 901 1918 944 tuam

347 989 395 1036 et
420 981 584 1052 692
607 997 796 1035 aurum
828 988 974 1034 tuum
1007 979 1202 1050 alliga,
1229 989 1279 1034 et
1310 981 1392 1034 ori
1422 963 1705 1051 tuo.[acito
1727 983 1919 1036 ostium

347 1085 394 1131 ct
413 1091 584 1130 seram
605 1116 622 1141 ,
655 1083 702 1128 et
731 1073 896 1127 verbis
924 1074 1029 1125 tuis
1042 1071 1233 1142 jugum
1251 1082 1301 1127 et
1327 1083 1600 1130 stateram.
1632 1075 1745 1146 Ego
1774 1077 1919 1132 arbi-

349 1177 464 1223 tror
505 1169 648 1237 quod
698 1166 1011 1222 observatio
1073 1166 1265 1220 horum
1308 1170 1685 1224 mandatorum
1729 1171 1918 1226 obser-

347 1271 566 1315 vantem
594 1273 650 1316 et
676 1271 1015 1317 mansuetum
1047 1259 1212 1314 faciat
1247 1268 1301 1312 et
1329 1260 1541 1315 beatum
1561 1301 1579 1328 ,
1608 1278 1712 1316 non
1743 1263 1914 1318 solum

348 1366 528 1432 renuit
557 1354 771 1419 exitus,
806 1370 996 1410 verum
1023 1355 1193 1410 etiam
1222 1356 1339 1424 ipsa
1378 1355 1746 1410 observantia.
1780 1358 1914 1411 Dum

345 1443 494 1497 enim
523 1458 736 1514 semper
759 1445 1012 1500 observat
1037 1460 1101 1502 os
1126 1462 1315 1514 suum,
1360 1457 1415 1502 et
1454 1446 1693 1517 linguam
1731 1458 1918 1505 custo-

345 1533 448 1598 dit,
493 1549 561 1589 ne
605 1536 755 1604 prius
801 1551 1108 1592 sermonem
1148 1539 1387 1607 proferat
1429 1553 1592 1608 quam
1636 1539 1914 1607 discutiat,

346 1635 404 1680 et
434 1635 727 1696 pertractet
761 1627 901 1696 apud
935 1629 1286 1699 semetipsum
1335 1629 1378 1685 si
1407 1640 1654 1699 oporteat
1694 1631 1832 1700 dici,
1870 1634 1914 1689 si

352 1733 534 1773 sermo
564 1719 686 1774 talis
709 1730 790 1773 est
819 1721 910 1789 qui
943 1721 1140 1776 debeat
1171 1721 1435 1791 proferri,
1463 1723 1508 1776 si
1538 1737 1768 1792 persona
1794 1724 1916 1780 talis

347 1821 434 1866 est
455 1826 574 1880 qua:
617 1821 710 1865 aut
747 1812 980 1876 debeat,
1017 1824 1108 1866 aut
1141 1814 1312 1882 possit
1350 1815 1572 1883 audire,
1617 1818 1660 1872 si
1704 1826 1914 1888 tempus

347 1912 714 1971 opportunum
749 1912 831 1958 est
853 1904 1168 1972 proferendi
1197 1907 1502 1981 sermonis;
1551 1909 1678 1962 dum
1705 1910 1913 1981 singula

343 1992 446 2047 ista
468 1991 787 2062 perpendit,
811 1993 1119 2048 excluditur
1140 1997 1320 2049 omnis
1346 1996 1618 2052 iracundia
1643 2009 1696 2054 et
1735 2001 1916 2065 timor,

340 2092 399 2138 et
428 2083 712 2139 inconsulti
742 2083 940 2140 furoris
986 2085 1218 2154 impetus
1263 2079 1770 2162 mitigatur-“(atque
1802 2109 1918 2148 om-

344 2189 468 2228 nem
493 2175 708 2244 penitus
737 2175 1177 2231 deliberationem
1225 2177 1348 2232 talis
1391 2180 1695 2245 abscindit;
1737 2192 1791 2238 et
1842 2185 1916 2239 ita

342 2265 558 2321 demum
606 2268 754 2322 velut
783 2284 848 2323 ex
880 2270 1274 2338 tranquillitate
1300 2273 1534 2342 quadam
1584 2285 1638 2328 et
1678 2276 1910 2331 convicti

342 2360 512 2413 animi
556 2376 651 2428 per
689 2363 1161 2418 mansuetudinem
1200 2379 1382 2418 sermo
1419 2367 1752 2433 procedens,
1789 2382 1917 2437 pro-

344 2451 644 2506 ferentibus
696 2453 930 2522 gratiam
976 2463 1198 2523 praestat
1240 2462 1296 2508 et
1351 2455 1697 2513 audientibus
1746 2461 1916 2514 medi-

339 2542 546 2598 eiusm.

410 2633 470 2690 4.
502 2634 700 2688 Verum
738 2635 992 2704 quoniam
1029 2637 1083 2690 in
1117 2636 1209 2691 illo
1237 2638 1474 2694 maxime
1511 2647 1756 2710 tempore
1790 2658 1915 2712 pec-

341 2739 558 2791 camus,
592 2725 808 2795 quando
849 2734 1106 2794 peccator
1151 2729 1409 2784 consistit
1458 2732 1743 2786 adversum
1790 2749 1910 2800 nos,

340 2817 607 2885 instigans
634 2827 691 2873 et
718 2832 1018 2888 provocans
1050 2826 1111 2872 ut
1135 2818 1337 2888 aliquid
1365 2820 1471 2876 tale
1499 2824 1813 2879 emittamus
1843 2841 1908 2880 ex

337 2923 464 2974 ore,
506 2909 559 2962 in
612 2924 719 2978 quo
759 2908 835 2963 rei
873 2917 1158 2963 teneamur
1210 2911 1260 2963 in
1303 2909 1484 2966 futuro
1528 2913 1767 2982 judicio,
1808 2915 1910 2972 hoc

340 2999 656 3054 describens
699 3007 924 3054 sanctus
959 2999 1230 3069 Propheta
1273 3001 1441 3056 dicit:
1495 3003 1634 3057 Dum
1673 3007 1908 3060 constitit

337 3099 581 3158 peccator
617 3092 895 3145 adversum
922 3109 1036 3158 me,
1083 3093 1320 3146 obmutui
1347 3104 1393 3147 et
1430 3096 1764 3152 humilitatus
1791 3115 1908 3152 sum

334 3195 385 3236 et
415 3183 540 3237 silui
580 3201 612 3237 a
641 3185 809 3238 bonis.
852 3184 908 3238 Si
956 3184 1174 3254 quando
1209 3197 1466 3257 peccator
1512 3189 1688 3245 astitit
1722 3191 1908 3246 adver—
1933 3214 1979 3275 ρ

335 3291 455 3330 sum
482 3291 565 3331 me
589 3285 644 3330 et
687 3275 1008 3346 loquebatur
1045 3277 1112 3331 de
1150 3293 1237 3330 me
1273 3280 1443 3344 male,
1479 3291 1534 3336 et
1562 3283 1905 3340 obtrectabat

334 3373 497 3435 atque
527 3365 776 3419 irritabat
813 3380 902 3419 me
932 3376 990 3419 ut
1014 3365 1211 3420 similia
1247 3369 1293 3421 ei
1328 3370 1610 3424 redderem
1633 3412 1649 3436 ,
1671 3383 1725 3426 et
1754 3374 1902 3442 paria

334 3457 404 3512 de
427 3472 546 3512 meo
568 3472 666 3512 ore
691 3456 988 3526 proferrem
1009 3497 1023 3522 ,
1053 3473 1152 3527 ego
1175 3459 1227 3512 in
1247 3459 1338 3514 illo
1361 3469 1604 3532 tempore
1627 3463 1898 3520 silentium

336 3550 672 3614 meditabar,
701 3558 758 3604 ut
784 3549 914 3604 nihil
938 3551 1154 3619 penitus
1177 3554 1582 3623 responderem.
1610 3554 1901 3626 Propterea

331 3656 463 3711 ergo
507 3642 672 3697 dicit:
715 3643 852 3694 Dum
901 3644 1134 3696 constitit
1173 3655 1417 3712 peccator
1469 3629 1747 3702 adversum
1797 3667 1898 3716 me,

331 3733 566 3787 obmutui
609 3740 657 3787 et
702 3733 1031 3787 humilitatus
1081 3750 1200 3788 sum
1248 3745 1298 3791 et
1344 3737 1471 3792 silui
1510 3753 1543 3790 a
1587 3738 1754 3794 bonis.
1795 3739 1902 3796 Nos

333 3841 462 3880 vero
494 3824 785 3894 aliquando
833 3827 876 3880 si
915 3826 1163 3882 nolumus
1204 3828 1514 3894 humiliari,
1546 3829 1652 3884 alia
1685 3832 1895 3902 cogita-

331 3933 451 3971 mus
481 3927 533 3972 et
570 3918 800 3972 dicimus
832 3919 971 3986 apud
1018 3920 1410 3989 nosmetipsos:
1447 3919 1586 3986 Quid
1635 3922 1736 3976 hoc
1779 3923 1900 3978 est?

334 4010 440 4063 Iste
474 4023 559 4062 me
592 4010 920 4078 contemptui
965 4010 1156 4065 habuit
1196 4023 1251 4066 et
1287 4027 1453 4068 ausus
1480 4022 1564 4068 est
1591 4014 1718 4068 talia
1750 4015 1802 4069 in
1837 4032 1900 4071 os

334 4099 617 4167 ingerere,
652 4109 708 4153 et
745 4099 816 4152 ita
851 4102 1138 4157 adversum
1176 4117 1260 4156 me
1305 4117 1524 4157 movere
1569 4117 1898 4169 sermonem,

332 4204 512 4243 nonne
542 4200 596 4244 et
615 4206 715 4261 ego
746 4192 870 4247 huic
898 4193 1094 4248 similia
1114 4235 1130 4262 ,
1155 4204 1248 4250 aut
1275 4196 1438 4250 etiam
1469 4198 1722 4264 graviora
1763 4197 1901 4253 infe-

331 4297 447 4337 ram
469 4323 485 4347 ,
508 4292 568 4337 ut
595 4295 649 4338 ct
678 4287 789 4353 ipse
812 4286 996 4340 audiat
1019 4287 1200 4356 pejora
1224 4304 1382 4358 quam
1401 4289 1571 4344 dixit?
1595 4291 1700 4345 Sed
1723 4291 1900 4359 justus

331 4389 437 4428 non
465 4373 538 4428 ita
572 4376 710 4443 agit,
741 4377 870 4444 quin
902 4377 1085 4445 potius
1113 4377 1362 4431 humiliat
1393 4393 1452 4432 se
1475 4417 1491 4443 ,
1521 4379 1736 4434 etiamsi
1777 4396 1899 4435 ser-

329 4480 430 4519 vus
459 4465 530 4518 sit
566 4466 654 4519 ille
683 4467 774 4535 qui
822 4467 1094 4521 obtrectat
1148 4477 1202 4521 ct
1255 4469 1497 4523 convicia
1535 4471 1767 4540 ingerit,
1806 4481 1900 4526 aut

2019 630 2220 668 uersum
2250 631 2331 670 me
2351 656 2366 680 ,
2401 616 2636 670 obmutui
2666 629 2716 672 et
2743 617 3055 674 humiliatus
3080 637 3196 674 sum
3222 631 3270 674 et
3290 621 3418 676 silui
3455 639 3487 676 α
3510 623 3600 675 bo-

2021 706 2145 760 nis?
2169 714 2261 761 aut
2291 706 2565 774 profectus
2599 708 2816 777 quidem
2843 720 2956 780 est,
2991 713 3229 767 nondum
3261 721 3442 770 tamen
3480 728 3601 783 pcr-

2020 795 2202 852 fectio.
2230 797 2356 850 Tria
2388 812 2621 866 namque
2649 799 2703 853 in
2737 800 2843 855 hoc
2873 799 2993 857 loco
3022 802 3090 858 de
3129 801 3431 874 Seripturis
3465 812 3598 874 puto

2019 900 2179 955 posse
2197 887 2461 958 assignari
2481 929 2496 954 ,
2529 891 2582 944 in
2614 905 2724 960 quo
2753 891 2886 946 dicit
2916 900 3063 947 stare
3104 903 3450 963 peccatorem
3500 894 3599 947 ad-

2018 993 2234 1033 versum
2263 994 2355 1043 se,
2388 989 2444 1035 et
2473 981 2617 1052 loqui
2658 983 2712 1037 in
2757 984 2976 1040 auribus
2999 986 3112 1040 suis
3142 999 3204 1040 ea
3228 988 3428 1057 quibus
3464 985 3596 1040 irri-

2019 1073 2120 1126 tari
2158 1084 2213 1128 et
2251 1075 2571 1130 exacerbari
2618 1077 2793 1146 possit
2838 1080 2904 1131 ad
2957 1079 3394 1135 retribuendum.
3436 1077 3506 1135 Et
3547 1077 3594 1132 si

2016 1166 2236 1235 quidem
2270 1180 2370 1238 ego
2422 1183 2624 1238 parvus
2667 1184 2818 1231 sum,
2853 1169 3084 1235 similia,
3130 1178 3185 1224 et
3233 1169 3449 1224 oculum
3487 1185 3594 1241 pro

2016 1258 2173 1315 oculo
2204 1262 2426 1328 requiro
2445 1299 2461 1327 ,
2492 1261 2711 1316 dentem
2742 1275 2840 1329 pro
2864 1260 3026 1316 dente
3049 1301 3064 1326 ,
3095 1270 3150 1316 et
3175 1262 3460 1317 maledicta
3490 1277 3588 1332 pro

2017 1349 2320 1405 maledictis
2348 1366 2570 1420 repono.
2604 1351 2660 1407 Si
2687 1367 2815 1408 vero
2837 1354 2950 1423 jam
2983 1353 3318 1424 aliquantum
3351 1351 3584 1424 profeci,

2018 1441 2254 1496 nondum
2281 1451 2458 1498 tamen
2483 1443 2753 1514 perlectus
2782 1461 2898 1500 sum
2919 1489 2934 1513 ,
2963 1455 3018 1501 et
3043 1457 3192 1502 taceo
3220 1455 3275 1501 et
3314 1446 3430 1503 fero
3463 1460 3591 1501 con-

2015 1533 2154 1588 vicia
2173 1535 2470 1604 patienter,
2518 1552 2618 1592 nec
2659 1536 2956 1607 quidquam
2997 1538 3223 1593 omnino
3262 1538 3587 1608 respondeo.

2019 1625 2077 1682 Si
2110 1642 2240 1682 vero
2281 1628 2384 1682 sim
2418 1628 2728 1698 perfectus,
2777 1648 2883 1686 non
2913 1640 3095 1698 taceo,
3133 1633 3228 1687 sed
3263 1646 3386 1686 cum
3421 1630 3589 1686 male-

2018 1719 2200 1785 dicor,
2229 1717 2490 1773 benedice
2515 1760 2531 1786 ,
2561 1720 2708 1774 sicut
2737 1730 2791 1775 et
2821 1718 3024 1776 Paulus
3059 1721 3273 1776 dicebat
3301 1720 3380 1776 ":
3420 1718 3591 1774 Male-

2017 1810 2244 1862 dicimur
2290 1818 2339 1863 et
2386 1809 2776 1876 benedicimus,
2815 1812 3224 1880 persecutionem
3275 1813 3508 1881 patimur
3540 1823 3588 1865 et

2020 1902 2377 1972 sustinemus,
2424 1900 2765 1966 blasphemati
2811 1904 3176 1970 deprecamur.
3220 1903 3287 1958 Et
3329 1905 3586 1974 quoniam

2020 1992 2110 2062 qui
2133 1992 2246 2047 hazc
2275 2000 2462 2061 agunt,
2483 1992 2536 2046 id
2564 2001 2667 2058 est,
2685 1993 2774 2062 qui
2801 2009 2900 2062 pro
2917 1994 3389 2050 maledictionibus
3420 1996 3586 2052 bene—

2018 2082 2283 2137 dictiones
2302 2084 2532 2137 reddunt
2555 2123 2572 2148 ,
2595 2085 2687 2154 qui
2713 2100 2809 2153 pro
2831 2085 3180 2153 blasphemiis
3204 2087 3586 2156 deprecantur,

2017 2173 2267 2229 videntur
2314 2173 2624 2230 hominibus
2657 2175 2742 2228 vel
2768 2183 2826 2228 ut
2864 2177 3102 2244 pecudes
3127 2186 3184 2231 et
3206 2189 3587 2250 purgamenta,

2020 2275 2274 2334 tanquam
2307 2267 2398 2332 qui
2423 2281 2641 2321 sensum
2672 2266 2882 2336 injuria:
2913 2283 3017 2322 non
3040 2269 3276 2335 habent,
3299 2280 3587 2340 propterea

2015 2372 2143 2427 ergo
2178 2355 2383 2412 addidit
2414 2357 2602 2412 dicens
2631 2357 2710 2409 ’δε
2740 2356 3013 2428 Tanquam
3041 2371 3386 2430 purgamenta
3426 2363 3586 2429 huius

2015 2450 2199 2503 "uiridi
2230 2450 2360 2518 [acti
2395 2466 2577 2503 sumus
2610 2449 2844 2504 omnium
2873 2450 3182 2519 peripsema.
3230 2451 3338 2507 Sed
3362 2468 3460 2507 nos
3489 2468 3589 2508 no-

2014 2541 2191 2594 lumus
2214 2539 2339 2593 cum
2364 2542 2628 2612 apostolis
2656 2550 3013 2612 purgamenta
3040 2541 3202 2609 hujus
3225 2545 3409 2598 mundi
3442 2545 3583 2611 ﬁeri,

2013 2636 2106 2686 sed
2135 2633 2381 2688 volumus
2417 2648 2519 2687 non
2550 2634 2824 2689 contemni
2860 2633 2927 2689 ab
2963 2634 3304 2701 hominibus,
3339 2637 3450 2692 imo
3482 2653 3583 2707 po-

2014 2727 2120 2780 tius
2140 2736 2194 2780 et
2221 2724 2416 2789 timeri,
2437 2735 2491 2779 et
2514 2725 2646 2780 satis
2664 2725 2872 2795 agimus
2894 2725 3119 2781 reddere
3143 2727 3225 2782 bis
3247 2729 3335 2796 qui
3364 2729 3580 2795 laedunt,

2011 2828 2065 2872 et
2093 2819 2397 2888 przevenire
2427 2817 2720 2872 vindictam
2764 2834 2926 2889 quam
2967 2819 3069 2874 sibi
3111 2820 3370 2874 Dominus
3405 2836 3584 2876 rescr-

2011 2911 2154 2963 vavit
2187 2909 2430 2964 dicens”
2457 2927 2471 2964 :
2511 2909 2644 2964 Mihi
2693 2909 2921 2963 vindicta
2941 2950 2957 2975 ,
2994 2927 3086 2980 ego
3116 2911 3427 2978 retribuam,
3454 2913 3584 2966 dicit

2011 3000 2287 3054 Dominus.
2319 3001 2522 3054 Verum
2556 3000 2601 3054 si
2638 3015 2743 3053 non
2777 3015 3065 3070 possumus
3106 3001 3158 3056 in
3201 3011 3413 3056 tantum
3453 3019 3582 3073 pro-

2010 3093 2168 3146 licere
2190 3131 2206 3155 ,
2248 3100 2304 3145 et
2335 3091 2403 3146 ad
2435 3090 2581 3144 istud
2627 3091 2841 3147 culmen
2881 3092 3129 3148 veritatis
3159 3095 3492 3159 ascendere,
3524 3105 3584 3147 ut

2010 3183 2256 3236 dicamus
2289 3197 2412 3236 cum
2454 3181 2654 3237 Paulo:
2700 3183 3075 3238 Maledicimur
3117 3194 3164 3238 et
3207 3186 3579 3248 benedicimus,

2008 3273 2414 3340 persecutionent
2469 3275 2702 3341 patimur
2743 3283 2791 3327 et
2831 3276 3182 3341 sustinemus,
3229 3275 3578 3344 blasphemati

2008 3364 2370 3430 deprecamur,
2396 3365 2481 3419 vel
2506 3366 2607 3419 hoc
2647 3366 2791 3435 quod
2820 3367 3000 3422 adhuc
3026 3383 3122 3438 per
3139 3364 3462 3437 Prophetam
3483 3367 3582 3421 do-

2009 3471 2230 3520 cemur,
2264 3457 2542 3512 dicamus:
2583 3457 2720 3511 Dum
2755 3459 2990 3513 constitit
3029 3472 3272 3528 peccator
3301 3460 3578 3514 adversum

2010 3565 2108 3611 me,
2134 3550 2370 3602 obmutui
2393 3561 2441 3603 et
2470 3551 2779 3604 humiliatus
2806 3566 2922 3604 sum
2947 3591 2961 3616 ,
2994 3561 3044 3605 et
3073 3553 3199 3605 silui
3221 3569 3252 3604 a
3279 3553 3444 3605 bonis.

2079 3638 2132 3692 5.
2163 3639 2229 3693 Ει
2255 3639 2384 3708 quid
2403 3641 2614 3694 addidit
2649 3638 2775 3693 his?
2807 3637 2874 3692 Et
2906 3639 3077 3705 dolor,
3106 3640 3299 3709 inquit,
3330 3656 3473 3693 meus
3505 3656 3583 3695 re-

2011 3743 2228 3788 novatus
2251 3742 2348 3788 est.
2387 3732 2449 3787 Hi
2475 3734 2564 3802 qui
2595 3734 2647 3786 in
2672 3734 2862 3801 agonis
2885 3733 3183 3788 certamine
3207 3733 3409 3788 mutuis
3437 3732 3580 3787 inter

2011 3841 2070 3880 se
2095 3825 2412 3881 verberibus
2441 3834 2639 3894 agunt,
2671 3825 2722 3878 in
2767 3826 2851 3880 bis
2899 3838 3116 3893 semper
3149 3839 3454 3893 pra-parare
3481 3840 3576 3878 co-

2009 3928 2241 3984 nantur,
2281 3925 2340 3970 ut
2381 3916 2530 3971 illata
2555 3916 2659 3970 sibi
2687 3917 2754 3971 ab
2789 3914 3119 3969 adversariis
3155 3917 3384 3986 verbera
3417 3913 3576 3968 forti-

2009 4021 2092 4066 ter
2117 4009 2327 4077 ferant,
2362 4024 2463 4063 nec
2489 4023 2713 4064 sensum
2746 4007 2948 4062 doloris
2976 4007 3279 4076 accipiant,
3305 4017 3362 4060 et
3397 4018 3477 4061 est
3499 4008 3579 4062 eis

2008 4117 2217 4157 summa
2243 4101 2452 4155 virtus:
2484 4101 2816 4155 lacertorum
2845 4099 2985 4153 ictus
3007 4099 3088 4167 vel
3113 4100 3340 4152 calcium
3369 4099 3578 4168 absque

2007 4194 2192 4249 dolore
2231 4194 2526 4262 suscipere.
2563 4192 2623 4246 In
2655 4192 2851 4261 quibus
2884 4190 2974 4244 ille
3002 4200 3082 4244 est
3113 4190 3443 4259 perfectior,
3479 4193 3572 4259 qui

2009 4287 2074 4340 ad
2115 4287 2280 4342 ictum
2308 4285 2553 4339 vulneris
2580 4323 2596 4349 ,
2629 4284 2837 4338 nullum
2883 4284 3075 4352 recipit
3109 4283 3389 4337 stimulum
3423 4283 3579 4336 dolo-

2010 4379 2104 4434 ris.
2127 4378 2406 4434 Secundus
2435 4391 2564 4431 vero
2591 4383 2675 4430 est
2706 4376 2750 4429 is
2781 4375 2871 4445 qui
2903 4375 3051 4431 dolet
3074 4376 3316 4445 quidem,
3352 4374 3446 4429 sed
3473 4389 3572 4427 ne-

2006 4483 2276 4539 quaquam
2319 4467 2594 4522 doloribus
2651 4466 2816 4520 cedit.
2876 4464 3007 4520 Tale
3063 4465 3267 4536 aliquid
3325 4465 3575 4535 intelligo

329 4556 375 4612 si
421 4556 640 4610 humilis
687 4567 741 4609 et
783 4568 1039 4625 peccator
1082 4561 1152 4612 sit
1193 4569 1247 4612 et
1289 4559 1558 4630 indignus.
1589 4561 1680 4616 Ille
1731 4563 1895 4617 dicit:
1933 4555 1976 4610 D
2002 4563 2166 4615 etiam
2207 4561 2262 4614 in
2307 4560 2462 4615 nobis
2487 4600 2503 4624 ,
2531 4574 2655 4614 cum
2682 4555 3090 4623 maledicimur,
3120 4568 3176 4612 et
3217 4557 3430 4612 assistit
3475 4558 3571 4611 ad-

329 4649 467 4704 Dum
496 4650 727 4702 constitit
750 4663 992 4717 peccator
1015 4650 1290 4704 adversum
1323 4667 1424 4716 me,
1459 4654 1693 4706 obmutui
1723 4664 1771 4708 et
1799 4655 1899 4707 hu-

329 4743 560 4796 miliatus
602 4759 718 4796 sum
749 4752 796 4796 et
844 4742 968 4795 silui
1012 4760 1044 4795 a
1094 4741 1260 4796 bonis.
1301 4741 1416 4798 Non
1457 4744 1589 4798 dixit
1631 4762 1645 4798 :
1689 4755 1747 4800 et
1776 4747 1901 4802 silui

331 4836 734 4899 tantummodo,
761 4834 854 4888 sed
877 4852 907 4886 a
933 4835 1081 4888 bonis
1102 4835 1262 4900 silui;
1291 4835 1342 4888 in
1369 4851 1475 4906 quo
1497 4839 1734 4892 ostendit
1755 4840 1898 4908 quod

325 4943 448 4982 cum
477 4929 588 4998 sint
619 4928 674 4982 in
717 4943 803 4981 me
836 4927 973 4980 bona
994 4966 1010 4990 ,
1055 4937 1110 4981 et
1139 4928 1369 4982 edoctus
1413 4939 1574 4997 atque
1619 4929 1900 4985 institutus

327 5021 427 5074 sim
456 5019 608 5073 bonis
637 5018 977 5089 dogmatibus
1023 5028 1188 5088 atque
1229 5020 1530 5089 disciplinis
1549 5059 1567 5087 ,
1594 5030 1648 5075 et
1687 5023 1895 5091 possim

325 5112 492 5166 etiam
521 5119 748 5166 caeteros
777 5112 973 5166 docere
1011 5125 1131 5180 quae
1158 5110 1294 5165 bona
1319 5122 1477 5181 sunt,
1514 5127 1692 5170 tamen
1740 5116 1796 5169 in
1827 5130 1895 5171 eo

327 5213 569 5272 tempore
589 5218 696 5271 quo
726 5213 979 5271 peccator
1005 5201 1213 5257 assistit
1242 5203 1529 5259 adversum
1565 5222 1651 5262 tne
1677 5215 1732 5261 et
1761 5221 1894 5262 con-

324 5296 480 5348 viciis
511 5293 729 5348 lacessit
755 5308 818 5348 ac
837 5294 1033 5362 jnrgiis
1056 5331 1071 5357 ,
1105 5307 1204 5361 ego
1225 5295 1386 5347 etiam
1421 5297 1561 5349 bona
1584 5295 1749 5349 verba
1774 5309 1893 5350 mea

324 5386 548 5438 cohibeo
574 5395 630 5439 et
657 5387 893 5455 reprimo
919 5403 931 5436 :
970 5401 1037 5439 ne
1065 5385 1146 5438 vel
1177 5384 1251 5437 illi
1286 5385 1462 5456 ignem
1497 5401 1609 5441 sua:
1634 5387 1894 5455 perditio-

325 5477 407 5531 nis
437 5475 762 5532 inﬂamment
786 5517 800 5541 ,
829 5477 954 5530 dum
991 5493 1094 5531 non
1118 5486 1296 5546 potest
1325 5477 1524 5546 pariter
1550 5494 1744 5548 parere
1773 5495 1893 5534 ma-

325 5567 389 5622 lis
409 5607 425 5633 ,
455 5580 508 5622 et
531 5569 844 5639 conspicere
875 5573 1056 5635 bona,
1091 5572 1170 5625 vel
1201 5586 1511 5624 sermonum
1543 5586 1782 5625 meorum
1812 5571 1892 5625 fa-

325 5660 466 5713 ciam
496 5659 904 5716 detrimentum.
929 5660 1067 5726 Quid
1097 5663 1273 5730 ergo?
1321 5663 1434 5720 Hoc
1463 5663 1734 5719 videbitur
1767 5679 1890 5734 per-

396 5834 442 5866 ”
466 5835 627 5894 Prov.
662 5853 736 5904 tv,
773 5838 858 5892 55.
935 5839 975 5871 ³⁸
1009 5839 1170 5896 Eccli.
1207 5857 1393 5910 xxvnt,
1424 5843 1514 5900 28.
1589 5845 1631 5877 ³³
1661 5846 1787 5902 ibid.
1809 5847 1897 5904 29.

2007 4666 2220 4706 versum
2264 4666 2363 4707 nos
2405 4652 2782 4720 antagonista,
2812 4648 2857 4703 si
2889 4649 3105 4718 quidem
3154 4648 3293 4703 bene
3340 4647 3574 4702 instituti

2003 4758 2225 4811 sumus,
2271 4752 2326 4798 et
2367 4743 2548 4797 animo
2591 4743 2747 4814 longa
2801 4742 3154 4797 meditatione
3202 4740 3485 4805 roborati,
3517 4741 3572 4794 in

2006 4835 2154 4893 nullo
2181 4835 2394 4905 penitus
2419 4850 2487 4889 ex
2512 4835 2678 4890 illatis
2707 4833 3006 4889 maledictis
3030 4833 3115 4888 vel
3140 4832 3404 4888 conviciis
3441 4847 3575 4888 con-

2007 4925 2320 4992 tristamur,
2347 4927 2443 4981 sed
2483 4940 2672 4981 sumus
2701 4940 2800 4995 pro
2828 4925 2993 4978 nimia
3025 4925 3226 4980 mentis
3265 4924 3574 4979 constantia

2003 5030 2068 5068 ac
2120 5016 2381 5084 patientia
2425 5015 2572 5072 velut
2613 5032 2774 5072 sensu
2810 5015 3015 5071 doloris
3061 5025 3312 5071 carentes
3337 5053 3352 5081 ,
3385 5025 3438 5069 et
3476 5029 3574 5084 per

2003 5107 2225 5161 multam
2252 5109 2712 5163 mansuetudinem
2736 5148 2751 5172 ,
2785 5118 2843 5162 ut
2871 5109 3101 5163 audeam
3137 5107 3210 5161 ita
3260 5106 3568 5170 nominare,

2001 5202 2149 5256 velut
2191 5203 2493 5257 imitatores
2536 5200 2800 5256 eﬂicitnur
2829 5201 3226 5270 quodammodo
3266 5197 3397 5252 Dei:
3432 5197 3573 5250 Deus

2003 5298 2148 5352 enim
2198 5297 2539 5352 maledicitur
2596 5299 2665 5351 ab
2709 5295 3014 5359 hmreticis,
3047 5293 3456 5363 blasphematur
3504 5288 3574 5342 ab

2002 5389 2086 5444 his
2114 5390 2205 5460 qui
2243 5387 2636 5459 providentiam
2666 5386 2784 5455 ejus
2816 5395 3052 5455 negant,
3096 5384 3346 5452 culpatur
3383 5379 3452 5434 ab
3485 5379 3573 5433 his

1999 5481 2092 5553 qui
2128 5483 2412 5536 thesauros
2444 5479 2727 5551 sapientia:
2758 5477 2872 5547 ejus
2901 5479 3179 5547 ignorant:
3205 5481 3260 5526 et
3291 5473 3377 5529 dic
3413 5472 3568 5542 mihi,

1999 5573 2243 5642 nunquid
2274 5579 2430 5641 potes
2459 5571 2563 5626 hoc
2592 5569 2865 5639 cogitare,
2891 5567 3033 5638 quod
3065 5581 3163 5636 pro
3196 5566 3281 5620 his
3313 5564 3568 5620 oinniuus

1998 5661 2213 5730 injuriis
2265 5660 2448 5716 doleat
2510 5659 2730 5729 quidem
2780 5659 2962 5727 Deus,
3009 5657 3105 5712 sed
3149 5657 3394 5727 patiatur
3431 5654 3570 5708 sicut

1978 5849 2021 5881 ³³
2050 5847 2071 5900 ι
2101 5847 2227 5904 Cor.
2259 5861 2335 5911 tv,
2369 5842 2457 5900 12.
2535 5843 2581 5877 δ”
2609 5841 2738 5898 ibin.
2778 5845 2862 5901 15.
2941 5846 2984 5878 ³⁵
3015 5845 3168 5900 Rom.
3205 5853 3306 5905 xu,
3340 5839 3429 5894 19.
