3970 6160
279 337 423 392 17.97

943 324 1254 382 SELECTA
1283 323 1350 379 IN
1377 319 1719 379 PSALMOS.
1757 350 1827 361 —
1859 316 2093 373 HOMIL.
2135 318 2154 371 Ι
2201 317 2269 374 ΙΝ
2300 319 2496 377 PSAL.
2531 321 2816 378 XXXVIII.

3397 327 3544 386 ηπ

287 458 454 509 etiam
486 452 629 522 quod
666 452 718 506 in
743 449 968 507 Actibus
996 450 1359 522 apostolorum
1391 447 1624 504 refertur
1639 446 1706 510 ³⁸,
1736 458 1857 498 cum
1885 445 1937 502 Α
1965 457 2094 500 cens
2115 445 2160 478 ’θ’
2193 460 2209 498 :
2237 445 2435 501 Deinde
2457 447 2582 516 ﬁnis
2611 463 2728 501 cum
2758 446 3041 501 tradiderit
3090 463 3308 520 regnum
3339 447 3450 507 Deo
3486 470 3530 508 ει

282 548 419 602 dicit
460 547 588 616 quia
618 546 748 600 visae
778 554 904 600 sunt
941 545 1022 600 eis
1067 545 1255 600 divisae
1302 543 1500 612 lingme
1531 541 1860 610 sicutignis,

285 650 342 694 et
368 640 683 694 consedis<e
713 653 878 708 super
910 637 1204 706 apostolos.
1242 651 1340 705 pro
1369 652 1433 690 eo
1471 635 1682 689 scilicet
1716 634 1860 703 quod

288 735 569 805 Evangelii
606 734 829 789 verbum
871 733 1215 800 prmdicaturi
1262 742 1316 787 et
1362 731 1505 802 ignei
1533 730 1739 801 vigoris
1766 730 1863 784 de-

288 827 481 884 berent
513 827 684 897 gratia
735 825 1007 889 roborari,
1046 834 1102 878 ut
1135 826 1441 879 auditorum
1484 825 1678 878 animae
1707 821 1863 877 flam—

286 934 429 973 mam
479 933 579 988 per
614 917 881 971 sermonis
923 917 1201 970 traducem
1251 925 1546 970 sumerent.
1585 915 1691 971 Sed
1721 915 1862 969 unde

291 1009 425 1063 milii
452 1010 550 1062 hoc
581 1019 638 1062 ut
665 1007 860 1077 linguze
894 1007 1034 1079 ignis
1063 1008 1246 1063 veniat
1269 1008 1324 1062 in
1353 1023 1448 1063 cor
1472 1024 1672 1076 meum,
1710 1019 1765 1064 et
1792 1009 1862 1064 de

287 1097 470 1170 lingua
517 1097 674 1167 ignea
718 1114 820 1168 ego
851 1112 1069 1166 quoque
1116 1099 1386 1168 proferam
1433 1113 1768 1165 sermonem,
1802 1108 1862 1154 ut

285 1205 350 1245 ex
386 1206 470 1244 me
500 1190 654 1244 velox
686 1191 1031 1244 sermonibus
1076 1191 1211 1244 meis
1253 1193 1586 1245 accendatur
1624 1191 1762 1260 ignis
1804 1192 1858 1246 in

288 1285 548 1338 cordibus
591 1284 920 1348 auditorum,
959 1283 1126 1356 694
1155 1296 1209 1337 et
1243 1296 1580 1351 arguateum
1608 1287 1699 1354 qui
1732 1301 1862 1356 pee-

285 1376 452 1440 cavit,
489 1384 544 1429 et
586 1374 852 1430 efficiatur
901 1376 950 1430 ei
1004 1391 1184 1431 sermo
1222 1391 1376 1432 meus
1424 1380 1768 1448 supplicium,
1803 1389 1861 1434 ut

285 1469 513 1523 adustus
542 1477 596 1522 et
637 1467 1002 1524 influnmatus
1041 1471 1383 1527 sermonibus
1428 1474 1563 1530 meis
1593 1477 1776 1530 veniat
1805 1476 1856 1529 in

285 1561 691 1630 paenitentiam,
727 1577 848 1631 quae
893 1561 1124 1616 salutem
1185 1565 1434 1619 stabilem
1481 1576 1740 1635 operatur
1790 1583 1855 1622 ex

288 1654 509 1708 tristitia
557 1669 677 1723 quae
719 1655 1016 1708 secundum
1068 1657 1234 1709 Deum
1274 1665 1375 1719 est,
1411 1672 1575 1726 quam
1608 1671 1672 1710 ex
1706 1657 1858 1711 verbi

289 1743 382 1800 Dei
432 1746 805 1814 increpatione
863 1747 1135 1816 suscepit?
1169 1749 1346 1816 Atque
1396 1749 1601 1802 utinam
1653 1749 1855 1817 possim

288 1840 360 1891 ita
401 1839 702 1892 accendere
729 1855 946 1894 omnem
978 1839 1214 1894 animam
1263 1840 1599 1906 auditorum,
1639 1854 1697 1895 ut
1739 1842 1862 1910 qui-

285 1944 500 1998 cunque
537 1930 639 1985 sibi
671 1931 926 1986 conscius
949 1941 1053 1996 est,
1080 1947 1186 1986 non
1220 1932 1400 1988 ferens
1447 1933 1616 1988 nostri
1657 1949 1863 1989 sermo-

287 2024 370 2076 nis
401 2024 736 2084 inccndium,
780 2025 873 2077 sed
901 2024 1158 2080 omnibus
1193 2025 1334 2080 intra
1367 2040 1426 2081 se
1454 2027 1758 2082 visceribus
1783 2028 1862 2081 in-

287 2114 620 2178 flammatus,
652 2116 896 2172 velocius
933 2128 1280 2174 consumeret
1331 2117 1558 2172 latentes
1597 2118 1862 2174 intrinse-

285 2224 382 2262 cus
412 2208 668 2262 vitiorum
713 2211 945 2266 sordes:
977 2221 1035 2266 ut
1076 2220 1434 2282 posteaquam
1491 2211 1863 2267 interemisset

283 2317 445 2356 autne
482 2303 746 2373 quidquid
790 2303 973 2360 carnis
1013 2313 1070 2361 et
1123 2305 1367 2360 materiae
1417 2305 1708 2361 crassioris
1739 2321 1865 2374 pro-

287 2397 465 2464 prium
499 2408 585 2451 est
633 2409 686 2452 et
725 2400 983 2466 amicum,
1015 2413 1144 2454 tunc
1173 2399 1286 2468 jam
1314 2400 1455 2471 ignis
1484 2400 1588 2455 iste
1617 2401 1773 2456 fieret
1804 2400 1859 2454 in

282 2503 352 2543 co
388 2490 480 2543 lux
507 2499 561 2543 et
594 2490 814 2544 lucerna
847 2491 1045 2546 ardens
1072 2505 1087 2544 :
1118 2507 1237 2560 qua:
1273 2507 1376 2545 non
1405 2492 1506 2546 sub
1537 2493 1740 2560 modio,
1766 2493 1864 2546 sed

285 2597 449 2650 super
491 2585 875 2638 candelabrum
929 2587 1058 2654 poni
1115 2587 1355 2650 deberet,
1416 2594 1475 2638 ut
1532 2585 1866 2640 illuminaret

287 2689 480 2730 omnes
530 2676 620 2744 qui
675 2677 727 2729 in
788 2679 949 2731 domo
996 2678 1202 2732 sunt“.
1235 2675 1293 2732 Si
1358 2691 1486 2748 ergo
1525 2679 1776 2733 accendit
1809 2689 1864 2734 te

286 2783 467 2822 sermo
530 2771 764 2835 auditus,
813 2778 869 2824 et
912 2771 1237 2826 intellexisti
1285 2772 1416 2841 quid
1462 2772 1598 2825 dixit
1630 2773 1864 2842 Aposto-

285 2862 372 2917 lus
394 2862 439 2894 “
476 2881 490 2918 :
525 2863 594 2917 Et
625 2867 741 2933 quis
793 2874 869 2918 est
893 2867 982 2935 qui
1022 2883 1102 2920 me
1134 2867 1384 2936 (reti/Scel,
1410 2870 1510 2922 nisi
1540 2869 1632 2939 qui
1662 2870 1864 2922 contri-

286 2965 462 3009 statur
499 2972 563 3010 ea:
607 2958 726 3010 me?
765 2958 1031 3023 Quoniam
1070 2959 1233 3012 verba
1289 2960 1454 3028 ipsius
1497 2969 1656 3016 erant
1696 2961 1860 3031 ignis,

284 3054 339 3100 et
373 3045 660 3102 laetabatur
699 3049 988 3116 Apostolus
1024 3049 1202 3104 sicubi
1247 3049 1466 3104 videbat
1500 3051 1733 3121 aliquem
1766 3068 1861 3107 au-

1965 535 2141 593 Patri.
2177 539 2259 593 Ad
2297 553 2456 608 quem
2509 540 2673 593 linem
2705 539 2894 609 utique
2943 539 3304 594 festinandum
3337 552 3443 607 est,
3478 552 3530 596 ut

1963 630 2034 684 sit
2070 645 2246 699 operae
2302 633 2536 701 pretium
2580 633 2684 688 hoc
2732 634 2907 704 ipsum
2950 635 3096 705 quod
3138 648 3168 687 a
3215 634 3325 689 Deo
3362 636 3532 690 creati

1962 738 2172 780 sumus.
2207 724 2274 779 Et
2332 742 2541 793 rursus,
2592 728 2734 782 sicut
2783 730 3028 800 corporis
3059 730 3231 784 nostri
3270 745 3534 800 compago

1963 830 2133 884 parva
2164 819 2411 888 quaedam
2437 832 2491 875 et
2516 822 2708 892 exigua
2758 821 2826 877 ab
2870 822 3025 877 initio
3064 823 3381 889 nativitatis,
3409 838 3536 879 con.

1961 909 2141 966 festim
2192 919 2370 967 tamen
2419 924 2576 985 urget
2617 923 2672 970 et
2709 915 2880 969 tendit
2915 915 2982 969 ad
3034 916 3194 970 linem
3243 917 3532 985 quemdam

1962 1003 2306 1070 proceritatis
2355 1020 2466 1060 sum
2515 1021 2613 1076 per
2656 1009 2829 1061 aetatis
2876 1018 3182 1077 augmenta,
3213 1018 3265 1064 et
3313 1009 3531 1074 iterum,

1963 1095 2103 1150 sicut
2137 1097 2320 1152 anima
2363 1107 2547 1153 nostra
2581 1099 2878 1154 secundum
2906 1099 3010 1154 hoc
3041 1101 3186 1169 quod
3221 1101 3274 1155 in
3304 1116 3534 1171 corpore

1965 1187 2070 1241 hoc
2101 1188 2268 1258 degit,
2293 1187 2520 1244 festinat
2554 1190 2727 1259 primo
2753 1189 3023 1261 loquelam
3066 1191 3310 1263 recipere
3336 1193 3534 1248 balbu-

1966 1278 2214 1342 tientem,
2270 1281 2510 1335 secundo
2551 1281 2744 1336 deinde
2789 1281 3102 1350 clariorem,
3156 1293 3267 1336 tum
3315 1283 3533 1340 demum

1964 1369 2032 1423 ad
2061 1369 2484 1438 disputationem
2515 1371 2809 1440 perfectam
2837 1382 3000 1444 atque
3030 1374 3297 1445 integram
3336 1389 3534 1444 perve-

1965 1462 2122 1515 nire:
2154 1463 2257 1518 hoc
2285 1465 2445 1519 modo
2469 1466 2633 1520 etiam
2676 1467 2853 1521 omnis
2895 1467 3008 1522 vita
3053 1480 3238 1523 nostra
3275 1468 3539 1526 imbuitur

1963 1553 2181 1623 quidem
2209 1571 2352 1611 nunc
2377 1556 2524 1612 velut
2545 1558 2852 1615 balbutiens
2879 1559 3018 1614 inter
3045 1560 3298 1618 homines
3326 1562 3379 1618 in
3424 1571 3538 1621 ter-

1964 1650 2038 1703 ris
2067 1666 2080 1701 :
2118 1662 2527 1706 consummatur
2569 1667 2697 1708 vero
2733 1661 2787 1708 et
2816 1656 2883 1710 ad
2907 1669 3173 1711 summum
3209 1657 3456 1727 pervenit
3483 1659 3536 1713 in

1964 1742 2277 1798 ccelestibus
2299 1746 2441 1814 apud
2475 1744 2668 1801 Deum.
2703 1746 2863 1816 Cupit
2884 1763 3016 1818 ergo
3042 1750 3307 1821 propheta
3340 1749 3444 1806 ista
3471 1752 3538 1807 de

1966 1851 2129 1892 causa
2164 1851 2456 1910 agnoscere
2500 1839 2666 1894 finem
2700 1855 2855 1896 suum
2891 1852 3113 1912 propter
3163 1857 3327 1914 quem
3358 1843 3536 1900 factus

1965 1941 2079 1997 est,
2131 1942 2190 1988 ut
2242 1934 2455 1991 intuens
2500 1935 2658 1991 finem
2693 1945 2750 1992 et
2796 1936 2911 1992 dies
2953 1952 3079 1993 suos
3113 1937 3453 2009 perspiciens
3483 1945 3541 1993 et-

1965 2026 2322 2083 consideraus
2351 2028 2764 2098 perfectionem,
2800 2029 2986 2085 videat
3014 2041 3276 2099 quantum
3313 2030 3414 2086 sibi
3442 2031 3539 2086 de-

1967 2128 2052 2175 est
2104 2121 2170 2176 ad
2222 2122 2369 2176 illum
2421 2123 2583 2179 finem
2622 2139 2732 2195 quo
2763 2125 2958 2180 tendit.
2986 2124 3150 2181 Verbi
3178 2126 3375 2196 gratia,
3403 2135 3462 2181 ut
3487 2127 3535 2184 si

1965 2226 2236 2280 ponamus
2256 2215 2491 2284 aliquem
2523 2216 2758 2272 artificio
2789 2218 3071 2284 traditum,
3103 2226 3158 2274 et
3180 2219 3325 2274 hunc
3355 2220 3553 2274 dicere

1966 2305 2033 2358 ad
2067 2304 2387 2374 magistrum
2411 2303 2744 2368 suum,Volo
2773 2305 2914 2360 scire
2945 2322 3066 2378 qua:
3093 2308 3165 2362 sit
3202 2309 3338 2362 artis
3371 2307 3546 2377 hujus»

1967 2395 2247 2464 perfectio,
2277 2405 2333 2452 et
2373 2412 2536 2455 nosse
2565 2398 2657 2468 qui
2697 2399 2767 2452 sit
2795 2399 2949 2453 faber
2979 2398 3251 2470 perfectus
3281 2400 3365 2455 vel
3391 2409 3538 2456 stru-

1967 2498 2125 2542 ctor:
2161 2498 2214 2542 et
2242 2504 2362 2544 cum
2401 2489 2503 2546 hoc
2535 2491 2812 2556 didicerit,
2851 2492 3097 2562 requirat
3123 2501 3388 2562 quantum
3429 2493 3536 2548 sibi

1966 2579 2117 2635 deest
2157 2581 2224 2634 ab
2268 2580 2358 2634 illa
2405 2580 2765 2649 perfectione,
2811 2580 2905 2637 vel‘
2938 2590 3202 2652 quantum
3246 2580 3550 2651 profecerit-

1964 2670 2021 2726 in
2062 2672 2198 2727 artis
2240 2671 2550 2741 disciplina,
2586 2683 2644 2728 ut
2689 2689 2815 2728 cum
2847 2682 3138 2743 utrumque
3194 2673 3547 2745 cognoverit,

1965 2762 2104 2817 sciat
2136 2762 2265 2832 quid
2299 2762 2518 2830 habeat,
2555 2773 2608 2819 et
2648 2764 2778 2834 quid
2823 2764 3140 2834 perfectioni
3187 2764 3325 2820 desit
3367 2778 3552 2834 agno--

1964 2864 2112 2921 seat;
2165 2856 2240 2911 ita
2287 2856 2452 2910 etiam
2496 2865 2551 2911 et
2605 2873 2750 2912 nunc
2779 2859 3044 2926 propheta
3089 2865 3273 2911 orata
3309 2856 3422 2912 Deo
3448 2856 3540 2911 di-

1965 2963 2116 3002 scere
2164 2957 2222 3002 ut
2267 2949 2572 3004 innotescat
2616 2949 2718 3003 sibi
2762 2949 2906 3015 finis,
2943 2959 2998 3005 et
3031 2965 3291 3006 numerus
3320 2949 3551 3007 dierum-

1965 3057 2186 3096 suorum
2221 3042 2311 3112 qui
2359 3043 2448 3096 sit.
2487 3041 2542 3096 In
2574 3057 2679 3110 quo
2703 3058 2810 3097 non
2841 3051 2925 3098 est
2963 3043 3264 3110 putandum
3292 3043 3435 3113 quod
3466 3043 3549 3098 de-

285 3139 401 3193 dito
447 3155 700 3196 sermone
739 3156 838 3196 suo
888 3143 1266 3198 contristatqu
1296 3157 1350 3200 et
1380 3155 1761 3216 compunctum
1791 3163 1858 3202 ex

1967 3132 2233 3202 corporali
2277 3143 2521 3203 tempore
2573 3144 2630 3190 et
2683 3135 2842 3190 annis
2885 3135 3046 3205 hujus
3081 3137 3208 3191 vitae
3257 3135 3546 3205 loquatur,

286 3235 375 3290 bis
411 3250 529 3304 qua:
573 3237 841 3302 audierat,
887 3237 1127 3306 quodam
1169 3240 1519 3294 conscientiae
1571 3255 1684 3294 sum
1738 3240 1860 3310 igne

285 3343 610 3385 succensum
633 3347 700 3386 ex
735 3331 1111 3386 recordatione
1152 3332 1359 3395 delicti,
1391 3343 1682 3401 propterea
1712 3334 1862 3388 dice-

286 3423 379 3478 bat
407 3438 422 3476 :
450 3419 517 3476 Et
555 3425 670 3494 quis
699 3433 774 3478 est
803 3425 893 3493 qui
921 3441 1002 3478 me
1035 3424 1290 3494 la'tiﬁcet,
1318 3426 1423 3479 nisi
1450 3426 1542 3495 qui
1575 3427 1865 3480 contrista—

285 3526 375 3568 tur
405 3531 469 3569 ex
518 3516 636 3571 me?
666 3517 742 3571 ita
775 3531 904 3587 ergo
944 3526 1000 3572 et
1034 3532 1132 3573 nos
1177 3517 1540 3589 satisagamus
1565 3530 1624 3572 ut
1663 3519 1718 3573 in
1750 3534 1864 3574 me-

286 3610 642 3667 ditationibus
692 3613 894 3667 nostris
936 3613 1271 3668 accendatur
1315 3613 1481 3684 ignis,
1503 3614 1594 3684 qui
1625 3628 1724 3668 nos
1753 3614 1865 3682 pri-

286 3719 377 3758 mo
409 3713 622 3768 exurat,
662 3715 717 3758 et
754 3706 1132 3761 recordatione
1167 3715 1223 3760 et
1269 3707 1608 3762 conscientia
1657 3721 1858 3776 pecca-

287 3808 488 3864 torum,
526 3809 713 3862 postea
743 3813 874 3854 vero
895 3809 1230 3870 expurgatos
1256 3798 1370 3868 jam
1413 3799 1562 3855 vitiis
1593 3797 1864 3853 illuminet

284 3903 340 3947 et
369 3893 625 3947 illustret.

356 3983 412 4038 8.
452 3982 684 4038 Locutus
736 4000 875 4050 sum,
916 3983 1110 4053 inquit,
1144 3985 1199 4038 in
1239 3985 1422 4055 lingua
1462 3988 1601 4038 mea'.
1628 3980 1766 4048 Quid
1793 3981 1867 4035 lo-

283 4087 449 4133 cutus
499 4081 570 4134 sit
624 4081 676 4132 in
719 4079 903 4148 lingua
940 4093 1063 4142 sua,
1109 4079 1527 4133 consideremus
1575 4093 1590 4129 :
1643 4077 1866 4132 videtur

285 4167 432 4222 enim
467 4167 598 4222 mihi
632 4183 726 4237 per
755 4169 870 4222 haec
900 4167 1192 4240 mysticum
1225 4167 1431 4236 aliquid
1468 4166 1735 4220 indicare.
1774 4165 1866 4218 Ait

288 4276 419 4331 ergo
450 4279 464 4316 :
491 4259 693 4316 Notum
735 4260 822 4329 fac
869 4261 1021 4327 milii,
1075 4260 1324 4325 Domine,
1378 4259 1541 4328 ﬁnem
1589 4273 1786 4321 meum,
1815 4265 1866 4309 et

286 4368 566 4406 numerum
615 4351 818 4428 dierum
855 4367 1087 4405 meorum
1139 4352 1256 4422 quis
1309 4360 1404 4414 est,
1445 4357 1503 4402 ut
1534 4347 1700 4402 sciam
1739 4346 1867 4418 quid

286 4445 422 4499 desit
449 4444 600 4498 mihi.
644 4445 726 4506 Si,
777 4444 970 4512 inquit,
1008 4453 1196 4498 notum
1241 4441 1438 4496 feceris
1481 4441 1643 4496 finem
1684 4456 1862 4495 meum

289 4535 446 4600 mihi,
476 4545 530 4589 et
561 4544 798 4603 quantus
847 4533 920 4588 sit
963 4548 1224 4587 numerus
1245 4531 1455 4587 dierum
1487 4545 1734 4586 meorum
1767 4545 1865 4585 no-

287 4638 400 4685 tum
431 4627 628 4683 feceris
658 4628 809 4692 mihi,
847 4637 1040 4698 potero
1070 4641 1166 4696 per
1193 4627 1306 4681 lucc
1331 4627 1496 4680 etiam
1531 4625 1666 4681 illud
1689 4640 1862 4696 agno-

285 4736 460 4786 scere,
497 4721 630 4789 quid
682 4720 823 4775 desit
862 4720 1015 4774 mibi.
1069 4721 1176 4774 Aut
1221 4719 1361 4773 forte
1406 4733 1504 4790 per
1543 4719 1658 4775 haec
1699 4719 1863 4774 etiam

289 4814 424 4869 illud
462 4813 732 4868 videbitur
766 4813 1019 4875 indicari,
1050 4812 1180 4882 quia
1220 4812 1365 4867 sicut
1407 4811 1586 4867 omnis
1618 4811 1752 4867 artis
1781 4820 1869 4866 est

287 4902 489 4972 aliquis
525 4901 670 4966 finis,
696 4901 849 4955 verbi
885 4901 1055 4970 gratia
1091 4901 1412 4956 structionis
1449 4901 1595 4966 finis,
1637 4903 1858 4957 domum

289 4990 493 5053 facere,
525 4990 799 5061 naupagii,
831 5005 1025 5045 navem
1062 5001 1378 5046 construere
1407 5007 1528 5061 qua:
1563 4995 1734 5062 possit
1761 4994 1865 5048 flu-

288 5096 410 5149 ctus
443 5086 611 5139 maris
639 5098 898 5154 superare
928 5093 982 5139 et
1023 5083 1167 5138 ferre
1198 5083 1430 5153 impetus
1455 5094 1765 5149 ventorum,
1810 5095 1867 5140 et

290 5174 716 5245 uniuscujusque
761 5176 898 5229 artis
933 5184 1016 5230 est
1055 5175 1257 5246 aliquis
1301 5175 1424 5230 talis
1455 5175 1599 5241 finis,
1634 5186 1860 5247 propter

290 5283 452 5341 quem
494 5284 584 5324 ars
629 5269 743 5338 ipsa
801 5268 1016 5323 videtur
1060 5279 1316 5338 reperta:
1349 5269 1423 5322 ita
1475 5268 1722 5324 fortassis
1779 5277 1867 5324 est

291 5363 418 5419 vitae
452 5370 654 5418 nostra:
686 5361 772 5414 vel
809 5361 974 5416 totius
1004 5361 1187 5414 mundi
1214 5360 1337 5415 finis
1367 5360 1609 5430 quidam,
1645 5371 1868 5432 propter

293 5474 456 5530 quem
493 5470 760 5528 geruntur
794 5457 976 5513 omnia
1008 5472 1128 5526 quae
1153 5465 1416 5527 geruntur
1442 5457 1623 5510 invita
1658 5467 1864 5522 nostra,

297 5552 382 5604 vel
410 5562 632 5622 pmpter
663 5566 822 5620 quem
857 5552 1088 5606 mundus
1121 5549 1234 5618 ipse
1254 5549 1341 5603 vel
1369 5548 1650 5604 institutus
1677 5558 1759 5604 est
1784 5549 1869 5604 vel

297 5652 536 5699 constat.
563 5642 731 5715 Cujus
785 5643 908 5698 finis
953 5643 1117 5700 etiam
1161 5641 1452 5712 Apostolus
1493 5640 1743 5698 meminit
1789 5641 1870 5696 di-

371 5825 415 5857 ”
443 5829 559 5884 Act.
595 5845 651 5885 ll.
728 5829 772 5862 ⁶⁰
798 5829 1180 5897 Mattb.v,15.
1261 5831 1300 5862 δι
1335 5826 1374 5883 ll
1409 5828 1535 5888 Cor.
1563 5847 1620 5899 tt,
1652 5826 1706 5881 9..

1785 5828 1829 5860 "
1861 5832 1901 5888 ll
1929 5831 2054 5887 Cor.
2087 5839 2174 5892 xv,
2207 5822 2296 5881 24.
2371 5823 2417 5856 ’⁸³
2440 5821 2580 5879 Psal.
2613 5834 2759 5887 cxtx,
2788 5819 2841 5875 6.

1965 3228 2060 3281 sed
2085 3241 2300 3281 omnem
2333 3243 2618 3281 numerum
2645 3227 2854 3283 dierum
2895 3229 3041 3284 scire
3073 3227 3211 3295 vult,
3243 3229 3334 3298 qui
3372 3227 3548 3283 fuerit

1965 3318 2020 3373 in
2049 3321 2228 3389 prima
2267 3319 2404 3384 vita,
2434 3320 2524 3389 qui
2567 3319 2735 3376 fuerit
2777 3323 2831 3376 in
2880 3323 3117 3378 secundo
3158 3322 3418 3387 incolatu,
3445 3321 3551 3392 qui-

1967 3414 2020 3466 in
2053 3414 2231 3468 terlio.
2276 3411 2508 3467 Multum
2537 3413 2700 3478 enim,
2745 3412 3010 3482 inquit“,
3047 3414 3223 3468 incola
3279 3415 3384 3485 fuit
3419 3415 3541 3467 ani-

1964 3523 2051 3560 ma
2079 3523 2214 3561 mea.
2242 3506 2400 3563 Velut
2425 3507 2469 3566 si
2501 3506 2742 3562 dicerent
2768 3506 2840 3560 illi
2868 3507 2959 3576 qui
2985 3508 3242 3562 exierunt
3269 3524 3334 3563 ex
3365 3507 3556 3580 Egy~

1965 3607 2058 3668 pto
2083 3619 2098 3655 :
2126 3597 2326 3655 Notum
2371 3599 2456 3670 [ac
2486 3601 2638 3665 mihi,
2672 3601 2916 3669 Domine,
2949 3600 3106 3669 finem
3141 3599 3392 3666 meum“,
3417 3615 3543 3670 quin

1965 3701 2049 3748 est
2084 3701 2231 3746 terra
2271 3693 2416 3748 bona
2446 3702 2500 3745 et
2531 3701 2679 3746 terra
2717 3699 3006 3756 sancta,et
3036 3705 3308 3744 numerum
3335 3689 3561 3744 dierum”

1964 3800 2202 3838 meorum
2233 3783 2286 3838 in
2321 3783 2516 3854 quibus
2551 3781 2788 3846 ambulo,
2827 3789 2884 3835 ut
2911 3781 3076 3835 sciam
3107 3779 3239 3850 quid
3279 3780 3556 3834 desitmi-x

1965 3875 2042 3940 hi,
2067 3885 2329 3944 quantum
2375 3882 2545 3930 restat
2573 3888 2856 3943 usquequo
2882 3873 3194 3942 perveniam
3240 3872 3307 3926 ad
3336 3878 3540 3927 terram

1967 3977 2212 4021 sanctam
2239 3962 2718 4036 repromissionis:
2750 3964 2827 4016 ita
2871 3970 2927 4018 et
2975 3963 3063 4017 hic
3101 3963 3216 4017 vult
3248 3977 3409 4018 nosse
3437 3977 3561 4016 num

1968 4075 2177 4116 merum
2213 4059 2427 4114 dierum
2478 4058 2532 4111 in
2569 4055 2770 4126 quibus
2802 4055 2905 4109 iter
2931 4055 3060 4124 agit.
3093 4053 3366 4108 Habemus
3392 4054 3556 4108 enim.

1968 4155 2084 4209 dies
2121 4152 2386 4222 quosdam
2417 4150 2634 4220 quidem
2669 4148 2722 4202 in
2765 4149 2871 4203 hoc
2904 4146 3125 4211 mundo,
3155 4146 3414 4214 quosdam
3448 4160 3556 4201 au--

1971 4254 2076 4300 tem
2113 4255 2168 4300 et
2190 4254 2346 4301 extra
2377 4244 2523 4298 hunc
2557 4243 2841 4296 mundum.
2866 4239 3048 4293 Alium
3076 4238 3222 4294 enim
3245 4238 3373 4293 facit
3397 4239 3555 4294 diem-

1969 4337 2101 4393 solis
2129 4337 2234 4393 iste
2267 4351 2462 4391 cursus
2491 4333 2662 4389 nostri
2695 4333 2858 4404 bujus
2890 4331 3013 4388 coeli
3060 4331 3250 4400 spatiis
3281 4329 3554 4384 termiua-~

1972 4439 2078 4495 tus,
2110 4429 2278 4483 alium
2316 4428 2478 4482 habet
2515 4428 2656 4480 diem
2684 4424 2773 4479 ille
2794 4423 2884 4492 qui
2920 4423 2983 4477 ad
3011 4423 3237 4478 secundi
3267 4421 3387 4477 οωΙί
3414 4436 3544 4491 per-

1977 4520 2162 4575 venire
2204 4531 2445 4576 meretur
2495 4532 2808 4572 ascensum.
2840 4517 3016 4572 Multo
3065 4517 3209 4571 enim
3255 4513 3539 4570 clariorem

1975 4613 2116 4669 diem
2140 4613 2292 4668 ducit
2310 4611 2403 4666 ille
2430 4611 2524 4681 qui
2550 4626 2720 4681 usque
2742 4610 2810 4665 ad
2842 4611 3060 4666 tertium
3089 4609 3286 4664 cmlum
3315 4605 3402 4661 vel
3426 4608 3543 4677 rapi

1974 4707 2064 4762 vel
2083 4708 2368 4776 pervenire
2398 4705 2660 4778 potuerit,
2692 4704 2783 4761 ubi
2813 4721 2918 4762 non
2951 4705 3123 4762 solum
3164 4701 3434 4760 ineffabile
3462 4701 3554 4756 lu-

1975 4816 2098 4857 men
2139 4800 2400 4867 inveniet,
2434 4815 2627 4855 verum
2666 4800 2832 4856 etiam
2870 4797 3034 4854 verba
3072 4813 3191 4868 qua:
3230 4796 3440 4853 homini
3469 4797 3548 4851 lo-

1975 4891 2068 4962 qui
2108 4905 2214 4946 non
2257 4890 2436 4956 liceat,
2465 4892 2667 4946 audiet.
2706 4889 2841 4944 Novi
2882 4897 2938 4945 et
2967 4887 3104 4945 alios
3138 4879 3273 4954 dies,
3313 4902 3558 4958 quorum.

1977 4999 2266 5040 numerum
2303 4982 2552 5040 fortassis
2583 4983 2844 5054 propheta
2893 4982 3088 5036 merito
3126 4980 3377 5051 requirit.
3408 4979 3562 5035 Nam-

1975 5080 2115 5135 sicut
2165 5080 2217 5134 in
2249 5080 2352 5134 hoc
2395 5079 2532 5134 coelo
2572 5078 2653 5134 sol
2685 5089 2905 5132 exortus
2948 5086 3003 5132 et
3033 5075 3346 5130 universum
3390 5090 3554 5130 mun-

1977 5177 2103 5230 dum
2151 5174 2428 5229 illustratus
2471 5173 2614 5227 diem
2657 5170 2837 5226 facit:
2871 5170 2946 5223 ita
2990 5177 3049 5224 et
3089 5169 3140 5223 in
3184 5169 3351 5223 corde
3389 5168 3547 5238 justi,

1974 5269 2116 5339 quod
2152 5281 2248 5336 pro
2276 5265 2580 5321 constantia
2611 5271 2666 5319 et
2699 5262 2954 5318 firmitate
2994 5261 3090 5317 Dei
3141 5261 3548 5316 firmamentum

1975 5363 2172 5415 merito
2217 5358 2542 5430 appellatur,
2577 5355 2625 5412 si
2660 5355 2942 5410 exoriatur
2989 5353 3069 5408 sol
3121 5352 3345 5422 iustitia:
3384 5352 3556 5408 Iesus-

1973 5452 2230 5507 Christus
2272 5449 2534 5504 Dominus
2563 5457 2770 5510 noster,
2805 5455 2859 5500 et
2893 5445 3157 5499 illuminet
3187 5458 3309 5497 eum
3345 5443 3552 5498 lumine

1973 5545 2216 5599 scientiae
2255 5550 2309 5596 et
2347 5541 2614 5605 veritatis,
2643 5541 2786 5593 diem
2824 5538 2956 5593 facit
2999 5538 3050 5592 in
3100 5537 3266 5591 corde
3295 5538 3456 5607 ejus:
3491 5545 3547 5593 et

1975 5647 2185 5709 quanto
2231 5635 2570 5700 frequentius
2625 5634 2882 5690 exoritur
2929 5641 2985 5688 et
3044 5629 3337 5700 illuminat,
3399 5641 3544 5686 lauto

2920 5819 2964 5853 “
2995 5815 3132 5874 l-‘sal.
3165 5827 3404 5881 xsxvm,
3427 5810 3489 5864 5.
