3970 6160
450 283 593 339 1399
1839 274 1932 331 EX
1962 274 2000 330 Ο

2100 273 2261 331 IENE
3586 268 3733 324 1490

449 399 706 470 majorem
734 399 836 455 sibi
870 399 1058 454 talium
1091 397 1301 455 dierum
1340 411 1622 452 numerum
1653 397 2005 467 computabit.
2040 401 2088 458 Α
2117 397 2291 465 ipsum
2340 398 2483 465 quod
2535 394 2691 461 dixit,
2734 396 2860 465 quia
2906 395 3208 451 substantia
3258 410 3383 448 mea
3448 400 3724 461 tanquam

449 492 621 560 Digne
658 506 788 561 ergo
834 492 1085 546 conscius
1115 490 1218 545 sibi
1251 489 1512 558 propheta
1545 489 1612 543 de
1644 487 2013 556 hujuscemodi
2116 486 2337 540 nihilum
2379 495 2501 539 ante
2528 493 2578 539 te
2607 494 2713 550 est,
2742 485 2950 540 addidit
2992 495 3049 540 et
3094 486 3231 540 dicit
3264 502 3281 541 :
3325 482 3724 537 Verumtamen

446 580 845 636 illuminatione
872 581 1036 636 dicit:
1063 578 1265 634 Notum
1301 578 1388 648 [ac
1409 580 1559 642 mihi,
1586 577 1827 644 Domine,
1854 578 2013 646 ﬁnem
2115 580 2360 632 universa
2383 578 2596 632 uanitas
2627 577 2794 632 omnis
2820 576 2975 632 homo
3016 577 3208 631 vivens.
3236 575 3534 644 Quomodo
3565 577 3724 628 acci-

446 687 642 737 meum,
691 680 742 726 et
797 688 1073 727 numerum
1131 671 1339 724 dierum
1391 686 1625 725 meorum
1673 670 1790 740 quis
1827 680 1926 737 est,
1956 679 2012 724 ut
2114 671 2198 741 pis
2229 670 2444 724 uiuens?
2477 670 2743 740 siquidem
2774 685 2958 723 veram
2986 670 3151 725 vitam
3187 671 3499 724 vanitatem
3547 679 3719 737 puta-

445 763 606 818 sciam
630 763 759 833 quid
785 764 921 816 desit
946 763 1099 816 mihi.
2114 777 2256 826 mus,
2301 771 2361 815 ut
2400 762 2529 831 quid
2584 762 2938 817 laboramus?
2984 760 3092 816 Sed
3135 762 3261 816 vide
3312 775 3387 816 ne
3420 761 3572 815 forte
3604 761 3719 815 hoc

516 854 571 910 9.
611 855 673 909 Et
727 853 1081 908 additzEcce
1137 860 1330 907 ueteres
1390 853 1615 920 posuisti
1670 857 1783 910 dies
1845 872 2010 911 meos.
2113 858 2257 926 quod
2302 857 2455 923 dicit,
2500 860 2679 911 omnis
2726 858 2956 922 vivens.
3005 857 3075 912 de
3121 857 3226 912 hac
3268 856 3538 925 praesenti
3589 855 3719 908 vita

443 945 502 999 In
559 946 748 1001 Graeco
801 945 1075 1007 scribitur,
1135 944 1476 1010 παλαιστάς,
1531 947 1677 1015 quod
1741 948 2014 1017 signiﬁcat
2114 952 2491 1019 accipiendum
2529 951 2624 1015 sit,
2651 950 2792 1004 sicut
2819 949 3081 1019 scriptum
3107 958 3225 1012 est,-
3269 958 3326 1004 et
3358 948 3718 1002 testimoniis

447 1052 761 1092 mensuram
795 1047 1028 1106 quatuor
1061 1037 1375 1105 digitorum.
1437 1037 1633 1093 Volens
1687 1052 1821 1109 ergo
1847 1041 2011 1112 695
2114 1041 2607 1112 comprobabimus.
2647 1040 2839 1098 Omnia
2868 1040 3014 1095 enim
3050 1056 3170 1110 qua:
3198 1041 3250 1094 in
3281 1042 3387 1094 hac
3418 1038 3542 1092 vita
3572 1051 3715 1092 sunt

445 1132 641 1185 docere
692 1142 790 1182 nos
847 1128 937 1198 qui
992 1128 1105 1198 jam
1139 1129 1190 1183 in
1245 1129 1349 1185 hac
1392 1130 1505 1186 vita
1540 1130 1733 1186 breves
1778 1142 1833 1187 et
1883 1149 2012 1204 per-
2114 1134 2254 1202 apud
2284 1132 2554 1196 homines,
2606 1146 2743 1185 vana
2790 1142 2933 1196 sunt,
2980 1132 3192 1187 etiamsi
3238 1130 3455 1202 Moyses
3504 1130 3565 1184 in
3601 1130 3716 1184 hac

444 1237 648 1292 paucos
674 1221 920 1276 ducimus
948 1223 1081 1287 dies,
1112 1223 1251 1281 dixit
1277 1227 1421 1281 hunc
1452 1228 1782 1282 versiculum
1812 1229 1881 1284 de
1903 1244 2011 1299 quo
2114 1225 2220 1277 vita
2251 1224 2342 1286 sil.
2371 1232 2424 1277 el
2450 1224 2564 1292 ipsi:
2588 1225 2734 1278 enim
2765 1239 2831 1279 ex
2854 1234 3007 1292 parte
3031 1223 3328 1292 cognoscit,
3356 1234 3415 1276 ει
3439 1237 3513 1275 ex
3546 1231 3713 1290 parte

445 1331 610 1385 supra
637 1315 894 1370 diximus.
943 1313 1022 1370 Ex
1067 1332 1176 1386 quo
1205 1318 1531 1389 intelligitur
1573 1319 1700 1388 quia
1738 1321 1909 1389 possit
1955 1331 2014 1378 et
2113 1316 2417 1385 prophetat,
2449 1325 2504 1370 et
2531 1329 2625 1384 per
2646 1314 2928 1385 speculum
2963 1325 3019 1370 et
3063 1315 3119 1368 in
3172 1319 3468 1382 aenigmate
3520 1314 3707 1379 videt,

447 1408 588 1464 alius
612 1408 818 1473 dicere,
850 1407 973 1477 quia
990 1408 1114 1462 Dies
1144 1424 1291 1464 meos
1315 1410 1544 1478 posuisti
1570 1426 1735 1465 unum
1762 1411 2008 1482 digitum,
2111 1416 2166 1461 et
2200 1410 2444 1462 umbram
2472 1407 2595 1470 scit,
2638 1422 2703 1462 ac
2739 1405 2937 1478 ﬁguras
2988 1407 3237 1469 docetur,
3289 1415 3338 1460 et
3390 1405 3701 1459 veritatem

445 1497 595 1555 velut
645 1511 986 1568 consequens
1035 1500 1102 1552 de
1135 1501 1392 1569 tcmporis
1430 1500 1732 1566 brevitate,
1773 1512 1829 1557 et
1874 1503 2012 1558 alius
2113 1500 2346 1553 nondum
2375 1498 2538 1564 videt,
2563 1508 2618 1553 et
2647 1498 2769 1553 ideo
2805 1507 2889 1553 est
2922 1498 3139 1569 quidem
3172 1497 3380 1562 vivens,
3408 1497 3511 1550 sed
3548 1497 3707 1549 vani-

444 1588 584 1641 duos
613 1587 809 1655 digitos
832 1586 913 1642 vel
944 1595 1076 1644 tres.
1108 1590 1302 1655 Quaero
1333 1601 1513 1647 autem
1544 1593 1589 1648 si
1620 1602 1798 1663 potest
1819 1593 2012 1663 aliquis
2115 1598 2196 1643 tas
2216 1598 2298 1643 est.
2328 1589 2435 1643 vita
2466 1590 2607 1659 ejus.
2635 1587 2703 1643 Et
2746 1588 2829 1643 vis
2873 1589 3060 1642 videre
3114 1588 3240 1657 quia
3292 1587 3516 1641 vanitas
3566 1596 3654 1641 est
3674 1585 3705 1639 ἲ

445 1676 723 1731 hominum
767 1677 949 1732 dicere
981 1681 1107 1748 quia
1136 1681 1261 1736 Dies
1287 1682 1393 1738 mei
1440 1686 1624 1739 decem
1672 1685 1823 1753 digiti
1861 1697 2009 1754 sunt,
2048 1747 2077 1754 __
2113 1680 2244 1736 Cum
2289 1682 2492 1735 uenerit
2539 1680 2680 1747 quod
2710 1680 2998 1749 perfectum
3033 1688 3131 1744 est,
3184 1680 3535 1733 destruatur
3592 1680 3703 1732 ista

445 1776 540 1821 aut
570 1767 781 1837 viginti,
838 1776 932 1822 aut
956 1747 1118 1822 etiam
1150 1771 1406 1841 amplius.
1437 1773 1506 1828 Et
1537 1774 1668 1844 quia
1712 1747 1830 1831 loca
1873 1747 2008 1833 dim;
2044 1747 2084 1804 Β
2112 1788 2226 1841 qua!
2246 1787 2313 1826 ex
2341 1782 2490 1840 parte
2510 1781 2632 1826 sunt
2664 1771 2730 1824 ’⁵⁷-
2766 1747 2939 1826 omne
2974 1780 3154 1825 amem
3189 1771 3333 1840 quod
3373 1770 3703 1824 ἀθειτυίωτ

444 1860 565 1916 cilia
600 1861 950 1928 incurrimus,
980 1863 1138 1917 velim
1168 1867 1446 1935 requirere
1473 1868 1649 1924 sicubi
1678 1869 1734 1923 in
1763 1869 2009 1941 Scriptu-
2108 1869 2319 1923 vanitas
2341 1881 2445 1923 est.
2470 1867 2535 1923 Et
2559 1868 2603 1923 si
2640 1868 2906 1938 quidquid
2932 1884 2999 1922 ex
3041 1877 3197 1938 parte
3232 1876 3317 1922 est
3351 1868 3695 1933 destruitur,

442 1953 521 2010 ris
577 1954 685 2010 tale
715 1954 920 2026 aliquid
952 1956 1277 2025 invenimus,
1326 1974 1393 2014 ex
1439 1976 1549 2029 quo
1594 1963 1765 2031 possit
1806 1963 2004 2033 aperiri

442 2047 656 2118 planius
688 2046 740 2101 id
763 2048 905 2118 quod
927 2049 1142 2104 videtur
1169 2049 1480 2107 obscurum.
1509 2052 1566 2107 In
1594 2053 1729 2109 Isaia
1747 2055 2005 2123 scriptmn

444 2140 703 2193 recordor
728 2139 774 2172 “
809 2157 824 2194 :
856 2139 986 2206 Quis
1006 2145 1216 2196 melitus
1245 2151 1348 2207 est,
1385 2144 1584 2213 inquit,
1608 2161 1768 2199 manu
1791 2161 2004 2215 aquam,

441 2241 489 2284 et
518 2233 701 2285 calum
721 2232 914 2299 palmo,
938 2244 986 2287 et
1014 2249 1217 2288 omnem
1240 2245 1433 2289 terram
1456 2237 1653 2306 pugillo
1670 2238 1696 2291 Ρ
1716 2236 1790 2291 Ex
1812 2239 2007 2307 quibus

442 2323 750 2376 consideret
793 2323 1036 2393 quisquis
1090 2325 1181 2380 ille
1209 2334 1295 2380 cst
1345 2327 1662 2394 prudentior
1698 2328 2002 2381 auditorum

440 2426 537 2481 per
556 2415 760 2485 singula
795 2415 911 2471 loca
942 2415 1276 2472 dill'erentias
1307 2435 1705 2482 mensurarum,
1737 2420 2006 2489 quomodo

440 2517 630 2557 eorum
661 2506 995 2575 quidemqui
1027 2507 1226 2562 caelum
1267 2518 1543 2564 merentur
1573 2510 1851 2580 appellari,
1879 2527 2007 2581 pars

438 2595 563 2648 vita:
593 2611 713 2666 quae
754 2597 993 2652 cmlestis
1035 2608 1137 2663 est,
1170 2601 1348 2669 palmo
1398 2600 1491 2655 Dei
1546 2601 1724 2655 metiri
1779 2602 2003 2667 dicitur,

439 2687 745 2756 quicunque
790 2688 878 2742 ille
924 2698 1009 2744 est
1044 2690 1135 2744 Dei
1167 2691 1373 2761 palmus
1407 2710 1421 2748 :
1455 2703 1509 2747 et
1535 2708 1724 2749 eorum
1771 2711 2003 2766 quorum

440 2777 547 2828 vita
582 2778 759 2832 adlmc
801 2785 1013 2833 terrena
1060 2790 1179 2844 est,
1239 2782 1440 2852 pugillo
1483 2783 1573 2839 Dei
1620 2785 1729 2840 vita
1758 2788 2000 2842 metitur.

440 2866 545 2921 Sed
590 2869 775 2940 pugilli
823 2871 992 2925 divini
1040 2871 1398 2927 dilIerentiam
1441 2890 1584 2932 nunc
1618 2878 1917 2947 requirere,
1950 2886 2005 2932 et

439 2973 682 3018 nostrum
716 2979 1019 3021 sermonem
1065 2975 1121 3021 et
1172 2967 1414 3021 auditum
1462 2978 1702 3024 vestrum
1752 2969 2003 3027 fortassis

435 3055 685 3110 excedat.
724 3053 1106 3110 Verumtamen
1131 3056 1268 3111 sicut
1311 3057 1383 3110 ibi
1423 3073 1583 3112 manu
1615 3075 1809 3129 aquam
1839 3063 1999 3117 meti—

437 3153 525 3200 tns
547 3154 653 3209 est,
692 3146 870 3214 palmo
899 3147 1117 3213 ctelum,
1144 3158 1199 3203 et
1220 3163 1435 3204 omnem
1466 3160 1665 3206 terram
1698 3153 1921 3222 pugillo,
1946 3168 2002 3210 ct

440 3232 699 3305 appendit
729 3248 939 3293 montes
965 3239 1017 3291 in
1052 3248 1284 3306 statera,
1322 3251 1375 3297 et
1413 3242 1581 3297 colles
1618 3243 1674 3297 in
1709 3243 1880 3315 jugo;
1926 3246 2001 3300 ita

439 3331 602 3384 etiam
637 3331 725 3385 hic
763 3332 1060 3385 secundum
1092 3335 1336 3388 eamdem
1372 3337 1820 3403 consequentiam
1851 3353 2002 3393 men-

440 3436 567 3475 sura
613 3422 716 3475 ista
767 3431 825 3475 et
874 3421 1219 3491 intelligenda
1265 3434 1368 3489 est,
1404 3425 1661 3494 quoniam
1712 3426 1846 3481 nihil
1893 3427 2002 3481 Deo

437 3513 556 3567 sine
587 3527 837 3568 mensura
864 3523 967 3578 est,
999 3515 1132 3570 nihil
1165 3516 1283 3572 sine
1315 3519 1572 3586 pondere,
1601 3519 1696 3573 sed
1736 3519 1915 3573 omnia
1949 3521 1998 3572 ei

436 3602 494 3657 in
538 3617 764 3659 numero
799 3613 1052 3659 constant
1092 3614 1146 3661 et
1181 3622 1453 3663 mensura.
1503 3609 1580 3664 Ita
1618 3625 1835 3681 quoque
1872 3627 2000 3681 pro-

438 3696 615 3761 pheue
648 3694 755 3747 vita
787 3704 840 3747 et
868 3707 1147 3751 numerata
1179 3708 1233 3752 ει
1272 3697 1515 3755 dimetita
1557 3699 1667 3756 Deo
1699 3713 1781 3756 est
1803 3741 1820 3769 ,
1868 3705 1997 3756 dum

438 3785 788 3854 providentiae
816 3786 932 3853 ejus
955 3789 1253 3845 rationibus
1282 3792 1508 3860 regitur.

510 3879 597 3934 10.
637 3879 796 3935 Addit
824 3879 986 3934 etiam
1023 3882 1074 3935 in
1106 3886 1456 3952 sequentibus
1479 3894 1534 3941 et
1558 3886 1720 3941 dicit:
1746 3885 1999 3941 Substan-

435 3971 512 4025 tia
540 3988 655 4026 mea
682 3982 932 4044 tanquam
964 3974 1188 4031 nihilum
1214 3984 1338 4030 ante
1364 3985 1414 4029 te
1434 3986 1532 4032 est.
1562 3976 1676 4033 Nisi
1702 3980 2000 4034 addidissﬂ

435 4073 563 4119 ante
598 4074 670 4131 te,
701 4067 856 4122 valde
889 4068 1273 4131 contristabar,
1299 4083 1397 4138 pro
1434 4082 1500 4123 eo
1534 4071 1678 4140 quod
1706 4072 1995 4125 humanam

435 4154 794 4212 substantiam
841 4160 973 4214 nihil
1020 4175 1144 4214 esse
1192 4163 1441 4217 dixisset.
1490 4161 1642 4218 Nunc
1696 4180 1823 4218 vero
1871 4166 1995 4233 quia

435 4247 573 4302 dixit
607 4258 731 4304 ante
761 4258 834 4316 te,
862 4249 1011 4306 velut
1049 4251 1259 4306 diceret
1290 4254 1357 4306 ad
1386 4256 1846 4322 comparationem
1876 4258 2000 4326 qni-

434 4340 556 4395 dem
595 4341 679 4395 vel
712 4341 1025 4410 angelorum
1068 4341 1152 4396 vel
1204 4343 1537 4413 reliquarum
1592 4348 1990 4414 creaturarum,

2107 1959 2150 2012 si
2172 1960 2447 2028 prophetae
2480 1973 2545 2013 ex
2577 1969 2729 2028 parte
2757 1967 3110 2026 cognoscunt,
3156 1969 3302 2012 recte
3329 1962 3497 2013 etiam
3533 1961 3693 2029 ipso-

2110 2065 2225 2104 rum
2279 2050 2388 2103 vita
2439 2051 2655 2105 vanitas
2706 2049 3047 2119 appellatur;
3093 2050 3454 2104 deStruuntur
3493 2062 3690 2106 autem

2107 2142 2380 2204 inferiora.
2412 2159 2535 2198 cum
2573 2144 2819 2197 venerint
2850 2157 2913 2196 ea
2976 2157 3095 2211 qua:
3154 2141 3385 2197 meliora
3435 2154 3568 2197 sunt
3628 2155 3689 2198 ct

2105 2235 2368 2303 perlecta,
2394 2246 2449 2290 et
2476 2251 2571 2304 per
2599 2236 2701 2291 hoc
2727 2250 2862 2289 vana
2891 2250 3011 2289 esse
3043 2245 3368 2302 arguuntur,
3395 2249 3498 2304 per
3527 2238 3683 2303 quod

2105 2335 2358 2395 tanquam
2397 2342 2464 2380 ex
2495 2336 2651 2394 parte
2687 2335 2741 2381 et
2769 2325 3081 2394 imperfecta
3125 2327 3506 2381 destruantur.
3540 2323 3686 2380 Uni-

2103 2434 2254 2472 uersu
2294 2433 2425 2488 ergo
2466 2419 2690 2484 vanitas,
2718 2419 2885 2472 omnis
2928 2417 3082 2471 homo
3105 2420 3300 2473 vivens.
3330 2418 3467 2485 Quia
3492 2426 3682 2472 autem

2104 2507 2170 2561 de
2198 2507 2300 2561 hac
2334 2505 2445 2560 vita
2492 2507 2796 2575 accipiatur
2843 2506 2944 2560 ista
2985 2507 3279 2572 sententia,
3311 2507 3436 2561 audi
3490 2508 3684 2563 Eccle-

2102 2597 2322 2652 siastem
2350 2606 2735 2667 protestantem
2757 2606 2813 2651 et
2844 2599 3106 2655 dicentem
3129 2598 3206 2650 ηε
3232 2596 3467 2651 Laudari
3498 2617 3683 2654 omnes

2099 2687 2189 2756 qui
2220 2690 2411 2741 mortui
2439 2697 2563 2742 sunt
2607 2704 2765 2752 super
2784 2703 2960 2741 omnes
3003 2690 3092 2757 qui
3129 2689 3329 2751 uiuunt,
3378 2690 3681 2760 quicunque

2101 2778 2203 2846 ipsi
2234 2779 2417 2832 uiuunt
2466 2795 2630 2848 usque
2660 2779 2836 2844 modo,
2874 2788 2923 2832 et
2965 2780 3129 2833 bonus
3160 2795 3317 2847 super
3360 2781 3488 2833 istos
3539 2786 3677 2835 duos

2100 2871 2189 2941 qui
2221 2871 2454 2924 nondum
2497 2883 2651 2924 natus
2690 2880 2785 2924 est.
2837 2868 3048 2923 Laudat.
3081 2884 3213 2940 ergo
3247 2883 3490 2926 mortuos
3524 2874 3675 2942 plus-

2101 2975 2261 3028 quam
2291 2960 2463 3023 vivos,
2495 2963 2622 3028 quia
2650 2961 2726 3014 illi
2752 2962 2854 3014 hoc
2879 2959 3071 3013 saltem
3107 2961 3242 3015 lucri
3266 2962 3490 3027 habent,
3524 2964 3671 3030 quod

2103 3050 2171 3108 de
2202 3052 2433 3106 vinculis
2471 3053 2630 3120 hujus
2671 3057 2914 3124 corporis
2954 3056 3169 3113 liberati
3211 3064 3356 3120 sunt,
3401 3069 3501 3107 nec
3531 3053 3673 3108 ultra

2103 3158 2266 3197 carne
2294 3159 2359 3197 ac
2397 3142 2624 3213 pellibus
2656 3144 2824 3198 induti
2859 3155 3005 3211 sunt,
3037 3159 3135 3199 nec
3164 3144 3378 3199 ossibus
3400 3157 3464 3196 ac
3487 3144 3671 3198 nervis

2100 3234 2287 3290 inserti
2320 3246 2465 3302 sunt,
2494 3250 2594 3290 nec
2619 3235 2757 3290 ultra
2790 3236 3075 3303 subiacent
3117 3235 3429 3290 necessitati
3475 3249 3668 3305 corpo-

2102 3326 2198 3382 ris.
2248 3325 2307 3380 Si
2358 3341 2489 3396 ergo
2525 3325 2833 3381 intellexisti
2869 3327 3028 3397 quale
3064 3327 3134 3382 sit
3166 3329 3355 3381 vivere
3401 3329 3457 3380 in
3501 3342 3667 3382 carne

2099 3418 2311 3473 etiamsi
2354 3416 2564 3488 Moyses
2590 3419 2662 3472 sit
2704 3418 2846 3488 quis.
2878 3418 2958 3470 vel
2993 3419 3244 3487 quisquis
3278 3419 3369 3473 ille
3396 3430 3518 3483 εει,
3552 3435 3667 3473 mo-

2100 3506 2232 3564 lesta
2272 3510 2321 3563 ei
2379 3518 2461 3564 est
2502 3511 2603 3564 ista
2649 3511 2782 3565 vita.
2845 3508 2961 3565 Non
3022 3510 3166 3565 enim
3229 3524 3262 3564 a
3320 3512 3664 3578 corruptione

2103 3602 2412 3669 resolvitur,
2450 3616 2569 3670 qua:
2627 3602 2842 3656 mortali
2895 3617 3127 3673 corpore
3182 3612 3507 3672 terrenoque
3552 3604 3661 3656 cir-

2099 3693 2406 3746 cumdatur.
2468 3692 2603 3747 Vide
2652 3708 2782 3763 ergo
2836 3693 3269 3762 quiauniversa
3324 3697 3538 3748 vanitas
3579 3705 3661 3748 est

2099 3782 2276 3837 omnis
2328 3784 2492 3839 homo
2538 3782 2746 3849 vivens,
2796 3792 3205 3840 contemnamus
3260 3799 3455 3839 vanam
3506 3785 3657 3838 istam

2096 3875 2288 3936 vitam,
2323 3881 2378 3927 et
2403 3871 2723 3928 festinemus
2766 3874 2833 3928 ad
2877 3883 3122 3928 sanctam
3162 3876 3327 3928 vitam
3355 3883 3411 3930 et
3452 3876 3659 3930 beatam

2097 3980 2160 4020 ac
2194 3978 2401 4025 veram,
2435 3975 2490 4019 et
2537 3966 2588 4021 in
2632 3966 2775 4020 illam
2821 3969 3005 4021 animo
3054 3976 3110 4021 et
3159 3977 3339 4023 mente
3383 3970 3658 4023 tendamus

2096 4059 2242 4110 muni
2272 4058 2514 4111 vanitate
2541 4059 2807 4115 discussa.
2837 4057 2950 4113 Nec
2975 4059 3219 4113 dicamus
3259 4060 3471 4114 dulcem
3503 4061 3655 4114 istam

2098 4149 2294 4213 lucem,
2331 4164 2440 4219 qua
2469 4163 2613 4203 nunc
2641 4149 2863 4203 utimur.
2899 4149 3012 4204 Hoc
3043 4149 3185 4205 enim
3220 4150 3300 4204 illi
3334 4151 3545 4217 dicunt,
3571 4154 3657 4221 qui

2095 4241 2436 4295 dulcedinem
2480 4256 2623 4296 vera:
2672 4240 2811 4297 lucis
2872 4243 3140 4312 ignorant,
3176 4245 3276 4297 ἐεὰ
3307 4258 3378 4298 ne
3424 4246 3655 4313 auspicia

2094 4336 2310 4403 quidem
2369 4335 2481 4389 veri
2546 4334 2765 4388 luminis
2824 4334 2930 4388 ulla
2992 4344 3299 4397 senserunt,
3338 4351 3440 4391 nec
3484 4338 3658 4391 sciunt

432 4446 540 4484 non
571 4439 655 4485 εει
682 4430 915 4500 abiecta,
948 4448 1049 4487 nec
1080 4433 1300 4488 minima
1336 4434 1635 4490 substantia
1669 4452 1806 4491 mea.
1834 4436 1993 4491 Dcui-
2022 4438 2070 4498 ι)
2097 4425 2401 4491 angelicam
2431 4426 2597 4479 Vitam
2644 4425 2965 4495 sperandam
2995 4441 3114 4481 ϐεδε
3163 4427 3378 4491 animai.
3425 4441 3551 4479 cum
3594 4442 3654 4481 εἰ

432 4533 537 4587 que
571 4529 625 4575 et
646 4521 692 4575 si
720 4520 859 4575 bene
876 4522 1164 4591 egerimus,
1204 4530 1259 4577 et
1284 4528 1536 4579 mandata
1564 4524 1777 4579 Domini
1807 4543 1994 4583 serva-

433 4611 710 4678 verimus,
760 4614 827 4667 ad
879 4614 1213 4668 consortium
1285 4616 1578 4672 invitamur
1636 4618 1991 4690 angelicum:

432 4697 623 4767 Erunt,
654 4701 827 4771 inquit
866 4702 929 4767 “,
961 4703 1091 4756 sicut
1124 4704 1297 4774 angeli
1324 4706 1422 4758 Dei
1451 4706 1505 4758 in
1543 4707 1685 4762 cwlo.
1718 4708 1801 4764 Ad
1845 4726 1995 4766 com-

433 4792 773 4864 perationem.
792 4794 887 4848 Dei
914 4811 1042 4849 vero
1067 4795 1228 4849 etiam
1271 4796 1315 4851 si
1360 4797 1550 4852 Petrus
1578 4800 1700 4864 sim,
1738 4801 1999 4860 adversus

432 4899 594 4955 quem
617 4893 788 4954 portae
816 4883 972 4938 inferi
1001 4900 1112 4938 non
1141 4886 1531 4955 praevalebunt,
1557 4889 1854 4944 substantia
1876 4906 1997 4946 mea

432 4986 559 5032 ante
606 4991 731 5031 eum
775 4977 908 5030 nihil
950 4986 1053 5031 est.
1081 4978 1151 5032 Et
1182 4979 1312 5033 satis
1343 4980 1560 5049 proprio
1608 4983 1870 5038 vocabulo
1895 5000 1998 5039 na-

435 5077 569 5123 tura:
600 5081 731 5120 usus
760 5074 861 5120 εει.
890 5065 1035 5120 Nihil
1081 5067 1226 5121 enim
1270 5078 1353 5122 est
1381 5084 1541 5123 omne
1561 5108 1575 5132 ,
1606 5072 1851 5140 quamvis
1882 5089 1999 5127 ma-

433 5173 596 5230 guum
632 5157 719 5222 sit,
750 5158 1008 5228 quidquid
1035 5172 1102 5212 ex
1126 5158 1295 5214 nihilo
1323 5168 1425 5225 εει,
1456 5161 1602 5215 solus
1631 5162 1776 5217 enim
1802 5173 1885 5218 est
1913 5165 2002 5219 ille

432 5250 524 5317 qui
565 5258 668 5315 est,
699 5258 755 5303 et
782 5249 875 5319 qui
906 5264 1119 5319 semper
1144 5257 1247 5304 est.
1277 5251 1471 5306 Nostra
1500 5262 1678 5307 autem
1702 5255 2003 5311 substantia

438 5349 691 5408 tanquam
728 5342 865 5396 nihil
892 5352 975 5396 est
1005 5351 1132 5398 ante
1164 5357 1291 5397 eum
1327 5359 1341 5395 :
1369 5345 1568 5415 quippe
1594 5344 1718 5415 quia
1746 5346 1815 5400 ab
1842 5362 1908 5403 eo
1936 5364 2004 5403 ex

435 5431 605 5484 nihilo
627 5443 906 5502 procreata
934 5443 1035 5489 est.

510 5521 599 5574 11.
654 5525 716 5576 In
767 5527 1118 5594 sequentibus
1174 5541 1305 5582 vero
1365 5528 1511 5582 velut
1556 5529 1851 5599 explanans
1901 5531 2006 5586 hoc

2099 4519 2337 4572 vanitate
2377 4521 2501 4573 vitae
2542 4518 2701 4585 hujus
2756 4520 3051 4575 evaserint.
3104 4519 3253 4575 Unde
3302 4531 3360 4585 et
3411 4536 3512 4574 nos
3568 4521 3653 4589 qui

2099 4612 2214 4665 haec
2243 4611 2536 4674 credimus,
2572 4611 2684 4681 jam
2732 4623 2911 4667 mente
2940 4622 2994 4667 et
3023 4611 3127 4667 ﬁde
3154 4615 3553 4667 transferamur
3593 4614 3653 4666 ad

2094 4705 2314 4770 caelum,
2363 4715 2420 4759 et
2471 4704 2524 4758 in
2581 4704 2744 4759 terris
2794 4706 3140 4759 ambulantes
3185 4706 3653 4760 conversationem

2095 4798 2391 4851 habeamus
2421 4797 2472 4851 in
2500 4797 2677 4860 cmlis,
2701 4808 2760 4851 ut
2789 4797 2862 4851 ibi
2889 4798 2959 4851 sit
2983 4799 3267 4851 thesaurus
3303 4807 3493 4850 noster
3512 4838 3528 4858 ,
3568 4798 3651 4847 ubi

2086 4901 2166 4944 est
2190 4899 2246 4943 et
2265 4904 2362 4945 cor
2392 4900 2672 4954 nostrum,
2706 4898 2761 4941 et
2799 4898 2860 4941 ut
2894 4904 3115 4958 regnum
3143 4887 3363 4944 cmieste
3401 4887 3653 4957 consequi

2089 4996 2414 5046 mereamur,
2435 4996 2532 5051 per
2550 4978 2732 5035 Iesum
2759 4979 3034 5035 Christum
3065 4980 3349 5033 Dominum
3384 4989 3648 5041 nostrum,

2088 5076 2174 5131 cui
2210 5085 2294 5131 εει
2326 5075 2502 5147 gloria
2537 5084 2593 5130 et
2634 5086 2874 5146 potestas
2922 5085 2981 5128 ει
3027 5074 3317 5145 imperium
3358 5072 3414 5126 in
3458 5073 3649 5127 szecuta

2092 5168 2432 5226 saeculorum.
2462 5168 2657 5223 Amen.

2687 5277 2962 5335 HOMILIA
2995 5277 3038 5334 ll

2090 5371 2175 5426 De
2221 5375 2400 5427 eodem
2447 5375 2669 5439 psalmo,
2708 5374 2773 5426 ab
2823 5372 2918 5425 illa
2945 5380 3134 5440 parte:
3164 5366 3571 5422 «Verumtamen
3598 5367 3648 5419 in

2455 5445 2682 5513 imagine
2727 5445 3012 5513 pertransit
3060 5440 3231 5494 homo.
3277 5456 3298 5490 ι

2158 5533 2473 5605 Quanquam
2544 5534 2599 5588 in
2669 5534 2895 5608 imagine
2949 5532 3176 5589 ambulet
3234 5530 3412 5585 homo.
3473 5527 3651 5597 Imago

515 5686 560 5722 ⁸³
595 5690 692 5744 lsa.
727 5706 811 5757 ει,
842 5692 927 5746 ~12.
1018 5692 1063 5725 ⁴⁶
1094 5693 1279 5751 Matth.
1313 5710 1443 5766 xxn,
1473 5697 1561 5755 30.
1648 5702 1690 5732 ⁸⁷
1721 5701 1741 5753 l
1770 5700 1894 5758 Cor.
1927 5669 1999 5760 xu

2101 5713 2155 5769 0.
2229 5713 2275 5746 “
2312 5712 2491 5772 Eccle.
2529 5729 2600 5781 tv,
2642 5713 2697 5769 2.
