3970 6160
244 314 381 373 MOI

905 311 1218 370 SELECTA
1247 313 1314 370 IN
1343 313 1681 371 PSALMOS.
1725 345 1796 355 —
1831 313 2066 372 HOMIL.
2103 315 2124 369 ι
2153 315 2222 370 ΙΝ
2251 314 2446 372 PSAL.
2483 313 2768 373 XXXVIII.

3370 305 3389 356 l
3402 307 3504 362 402

246 433 563 490 necessario
603 429 834 502 alicujus
871 441 959 487 est
984 431 1182 503 imago.
1243 430 1380 488 Nam
1433 441 1490 488 et
1539 432 1819 502 Scriptura
1846 438 1897 496 Α
1930 443 2129 502 torum,
2161 448 2320 504 quam
2347 435 2414 488 ad
2449 434 2680 490 nihilum
2712 435 2921 506 rediget
2971 434 3114 492 Deus
3173 435 3225 491 in
3275 435 3500 492 civitate

243 536 432 582 sancta
459 541 582 582 cum
614 525 910 596 imaginem
960 527 1228 592 nominat,
1279 525 1552 582 interdum
1602 527 1817 596 quidem

245 619 436 674 delinit
477 629 531 674 et
576 618 708 674 dicit
738 617 906 690 696
959 618 1116 687 cujus
1170 619 1243 674 sit
1292 619 1493 690 imago,
1549 619 1818 675 interdum

245 719 430 764 autem
490 710 697 780 absque
750 709 857 764 ulla
916 709 1239 766 deﬁnitione
1293 712 1446 781 ponit
1505 712 1818 784 imaginem.

246 804 488 874 Denique
515 806 580 860 de
611 804 899 860 Salvatore
929 819 1057 860 cum
1089 806 1221 862 dicit
1257 808 1348 879 qui
1375 815 1453 863 est
1491 808 1686 878 imago,
1713 823 1820 864 non

245 894 397 950 siluit
427 896 582 966 cujus
605 895 784 966 imago
815 903 981 959 esset,
1021 897 1116 952 sed
1150 897 1360 953 addidit
1386 898 1572 954 dicens
1599 898 1644 931 δ’
1674 917 1689 954 :
1715 898 1822 965 Qui

243 995 322 1039 est
354 984 530 1054 imago
563 984 657 1039 Dei
701 985 987 1041 invisibilis
1011 986 1389 1057 primogenitus
1415 987 1584 1042 omnis
1614 999 1824 1043 creatu-

244 1092 341 1134 ηε.
379 1076 444 1131 Et
473 1093 686 1132 rursum
721 1092 849 1133 cum
879 1078 1037 1133 docet
1067 1093 1166 1133 nos
1195 1079 1262 1134 de
1309 1079 1542 1136 diversis
1569 1080 1824 1150 imagini-

245 1165 370 1235 bus,
402 1176 457 1223 et
476 1168 603 1238 quia
649 1169 848 1240 singuli
875 1166 1078 1239 quique
1105 1169 1345 1240 aliquam
1375 1170 1666 1238 imaginem
1694 1187 1823 1242 por-

245 1268 384 1327 tent,
423 1260 556 1315 dicit
581 1262 627 1294 ⁸⁰
660 1278 676 1316 :
710 1261 862 1317 Sicut
901 1262 1224 1333 portavimus
1286 1263 1567 1332 imaginem
1607 1265 1803 1319 terreni

243 1353 323 1405 ita
371 1362 638 1422 portemus
682 1354 964 1425 imaginem
1018 1351 1262 1409 ccclesiis.
1302 1353 1438 1411 Cum
1497 1353 1825 1424 adjectione,

245 1443 333 1497 vel
360 1444 582 1511 terreni,
613 1445 698 1500 vel
731 1445 972 1502 caelestis
1006 1445 1296 1517 imaginem
1335 1448 1657 1506 nominavit.
1684 1447 1826 1503 Alibi

247 1546 431 1591 autem
482 1537 689 1606 absque
719 1537 826 1592 ulla
871 1538 1194 1595 deﬁnitione
1241 1539 1395 1605 dicit,
1445 1539 1586 1596 sicut
1624 1549 1681 1596 et
1725 1540 1829 1595 hoc

248 1627 370 1684 loco
392 1629 506 1683 ait:
534 1628 848 1700 Quanquam
884 1633 941 1686 in
974 1633 1206 1703 imagine
1231 1632 1464 1686 ambulet
1503 1633 1681 1688 homo.
1719 1631 1826 1688 Sed

252 1723 305 1775 in
335 1719 571 1791 imagine
599 1721 796 1790 cujus?
823 1722 936 1789 Dei,
965 1739 1032 1778 an
1064 1725 1303 1796 imagine
1328 1725 1554 1792 terreni,
1587 1739 1655 1780 an
1689 1725 1825 1779 ima-

1923 542 2054 591 sua;
2089 529 2141 584 id
2175 540 2280 596 est,
2315 529 2360 584 si
2391 532 2514 600 quis
2531 529 2730 585 exierit
2758 530 2826 584 de
2859 529 2964 584 hoc
2997 528 3220 597 mundo,
3240 539 3298 584 et
3317 529 3500 584 tulerit

1922 634 2109 675 secum
2145 621 2433 691 imaginem
2467 621 2688 687 terreni,
2719 627 2938 690 propter
2959 618 3330 689 hujuscemodi
3366 622 3503 676 ima-

1922 713 2106 782 ginem
2143 713 2196 767 in
2231 713 2454 768 civitate
2486 713 2572 767 illa
2593 713 2688 769 Dei
2713 712 2782 768 ad
2817 713 3043 768 nihilum
3075 713 3370 783 redigetur,
3403 728 3504 769 nec

1924 812 2291 874 consequetur
2315 814 2526 875 partem
2557 805 2700 860 inter
2728 805 2877 860 cives
2908 805 3148 860 caalestis
3184 804 3330 860 illius
3363 805 3503 860 civi-

1925 899 2076 964 tatis,
2103 895 2197 966 qui
2228 897 2470 952 ccelestis
2491 897 2750 968 imaginis
2797 911 2905 952 non
2952 905 3200 967 reportat
3246 897 3502 967 insignia.

1993 988 2052 1044 2.
2095 987 2205 1044 Sed
2232 998 2288 1043 et
2317 987 2464 1042 aliud
2490 995 2898 1044 sacramentum
2936 987 3069 1042 mihi
3098 987 3313 1042 videtur
3335 988 3506 1042 conti-

1925 1092 2060 1134 nere
2106 1079 2210 1134 iste
2261 1078 2586 1142 versiculus,
2639 1079 2784 1148 quod
2843 1077 3004 1146 hujus
3042 1077 3261 1147 quidem
3313 1076 3503 1131 mundi

1924 1171 2036 1226 vita
2065 1180 2121 1225 et
2139 1171 2486 1227 conversatio
2511 1168 2834 1242 imaginaria
2857 1168 3103 1240 quaedam
3130 1171 3203 1224 sit
3223 1177 3279 1223 et
3304 1169 3503 1237 imago,

1926 1264 2108 1321 Sutura
2134 1276 2318 1321 autem
2344 1279 2452 1320 non
2484 1265 2553 1318 sit
2592 1262 2940 1334 imaginaria,
2991 1263 3088 1319 sed
3117 1277 3274 1328 vera;
3318 1271 3373 1316 et
3404 1262 3508 1316 hoc

1925 1367 2010 1414 est
2033 1357 2178 1426 quod
2206 1355 2428 1422 dicitur,
2459 1357 2587 1427 quia
2614 1356 2905 1428 imaginem
2935 1355 3100 1412 habet
3133 1355 3508 1424 unusquisque

1925 1449 2169 1516 virtutis,
2198 1462 2308 1504 non
2343 1457 2521 1504 tamen
2555 1450 2780 1521 proprie
2804 1456 2860 1504 et
2890 1447 3105 1504 sincere
3134 1448 3269 1501 vivit
3304 1446 3362 1500 in
3392 1446 3507 1516 ipsa

1927 1541 2158 1595 virtute.
2211 1537 2344 1594 Tale
2398 1550 2578 1594 autem
2610 1540 2755 1610 quod
2799 1539 3079 1595 dicimus:
3115 1537 3394 1609 Sapientia
3447 1545 3508 1591 et

1927 1633 2153 1689 scientia
2179 1647 2304 1704 pars
2328 1641 2414 1688 est
2446 1647 2646 1704 magna
2680 1634 2984 1699 virtutum;
3034 1633 3130 1688 sed
3168 1631 3224 1686 in
3253 1629 3508 1700 praesenti

1926 1729 2043 1781 vita
2070 1727 2116 1782 si
2153 1725 2279 1795 quis
2308 1733 2465 1796 putat
2491 1738 2552 1781 se
2580 1727 2938 1796 cognovisse,
2977 1726 3216 1781 nondum
3256 1725 3512 1795 cognovit

248 1813 376 1884 gine
396 1811 680 1868 caelestis?
709 1814 994 1882 Quomodo
1013 1817 1186 1872 sciam
1212 1817 1267 1872 in
1295 1815 1397 1874 hoc
1421 1817 1548 1887 quid
1573 1827 1656 1872 est
1679 1819 1820 1887 quod
1855 1797 1898 1853 Β
1921 1820 2065 1876 sicut
2089 1827 2304 1890 oportet
2342 1819 2485 1875 scire
2508 1859 2525 1886 ,
2573 1823 2666 1890 qui
2713 1818 2860 1874 enim
2897 1819 3199 1889 cognoscit,
3242 1817 3299 1871 in
3337 1816 3508 1886 mitig-

249 1905 447 1957 docere
471 1918 568 1958 nos
595 1905 708 1959 vult
744 1905 1029 1978 Scriptura
1059 1909 1268 1976 divina,
1313 1925 1436 1980 quae
1477 1911 1683 1981 absque
1712 1910 1820 1966 ulla

248 1992 550 2062 adjectione
579 1995 655 2050 ait
686 2011 701 2050 :
727 1995 1042 2070 Quanquam
1070 2002 1124 2056 in
1154 2002 1382 2073 imagine
1409 2002 1619 2073 (nescio
1643 2003 1820 2074 cujus)

247 2083 478 2139 ambulet
513 2085 668 2140 homo
687 2087 712 2139 .9
743 2087 812 2142 Et
833 2089 878 2144 si
907 2089 1124 2158 quidem
1153 2091 1406 2161 dejustis
1435 2092 1567 2148 solis
1591 2092 1820 2160 diceret,

246 2174 368 2229 sine
390 2175 555 2232 dubio
582 2177 828 2244 dixisset,
854 2178 1176 2252 Quanquam
1207 2183 1261 2235 in
1305 2185 1540 2256 imagine
1582 2186 1823 2242 cmleStis

249 2265 491 2321 ambulet
513 2268 696 2325 homo.
727 2270 835 2324 A'ut
864 2271 908 2326 si
930 2271 998 2327 de
1023 2275 1404 2342 peccatoribus
1437 2285 1647 2330 tantum
1675 2277 1824 2333 dice-

250 2365 357 2421 ret,
422 2357 648 2414 dixisset
705 2370 875 2426 certe,
929 2365 990 2418 In
1056 2364 1294 2435 imagine
1337 2368 1539 2422 terreni
1583 2369 1825 2424 ambulet

248 2447 434 2502 homo.
489 2449 690 2505 Verum
739 2453 993 2522 quoniam
1052 2457 1380 2526 generaliter
1437 2458 1508 2514 de
1554 2461 1826 2517 universis

250 2539 576 2596 mortalibus
627 2543 1033 2612 pronuntiatur,
1083 2561 1314 2617 quorum
1377 2550 1470 2604 alii
1533 2551 1824 2622 imaginem

249 2633 490 2690 caelestis
526 2645 764 2704 portant,
798 2639 1112 2709 quicunque
1150 2642 1446 2698 secundum
1502 2644 1674 2716 legem
1727 2647 1824 2703 Dei

250 2725 464 2795 vivunt,
489 2727 581 2782 alii
610 2731 812 2785 terreni
857 2731 1148 2803 imaginem
1177 2744 1418 2804 portant,
1459 2739 1550 2807 qui
1586 2740 1824 2795 camali-

251 2823 336 2871 ter
365 2816 586 2878 vivunt:
616 2829 905 2890 propterea
934 2824 1244 2878 necessario
1276 2825 1496 2881 reticuit
1536 2828 1824 2897 specialem

253 2910 511 2980 imaginis
559 2911 1016 2983 designationem,
1062 2925 1117 2970 et
1164 2919 1475 2986 generalem
1505 2923 1826 2976 sententiam

253 3003 321 3056 de
344 3003 601 3058 omnibus
628 3004 939 3062 hominibus
985 3007 1237 3075 protulit,
1288 3010 1413 3078 quia
1459 3012 1638 3066 omnis
1664 3013 1828 3067 homo

251 3091 309 3146 in
357 3093 594 3165 imagine
643 3095 904 3150 ambulet.
958 3096 1132 3152 Tuum
1177 3109 1262 3154 est
1296 3101 1406 3169 jam
1455 3102 1725 3160 discutere
1773 3116 1828 3160 et

253 3186 549 3256 exquirere
590 3201 655 3242 ex
706 3189 1132 3260 uniuscujusque
1175 3193 1284 3248 lide
1338 3205 1395 3249 et
1419 3197 1716 3265 operibus,
1773 3211 1830 3255 et

255 3277 679 3334 conversatione
709 3290 764 3335 et
795 3283 1010 3337 actibus
1031 3322 1046 3348 ,
1071 3298 1140 3337 ex
1173 3285 1600 3354 cogitationibus
1624 3304 1681 3345 et
1711 3306 1830 3346 ver-

253 3369 362 3434 bis,
394 3380 452 3426 et
487 3371 842 3428 considerare
871 3385 1050 3428 utrum
1087 3376 1142 3429 iu
1173 3376 1412 3445 imagine
1444 3379 1688 3435 caelestis
1717 3396 1836 3435 am-

253 3464 424 3532 bulet,
458 3479 526 3518 au
557 3465 611 3518 in
640 3465 876 3536 imagine
908 3469 1133 3522 terreni.
1174 3467 1232 3523 Si
1263 3471 1573 3525 misericors
1607 3487 1667 3527 es
1693 3473 1834 3528 sicut

253 3554 420 3612 Pater
448 3567 570 3611 tuus
600 3557 846 3614 caelestis
869 3559 1183 3616 misericors
1206 3570 1312 3628 est,
1349 3564 1467 3617 sine
1497 3565 1664 3619 dubio
1694 3565 1748 3618 in
1781 3574 1833 3619 te

256 3647 436 3705 Patris
463 3649 703 3706 cmlestis
726 3650 906 3722 imago
935 3660 1038 3708 est.
1064 3652 1122 3708 Si
1149 3669 1258 3709 non
1295 3652 1473 3709 solum
1506 3656 1699 3711 amicis
1727 3657 1836 3712 tuis

257 3742 550 3809 benefacis,
581 3744 675 3798 sed
713 3743 878 3798 etiam
908 3744 1148 3800 inimicis
1191 3746 1375 3802 reddis
1406 3749 1548 3802 bona
1579 3763 1679 3818 pro
1713 3763 1834 3802 ma-

258 3835 344 3903 lis,
374 3835 516 3891 sicut
549 3833 710 3890 Pater
735 3835 973 3892 caelestis
1000 3836 1162 3891 solem
1189 3853 1342 3894 suum
1368 3839 1498 3892 oriri
1522 3838 1652 3908 facit
1678 3856 1838 3909 super

258 3927 420 3980 bonos
455 3936 505 3981 et
547 3928 717 3980 malos
741 3965 758 3993 ,
793 3935 841 3980 et
885 3926 1020 3995 pluit
1045 3942 1203 3995 super
1223 3929 1402 3996 justas
1429 3937 1478 3980 et
1506 3927 1734 3996 injustas
1765 3927 1834 3992 ⁵¹,

257 4019 441 4089 imago
472 4021 526 4075 in
563 4031 617 4076 te
645 4020 882 4076 caelestis
908 4029 1011 4076 est.
1055 4019 1125 4075 Et
1165 4019 1218 4074 si
1265 4022 1320 4074 in
1357 4021 1614 4076 omnibus
1653 4021 1835 4090 perle-

258 4124 380 4169 ctus
439 4129 519 4179 es,
580 4113 724 4170 sicut
770 4112 932 4169 Pater
972 4123 1098 4169 tuus
1147 4113 1392 4170 cmlestis
1422 4115 1696 4184 perfectus
1733 4123 1834 4177 est,

258 4204 442 4278 imago
471 4206 526 4261 in
557 4217 610 4262 te
636 4206 875 4263 ccelestis
917 4215 1022 4261 est.
1074 4206 1144 4261 Et
1171 4221 1386 4261 rursum
1419 4206 1465 4261 si
1495 4222 1600 4261 non
1625 4221 1684 4262 es
1716 4207 1838 4261 imi-

263 4309 404 4354 tator
437 4298 638 4354 Christi
661 4315 764 4355 nec
798 4299 1026 4366 apostoli
1076 4296 1253 4363 Pauli,
1282 4297 1377 4367 qui
1408 4297 1543 4352 dicit
1569 4299 1614 4331 ⁸³
1646 4314 1662 4354 :
1699 4296 1836 4351 Imi-

262 4403 457 4447 tutores
480 4393 582 4447 mei
601 4402 788 4460 estote,
820 4395 954 4447 sicut
981 4409 1076 4463 ego
1106 4392 1327 4459 Christi,
1363 4393 1460 4446 sed
1497 4391 1742 4447 imitator
1779 4407 1839 4447 es

1922 1923 2068 1968 male
2093 1911 2392 1983 cognoscit.
2444 1912 2584 1981 Ergo
2620 1912 2673 1966 in
2704 1911 2945 1981 imagine
2967 1912 3215 1968 scientias
3254 1908 3507 1964 ambula-

1925 2020 2045 2060 mus
2079 2013 2135 2060 et
2172 2019 2279 2060 non
2327 2004 2382 2059 in
2437 2005 2553 2074 ipsa
2583 2004 2853 2069 scientia,
2899 2017 2998 2073 per
3040 2017 3202 2073 quam
3255 2000 3396 2055 facie
3439 2000 3509 2054 ad

1923 2094 2120 2151 faciem
2167 2097 2547 2165 cognoscitur.
2607 2095 2684 2150 Ita
2746 2095 3100 2151 nihilominus
3164 2103 3223 2148 et
3284 2092 3339 2147 in
3393 2091 3510 2160 ipsa

1922 2187 2204 2258 sapientiae
2230 2187 2505 2258 imagine,
2548 2183 2605 2241 et
2651 2187 2892 2242 nondum
2953 2185 3007 2240 in
3069 2184 3185 2253 ipsa
3243 2183 3510 2253 sapientia

1925 2279 2287 2342 ambulamus.
2341 2281 2471 2349 quia
2520 2279 2763 2335 nondum
2808 2276 3047 2333 revelata
3087 2275 3229 2331 facie
3282 2275 3508 2345 gloriam

1875 2396 1880 2403 ι
1925 2371 2141 2428 Domini
2191 2372 2564 2444 speculamur.
2609 2371 2812 2426 Eadem
2860 2369 3036 2425 audeo
3064 2369 3131 2423 de
3151 2368 3364 2438 juStitia
3413 2367 3510 2422 Dei

1925 2467 2130 2530 dicere,
2185 2465 2327 2535 quod
2374 2464 2428 2518 in
2483 2463 2720 2534 imagine
2763 2461 2988 2532 justitia:
3042 2459 3403 2524 ambulamus,
3455 2467 3513 2513 et

1927 2560 2166 2613 nondum
2203 2558 2258 2612 in
2292 2556 2380 2611 illa
2411 2554 2633 2625 justitia
2687 2569 2810 2626 qua:
2857 2562 2944 2609 est
2994 2552 3140 2608 facie
3193 2552 3262 2606 ad
3314 2551 3511 2606 lactem

1927 2651 2248 2707 incedimus.
2298 2650 2484 2720 Neque
2534 2649 2679 2703 enim
2749 2662 2948 2718 capere
3004 2646 3206 2718 poterit
3268 2648 3509 2701 humana

1929 2752 2128 2796 natura
2156 2741 2387 2811 pellibus
2410 2752 2465 2796 et
2497 2755 2665 2794 carne
2692 2741 2893 2795 vestita
2913 2778 2930 2806 ,
2972 2738 3187 2794 ossibus
3225 2747 3281 2794 et
3330 2738 3513 2794 nervis

1931 2837 2155 2898 inserta,
2187 2838 2381 2888 nudam
2425 2835 2597 2902 ipsnm
2623 2832 2856 2902 justitia:
2898 2831 3281 2901 sinceramque
3311 2830 3513 2885 verita-

1932 2939 2036 2982 tem
2071 2927 2212 2982 lerre
2242 2936 2296 2980 et
2320 2926 2890 2987 toleraresecundum
2919 2933 3129 2978 naturae
3172 2937 3286 2977 suae
3314 2932 3512 2992 poten-

1929 3020 2059 3073 tiam
2121 3035 2187 3074 ac
2244 3019 2521 3072 virtutem.
2581 3015 2638 3071 Si
2677 3016 2897 3084 quidem
2961 3016 3077 3086 ipse
3131 3014 3378 3070 Christus
3429 3025 3516 3070 est

1933 3119 2123 3163 natura
2168 3111 2430 3163 virtutum
2466 3126 2480 3162 :
2513 3107 2629 3176 ipse
2660 3107 2803 3160 enim
2827 3086 3080 3174 justitia,
3127 3122 3248 3175 quae
3273 3107 3514 3160 humano

1930 3204 2119 3275 generi
2150 3218 2255 3257 non
2284 3203 2338 3256 in
2363 3199 2754 3270 plenitudinem
2785 3198 3090 3267 splendoris
3117 3199 3359 3264 advenit,
3383 3202 3511 3269 quia

1930 3294 2087 3352 Jesus
2133 3295 2385 3349 Christus
2420 3293 2660 3361 seipsum
2713 3290 3016 3344 exiuanivit
3052 3288 3228 3344 forma
3281 3291 3412 3355 Dei,
3452 3299 3515 3343 ut

1930 3388 2160 3444 formam
2190 3385 2335 3442 servi
2360 3386 2656 3453 acciperet.
2706 3380 2773 3435 Et
2811 3381 2858 3436 si
2888 3380 3108 3450 quidem
3152 3381 3220 3436 de
3263 3381 3395 3435 solis
3419 3379 3516 3434 Ju—

1933 3479 2064 3534 daeis
2086 3493 2268 3533 sermo
2294 3477 2592 3547 Scriptura;
2622 3476 2967 3547 loqueretur,
2999 3474 3227 3530 dixisset
3252 3473 3512 3538 forsitan,

1932 3571 2326 3641 Quanquamin
2359 3572 2548 3624 umbra
2597 3569 2838 3625 ambulet
2893 3569 3056 3624 homo
3091 3585 3106 3622 :
3137 3568 3230 3622 sed
3272 3569 3422 3637 quia,
3458 3574 3517 3620 ut

1935 3663 2194 3728 arbitror,
2233 3663 2300 3716 de
2352 3659 2672 3716 melioribus
2722 3674 2904 3714 sermo
2937 3657 2998 3712 lit
3035 3672 3198 3727 quam
3235 3666 3392 3710 erant
3439 3656 3515 3710 illi

1935 3755 2026 3824 qui
2069 3754 2369 3809 secundum
2421 3753 2670 3806 umbram
2724 3751 2859 3821 legis
2890 3750 3180 3815 vivebant,
3229 3759 3514 3817 propterea

1937 3846 2196 3916 scriptum
2225 3852 2333 3907 est,
2367 3842 2685 3913 Quanquam
2713 3843 2768 3895 in
2798 3841 3026 3909 imagine
3061 3839 3288 3893 ambulet
3337 3839 3513 3892 homo.

1937 3935 2091 4004 Quod
2127 3935 2328 3988 clarius
2375 3934 2441 3987 ad
2475 3933 2806 3988 intellectum
2848 3932 3030 3986 veniet
3074 3947 3141 3985 ex
3167 3931 3516 3986 sermonibus

1939 4027 2165 4099 apostoli
2191 4026 2368 4092 Pauli,
2393 4029 2486 4095 qui
2513 4035 2624 4080 tres
2649 4026 2916 4094 quasdam
2935 4025 3142 4093 species
3167 4023 3516 4093 proprietatis

1937 4118 2187 4189 designat
2231 4116 2286 4171 in
2335 4116 2449 4186 lege
2471 4155 2486 4180 ,
2546 4114 2793 4168 umbram
2829 4115 3017 4168 dicens
3047 4123 3104 4168 et
3140 4115 3429 4182 imaginem
3461 4119 3517 4168 et

1937 4210 2248 4273 veritatem,
2284 4207 2361 4260 ait
2386 4220 2621 4273 namque
2650 4202 2698 4235 “
2733 4223 2747 4258 :
2779 4202 3030 4257 Umbram
3049 4205 3187 4257 enim
3215 4202 3408 4256 habens
3431 4203 3518 4255 lea:

1941 4301 2194 4354 bonorum
2235 4296 2564 4365 futurorum,
2617 4309 2723 4348 non
2771 4294 2940 4363 ipsam
2987 4294 3270 4363 imaginem
3317 4309 3515 4358 rerum,

1938 4409 2031 4463 per
2048 4389 2283 4461 singulos
2322 4403 2488 4440 annos
2515 4385 2701 4440 iisdem
2742 4385 2868 4462 ipsis
2903 4386 3087 4440 hostiis
3124 4401 3255 4454 quas
3289 4383 3519 4453 oﬂ'erunt

263 4501 486 4554 operum
525 4483 732 4540 diaboli
780 4485 872 4554 qui
915 4484 1186 4540 homicida
1217 4483 1318 4538 fuit
1358 4484 1427 4538 ab
1475 4484 1630 4539 initio
1662 4503 1676 4538 :
1705 4494 1760 4539 et
1793 4484 1839 4539 si
1872 4496 1915 4551 ι)
1946 4483 2318 4547 indesinenter,
2342 4494 2614 4548 nunquam
2648 4486 2817 4544 potest
2853 4478 3155 4530 accedentes
3191 4478 3364 4545 facere
3401 4491 3520 4541 per-

264 4591 479 4634 terrena
526 4577 732 4647 sapias,
771 4586 826 4631 et
867 4584 1084 4631 terrena
1129 4577 1394 4645 loquaris,
1449 4584 1506 4630 et
1551 4576 1835 4630 thesaurus

265 4683 389 4728 tuus
419 4679 478 4726 et
517 4685 612 4725 cor
661 4677 814 4724 tuum
849 4670 902 4723 in
949 4677 1094 4722 terra
1129 4669 1219 4736 sit,
1285 4668 1486 4723 terreni
1546 4668 1836 4737 imaginem

264 4773 471 4834 portas.
507 4763 706 4817 Verum
743 4760 876 4832 quia
904 4759 956 4814 in
1007 4761 1092 4815 his
1120 4761 1252 4816 locis
1286 4761 1492 4816 inventi
1527 4776 1751 4828 sumus,
1779 4761 1836 4815 in

262 4855 459 4926 quibus
505 4855 572 4909 de
625 4853 862 4924 imagine
892 4867 1075 4908 sermo
1100 4863 1403 4909 commotus
1429 4861 1510 4910 est
1540 4894 1556 4919 ,
1585 4868 1838 4909 necessa-

261 4952 402 5004 rium
430 4950 649 5004 videtur
677 4948 840 5004 etiam
884 4945 1076 5017 psalmi
1106 4943 1252 5000 illius
1285 4944 1610 5002 versiculum
1641 4945 1693 4999 in
1725 4960 1840 5000 me-

261 5041 412 5095 dium
442 5043 770 5110 producere,
818 5041 874 5095 in
910 5054 1022 5110 quo
1068 5040 1136 5096 de
1170 5041 1548 5110 peccatoribus
1579 5040 1842 5108 scriptum

263 5143 348 5189 est
377 5134 424 5167 ⁵³
448 5149 463 5188 :
489 5134 737 5203 Domine,
766 5135 822 5188 in
838 5134 1054 5189 civitate
1075 5144 1168 5188 tua
1201 5135 1481 5204 imaginem
1504 5134 1738 5202 ipsorum
1773 5132 1842 5185 atl

266 5226 492 5280 nihilum
515 5226 739 5297 redigas.
774 5225 998 5281 Constat
1020 5240 1150 5298 ergo
1181 5225 1310 5298 quia
1333 5233 1682 5295 peccatorum
1709 5225 1844 5278 ima-

265 5320 450 5388 ginem
483 5320 537 5373 in
567 5319 788 5377 civitate
839 5333 940 5375 sua
993 5317 1138 5374 Deus
1187 5321 1258 5375 ad
1305 5318 1540 5374 nihilum
1596 5316 1840 5387 redigit;

271 5410 535 5477 iustorum
588 5423 774 5470 autem
833 5412 1126 5485 imaginem
1174 5414 1292 5470 sine
1350 5413 1513 5468 dubio
1566 5420 1746 5467 tuetur
1788 5417 1844 5466 et

269 5514 471 5561 servat.
506 5505 636 5564 Haec
665 5516 748 5564 est
773 5521 904 5578 ergo
935 5509 1118 5578 imago
1143 5507 1386 5574 terreni,
1418 5505 1471 5563 id
1519 5515 1603 5561 est
1649 5518 1842 5575 pecca-

345 5714 388 5747 "
425 5711 633 5768 Coloss.
675 5729 714 5777 ι,
747 5713 835 5767 15.
909 5711 956 5745 ³ο
985 5711 1005 5767 l
1032 5711 1161 5770 Cor.
1202 5727 1296 5782 xv,
1335 5711 1424 5771 49.
1500 5710 1544 5744 "
1581 5707 1772 5768 Matth.
1814 5724 1868 5781 ν,
1910 5712 2000 5770 15.

273 5799 332 5856 x,
375 5787 426 5841 1.
500 5783 590 5838 ³⁸1
622 5783 795 5839 Paral.
833 5799 981 5854 xxix,
1024 5783 1108 5842 15.

1943 4579 2126 4646 lectos.
2145 4576 2286 4646 Ergo
2313 4575 2398 4628 lex
2426 4573 2674 4626 umbram
2698 4570 2864 4625 habet
2891 4568 3196 4624 futurorum
3228 4570 3516 4633 bonorum,

1943 4686 2050 4724 non
2081 4669 2254 4738 ipsum
2287 4664 2584 4735 imaginem
2631 4676 2836 4728 rerum,
2883 4660 3172 4717 ostendens
3205 4659 3324 4714 sine
3355 4660 3520 4713 dubio

1944 4762 2107 4816 aliam
2134 4775 2255 4815 esse
2284 4755 2578 4827 imaginem
2628 4769 2809 4808 rerum
2861 4767 3023 4822 quam
3071 4751 3214 4805 illam
3243 4766 3361 4815 qum
3388 4750 3520 4820 legis

1947 4853 2137 4906 umbra
2167 4849 2508 4920 designatur.
2566 4845 2634 4900 Et
2691 4845 2736 4900 si
2799 4845 2924 4915 quis
2985 4852 3166 4914 potest
3213 4842 3523 4897 describere

1944 4942 2346 5001 observantiam
2382 4939 2532 4995 illam
2558 4937 2774 4994 Judaici
2805 4937 3010 5004 cultus,
3047 4938 3355 4992 consideret
3384 4945 3524 4991 tem-

1946 5038 2094 5108 plum
2123 5035 2253 5090 illud
2280 5049 2386 5088 non
2421 5033 2684 5087 habuisse
2715 5031 3006 5102 imaginem
3049 5045 3250 5096 rerum,
3276 5031 3369 5084 sed
3402 5046 3522 5082 um-

1947 5131 2100 5185 bram
2130 5145 2143 5182 :
2175 5129 2352 5182 videat
2390 5141 2609 5196 quoque
2638 5125 2816 5179 altare
2851 5123 3098 5178 umbram
3139 5137 3257 5178 esse
3283 5163 3300 5189 ,
3342 5125 3522 5176 videat

1946 5231 2000 5276 et
2041 5222 2219 5276 hircos
2271 5231 2327 5275 et
2364 5219 2569 5274 vitulos
2607 5219 2699 5289 qui
2729 5217 3072 5271 adducuntur
3121 5217 3188 5269 ad
3245 5215 3521 5268 victimam

1950 5315 2195 5372 umbram
2258 5328 2380 5369 esse
2436 5313 2524 5367 illa
2582 5311 2786 5374 omnia,
2844 5309 3140 5364 secundum
3202 5307 3331 5362 illud
3376 5307 3525 5376 quod

1947 5408 2212 5478 scriptum
2243 5415 2328 5462 est
2352 5405 2401 5438 ⁵⁸
2433 5421 2448 5458 :
2480 5403 2682 5459 Umbra
2727 5401 2873 5458 enim
2905 5409 2980 5454 est
3017 5400 3122 5453 vita
3159 5410 3338 5451 nostra
3369 5414 3528 5466 super

1947 5514 2164 5558 terram.
2203 5500 2261 5558 Si
2301 5503 2426 5573 quis
2460 5514 2588 5556 vero
2615 5499 2848 5556 transire
2871 5496 3109 5566 potuerit
3153 5493 3222 5548 ab
3257 5491 3358 5547 hac
3400 5507 3526 5546 um-

3273 5688 3320 5721 “
3355 5693 3524 5751 Ilebr.

2079 5711 2126 5744 ⁵³
2160 5709 2181 5766 l
2218 5706 2344 5766 Cor.
2387 5722 2466 5776 xl,
2502 5705 2556 5764 I.
2632 5705 2679 5740 ⁸³
2713 5703 2858 5761 Psal.
2892 5716 3064 5770 Lxxn,
3101 5701 3193 5759 20.
