3970 6160
437 255 463 310 ε
481 256 576 311 ωδ

1820 246 1908 301 ΕΚ
1946 243 2104 303 OillG
2115 244 2248 300 ENE

3592 243 3725 302 ΗΜ

434 372 558 438 bra,
583 369 878 427 veniatad
925 367 1218 439 imaginem
1268 383 1448 424 rerum
1494 377 1549 425 et
1597 367 1778 423 videat
1813 369 2090 428 adven-A
2118 366 2267 437 ipsos
2312 364 2546 436 probare
2600 366 2652 422 in
2705 365 2795 421 illo
2844 381 3011 438 opere
3063 375 3121 422 et
3169 366 3223 422 in
3280 365 3379 421 illo
3431 378 3725 432 sermone,

434 476 552 518 tum
603 462 767 533 697
811 462 1011 516 Christi
1059 463 1112 515 in
1151 477 1318 517 carne
1359 463 1601 529 factum,
1645 463 1831 518 videat
1890 479 2013 520 eum

437 555 770 625 pontificem,
789 551 1105 608 offerentem
1123 555 1340 624 quidem
1363 564 1418 610 et
1447 570 1591 610 nunc
1616 554 1761 610 Patri
1785 557 2017 624 hostias,

437 655 495 698 et
521 644 867 716 postmodum
899 643 1206 699 oblaturum
1237 659 1253 699 :
1289 654 1345 699 et
1389 644 1657 715 intelligat
1693 646 1810 702 haec
1833 648 2017 702 omnia

436 735 702 804 imagines
751 749 871 791 esse
912 735 1239 805 spiritalium
1282 751 1501 800 rerum,
1539 746 1594 791 et
1642 737 2019 805 corporalibus

434 825 630 881 ofﬁciis
646 825 889 882 coelestia
903 827 1173 893 designari
1185 864 1196 878 .
1208 825 1390 897 imago
1405 842 1533 897 ergo
1552 826 1748 882 dicitur
1759 828 1863 884 hoc
1877 830 2019 899 quod

437 919 697 990 recipitur
713 919 778 974 ad
801 935 1057 990 praesens,
1073 927 1127 975 et
1148 920 1343 975 intueri
1361 930 1540 990 potest
1559 922 1791 976 humana
1806 931 2015 977 natura.

441 1010 497 1065 Si
532 1021 685 1081 potes
715 1023 896 1067 mente
926 1021 980 1067 et
1007 1012 1189 1067 animo
1211 1021 1503 1081 penetrare
1537 1013 1728 1079 caelos,
1765 1024 1824 1069 et
1866 1015 2019 1084 sequi

440 1099 623 1155 Jesum
659 1102 749 1171 qui
785 1102 1087 1171 penetravit
1112 1101 1301 1170 caelos,
1334 1110 1391 1158 et
1413 1102 1624 1158 assistit
1657 1119 1801 1158 nunc
1847 1104 2020 1161 vultui

442 1191 538 1247 Dei
562 1208 660 1263 pro
677 1194 850 1256 nobis,
868 1194 940 1248 ibi
968 1195 1209 1251 invenies
1228 1196 1316 1250 illa
1344 1196 1483 1252 bona
1511 1211 1746 1267 quorum
1772 1199 2019 1253 umbram

441 1285 632 1339 habuit
660 1285 765 1351 lex,
787 1298 841 1340 et
872 1287 1162 1357 imaginem
1194 1287 1444 1344 Christus
1472 1291 1709 1345 ostendit
1744 1290 1795 1344 in
1830 1305 2020 1357 carne,

439 1391 561 1445 quae
591 1387 895 1447 praeparata
936 1388 1068 1433 sunt
1107 1379 1306 1445 beatis,
1342 1395 1463 1449 quae
1500 1396 1599 1435 nec
1629 1383 1825 1438 oculus
1868 1383 2019 1448 vidit,

442 1480 555 1523 nec
587 1471 737 1525 auris
782 1471 1023 1535 audivit,
1067 1486 1169 1525 nec
1214 1471 1267 1525 in
1317 1486 1416 1527 cor
1459 1473 1699 1530 hominis
1750 1476 2021 1531 ascendit.

442 1562 576 1630 Quae
605 1578 730 1618 cum
756 1565 961 1620 videris
988 1565 1260 1635 intelliges
1288 1567 1417 1636 quia
1447 1568 1539 1639 qui
1575 1567 1630 1622 in
1672 1569 1804 1639 ipsis
1829 1570 2022 1624 ambu-

444 1656 542 1722 lat,
570 1664 626 1711 et
661 1657 712 1709 in
749 1656 964 1711 illorum
999 1658 1272 1714 desiderio
1307 1669 1364 1716 et
1399 1660 1698 1730 cupiditate
1727 1661 2020 1732 perdurat,

444 1747 551 1803 iste
578 1764 686 1802 non
713 1750 768 1803 in
801 1750 1056 1820 imagine,
1089 1751 1181 1805 sed
1233 1752 1285 1805 in
1320 1752 1433 1821 ipsa
1465 1752 1577 1821 jam
1607 1753 1851 1809 ambulat
1875 1754 2022 1810 veri~

445 1848 579 1923 tate.
613 1838 992 1917 Verumtamen
1030 1842 1085 1896 in
1125 1843 1356 1913 imagine
1380 1845 1615 1901 ambulat
1642 1847 1818 1904 homo.
1845 1847 2021 1918 Repe-

446 1944 626 1989 tamus
652 1947 783 2003 ergo
818 1950 1128 1993 sermonem
1158 1937 1310 1994 illum
1339 1954 1500 2008 quem
1539 1940 1679 1995 dixit
1700 1941 2022 2012 Apostolus,

444 2026 501 2080 in
530 2041 638 2096 quo
665 2029 951 2095 generales
985 2034 1123 2085 duas
1179 2031 1445 2103 imagines
1483 2033 1816 2103 designavit,
1859 2050 2023 2090 unam

445 2120 663 2188 quidem
699 2130 994 2185 terrenam.
1030 2125 1192 2180 aliam
1228 2138 1361 2179 vero
1384 2123 1688 2190 cmiestem,
1719 2135 1773 2181 et
1801 2141 2024 2199 compa-

443 2227 627 2269 remus
653 2215 719 2270 ad
756 2217 878 2280 hoc,
898 2214 1215 2288 Quanquam
1238 2219 1292 2272 in
1321 2218 1550 2287 imagine
1575 2216 1811 2272 ambulat
1832 2218 1986 2272 homo
2001 2235 2023 2284 ;

441 2314 496 2361 et
548 2306 655 2362 hoc
709 2308 854 2376 quod
912 2310 1245 2379 generaliter
1296 2310 1503 2365 dictum
1536 2320 1654 2373 est,
1711 2309 1767 2364 iu
1825 2310 2024 2364 multas

443 2394 656 2469 Species
678 2401 1000 2465 dividamus,
1036 2410 1095 2456 ut
1124 2417 1246 2457 cum
1278 2401 1542 2456 dividitur
1570 2415 1753 2456 sermo
1785 2412 1885 2471 per
1908 2400 2026 2455 sin-

441 2492 564 2563 gula
621 2503 786 2562 atque
838 2493 1163 2560 discutitur,
1203 2495 1467 2549 clarescat
1505 2494 1649 2565 quod
1698 2493 2026 2548 intrinsecus

443 2583 596 2641 latet.
627 2584 740 2641 Hoc
774 2600 856 2641 est
877 2597 1059 2641 autem
1098 2589 1240 2657 quod
1265 2587 1498 2643 dicimus
1530 2586 1759 2643 :Omnis
1785 2594 2028 2656 potestas

443 2676 686 2742 inimica,
723 2687 780 2731 et
800 2692 1140 2747 unaqua-que
1172 2677 1346 2732 virtus
1383 2678 1565 2732 divina
1606 2692 1730 2747 qua:
1763 2671 2024 2731 anxilium

440 2779 666 2840 praestat
699 2770 785 2824 his
806 2771 898 2840 qui
934 2770 1164 2825 salutem
1198 2770 1458 2841 consequi
1490 2771 1720 2839 cupiunt
1747 2784 1763 2826 :
1800 2767 2027 2839 singula:

442 2864 636 2918 harum
654 2864 918 2934 imagines
937 2864 1199 2933 quasdam
1219 2864 1533 2932 exprimunt
1556 2864 1607 2917 iu
1634 2861 1811 2916 anima
1837 2875 2026 2917 eorum

443 2957 536 3025 qui
572 2971 631 3013 se
663 2958 730 3013 ad
763 2955 1170 3026 receptaculum
1209 2971 1398 3010 earnm
1431 2955 1669 3010 diversis
1714 2955 1909 3011 studiis
1934 2969 2030 3009 ex-

445 3050 653 3105 hibent.
679 3048 843 3103 Verbi
874 3049 1072 3120 gratia,
1105 3050 1247 3103 sicut
1279 3049 1530 3117 superius
1552 3047 1812 3131 diximus,
1835 3065 2028 3105 omnes
2054 3062 2097 3119 ο

443 3143 662 3212 quidem
708 3141 989 3206 homines,
1030 3147 1124 3195 aut
1169 3141 1433 3203 caelestis,
1467 3149 1561 3196 aut
1594 3143 1795 3196 terreni
1830 3142 2023 3212 imagi-

446 3251 570 3290 nem
594 3245 899 3305 portamus,
932 3237 1026 3290 sed
1054 3244 1112 3289 et
1143 3233 1196 3288 in
1230 3234 1316 3290 bis
1341 3233 1473 3306 ipsis
1503 3233 1673 3289 multa
1710 3234 2018 3290 diversitas.

442 3324 645 3394 Utputa
690 3326 869 3381 omnis
921 3335 1180 3397 peccator
1231 3335 1413 3396 portat
1447 3325 1738 3396 imaginem
1798 3326 2024 3389 terreni,

443 3420 539 3475 sed
577 3434 684 3473 non
716 3418 894 3472 omnis
928 3417 1180 3473 similiter
1215 3437 1230 3474 :
1265 3432 1372 3473 non
1405 3432 1560 3486 atque
1587 3417 1878 3488 imaginem
1912 3426 2024 3474 ter-

446 3514 564 3568 reui
600 3521 783 3582 portat
839 3511 1113 3567 homicida
1162 3521 1218 3564 et
1277 3511 1533 3575 mendax,
1573 3517 1669 3564 aut
1714 3508 1931 3565 adulter
1966 3520 2024 3566 et

447 3607 831 3669 conviciosns,
898 3616 992 3661 aut
1054 3620 1343 3673 puerorum
1411 3611 1704 3673 corruptor
1766 3613 1822 3660 et
1886 3603 2014 3668 fur,

445 3701 695 3769 quamvis
755 3714 945 3753 omnes
1007 3699 1095 3752 isti
1156 3696 1355 3752 terreni
1420 3696 1714 3765 imaginem
1769 3705 2025 3766 portent,

451 3793 547 3847 sed
583 3794 747 3847 multa
779 3802 861 3847 est
895 3792 1040 3846 inter
1072 3792 1221 3860 ipsos
1245 3787 1551 3843 differentia
1580 3802 1679 3857 pro
1708 3787 2028 3843 diversitate

447 3884 676 3952 peccati.
727 3882 1041 3937 Secundum
1077 3882 1174 3935 has
1201 3894 1333 3950 ergo
1378 3878 1724 3933 diversitates
1773 3877 2029 3948 imaginis

449 3974 673 4041 terreni,
730 3973 1099 4044 contemplare
1143 3973 1309 4027 etiam
1347 3969 1719 4026 diversitatem
1770 3968 2027 4039 imaginis

447 4066 710 4127 caelestis.
753 4073 809 4119 et
849 4064 1065 4119 iutuere
1102 4063 1331 4118 Paulum
1381 4072 1686 4131 portantem
1734 4062 2025 4134 imaginem

446 4157 706 4223 cmlestis,
733 4164 788 4210 et
814 4155 1182 4211 Timotheum.
1209 4156 1275 4211 Et
1303 4155 1472 4226 quid?
1506 4164 1762 4224 putamus
1787 4156 1918 4226 quia
1943 4155 2023 4212 si-

449 4248 651 4302 militer
680 4247 817 4300 utin
855 4245 1044 4311 Paulo,
1075 4246 1149 4300 ita
1190 4255 1246 4300 et
1287 4247 1337 4299 in
1377 4243 1664 4300 Timotheo
1695 4254 1816 4299 erat
1843 4245 2026 4317 imago

446 4339 723 4395 caelestis?
752 4339 893 4392 Nihil
939 4338 1203 4409 amplius,
1249 4336 1381 4392 nihil
1426 4339 1740 4406 praeclarius
1780 4339 2021 4394 habebat

2120 470 2302 512 utr-nm
2333 459 2595 524 caelestis,
2633 475 2702 514 an
2738 470 2954 515 terrena
2992 461 3173 530 imago
3214 461 3269 515 in
3295 461 3489 514 anima
3529 470 3727 513 nostra

2120 551 2453 620 depingitur.
2500 550 2606 606 Sed
2648 561 2703 605 et
2734 551 2865 607 illud
2910 551 3205 607 admonere
3231 566 3334 606 vos
3372 550 3586 605 inutile
3612 567 3727 606 non

2119 644 2407 707 videbitur,
2444 644 2588 713 quod
2624 644 2782 700 multi
2808 645 2860 699 in
2892 644 2997 700 hoc
3023 647 3223 701 mundo
3249 656 3490 717 propter
3517 646 3731 713 imagi-

2120 750 2221 790 nes
2253 736 2519 791 malorum
2555 752 2765 809 regum,
2790 737 2900 792 imo
2929 739 3109 807 potius
3137 748 3507 810 tyrannorum
3533 738 3731 807 peric—

2123 838 2272 894 runt,
2303 844 2402 899 pro
2426 828 2532 884 hac
2549 829 2924 884 tantummodo
2946 829 3088 899 quod
3116 830 3418 900 tyrannicas
3447 830 3600 898 apud
3627 844 3728 884 eos

2125 920 2390 989 imagines
2412 921 2764 990 deprehensae
2783 931 2931 987 sunt,
2964 930 3018 976 et
3058 923 3157 978 hoc
3177 923 3356 977 Solum
3387 923 3478 977 eis
3498 921 3730 977 suffecit

2124 1011 2190 1066 ad
2223 1012 2450 1068 crimen.
2484 1012 2869 1068 Perscrutetur
2895 1028 3027 1082 ergo
3056 1030 3198 1068 nunc
3221 1028 3283 1069 se
3321 1015 3727 1086 unusquisque

2126 1114 2390 1171 vestrum,
2416 1114 2472 1160 et
2495 1106 2679 1160 cordis
2706 1106 2787 1160 sui
2818 1120 3018 1159 arcana
3053 1114 3360 1166 recenseat,
3382 1119 3452 1159 ac
3481 1104 3727 1174 diligen-

2127 1208 2207 1252 ter
2242 1197 2483 1267 inquirat
2512 1211 2647 1266 quas
2688 1196 2762 1251 ibi
2810 1196 3075 1267 imagines
3111 1205 3288 1263 gerat.
3337 1194 3402 1251 Si
3460 1195 3731 1249 inventus

2128 1288 2295 1344 fueris
2349 1288 2551 1344 habere
2603 1289 2673 1343 ibi
2740 1287 2942 1343 formas
3028 1287 3225 1343 diaboli
3287 1296 3348 1342 et
3402 1288 3722 1357 imaginem

2126 1374 2537 1452 Satanae,quod
2572 1382 2669 1436 tibi
2705 1383 2808 1436 erit
2840 1382 2965 1436 vitae
2993 1382 3287 1450 retngium,
3311 1380 3445 1451 quis
3487 1381 3730 1434 misero-

2125 1476 2273 1530 liitur
2296 1474 2397 1540 tui,
2418 1489 2542 1529 cum
2581 1473 2647 1529 de
2691 1472 2885 1527 intimo
2913 1472 3158 1528 conclavi
3185 1472 3376 1526 cordis
3410 1471 3496 1525 tui
3531 1480 3727 1542 tyran-

2126 1568 2245 1621 nica
2284 1566 2461 1635 imago
2493 1564 2841 1635 proferetur?
2873 1565 2967 1624 Sin
3001 1576 3181 1619 autem
3222 1565 3308 1620 vis
3334 1574 3401 1619 ut
3435 1579 3546 1632 per
3591 1578 3727 1633 spe-

2125 1659 2237 1714 cies
2264 1660 2358 1715 tibi
2396 1659 2704 1729 bujusmodi
2757 1660 3023 1729 imagines
3071 1658 3373 1728 desiguem,
3407 1657 3569 1711 audi.
3613 1657 3725 1720 Ira,

2125 1753 2305 1823 imago
2364 1753 2653 1823 tyrannica
2703 1760 2813 1820 est,
2863 1751 3116 1818 avaritia,
3168 1750 3367 1816 dolus,
3424 1750 3732 1818 superbia,

2122 1852 2324 1909 tumor,
2360 1844 2545 1916 gloria:
2603 1843 2916 1909 saeculares,
2970 1845 3207 1907 invidizc,
3254 1845 3592 1910 ebrietates,
3630 1859 3733 1898 co-

2125 1939 2507 2002 messationes,
2539 1947 2595 1992 et
2623 1937 2708 1993 bis
2728 1936 2949 1993 similia.
2975 1936 3124 2003 Quas
3146 1936 3192 1990 si
3220 1952 3325 1992 non
3359 1936 3540 1991 citius
3573 1935 3735 2004 abie-

2123 2029 2266 2084 ceris
2293 2028 2361 2084 de
2389 2028 2551 2084 domo
2584 2038 2701 2091 tua,
2732 2028 2776 2084 si
2804 2043 2908 2082 non
2932 2026 3239 2082 detraxeris
3274 2038 3332 2081 et
3365 2026 3666 2081 abraseris
3698 2041 3732 2079 a

2125 2120 2374 2177 sensibus
2410 2121 2516 2175 tuis
2536 2134 2755 2174 onmem
2782 2120 2964 2176 fucum
2995 2118 3243 2188 pessimae
3271 2119 3439 2188 hujus
3465 2118 3733 2187 picturae,

2125 2224 2181 2269 et
2213 2229 2376 2269 omne
2413 2212 2732 2284 figmentum
2782 2213 3036 2267 venenati
3096 2212 3300 2266 coloris
3351 2211 3726 2272 absterseris,

2126 2304 2256 2376 ipsa;
2294 2314 2348 2361 te
2383 2305 2646 2375 imagines
2687 2305 2866 2374 perire
2911 2304 3135 2359 facient.
3181 2301 3307 2357 Haec
3343 2305 3414 2358 de
3454 2316 3526 2358 eo
3576 2301 3729 2372 quod

2126 2401 2391 2468 scriptum
2419 2408 2503 2454 est
2534 2414 2549 2451 :
2587 2398 2653 2453 In
2680 2398 2910 2468 imagine
2938 2397 3175 2451 ambulat
3206 2398 3384 2450 Itonia.

2200 2539 2257 2596 5.
2290 2537 2553 2609 Sequitur
2583 2552 2598 2591 :
2632 2536 2978 2592 Thesaurisat
3006 2547 3055 2591 et
3078 2536 3287 2607 ignorat
3317 2539 3403 2590 cui
3430 2544 3730 2607 congregat

2128 2649 2212 2686 ea.
2234 2631 2536 2703 Oportebat
2557 2632 2707 2688 enim
2742 2629 2945 2700 requiri
2973 2644 3097 2700 quae
3124 2642 3253 2684 sunt
3289 2645 3409 2698 qua:
3445 2628 3728 2685 thesauri-

2129 2735 2327 2779 zantur
2356 2735 2413 2780 et
2447 2724 2772 2795 ignorantur
2801 2723 2891 2779 cui
2919 2732 3420 2793 congregentur,et
3446 2739 3577 2792 quae
3594 2731 3728 2778 sunt

2127 2831 2251 2885 quae
2267 2827 2668 2886 congregantur
2691 2825 2746 2872 et
2778 2831 2885 2871 non
2910 2817 3231 2888 ignorantur
3251 2816 3337 2871 cui
3365 2826 3722 2882 permanent.

2130 2908 2425 2979 Sequitur:
2462 2908 2529 2962 Et
2565 2925 2703 2963 nunc
2747 2924 2867 2978 qua:
2898 2919 2976 2963 est
3006 2908 3324 2973 exspectatio
3355 2906 3517 2963 mea?
3546 2922 3725 2961 nonne

2131 3002 2440 3058 Dominus?
2488 3000 2641 3058 Sicut
2673 3002 2939 3071 sapientia
2988 3009 3170 3056 nostra
3204 3001 3466 3055 Christus
3510 3006 3621 3059 est,
3666 3007 3722 3052 et

2126 3094 2337 3166 justitia
2359 3094 2615 3150 Christus
2639 3103 2743 3161 est,
2760 3094 3061 3150 secundum
3081 3093 3223 3163 quod
3248 3092 3523 3161 scriptum
3547 3101 3635 3146 est
3648 3090 3703 3123 ’ν
3706 3107 3719 3143 :

2131 3186 2238 3253 Qui
2271 3187 2447 3255 factus
2486 3197 2562 3241 est
2602 3187 2862 3251 sapientia
2899 3186 3046 3241 nobis
3074 3202 3108 3238 a
3150 3184 3285 3249 Deo,
3327 3193 3377 3238 et
3406 3184 3628 3256 justitia
3675 3192 3727 3238 et

2130 3280 2488 3346 sanctiﬁcatio
2513 3289 2561 3334 et
2598 3280 2917 3343 redemptio;
2944 3280 3018 3333 ita
3056 3285 3111 3333 et
3135 3277 3504 3346 exspectatio,
3543 3275 3600 3332 id
3638 3289 3726 3331 est

2132 3371 2399 3441 patientia
2442 3380 2630 3426 nostra
2675 3370 2930 3425 Christus
2973 3378 3078 3424 est.
3108 3365 3406 3436 Propterea
3441 3382 3555 3421 non
3604 3365 3723 3436 gloo

2132 3465 2303 3519 rietur
2333 3463 2551 3533 sapiens
2583 3465 2639 3519 in
2672 3462 2966 3533 sapientia,
2996 3467 3098 3516 nec
3123 3460 3285 3516 fortis
3311 3461 3365 3512 in
3391 3457 3722 3514 fortitudine

2128 3569 2247 3621 sua,
2272 3555 2398 3624 quia
2431 3555 2612 3609 omnia
2640 3554 2908 3610 habemus
2935 3552 2992 3608 in
3043 3552 3285 3608 Christo.
3313 3552 3381 3607 Et
3414 3567 3565 3606 nunc
3589 3566 3721 3621 ergo

2130 3661 2251 3716 quae
2299 3656 2383 3702 est
2409 3647 2763 3719 exspectatio,
2804 3645 2856 3703 id
2913 3656 2998 3704 est
3038 3646 3308 3718 patientia
3344 3644 3505 3700 mea!
3545 3643 3720 3698 Domi-

2130 3754 2252 3794 nus.
2294 3736 2361 3791 Et
2392 3741 2692 3795 substantia
2721 3756 2837 3795 mea
2870 3755 2905 3795 a
2938 3748 2987 3796 to
3011 3751 3109 3796 est.
3149 3737 3206 3793 Si
3238 3738 3418 3794 habeo
3463 3737 3718 3792 substan-
3784 3728 3791 3735 ’

2132 3832 2265 3887 tiam
2297 3833 2610 3888 divitiarqu
2651 3832 3003 3902 spiritalium,
3050 3847 3081 3888 a
3131 3833 3243 3888 Deo
3277 3842 3383 3886 est.
3418 3830 3714 3902 Insuﬂarﬂ

2129 3925 2274 3981 enim
2312 3927 2453 3980 Deus
2475 3926 2529 3979 in
2547 3926 2739 3995 faciem
2767 3926 3007 3981 hominis
3029 3926 3272 3997 spiritum
3292 3924 3440 3993 vita,
3468 3934 3519 3980 et
3541 3925 3711 3992 factus

2129 4025 2208 4072 est
2222 4016 2375 4071 homo
2403 4018 2458 4072 in
2495 4018 2734 4072 animam
2762 4018 2931 4072 uiuant
2951 4017 3020 4073 ⁸⁸.

2200 4151 2257 4208 4.
2288 4151 2365 4206 Ab
2393 4151 2633 4206 omnibus
2666 4148 3031 4221 iniquitatibus
3060 4147 3186 4203 meis
3213 4147 3354 4218 eripe
3380 4164 3487 4202 me.
3516 4145 3707 4204 Neces-

2131 4246 2276 4301 Sario
2323 4242 2534 4298 addidit
2582 4243 2646 4295 ab
2701 4241 2970 4305 omnibus,
3003 4254 3100 4309 pro
3149 4238 3369 4294 scilicet
3418 4236 3572 4292 nulla
3615 4250 3706 4291 nos

2134 4345 2313 4392 teneat
2341 4346 2392 4391 et
2421 4336 2761 4403 constringat
2797 4333 3075 4405 iniquitas.
3106 4329 3214 4387 Sed
3238 4331 3524 4401 quomodo
3576 4329 3707 4383 Deus

448 4432 627 4500 imago
654 4428 805 4484 Pauli
842 4439 1038 4500 przeter
1063 4427 1358 4496 imaginem
1394 4425 1700 4483 Timothei?
1729 4428 1838 4500 Ego
1867 4427 2017 4484 arbi-
2054 4409 2105 4470 Ῐ)
2137 4425 2204 4482 ab
2240 4425 2627 4498 iniquitatibus
2660 4424 2882 4494 eripiat,
2923 4422 3356 4478 consideremus.
3424 4419 3489 4476 Si
3542 4420 3705 4490 νωιιί-

449 4533 564 4578 ιι·οι·
578 4524 702 4594 quia
720 4523 1016 4579 secundum
1034 4521 1134 4575 hoc
1150 4519 1293 4591 quod
1314 4523 1655 4591 praecedebat
1672 4523 1793 4577 vita:
1811 4521 2025 4587 merito,

446 4618 597 4672 verbi
632 4616 894 4686 potentia,
920 4613 1366 4686 magnanimitate
1407 4616 1671 4684 propositi
1703 4614 1901 4670 Paulus
1930 4615 2026 4671 Ti-

449 4713 751 4774 tuotlieum,
783 4711 856 4764 ita
893 4709 1029 4764 etin
1066 4708 1158 4762 illo
1195 4706 1367 4774 major
1392 4722 1458 4762 ac
1483 4707 1817 4777 splendidior
1861 4707 2027 4763 reful-

446 4802 608 4872 gebat
632 4803 811 4872 imago
843 4799 1104 4865 coelestis,
1132 4797 1351 4870 qualem
1383 4798 1440 4853 in
1485 4798 1577 4853 illo
1611 4797 1847 4855 faciebat
1886 4799 2021 4854 ima-

448 4895 627 4964 giuem
654 4891 930 4958 Christus,
965 4906 1087 4946 curn
1126 4892 1182 4945 in
1206 4906 1273 4945 eo
1296 4891 1611 4960 loqueretur
1643 4906 1657 4942 :
1691 4900 1747 4945 et
1777 4890 1937 4946 aliam
1967 4901 2021 4947 et

448 4985 631 5056 longe,
670 4994 723 5038 ut
758 5000 859 5055 ego
903 4985 1163 5048 arbitror,
1222 4982 1538 5038 inferiorem
1590 4980 1643 5036 in
1671 4981 1762 5036 illo
1790 4981 2023 5038 faciebat

451 5079 745 5148 imaginem
768 5081 859 5148 qui
895 5078 1110 5134 dicebat
1135 5079 1182 5112 ⁵⁸
1209 5095 1225 5132 :
1257 5075 1325 5137 Et
1352 5076 1488 5130 dixit
1509 5076 1726 5145 angelus
1742 5075 2023 5147 quiloqne-

449 5172 610 5225 batur
647 5171 701 5224 in
733 5187 830 5236 mc,
856 5180 913 5226 et
932 5171 1010 5225 sic
1041 5186 1136 5241 per
1173 5168 1382 5237 singula
1426 5167 1589 5222 etiam
1622 5167 1764 5236 apud
1794 5171 2021 5238 teipsnm

451 5266 758 5334 requirens,
789 5265 1162 5322 diversitatem
1197 5264 1439 5322 invenies
1485 5262 1740 5332 imaginis
1775 5260 1892 5317 sive
1917 5269 2025 5315 ter-

449 5368 596 5410 renas
620 5356 671 5409 iu
697 5356 1090 5425 peccatoribus,
1112 5358 1227 5411 sive
1259 5354 1499 5412 cmlestis
1528 5353 1581 5408 in
1608 5355 1830 5408 sanctis.
1849 5350 2024 5408 Omne

449 5461 578 5516 ergo
611 5448 757 5516 quod
792 5450 972 5519 agitur
1005 5465 1035 5503 a
1078 5449 1236 5504 nobis
1273 5463 1374 5517 per
1430 5445 1672 5517 singulas
1722 5446 1886 5501 horas
1933 5444 2022 5499 vel

452 5547 748 5605 momenta,
770 5540 1060 5613 imaginem
1087 5540 1328 5611 aliquam
1353 5538 1627 5596 deformat
1655 5555 1670 5593 :
1700 5547 1757 5595 et
1777 5539 1900 5614 ideo
1924 5551 2021 5608 per

449 5631 661 5701 singula
688 5634 917 5688 scrutari
949 5634 1209 5689 debemus
1235 5644 1392 5691 actus
1425 5642 1663 5697 nostros,
1692 5641 1749 5689 et
1784 5640 2022 5688 nosmet-

2134 4529 2314 4575 tentes
2346 4534 2448 4590 pro
2482 4519 2643 4574 malis
2671 4518 2839 4589 gestis
2860 4527 3245 4574 convertamur
3266 4518 3333 4571 ad
3371 4515 3571 4582 Deum,
3596 4532 3703 4572 sus-

2134 4612 2341 4683 cipiens
2386 4626 2418 4666 a
2460 4612 2614 4668 nobis
2644 4611 2788 4668 Deus
2823 4611 3233 4667 conversionem
3267 4620 3541 4674 nostram,
3565 4610 3706 4666 abso-

2132 4703 2394 4759 lutionem
2430 4703 2782 4774 iniquitatum
2820 4705 2987 4759 donat
3040 4701 3339 4758 secundum
3398 4716 3701 4756 mensuram

2131 4796 2525 4852 conversionis.
2553 4796 2651 4852 Cui
2681 4796 2826 4851 enim
2857 4795 2981 4866 plus
3007 4794 3324 4858 remittitur,
3348 4792 3472 4863 plus
3497 4793 3700 4862 diligit:

2129 4897 2184 4943 et
2211 4900 2497 4959 propterea
2527 4890 2728 4944 dicitur
2747 4890 2793 4922 ⁸⁸
2818 4890 2943 4958 quia
2964 4878 3175 4943 mulieri
3197 4887 3275 4942 illi
3295 4889 3468 4941 multa
3491 4889 3699 4943 remissa

2131 4989 2274 5043 sunt,
2308 4980 2432 5051 quia
2466 4981 2649 5035 dilexit
2682 4981 2926 5036 multum.
2970 4981 3076 5035 Pro
3102 4995 3353 5035 mensura
3378 4995 3515 5052 ergo
3538 4980 3701 5049 poeni-

2135 5075 2340 5143 tentiae,
2382 5075 2720 5129 remissionis
2753 5075 3030 5145 quantitas
3070 5075 3429 5129 moderatur:
3471 5091 3542 5130 ne
3586 5089 3701 5128 nos-

2132 5169 2394 5239 metipsos
2440 5150 2787 5233 seducamus,
2828 5176 3083 5238 putantes
3114 5166 3282 5221 nullis
3313 5167 3432 5222 haec
3484 5166 3699 5238 regulis,

2132 5262 2292 5317 nullis
2313 5260 2618 5331 dispensari
2640 5259 2883 5329 judiciis.
2908 5259 3076 5331 698
3100 5257 3239 5314 Puto
3265 5258 3414 5313 enim
3451 5261 3598 5328 quod
3617 5258 3700 5327 qui

2127 5369 2317 5411 omnes
2336 5356 2576 5423 justitias
2595 5352 2916 5425 impleverit,
2952 5354 3042 5407 ille
3068 5368 3256 5408 omnes
3288 5352 3478 5408 abluat
3507 5352 3701 5428 iniqui-

2131 5458 2293 5516 tates,
2316 5448 2410 5518 qui
2437 5464 2568 5505 vero
2599 5461 2823 5517 paucas,
2852 5445 2939 5501 vel
2966 5455 3171 5515 partem
3208 5444 3453 5515 aliquam
3477 5445 3697 5514 iustitiae

2126 5546 2384 5608 operatus
2415 5547 2519 5605 est,
2547 5547 2753 5609 partem
2785 5536 3018 5608 aliqtiam
3053 5534 3399 5605 iniquitatum
3431 5536 3691 5592 resolvat:

2128 5632 2219 5702 qui
2243 5646 2373 5687 vero
2406 5632 2703 5701 perfectam
2745 5644 2844 5704 pro
2872 5629 3120 5687 omnibus
3152 5628 3311 5685 malis
3343 5639 3402 5684 et
3442 5628 3696 5702 integram

525 5731 571 5762 "
598 5728 762 5786 Zarh.
795 5747 833 5801 ι,
873 5731 961 5787 ll.
1034 5732 1078 5765 ⁸⁷
1110 5728 1131 5785 l
1163 5734 1287 5789 Cor.
1314 5751 1353 5803 ι,
1383 5732 1470 5789 50.
1550 5732 1595 5766 ⁸⁸
1624 5731 1760 5791 Gen.
1790 5746 1848 5799 tt,
1883 5730 1934 5785 7.
2012 5733 2022 5763 ‘

2133 5750 2213 5789 -:c.
2251 5747 2346 5801 vn,
2373 5730 2460 5785 47.
