3970 6160
253 329 280 384 1
293 329 409 386 405

909 329 1215 386 SELECTA
1253 329 1320 386 IN
1359 330 1699 387 PSALMOS.
1738 361 1802 370 -—
1840 327 2074 387 llOMlL.
2114 332 2130 387 Ι
2173 331 2240 386 ΙΝ
2270 330 2463 387 PSAL.
2498 329 2782 385 XXXVI".

3363 321 3500 386 1406

250 445 642 511 pmnitentiam
671 445 922 514 gesserit,
966 447 1039 500 ita
1071 454 1129 500 ιιι
1159 462 1351 517 purum
1393 463 1489 502 cor
1518 446 1834 515 jarnollerat
1861 450 1907 504 A
1931 447 2382 502 etconsistentem
2407 449 2692 502 adversum
2725 462 2822 501 nos
2846 455 3184 514 peccatorem
3207 447 3456 503 describit
3484 468 3499 503 :

256 538 393 602 Deo,
425 537 527 591 iste
555 537 717 591 simul
751 553 972 591 omnem
1009 539 1182 593 labem
1213 540 1728 608 diluitpeceatorum
1754 541 1834 594 :si

253 643 391 682 vero
414 643 481 684 ex
504 638 656 697 parte
688 629 958 697 pamitnit,
978 641 1030 682 et
1055 647 1117 684 ex
1146 642 1295 698 parte.
1312 632 1421 696 jam
1451 634 1648 685 meruit
1670 633 1831 686 abso-

255 719 543 773 lutionem.
563 720 684 774 lla-c
703 736 837 790 ergo
854 722 1036 774 sciens
1053 724 1334 790 propheta,
1351 733 1402 776 et
1425 725 1553 792 quia
1571 728 1830 792 quosdam

251 811 476 878 quidem
507 813 668 881 eripit
711 815 852 868 Deus
885 816 954 867 ab
983 815 1237 867 omnibus
1270 816 1648 885 iniquitatibus
1675 820 1790 872 suis
1815 859 1830 883 ,

251 904 518 970 quosdam
573 903 642 955 ab
679 903 954 972 aliquibus
1000 905 1379 972 iniquitatibus
1431 907 1656 971 liberat,
1702 921 1832 978 puto

251 993 400 1062 quod
433 1005 715 1063 propterea
768 998 1050 1050 conlidens
1082 999 1262 1066 egisse
1310 1013 1369 1053 se
1397 1016 1460 1053 ea
1494 1003 1690 1069 quibus
1746 1003 1832 1055 di-

251 1097 422 1152 gnum
453 1096 598 1140 esset
644 1090 710 1141 ab
743 1088 996 1142 omnibus
1050 1089 1434 1158 iniquitatibus
1483 1094 1642 1161 eripi,
1698 1095 1831 1148 dicit

253 1179 521 1234 audacter
569 1179 636 1232 ad
687 1180 1016 1236 Dominum:
1049 1180 1128 1232 Ab
1177 1183 1418 1236 omnibus
1462 1185 1830 1255 iniquitatibus

252 1276 383 1329 meis
405 1275 544 1343 eripe
571 1288 670 1326 me.

328 1367 384 1422 5.
411 1365 766 1435 Opprobrium
788 1364 1060 1432 insipienti
1099 1365 1290 1418 dedisti
1317 1381 1416 1418 me.
1454 1363 1636 1420 Donec
1661 1365 1828 1419 habe-

252 1473 378 1514 mus
413 1468 656 1526 peccata,
693 1471 920 1511 necesse
950 1465 1036 1511 cst
1077 1472 1175 1511 nos
1220 1457 1540 1526 exprobrari
1577 1459 1643 1509 ab
1689 1457 1825 1512 insi-

252 1549 440 1618 piente
473 1556 526 1601 et
557 1556 872 1602 accusatore
901 1559 1088 1603 nostro
1113 1548 1330 1602 diabolo
1355 1565 1368 1600 :
1394 1558 1448 1602 et
1471 1548 1515 1602 si
1544 1549 1828 1601 invenian-

255 1647 345 1693 tur
380 1649 604 1709 peccata
639 1648 821 1693 nostra
855 1655 957 1692 non
993 1655 1115 1694 esse
1144 1639 1321 1694 deleta
1345 1680 1359 1704 ,
1401 1641 1494 1694 sed
1534 1640 1735 1708 scripta
1771 1641 1824 1694 in

255 1731 417 1786 nobis
451 1730 591 1801 stylo
617 1730 840 1794 diaboli,
871 1745 967 1798 per
991 1731 1107 1786 haec
1135 1730 1249 1800 ipsa
1281 1745 1404 1798 quae
1432 1731 1700 1800 gessimus
1734 1747 1828 1784 ex-

255 1822 544 1889 probrabit
580 1837 677 1876 nos
723 1821 1000 1877 inimicus.
1043 1822 1195 1876 Sicut
1242 1822 1384 1876 enim
1429 1823 1564 1877 hona
1598 1838 1824 1890 qumque

253 1914 460 1980 scripta
497 1911 756 1966 dicuntur
801 1928 907 1965 non
967 1922 1296 1977 atramento,
1343 1915 1435 1968 sed
1485 1915 1677 1981 spiritu
1730 1913 1822 1967 Dei

255 2005 386 2068 vivi,
428 2004 503 2058 ita
549 2004 688 2057 mala
715 2019 943 2073 quaque
973 2005 1396 2060 conscribuntur
1429 2014 1732 2059 atramento
1771 2016 1826 2059 et

254 2096 464 2152 calamo
493 2096 715 2150 diaboli.
747 2097 974 2166 Propter
1004 2098 1149 2168 quod
1194 2098 1454 2152 Dominus
1481 2109 1534 2152 et
1573 2097 1826 2152 Salvator

256 2192 442 2239 noster
491 2183 688 2238 delevit
736 2185 1161 2254 chirographum
1213 2197 1560 2256 peccatorum
1612 2199 1825 2242 nostro-

256 2285 398 2334 rum,
453 2271 595 2340 quod
644 2283 762 2326 erat
799 2276 1084 2328 adversum
1116 2289 1216 2328 nos
1255 2275 1471 2330 diabolo
1499 2276 1826 2346 astipulante

249 2362 640 2430 conscriptum,
671 2364 814 2418 sicut
854 2374 908 2418 et
938 2376 1065 2420 ante
1097 2367 1426 2434 praedixerat
1456 2383 1553 2437 per
1592 2371 1824 2438 prophe—

249 2458 360 2504 tam
394 2452 667 2509 dicentem
691 2455 737 2487 ⁸ο
767 2473 780 2508 :
809 2455 942 2510 Ecce
973 2457 1119 2511 deleo
1143 2458 1279 2510 sicut
1302 2460 1487 2514 nubem
1517 2461 1824 2526 iniquitates

247 2551 388 2610 tuas,
413 2553 462 2600 et
489 2546 625 2599 sicut
656 2546 898 2602 nebulam
935 2559 1148 2617 peccata
1194 2558 1308 2615 tua,
1349 2561 1396 2604 et
1438 2551 1574 2604 ultra
1602 2569 1705 2607 non
1736 2571 1824 2608 ero

249 2653 468 2691 memor.
509 2638 580 2693 Ut
617 2652 750 2709 ergo
799 2654 903 2694 non
949 2641 1342 2710 exprobremur
1397 2644 1465 2696 ab
1515 2644 1822 2713 insipiente,

248 2737 627 2783 convertamus
654 2744 753 2784 nos
782 2732 849 2783 ab
881 2731 1133 2785 omnibus
1171 2731 1554 2800 iniquitatibus
1594 2737 1821 2800 nostris,

249 2832 316 2871 ne
355 2820 756 2894 reprehendens
801 2825 852 2876 in
895 2823 1050 2876 nobis
1089 2824 1325 2879 maculas
1361 2836 1730 2894 peccatorum,
1763 2829 1814 2882 id

247 2918 327 2963 est
371 2923 482 2963 sua:
531 2891 824 2966 voluiuatis
880 2913 1131 2982 insignia,
1182 2891 1476 2985 exprobret
1519 2927 1577 2972 et
1627 2919 1818 2973 dicat:

247 3001 383 3057 Ecce
413 3002 500 3057 hic
549 3003 892 3060 Christianus
943 3007 1246 3072 dicebatur,
1290 3017 1346 3062 et
1395 3010 1549 3080 signo
1606 3011 1812 3067 Christi

1932 545 1987 591 et
2022 537 2147 605 quia
2194 538 2298 592 hoc
2351 539 2524 604 ipsum
2571 538 2772 590 iudicet
2820 535 3018 591 fecisse
3051 538 3251 602 Deum,
3289 540 3341 594 id
3375 554 3497 604 est,

1932 629 2073 697 quod
2107 631 2354 683 exercitii
2389 629 2559 682 nostri
2595 644 2756 682 causa
2795 637 2848 681 et
2877 630 3152 698 prolectus
3186 631 3324 685 Deus
3353 631 3498 685 lece-

1935 719 2006 772 rit
2052 721 2152 774 ista
2195 721 2520 774 certamina.
2559 719 2682 774 Ideo
2721 735 2850 787 ergo
2885 737 3094 774 memor
3121 737 3246 787 ero,
3277 724 3400 792 quia
3437 734 3492 777 ιιι

1931 807 2104 862 fecisti
2130 823 2332 878 agones
2362 811 2494 863 istos
2529 820 2580 861 et
2611 821 2660 862 ιιι
2696 808 2848 861 nobis
2872 809 2984 861 hzec
3002 809 3261 862 exercitia
3289 811 3500 878 patien-

1932 903 2017 954 tite
2040 903 2372 971 praeparasti.
2393 903 2524 955 Cum
2543 903 2685 954 enim
2709 903 2774 954 ad
2800 902 3134 954 iracundiam
3160 913 3499 970 provocaret,

1929 1008 2050 1047 cum
2075 995 2334 1048 conviciis
2373 995 2684 1059 lacesseret,
2718 1009 2782 1047 ue
2809 993 3083 1062 patientia:
3127 995 3296 1048 lineas
3324 1008 3489 1048 exce-

1930 1084 2136 1152 derem,
2161 1094 2215 1138 et
2235 1086 2455 1139 verbum
2476 1085 2690 1153 aliquod
2707 1085 2847 1154 quod
2881 1085 2976 1138 tibi
3000 1100 3102 1138 non
3133 1083 3342 1152 placeat
3365 1100 3489 1154 pro-

1929 1172 2129 1230 ferrem
2169 1176 2234 1230 de
2270 1177 2430 1230 labiis
2477 1177 2644 1242 meis,
2689 1177 2924 1229 obmutui
2968 1186 3016 1229 et
3069 1191 3170 1229 non
3211 1177 3395 1244 aperui
3440 1194 3497 1230 os

1929 1283 2120 1320 meum.
2192 1265 2250 1319 Si
2316 1278 2448 1319 vero
2502 1268 2734 1337 amplius
2773 1267 2974 1337 aliquid
3015 1268 3310 1322 secundum
3345 1266 3498 1322 Pauli

1929 1365 2133 1411 statuta
2153 1354 2431 1410 “valuere
2441 1357 2748 1428 proﬂigare,
2763 1373 2872 1414 non
2901 1357 3075 1414 solum
3121 1361 3493 1415 obmutescam

1930 1453 1984 1497 et
2015 1459 2120 1498 non
2166 1447 2403 1512 aperiam
2452 1461 2515 1501 os
2552 1462 2760 1512 meum,
2797 1449 2891 1503 sed
2929 1457 2985 1502 et
3024 1463 3146 1503 cum
3175 1449 3493 1514 maledicor,

1929 1535 2247 1590 benedicam
2279 1548 2332 1590 et
2362 1539 2760 1606 blasphemalus
2787 1541 3124 1608 deprecabor
3535 1543 3538 1546 ’

2001 1627 2052 1682 7.
2093 1628 2283 1681 Amr-ve
2311 1646 2340 1680 a
2379 1645 2458 1681 me
2483 1630 2669 1696 plagas
2697 1642 2839 1694 tuas,
2871 1647 2905 1685 a
2949 1633 3261 1698 fortitudine
3307 1649 3496 1688 manus

1929 1730 2035 1773 tute
2076 1736 2168 1787 ego
2197 1719 2380 1780 defeci.
2417 1720 2570 1784 Quod
2602 1718 2778 1774 Latini
2815 1723 3143 1790 interpretes
3187 1723 3370 1794 plagas
3411 1728 3497 1782 di-

1860 1788 1899 1844 Β
1933 1824 2148 1874 xerunt,
2199 1812 2252 1864 in
2286 1811 2492 1864 Grreeis
2526 1812 2805 1867 codicibus
2837 1811 3047 1880 ﬂagella
3086 1816 3351 1885 scriptum
3392 1829 3496 1886 est,

1929 1915 1985 1957 ut
2009 1904 2080 1958 sit
2105 1922 2117 1957 :
2143 1905 2333 1958 Amove
2357 1922 2388 1958 a
2413 1922 2493 1959 me
2513 1905 2725 1974 ﬂagella
2755 1915 2870 1958 tua.
2897 1906 3049 1972 Quod
3074 1907 3291 1961 videtur
3312 1908 3500 1974 utique

1927 1998 2109 2052 dicere
2168 1999 2374 2067 positus
2413 2001 2569 2066 quasi
2632 1999 2684 2052 in
2738 1999 3082 2068 correptione
3120 1997 3496 2070 ﬂagellorum,

1926 2105 2048 2144 cum
2088 2089 2229 2144 sicut
2255 2091 2415 2143 homo
2449 2105 2546 2158 pro
2574 2091 2812 2158 peccatis
2841 2091 3163 2158 corripitur,
3209 2091 3290 2144 vel
3315 2090 3499 2160 ﬂagel-

1929 2180 2072 2236 latur
2099 2191 2158 2236 ut
2209 2183 2553 2236 emendetur.
2589 2183 2743 2237 Sicut
2773 2191 2828 2236 et
2859 2182 2989 2235 illud
3021 2197 3050 2236 a
3078 2185 3495 2254 quamplurimis

1927 2275 2250 2346 intelligitur
2281 2277 2422 2345 quod
2450 2276 2714 2345 scriptum
2733 2289 2816 2331 est
2839 2278 2912 2332 “z
2935 2277 3070 2340 Fili,
3089 2274 3195 2329 noli
3233 2279 3497 2331 ta'diarets

1923 2368 2207 2436 disciplina
2242 2366 2364 2432 Dei,
2389 2383 2551 2437 neque
2588 2367 2806 2436 deﬁcias
2834 2385 2950 2422 cum
2977 2369 3040 2421 ab
3086 2384 3148 2422 eo
3182 2368 3492 2437 increparis.

1927 2459 2098 2523 Quem
2131 2459 2268 2513 enim
2309 2459 2485 2528 diligit
2541 2459 2706 2523 Deus,
2761 2461 3007 2528 corripit,
3047 2459 3281 2530 ﬂagellat
3320 2468 3496 2514 autem

1925 2566 2130 2606 omnem
2159 2550 2329 2620 ﬁlium
2371 2565 2523 2621 quem
2570 2551 2776 2618 recipit.
2836 2551 2892 2606 Si
2939 2551 3156 2622 quando
3201 2565 3332 2620 ergo
3372 2552 3498 2620 quis

1927 2643 2306 2714 hujuscemodi
2339 2643 2781 2713 correptionibus
2812 2643 3150 2714 increpatur,
3186 2652 3496 2713 competen-

1927 2747 2012 2792 ter
2050 2735 2232 2791 dicere
2278 2734 2543 2791 videtur:
2578 2735 2773 2791 Amove
2820 2752 2852 2788 a
2895 2751 2980 2789 me
3033 2732 3252 2804 ﬂagella
3299 2744 3415 2788 tua.
3449 2732 3494 2788 Α

1924 2829 2243 2898 fortitudine
2275 2845 2466 2882 manus
2491 2839 2597 2883 tute
2633 2844 2727 2900 ego
2756 2827 2946 2898 defeci.
2974 2825 3078 2882 Sed
3112 2827 3244 2882 illud
3273 2840 3494 2896 compe-

1925 2932 2101 2976 tenter
2139 2922 2351 2978 videtur
2381 2923 2553 2993 aptari
2604 2921 2748 2991 quod
2777 2921 3040 2988 scriptum
3075 2929 3158 2973 est
3191 2938 3205 2975 :
3233 2919 3299 2972 In
3325 2918 3493 2972 incre-

1921 3016 2222 3084 pationibus
2267 3026 2482 3086 propter
2527 3013 2861 3084 iniquitatem
2900 3012 3206 3080 corripuisti
3241 3009 3324 3067 vel
3369 3026 3493 3065 eru-

246 3096 563 3166 sig-nahatur
585 3097 637 3150 in
672 3097 869 3164 fronte,
904 3114 1053 3154 meas
1077 3111 1255 3156 autem
1280 3103 1590 3159 voluntates
1613 3117 1665 3159 et
1696 3121 1814 3160 mea
1847 3130 1888 3188 ρ
1922 3107 2048 3160 disti
2086 3107 2370 3162 hominem.
2401 3106 2505 3160 Sed
2548 3105 2672 3159 n0vi
2713 3117 2814 3174 ego
2845 3112 2899 3156 et
2944 3102 3048 3156 alia
3109 3102 3321 3172 ﬂagella
3372 3101 3489 3174 (70)

247 3188 614 3258 chirographa
658 3190 883 3260 gerebat
932 3193 984 3246 in
1018 3193 1199 3248 corde.
1243 3193 1387 3250 Ecce
1428 3196 1528 3250 iste
1556 3198 1647 3266 qui
1685 3198 1814 3252 mihi

245 3289 298 3334 et
326 3283 579 3349 operibus
604 3284 741 3337 meis
771 3285 1108 3338 renuntiavit
1141 3285 1191 3338 in
1220 3286 1508 3356 baptismo,
1538 3289 1671 3344 meis
1705 3306 1818 3344 rur—

244 3384 361 3424 sum
419 3371 676 3434 operibus
717 3387 775 3425 se
819 3375 1046 3427 inseruit
1090 3376 1333 3444 meisque
1375 3377 1584 3443 legibus
1617 3385 1814 3447 paruit.

250 3457 490 3514 Liberali
531 3477 663 3530 ergo
699 3464 766 3517 ab
791 3467 1041 3520 omnibus
1069 3465 1471 3536 iniquitatibus,
1497 3471 1811 3527 studeamus

245 3565 310 3605 ne
342 3551 394 3605 in
429 3553 512 3606 die
538 3553 727 3621 judicii
762 3556 1132 3623 hujusecmodi
1168 3561 1480 3629 opprobriis
1511 3562 1814 3632 insipientis

244 3641 437 3696 diaboli
471 3649 912 3702 Succumbatnus.

311 3735 364 3789 6.
397 3735 651 3792 Obmutui
674 3751 723 3794 et
747 3757 850 3794 non
878 3743 1063 3811 aperui
1091 3760 1148 3798 os
1178 3761 1348 3799 meum
1367 3786 1384 3812 ,
1409 3749 1536 3819 quia
1566 3759 1621 3802 tu
1643 3766 1695 3804 es
1719 3750 1810 3820 qui

243 3825 426 3890 fecisti.
461 3829 579 3884 Jam
608 3840 662 3886 et
701 3832 803 3887 hoc
845 3833 1096 3903 superius
1133 3838 1505 3905 exposuimus,
1542 3855 1662 3894 cum
1699 3852 1810 3895 tra-

243 3925 509 3973 ctaremus
541 3921 688 3974 illum
725 3923 1051 3978 versiculum
1113 3928 1202 3994 qui
1239 3929 1314 3981 ait
1347 3946 1359 3980 :
1397 3929 1532 3983 Dum
1569 3933 1808 3987 consistit

239 4018 484 4077 peccator
520 4014 798 4067 adversum
823 4031 926 4080 me,
955 4015 1256 4072 obmutuiet
1279 4019 1588 4076 humiliatus
1611 4039 1727 4076 sum
1759 4036 1808 4078 et

239 4099 364 4152 silui
384 4121 414 4155 a
439 4103 604 4157 bonis.
634 4104 841 4159 Bonum
882 4117 966 4162 est
997 4110 1142 4163 enim
1170 4125 1235 4165 eo
1281 4121 1525 4181 tempore
1559 4129 1682 4169 cum
1709 4120 1806 4172 ad-

241 4205 452 4246 versum
488 4211 605 4260 nos,
637 4198 717 4250 vel
737 4200 1172 4270 derogationum,
1206 4204 1288 4258 vel
1310 4188 1702 4273 conviciorum,
1723 4211 1805 4262 vel

240 4285 560 4354 probrorum
599 4289 702 4343 tela
731 4291 1029 4358 jueiunlur,
1079 4310 1176 4349 nos
1205 4296 1368 4364 hujus
1401 4300 1654 4356 versiculi
1691 4319 1805 4357 rue-

242 4377 478 4441 tuinisse,
504 4378 595 4446 qui
631 4379 705 4433 ait
735 4397 749 4430 :
789 4383 1037 4437 Obmutui
1069 4393 1118 4438 et
1161 4403 1265 4438 non
1295 4390 1479 4455 aperui
1511 4406 1566 4445 os
1593 4408 1763 4446 meum
1784 4437 1799 4461 ,

236 4469 358 4536 quia
388 4477 444 4521 tu
471 4485 522 4522 es
551 4473 644 4538 qui
682 4471 872 4540 fecisti.
917 4473 1028 4530 lloc
1061 4491 1191 4530 sane
1225 4479 1610 4546 requirendum
1656 4486 1799 4540 vide.
1835 4465 1878 4520 ί)

239 4568 345 4622 tur,
370 4558 499 4626 quid
529 4569 610 4613 est
639 4563 780 4631 quod
816 4563 952 4619 dixit
985 4583 998 4618 :
1044 4564 1120 4619 Tu
1145 4582 1198 4620 es
1235 4568 1327 4634 qui
1351 4568 1542 4636 fecisti,
1586 4589 1687 4628 nec
1722 4585 1804 4628 ta-

237 4663 354 4704 men
393 4650 635 4721 adiunxit
662 4655 788 4721 quid
829 4655 1035 4714 fecerit.
1062 4657 1166 4712 Sed
1195 4660 1327 4714 ordo
1350 4661 1467 4729 ipse
1496 4678 1595 4717 nos
1627 4667 1800 4736 docet,

232 4744 485 4811 quoniam
517 4745 730 4813 quidem
765 4745 914 4801 velut
936 4763 1159 4818 agonem
1197 4753 1481 4820 quemdam
1527 4755 1665 4810 inter
1700 4774 1801 4814 nos

307 4860 352 4892 ⁶⁰
379 4858 502 4915 Isai.
537 4879 682 4931 κων,
709 4864 802 4918 22.
877 4864 919 4896 ⁸⁸
946 4865 988 4918 ll
1022 4867 1148 4923 Cor.
1184 4885 1263 4924 tv.
1337 4870 1381 4904 ⁶²
1409 4871 1574 4929 Hebr.
1605 4892 1704 4943 xu,
1740 4882 1794 4936 5.

301 4953 546 5032 (_7_0)_Set_l
575 4958 690 5032 novi
718 4973 811 5032 ego
833 4968 879 5011 et
898 4960 1004 5032 alia
1032 4961 1266 5032 ﬂagella,
1300 4973 1403 5020 etc.
1435 4967 1637 5023 Catena
1689 4973 1791 5026 Da-

229 5025 388 5106 nielis
415 5025 642 5106 Barbari
679 5044 692 5079 :
727 5025 825 5106 βε]
855 5040 901 5081 et
925 5025 1080 5106 gliud
1110 5025 1443 5106 ﬂagellorum
1498 5055 1682 5106 genus,
1729 5025 1794 5097 de

229 5095 412 5174 quibus
436 5098 654 5174 quidam
697 5099 831 5174 dicit
862 5113 883 5152 :
917 5099 1049 5174 Quis
1081 5095 1238 5174 dabit
1270 5102 1324 5156 in
1382 5095 1622 5174 cogivtatu
1669 5095 1795 5165 ineo

231 5165 456 5244 ﬂagella,
480 5177 534 5218 et
563 5167 622 5244 in
643 5166 796 5244 labiis
827 5171 964 5223 meis
994 5171 1228 5240 sigillum
1269 5165 1591 5241 astutorum,
1625 5189 1682 5234 ut
1728 5197 1796 5237 ne

230 5236 282 5288 in
327 5236 817 5312 ignorantijsnmeis
871 5236 1115 5306 parcant,
1144 5250 1198 5294 et
1247 5254 1469 5312 peccata
1518 5236 1633 5300 mea
1689 5236 1794 5304 non

233 5305 618 5385 perdantﬁme?
651 5305 784 5385 Petit
817 5305 956 5362 enim
1010 5313 1063 5363 in
1102 5305 1342 5379 peccatis
1388 5315 1649 5385 ﬂagellari
1706 5336 1805 5372 cor'

232 5390 404 5427 suum.
445 5373 665 5447 Beatum
692 5379 830 5430 enim
860 5389 932 5431 est
963 5391 1079 5447 post
1113 5373 1342 5446 peccata
1388 5373 1423 5436 a
1463 5373 1797 5443 conscientia

233 5458 335 5524 sua
355 5446 570 5524 corripi.
603 5444 750 5524 Petit
773 5444 1096 5524 veroplugas
1127 5444 1382 5517 amoveri,
1418 5464 1528 5508 tum
1550 5473 1666 5524 quae
1706 5477 1798 5524 per

237 5519 548 5567 leutationes
587 5519 814 5571 exterius
839 5519 1178 5586 adhibentur,
1218 5532 1329 5576 tum
1359 5527 1520 5578 etiam
1560 5519 1797 5581 'interio-

234 5596 309 5632 res
334 5596 496 5664 annm
521 5601 682 5664 supra
711 5591 924 5664 modum
958 5591 1114 5664 afﬂigi
1137 5593 1381 5664 interitus
1415 5596 1630 5664 quidam
1674 5610 1748 5651 est
1775 5618 1794 5653 .·

232 5651 587 5734 quodtintens
622 5651 1228 5734 Apostolus_di'.i:it'_Ne
1269 5651 1438 5719 forte.
1463 5668 1553 5734 qui
1611 5651 1795 5730 huius;

237 5721 374 5772 modi
410 5731 513 5786 est,
539 5725 921 5782 abundantiori
951 5731 1170 5785 tristitia
1203 5721 1560 5790 absorbeat'ur
1583 5753 1610 5790 a
1632 5721 1792 5791 Sata-

237 5806 321 5844 ua.
355 5791 554 5848 Catena
587 5794 830 5855 Cordcrii
870 5817 882 5855 :
916 5800 1069 5856 Ἐστι
1104 5804 1196 5857 καὶ
1247 5803 1373 5859 ἄλλο
1413 5801 1549 5872 εἶδος
1604 5809 1793 5880 μαστί-

1920 3198 2116 3270 quibus
2137 3199 2508 3254 vehementius
2529 3197 2856 3260 cruciamur,
2884 3196 2969 3251 illa
2996 3196 3210 3250 scilicet
3245 3210 3364 3264 qua:
3390 3211 3488 3264 per

1919 3290 2240 3360 prophetam
2285 3289 2548 3344 describit
2589 3285 2852 3358 sapientia
2905 3288 3246 3360 (prophetam
3287 3287 3490 3342 etenim

1917 3396 2040 3436 eum
2066 3379 2209 3450 dico)
2239 3380 2284 3411 “
2318 3396 2330 3434 :
2366 3380 2497 3446 Quis
2533 3380 2680 3434 dabit
2719 3381 2772 3434 in
2793 3381 3023 3450 cogitatu
3046 3396 3161 3433 meo
3179 3380 3414 3449 ﬂagella,
3441 3389 3490 3432 et

1918 3475 1972 3526 in
1998 3476 2154 3528 corde
2174 3489 2284 3527 meo
2310 3475 2690 3543 correptionem
2725 3474 3020 3543 sapientite,
3054 3483 3108 3526 ut
3137 3472 3488 3541 ignorationi-

1917 3567 2013 3621 bus
2041 3568 2170 3620 meis
2199 3583 2315 3635 qua:
2341 3566 2445 3635 feci
2484 3581 2590 3619 nou
2627 3574 2899 3635 parcatur,
2924 3573 2973 3620 et
2999 3573 3216 3634 peccata
3246 3580 3360 3616 mea
3382 3579 3489 3617 non

1913 3659 2336 3728 pratereantur?
2370 3656 2532 3712 Vides
2582 3659 2852 3726 quomodo
2907 3668 3028 3710 orat
3080 3654 3341 3724 ﬂagellari
3390 3668 3489 3708 cor

1913 3765 2066 3806 suum
2097 3767 2198 3821 pro
2233 3750 2473 3819 peccatis
2513 3751 2650 3817 suis,
2697 3759 2752 3805 et
2795 3749 3076 3804 verberari
3127 3747 3490 3817 cngitationes

1914 3840 2086 3895 suas?
2117 3840 2173 3894 Si
2193 3839 2410 3908 quando
2431 3853 2558 3907 ergo
2589 3840 2739 3894 vides
2771 3838 3113 3908 temetipsum
3139 3846 3260 3906 post
3289 3852 3486 3906 pecca-

1915 3946 2024 3987 tum
2051 3933 2211 4002 allligi
2240 3943 2294 3986 et
2323 3932 2560 3986 cruciari
2594 3931 2648 3984 in
2686 3931 2870 3997 corde,
2900 3940 2956 3985 et
2983 3944 3013 3983 a
3063 3929 3300 4000 propriis
3335 3930 3486 3999 cogi-

1915 4026 2218 4081 tationibus
2251 4026 2496 4079 accusari
2541 4037 2555 4077 :
2597 4024 2642 4078 si
2682 4023 2899 4092 quando
2947 4023 3123 4076 notari
3159 4033 3210 4076 te
3247 4022 3400 4076 vides
3451 4038 3484 4075 ει

1909 4118 2240 4174 conscientia
2283 4126 2392 4182 tua,
2423 4126 2478 4170 et
2507 4114 2625 4183 ejus
2658 4114 2974 4169 verberibus
3003 4113 3280 4181 ﬂagellari,
3328 4130 3481 4184 spem

1910 4212 2005 4265 tibi
2029 4208 2423 4266 emendationis
2456 4223 2518 4262 ac
2543 4205 2732 4262 salutis
2759 4220 3044 4274 przesume.
3065 4204 3308 4260 Vicinior
3328 4222 3481 4260 naru-

1907 4318 2015 4372 que
2055 4303 2151 4358 tibi
2199 4300 2582 4357 conversionis
2620 4307 2702 4353 est
2737 4297 2850 4362 via,
2892 4313 3054 4369 quam
3097 4297 3203 4353 illis
3236 4298 3328 4368 qui
3379 4313 3483 4354 nec

1908 4410 2171 4465 peccasse
2219 4409 2276 4450 se
2322 4393 2541 4464 quidem
2593 4391 2858 4454 sentiunt,
2893 4406 2992 4445 nec
3041 4390 3094 4443 in
3128 4390 3338 4444 delictis
3367 4389 3480 4444 suis

1912 4487 2326 4550 contristantur,
2347 4498 2446 4538 nec
2467 4482 2675 4552 ﬂagella
2707 4479 3053 4537 conscientia:
3076 4481 3376 4550 patiuntur.
3396 4477 3480 4534 Τιι

1908 4577 2076 4649 699
2102 4592 2232 4645 ergo
2258 4577 2303 4632 si
2335 4575 2534 4631 videris
2575 4585 2626 4630 te
2653 4573 2910 4645 ﬂagellari
2953 4583 3008 4628 et
3040 4573 3280 4628 cruciari
3313 4573 3366 4625 in
3393 4588 3480 4626 co-

1909 4671 2262 4742 gitationihus
2294 4671 2423 4731 tuis,
2457 4678 2510 4722 et
2557 4683 2706 4738 spem
2743 4667 2935 4722 salutis
2979 4666 3043 4720 de
3095 4665 3342 4734 proximo
3389 4675 3477 4718 at-

1913 4764 2157 4827 tendens,
2187 4762 2356 4816 dicito
2391 4760 2455 4816 de
2487 4759 2569 4814 his
2609 4759 2700 4830 qui
2746 4768 3107 4831 peccaverunt
3132 4756 3349 4827 quidem
3404 4758 3480 4813 si-

1871 4883 1914 4915 ⁸³
1937 4880 2104 4936 Eccli.
2129 4894 2278 4942 nm,
2307 4876 2357 4930 2.

1896 4992 2028 5045 γων,
2072 4977 2200 5044 περὶ
2235 4975 2308 5045 ὡν
2349 4989 2481 5044 φησι
2501 4989 2512 5001 ·
2555 4971 2649 5045 Τίς
2680 4969 2857 5045 deberet
2884 4965 2984 5045 ἑξπὶ
3014 4963 3120 5045 “eo-ii
3151 4962 3477 5045 διαγίζήμᾳ-

1897 5032 2025 5109 ἐός’
2044 5032 2162 5113 μού
2196 5032 2527 5117 μάστὶγῖας;
2567 5032 2855 5117 magos);
2894 5032 3328 5117 duomﬁitm'drr‘
3377 5033 3478 5117 εὐτ

1897 5103 1990 5166 τοῧ
2044 5103 2362 5182 ῖιὰστῖγας,
2390 5103 2523 5182 ’τᾶς
2588 5128 2645 5182 τῖε
2690 5109 2901 5182 ’ἔξωθεν
2975 5104 3334 5182 ἐπικειμένας,
3387 5103 3475 5154 διὰ

1899 5172 2248 5245 stupidum»),
2290 5172 2385 5234 ἑαὶ
2435 5172 2534 5244 τάξ
2575 5172 2795 5232 ἐσωθεὺ.
2839 5176 3053 5245 Torino
3089 5174 3229 5245 ὑπὲρ
3261 5172 3475 5245 έυςέτρθν

1902 5238 2179 5307 λυτέεῖσύαι
2238 5238 2529 5318 διαφθορὰ,
2588 5247 2727 5298 κατὰ
2767 5245 2857 5296 τὸν
2895 5238 3231 5318 ᾏῖπέστολού,
3254 5238 3478 5318 illumne

1903 5324 1975 5392 τῇ
2006 5309 2406 5390 περισσοτέρᾳ
2434 5309 2601 5392 Ibem
2624 5311 2950 5392 recitassem}.
2979 5309 3162 5392 stet
3215 5312 3320 5392 alia
3363 5324 3476 5374 spe-

1904 5382 2006 5447 cies
2041 5382 2340 5462 plagarum,
2359 5382 2421 5442 de
2443 5382 2630 5457 quibus
2651 5387 2724 5438 ait
2754 5401 2774 5438 :
2804 5386 2935 5462 Quis
2960 5382 3108 5462 dabit
3132 5382 3294 5462 menti
3337 5393 3473 5430 mea:

1905 5452 2090 5533 plagas
2116 5452 2153 5514 ‘1"
2179 5452 2333 5512 Petit
2361 5452 2480 5528 ergo
2511 5475 2556 5533 a_
2580 5473 2634 5509 se
2679 5453 2907 5533 aptgveri
2931 5532 2934 5533 ν
2962 5452 3144 5518 plagas
3201 5458 3331 5533 tam-
3355 5463 3475 5526 qua

1902 5525 2224 5588 extrinsecus
2251 5545 2342 5595 per
2371 5525 2684 5582 tentationes
2709 5525 3030 5596 inferantur:
3058 5535 3222 5596 quam
3256 5525 3472 5596 interio-

1902 5621 2003 5658 res.
2035 5601 2175 5655 Nam
2200 5590 2359 5666 supra
2404 5599 2618 5651 modum
2658 5593 2878 5666 tristitia
2933 5590 3067 5660 afﬁci
3104 5590 3470 5666 perniciosum

1901 5686 1976 5727 est
2013 5658 2299 5727 secundum
2326 5671 2630 5739 Apostotum
2660 5679 2678 5716 :
2724 5662 2799 5717 Ne
2824 5658 3203 5716 abundantiori
3246 5658 3466 5711 tristitia

1903 5743 2282 5798 absorbeatur.
