3970 6160
155 167 316 225 1409

1104 164 1411 223 SELECTA
1444 165 1510 222 IN
1547 164 1879 223 PSALMOS.
1915 199 1986 210 —
2018 167 2214 224 PSAL.
2251 168 2490 223 XXXIX.

3286 173 3422 231 HIC

154 289 408 343 «leantur
435 295 489 343 et
541 283 861 356 composita,
889 282 1016 337 licet
1049 287 1320 354 exquisita
1354 289 1585 357 quadam
1629 299 1747 342 arte
1775 292 1819 348 Α
1854 286 1993 355 apud
2018 296 2088 353 te,
2128 287 2301 343 incola
2335 297 2514 342 tamen
2543 299 2664 340 sum
2707 293 2763 340 et
2789 287 3107 357 peregrinus
3140 288 3280 358 apud
3323 299 3373 342 te
3408 304 3423 346 :

155 381 404 448 digesta.
449 378 654 446 Quanta
699 384 988 432 texuerunt
1020 376 1094 430 illi
1131 379 1326 433 divites
1356 381 1448 448 qui
1487 389 1612 434 ante
1651 395 1748 434 nos

157 471 412 536 fuerunt,
439 469 529 538 qui
563 470 780 525 divitias
809 471 977 526 variis
1012 471 1219 526 artibus
1255 480 1309 526 et
1348 472 1555 527 callidis
1597 472 1748 526 adiu-

159 563 517 618 ventionibus
542 564 967 634 congregabant,
989 565 1081 635 qui
1119 567 1489 636 magistratus,
1526 567 1616 636 qui
1650 566 1750 621 Ιιο-

161 668 358 720 nores,
391 653 481 722 qui
508 653 824 708 consulatus
843 655 1061 711 diversa
1084 657 1384 712 ambitione
1409 658 1746 726 quaerebant.

165 745 266 798 isti
288 758 477 799 omnes
510 743 646 799 telas
671 760 886 800 araneae
911 755 1225 801 texuerunt.
1265 746 1394 801 Tam
1417 748 1561 801 enim
1589 763 1746 814 vana,

165 845 284 889 tam
313 835 499 890 frivola
529 851 690 906 quam
718 846 806 892 est
848 852 1061 892 aranea:
1106 837 1364 903 textrina,
1390 838 1608 892 fuerunt
1632 853 1749 892 om-

167 925 263 978 nia
286 941 406 996 quze
437 927 718 996 gerebant,
752 936 806 980 et
831 936 1114 996 propterea
1145 927 1426 982 tabefactis:
1453 937 1579 981 sunt
1606 929 1746 982 sicut

169 1030 387 1070 aranea:
431 1018 625 1072 animae
677 1033 886 1073 eorum.
928 1017 1296 1072 Verumtamen
1337 1020 1540 1072 vanitas
1581 1022 1748 1074 omnis

169 1106 352 1162 homo.
384 1106 501 1162 Jam
529 1108 634 1162 hoc
665 1110 718 1162 in
748 1109 1120 1178 superioribus
1148 1109 1582 1178 explanavimus.

249 1196 338 1252 10.
371 1195 584 1252 Exaudi
623 1201 913 1252 orationem
942 1215 1135 1263 meam,
1166 1199 1324 1264 Deus,
1348 1211 1395 1254 et
1417 1204 1748 1269 deprecatio-

173 1305 295 1343 nem
327 1305 517 1353 meam,
555 1293 770 1344 auribus
804 1294 1007 1360 percipe
1045 1293 1306 1360 lacrymas
1347 1309 1505 1345 meas.
1529 1291 1747 1360 Oportet

176 1380 376 1434 iterum
406 1391 461 1434 et
489 1397 611 1436 cum
639 1381 1106 1452 lacrymisoll‘erre
1131 1383 1431 1437 orationem
1454 1383 1580 1448 Deo,
1607 1393 1656 1438 et
1683 1401 1748 1438 ex

178 1472 385 1527 intimis
407 1473 826 1543 penetrabilibus
845 1475 897 1527 in
927 1489 1139 1542 precem
1162 1473 1370 1528 Domini
1397 1477 1745 1538 commoveri,

175 1573 238 1616 ut
272 1579 427 1618 mens
467 1564 694 1618 credens
725 1564 793 1619 de
816 1565 1022 1633 judicio
1057 1563 1262 1629 futuro,
1308 1564 1743 1619 recordationem

1849 379 1975 446 quia
2011 387 2066 434 et
2104 395 2290 435 omnes
2314 389 2495 449 patres
2527 378 2628 431 mei
2682 377 2872 433 incola:
2919 377 3136 434 fuerunt
3181 389 3236 434 et
3267 395 3425 450 pere-

1849 471 1988 538 grini
2025 474 2163 540 apud
2197 481 2248 526 te
2275 489 2289 525 :
2321 483 2377 526 et
2419 472 2694 526 Abraham
2721 485 3041 541 peregrinus
3066 481 3150 527 est
3177 474 3317 541 apud
3348 483 3419 532 te.

1850 563 1976 630 quia
2010 577 2118 616 non
2149 572 2269 618 erat
2312 577 2545 632 semper,
2581 563 2674 616 sed
2707 572 2836 616 tunc
2863 577 2982 616 esse
3009 563 3176 632 coepit
3207 565 3422 634 quando

1851 664 1908 709 tu
1944 653 2185 718 voluisti,
2219 663 2272 709 et
2297 654 2447 709 lsaac
2474 664 2528 709 et
2553 653 2720 709 Jacob
2760 667 2814 710 et
2839 668 3027 708 onmes
3050 653 3205 722 justi.

1920 744 2006 799 12.
2033 743 2255 798 Remitte
2277 745 2406 797 mihi
2434 753 2490 798 ut
2509 744 2789 815 refrigerer
2813 744 3114 814 priusquam
3135 745 3342 811 abeam,
3372 753 3423 800 et

1849 830 2072 902 amplius
2108 851 2208 888 non
2241 851 2352 900 ero,
2387 834 2638 906 quoniam
2677 835 2850 890 incola
2880 851 3032 890 sum:
3065 838 3238 892 donec
3279 838 3421 906 apud

1850 936 1902 981 te
1931 942 2072 988 sum,
2104 926 2288 980 tandiu
2319 941 2467 990 sum;
2501 927 2545 981 si
2578 936 2757 980 autem
2784 941 2815 979 a
2862 935 2914 980 te
2956 926 3163 988 exiero,
3213 926 3419 994 perdidi

1847 1017 2009 1071 etiam
2047 1018 2150 1072 hoc
2191 1018 2367 1086 ipsum
2421 1017 2562 1087 quod
2598 1032 2738 1082 sum,
2770 1026 2828 1071 ct
2873 1031 2974 1071 ero
3021 1026 3275 1088 tanquam
3329 1019 3420 1086 qui

1849 1126 1954 1163 non
1981 1125 2123 1164 sum.
2143 1109 2384 1178 Denique
2410 1119 2692 1180 propterea
2720 1111 2785 1163 de
2804 1111 3178 1178 peccatoribus
3205 1110 3416 1165 dicit":

1850 1184 1916 1254 Et
1946 1211 2095 1255 erunt
2132 1210 2380 1271 tanquam
2429 1204 2520 1271 qui
2573 1219 2674 1256 non
2725 1211 2864 1256 sunt.
2903 1201 2968 1255 Et
3010 1203 3138 1258 alibi
3170 1203 3218 1234 "
3257 1221 3270 1256 :
3314 1203 3422 1268 Qui

1848 1295 2045 1346 vocarit
2066 1310 2124 1346 ea
2151 1309 2268 1358 qua:
2314 1309 2416 1346 non
2457 1304 2599 1352 sunt.
2642 1292 2868 1347 Remitte
2895 1296 3023 1347 mihi
3055 1306 3108 1349 ut
3145 1295 3423 1365 refrigerer

1847 1386 2152 1455 priusquam
2187 1386 2390 1448 abeam,
2439 1396 2484 1439 et
2533 1385 2758 1454 amplius
2806 1403 2908 1439 non
2963 1404 3072 1441 ero.
3126 1388 3419 1442 Sciendum

1851 1487 2030 1531 tamen
2063 1487 2147 1531 est
2177 1477 2318 1545 quod
2345 1477 2395 1530 in
2429 1476 2583 1532 nobis
2607 1487 2710 1541 est,
2745 1478 2858 1531 sive
2892 1487 2948 1530 ut.
2979 1480 3151 1534 simus
3207 1480 3322 1534 sive
3362 1487 3422 1534 ut

1851 1585 1956 1624 non
1991 1570 2180 1624 simus.
2207 1571 2387 1624 Donec
2417 1571 2578 1624 etiam
2604 1573 2946 1627 adhaeremus
2979 1572 3086 1628 Deo
3113 1582 3168 1628 et
3191 1574 3421 1628 iulmre-

175 1654 496 1708 delictorum
530 1670 746 1710 suorum
790 1670 894 1710 non
927 1655 1130 1724 absque
1176 1655 1430 1724 lacrymis
1457 1663 1512 1708 et
1545 1653 1747 1708 lameu-
1778 1659 1824 1720 Β
1855 1675 1972 1716 mus
1997 1662 2045 1716 ei
2079 1661 2172 1730 qui
2219 1677 2347 1716 vere
2385 1672 2489 1726 est,
2519 1663 2682 1716 etiam
2713 1679 2812 1718 nos
2839 1680 3046 1719 sumus.
3094 1663 3189 1719 Sin
3235 1675 3416 1720 autem

178 1746 382 1798 tatione
400 1754 699 1801 recenseat.
719 1746 853 1812 Quis
874 1747 1143 1802 resolutus
1165 1747 1216 1801 in
1235 1745 1502 1817 lacrymas
1521 1745 1653 1800 dicit
1678 1745 1744 1801 ad

174 1832 462 1885 Dominum
507 1832 552 1860 7"
589 1849 601 1882 :
639 1831 860 1900 Effundo
903 1832 958 1883 in
1003 1843 1275 1900 conspectu
1319 1842 1408 1885 tuo
1453 1835 1743 1887 orationem

177 1926 388 1978 meam?
433 1923 654 1975 Auribus
687 1939 807 1993 ergo
850 1925 1054 1992 percipe
1098 1924 1358 1993 lacrymas
1395 1942 1572 1992 nicas,
1603 1935 1649 1979 et
1681 1942 1744 1978 ne

175 2016 352 2080 sileas,
384 2015 576 2086 inquit,
608 2032 641 2068 a
673 2032 772 2080 me,
801 2017 852 2070 id
880 2027 981 2078 est,
1010 2032 1096 2071 me
1122 2027 1310 2072 orante
1338 2030 1410 2071 ne
1435 2019 1611 2073 sileas.
1639 2019 1744 2074 Sed

179 2109 342 2178 quid?
369 2109 558 2162 Adhuc
593 2110 846 2177 loquente
871 2125 956 2162 me
981 2111 1082 2168 dic.
1124 2109 1261 2163 Ecce
1290 2110 1504 2163 adsum.

248 2195 335 2250 ll.
374 2193 513 2260 Quia
550 2195 720 2250 incola
759 2213 851 2268 ego
885 2215 999 2253 sum
1042 2202 1184 2270 apud
1217 2213 1302 2268 te,
1345 2211 1395 2256 et
1439 2218 1744 2272 peregrinus

175 2284 309 2338 sicut
339 2301 515 2341 omnes
536 2298 709 2353 patres
732 2293 853 2346 mei.
878 2289 1014 2356 Quia
1044 2294 1359 2362 peregrinus
1379 2308 1522 2358 sum,
1547 2308 1742 2348 neces-

175 2378 320 2432 sario
349 2379 510 2434 etiam
538 2389 593 2435 et
632 2381 805 2436 incola
840 2397 983 2447 sum,
1011 2399 1117 2439 non
1155 2387 1300 2439 enim
1329 2400 1447 2440 sum
1489 2383 1635 2440 sicut
1666 2395 1743 2441 tu.

177 2469 256 2522 Tu
281 2471 424 2524 enim
449 2483 685 2527 aeternus
710 2487 768 2527 es
795 2474 961 2541 solus,
980 2485 1035 2530 et
1061 2491 1160 2532 nos
1186 2487 1446 2544 quantum
1472 2476 1747 2534 invenitur

177 2559 444 2618 habemus
475 2563 708 2620 initium.
743 2564 855 2634 Ego
883 2575 1060 2622 autem
1097 2569 1140 2623 si
1172 2569 1368 2638 dignus
1392 2570 1600 2626 elliciar
1621 2586 1746 2627 esse

719 2768 816 2822 ΨΑ
825 2769 1011 2822 ΛΜοΣ
1049 2769 1174 2822 ΛΘ’.

256 2857 531 2928 Ἇνήγαγέ
552 2877 629 2930 με
655 2860 725 2913 ἐκ
771 2861 1002 2917 λάκκου
1027 2866 1453 2934 ταλαιπωρίας,
1503 2883 1556 2920 κ.
1591 2883 1642 2920 τ.
1688 2869 1735 2921 ὲ.

175 2949 387 3014 Δάκκος
417 2951 789 3025 ταλαιπωρίας
817 2953 924 3025 (75)
951 2956 1116 3008 κακία
1146 2957 1240 3009 καὶ
1269 2957 1526 3026 ἀγνωσία.
1562 2976 1581 3008 ι
1629 2959 1739 3012 Καὶ

187 3042 410 3114 ἔστησεν
436 3046 526 3098 ἐπὶ
551 3046 756 3117 πέτραν
792 3049 918 3110 τοὺς
961 3048 1129 3112 πόδας
1171 3067 1290 3118 μου.
1325 3069 1343 3102 ι
1396 3051 1576 3122 Πέτρα
1620 3051 1737 3103 ἐστὶ

1850 1753 2273 1808 aliscesserimus
2297 1755 2363 1808 ah
2387 1769 2451 1808 eo
2468 1763 2522 1806 et
2545 1772 2647 1808 uon
2673 1755 3060 1810 adhaeserimus
3083 1756 3191 1811 Deo
3210 1767 3414 1823 nostro,

1850 1844 1981 1898 vitio
2029 1845 2081 1899 in
2127 1847 2456 1899 contrarium
2518 1846 2835 1902 decidimus.
2871 1847 2986 1902 Non
3020 1863 3151 1917 ergo
3186 1865 3281 1918 per
3316 1849 3418 1904 hoc

1851 1936 2224 1990 substantialis
2283 1938 2478 1990 anima:
2514 1938 2832 2009 designatur
2866 1939 3138 2003 interitus,
3166 1942 3258 1995 sed
3311 1957 3415 1994 non

1849 2043 1969 2083 esse
2019 2029 2216 2084 dicitur
2254 2045 2377 2084 cum
2427 2031 2476 2084 iu
2510 2045 2574 2085 eo
2608 2047 2712 2086 non
2759 2046 3040 2100 permanet
3067 2033 3159 2101 qui
3210 2049 3334 2088 vere
3364 2042 3421 2086 et

1848 2135 2060 2189 semper
2091 2131 2196 2183 est,
2224 2137 2289 2176 ex
2332 2137 2438 2192 quo
2463 2123 2576 2194 ipse
2606 2137 2710 2181 est.
2735 2124 3026 2194 Propterea
3061 2141 3189 2194 ergo
3213 2134 3270 2180 et
3299 2140 3417 2180 ser-

1849 2226 1936 2264 mo
1957 2227 2055 2266 nos
2079 2212 2423 2283 propheticus
2447 2214 2766 2268 adhortatur
2800 2215 2986 2269 dicens
3015 2215 3057 2245 ⁷⁷
3096 2229 3110 2265 :
3148 2214 3271 2268 Post
3308 2214 3416 2266 Do-

1848 2305 2042 2356 minum
2076 2303 2242 2358 Deum
2275 2316 2510 2360 nostrum
2553 2307 2764 2369 ibimus,
2800 2316 2848 2360 et
2877 2307 2977 2374 ipsi
3007 2306 3414 2361 adhaerebimus.

1849 2395 1953 2448 Sed
1992 2405 2046 2448 et
2073 2411 2170 2450 nos
2202 2399 2299 2465 ipsi
2329 2398 2576 2454 dicamus
2604 2416 2618 2455 :
2650 2399 2880 2453 Adhwsit
2914 2400 3090 2450 anima
3143 2415 3257 2451 mea
3299 2407 3416 2465 post

1849 2495 1917 2547 te,
1958 2485 2013 2537 in
2063 2486 2280 2541 Christo
2309 2487 2433 2541 Jesu
2480 2490 2704 2543 Domino
2745 2499 2962 2555 nostro,
3000 2487 3085 2542 cui
3113 2496 3198 2543 est
3240 2489 3416 2543 honor

1851 2582 1906 2628 et
1947 2575 2118 2644 gloria
2154 2576 2207 2630 in
2241 2578 2436 2632 saecula
2471 2579 2814 2634 sicculorum.
2845 2581 3034 2634 Amen.

2332 2775 2651 2832 PSALMUS
2689 2774 2929 2831 XXXIX.

1913 2865 2078 2920 Vens.
2107 2865 2160 2920 ’5.
2207 2865 2405 2918 Eduxit
2447 2882 2526 2918 me
2554 2867 2618 2918 de
2655 2865 2771 2919 lacu
2810 2868 3056 2932 miseria,
3093 2875 3199 2921 etc.
3237 2866 3412 2922 Lacus

1841 2955 2077 3009 miserias
2108 2963 2192 3008 est
2217 2955 2423 3009 malitia
2450 2957 2852 3025 etignorantia.
2887 2973 2906 3006 ι
2940 2955 3007 3009 Ει
3029 2957 3222 3010 statuit
3251 2970 3413 3024 super

1839 3056 2048 3116 petram
2082 3046 2243 3116 pedes
2274 3061 2442 3100 meos.
2481 3066 2500 3099 ι
2558 3046 2716 3102 Petra
2749 3056 2833 3101 est
2863 3045 2997 3101 ﬁdes
3032 3045 3254 3102 Christi.
3291 3064 3311 3098 ι
3347 3047 3414 3103 Et

178 3133 357 3198 πίστις
383 3135 667 3206 Χριστοῦ,‹
691 3137 798 3189 Καὶ
819 3137 1109 3192 κατεύθυνε
1141 3140 1207 3192 τὰ
1233 3139 1543 3210 διαδήματα
1565 3158 1665 3210 μου
1683 3157 1696 3170 °
1712 3159 1729 3192 ι

1854 3134 2040 3190 iirexit
2076 3149 2296 3204 gressus
2339 3148 2509 3200 meos,
2543 3153 2564 3188 ι
2610 3136 2822 3190 actibus
2852 3144 2906 3190 et
2947 3135 3090 3190 veris
3122 3136 3409 3207 dogmatis.

175 3224 260 3278 διὰ
282 3225 379 3294 τῆς
411 3227 718 3298 πρακτικῆς
749 3227 842 3279 καὶ
885 3228 992 3284 τῶν
1018 3227 1283 3300 ἀληθινῶν
1329 3230 1628 3300 δογμάτων.

245 3315 353 3368 Καὶ
385 3316 671 3370 ἐνέϐαλεν
690 3319 778 3383 εὶς
822 3317 889 3370 τὸ
918 3320 1110 3388 στόμα
1141 3338 1258 3389 μου
1298 3313 1463 3389 ᾆσμα
1507 3321 1736 3388 καινὸν,

174 3421 231 3458 κ.
257 3421 307 3459 τ.
325 3407 372 3462 ὲ.
395 3406 550 3460 Μετὰ
563 3409 663 3478 τὴν
687 3407 955 3462 ἀπάθειαν
985 3410 1094 3482 (74)
1121 3411 1319 3482 ᾄδομεν
1347 3409 1498 3486 ᾆσμα
1530 3413 1736 3479 καινὸν,

173 3498 639 3564 ἀνακαινιώέντος
669 3501 759 3555 τοῦ
790 3502 937 3556 οἴκου
965 3503 1144 3574 ἡμῶν.

246 3591 473 3643 Ova/ar
498 3590 596 3644 καὶ
628 3591 978 3661 προσφορὰν
1001 3595 1112 3646 οὐκ
1143 3592 1481 3662 ἠθέλησας,
1508 3611 1560 3647 κ.
1590 3611 1640 3648 τ.
1687 3594 1735 3649 ἑ.

175 3677 404 3742 Τούτους
434 3681 560 3744 τοὺς
581 3681 822 3750 στοίχους
849 3681 960 3752 (75)
997 3682 1062 3733 ὲκ
1092 3680 1381 3751 προσώπου
1424 3679 1519 3734 τοῦ
1554 3681 1737 3751 Σωτῆ-

179 3783 264 3838 ρος
295 3769 544 3841 εἱρῆσθαι
576 3773 608 3842 ἡ
637 3773 772 3843 πρὸς
811 3771 1091 3842 Ἐϐραίους
1119 3773 1281 3843 φησὶν
1311 3769 1618 3842 Ἐπιστολὴ.
1644 3773 1737 3824 καὶ

175 3857 382 3913 δίδωσιν
414 3862 664 3934 ἀφορμὴν
697 3861 814 3916 ὅλον
835 3863 928 3916 τὸν
959 3861 1171 3933 ψαλμὸν
1217 3863 1294 3926 ὼς
1336 3865 1400 3916 ἐκ
1445 3862 1734 3934 προσώπου

176 3953 334 4003 αὑτοῦ
357 3953 516 4004 νοεῖν.
1382 3956 1394 3970 '
1690 3987 1697 4002 .

255 4041 659 4111 Ὀλοκαύτωμα
687 4043 948 4111 καὶπερὶ
991 4042 1281 4112 ἁμαρτίας
1321 4043 1434 4096 οὐκ
1477 4041 1732 4110 ᾔτησας,

176 4146 229 4182 κ.
263 4147 312 4184 τ.
347 4133 394 4186 ὲ.
429 4132 878 4204 Ὀλοκαυτώματα
928 4134 1161 4203 αἰσθητὰ
1209 4133 1270 4186 οὐ
1309 4132 1461 4204 ζητεῖ
1519 4134 1548 4185 ὁ
1601 4131 1734 4195 Θεός

175 4220 345 4292 (76)⁶‹
365 4221 535 4278 Θυσία
555 4223 665 4294 γὰρ
701 4223 781 4293 τῷ
817 4218 938 4293 Θεῷ
965 4221 1182 4292 πνεῦμα
1205 4218 1683 4293 συντετριμμένον.
1701 4237 1720 4270 ι

253 4305 349 4361 Ἐν
390 4308 666 4376 κεφαλίδι
720 4311 966 4375 βιϐλίου
1010 4309 1329 4380 τέτραπται
1375 4309 1507 4376 περὶ
1558 4309 1726 4377 ἐμοῦ,

173 4415 226 4451 κ.
254 4415 305 4452 τ.
339 4399 391 4454 ἐ.
434 4400 709 4469 Κεφαλίδα
743 4401 947 4471 βιϐλίου
975 4401 1086 4473 (77)
1134 4403 1313 4454 πᾶσαν
1349 4400 1446 4472 τὴν
1501 4401 1727 4472 νομικὴν

169 4490 312 4559 λέγει
344 4492 596 4564 Γραφήνο
629 4495 802 4547 πᾶσαι
823 4494 931 4565 γὰρ
967 4497 1047 4558 εις
1079 4493 1137 4547 ἓν
1172 4492 1583 4562 ηφαλαιοῦνται
1629 4493 1726 4564 τὴν

167 4587 469 4660 πρόρρησιν
497 4587 598 4659 τὴν
619 4590 747 4660 περὶ
781 4587 1036 4660 Χριστοῦ.

240 4678 349 4732 Τοῦ
391 4676 635 4748 ποιῆσαι
680 4678 747 4733 τὸ
795 4677 1023 4747 θέλημά
1047 4692 1206 4742 -σου,
1245 4695 1300 4732 κ.
1331 4694 1383 4731 τ.
1419 4679 1467 4732 ὲ.
1504 4676 1727 4749 Θέλημα

165 4769 309 4837 λέγει
347 4771 458 4842 (-78)
482 4770 578 4825 τοῦ
625 4770 836 4841 Πατρὸς
863 4770 984 4824 καθ’
1011 4771 1040 4823 ὃ
1066 4765 1169 4841 ἦρε
1208 4770 1306 4840 τὴν
1329 4769 1603 4840 ἁμαρτίαν
1631 4769 1724 4821 τοῦ

164 4863 388 4932 κόσμου.
427 4882 446 4914 ι
479 4863 554 4916 Οὐ
587 4862 696 4933 γὰρ
719 4859 901 4935 ἦλθον,
951 4864 1106 4932 φησὶ,
1153 4861 1375 4932 ποιῆσαι
1419 4860 1482 4914 τὸ
1508 4860 1724 4932 θέλημα

1916 3312 2080 3367 Vens.
2116 3312 2171 3366 4.
2191 3309 2257 3364 Et
2290 3312 2510 3366 immisit
2540 3311 2596 3364 in
2623 3327 2679 3366 os
2704 3327 2873 3366 meum
2905 3313 3164 3366 canticum
3199 3329 3408 3377 novum,

1838 3413 1942 3458 etc.
1991 3403 2287 3472 Postquam
2333 3402 2401 3456 ab
2431 3404 2581 3458 omni
2616 3401 2809 3458 all‘ectu
2841 3403 3000 3458 liberi
3041 3402 3170 3458 facti
3201 3418 3410 3471 sumus,

1839 3494 2088 3548 canimus
2114 3493 2382 3547 canticum
2424 3507 2650 3557 novum,
2691 3503 2949 3547 renovata
2997 3492 3156 3546 domo
3200 3503 3406 3546 nostra.

1907 3584 2068 3640 Vnus.
2108 3584 2162 3637 7.
2203 3582 2534 3651 Sacriﬁcium
2576 3591 2625 3636 et
2670 3582 2982 3637 oblationem
3015 3583 3256 3648 uoluisti,
3301 3595 3404 3638 etc.

1836 3676 2010 3731 Hosce
2048 3673 2351 3729 versiculos
2389 3690 2452 3730 ex
2497 3689 2728 3743 persona
2759 3673 3060 3729 Salvatoris
3091 3673 3264 3728 dictos
3285 3689 3410 3730 csso

1840 3765 2008 3818 tradit
2046 3763 2286 3832 Epistola
2323 3766 2389 3818 ad
2437 3763 2712 3829 Hebraeos,
2741 3772 2796 3817 et
2829 3761 3034 3832 prabet
3065 3763 3406 3818 occasionem

1836 3864 2006 3910 totum
2052 3855 2196 3909 hunc
2237 3855 2502 3923 psalmum
2542 3871 2607 3909 es
2650 3855 2894 3925 ejusdem
2939 3867 3170 3923 persona
3209 3853 3408 3910 intelli-

1833 3947 2013 4020 gelidi.

1904 4037 2287 4092 Holocaustum
2319 4048 2368 4092 et
2415 4052 2509 4106 pro
2562 4045 2772 4105 peccato
2804 4052 2910 4090 non
2961 4035 3262 4104 postulasti,
3293 4048 3403 4092 etc.

1831 4128 2160 4185 Holocausta
2204 4127 2482 4184 sensibilia
2512 4143 2616 4183 uon
2657 4127 2894 4198 postulat
2935 4128 3119 4193 Deus;
3159 4146 3177 4179 ι
3225 4129 3404 4184 Sacri-

1829 4221 2012 4276 ﬁcium
2047 4221 2191 4276 enim
2222 4222 2329 4276 Deo
2359 4220 2582 4290 spiritus
2613 4218 3025 4275 conlrihulatus.
3059 4237 3079 4272 ι

1898 4313 2061 4368 Vitis.
2093 4311 2148 4366 8.
2191 4310 2260 4365 In
2289 4312 2462 4379 capite
2492 4311 2611 4364 libri
2659 4311 2916 4379 scriptum
2937 4317 3016 4363 cst
3053 4309 3118 4364 dc
3146 4326 3249 4375 me,
3285 4322 3396 4366 etc.

1828 4403 2004 4476 Caput
2031 4405 2156 4460 libri
2182 4415 2342 4460 vocat
2366 4418 2580 4458 omnem
2619 4403 2959 4472 Scripturam
2992 4402 3238 4472 legalem.
3265 4403 3396 4458 0m-

1830 4513 1928 4554 nes
1951 4499 2095 4554 enim
2135 4498 2434 4568 Scriptura:
2484 4496 2639 4567 quasi
2689 4495 2742 4550 in
2797 4495 3177 4564 compendium
3225 4499 3396 4567 quod-

1829 4588 1954 4643 dam
1985 4590 2237 4659 redigunt
2265 4587 2670 4658 praedictionem
2692 4587 2757 4640 de
2783 4585 3022 4640 Christo.

1901 4680 2058 4749 701
2103 4679 2262 4733 VERS-
2295 4679 2348 4734 9-
2384 4677 2452 4732 Ut
2485 4677 2708 4746 [acerem
2733 4673 3049 4729 voluntatem
3079 4685 3243 4740 tuam,
3281 4686 3388 4732 etc,

1829 4769 2175 4825 Voluntatem
2211 4767 2386 4822 Patris
2431 4766 2708 4834 intelligit,
2743 4769 3036 4822 secundum
3075 4782 3235 4835 quam
3271 4768 3392 4822 tulit

1827 4869 2106 4930 peccatum
2141 4860 2346 4914 mundi.
2380 4877 2399 4911 ι
2433 4856 2547 4912 Non
2579 4861 2725 4913 enim
2745 4857 2892 4925 veni,
2916 4857 3093 4926 inquit
3120 4856 3187 4923 ⁷⁸,
3209 4854 3391 4912 facere

232 4975 280 5009 “
311 4977 454 5031 Psal.
488 4993 630 5043 cm,
653 4977 706 5032 3.
783 4979 828 5010 ⁷⁸
866 4977 1003 5032 Abd.
1039 4978 1124 5032 16.
1199 4979 1248 5011 ⁷⁸
1278 4978 1433 5033 nom.
1467 4993 1541 5045 tv,
1572 4979 1657 5032 t7.
1731 4981 1735 4994 ‘

1854 4977 1940 5034 sal.
1977 4979 2185 5045 un,9.
2261 4978 2307 5012 ⁷³
2333 4975 2485 5032 Joan.
2525 4992 2577 5044 ν,
2602 4975 2692 5034 50.
2802 5039 2812 5048 ο

161 5085 365 5156 ἐτρύφα
394 5087 603 5158 χρόνον,
628 5087 706 5159 si;
736 5087 1008 5159 ἁμαρτίας
1030 5087 1330 5152 ὲξώλισθεν.
1376 5088 1714 5142 Assimilatur

159 5172 366 5210 aranete
387 5157 598 5222 propter
637 5157 974 5226 fragilitatem
997 5159 1249 5227 quidquid
1281 5169 1519 5225 peccator
1563 5161 1713 5218 tea-it,

159 5228 485 5308 quantumuis
509 5238 680 5308 terrae,
710 5230 1036 5297 quantumvis
1067 5227 1264 5308 varium
1282 5229 1520 5292 exsistat,
1559 5227 1715 5308 juxta

157 5295 291 5349 illud
322 5296 481 5349 Isaia:
508 5311 524 5348 :
556 5295 953 5366 Telas‘araneaa
981 5307 1192 5350 texunt.
1228 5296 1512 5364 lncrepaas
1553 5298 1716 5366 igitur

158 5381 271 5436 cum
305 5367 393 5434 qui
419 5367 655 5436 docebat,
693 5367 764 5419 ait
793 5383 812 5420 :
845 5365 1044 5436 Plagas
1069 5378 1116 5420 et
1157 5383 1370 5420 manum
1397 5378 1542 5419 tuam
1571 5365 1714 5419 ιηιιμ

161 5434 287 5497 listi,
316 5445 365 5488 et
392 5435 650 5489 tabescere
695 5437 865 5503 fecisti
903 5434 1134 5489 animam
1191 5436 1327 5505 ejus,
1374 5451 1528 5504 quam
1580 5445 1716 5488 atte-

161 5506 333 5576 uuasti
361 5507 421 5557 ob
444 5508 722 5558 utilitatem
747 5505 860 5574 ejus
895 5507 1182 5572 propriam.
1213 5503 1356 5558 Nam
1381 5503 1588 5576 quando
1621 5506 1712 5560 de-

163 5573 294 5627 liciis
329 5576 620 5643 ]rucbatur,
652 5577 706 5628 in
734 5573 1001 5644 peccatum
1024 5577 1358 5646 impiugebat.

1913 5088 2001 5156 73)
2019 5089 2254 5156 Λάκκος
2269 5089 2794 5156 ταλαιπωρίαςβιο.
2809 5087 2987 5143 Codex
3003 5085 3384 5142 Coislinianus.

1913 5158 1999 5229 74)
2029 5161 2189 5214 Μετὰ
2216 5160 2329 5229 τὴν
2349 5158 2670 5223 ἀπάθειαν,
2702 5169 2806 5212 etc.
2831 5160 2994 5229 Idem.

1913 5225 1999 5297 75)
2023 5225 2284 5296 Τούτους
2301 5230 2442 5295 τοὺς
2461 5229 2765 5297 στοίχους,
2780 5237 2885 5283 etc.
2901 5227 3100 5297 Catena
3118 5225 3380 5281 Corderii.

1887 5295 2000 5371 (76)
2038 5295 2520 5371 Ὀλοκαυτώματα
2551 5295 2807 5365 αἰσθητὰ
2839 5298 2912 5350 οὐ
2945 5295 3103 5364 ζητεῖ
3128 5299 3161 5350 d
3214 5298 3379 5360 Θεός,

1821 5369 1928 5426 etc.
1951 5370 2132 5425 Codex
2158 5369 2538 5426 Coisliuiauus.

1887 5440 2000 5508 (77)
2028 5437 2335 5507 Κεφαλίδα
2351 5438 2618 5508 βιϐλίου,
2648 5446 2770 5508 κοῖς.
2799 5434 2999 5489 Catena
3033 5434 3302 5489 (lorderii.

1887 5441 1975 5508 (77
2028 5440 2335 5507 Κεφαλίὸα
2351 5440 2618 5501 βιϐλίου,
2661 5446 2770 5491 etc.
2799 5440 2865 5489 Ca

1885 5440 2000 5580 (78)
2025 5509 2263 5578 Θέλημα
2294 5507 2478 5577 λέγει,
2510 5515 2618 5564 etc.
2646 5507 2865 5560 Eadem.
