3970 6160
291 176 437 236 “lii

1323 171 1631 230 SELECTA
1668 174 1733 228 ΙΝ
1773 170 2109 229 PSALMOS.
2150 204 2220 218 —
2254 171 2446 228 PSAL.
2490 171 2583 227 XL

3418 175 3557 232 ιιιι

291 296 533 360 ινδεεῖς,
590 292 623 365 ἢ
691 292 928 349 συνιέναι
989 293 1079 347 fw
1139 293 1402 358 ἑκουσίως
1464 294 1868 368 πτωχεύσαντα.

1983 308 2102 359 nos,
2140 293 2224 350 vel
2252 304 2311 349 ut
2341 295 2712 365 intelligamus
2744 307 2867 355 eum
2899 293 2992 366 qui
3037 292 3398 349 voluntariam
3433 312 3553 352 am-

365 478 581 545 Κύριος
612 473 920 544 ,βοηθῆσαι
951 471 1112 540 αὐτῷ
1137 474 1235 528 ἐπὶ
1270 476 1488 545 κλίνης
1513 475 1743 543 ὀδύνης(
1765 476 1873 529 αὐ-

290 567 424 633 τοῦ,
446 585 498 620 κ.
532 585 584 621 τ.
609 566 852 638 ὲ.⁶Κλίνη
875 567 1065 640 ὀδύνης
1097 567 1208 639 (84)
1236 568 1298 621 τὸ
1328 567 1488 639 σῶμά
1512 570 1625 622 ἐστι
1656 569 1753 639 τῆς
1779 586 1875 622 τα-

291 658 621 723 πεινώσεως.
645 676 664 711 t
703 660 871 730 Ὅλην
901 660 1001 732 τὴν
1025 659 1211 730 κοίτην
1241 659 1407 714 αὐτοῦ
1432 659 1697 732 ἔστρεψας
1719 661 1778 714 ὲν
1805 663 1871 733 τῇ

289 752 575 827 ἀρρωστίᾳ
600 750 784 807 αὐτοῦ.
826 771 845 805 ι
883 752 1028 823 Πρὸς
1058 750 1127 805 τά
1153 751 1362 822 ἀμείνω
1394 752 1870 825 μετενεχθήσεται,

291 846 447 917 φησὶ,
480 845 574 901 καὶ
607 844 907 917 μεταϐολὴν
935 845 1046 910 ἔξει
1073 845 1210 918 πρὸς
1227 845 1548 917 εὐρωστίαν.
1578 846 1739 910 Ἕθος
1764 847 1873 918 γάρ

289 940 358 1010 τῇ
397 938 588 1010 Γραφῇ
619 938 718 1009 τὴν
758 936 994 1010 στροφὴν
1022 936 1143 991 ἀντὶ⁵
1174 937 1273 1008 τῆς
1308 937 1609 1010 μεταϐολῆς
1643 940 1869 1003 τιθέναι,

291 1031 370 1095 ὡς
425 1032 505 1086 τό’
557 1049 577 1084 ι
626 1029 933 1103 Ἐστρεψας
975 1029 1069 1084 τὸν
1124 1030 1353 1085 κοπετόν
1411 1047 1514 1102 μου
1567 1031 1647 1095 είς
1697 1032 1872 1103 χαρὰν

295 1120 441 1193 ἐμοί.
473 1139 492 1173 ι

369 1216 436 1266 Ol
457 1212 662 1283 ἐχθροί
675 1228 795 1282 μου
820 1207 1000 1265 show
1023 1205 1180 1265 κακά
1205 1228 1330 1280 μοι,
1373 1227 1430 1264 κ.
1461 1228 1511 1265 τ.
1537 1210 1583 1265 ἐ.
1615 1212 1679 1267 0i
1707 1213 1873 1284 ἀόρα-

293 1321 378 1358 τοι
416 1304 527 1371 (85)
561 1302 654 1357 τοῦ
697 1302 949 1374 Σωτῆρος
986 1301 1144 1374 ἡμῶν
1181 1302 1363 1374 ἐχθροὶ
1395 1303 1667 1375 ἠθέλησαν
1707 1305 1871 1359 αὑτὸν

294 1396 610 1458 ἀποθανεῖν,
658 1394 734 1459 ὡς
764 1395 850 1449 ἵνα
882 1396 1114 1449 σϐέσωσι
1155 1395 1255 1467 τὴν
1299 1395 1456 1461 δόξαν
1482 1397 1578 1451 τοῦ
1611 1399 1873 1470 ὀνόματος

294 1486 480 1542 αὐτοῦ·
506 1485 640 1540 ἀλλά
670 1485 807 1558 πρὸς
827 1484 907 1557 τῷ
928 1486 1002 1557 μὴ
1039 1484 1332 1539 ἀπολέσθαι
1364 1488 1458 1541 καὶ
1482 1486 1688 1559 κάμψει
1716 1489 1773 1541 ὲν
1794 1486 1871 1559 τῷ

293 1580 518 1650 ὀνόματι
559 1577 733 1647 Ἰησοῦ
764 1580 871 1632 πᾶν
899 1578 1048 1647 γόνυ,
1080 1577 1175 1632 καὶ
1203 1579 1355 1632 πᾶσα
1378 1578 1599 1649 γλῶσσα
1617 1579 1870 1652 ἐξομολο-

294 1674 543 1744 γήσεται.
595 1674 786 1736 Εἴποις
811 1672 868 1725 δὲ
897 1671 1060 1727 αὑτὸν
1108 1674 1204 1726 καὶ
1235 1672 1375 1745 ὑπὲρ
1413 1671 1521 1728 τῶν
1568 1672 1736 1727 αὑτοῦ
1771 1690 1875 1744 μα-
1904 1657 1948 1717 Β

1930 1835 1937 1845 κ
1974 1780 2166 1834 orare,
2222 1782 2380 1838 quos,
2426 1782 2550 1823 cum
2596 1769 2748 1838 quasi
2798 1768 2976 1822 anima
3016 1764 3132 1834 eius
3179 1777 3383 1832 essent,
3422 1781 3555 1823 con-

297 1758 840 1838 qut'iw‘mtﬁaaabatt
877 1766 976 1838 τὴν
1004 1764 1191 1837 εὐχὴν,
1220 1764 1314 1831 οὓς
1347 1765 1538 1839 ὥσπερ
1570 1766 1748 1839 ψυχὴν
1776 1767 1874 1819 αύ-

294 1856 390 1910 τοῦ
444 1857 809 1929 τυγχάνοντας
855 1858 1084 1928 νοσῆσαι
1134 1859 1252 1912 κατ’
1284 1861 1491 1913 ἐκεῖνον
1546 1858 1743 1930 συνέϐη
1779 1858 1872 1913 τὸν

295 1949 485 2020 καιρὸν
539 1949 635 2003 καὶ
682 1950 1083 2023 ἡμαρτηκέναι,
1116 1952 1206 2005 ὅτε
1250 1953 1450 2017 πάντες
1487 1952 1873 2017 καταλιπόντες

293 2041 455 2095 αὑτὸν
482 2040 704 2112 ᾤχοντο,
737 2044 945 2115 Πέτρος
968 2044 1026 2099 δὲ
1060 2046 1155 2101 καὶ
1185 2045 1368 2117 τρίτον
1396 2045 1694 2116 ἠρνήσατο.

362 2134 471 2188 Καὶ
506 2138 559 2189 εὶ
586 2138 1000 2205 εἰσεπορεύετο
1032 2137 1140 2192 τοῦ
1181 2137 1350 2201 ἰδεῖν,
1392 2136 1594 2207 μάτην
1640 2136 1869 2203 ἐλάλει,

294 2242 348 2279 κ.
384 2244 435 2280 τ.
467 2228 515 2281 ὲ.
543 2228 606 2280 Ui
631 2229 851 2297 ἀφανεῖς
880 2228 989 2302 (86)
1018 2232 1112 2284 καὶ
1126 2229 1390 2302 ὁρώμενοι
1420 2229 1602 2302 ἐχθροὶ
1633 2228 1872 2302 Χριστοῦ

294 2314 521 2371 θάνατον
548 2316 696 2389 αύτῷ
740 2317 1165 2383 κατεσκεύαζον.
1209 2320 1269 2372 '0
1303 2316 1360 2372 δὲ
1419 2318 1620 2383 Ἰούδας
1652 2320 1871 2373 εἰσεπο-

295 2407 482 2480 ρεύετο
518 2409 615 2480 μὲν
646 2409 741 2462 τοῦ
790 2408 915 2463 ἰδεῖν
942 2409 1010 2462 τὰ
1054 2409 1332 2482 γινόμενα,
1378 2410 1473 2464 καὶ
1519 2409 1789 2481 λεγόμενα
1815 2412 1873 2463 ἐν

293 2499 649 2572 παραϐολαῖς,
694 2500 874 2555 ἐλάλει
912 2500 969 2554 δὲ
1020 2501 1215 2574 μάτην,
1257 2501 1353 2556 ac;
1386 2501 1461 2574 μὴ
1493 2501 1687 2574 χωρῶν
1733 2494 1873 2556 αὒτά

293 2596 503 2666 νοῆσαι,
526 2594 615 2647 διὰ
649 2595 748 2665 τὴν
774 2592 1191 2663 τυφλώττουσαν
1218 2593 1381 2648 αὐτὸν
1410 2595 1630 2649 κακίαν.
1667 2594 1872 2666 Ἀρμό-

293 2686 375 2751 ζει
393 2688 449 2741 δὲ
480 2687 540 2741 τὸ
567 2687 730 2759 ῥητὸν
748 2687 843 2741 καὶ
866 2688 998 2740 πᾶσι
1017 2689 1132 2750 τοῖς
1159 2685 1448 2759 ἀπόρρητα
1469 2685 1870 2757 ἐπαγγελλομέ-

291 2797 403 2842 νοις
427 2781 538 2842 τοῖς
592 2776 939 2850 ἑτεροδόξοις.
975 2778 1045 2830 Ἢ
1075 2777 1180 2842 ἔξω
1214 2778 1307 2831 τοῦ
1339 2779 1593 2850 Σωτῆρος
1630 2778 1724 2832 καὶ
1774 2778 1873 2849 τῆς

291 2868 399 2923 τῶν
427 2868 738 2922 ἀποστόλων
782 2867 1167 2933 καταστάσεως
1206 2867 1309 2939 ἤδη
1359 2867 1653 2940 γενόμενος
1694 2868 1870 2940 μάτην

291 2961 486 3024 ἐλάλει,
527 2960 848 3015 διδάσκαλον
894 2957 1318 3031 προσαγορεύων
1354 2959 1447 3013 τὸν
1488 2958 1715 3032 Κύριον,
1769 2959 1869 3028 τῆς

289 3053 517 3127 καρδίας
545 3052 709 3108 αὑτοῦ
737 3051 968 3123 ἀνομίας
1007 3050 1437 3122 συναγαγούσης.
1471 3044 1639 3116 Οὗτος
1667 3051 1724 3105 δὲ
1773 3052 1868 3106 καὶ

291 3145 740 3218 ἐκπορευόμενος,
781 3144 1057 3198 τουτέστιν
1089 3142 1192 3211 ἔξω
1227 3144 1328 3214 τῆς
1365 3142 1540 3215 Ἰησοῦ
1572 3142 1869 3216 μαθητείας

289 3236 592 3308 γινόμενος,
624 3235 802 3295 ἐλάλει
842 3235 936 3289 ἐπὶ
962 3233 1023 3287 τὸ
1061 3234 1194 3289 αὐτὸ
1222 3236 1334 3298 τοῖς
1362 3235 1678 3306 Φαρισαίοις
1724 3234 1865 3288 κατά

286 3326 384 3381 τοῦ
432 3327 703 3399 Σωτῆρος,
758 3325 853 3380 καὶ
900 3324 1075 3395 λάθρα
1130 3324 1228 3397 τὴν
1276 3324 1562 3396 προδοσίαν
1603 3324 1863 3380 ὲκινοῦτο.

301 3420 456 3476 Ἀλλά
485 3420 580 3475 καὶ¹
616 3418 712 3473 τοῦ
758 3416 972 3491 πονηρά
1006 3416 1464 3489 διαλογιζομένου,
1498 3416 1713 3471 καὶτοῦ
1746 3420 1868 3471 ὲπι-

288 3511 536 3576 νοοῦντος
559 3509 626 3566 τὰ
654 3508 954 3583 αἱρετικάή
982 3508 1176 3580 καρδία
1195 3509 1415 3578 συνάγει
1443 3510 1671 3581 ἀνομίαν
1695 3507 1863 3580 αὐτῷ’

295 3602 442 3662 ὅστις
493 3598 599 3655 κάν
667 3599 810 3669 λάϐῃ
834 3640 849 3663 ,
909 3599 1265 3673 ἐκπορεύεται
1291 3600 1417 3666 ἔξω.
1478 3601 1616 3672 Περὶ
1680 3594 1756 3656 ὧν
1788 3599 1867 3654 εἷ-

292 3710 472 3767 ρηταιο
507 3710 527 3744 ‹
571 3690 697 3755 Τοῖς
738 3690 797 3744 δὲ
847 3691 952 3758 ἔξω
995 3684 1059 3748 ἐν
1090 3693 1444 3766 παραϐολαῖς·
1475 3712 1495 3745 ι
1520 3693 1634 3760 καὶ,
1671 3711 1691 3746 ι
1726 3694 1865 3758 Τοὺς

288 3785 486 3855 ἔξωθεν
514 3785 543 3837 6
562 3783 693 3847 Θεὸς
726 3783 920 3857 κρίνει.
957 3803 976 3836 ι

356 3878 455 3945 Μὴ
485 3878 520 3929 ὁ
543 3873 907 3944 κοιμώμενος
936 3873 1072 3943 οὐχὶ
1101 3874 1436 3945 προσθήσει
1457 3874 1564 3930 τοῦ
1603 3873 1866 3944 ἀναστῆ-

286 3980 412 4033 Mt;
435 3984 491 4021 κ.
523 3983 576 4020 τ.
607 3966 656 4019 ἑ.
698 3964 1035 4034 ’Δναγκαίως
1065 3964 1177 4037 (87)
1208 3965 1354 4035 λέγει
1381 3969 1446 4039 τῇ
1478 3968 1734 4040 κοιμήσει
1764 3969 1864 4040 τὴν

287 4059 583 4112 ἀνάστασιν
619 4057 867 4110 ἔπεσθαι.
929 4058 993 4110 Ἠ
1050 4057 1108 4111 δὲ
1146 4057 1401 4130 κοίμησίς
1443 4060 1593 4149 ἐστὶν
1646 4061 1676 4114 6
1701 4058 1865 4113 θάνα-

286 4164 397 4211 τος.
473 4146 806 4216 ’Δναγκαίως
866 4145 945 4217 τῷ
996 4147 1211 4218 θανάτῳ
1275 4145 1632 4222 ἀκολουθῆσει
1688 4151 1785 4205 καὶ
1826 4151 1861 4222 ἡ

285 4240 600 4315 ἀνάστασις.

1980 383 2174 457 plexos
2201 394 2287 440 est
2315 394 2713 456 paupertatem.

2052 478 2219 532 Vens.
2250 478 2304 531 4.
2352 477 2608 533 Dominus
2656 494 2802 548 opem
2844 477 2981 548 {erat
3023 477 3104 531 itii
3158 493 3317 547 super
3361 456 3601 534 lectum"

1979 569 2179 625 doloris
2205 571 2346 639 ejus,
2376 579 2488 625 etc.
2517 569 2715 625 Lectus
2753 571 2956 626 doloris
2993 586 3190 643 corpus
3224 580 3308 628 est
3331 573 3555 628 humili-

1982 663 2131 718 tatis.
2171 682 2190 714 ι
2224 662 2551 719 Universum
2585 673 2819 719 stratum
2859 663 2978 734 ejus
3014 666 3243 721 versasti
3294 666 3348 720 in
3396 665 3554 720 infir-

1980 755 2168 808 mitate
2196 754 2333 822 ejus.
2367 771 2386 806 ι
2431 752 2513 807 Ad
2563 755 2783 809 meliora
2833 753 3213 823 transferetur,
3266 757 3471 826 inquit,
3498 767 3556 813 et

1979 846 2331 901 mutationem
2353 846 2576 900 habebit
2605 848 2671 900 ad
2703 846 3018 901 sanitatem.
3047 846 3197 904 Solet
3225 850 3370 904 enim
3398 849 3550 905 Scri-

1979 948 2136 1007 ptura
2160 938 2577 994 conversionem
2614 953 2712 1008 pro
2745 941 3048 994 mutatione
3084 956 3306 1010 ponere,
3344 952 3402 995 ut
3427 958 3550 996 cum

1978 1031 2220 1088 dicit”:
2261 1050 2280 1085 ι
2314 1032 2641 1089 ConvertiSti
2686 1031 2962 1102 planctum
2995 1047 3173 1088 meum
3201 1028 3267 1087 in'
3293 1035 3546 1105 gaudium

1978 1125 2130 1180 mihi.
2163 1144 2183 1179 ι

2052 1220 2217 1274 Vens.
2259 1219 2315 1273 6.
2363 1219 2579 1273 Inimici
2615 1222 2719 1274 mei
2761 1220 3012 1274 dixerunt
3053 1218 3197 1273 mala
3233 1220 3397 1284 mihi,
3440 1232 3547 1275 etc.

1977 1311 2281 1368 luvisibiles
2314 1310 2619 1367 Salvatoris
2642 1314 2813 1366 nostri
2840 1313 3050 1366 inimici
3087 1312 3340 1366 volebant
3375 1312 3549 1381 ipsum

1979 1403 2250 1469 occidere,
2280 1412 2338 1456 ut
2366 1403 2594 1474 gloriam
2641 1403 2878 1458 nominis
2918 1404 3034 1473 ejus
3082 1404 3535 1473 exstinguerent;

1977 1510 2192 1562 verum,
2217 1496 2411 1550 nedum
2442 1495 2734 1559 interierit,
2778 1496 2829 1548 in
2869 1497 3088 1550 nomine
3113 1496 3274 1550 etiam
3299 1493 3427 1549 Jesu
3457 1493 3555 1548 lle-

1977 1595 2162 1642 ctetur
2224 1602 2384 1642 omne
2438 1603 2601 1659 genu,
2636 1598 2691 1642 et
2748 1586 2927 1641 onmis
2980 1587 3160 1657 lingua
3199 1585 3553 1641 conﬁtebitur

1976 1676 2049 1734 ei.
2114 1677 2307 1732 Dicere
2368 1691 2586 1747 quoque
2657 1679 2831 1748 possis
2879 1678 3053 1745 ipsmn
3124 1691 3223 1746 pro
3276 1676 3551 1746 discipulis

1978 1860 2095 1930 tigit
2144 1859 2237 1914 illo
2286 1868 2530 1931 tempore
2579 1868 2873 1929 :egrotasse
2921 1869 2979 1916 et
3009 1872 3293 1928 peccasse,
3337 1863 3556 1930 quando

1974 1964 2165 2004 omnes
2204 1950 2322 2018 ipso
2349 1949 2541 2005 relicto
2572 1948 2847 2020 fugerunt,
2901 1958 2956 2005 et
3002 1948 3193 2004 Petrus
3249 1948 3416 2004 etiam
3473 1957 3557 2004 ter

1976 2039 2123 2095 illum
2150 2040 2391 2108 negavit.

2046 2132 2214 2187 Vens.
2240 2131 2293 2185 7.
2322 2130 2389 2185 Et
2416 2133 2464 2187 si
2483 2132 2883 2202 iitgrediebatur
2906 2145 2959 2186 ut
2978 2135 3195 2197 videret,
3214 2151 3353 2190 οαιια
3379 2133 3556 2205 loque-

1975 2221 2152 2289 batur,
2181 2232 2292 2278 etc.
2319 2220 2528 2278 Occulti
2557 2231 2613 2278 et
2642 2222 2913 2279 manifesti
2938 2225 3145 2280 inimici
3174 2226 3375 2284 Chris‘.‘
3401 2244 3553 2284 muro

1976 2320 2083 2366 tem
2125 2311 2174 2367 ei
2227 2312 2702 2368 machinabantur.
2755 2312 2925 2369 Iudas
2979 2330 3109 2372 vero
3149 2317 3555 2388 ingrediebatur

1974 2402 2218 2471 quidem,
2247 2412 2311 2458 ut
2334 2404 2544 2460 videret
2563 2421 2626 2459 ea
2677 2420 2799 2476 quae
2834 2408 3037 2464 ﬁebant
3063 2419 3119 2465 et
3145 2410 3467 2465 dicebantur
3496 2412 3550 2466 in

1975 2493 2283 2563 parabolis;
2326 2494 2652 2565 loquebatur
2678 2508 2863 2554 autem
2886 2515 3045 2567 vane,
3079 2502 3279 2571 quippe
3318 2501 3410 2571 qui
3442 2518 3549 2558 nou

1974 2585 2192 2642 valebat
2241 2588 2343 2642 ista
2398 2591 2865 2658 comprehendere
2918 2605 3141 2664 propter
3182 2604 3551 2650 excaecantem

1974 2679 2150 2748 ipsum
2193 2679 2482 2736 malitiam.
2518 2681 2782 2752 Congruit
2822 2687 2986 2740 etiam
3021 2686 3225 2741 dictum
3261 2686 3394 2743 illud
3432 2702 3552 2742 orn-

1973 2768 2154 2833 nibus,
2179 2770 2271 2838 qui
2302 2784 2504 2826 arcana
2542 2775 2814 2840 nuntiant,
2842 2774 3215 2833 belcrodosis.
3244 2775 3341 2833 Vel
3364 2793 3488 2833 cum
3518 2794 3548 2833 a

1974 2858 2256 2916 Salvatore
2290 2869 2345 2916 et
2376 2864 2747 2932 apostolorum
2781 2869 3195 2924 conversatione
3222 2869 3339 2940 jam
3375 2871 3551 2926 desci-

1974 2952 2182 3018 visset,
2234 2968 2375 3010 vane
2421 2954 2764 3026 loquebatur,
2821 2972 3211 3031 praeceptorem
3257 2962 3544 3019 Dominum

1968 3046 2269 3117 appellans,
2294 3048 2423 3103 dum
2458 3065 2554 3106 cor
2589 3050 2737 3108 illius
2771 3052 3113 3122 iniquitatem
3166 3060 3547 3127 congregaret.

1966 3138 2069 3195 Hic
2104 3142 2231 3194 item
2267 3141 2577 3211 egrediens,
2624 3144 2678 3199 id
2717 3153 2802 3199 est
2854 3162 2883 3199 a
2929 3143 3057 3201 Jcsu
3110 3147 3392 3218 disciplina
3448 3153 3544 3205 de-

1968 3233 2232 3299 scisceus,
2261 3234 2587 3305 loquebatur
2612 3235 2732 3291 inid
2752 3238 2925 3304 ipsum
2961 3237 3255 3294 Pharisreis
3283 3242 3547 3299 adversus

1969 3322 2332 3395 Salvatorem,
2362 3338 2416 3385 et
2462 3329 2603 3385 clam
2654 3330 2908 3385 movebat
2949 3332 3333 3401 proditionem.
3370 3334 3543 3402 Quin-

1966 3417 2130 3472 etiam
2172 3433 2268 3474 cor
2296 3435 2462 3490 prava
2511 3421 2802 3491 cogitantis
2843 3433 2900 3477 et
2948 3422 3201 3480 haeretica
3250 3429 3540 3484 commini-

1967 3509 2170 3565 sceutis
2218 3522 2515 3583 congregat
2562 3513 2916 3582 iniquitatem
2976 3515 3114 3582 sibi,
3171 3517 3286 3586 qui,
3324 3521 3541 3589 quando

1965 3605 2261 3673 acceperit,
2295 3604 2444 3662 foras
2465 3610 2768 3678 egreditur.
2804 3607 2877 3662 De
2904 3610 3104 3679 quibus
3128 3611 3331 3667 dictum
3357 3625 3441 3669 est
3456 3616 3536 3673 “’2

1971 3710 1991 3745 ι
2025 3695 2094 3750 lis
2123 3697 2212 3765 qui
2244 3696 2379 3752 foris
2412 3699 2617 3753 suntin
2648 3701 2956 3770 parabolis;
2998 3720 3019 3756 ι
3053 3711 3110 3758 et
3135 3702 3183 3734 ⁸⁸
3214 3720 3229 3759 :
3258 3722 3278 3756 ι
3311 3703 3418 3760 Eos
3448 3707 3543 3776 qui

1965 3784 2099 3841 foris
2130 3796 2280 3853 sunt,
2325 3789 2467 3843 Deus
2490 3790 2723 3859 iudicat.
2761 3811 2781 3846 ι

2037 3879 2199 3934 Vnus.
2224 3880 2277 3935 9.
2304 3879 2561 3953 Nunquid
2578 3884 2896 3952 quidarmit,
2923 3902 3025 3940 non
3051 3886 3264 3952 adiicret
3286 3899 3339 3942 ut
3366 3906 3543 3945 resur-

1962 3968 2092 4039 gat?
2126 3980 2234 4027 etc.
2294 3972 2436 4027 Dicit
2494 3976 2951 4032 resurrectionem
3002 3980 3362 4035 necessariam
3417 3999 3540 4040 esse

1964 4060 2309 4117 dormitionis
2357 4065 2659 4134 sequelam.
2715 4066 2982 4122 Dormitio
3015 4079 3195 4123 autem
3229 4081 3311 4126 est
3364 4089 3533 4132 mors.

1964 4149 2191 4208 Mortem
2222 4170 2439 4210 nccessa
2450 4156 2529 4211 rio
2556 4168 2817 4239 sequetur
2841 4161 3191 4215 resurrectio.

354 4332 441 4386 Σὺ
471 4331 559 4397 δὲ,
583 4332 779 4399 Κύριε,
818 4330 1082 4399 ἐλέησόν
1094 4346 1190 4400 με,
1222 4346 1277 4386 κ.
1302 4347 1355 4387 τ.
1382 4332 1429 4383 ὲ.
1461 4330 1564 4387 Τὸν
1582 4331 1728 4386 ἔλεον
1745 4332 1857 4405 (88)

2030 4321 2192 4393 703
2221 4325 2385 4379 Vens.
2419 4325 2503 4381 ll.
2530 4325 2606 4379 Tu
2637 4338 2835 4395 autem,
2869 4329 3106 4396 Domine,
3140 4336 3383 4391 miserere
3405 4341 3528 4400 mei,

286 4425 379 4479 καὶ
407 4424 506 4495 τὴν
534 4424 828 4478 ἀνάστασιν
851 4423 949 4493 οὐχ
976 4422 1175 4493 ἑαυτῷ,
1204 4423 1318 4476 ἀλλ’
1343 4425 1476 4495 ἡμῖν
1512 4426 1671 4480 αἰτεῖ.
1703 4426 1859 4479 Ἔστι

1975 4424 2065 4472 ιιι).
2098 4414 2523 4473 Misericordiam
2546 4429 2604 4474 et
2638 4422 3091 4478 resurrectionem
3128 4439 3235 4480 non
3275 4429 3377 4484 sibi
3403 4429 3529 4499 ipsi,

197 4592 200 4595 ν
283 4516 419 4572 δὲτὸ
450 4516 569 4586 μὲν,
616 4534 634 4568 ι
664 4515 966 4585 ἀνάστησόν
1000 4532 1088 4587 με,
1125 4534 1145 4567 ι
1176 4515 1679 4590 ἀνθρωποπρεπῶςο
1709 4518 1771 4572 τὸ
1800 4518 1858 4572 δὲ
1886 4538 1891 4543 ·

287 4628 306 4660 ι
342 4606 710 4662 ἀνταποδώσω
732 4605 938 4671 αὐτοῖς,
977 4626 996 4658 ι
1019 4606 1221 4679 δηλαδὴ
1240 4610 1354 4672 τοῖς
1378 4608 1612 4679 ἐχθροῖς,
1640 4609 1861 4686 θεον-ρε-

281 4698 420 4764 πιῖις.
464 4697 767 4769 Ἐπιχαίρει
801 4696 859 4750 δὲ
909 4699 1023 4761 τοῖς
1059 4697 1389 4768 ἡττωμένοις
1416 4701 1446 4752 6
1480 4698 1690 4772 ἐχθρός.
1721 4698 1856 4756 Εἶτα

280 4793 443 4848 πάλιν
483 4789 966 4863 ἀνθρωπινώτερον
991 4788 1116 4861 ἔφη’
1149 4809 1168 4842 ι
1213 4790 1301 4844 Ἐν
1332 4790 1508 4863 τούτῳ
1536 4791 1731 4861 ἔγνων,
1769 4794 1851 4848 ὅτι

276 4884 576 4957 τεθέληκάς
594 4899 684 4955 με,
719 4901 741 4937 ι
768 4880 826 4937 έν
850 4898 910 4935 τε
921 4880 1000 4953 τῷ
1023 4879 1240 4952 ὲλεῆσαι
1259 4882 1354 4935 καὶ
1378 4878 1864 4954 άναστῆσαι,Τουτ·

274 4977 427 5030 ἐστιν
478 4975 790 5046 ἠγάπησας·
821 4974 881 5028 ὲν
906 4972 1098 5045 ἀγάπῃ
1123 4975 1232 5046 γὰρ
1263 4975 1372 5028 πᾶν
1399 4973 1642 5046 θελητόν.
1686 4973 1850 5046 Ἐμοῦ

274 5070 332 5124 δὲ
370 5070 704 5132 ἀναστάντος
739 5067 800 5120 ού
833 5067 907 5138 μὴ
949 5067 1183 5136 ὲπιχαρῇ
1227 5068 1256 5120 6
1298 5066 1399 5138 τῆς
1436 5067 1853 5140 ἀνθρωπότητος

274 5162 466 5234 ἐχθρὸς
509 5162 540 5214 6
581 5159 844 5227 διάϐολος,
882 5162 911 5212 ὁ
941 5159 1034 5212 τὸν
1056 5159 1286 5214 θάνατον
1319 5159 1387 5213 δι’
1417 5160 1689 5231 ἁμαρτίας
1712 5162 1851 5214 ἐπα-

345 5322 392 5354 ⁸¹
418 5321 564 5378 Psal.
606 5337 757 5387 χχιιι,
786 5319 873 5375 12.
949 5319 997 5353 ⁸³
1020 5318 1187 5375 Marc.
1215 5334 1288 5387 Iv,
1327 5319 1417 5374 ll.
1493 5317 1540 5351 “
1563 5317 1581 5372 Ι
1606 5317 1732 5373 Cor.
1763 5333 1816 5385 v,
1848 5315 1912 5372 l5

349 5483 461 5556 (84)
491 5483 682 5556 Κλίνη
716 5480 964 5551 ὀδύνης,
991 5492 1101 5556 etc.
1130 5479 1318 5556 Codex
1348 5479 1736 5556 Coisliniauus.

352 5550 465 5621 (85)
497 5556 562 5609 Οἱ
587 5550 846 5620 ἀόρατοι,
873 5565 980 5607 etc.
1012 5550 1216 5606 Catena
1247 5553 1514 5609 Cordcrii.

347 5624 460 5697 (86)
485 5628 549 5680 0i
574 5622 844 5693 ἀφανεῖς,
868 5634 973 5679 clc.
1000 5622 1224 5679 Eadem.

1955 4505 2051 4560 sed
2090 4507 2248 4562 nobis
2277 4510 2431 4579 petit.
2476 4509 2575 4566 Est
2599 4520 2779 4567 autem
2820 4513 2973 4579 illud,
3001 4533 3020 4567 ι
3054 4519 3318 4574 resuscita
3359 4536 3465 4587 me,
3504 4543 3524 4575 ι

1954 4598 2193 4654 humano
2232 4615 2385 4657 more
2407 4601 2642 4669 dictum;
2669 4602 2810 4658 istud
2833 4620 2964 4660 vero
2988 4623 3009 4659 ι
3050 4609 3344 4664 retribuam
3378 4611 3478 4677 eis,
3505 4633 3525 4664 ι

1962 4707 2158 4761 nempe
2189 4693 2448 4761 inimicis,
2478 4695 2685 4751 divino.
2728 4695 2941 4753 Gaudet
2968 4708 3149 4754 autem
3181 4701 3435 4760 inimicus
3462 4710 3529 4761 de

1950 4783 2284 4839 adversariis
2312 4787 2599 4856 superatis.
2635 4786 2839 4844 Deinde
2859 4804 3048 4845 rursus
3080 4792 3323 4850 humano
3375 4812 3529 4852 more

1952 4872 2091 4929 dixit
2123 4889 2136 4925 ;
2183 4891 2204 4925 ι
2226 4872 2283 4927 lu
2310 4875 2414 4931 hoc
2441 4878 2696 4947 cognovi,
2732 4879 2990 4948 quoniam
3028 4883 3246 4938 voluisti
3275 4900 3380 4952 me,
3419 4906 3439 4939 ι
3473 4888 3525 4942 id

1951 4973 2037 5021 est
2066 4966 2380 5023 miserando
2410 4980 2467 5025 et
2491 4972 2891 5028 resuscitaudo.
2937 4972 3051 5029 Hoc
3075 4985 3182 5038 est,
3228 4977 3467 5034 dilexisti
3504 4998 3521 5035 :

1930 5071 2080 5112 -nam
2116 5059 2168 5113 in
2208 5061 2499 5117 dilectione
2522 5075 2607 5119 est
2625 5078 2788 5120 omne
2815 5064 3198 5123 desiderabile.
3231 5067 3519 5125 Meautem

1954 5163 2271 5223 resurgente
2309 5170 2414 5209 non
2446 5156 2706 5225 gaudebit
2732 5157 3092 5214 humanitatis
3125 5159 3380 5217 inimicus
3408 5161 3526 5217 dia-

2023 5472 2133 5545 (87)
2184 5470 2553 5545 Ἀναγκαίως,
2582 5478 2701 5545 etc;
2724 5464 3316 5545 CodexﬂCoisliniamts.

2021 5538 2133 5617 (88)
2175 5543 2283 5597 Τὸν
2298 5538 2496 5608 ἔλεον,
2518 5551 2627 5598 etc.
2662 5538 2866 5596 Catena
2893 5539 3157 5594 Cordetu.
