3970 6160
550 189 687 243 1415

1973 205 2066 261 EX

2197 205 2400 262 IGENE
3677 219 3791 274 ιιιι

545 305 724 372 bolus,
760 307 852 378 qui
901 320 1132 368 mortem
1178 331 1276 386 per
1303 328 1582 387 peccatum
1618 320 1817 377 intulit.
1854 321 1950 378 Vel
1975 322 2088 378 fort.

2219 323 2424 393 γαγὼν.
2461 326 2530 378 Ἢ
2571 327 2710 399 τάχα
2756 331 2848 383 καὶ
2895 332 3186 398 Ἰουδαίους
3222 334 3553 390 αἰνίττεται.
3594 338 3702 392 Καὶ
3735 344 3792 396 τὲ,

545 399 708 452 etiam
737 399 952 456 Judzeos
999 404 1194 461 innuit.
1229 408 1361 464 lllud
1392 421 1596 478 autem,
1631 434 1649 466 ι
1688 426 1908 486 prapter
1951 418 2088 472 iuno

2229 435 2247 466 ι
2289 420 2421 490 ἐμοῦ
2472 420 2529 474 δὲ
2560 418 2648 471 διὰ
2669 420 2768 490 τὴν
2797 422 3054 485 ἀκακίαν,
3091 445 3109 475 ι
3132 426 3250 496 ἦτοι
3270 426 3571 497 ἀμίαντον,
3607 430 3795 501 ἀνθρω-

545 497 802 554 centiam,
839 511 857 542 ι
891 508 987 548 seu
1033 497 1395 570 integritatem
1415 545 1429 569 ,
1459 505 1697 560 humano
1727 524 1878 562 more
1908 509 2088 564 dictun

2223 512 2520 583 πινώτερον
2562 513 2794 585 εἴρηται.
2859 515 3296 590 Ἐϐεϐαιώθημεν
3343 519 3401 571 δὲ
3472 521 3534 571 ὲν
3575 497 3796 592 Χριστῷι

542 588 642 632 est.
695 579 864 637 Porro
912 589 1213 644 continuati
1261 610 1450 654 sumus
1495 598 1550 650 in
1593 599 1827 664 Christo,
1868 602 2025 671 idque
2056 602 2088 654 il

2223 605 2317 658 καὶ
2361 579 2517 657 τουτο
2575 579 2802 658 ἐνώπιον
2854 606 2948 659 τοῦ
2994 579 3208 678 Πατρὸς
3239 609 3549 680 γενόμενον
3601 579 3684 676 είς

542 682 838 740 conspectu
869 675 1043 731 Patris
1070 682 1268 736 factum
1295 697 1379 740 est
1406 687 1459 741 in
1492 700 1774 745 aeternum.
2223 701 2414 754 αἰῶνα.

2131 823 2196 836 Μ

1075 898 1398 956 PSALMUS
1439 902 1572 956 XLI.

2775 903 3065 956 ΨΑΛΜΟΣ
3091 905 3229 959 MA'.

619 983 779 1042 Vsus.
803 989 856 1043 3.
879 988 1053 1045 Silivit
1073 994 1248 1045 anima
1267 1009 1383 1047 mea
1404 996 1470 1047 ad
1499 999 1680 1064 Deum,
1709 1009 1812 1053 etc.
1837 999 1919 1053 Ad
1943 998 2088 1054 Deun

2301 997 2621 1065 Ἐδίψηισεν
2642 997 2678 1064 ἠ
2707 994 2877 1063 ψυχή
2905 1013 3023 1064 μου
3048 997 3194 1064 πρὸς
3214 997 3394 1063 Θεὸν,
3428 1015 3491 1050 κ.
3520 1015 3573 1051 τ.
3605 999 3655 1050 ἑ.
3674 1001 3799 1071 Πρὸς

542 1077 735 1131 sitiunt
777 1079 829 1132 hi
871 1083 964 1150 qui
1014 1082 1066 1134 in
1119 1082 1416 1152 Evangelia
1476 1097 1698 1154 propter
1751 1088 1894 1142 sitim
1956 1106 2088 1144 suan

2215 1089 2305 1143 τὸν
2334 1089 2465 1141 Θεὸν
2496 1089 2603 1158 (89)
2632 1087 2858 1156 διψῶσιν
2897 1088 2943 1138 οἱ
2983 1087 3042 1138 ἐν
3091 1087 3168 1156 τῷ
3217 1089 3553 1158 Εὑαγγελίῳ
3587 1093 3686 1143 ἐπὶ
3739 1093 3799 1160 τᾷ

540 1168 686 1222 beati
720 1170 1106 1239 prtedicantur.
1150 1171 1279 1226 Non-
1327 1175 1484 1242 dixit,
1533 1177 1719 1232 Sitivit
1767 1181 1945 1234 anima
1991 1196 2088 1236 me:

2215 1184 2373 1255 διψᾷν
2406 1183 2851 1254 μακαριζόμενοι.
2889 1181 2998 1234 Οὐκ
3038 1176 3207 1234 εἷπενο
3255 1183 3559 1252 Ἐδξῂσεν
3598 1187 3634 1254 ἡ
3671 1184 3798 1254 ψεδῇ

539 1261 746 1324 Deum;
809 1278 913 1315 non
969 1264 1112 1316 enim
1162 1265 1330 1318 Deum
1386 1266 1520 1320 bibit
1581 1269 1800 1333 anima;
1851 1273 1946 1325 sed
1983 1289 2002 1323 ι
2039 1287 2088 1327 at

2219 1292 2320 1345 μου
2337 1275 2425 1326 τὸν
2455 1273 2607 1336 Θεὸν,
2637 1273 2695 1324 οὑ
2724 1270 2833 1343 γὰρ
2861 1270 2992 1323 Θεὸν
3017 1271 3158 1324 πίνει
3187 1273 3219 1341 ή
3255 1271 3428 1342 ψυχὴ,
3462 1277 3612 1328 ἀλλά
3633 1295 3652 1325 ‹

540 1352 744 1417 Deum;
778 1371 796 1404 ι
829 1368 1049 1408 sanctus
1084 1357 1227 1409 enim
1276 1358 1496 1435 sitiliea
1531 1373 1653 1428 qua:
1683 1360 1748 1413 ad
1770 1360 2088 1431 Deum,spe-

2208 1364 2466 1419 τὸνθεόν.
2493 1382 2510 1414 ι
2531 1363 2611 1416 Τὰ
2631 1367 2740 1433 γὰρ
2760 1364 2894 1434 πρὸς
2926 1363 3058 1416 Θεὸν
3091 1367 3119 1418 6
3153 1365 3306 1432 ἆγιος
3343 1365 3508 1436 διψᾷ,
3545 1366 3739 1436 ὥστε)
3777 1370 3798 1420 ξ

535 1455 719 1510 ctant;
749 1445 886 1500 sicut
911 1456 1163 1516 peccator
1202 1465 1308 1503 non
1341 1466 1402 1505 ea
1433 1467 1550 1521 qua:
1571 1453 1636 1505 ad
1668 1452 1835 1506 Deum
1867 1455 1960 1507 sed
1986 1470 2088 1523 qua

2209 1453 2527 1524 ἁμαρτωλὸς
2554 1452 2621 1506 τὰ
2652 1453 2724 1524 μὴ
2749 1454 2883 1525 πρὸς
2915 1454 3068 1517 Θεὸν,
3097 1454 3229 1507 ἀλλά
3254 1457 3320 1508 τά
3349 1457 3499 1527 πρὸς
3535 1459 3798 1527 uocum)

535 1537 603 1589 ad
649 1540 974 1594 mundanam
1015 1543 1215 1605 vitam,
1251 1544 1334 1597 vel
1372 1544 1436 1596 ad
1489 1543 1761 1598 diabolmn
1808 1546 2101 1614 pertinent.

535 1631 675 1694 Quin
709 1640 763 1684 et
788 1629 1036 1690 Salvator
1073 1634 1313 1687 substitit
1335 1643 1390 1688 et
1431 1635 1749 1689 exclamavit
1787 1637 1974 1691 dicens
2002 1637 2048 1668 ⁸⁸
2087 1654 2100 1689 :

2207 1545 2372 1616 ζωὴν,
2404 1547 2436 1617 ἢ
2468 1546 2536 1599 τὰ
2557 1547 2690 1618 πρὸς
2721 1547 2984 1600 διάϐολον.
3023 1549 3132 1601 Καὶ
3161 1549 3189 1600 ὁ
3217 1548 3415 1621 Σωτὴρ
3457 1549 3523 1602 δὲ
3565 1553 3797 1620 sicin:

2207 1638 2302 1690 καὶ
2331 1637 2526 1709 ἐκραζε
2574 1639 2766 1706 λέγων·
2829 1659 2848 1690 ι
2890 1640 3012 1693 Ἐάν
3061 1658 3145 1704 τις
3185 1640 3334 1712 διψᾷ,
3373 1641 3640 1711 ἐρχέσθω
3675 1643 3798 1712 πρός

538 1740 557 1770 ι
599 1720 654 1774 Si
691 1723 812 1790 quis
848 1723 997 1789 sitit,
1034 1724 1216 1778 veniat
1249 1727 1316 1779 ad
1359 1740 1474 1793 me,
1520 1735 1576 1780 et
1623 1728 1789 1781 bibat.
1824 1747 1843 1780 ι
1882 1729 1946 1782 Et
1975 1730 2088 1799 quia

2209 1745 2296 1798 με,
2317 1729 2409 1781 καὶ
2444 1729 2661 1784 πινέτω.
2705 1749 2724 1782 ι
2756 1729 2865 1782 Καὶ
2898 1730 2978 1782 ὅτι
3015 1730 3161 1800 μόνοι
3189 1731 3238 1782 oi
3268 1733 3421 1798 ἆγιοι
3464 1733 3799 1803 ὀφθήσονται

533 1815 631 1867 soli
659 1815 832 1869 sancti
858 1817 1196 1886 apparebunt
1220 1828 1345 1873 ante
1377 1819 1569 1874 faciem
1602 1819 1725 1883 Dei,
1757 1820 1849 1888 qui
1891 1821 2036 1876 illam
2071 1838 2099 1875 a

532 1907 908 1974 peccatoribus
950 1911 1167 1964 avertit.
1211 1911 1305 1966 Vel
1334 1927 1455 1966 cum
1481 1914 1622 1968 Deus
1655 1914 2098 1981 providentialem

531 2013 684 2052 suam
715 2000 968 2054 virtutem
1011 2016 1039 2054 a
1082 2004 1282 2072 populo
1309 2006 1614 2067 avertisset,
1643 2007 1806 2059 vitam
1840 2007 1977 2061 hanc
2009 2008 2101 2062 de-

529 2090 854 2160 plorabant;
888 2092 996 2147 Deo
1032 2105 1210 2149 autem
1258 2095 1510 2151 volebant
1537 2098 1782 2151 obviare.
1832 2097 2096 2152 Cazterum

527 2183 632 2237 hoc
650 2183 921 2249 dicebant,
949 2199 1070 2240 cum
1114 2186 1182 2241 ab
1223 2188 1370 2242 omni
1403 2188 1610 2242 macula
1655 2189 1856 2258 expiati
1906 2201 2095 2254 erant;

527 2277 616 2342 qui
653 2276 798 2330 enim
829 2290 1223 2346 conspurcalus
1251 2289 1354 2346 est,
1393 2281 1437 2334 is
1463 2280 1599 2334 dicit
1622 2281 1669 2314 ⁸⁸
1699 2298 1714 2334 :
1749 2298 1767 2331 ι
1797 2282 1996 2336 Averte
2019 2280 2099 2334 l‘a-

525 2367 665 2421 ciem
702 2381 844 2422 tuam
874 2385 903 2423 a
938 2372 1176 2440 peccatis
1204 2373 1360 2426 meis.
1401 2392 1420 2426 ι

596 2463 871 2533 Ejusdem.
923 2464 980 2519 Si
1025 2465 1219 2520 faciem
1266 2466 1360 2520 Dei
1405 2467 1578 2536 angeli
1625 2467 1811 2521 vident
1859 2482 2092 2536 semper,

525 2555 750 2624 angelus
776 2557 967 2625 utique
995 2557 1332 2627 concupiscit
1365 2557 1482 2612 ﬁeri
1513 2559 1676 2611 David
1705 2567 1760 2612 et
1795 2558 1976 2612 videre
2014 2557 2097 2611 f4-

524 2648 662 2702 ciem
689 2646 808 2703 Dei.

597 2827 766 2884 Vsus.
807 2829 862 2884 4.
899 2827 1136 2884 Fuerunt
1175 2831 1305 2884 mihi
1353 2830 1601 2902 lacryma'
1631 2847 1780 2896 metr,
1810 2840 1918 2886 etc.
1945 2830 2091 2898 Quo-

521 2936 643 2974 rum
696 2921 950 2992 lacrymae
996 2937 1164 2992 panes
1207 2934 1359 2990 sunt,
1413 2924 1557 2978 beati
1590 2925 1680 2992 qui
1735 2922 1867 2979 ﬂent
1909 2926 2090 2979 modo.

520 3010 755 3068 Perfecti
787 3013 886 3066 viri
917 3023 1001 3068 est
1030 3017 1130 3069 hoc
1158 3028 1312 3083 posse
1333 3015 1512 3070 dicere
1537 3031 1550 3066 :
1576 3017 1834 3084 quoniam
1860 3016 1951 3085 qui
1985 3016 2090 3070 im-

517 3106 797 3176 perfectus
840 3114 946 3169 est,
992 3107 1038 3160 is
1080 3106 1150 3160 ob
1197 3115 1453 3159 externas
1496 3120 1582 3161 res
1624 3109 2003 3174 conturbatur,
2039 3116 2094 3164 et

519 3196 756 3248 animam
791 3207 949 3250 extra
979 3210 1037 3249 sc
1061 3195 1242 3261 habet,
1274 3195 1534 3250 deformis
1559 3206 1615 3251 et
1641 3199 2000 3266 reprehensus
2023 3199 2092 3253 ab

493 3289 800 3352 omnibus,
837 3288 962 3342 dum
988 3287 1171 3342 verbis
1203 3286 1438 3340 animam
1470 3288 1724 3342 denudat.
1762 3289 1810 3343 ls
1832 3304 1962 3344 vero
1999 3291 2090 3360 qui

521 3386 745 3433 sanctus
777 3387 882 3442 est,
914 3393 944 3430 a
965 3378 1125 3433 rebus
1141 3377 1507 3433 exterioribus
1529 3379 1766 3433 animum
1796 3396 1949 3434 sumn
1981 3382 2092 3437 col-

525 3470 666 3538 ligit.
700 3468 801 3536 Qui
837 3480 1020 3524 autem
1069 3484 1135 3524 ex
1177 3468 1374 3524 alIectu
1415 3469 1777 3542 lacrymatur,
1820 3472 2091 3543 lacrymas

517 3578 648 3617 suas
687 3565 858 3618 instar
879 3564 1037 3632 panis
1073 3563 1452 3632 manducabit;
1486 3579 1591 3618 non
1621 3564 1795 3619 solum
1828 3565 1878 3618 in
1931 3568 2090 3622 rebus

518 3655 815 3724 prosperis,
862 3669 997 3724 quas
1031 3655 1174 3710 diem
1224 3662 1405 3721 vocat,
1463 3655 1560 3710 sed
1604 3656 1769 3711 etiam
1821 3659 2085 3723 adversis,

516 3763 651 3816 quas
677 3759 888 3802 noctem
923 3748 1186 3801 nominat.

589 3838 750 3910 704
791 3840 1062 3908 Ejusdem.
1095 3837 1240 3894 Nihil
1269 3840 1489 3908 perinde
1533 3841 1702 3895 nutrit
1733 3856 1796 3896 ac
1840 3841 2088 3911 planctus

516 3930 609 3986 ille
639 3933 732 3999 qui
765 3935 938 3986 nutrit
967 3933 1230 3988 animam.
1264 3932 1416 3988 Beati
1442 3934 1532 4004 qui
1577 3934 1710 3988 llent
1735 3936 1916 4000 modo,
1952 3951 2088 4006 quo-

515 4023 659 4076 niam
689 4022 959 4077 ridebunt.

591 4113 727 4166 Dum
753 4114 950 4167 dicitur
991 4115 1117 4168 mihi
1153 4114 1432 4184 quotidie:
1463 4112 1566 4167 Ubi
1615 4125 1688 4168 est
1732 4113 1870 4168 Deus
1910 4126 2030 4168 tuus
2061 4117 2087 4168 ?

514 4217 622 4262 etc.
671 4205 847 4271 Deus,
885 4218 1153 4274 quatenus
1198 4208 1378 4277 opifex
1403 4247 1417 4272 ,
1457 4217 1540 4262 est
1571 4209 1623 4262 in
1675 4210 1926 4265 omnibus
1964 4225 2084 4279 qua:

512 4299 658 4355 facta
688 4309 848 4364 sunt;
881 4309 1148 4367 quatenus
1185 4302 1359 4355 virtus
1381 4310 1436 4355 et
1464 4303 1726 4372 sapientia
1758 4341 1776 4366 ,
1818 4303 1872 4355 in
1907 4304 2083 4356 omni-

2201 1819 2280 1889 τῷ
2300 1819 2575 1891 προσώπῳ
2596 1821 2687 1873 τοῦ
2705 1820 2860 1884 Θεοῦ,
2890 1823 3289 1892 ἀποτρέποντος
3309 1825 3449 1877 αὐτὸ
3481 1827 3604 1878 ἀπὸ
3639 1827 3785 1897 ἁμαρ

2200 1912 2404 1966 τωλῶν.
2426 1911 2491 1965 Ἦ
2522 1915 2596 1977 ὡς
2613 1914 3048 1986 ἀποστρέψαντος
3080 1915 3171 1968 τοῦ
3188 1917 3324 1969 Θεοῦ
3352 1919 3459 1989 τὴν

2200 2003 2364 2056 αὑτοῦ
2380 2005 2604 2075 δύναμιν
2631 2006 2738 2058 ἀπὸ
2767 2006 2861 2058 τοῦ
2884 2007 3036 2069 λαοῦ,
3065 2008 3411 2080 ἀπεθρήνουν
3429 2011 3537 2082 τὴν
3573 2013 3799 2065 ἐνταῦθα

2200 2096 2364 2166 ζωήν·
2400 2098 2535 2168 πρὸς
2564 2098 2724 2151 αὑτὸν
2755 2098 2812 2150 δὲ
2847 2102 3116 2170 καταντᾷν
3150 2101 3451 2170 ἠϐούλοντο
3486 2103 3586 2154 τὸν
3654 2105 3800 2157 Θεὸν.

2199 2186 2370 2239 Τοῦτο
2410 2187 2468 2239 δὲ
2494 2187 2676 2256 ἔλεγον
2699 2189 2896 2252 παντὸς
2930 2191 3123 2261 μώμου
3155 2193 3607 2262 κεκαθαρμένοι·
3645 2198 3674 2247 ὁ
3699 2197 3798 2267 γὰρ

2197 2279 2584 2351 έσπιλωμένος,
2609 2301 2628 2332 ι
2670 2284 3056 2354 Ἀπόστρεψον,
3088 2284 3240 2356 φησι,
3268 2287 3332 2338 τὸ
3363 2289 3682 2358 πρόσωπόν
3715 2307 3796 2342 σου

2196 2372 2306 2424 ἀπὸ
2333 2372 2440 2424 τῶν
2472 2373 2756 2444 ἁμαρτιῶν
2796 2391 2917 2445 μου.
2948 2398 2966 2428 ›
3006 2411 3015 2420 -

2273 2464 2381 2518 Τοῦ
2439 2465 2644 2519 αὐτοῦ.
2693 2467 2756 2519 Ei
2815 2467 2875 2519 τὸ
2930 2467 3217 2538 πρόσωπον
3260 2469 3371 2540 (90)
3409 2471 3510 2522 τοῦ
3571 2471 3710 2524 Θεοῦ
3751 2474 3793 2526 oi

2195 2555 2414 2626 ἄγγελοι
2457 2557 2713 2628 βλέπουσι
2766 2558 2853 2612 διὰ
2887 2562 3101 2624 παντὸς,
3142 2562 3370 2629 ἄγγελος
3430 2563 3551 2634 ἄρα
3610 2565 3790 2617 imbu-

2197 2655 2290 2723 μεϊ
2322 2653 2570 2722 γενέσθαι
2614 2656 2643 2706 6
2690 2653 2850 2708 Δαυῖδ
2893 2656 2987 2707 καὶ
3017 2654 3234 2726 βλέπειν
3264 2655 3327 2707 τὸ
3361 2656 3676 2725 πρόσωπον
3706 2657 3791 2710 τοῦ

2193 2743 2346 2799 Θεοῦ.

2276 2839 2554 2909 Ἐγενήθη
2594 2840 2666 2894 τὰ
2706 2840 2937 2909 δάκρυά
2959 2859 3078 2910 μου
3117 2841 3266 2910 ἐμοὶ,
3304 2861 3359 2896 κ.
3386 2861 3441 2897 τ.
3476 2846 3527 2898 ἑ.
3578 2839 3687 2899 τΩν
3730 2847 3789 2898 τὰ

2191 2929 2401 3004 δάκρυα
2444 2932 2552 3002 (9'!)
2585 2933 2766 3002 ἄρτος,
2805 2933 3062 3004 μακάριοι
3113 2936 3163 2986 οἱ
3204 2935 3492 3000 κλαίοντες
3534 2937 3660 2991 νῦν.
3691 2940 3784 2991 Τε-

2192 3024 2337 3078 λείου
2388 3025 2503 3078 ἐστὶ
2531 3025 2592 3078 τὸ
2635 3025 2890 3080 δύνασθαι
2922 3025 3081 3081 τοῦτο
3125 3028 3320 3096 λέγειν·
3357 3031 3488 3082 ἐπεὶ
3526 3033 3557 3084 6
3588 3031 3782 3101 ἀτελὴς

2192 3117 2520 3190 ταράσσεται
2551 3119 2658 3172 ὑπὸ
2683 3118 2792 3171 τῶν
2825 3118 3040 3183 ἔξωθεν,
3070 3122 3160 3172 καὶ
3191 3119 3294 3184 ἔξω
3325 3123 3424 3193 τὴν
3448 3123 3658 3176 ἑαυτοῦ
3691 3125 3780 3193 ψυ-

2193 3210 2292 3282 χὴν
2331 3210 2461 3281 ἔχει,
2493 3213 2757 3284 ἀσχήμων
2786 3213 2880 3266 καὶ
2912 3213 3264 3285 ἐλεγχόμενος
3299 3215 3454 3286 παρὰ
3490 3219 3657 3281 πᾶσι,
3698 3217 3779 3270 διὰ

2192 3303 2298 3357 τῶν
2320 3302 2493 3371 λόγων
2521 3305 2850 3374 ἀπογυμνῶν
2877 3306 2976 3376 τὴν
2998 3307 3198 3378 ψυχήν.
3249 3308 3305 3361 Ὀ
3335 3309 3394 3362 δὲ
3426 3308 3592 3378 ἅγιος
3629 3311 3777 3365 συνά-

2191 3411 2277 3463 γει
2298 3395 2406 3448 ἀπὸ
2420 3394 2527 3448 τῶν
2553 3397 2688 3468 πρὸς
2715 3396 2785 3450 τὰ
2803 3397 2908 3464 ἔξω
2930 3397 3025 3469 τὴν
3047 3399 3222 3470 ψυχὴν
3245 3400 3465 3454 ἑαυτοῦ.
3509 3403 3570 3454 Ὀ
3589 3403 3654 3456 δὲ
3677 3402 3777 3455 ἀπὸ

2189 3485 2479 3550 διαθέσεως
2520 3487 2768 3558 δακρύων
2807 3489 2878 3542 τὰ
2923 3489 3134 3561 δάκρυα
3182 3490 3346 3543 αὐτοῦ
3391 3493 3567 3563 ἄρτου
3621 3493 3774 3563 δίκην

2188 3577 2544 3646 τραφήσεται·
2573 3579 2670 3630 οὐκ
2712 3580 2770 3632 ὲν
2812 3582 2926 3643 τοῖς
2962 3581 3226 3644 ἀνετικοῖς
3257 3582 3442 3651 μόνον,
3488 3583 3529 3636 ἃ.
3563 3585 3773 3655 ἡμέραν

2189 3666 2360 3729 καλεῖ,
2391 3667 2524 3720 ἀλλὰ
2571 3671 2665 3722 καὶ
2707 3672 2764 3723 ὲν
2786 3675 2898 3734 τοῖς
2925 3676 3344 3744 πριστατικοῐς,
3379 3673 3420 3728 ἃ.
3447 3675 3625 3730 νύκτα
3656 3680 3771 3732 ὀνο-

2191 3760 2371 3830 μάζει.
2450 3778 2455 3782 ’

2265 3853 2374 3906 Τοῦ
2401 3855 2604 3909 αὐτοῦ.
2647 3857 3066 3928 Τροφιμὼτατός
3105 3861 3220 3912 ἐστι
3257 3861 3365 3929 (9‘2)
3412 3862 3699 3933 κλαυθμὸς
3737 3867 3764 3916 6

2184 3947 2398 4018 τρέφων
2429 3947 2524 4019 τὴν
2555 3949 2751 4021 ψυχήν.
2785 3952 3061 4022 Μακάριοι
3104 3955 3153 4005 oi
3205 3955 3486 4020 κλαίοντες
3520 3957 3638 4022 νῦν,
3685 3960 3760 4012 ὅτι

2185 4037 2521 4105 γελάσονται.

2267 4133 2361 4183 Ἐν
2411 4131 2492 4197 τῷ
2541 4134 2825 4202 λέγεσθαί
2865 4154 2969 4204 μοι
3022 4139 3151 4193 καθ’
3189 4139 3458 4207 ἑκάστην
3510 4146 3754 4215 ἡμέραν

2181 4224 2306 4276 Ποῦ
2335 4224 2507 4278 ἐστιν
2538 4229 2570 4278 ὁ
2604 4227 2746 4291 Θεός
2778 4243 2916 4299 σου;
2950 4246 3003 4282 κ.
3056 4249 3104 4285 τ.
3148 4234 3193 4284 ὲ.
3250 4234 3308 4285 Ὀ
3341 4233 3478 4298 Θεὸς
3522 4237 3627 4307 μὲν
3655 4239 3754 4309 (95)

2182 4315 2257 4379 ὡς
2294 4317 2618 4390 δημιουργός
2651 4319 2799 4374 ἐστιν
2842 4324 2900 4376 ἐν
2933 4326 3067 4378 πᾶσι
3095 4329 3207 4390 τοῖς
3243 4328 3552 4396 γεγονόσιν
3587 4331 3664 4395 ὡς

513 4393 620 4448 bus
651 4391 859 4447 sanctis
903 4392 1282 4461 potestatibus.
1327 4393 1382 4448 Si
1421 4408 1550 4448 vero
1582 4395 1744 4448 etiam
1785 4396 2079 4449 secundum

2197 4409 2352 4480 ἰρετὴ
2385 4411 2476 4464 καὶ
2518 4413 2678 4481 σοφία
2728 4417 2786 4468 ὲν
2827 4417 3030 4479 πάσαις
3065 4421 3184 4481 ταῖς
3217 4391 3396 4488 ἁγίαις
3439 4391 3747 4495 δυνάμεσιν·

489 4517 495 4523 ι
528 4494 852 4556 potestatem
889 4484 1186 4553 accipiatur
1213 4485 1385 4540 virtus
1413 4495 1470 4541 et
1495 4487 1784 4555 sapientia,
1807 4497 1892 4541 est
1917 4488 2080 4542 etiam

518 4575 574 4629 in
610 4576 939 4630 adversariis
983 4575 1379 4645 potestatibus;
1421 4578 1464 4632 si
1505 4593 1636 4634 vero
1672 4578 1942 4632 interdum
1974 4579 2081 4633 vir-

522 4675 661 4731 tute,
687 4666 960 4728 interdum
997 4675 1177 4721 autem
1213 4666 1474 4732 ellicacia,
1503 4670 1664 4724 etiam
1692 4669 1746 4724 in
1774 4671 2080 4725 hominibus

510 4767 596 4812 est
630 4759 811 4813 Deus:
842 4757 1158 4828 angelorum
1198 4770 1283 4813 est
1328 4759 1474 4814 enim
1524 4775 1739 4830 semper
1782 4763 2077 4816 secundum

510 4848 680 4902 Deum
709 4851 959 4920 operari;
995 4851 1323 4915 daemonum,
1353 4863 1656 4920 nunquam;
1692 4852 1967 4906 hominum
1991 4853 2077 4906 in-

511 4943 724 4997 terdum
748 4953 914 5009 recte,
943 4943 1212 4998 interdum
1244 4958 1348 4998 non
1374 4951 1521 4998 recte
1551 4944 1791 5012 operari.
1834 4943 2075 4999 Dicenti-

509 5036 614 5090 bus
655 5046 896 5101 autenm
918 5034 1016 5090 Ubi
1053 5045 1141 5089 est
1183 5034 1368 5090 Deus?
1397 5053 1417 5087 ι
1445 5033 1648 5103 optime
1690 5035 1814 5103 quis
1847 5051 2074 5106 respon-

510 5128 653 5183 derit
683 5130 953 5197 :Ubique,
979 5139 1340 5199 praeterquam
1369 5127 1421 5182 in
1465 5137 1646 5182 vestra
1676 5126 1875 5179 anima.

571 5222 732 5276 Vsus.
748 5220 802 5275 5.
828 5219 1089 5286 Quoniam
1107 5219 1339 5275 transibo
1355 5220 1591 5289 intocum
1605 5216 1949 5284 tabernaculi,
1963 5230 2069 5274 etc.

537 5355 587 5388 ⁸⁸
619 5355 772 5410 Joan.
801 5372 894 5418 vn,
928 5359 1014 5410 37.
1091 5359 1140 5392 3‘
1159 5357 1304 5415 Psal.
1339 5377 1389 5424 L,
1420 5360 1507 5414 Η.

577 5473 690 5543 (89)
719 5478 873 5543 Πρὸς
891 5477 1000 5531 τὸν·
1032 5480 1198 5539 Θεόν.
1223 5488 1331 5535 etc.
1362 5479 1566 5535 Catena
1593 5478 1865 5535 Corderii.

577 5547 689 5616 (till)
713 5547 783 5616 ge
811 5549 876 5598 τό
911 5551 1252 5616 πρόσωπον,
1273 5562 1377 5606 etc.
1407 5552 1630 5607 Schedze
1651 5548 1862 5608 Grabii.

575 5609 690 5685 (9i)
721 5609 828 5670 Ὧν
860 5618 931 5671 τὰ
949 5609 1202 5689 δάκρυα,
1231 5609 1333 5678 etc.
1362 5623 1561 5680 Catena
1586 5620 1850 5690 Curderii.

2184 4499 2231 4550 εἰ
2257 4499 2312 4552 δὲ
2341 4501 2433 4553 καὶ
2459 4502 2597 4555 κατὰ
2617 4504 2842 4576 δύναμιν
2868 4506 3195 4578 λαμϐάνοιτο
3219 4513 3250 4581 ή
3285 4512 3457 4583 ἀρετὴ
3488 4516 3586 4567 καὶ
3613 4517 3647 4586 ή
3681 4531 3748 4567 σο-

2179 4590 2296 4661 φία,
2337 4593 2428 4645 καὶ
2463 4596 2520 4646 ὲν
2560 4600 2678 4660 ταῖς
2712 4600 3112 4671 ἀντικειμέναις
3151 4603 3466 4672 δυνάμεσιν·
3514 4610 3564 4660 εί
3587 4608 3644 4661 δὲ
3681 4607 3744 4676 τὴ

2181 4682 2280 4752 μὲν
2307 4684 2552 4755 δυνάμει,
2576 4689 2650 4760 πὴ
2681 4690 2738 4742 δὲ
2759 4694 3028 4764 ἐνεργείᾳ,
3058 4697 3151 4748 καὶ
3176 4700 3233 4748 έν
3266 4697 3585 4769 ἀνθρώποις
3613 4703 3743 4755 ἐστὶν

2175 4773 2204 4824 6
2236 4773 2390 4838 Θεός·
2411 4777 2472 4828 τὸ
2503 4777 2612 4850 γάρ
2637 4781 2722 4832 ἀεὶ
2752 4783 2994 4853 ἐνεργεῖν
3016 4788 3152 4841 κατά
3177 4787 3308 4842 Θεὸν
3340 4791 3593 4859 ἀγγέλων
3615 4795 3738 4846 ἐστί·

2173 4861 2235 4950 τὸ
2260 4863 2317 4916 δὲ
2350 4866 2615 4936 μηδέποτε
2637 4871 2922 4942 δαιμόνων·
2950 4877 3014 4929 τὸ
3035 4882 3090 4935 δὲ
3115 4880 3244 4931 ποτὲ
3273 4880 3373 4950 μὲν
3392 4882 3596 4948 καλῶς,
3623 4886 3740 4938 ποτὲ

2171 4949 2228 5003 δὲ
2256 4954 2355 5007 οὐκ
2385 4956 2577 5026 ὀρθῶς,
2611 4961 2910 5034 ἀνθρώπων
2997 4968 3129 5023 στίν.
3177 4949 3431 5039 Εὺλόγως
3469 4974 3531 5027 δέ
3557 4993 3642 5039 τις
3680 4975 3739 5027 ἂν

2171 5042 2522 5135 ἀποκρίναιτο
2547 5051 2628 5109 τὸ,
2674 5073 2692 5104 ι
2731 5055 2840 5108 Ποῦ
2865 5057 3014 5113 ἐστιν
3037 5060 3064 5111 ὁ
3095 5059 3254 5127 Θεός;
3283 5076 3304 5110 ι
3329 5060 3437 5132 ὅτι,
3460 5064 3736 5135 Πανταχοῦ

2180 5133 2316 5206 πλὴν
2339 5138 2434 5208 τῆς
2457 5140 2725 5216 ὑμετέρας
2749 5147 2943 5218 ψυχῆς.

2251 5228 2368 5281 ’Ότι
2397 5231 2773 5304 διελεύσομαι
2811 5239 2880 5290 ἐν
2931 5242 3090 5305 τόπῳ
3123 5241 3381 5313 σκηνῆς,
3407 5263 3462 5300 κ.
3499 5264 3552 5301 τ.
3584 5248 3634 5301 ὲ.
3675 5246 3734 5299 Ἦ

2255 5484 2366 5556 (92)
2401 5486 2835 5556 Τροφιμὼτατός
2851 5489 3003 5554 ἐστι,
3027 5500 3135 5544 etc.
3163 5489 3386 5549 Scheda:
3403 5492 3612 5552 Gabii-

2241 5556 2353 5626 (93)
2396 5557 2450 5608 Ὁ
2477 5558 2618 5622 Θεὸς
2636 5557 2771 5626 μέν,
2804 5571 2910 5614 etc.
2953 5561 3174 5617 Eadem.
