3970 6160
319 253 458 315 Ill”

1305 248 1618 311 SELECTA
1656 249 1723 309 IN
1759 243 2096 306 PSALMOS.
2139 277 2207 287 —-
2234 243 2428 305 PSAL.
2470 245 2606 304 XLI.

3445 245 3584 302 ιιιδ

319 371 422 446 μὲν
446 372 588 427 κατὰ
633 371 840 426 Μωσέα
888 369 998 442 (94)
1041 371 1098 422 ὲν
1139 370 1331 442 Ἑξόδῳ
1380 370 1552 442 σκηνὴ
1597 368 1787 434 τύπος,
1829 360 1910 421 οῖ-

2026 347 2283 420 Existirrio
2345 364 2749 421 tabernaculum
2812 360 3010 432 Moysis
3068 361 3120 415 in
3178 360 3364 416 Exodo
3423 361 3586 431 hujus

322 483 444 536 μαι,
485 465 688 535 ταύτης
719 460 806 535 ἦν·
850 465 879 516 6
916 463 1059 517 κατὰ
1092 463 1414 533 Σολομῶντα
1441 464 1568 527 ναὸς
1595 462 1764 526 τύπος
1805 461 1900 515 τοῦ

319 557 572 628 ἀληθινοῦ
601 557 751 610 οἴκου
781 555 874 609 τοῦ
901 555 1058 609 Θεοῦ.
1092 557 1234 620 Ὅτι,
1265 556 1451 627 φησιν,
1484 556 1563 608 ἔτι
1588 555 1900 628 προκόπτω,

319 652 413 707 καὶ
445 649 598 704 οῦπω
620 649 824 712 τέλειός
859 650 994 719 είμι.
1026 647 1302 718 Σύμϐολον
1335 647 1391 700 δὲ
1411 647 1510 718 τῆς
1545 646 1826 718 προκοπῆς
1869 648 1902 715 ἡ

321 741 519 811 σκηνὴ,
543 737 876 808 θαυμαστῶς
899 737 1054 809 φέρει
1072 738 1163 790 ἐπὶ
1185 738 1275 790 τὸν
1289 732 1435 790 οἷκον
1455 737 1615 790 αὐτοῦ
1636 736 1729 790 τοῦ
1746 734 1902 798 Θεοῦ,

317 833 569 887 τουτέστι
614 831 711 902 τὴν
759 830 1094 899 τελειότητα,
1140 829 1262 882 καθ’
1308 831 1374 900 ἣν
1421 831 1559 882 οἰκεῖ
1590 829 1689 900 μὲν
1721 827 1850 881 ἔνθα
1876 830 1904 880 ὁ

317 925 471 989 Θεός.
517 924 581 976 Οἱ
608 923 664 976 δὲ
687 921 1076 994 πνευματικῶς
1101 921 1448 994 ἑορτάζοντες
1488 921 1710 992 ἠχοῦσιν
1733 919 1902 988 ἀγαλ-

317 1014 577 1087 λιώμενοι
598 1016 693 1070 καὶ
728 1015 1229 1085 ἐξομολογούμενοι.
1261 1015 1328 1067 Ἢ
1358 1013 1516 1066 τοῦτό
1541 1030 1692 1083 φησι·
1732 1014 1907 1082 Παρε-

325 1106 606 1178 μυθούμην
653 1104 746 1158 ἐπὶ
775 1103 1052 1168 τοιαύταις
1097 1105 1332 1175 ἐμαυτὸν
1369 1104 1599 1170 ἐλπίσιν,
1635 1123 1654 1155 ι
1683 1105 1803 1157 Ἵνα
1831 1103 1904 1168 τί,

323 1197 521 1267 λέγων,
557 1198 854 1270 περίλυπος
887 1195 958 1263 εἴ,
986 1201 1017 1270 ὴ
1041 1198 1186 1270 ψυχή
1223 1215 1357 1268 μου;
1387 1218 1404 1248 ι
1430 1197 1780 1270 Προσεδόκων
1799 1197 1908 1267 γὰρ

323 1293 400 1356 ὡς
450 1291 748 1357 διαδέξεταί
782 1310 848 1365 με
881 1293 943 1347 τὸ
996 1294 1266 1365 μακάριον
1306 1293 1480 1357 τέλος,
1536 1293 1570 1363 ἡ
1620 1292 1909 1362 θαυμαστὴ

324 1385 499 1457 σκηνὴ
536 1385 628 1440 τοῦ
662 1386 819 1451 Θεοῦ,
855 1387 951 1441 καὶ
983 1389 1011 1440 6
1043 1387 1310 1440 ἐνδοτάτω
1341 1381 1488 1450 οἶκος
1517 1385 1704 1449 αὑτοῦ,
1735 1387 1814 1447 είς
1852 1385 1910 1438 ὃν

321 1475 374 1527 οἱ
403 1474 547 1543 ἆγιοι
570 1474 674 1527 ὑπὸ
694 1475 999 1545 άγγελικῶν
1033 1476 1314 1546 δυνάμεων
1338 1475 1619 1546 αίρόμενοι
1651 1475 1912 1546 είσαχθή-

2007 463 2189 525 typum
2237 454 2443 521 fuisse;
2499 455 2758 524 templum
2803 468 2932 508 vero
2986 452 3296 508 Salomonis
3357 451 3586 523 ﬁguram

2009 545 2177 602 fuisse
2199 563 2340 602 verae
2363 549 2553 603 domus
2571 547 2685 602 Dei.
2711 546 3004 613 Quoniam,
3031 545 3226 614 inquit,
3256 545 3430 600 adhuc
3458 560 3585 614 pro-

2009 641 2151 704 ﬁcio,
2178 651 2233 696 et
2257 641 2492 695 nondum
2513 641 2786 708 perfectus
2817 647 2954 695 Sum.
2975 637 3108 693 Cum
3129 647 3308 692 autem
3331 638 3583 692 taberna-

2008 732 2186 785 culum
2205 743 2346 787 esset
2360 732 2660 803 symbolum
2679 731 2979 802 profectus,
2997 729 3391 784 admirabiliter
3413 731 3584 786 tendit

2014 825 2080 876 ad
2127 826 2348 880 domum
2403 825 2520 887 Dei,
2554 826 2604 878 id
2649 834 2732 879 est
2763 824 3151 894 perfectionem
3173 865 3189 890 ,
3223 824 3275 877 in
3310 840 3412 892 qua
3449 824 3588 878 Deus

2011 915 2230 971 habitat
2269 932 2332 971 ac
2376 928 2770 972 commoratur.
2815 918 2986 973 Porro
3028 917 3121 986 qui
3158 916 3475 986 spiritaliter
3505 918 3587 971 l'e-

2017 1021 2164 1064 stum
2203 1008 2506 1074 celebrant,
2533 1009 2901 1065 vociferantur
2942 1009 3284 1066 exsultantes
3327 1019 3383 1080 et
3414 1009 3590 1065 conli-

2013 1111 2208 1158 tentes.
2247 1101 2342 1158 Vel
2371 1103 2475 1159 hoc
2497 1103 2612 1158 ait:
2645 1098 3023 1174 Memetipsum
3045 1103 3350 1166 istiusmodi
3390 1103 3591 1174 spebus

2011 1193 2354 1258 consolabar,
2383 1195 2570 1250 dicens
2594 1211 2610 1248 :
2635 1213 2654 1246 ι
2679 1193 2860 1261 Quare
2887 1195 3059 1250 tristis
3081 1209 3160 1261 es,
3183 1194 3362 1249 anima
3392 1195 3545 1251 mea?
3568 1215 3588 1246 ο

2013 1285 2333 1355 Exspcctavi
2354 1287 2497 1341 enim
2522 1295 2579 1341 ut
2596 1301 2682 1340 me
2716 1286 2954 1356 excipiat
2973 1287 3163 1343 beatus
3187 1287 3335 1354 ﬁnis,
3360 1288 3596 1343 admira-

2014 1376 2123 1431 bile
2179 1377 2590 1432 tabernaculum
2627 1378 2745 1444 Dei,
2774 1387 2831 1434 et
2867 1379 3094 1435 interior
3121 1380 3315 1436 domus
3331 1379 3478 1450 eius,
3537 1383 3591 1437 in

2014 1484 2180 1539 quam
2215 1470 2391 1525 sancti
2422 1469 2491 1525 ab
2521 1471 2782 1541 angelicis
2805 1471 3096 1528 virtutibus
3121 1472 3317 1528 elevati
3349 1473 3595 1530 introdu—

327 1582 528 1620 σονται.
553 1567 615 1620 Ei
637 1567 693 1619 δὲ
730 1587 748 1617 ι
779 1569 920 1640 χαρὰ
952 1567 1159 1638 γίνεται
1200 1570 1256 1620 εν
1282 1570 1394 1632 τοῖς
1422 1568 1673 1639 οὐρανοῖς
1712 1568 1805 1621 ἐπὶ
1829 1567 1912 1621 ἑνὶ

2026 1571 2240 1616 centur.
2279 1559 2434 1628 Quod
2467 1563 2514 1617 si
2543 1577 2677 1618 vero
2712 1582 2731 1615 ι
2760 1564 3016 1634 gaudium
3068 1564 3142 1619 sit
3190 1565 3246 1620 in
3273 1565 3411 1622 ctelo
3432 1581 3596 1636 super

325 1654 634 1728 ἀμαρτωλῷ
679 1657 1046 1727 μετανοοῦντι,
1090 1677 1108 1709 ι
1153 1657 1268 1722 πῶς
1305 1659 1405 1712 οὐκ
1450 1658 1698 1722 εἰκότως,
1732 1657 1912 1729 ψυχῆς

2026 1668 2127 1707 uno
2144 1665 2430 1722 peccatore
2452 1655 2830 1722 pcenitentiam
2855 1665 3050 1724 agente
3067 1654 3135 1726 ⁸⁷;
3157 1677 3177 1710 ι
3209 1673 3309 1714 cur
3340 1673 3449 1714 non
3481 1674 3597 1714 me-

330 1705 471 1816 ᾗὲξᾶ
493 1705 1266 1816 mss;gesta;
1282 1705 1584 1820 54.95;.
1613 1705 1908 1820 εἷςξαξοξέέῖ

2026 1743 2142 1811 rito,
2168 1744 2295 1800 dum
2321 1753 2444 1814 post
2477 1745 2680 1800 luctam
2710 1747 2892 1802 anima
2931 1747 2986 1802 in
3013 1705 3200 1802 sancta
3230 1747 3320 1803 illa
3351 1747 3595 1804 ccelestia

325 1851 444 1906 νης,
479 1834 660 1907 φωνὴν
693 1833 938 1907 εὔφημον
961 1837 1210 1905 γίνεσθαι
1243 1837 1480 1908 πλήθους
1513 1837 1912 1910 πανηγυριζόν-

2034 1835 2392 1901 ntroducitur,
2412 1852 2515 1892 vox
2538 1836 2631 1890 liat
2655 1836 2978 1894 exsultantis
3002 1847 3057 1896 et
3077 1839 3273 1896 festum
3303 1841 3592 1895 celebran-

325 1942 434 1983 των
460 1929 551 1982 ἐπὶ
576 1931 643 2001 τῇ
671 1927 764 1982 τοῦ
797 1929 1106 2001 σωζομένου
1141 1930 1412 2002 σωτηρίᾳ;
1455 1931 1542 1994 Ὦς
1566 1930 1653 1984 ἐπ’
1687 1931 1912 2003 ἀληθέσι

2026 1929 2084 1982 lis
2113 1927 2498 1992 multitudinis,
2521 1939 2742 2000 propter
2771 1931 3003 1988 salutem
3029 1931 3150 2000 ejus
3184 1932 3278 2002 qui
3319 1932 3596 1988 Salvatur?

325 2021 382 2076 δὲ
397 2021 605 2088 τούτοις
629 2024 958 2097 εὐχαριστεῖ.
999 2043 1018 2076 ι
1054 2025 1170 2078 Ἵνα
1203 2023 1256 2078 τί
1290 2024 1622 2097 περίλυπος;
1660 2043 1679 2076 ι
1713 2021 1813 2078 καὶ
1844 2023 1914 2078 τά

2026 2020 2118 2074 Pro
2147 2020 2230 2075 bis
2261 2020 2445 2090 igitur,
2467 2032 2525 2076 ut
2557 2023 2702 2078 veris
2733 2023 2912 2089 bouis,
2946 2025 3153 2094 gratias
3183 2025 3316 2094 agit.
3351 2043 3370 2078 ι
3413 2025 3597 2094 Quare

328 2111 477 2185 ἑξῆς.
499 2112 874 2187 Δυπουμένοις
910 2111 1003 2169 οῦν
1028 2115 1238 2180 ἑαυτοῖς
1275 2115 1450 2181 οὕτως
1491 2115 1915 2187 ὲπιπλήττωμεν

327 2205 426 2260 καὶ
472 2205 1014 2279 συνταρασσομένοις.
1051 2209 1182 2261 Ὅτε
1221 2209 1487 2279 σωτήριον
1521 2210 1549 2262 6
1588 2207 1723 2272 Θεὸς
1757 2206 1915 2278 ἡμῶν

327 2295 423 2350 τοῦ
453 2296 744 2368 προσώπου
767 2297 923 2370 ἡμῶν
953 2299 1120 2362 ἐστιν,
1159 2317 1178 2350 ι
1214 2298 1722 2370 ἀνακεκαλυμμένῳ
1750 2315 1920 2370 προσ-

332 2389 466 2461 ώπῳ
503 2389 600 2461 τὴν
631 2390 791 2457 δόξαν
815 2390 1024 2461 Κυρίου
1073 2391 1583 2464 κατοπτριζόμενοι,
1615 2391 1713 2465 τὴν
1746 2393 1918 2465 αὐτὴν

334 2481 516 2535 εἰκόνα
547 2482 1066 2554 μεταμορφούμεθα.
1111 2502 1130 2535 ›

401 2576 505 2630 Διὰ
530 2577 706 2632 τοῦτο
736 2577 1164 2646 μνησθήσομαι
1192 2592 1307 2633 σου
1331 2577 1402 2632 ἐκ
1432 2577 1547 2647 τῆς
1602 2573 1916 2646 Ἰορδάνου,

334 2667 433 2722 καὶ
459 2667 794 2736 Ἐρμωνιεὶμ
822 2666 938 2720 ἀπὸ
958 2667 1133 2736 ὄρους
1143 2669 1383 2738 μικροῦ,
1406 2687 1460 2723 κ.
1481 2687 1532 2722 τ.
1550 2668 1596 2722 ἐ.
1628 2667 1918 2740 Ἰορδάνης,

333 2759 635 2824 κατάϐασις
667 2759 798 2830 (95)·
831 2759 1190 2832 Ἐρμωνιεὶμ,
1217 2761 1676 2833 ἁναθεματισμός.
1704 2761 1922 2815 Ἔοικεν

334 2851 622 2923 ἀσχάλλειν
652 2853 748 2906 καὶ
789 2851 1078 2907 ὀδυνᾶσθαι
1121 2854 1251 2924 παρ’
1275 2853 1474 2924 ἐαυτῷ,
1505 2853 1921 2925 ἀναμιμνησκό-

337 2959 500 3013 μενος
526 2940 619 2995 τοῦ
640 2941 732 2994 ἐπὶ
750 2941 846 2994 τοῦ
887 2941 1060 3013 Ἰησοῦ
1085 2941 1180 2996 τοῦ
1213 2941 1374 3014 Ναυῆ
1405 2942 1690 3011 γεγονότος
1717 2943 1924 3014 θαύμαι-

2018 2107 2186 2164 tristis
2213 2108 2311 2163 es?
2332 2128 2351 2163 ι
2377 2124 2488 2165 etc.
2508 2110 2599 2167 Sic
2615 2112 2782 2183 igitur
2800 2113 3164 2183 nosmetipsos
3188 2115 3374 2172 tristes
3395 2126 3448 2173 et
3465 2131 3599 2172 con-

2018 2201 2266 2256 turbatos
2289 2201 2652 2271 increpemus.
2687 2203 2954 2270 Quoniam
2975 2204 3117 2260 Deus
3134 2215 3319 2262 noster
3350 2217 3434 2263 est
3460 2209 3599 2262 salu-

2019 2302 2134 2348 tare
2165 2293 2341 2348 vultus
2370 2293 2563 2360 nostri,
2599 2295 2818 2365 quando
2851 2313 2872 2348 ι
2912 2296 3153 2353 revelata
3195 2296 3338 2354 facie
3366 2299 3595 2370 gloriam

2019 2382 2229 2437 Domini
2248 2384 2618 2454 speculantes,
2644 2387 2698 2441 in
2725 2389 2972 2446 eamdem
3004 2389 3296 2462 imaginem
3332 2395 3596 2450 transfor-

2019 2489 2232 2530 mamur
2261 2475 2327 2528 ⁸⁸.
2363 2494 2383 2528 ι

2093 2565 2256 2621 Vsus.
2290 2569 2342 2622 7.
2379 2566 2667 2639 Propterea
2689 2588 2888 2628 memor
2915 2589 3004 2629 ero
3028 2575 3109 2629 tui
3145 2575 3210 2630 de
3237 2586 3380 2632 terra
3400 2577 3601 2634 larda-

2019 2659 2100 2712 nis
2129 2668 2177 2713 et
2207 2659 2541 2716 Hermoniim
2587 2679 2619 2716 a
2651 2672 2825 2719 monte
2875 2664 3119 2732 modico,
3163 2677 3270 2722 etc.
3306 2668 3598 2739 Iordanis,

2021 2751 2352 2818 descensus;
2388 2752 2750 2820 Hermoniim,
2793 2757 3102 2812 anathema.
3152 2759 3286 2814 Dum
3319 2761 3372 2815 in
3400 2777 3603 2818 memo-

2023 2841 2160 2896 riam
2207 2854 2431 2899 revocat
2471 2845 2791 2900 miraculum
2844 2847 2988 2916 quod
3033 2849 3133 2905 sub
3168 2847 3296 2907 Jesu
3336 2851 3482 2907 Nave
3516 2852 3602 2909 fa-

2025 2943 2173 2991 ctum
2202 2945 2286 2992 est
2310 2937 2364 2992 in
2396 2934 2652 3005 Jordane,
2687 2941 2909 3010 quando
2945 2941 3120 2997 divisa
3151 2954 3236 2998 est
3259 2960 3404 3015 aqua
3427 2947 3602 3004 donec

332 3051 426 3097 τος
470 3035 527 3087 ὲν
573 3033 652 3105 τῷ
697 3033 959 3106 Ἰορδάνῃ,
998 3035 1088 3088 ὅτε
1137 3034 1361 3106 διῃρέθη
1396 3035 1456 3088 τὸ
1491 3034 1635 3107 ὕδωρ
1666 3035 1825 3109 ἄχρις
1861 3031 1923 3093 οὗ

2028 3027 2252 3083 ﬂuvium
2288 3029 2597 3086 transiisset
2637 3030 2890 3100 populus,
2925 3041 2981 3087 et
3016 3033 3148 3090 illud
3179 3040 3322 3105 quod
3365 3039 3436 3094 ad
3477 3055 3600 3110 pro-

335 3130 514 3199 διῆλθε
569 3129 662 3183 τὸν
701 3127 943 3197 ποταμὸν
971 3127 1001 3180 6
1027 3126 1177 3191 λαός·
1209 3128 1304 3181 καὶ
1341 3126 1436 3181 τοῦ
1473 3127 1616 3183 κατὰ
1653 3128 1713 3181 τὸ
1748 3147 1920 3202 παρα-

334 3219 588 3291 κείμενον
615 3217 950 3289 βραχύτατον
983 3216 1129 3290 ὅρος,
1157 3217 1240 3270 ὅτι
1271 3215 1350 3288 μὴ
1371 3217 1471 3288 τῆς
1507 3217 1678 3288 αὐτῆς
1715 3218 1810 3273 καὶ
1831 3214 1919 3274 οῦ-

335 3329 430 3376 so;
476 3312 735 3383 τυγχάνει
781 3310 1033 3382 προνοίας
1087 3311 1278 3375 ὁποίας
1319 3313 1593 3376 κάκεῖνος.
1653 3313 1808 3384 Τάχα
1861 3315 1918 3368 δὲ

337 3408 434 3462 καὶ
465 3405 721 3476 ὴθοποιία
746 3404 829 3469 τίς
854 3407 969 3458 ἐστι
993 3404 1091 3475 τῆς
1120 3403 1300 3475 ψυχῆς
1333 3404 1468 3475 πρὸς
1488 3404 1651 3459 αὑτὸν
1680 3405 1921 3476 διαλεγο-

341 3516 530 3571 μενης.

420 3593 672 3664 Ἡμέρας
707 3589 1032 3646 ἐντελεῖται
1081 3590 1299 3659 Κύριος
1329 3590 1394 3645 τὸ
1423 3590 1620 3658 ἕλεος,
1663 3593 1762 3647 καὶ
1811 3609 1917 3648 νυ-

336 3687 480 3754 κτὸς
510 3684 792 3754 δηλώσει,
822 3704 875 3739 κ.
904 3703 956 3740 τ.
989 3686 1036 3738 ὲ.
1082 3685 1357 3754 Ῥαψάκου
1396 3685 1505 3757 (96)
1536 3687 1666 3740 ποτὲ
1700 3687 1918 3759 πολιορ-

340 3779 564 3843 κοῦντος
592 3778 694 3847 τὴν
731 3777 1107 3850 Ἰερουσαλὴμ,
1141 3779 1234 3832 καὶ
1278 3777 1370 3832 τὸν
1417 3778 1525 3832 τῶν
1565 3779 1703 3833 ὅλων
1732 3777 1808 3844 ὡς
1843 3780 1920 3852 μὴ

338 3870 634 3943 δυνάμενον
685 3870 884 3934 αὐτοὺς
936 3869 1108 3923 σῶσαι
1147 3869 1592 3941 βλασφημοῦντος
1632 3870 1784 3936 Θεὸν,
1823 3873 1922 3943 μιᾷ

341 3965 523 4036 πληγῇ
574 3966 632 4018 ἐν
660 3965 816 4018 νυκτὶ⁵
861 3970 976 4036 ρπε¹
1009 3963 1245 4035 χιλιάδες
1281 3963 1628 4037 ἀνῃρέθησαν
1658 3963 1770 4018 τῶν
1823 3965 1921 4018 σὺν

344 4053 493 4125 αύτῷ
524 4053 692 4108 όντων
733 4054 1055 4124 Ἀσσυρίων.
1085 4052 1192 4106 Τοῦ
1225 4052 1362 4107 Θεοῦ
1393 4054 1570 4108 τοίνυν
1591 4055 1658 4125 τῇ
1693 4053 1798 4126 πρὸ
1826 4072 1920 4108 νυ-

347 4144 472 4208 κτὸς
505 4145 687 4217 ἡμέρᾳ
713 4144 790 4216 τῷ
833 4144 1051 4216 Ἐζεκίᾳ
1077 4145 1495 4216 προειρηκότος·
1525 4163 1544 4197 t
1568 4145 1921 4216 ’Υπερασπιῶ

345 4235 444 4306 τῆς
473 4233 679 4299 πόλεως
709 4235 912 4306 ταύτης
940 4234 1007 4288 δι’
1039 4235 1142 4306 ἐμὲ
1172 4238 1266 4291 καὶ
1307 4236 1396 4290 διὰ
1437 4233 1600 4289 Δαυῖδ
1633 4236 1725 4289 τὸν
1757 4235 1922 4291 παῖδά

349 4342 480 4398 μου·
521 4345 540 4379 ι
563 4325 650 4380 διὰ
677 4326 737 4379 τὸ
772 4329 828 4380 ὲν
857 4326 1038 4400 ἡμέρᾳ
1075 4328 1174 4398 μὲν
1204 4327 1456 4396 γενέσθαι
1482 4328 1584 4400 τὴν
1608 4328 1919 4398 ὑπόσχεσιν,

2026 3122 2234 3175 ximum
2266 3129 2506 3176 montem
2545 3122 2799 3192 contigit,
2829 3121 3050 3179 videtur
3081 3127 3309 3183 tristitia
3333 3138 3390 3186 et
3413 3130 3604 3188 dolore

2025 3212 2184 3281 allici,
2225 3215 2370 3284 quod
2407 3213 2511 3284 ipsi
2541 3229 2646 3268 non
2687 3216 2877 3272 eadem
2909 3232 3029 3287 quae
3067 3219 3144 3274 illi
3179 3223 3375 3292 populo
3413 3225 3601 3281 obtin-

2025 3315 2116 3375 gat
2163 3307 2526 3375 providentia.
2565 3306 2840 3365 Fortassis
2883 3313 3050 3369 etiam
3088 3315 3336 3385 quedam
3391 3332 3602 3374 morum

2024 3397 2433 3472 alfectutltnque
2469 3403 2752 3473 expressio
2776 3414 2860 3463 est
2897 3407 3094 3464 animae
3131 3423 3255 3465 cum
3298 3409 3416 3480 ipso
3437 3411 3608 3468 collo-

2024 3505 2259 3561 quentts.

2097 3585 2257 3656 705
2272 3585 2434 3644 Vens.
2456 3587 2509 3644 8.
2530 3588 2596 3644 In
2630 3590 2716 3645 die
2744 3591 3015 3646 mandabit
3032 3589 3290 3650 Dominus
3307 3599 3544 3654 miser-iro
3553 3616 3607 3653 r-

2025 3678 2194 3742 diam,
2215 3689 2261 3732 et
2282 3689 2429 3733 nocte
2451 3681 2832 3749 manifestabit,
2852 3695 2956 3738 etc.
2977 3683 3220 3742 Rabsace
3235 3688 3362 3742 olim
3382 3688 3607 3746 Jerusa-

2028 3771 2133 3825 lem
2160 3771 2461 3836 obsidente,
2494 3784 2549 3828 et
2577 3775 2952 3831 universorum
2980 3776 3147 3831 Deum
3169 3781 3326 3848 quasi
3358 3782 3478 3839 illos
3505 3786 3608 3838 sal-

2025 3877 2154 3916 vare
2181 3877 2284 3916 non
2301 3871 2485 3933 posset
2514 3864 2943 3934 blasphemante,
2979 3884 3082 3925 una
3101 3869 3249 3939 plaga
3266 3879 3424 3926 noctu
3443 3872 3615 3926 inter-

2022 3954 2203 4010 ierunt
2237 3963 2456 4010 centum
2514 3958 2791 4026 octoginta
2813 3959 3052 4030 quinque
3077 3962 3241 4018 millia
3261 3967 3606 4036 Assyriorum

2025 4046 2116 4110 qui
2139 4061 2263 4099 cum
2282 4047 2396 4116 ipso
2425 4048 2748 4103 erant.Cum
2782 4050 2948 4120 igitur
2967 4053 3056 4109 die
3079 4068 3200 4123 qua:
3223 4067 3434 4112 noctem
3469 4059 3610 4114 hanc

2027 4137 2322 4206 praecessit,
2344 4137 2480 4194 Deus
2515 4137 2758 4194 Ezechiae
2789 4142 3127 4211 pnedixisset
3164 4143 3210 4176 ⁸⁹
3244 4163 3300 4200 :r
3325 4147 3607 4220 Protegant

2028 4228 2218 4283 urbem
2250 4230 2392 4284 banc
2436 4241 2660 4300 prapter
2685 4247 2799 4299 me,
2826 4245 2880 4287 et
2916 4246 3138 4304 propter
3179 4236 3348 4295 David
3390 4257 3607 4297 servum

2028 4336 2202 4376 meum
2226 4362 2242 4388 ,
2278 4341 2298 4376 ι
2326 4325 2450 4393 quia
2488 4324 2543 4379 in
2566 4324 2652 4379 die
2679 4327 2964 4393 promissio
3012 4327 3153 4382 facta
3200 4338 3305 4396 est,
3341 4342 3398 4387 et
3447 4345 3610 4389 noctu

351 4420 410 4474 ἐν
442 4419 597 4473 νυκτὶ
623 4417 680 4472 δὲ
705 4418 767 4472 τὸ
796 4418 977 4490 ἔργον,
1021 4419 1155 4492 φησί¹
1189 4420 1272 4486 τὸ,
1301 4440 1320 4472 ι
1355 4419 1597 4492 Ἡμέρας
1633 4422 1921 4477 ἐντελεῖται

2027 4415 2338 4485 adimpleta,
2369 4416 2485 4470 ait:
2531 4433 2551 4468 ι
2589 4413 2646 4468 In
2675 4416 2762 4472 die
2807 4418 3086 4474 mandabit
3130 4419 3410 4489 Dominus,
3447 4443 3467 4476 ι
3499 4436 3606 4481 etc.

348 4514 574 4586 Κύριος,
605 4533 625 4567 ›
681 4515 777 4568 καὶ
811 4514 880 4568 τὰ
919 4514 1066 4586 ἑξῆς.
1112 4515 1185 4568 Τὸ
1209 4515 1287 4577 δὲ,
1333 4533 1352 4566 ι
1384 4514 1667 4587 Προσευχὴ
1698 4515 1776 4584 τῷ
1804 4514 1924 4586 Θεῷ

349 4603 450 4675 τῆς
478 4604 621 4676 ζωῆς
651 4622 786 4676 μου,
815 4623 834 4657 ι
881 4607 966 4659 ὅτι
1006 4605 1179 4670 οὕτως
1223 4605 1375 4660 οὐδὲν
1411 4607 1722 4679 εὑρίσκεται
1763 4609 1925 4680 μέσον

349 4695 444 4750 τοῦ
471 4714 531 4750 τε
556 4697 648 4750 σοῦ
678 4698 1096 4770 προστάγματος
1124 4699 1218 4752 καὶ
1250 4699 1350 4769 τῆς
1379 4700 1519 4770 ὲμῆς
1542 4700 1923 4766 ἀπολαύσεωςο

349 4790 465 4843 ἀλλ’
503 4789 686 4855 εὐθὺς,
719 4792 903 4862 φησιν,
935 4793 1246 4864 εὑρίσκεται
1271 4794 1328 4846 ὲν
1355 4793 1478 4863 ἐμοὶ
1505 4791 1824 4864 εὐχαριστία
1849 4793 1927 4866 τῷ

351 4881 470 4954 Θεῷ
507 4883 937 4956 ἀναπεμπομένη
975 4884 1053 4955 τῷ
1083 4883 1180 4956 τὴν
1217 4885 1363 4955 ζωήν
1413 4899 1505 4954 μοι
1551 4887 1922 4957 χαρισαμένῳ.

353 4974 463 5027 Καὶ
489 4973 701 5039 νυκτὸς,
731 4977 886 5046 φησὶ,
920 4975 1014 5029 καὶ
1040 4977 1253 5049 ἡμέρας
1282 4975 1436 5048 παρὰ
1464 4977 1558 5030 σοῦ
1588 4979 1927 5050 χορηγούμε-

351 5083 441 5120 νον
468 5067 558 5120 τὸν
599 5066 746 5121 ἔλεον
772 5068 1151 5139 ἐπισταμένως
1178 5069 1288 5141 ᾄδω
1319 5072 1414 5124 καὶ
1436 5070 1610 5140 ὑμνῶ.

429 5159 542 5213 Τοῦ
590 5159 799 5214 αὐτοῦ.
843 5159 923 5212 Τὰ
975 5159 1074 5230 μὲν
1133 5160 1316 5229 ἀγαθά
1355 5161 1467 5232 (97)
1513 5160 1606 5214 τοῦ
1649 5159 1932 5230 μέλλοντος

2030 4509 2124 4563 Ait
2145 4519 2323 4564 autem
2355 4524 2368 4561 :
2400 4526 2419 4560 ι
2451 4507 2642 4565 Oratio
2675 4509 2787 4565 Deo
2821 4511 2942 4566 vitae
2975 4527 3127 4579 mete,
3169 4532 3190 4565 ι
3220 4517 3474 4584 quoniam
3507 4519 3612 4574 boc

2032 4601 2193 4656 modo
2224 4602 2356 4657 nihil
2383 4602 2617 4658 medium
2645 4603 2916 4658 invenitur
2943 4606 3083 4660 inter
3109 4617 3440 4676 praeceptum
3463 4623 3612 4667 tuum

2033 4701 2090 4746 et
2133 4707 2310 4746 meam
2369 4694 2838 4763 tranquillitatem,
2865 4695 2961 4750 sed
2997 4682 3201 4762 statim,
3234 4700 3429 4767 inquit,
3457 4700 3612 4755 inve-

2035 4784 2184 4839 nitur
2206 4785 2260 4839 in
2299 4800 2388 4841 me
2436 4787 2734 4857 gratiarum
2771 4789 2916 4842 actio
2945 4787 3054 4843 Deo
3095 4790 3220 4844 vita:
3248 4805 3400 4849 tacte.
3433 4793 3501 4848 Et
3524 4795 3612 4850 die

2037 4891 2101 4931 ac
2125 4886 2306 4943 nocte,
2325 4878 2521 4947 inquit,
2546 4893 2862 4934 concessam
2890 4894 2919 4933 a
2948 4887 3003 4936 te
3031 4882 3457 4938 misericordiam
3477 4888 3615 4940 scite

2039 4984 2176 5026 cano
2205 4982 2260 5026 et
2294 4971 2532 5030 celebro.

2111 5157 2385 5228 Ejusdem.
2416 5159 2561 5216 Bona
2603 5160 2771 5216 futuri
2815 5161 2997 5217 saeculi
3033 5173 3156 5217 esse
3190 5164 3370 5228 docet,
3395 5163 3520 5217 dum
3551 5164 3614 5218 il-

352 5251 549 5316 αἰῶνος
576 5246 715 5306 εἶναι
754 5251 1020 5317 διδάσκει,
1054 5249 1245 5305 τοῦτον
1291 5271 1309 5304 ι
1332 5251 1545 5322 ἡμέραν
1569 5270 1588 5302 ι
1624 5247 1821 5315 καλῶν,
1852 5252 1923 5316 είς

2040 5250 2128 5307 lud
2164 5271 2184 5305 ι
2227 5253 2369 5311 diem
2407 5273 2428 5308 ι
2473 5265 2655 5325 vocat,
2689 5257 2742 5312 in
2782 5270 2912 5327 quo,
2943 5255 3142 5327 inquit,
3183 5255 3328 5312 Deus
3360 5257 3613 5327 promisit

415 5385 459 5420 "’
487 5385 626 5443 Luc.
648 5401 732 5442 xv.
771 5386 826 5444 7.
900 5384 948 5419 ⁸⁸
973 5384 994 5440 I
1021 5383 1152 5443 Cor.
1184 5400 1270 5450 tu,
1297 5383 1384 5440 18.
1459 5383 1503 5415 ⁸³
1545 5382 1606 5438 IV
1641 5382 1774 5452 Reg.
1799 5399 1914 5449 xxx,
1944 5383 2033 5443 54.

428 5506 552 5579 (94)
594 5505 663 5579 ,Ἡ
685 5503 978 5579 perarata
1037 5502 1276 5579 Μωσέα,
1315 5510 1424 5558 etc.
1471 5502 1700 5579 catena
1746 5501 2018 5579 Corderii.

934 5573 1307 5666 aenigma,
1356 5584 1466 5630 etc.
1525 5571 1753 5629 Scltedte
1815 5573 2026 5631 Grabii.

430 5646 542 5716 (96)
586 5646 913 5716 Ῥαψάκου,
936 5658 1042 5716 etc.
1078 5646 1311 5699 Eaedem.

432 5708 546 5790 (97)
583 5717 659 5777 Τὰ
678 5708 796 5788 μὲν
822 5708 1036 5787 ἀγαθά,
1069 5725 1175 5771 etc.
1222 5717 1429 5772 Catena
1460 5712 1727 5772 Corderii.

677 5813 950 5876 ΡΑΤιιοι..
983 5811 1100 5874 Gn.
1137 5809 1299 5881 XII.

3232 5798 3307 5859 145
