3970 6160
493 178 632 235 1419

1890 183 1983 237 EX
2018 186 2324 241 URIGENE

3574 202 3598 255 1
3607 201 3695 257 ιιο

488 292 918 353 misericordiam
958 312 1112 352 suam
1146 297 1211 352 ad
1258 294 1524 364 laetitiam,
1565 299 1818 368 quoniam
1847 314 1955 356 nox

2095 308 2121 362 λ
2148 301 2205 354 ὃν
2230 302 2581 374 ἐπήγγελται,
2610 307 2794 377 φησὶν,
2816 310 2844 362 6
2869 306 2999 374 Θεὸς
3024 313 3111 365 τὸν
3144 310 3286 365 ἔλεον
3317 313 3486 367 αὐτοῦ
3522 316 3595 379 είς
3617 318 3696 371 εὐ-

487 390 722 445 tenehra
749 399 877 444 sunt
915 388 1331 444 communicatio
1364 402 1486 443 cum
1531 390 1639 445 Deo
1676 404 1774 459 per
1798 391 2047 462 hymnos,

482 490 540 537 et
570 483 844 537 contentio
877 494 972 549 per
1001 494 1205 552 pret-es.

558 572 720 629 Vens.
760 574 847 627 l0.
881 573 1066 628 Dicam
1104 572 1214 625 Deo
1238 588 1257 626 :
1281 570 1562 643 εμπεριον
1591 588 1737 629 meus
1761 590 1835 630 es.
1869 573 2047 642 Quare

478 666 672 720 oblitus
712 681 767 719 es
802 666 952 719 mei?
984 664 1057 719 Et
1102 681 1270 735 quare
1305 668 1652 722 contristatae
1689 668 1874 723 incedo
1916 669 2045 722 dum

475 755 653 825 aﬂlt’git
674 769 756 807 me
780 754 1020 807 inimicus
1044 756 1069 809 ?
1094 763 1200 810 etc.
1218 754 1333 811 Non
1358 757 1489 826 petit
1510 766 1568 811 ut
1591 757 1661 813 ab
1683 757 1916 814 inimicis
1935 771 2040 813 non

476 846 762 917 alliigatur,
782 847 877 898 sed
911 859 977 899 ne
1022 845 1311 903 tribulatus
1355 849 1723 904 contristetur.
1756 846 1871 904 Hoc
1894 848 2041 904 enim

474 938 732 1019 congruit.
766 936 1009 999 athleta,
1043 938 1135 1006 qui
1174 938 1338 994 etiam
1381 939 1434 994 in
1462 940 1621 995 rebus
1660 938 1902 996 adversis
1932 939 2037 996 sibi

2150 392 2446 465 φροσύνην,
2472 396 2555 449 ὅτι
2580 396 2674 460 νὺξ
2702 400 2794 451 καὶ
2824 400 3013 465 σκότος
3047 403 3080 471 ή
3116 403 3182 455 δι’
3211 403 3393 475 ὓμνων
3423 404 3554 478 πρὸς
3582 408 3694 463 Θεὸν

2146 483 2350 555 ὁμιλία,
2380 487 2473 539 καὶ
2495 489 2528 559 ἡ
2551 487 2617 540 δι’
2646 490 2818 559 εὐχῶν
2849 492 3129 557 ἀπότασις.

2218 575 2357 643 Ἐρῶ
2385 576 2464 643 τῷ
2497 578 2645 644 Θεῷ·
2684 580 3075 652 Ἀντιλήπτωρ
3096 602 3216 654 μου
3259 581 3346 652 εἷ,
3387 586 3488 641 διὰ
3514 590 3568 641 τί
3592 607 3691 658 μου

2142 666 2473 734 ἐπελάθου;
2505 672 2568 725 Τί
2594 673 2695 725 ἵνα
2720 675 3158 743 σκυθρωπάζων
3189 679 3515 748 πορεύομαι
3536 681 3599 734 ἐν
3626 677 3688 746 τῷ

2141 755 2438 812 ἐκθλίϐειν
2471 760 2581 814 τόν
2612 761 2831 831 ἐχθρόν
2856 780 3006 833 μου;
3046 784 3099 820 κ.
3130 784 3182 822 τ.
3221 769 3265 821 έ.
3299 769 3377 821 Οὐ
3411 769 3475 821 τὸ
3504 770 3574 841 μὴ
3597 770 3686 823 Oli-

2141 846 2450 921 6εσθαι(98)
2464 848 2606 915 ἀξιοί
2618 850 2722 903 ὑπὸ
2738 850 3099 925 ὲχθροῦ,ἀλλά
3129 855 3443 926 θλιϐόμενος
3480 857 3552 927 μὴ
3581 874 3683 910 σκυ-

2140 937 2468 1009 θρωπάζειν.
2494 941 2663 995 Τοῦτο
2690 944 2798 1016 γὰρ
2828 944 3034 1017 ἀθλητῇ
3061 946 3510 1022 εὐαρεστουμένῳ
3537 951 3619 1002 καὶ
3639 952 3685 1001 ἐν

470 1034 786 1106 complacet.
817 1035 876 1090 In
918 1037 1162 1104 sequenti
1193 1045 1374 1093 autem
1422 1036 1630 1106 psalmo
1672 1051 1799 1093 cum
1826 1050 1991 1108 prapt

2134 1034 2250 1095 τοῖς
2296 1038 2695 1106 περιστατικοῖς
2732 1036 2982 1108 ἁρμόζει.
3021 1038 3107 1091 Ἐν
3144 1038 3200 1091 δὲ
3237 1040 3313 1110 τῷ
3354 1041 3485 1111 ἑξῆς
3511 1041 3686 1112 ψαλμῷ

468 1128 751 1195 nitillud,t
767 1123 946 1192 Quare
981 1142 1070 1183 me
1095 1127 1336 1199 repulisti
1360 1127 1384 1184 ?
1406 1146 1427 1181 ι
1457 1127 1544 1183 his
1576 1128 1824 1183 verbisu
1855 1125 1991 1196 Quat

2137 1122 2459 1190 προτάσσων
2473 1122 2555 1187 τὸ,
2582 1144 2599 1174 t
2614 1126 2730 1178 Ἵνα
2754 1125 2806 1179 τί
2830 1125 3035 1180 ἀπώσω
3057 1144 3123 1198 με
3147 1145 3160 1193 ;
3181 1148 3200 1180 ›
3220 1128 3360 1189 τοῦ,ι
3371 1131 3488 1183 Ἵνα
3503 1132 3553 1183 τί
3571 1148 3682 1184 σκυ-

469 1218 646 1274 tristis
685 1219 921 1274 incedo?
953 1238 974 1271 ι
1027 1218 1239 1275 videtur
1264 1217 1530 1283 indicare,
1561 1215 1705 1272 illius
1744 1216 1835 1286 qui
1862 1231 1893 1272 a
1921 1216 1991 1272 De

2133 1211 2435 1284 θρωπάζων
2466 1215 2798 1287 πορεύομαις
2823 1235 2842 1269 ι
2895 1217 3070 1272 ἔοικεν
3100 1220 3407 1290 ἐμφαίνειν,
3445 1222 3525 1275 ὅτι
3552 1225 3683 1275 ἀπω-

465 1309 736 1381 repulsam
759 1324 954 1380 passus
979 1318 1083 1373 est,
1114 1308 1394 1380 proprium
1420 1320 1543 1365 esse
1572 1320 1678 1361 non
1712 1305 1782 1362 ab
1812 1305 1991 1361 inimic

2132 1303 2349 1368 σθέντος
2378 1305 2486 1359 ἀπὸ
2525 1305 2659 1359 Θεοῦ
2694 1305 2824 1361 ἴδιον
2854 1308 2915 1362 οὐ
2951 1307 3013 1361 τὺ
3043 1308 3133 1361 ὑπ’
3163 1311 3360 1383 ἐχθροῦ
3405 1311 3679 1376 θλίϐεσθαι,

467 1401 734 1467 tribulari,
761 1404 855 1458 sed
880 1403 935 1457 in
971 1400 1264 1458 alllictione
1291 1399 1625 1458 contristari.
1667 1397 1991 1463 Caterum,t

2128 1396 2264 1451 ἀλλά
2294 1397 2358 1450 τὸ
2386 1397 2801 1470 σκυθρωπάζειν
2828 1404 2887 1455 ἐν
2913 1401 2991 1472 τῷ
3024 1401 3316 1459 θλίϐεσθαι.
3355 1404 3421 1459 El
3455 1405 3679 1477 μέντοιγε

460 1493 713 1549 Christus
752 1493 805 1549 in
849 1494 1095 1565 sequenti
1127 1493 1335 1564 psalmo
1355 1493 1458 1548 ista
1485 1490 1641 1557 dixit,
1669 1489 1853 1562 utique
1876 1489 2028 1544 simi-

2125 1487 2358 1559 Χριστὸς
2390 1489 2539 1558 λέγοι
2579 1490 2642 1544 τὸ
2676 1493 2734 1545 ὲν
2779 1492 2860 1564 τῷ
2910 1494 3038 1565 ἑξῆς
3086 1496 3318 1568 ψαλμῷ,
3349 1496 3511 1568 ὃμοια
3551 1498 3678 1568 αὐτῷ

460 1587 530 1641 lia
562 1586 617 1641 in
638 1585 831 1656 spiritu
860 1585 999 1641 dixit
1032 1584 1087 1642 in
1118 1585 1234 1640 hac
1257 1586 1423 1639 verba
1456 1600 1471 1637 :
1508 1600 1529 1637 t
1560 1583 1641 1639 Tu
1664 1597 1794 1638 vero
1824 1582 1991 1653 repuli

2126 1578 2272 1651 λέγει
2304 1581 2362 1635 ὲν
2392 1582 2657 1653 πνεύματι
2685 1583 2860 1649 οὕτως
2881 1604 2896 1617 ·
2930 1607 2949 1639 t
2972 1587 3045 1641 Σὺ
3079 1588 3136 1642 δὲ
3173 1588 3384 1642 ἀπώσω
3424 1591 3514 1643 καὶ
3545 1590 3678 1656 ἐξου-

457 1680 552 1744 sti,
581 1688 638 1734 et
669 1642 1012 1747 'despexisti,
1051 1676 1310 1734 distulisti
1341 1676 1617 1732 Christum
1667 1684 1841 1731 tuum.
1886 1642 1909 1727 ἰ
1954 1672 1991 1729 E

2095 1655 2098 1692 ⁵
2124 1642 2382 1735 δένωσας,
2417 1642 2679 1726 ἀνεέάλου
2718 1674 2810 1728 τὸν
2835 1642 3069 1748 λζριστόν
3102 1695 3214 1735 σου.
3246 1700 3265 1730 ι
3302 1681 3416 1733 Καὶ
3451 1642 3676 1752 σκυθρω-

458 1772 630 1827 tristis
656 1769 856 1827 incedit
893 1770 1077 1827 dicens
1102 1786 1119 1828 :
1140 1787 1161 1823 t
1192 1768 1391 1825 Tristis
1415 1776 1499 1824 est
1525 1767 1703 1823 anima
1724 1781 1897 1822 mea»
1924 1764 1991 1821 Ve

2128 1762 2313 1827 πάζων
2342 1763 2632 1835 πορεύεται
2669 1764 2875 1836 λέγων·
2914 1790 2932 1820 t
2966 1769 3267 1840 Περίλυπός
3306 1771 3456 1825 ἐστιν
3483 1774 3516 1845 ἡ
3549 1772 3674 1844 ψυχή

453 1858 872 1916 subdubitanter
913 1858 1163 1916 Christus
1190 1858 1345 1923 dicit,
1380 1857 1537 1928 quasi
1572 1857 1847 1928 quidpiam
1871 1854 1988 1925 ejus

2127 1870 2261 1925 μου..
2289 1875 2308 1907 ι
2355 1857 2426 1910 Ἢ
2472 1857 2894 1932 έπαπορητικῶς
2922 1862 3152 1933 Χριστὸς
3180 1863 3353 1933 λέγει,
3401 1865 3559 1919 οἱονεὶ
3581 1883 3674 1918 τοι-

453 1951 597 2006 modi
626 1950 773 2006 dicat
807 1965 821 2002 :
864 1949 1006 2018 Quid
1035 1949 1255 2021 dignum
1292 1962 1474 2020 opera
1519 1948 1734 2018 agitur,
1763 1962 1886 2002 cum
1921 1961 1991 2017 eg:

2122 1942 2277 1997 οῦτον
2333 1945 2643 2016 ἐμφαίνωνο
2679 1949 2745 2002 Τί
2783 1949 3003 2004 ἀνύεται
3033 1950 3182 2017 ἄξιον
3210 1952 3307 2005 τοῦ
3329 1993 3345 2017 ,
3376 1954 3672 2007 ἀπωσθέντα

451 2042 723 2111 repulsam
773 2057 968 2112 passus
1006 2055 1105 2113 pro
1141 2041 1322 2097 salute
1368 2041 1670 2106 hominum,
1698 2047 1805 2094 ate
1848 2039 1991 2094 tristi

2124 2052 2192 2106 με
2217 2035 2355 2108 ὑπὲρ
2386 2039 2657 2110 σωτηρίας
2683 2039 3013 2113 ἀνθρώπων,
3066 2041 3173 2095 ἀπὸ
3219 2042 3317 2095 σοῦ
3368 2043 3669 2116 σκυθρωπά-

450 2132 663 2198 .needo,
692 2130 959 2203 allligente
979 2145 1066 2186 me
1092 2128 1307 2185 inimico
1349 2129 1375 2184 ?

522 2221 682 2279 Vens.
710 2223 798 2278 ll.
828 2221 970 2295 Dium
993 2221 1173 2276 dicunt
1199 2220 1326 2274 mihi
1350 2235 1446 2290 per
1470 2218 1705 2290 singulos
1734 2217 1844 2271 dies
1874 2212 2014 2273 :Ubi

448 2326 520 2370 est
558 2312 695 2369 Deus
736 2324 855 2367 tuus
880 2314 903 2368 l
926 2313 1085 2369 Forte
1124 2326 1370 2368 sanctum
1419 2312 1637 2367 tristitia
1669 2308 1835 2364 allicit
1883 2307 2010 2363 illud

449 2424 469 2458 ι
508 2407 598 2461 ubi
643 2423 664 2460 ι
697 2406 763 2461 de
813 2408 922 2462 Deo
970 2407 1173 2461 dictum
1205 2421 1221 2459 :
1252 2405 1393 2475 quod
1433 2404 1609 2459 locum
1652 2402 1874 2457 indicat.
1904 2401 2011 2455 Ex-

444 2507 631 2553 trema
659 2508 838 2554 autem
871 2497 1101 2554 inscitia
1122 2507 1208 2555 est
1238 2497 1405 2553 Deum
1431 2497 1487 2553 in
1512 2497 1630 2552 loco
1662 2508 1782 2550 esse
1810 2492 2005 2549 existi-

440 2604 612 2644 mare.
636 2588 770 2645 Nam
800 2593 1038 2660 pondere
1065 2590 1311 2647 subsistit
1330 2590 1512 2654 locus;
1540 2588 1794 2660 ponderis
1825 2596 2004 2642 autem

437 2695 631 2752 expers
655 2691 737 2738 est
772 2684 934 2739 Deus.

853 2866 1017 2941 703
1061 2864 1383 2923 PSALMUS
1418 2864 1581 2921 XLII.

502 2962 667 3021 VEIS.
686 2965 736 3019 1.
755 2964 789 3019 ,1
796 2966 950 3018 ndica
974 2977 1077 3027 me,
1100 2959 1319 3027 Deus,et
1339 2959 1577 3013 discerne
1596 2974 1809 3014 causam
1832 2974 1998 3013 meam

429 3058 492 3112 de
537 3065 685 3127 gente
733 3071 836 3108 non
887 3060 1091 3110 sancta.
1118 3060 1225 3104 etc.
1259 3048 1509 3104 Christus
1551 3049 1716 3103 etiam
1761 3048 1995 3119 judicari

426 3149 720 3219 postulata
752 3147 880 3209 Deo,
913 3146 980 3196 ad
1004 3158 1167 3212 quem
1204 3153 1334 3211 puto
1362 3140 1569 3195 dictum
1602 3140 1732 3196 illud
1758 3157 1773 3195 :
1805 3158 1825 3193 t
1863 3140 1993 3196 Vin-

426 3254 520 3296 ces
561 3253 685 3294 cum
713 3236 999 3307 iudicaris.
1033 3254 1053 3287 ι
1089 3232 1140 3287 ls
1172 3233 1264 3302 qui
1294 3232 1398 3286 sibi
1436 3233 1573 3287 bene
1600 3232 1851 3287 conscius
1887 3241 1990 3297 est,

422 3339 478 3387 et
501 3337 685 3386 certus
714 3342 772 3384 se
809 3325 1059 3396 iniuriam
1095 3338 1311 3396 passum
1344 3324 1634 3378 vindictam
1664 3323 1884 3387 minime
1911 3323 1991 3375 in-

421 3421 629 3484 tulisse,
669 3420 762 3475 sed
799 3418 1014 3475 dedisse
1051 3417 1227 3473 locum
1256 3415 1373 3479 ira,
1404 3416 1517 3471 hac
1543 3416 1724 3470 dicere
1747 3415 1945 3483 poterit
1972 3431 1985 3467 :

426 3525 446 3559 ι
480 3507 555 3562 De
574 3515 734 3578 gente
761 3520 868 3562 non
898 3515 1112 3570 sancta,
1146 3521 1167 3557 ι
1196 3516 1303 3560 etc.
1335 3504 1487 3572 Quod
1524 3504 1570 3559 si
1601 3502 1853 3559 Salvator
1889 3504 1991 3559 hoc

418 3600 573 3666 dicit,
607 3615 740 3671 gens
773 3614 879 3656 non
918 3610 1104 3655 sancta
1132 3609 1259 3655 sunt
1301 3596 1511 3667 Judai;
1544 3599 1590 3654 si
1621 3613 1752 3654 vero
1795 3598 1879 3653 vir
1898 3598 1988 3669 ju-

415 3705 555 3760 stus,
578 3698 645 3752 de
666 3695 990 3753 adversariis
1010 3695 1371 3765 potestatibus
1396 3695 1451 3749 id
1478 3695 1632 3751 dicit.
1650 3694 1871 3751 Liberat
1889 3709 1986 3748 au-

414 3794 527 3843 tem
560 3787 698 3843 Dens
721 3800 752 3840 a
782 3787 898 3842 viro
938 3786 1124 3857 iniquo
1163 3794 1220 3840 et
1250 3784 1457 3851 doloso,
1484 3785 1700 3856 quando
1730 3784 1852 3855 quis
1874 3799 1981 3839 non

412 3876 626 3934 laditur
655 3877 725 3933 ab
747 3879 847 3933 eis.
871 3876 1004 3933 Illud
1024 3916 1040 3944 ,
1078 3877 1199 3933 «Ah
1225 3876 1443 3932 homine
1484 3877 1672 3946 iniquo
1700 3885 1754 3932 et
1792 3874 1981 3932 doloso

410 3981 545 4023 erue
567 3981 675 4033 me,
708 3985 727 4018 ι
771 3966 970 4023 dicitur
1014 3967 1082 4022 de
1116 3966 1359 4037 quolibet
1393 3965 1731 4023 adulterante
1758 3966 1979 4024 verbum

410 4058 529 4126 Dei,
554 4068 609 4114 et
632 4058 750 4114 viro
778 4058 961 4128 iniquo
989 4059 1082 4128 qui
1115 4058 1273 4115 [idem
1302 4060 1541 4116 simulat.

480 4150 640 4206 Vens.
680 4149 735 4205 3.
777 4148 972 4204 Emitte
1014 4151 1180 4205 lucem
1222 4161 1369 4205 tuam
1397 4161 1446 4206 et
1472 4152 1742 4207 ueritatem
1784 4163 1972 4208 tuam:

406 4341 554 4387 ritum
598 4343 648 4388 et
696 4334 751 4387 in
788 4331 1127 4387 tabernacula
1173 4343 1286 4400 tua,
1346 4343 1454 4390 etc.
1487 4353 1506 4387 ι
1543 4333 1656 4406 Ego
1708 4350 1827 4391 sum
1876 4336 1964 4391 lux

403 4424 611 4489 mundi,
651 4443 672 4476 ›
703 4424 877 4493 inquit
900 4423 1149 4479 Salvator
1184 4423 1251 4479 ".
1282 4423 1348 4478 Et
1369 4439 1606 4491 rursum,
1648 4441 1669 4478 ι
1709 4425 1817 4497 Ego
1846 4441 1965 4482 sum

399 4516 621 4571 veritas.
649 4516 800 4571 illoc
823 4515 941 4571 loco
964 4514 1313 4586 Septuaginta
1341 4515 1662 4585 interpretes
1685 4527 1966 4573 mutarunt

400 4617 613 4679 tempus
642 4618 696 4664 et
734 4618 993 4679 tanquam
1024 4608 1163 4663 facta
1188 4608 1445 4663 dixerunt
1469 4610 1669 4664 futura.
1700 4609 1802 4665 Alii
1834 4625 1963 4666 vero

397 4701 640 4772 apertius
661 4702 910 4757 dixerunt
937 4718 982 4755 :t
1005 4700 1197 4755 Emitte
1218 4700 1389 4757 lucem
1419 4712 1565 4757 tuam
1594 4712 1651 4759 et
1680 4705 1960 4759 veritatem

397 4803 700 4863 tuam,qua
722 4807 820 4849 nos
840 4795 1178 4850 adducentet
1205 4793 1474 4850 deducent
1497 4796 1549 4850 in
1576 4807 1810 4852 montem
1836 4812 1961 4853 san-

393 4895 538 4939 ctum
553 4893 701 4939 tuum
718 4896 773 4942 et
794 4886 847 4941 in
869 4886 1212 4943 tabernacula
1233 4897 1372 4942 tua.»
1393 4884 1759 4943 Tabernacula
1778 4900 1957 4944 autem

395 4973 649 5042 templum
675 4977 907 5039 vocavit.
939 4988 1175 5031 montem
1214 4991 1344 5032 vero
1370 4977 1500 5032 dicit
1527 4976 1680 5044 Sion,
1706 4981 1770 5033 ad
1797 4995 1955 5049 quem

389 5064 648 5119 accedere
683 5064 917 5133 postulat
966 5065 1159 5121 divina
1224 5080 1445 5136 compos
1492 5064 1709 5123 latitia.
1755 5065 1953 5121 Lucem

387 5166 442 5209 et
491 5156 799 5224 veritatem,
820 5157 1026 5226 justum
1048 5168 1101 5212 et
1119 5157 1411 5213 salutarem
1465 5157 1756 5214 adventum
1800 5157 1952 5224 dicit,

455 5312 503 5345 ”
529 5310 685 5368 Joan.
708 5327 829 5382 vni,
863 5314 953 5374 12.
1028 5318 1072 5350 ’ί
1114 5316 1244 5374 ibid.
1276 5333 1386 5385 xw,
1418 5317 1471 5375 6.

457 5468 572 5544 (98)
610 5473 693 5544 οὐ
724 5470 791 5526 τὸ
823 5472 909 5544 μὴ
938 5475 1264 5542 θλίϐεσθαι,
1297 5486 1404 5533 etc.
1436 5475 1658 5531 Eadem.

452 5542 562 5626 (99)
597 5541 765 5626 .Tcixa
792 5541 907 5597 τόγ’
928 5545 1115 5617 ἅγιον,
1142 5556 1248 5605 etc.
1283 5547 1508 5605 Scbeda
1536 5545 1747 5613 Crabii,
1773 5555 1826 5606 et
1850 5561 1945 5606 co-

381 5611 482 5667 dcit
517 5611 896 5669 Coislinianus.

2116 2127 2276 2192 ζοντα
2302 2130 2645 2202 πορεύεσθαι,
2681 2131 3017 2196 ἑκθλίῦοντος
3046 2132 3274 2206 ἐχθροῦ;

2169 2218 2273 2271 Ἐν
2296 2217 2377 2284 τῷ
2401 2219 2601 2289 λέγειν
2622 2223 2843 2289 αὐτούς
2868 2240 2969 2292 μοι
2997 2223 3126 2277 καθ’
3150 2223 3422 2293 ἑκάστην
3443 2225 3660 2295 ἡμέραν

2111 2308 2238 2363 Ποῦ
2269 2309 2440 2367 ἐστιν
2472 2315 2505 2367 ό
2534 2315 2679 2379 Θεός
2708 2329 2823 2367 σου
2844 2332 2861 2377 ;
2879 2333 2933 2371 κ.
2954 2332 3004 2368 τ.
3037 2316 3083 2368 ὲ.
3104 2316 3255 2386 Τάχα
3276 2315 3370 2370 τὸν
3400 2318 3544 2385 ἆγιον
3571 2316 3662 2387 (99)

2110 2400 2269 2455 λυπεῖ
2317 2403 2416 2469 τὸ,
2460 2423 2478 2455 t
2505 2405 2636 2469 ποῦ,
2664 2425 2682 2456 ι
2721 2407 2813 2459 ἐπὶ
2851 2406 2983 2460 Θεοῦ
3026 2407 3352 2479 λεγόμενον,
3385 2411 3516 2483 ὅπερ
3562 2411 3661 2463 ἐστὶ

2108 2494 2275 2547 τόπου
2308 2498 2659 2566 σημαντικόν.
2715 2498 2829 2568 Τῆς
2879 2500 3114 2573 ἐσχάτης
3165 2503 3222 2556 δὲ
3259 2505 3483 2573 ἀγνοίας
3516 2506 3570 2557 τὸ
3610 2507 3660 2558 ἐν

2107 2584 2258 2656 τόπῳ
2284 2586 2520 2656 νομίζειν
2548 2585 2689 2642 εἶναι
2733 2591 2822 2643 τὸν
2854 2591 3003 2645 Θεόν’
3037 2594 3185 2665 ὄγκῳ
3216 2595 3330 2667 γὰρ
3361 2598 3656 2665 συνυφίστα-

2110 2692 2201 2729 ται
2224 2677 2407 2742 τόπος·
2433 2677 2596 2748 δγκου
2621 2681 2677 2734 δὲ
2713 2681 2774 2735 τὸ
2798 2681 2949 2737 Θεῖον
2981 2685 3282 2756 ἐλεύθερον.

2668 2863 2956 2920 ΨᾹΛΜΟΣ
2991 2869 3044 2921 Μ
3051 2869 3125 2923 Β⁰.

2167 2952 2386 3024 Κρῖνόν
2409 2972 2507 3025 με,
2539 2960 2572 3011 ό
2603 2957 2766 3024 Θεὸς,
2790 2959 2888 3012 καὶ
2923 2959 3180 3015 δίκασαν
3206 2963 3327 3032 τὴν
3352 2964 3521 3033 δίκην
3545 2983 3646 3034 μου

2094 3043 2164 3109 ἐξ
2197 3047 2411 3112 ἔθνους
2462 3049 2574 3117 οὐχ
2617 3050 2827 3113 ὁσίου,
2859 3067 2913 3105 κ.
2948 3069 2998 3105 τ.
3029 3054 3075 3105 ὲ.
3110 3055 3217 3107 Καὶ
3259 3058 3288 3110 6
3334 3058 3557 3129 Χριστὸς
3583 3056 3647 3124 (l)

2093 3136 2343 3208 κριθῆναι
2387 3136 2528 3204 ἀξιοῖ
2554 3140 2661 3191 ἀπὸ
2703 3140 2837 3193 Θεοῦ
2858 3158 2873 3171 ⁸
2931 3143 3068 3214 πρὸς
3117 3144 3176 3198 ὃν
3207 3141 3363 3216 οἶμαι
3398 3148 3477 3209 τὸ,
3512 3167 3529 3199 ι
3563 3147 3645 3200 Ni-

2093 3229 2280 3297 κήσεις
2310 3228 2369 3281 ὲν
2415 3229 2494 3299 τῷ
2541 3230 2823 3302 κρίνεσθαί
2856 3249 2937 3286 σε.
2966 3253 2984 3283 ι
3029 3235 3085 3288 ’0
3112 3236 3198 3305 ἐφ’
3234 3239 3415 3309 ἐαυτῷ
3456 3238 3643 3310 θαρῤῶν

2092 3319 2185 3372 καὶ
2214 3319 2578 3390 πεπεισμένος
2605 3321 2933 3393 ἠδικημένος
2989 3324 3257 3395 μηδέποτε
3311 3329 3496 3382 ἑαυτὸν
3520 3329 3621 3381 ἐκδι

2090 3411 2341 3483 κηκέναι,
2377 3412 2513 3466 ἀλλὰ
2548 3413 2711 3468 τόπον
2738 3418 2804 3486 τῇ
2833 3416 2970 3488 ὀργῇ
3006 3418 3327 3485 δεδωκέναι,
3347 3422 3511 3475 ταῦτα
3526 3424 3638 3492 ἒρεῖο

2095 3520 2113 3554 t
2155 3500 2246 3568 Ἐξ
2276 3503 2463 3569 ἔθνους
2493 3506 2591 3575 οὐχ
2614 3506 2783 3570 ὁσίου,
2824 3526 2843 3559 ι
2881 3509 2976 3561 καὶ
3000 3510 3067 3563 τὰ
3096 3509 3242 3582 ἑξῆς.
3269 3513 3338 3566 El
3370 3515 3464 3585 μὲν
3488 3515 3515 3566 6
3541 3514 3635 3565 ﬂu-

2085 3595 2189 3668 τὴρ
2225 3598 2393 3668 λέγει,
2419 3598 2567 3664 ἔθνος
2594 3602 2694 3672 οὐχ
2722 3603 2866 3657 ὅσιον
2920 3603 3179 3658 Ἰουδαῖοι·
3210 3609 3261 3660 εἰ
3290 3607 3350 3661 δὲ
3375 3610 3403 3661 ό
3432 3609 3631 3669 δίκαιος.

2086 3689 2214 3760 περὶ
2240 3689 2627 3762 ἀντικειμένων
2657 3693 2804 3762 λέγει
2823 3694 3123 3764 δυνάμεων.
3162 3696 3379 3753 Ῥύεται
3402 3699 3455 3753 δὲ
3473 3702 3499 3754 ό
3521 3698 3631 3762 Θεὸς

2085 3781 2192 3834 ἀπὸ
2220 3782 2411 3854 ἀνδρὸς
2452 3783 2635 3836 ἀδίκου
2671 3785 2765 3837 καὶ
2785 3785 2989 3847 δολίου,
3026 3788 3115 3840 ὅτε
3146 3789 3208 3842 οὐ
3247 3790 3531 3859 βλάπτεταί
3558 3806 3628 3852 τις

2083 3873 2174 3926 ὑπ’
2210 3871 2408 3925 αὐτῶν.
2439 3871 2532 3935 Τὸ,
2578 3892 2596 3924 t
2640 3873 2770 3926 Ἀπὸ
2808 3874 3094 3946 ἀνθρώπου
3131 3875 3320 3931 ἀδίκου
3362 3880 3453 3932 καὶ
3477 3877 3625 3931 δολίου

2083 3962 2242 4036 ῥῦσαί
2276 3980 2365 4034 με,
2392 3982 2410 4014 ι
2447 3964 2577 4034 περὶ
2637 3964 2867 4019 ἑκάστου
2918 3966 3194 4030 δολοῦντος
3234 3969 3331 4022 τὸν
3361 3970 3507 4038 λόγον
3544 3964 3623 4019 τοῦ

2080 4056 2238 4119 Θεοῦ,
2278 4057 2371 4110 καὶ
2409 4055 2591 4109 ἀδίκου
2624 4057 3082 4127 προσποιουμένου
3111 4059 3179 4113 τὰ
3204 4060 3306 4130 τῆς
3338 4060 3570 4121 πίστεως.

2163 4148 2626 4214 Ἔξαπόστειλον
2675 4149 2740 4201 τὸ
2783 4148 2907 4217 φῶς
2935 4164 3050 4203 σου
3084 4151 3181 4204 καὶ
3221 4152 3340 4219 τὴν
3364 4147 3621 4218 ἀλήθειάν

270 4273 291 4293 .
406 4242 518 4310 ipsa
545 4257 625 4298 me
643 4242 972 4296 deduxerunt
995 4252 1043 4296 et
1062 4242 1395 4298 adduxerunt
1412 4248 1467 4298 in
1486 4255 1710 4299 montem
1736 4256 1973 4300 sanctum

2095 4255 2214 4295 γουο
2250 4239 2402 4295 αὺτά
2430 4228 2870 4309 μῖὠδήγησαν
2894 4241 2990 4294 καί
3017 4241 3245 4312 ἤγαγόν
3283 4262 3362 4313 με
3390 4246 3472 4309 εὶς
3502 4241 3617 4309 ὅρος

2071 4334 2243 4404 ἅγιόν
2284 4347 2433 4398 σου,
2485 4334 2583 4387 καὶ
2628 4335 2721 4399 εις
2739 4334 2811 4388 τὰ
2846 4335 3206 4405 σκηνώματά
3241 4353 3379 4401 σου,
3420 4353 3470 4390 κ.
3498 4350 3541 4385 τ.
3572 4333 3611 4384 έ.

2076 4443 2096 4476 ι
2133 4422 2272 4492 Ἐγώ
2309 4425 2422 4494 εἰμι
2450 4422 2510 4476 τὸ
2544 4423 2659 4492 φῶς
2687 4423 2762 4493 (2)
2783 4422 2877 4476 τοῦ
2901 4422 3163 4493 κόσμου,›
3187 4426 3352 4495 φησὶν
3375 4425 3403 4476 6
3424 4422 3611 4491 Σωτήρ·

2071 4517 2167 4570 καὶ
2238 4515 2619 4585 πάλιν-«Ἐγώ
2663 4516 2777 4586 εἰμι
2819 4518 2851 4587 ἡ
2903 4516 3148 4586 ἀλήθεια.
3178 4537 3197 4568 ›
3240 4516 3493 4571 Ἐνταῦθα
3534 4513 3611 4565 τὸν

2069 4607 2259 4679 χρόνον
2298 4606 2588 4679 ὲνήλλαξαν
2620 4609 2668 4660 οἱ
2711 4606 3109 4677 Ἐϐδομήκοντα
3130 4648 3144 4671 ,
3178 4611 3271 4663 καὶ
3312 4610 3386 4672 ὡς
3411 4620 3609 4677 γεγενη-

2072 4699 2208 4770 μένα
2242 4700 2496 4771 εἰρήκασι
2533 4700 2601 4753 τὰ
2633 4699 2883 4770 ἐσόμενα.
2918 4701 2981 4753 Ol
3021 4699 3077 4753 δὲ
3111 4701 3260 4757 ἄλλοι
3308 4702 3606 4771 σαφέστερον

2064 4791 2381 4861 εἰρήκασιν
2421 4810 2439 4841 t
2476 4790 2817 4844 Ἀπόστειλον
2858 4790 2923 4843 τὸ
2965 4790 3082 4861 φῶς
3125 4811 3217 4848 σου
3255 4796 3349 4849 καὶ
3377 4795 3468 4865 τὴν
3492 4792 3578 4855 ἀλή

2065 4879 2217 4933 θειάν
2254 4898 2369 4946 σου,
2394 4880 2551 4935 ἅτινα
2589 4882 2844 4955 ὁδηγήσει
2875 4884 2967 4935 καὶ
3004 4882 3121 4949 ἄξει
3144 4888 3290 4958 ἡμᾶς
3316 4890 3392 4950 εἰς
3417 4885 3473 4938 τὸ
3494 4886 3594 4954 ὅρος

2059 4970 2122 5025 τὺ
2152 4971 2307 5039 ἅγιόν
2335 4988 2428 5025 σου
2450 4974 2542 5026 καὶ
2565 4958 2645 5037 εἰς
2667 4975 2736 5027 τὰ
2766 4977 3099 5049 σκηνώματά
3120 4995 3232 5032 σου.
3248 4998 3267 5028 ι
3295 4976 3591 5048 Σκηνώματι

2059 5065 2118 5118 δὲ
2149 5065 2239 5118 τὸν
2267 5066 2393 5119 ναὸν
2419 5067 2857 5139 προσηγόρευσεν
2877 5087 2888 5097 ·
2930 5071 3055 5140 ὅρος
3077 5069 3133 5123 δὲ
3155 5069 3301 5139 λέγει
3337 5069 3426 5141 τήν
3457 5065 3589 5129 Σιὼν.

2058 5162 2138 5225 εἰς
2179 5160 2207 5214 δ
2253 5160 2565 5215 ἐπανελθεῖν
2617 5161 2760 5227 ἀξιοῖ
2798 5162 2944 5228 θείας
2979 5162 3154 5233 τυχὼν
3179 5164 3279 5235 τῆς
3317 5158 3584 5234 εὐμενείας.

2153 5479 2202 5547 1)
2218 5482 2325 5533 Και
2350 5482 2383 5533 ό
2397 5480 2669 5547 Χριστός,
2696 5486 2802 5535 etc.
2823 5476 3287 5547 CatenaAcorderii
3298 5486 3347 5547 et
3365 5465 3578 5547 Barbari.

2153 5479 2325 5547 1)Και
2350 5482 2383 5533 ό
2397 5480 2669 5547 Χριστός,
2696 5486 2802 5535 etc.
2823 5479 3026 5534 Catena
3045 5479 3347 5532 Corderiiet
3365 5479 3578 5529 Barbari.

2126 5479 2203 5621 12)
2252 5548 2409 5621 Ἐγώ
2431 5553 2548 5618 ειμι
2582 5551 2650 5605 τὸ
2679 5547 2825 5621 φῶς,
2876 5558 2982 5606 etc.
3018 5544 3242 5604 Scheda
3291 5542 3485 5605 Crabii.
3529 5543 3579 5593 σε

1956 5665 1963 5672 .
2054 5618 2255 5676 Catena
2291 5618 2536 5676 Barbari.
