3970 6160
415 224 550 283 I42!

1366 227 1677 298 SELECTA
1709 242 1776 298 IN
1809 242 2150 304 PSALMOS.
2189 270 2259 288 --
2290 247 2483 307 PSAL.
2515 252 2698 312 XLIII.

3521 269 3664 328 “22

412 347 535 413 Φῶς
567 349 627 404 δὲ
666 351 760 405 καὶ
787 350 1043 424 ἀλήθειαν
1068 353 1172 426 τὴν
1197 356 1410 413 δικαίαν
1438 364 1533 417 καὶ
1570 366 1835 437 σωτήριον
1868 368 1982 420 ἐπι-

2096 372 2546 438 quemadmodum
2573 377 2918 434 tenebrarum
2948 383 3166 440 nomine
3197 387 3541 448 calamitates
3562 406 3661 463 ορ·

413 439 639 510 φάνειαν
670 441 838 512 λέγει,
881 444 1068 517 ὥσπερ
1093 447 1284 512 σκότος
1314 450 1414 515 τὰς
1451 456 1753 527 συμφοράς.

487 531 600 586 Τοῦ
633 535 841 589 αὐτοῦ.
876 537 951 590 Τὸ
976 536 1444 614 ὲξαπεσταλμένον
1474 544 1550 617 (5)
1572 546 1665 599 ἐπὶ
1694 547 1793 619 τὴν
1817 549 1992 621 Ἰησοῦ

411 621 585 695 ψυχὴν
635 625 753 695 φῶς
804 627 978 695 Θεοῦ,
1033 632 1129 685 καὶ
1173 632 1400 705 ἀλήθεια
1440 637 1604 692 αὐτοῦ
1632 640 1659 691 6
1685 641 1993 712 Μονογενής

411 716 577 771 ἐστιν.
622 719 741 774 ’Ότι
773 719 881 793 γὰρ
909 720 1105 794 ἔχομεν
1135 724 1395 799 ἀρχιερέα
1427 729 1599 800 μέγαν
1635 733 1839 803 Ἰησοῦν
1868 736 1995 806 Χρι-

414 805 539 860 στὸν
561 807 656 861 τὸν
688 809 815 863 Υίὸν
843 811 939 865 τοῦ
978 812 1113 866 Θεοῦ
1144 814 1508 888 ἐνδεδυμένον,
1538 819 1765 892 δηλώσει
1801 824 1900 895 μὲν
1928 805 1991 879 τὸ

411 893 781 960 ὲξαποσταλὲν
807 899 895 952 ἐπ’
916 901 1080 954 αὐτὸν
1108 901 1224 971 φῶς
1251 904 1347 958 τοῦ
1368 907 1523 961 Θεοῦ·
1544 893 1813 982 ἀλήθειαν
1840 914 1989 975 δὴού

408 986 603 1055 τύπον,
633 990 874 1046 διδάσκει
903 995 937 1064 ή
984 997 1322 1069 προκειμένη
1362 997 1525 1065 λέξις.
1569 1002 1782 1071 Ἀτινα,
1823 1007 1988 1060 αὐτὸν

409 1080 783 1154 ὥηγήσαντα,
829 1086 1035 1157 ἧγαγον
1069 1089 1150 1151 εἰς
1187 1088 1248 1142 τὸ
1282 1094 1649 1164 πνευματικὸν
1693 1096 1847 1165 ἆγιον
1893 1099 1989 1153 τοῦ

416 1171 546 1228 θεοῦ
573 1173 716 1247 ὄρος,
750 1178 845 1232 καὶ
870 1179 952 1241 είς
979 1178 1048 1233 τὰ
1077 1179 1309 1252 ἀληθινὰ
1339 1184 1667 1257 σκηνώματα
1694 1189 1880 1255 αὐτοῦ,
1902 1191 1990 1246 ἵνα

411 1263 488 1328 ὡς
504 1264 793 1339 ἀρχιερεὺς
817 1268 1036 1343 εἰσέλθῃ
1058 1271 1195 1342 πρὸς
1220 1270 1281 1325 τὸ
1310 1272 1692 1350 θυσιαστήριον
1708 1280 1801 1333 τοῦ
1830 1281 1982 1336 Θεοῦ.

412 1356 564 1428 Τάχα
590 1357 648 1412 δὲ
683 1377 703 1411 ‹
733 1358 857 1433 ὅρος
887 1361 1040 1430 ἅγιον
1066 1382 1086 1415 ι
1126 1361 1222 1417 τοῦ
1261 1364 1396 1419 Θεοῦ
1429 1369 1630 1440 ήοίκία
1655 1372 1750 1426 τοῦ
1775 1374 1989 1447 Πατρός

412 1451 549 1505 ἐστι·
587 1470 607 1503 ι
634 1452 967 1526 σκηνώματα
990 1476 1009 1509 ι
1033 1454 1090 1509 δὲ
1123 1455 1287 1511 αὑτοῦ
1321 1460 1377 1512 αἱ
1412 1461 1605 1517 πολλαὶ⁵
1632 1465 1691 1520 ἐν
1721 1467 1857 1539 αὐτῇ
1894 1485 1988 1539 μο-

411 1541 520 1599 ναί.
554 1544 625 1599 Ἦ
665 1564 685 1598 ι
721 1545 792 1600 τὰ
839 1547 1193 1621 σκηνώματα,
1226 1569 1244 1603 ι
1293 1553 1457 1608 αὑτοῦ
1509 1555 1714 1612 αίώνιοι
1770 1560 1982 1632 σκηναί.

413 1638 678 1710 Ζητήσεις
720 1640 778 1695 δὲ
808 1641 1037 1714 πότερον
1068 1647 1117 1699 εί
1148 1648 1207 1700 ὲν
1235 1646 1312 1719 τῷ
1336 1648 1479 1719 ἁγίῳ
1509 1648 1625 1721 ὄρει
1666 1651 1735 1706 τὰ
1773 1654 1983 1725 σκηνώ-

416 1730 563 1801 ματά
610 1732 751 1798 ὲστι,
793 1735 889 1787 καὶ
925 1735 1046 1790 τίνα
1074 1716 1359 1793 ταῦτα’-εί
1498 1716 1634 1813 πρὸς
1685 1716 1984 1799 αὐτὸν-τὸν
2015 1716 2058 1771 Β

411 1819 543 1875 Θεὸν
569 1822 927 1893 εὐφραίνοντα
971 1826 1074 1899 τὴν
1115 1828 1342 1902 νεότητα
1373 1832 1556 1888 αὑτοῦ.
1606 1836 1679 1888 Οὐ
1722 1835 1831 1909 γὰρ
1871 1834 1989 1911 εἶχέ

409 1912 763 1985 παλαιότητα.
801 1918 909 1971 Καὶ
942 1919 1034 1985 τὸ,
1070 1940 1089 1973 ι
1130 1922 1510 1995 Ἐνδυσάμενοι
1550 1926 1605 1980 δὲ
1634 1929 1726 1982 τὸν
1770 1931 1887 1984 νέον
1910 1972 1925 1995 ,
1958 1951 1977 1983 ι

406 2000 496 2057 διὰ
528 2002 734 2075 ταύτην
761 2005 860 2077 τὴν
887 2007 1116 2078 νεότητα
1159 2009 1394 2083 εἴρηται.
1438 2014 1548 2067 Καὶ
1576 2015 1682 2068 τῶν
1728 2016 1983 2070 τοιούτων

406 2094 546 2150 νέων
575 2096 724 2151 ἐστὶν
753 2102 787 2170 ὴ
828 2101 1009 2174 ἑορτή.

479 2185 597 2242 Τοῦ
634 2190 843 2244 αὑτοῦ.
870 2193 1036 2263 Ὄρος
1062 2192 1215 2262 ἅγιόν
1240 2193 1316 2267 (4)
1343 2195 1457 2249 ἐστι
1497 2195 1631 2250 Θεοῦ
1653 2198 1684 2250 6
1725 2199 1978 2272 Χριστός·

409 2279 743 2352 σκηνώματα
775 2283 833 2337 δὲ
866 2284 1067 2352 αὑτοῦ,¹
1090 2289 1147 2341 αἱ
1180 2287 1334 2356 ἆγιαι
1360 2289 1615 2360 δυνάμεις
1641 2292 1700 2344 ὲν
1736 2286 1826 2355 αἷς
1853 2308 1983 2345 κατ-

407 2378 562 2430 οικεϊ.

476 2467 636 2537 Πρὸς
663 2468 773 2523 τὸν
800 2472 950 2526 Θεὸν
977 2464 1381 2544 εὐφραίνοντα
1415 2475 1531 2545 τὴν
1561 2476 1815 2545 νεότητά
1835 2495 1977 2548 μου,

404 2560 926 2634 ἐξομολογήσομαί
944 2582 1043 2620 σοι
1064 2566 1136 2621 ἐν
1149 2567 1379 2637 κιθάρᾳ,
1398 2571 1431 2622 ό
1448 2568 1612 2634 Θεὸς,
1631 2571 1665 2622 d
1681 2568 1826 2635 Θεός
1836 2587 1977 2638 μου,

405 2671 459 2708 κ.
492 2672 540 2709 τ.
572 2656 618 2709 ὲ.
655 2656 767 2709 Καὶ
797 2658 857 2711 ὲν
883 2657 959 2729 τῷ
987 2658 1064 2731 (5)
1100 2660 1444 2733 ὀγδοηκοστῷ
1492 2661 1659 2733 τρίτῳ
1698 2661 1836 2733 πρὸς
1882 2662 1980 2735 τὴν

403 2749 580 2820 ψυχήν
613 2767 777 2820 φησιν
797 2767 809 2779 ·
836 2771 855 2802 ι
879 2752 1416 2825 Ἀνακαινισθήσεται
1438 2755 1514 2817 ὡς
1536 2752 1695 2807 ἀετοῦ
1725 2757 1759 2827 ἡ
1790 2755 1978 2827 νεότης

406 2855 518 2894 σου.
543 2858 562 2891 ι
594 2839 782 2895 Ταῦτα
809 2842 1182 2914 διηγηματικὰ
1202 2844 1336 2915 πρὸς
1361 2846 1508 2917 ἡμᾶς
1529 2844 1617 2899 διὰ
1640 2846 1822 2916 μέσου.
1845 2842 1978 2901 Εἶτα

404 2932 564 2987 πάλιν
592 2933 727 3007 πρὸς
755 2935 891 2990 Θεὸν
920 2938 1028 2991 ἀπὸ
1057 2937 1152 2990 τοῦ
1174 2977 1189 3003 ,
1216 2957 1235 2990 ι
1276 2939 1770 3011 Ἐξομολογήσομαί
1802 2958 1884 2995 σοι
1916 2943 1978 2997 ὲν

2093 460 2331 530 pellavit.

2163 551 2438 621 Ejusdem.
2472 555 2586 611 Lux
2633 559 2727 615 Dei
2753 570 2808 617 et
2853 564 3053 623 veritas
3096 568 3263 639 ipsius
3290 571 3344 627 in
3377 572 3504 631 Jesu
3538 579 3658 636 ani-

2092 655 2234 697 mam
2275 646 2492 712 emissa,
2513 658 2594 703 est
2627 648 2965 722 Unigenitus.
2989 654 3096 713 Nos
3120 661 3263 715 enim
3300 663 3497 721 habere
3523 683 3661 739 pon-

2091 732 2291 823 tilicem
2338 753 2592 809 magnum
2643 738 2826 798 Iesum
2864 746 3139 805 Christum
3184 755 3276 823 qui
3316 732 3540 815 indutus
3574 772 3660 817 est

2094 822 2283 881 Filium
2338 829 2452 890 Dei.
2494 831 2788 890 declaravit
2837 836 2927 891 lux
2983 822 3217 909 quidem,
3247 846 3341 901 Dei
3386 849 3441 904 iu
3479 852 3656 922 ipsum

2092 916 2331 983 emissa;
2366 920 2652 976 veritatem
2683 938 2833 993 vero,
2875 943 2982 983 non
3016 938 3199 1002 typum
3234 950 3377 1005 esse,
3415 916 3657 1011 praesens

2091 1006 2257 1062 dictio
2283 1011 2493 1065 edocet.
2521 1010 2644 1067 Haec
2671 1029 2793 1070 cum
2830 1017 3001 1086 ipsum
3031 1022 3378 1096 deducerent,
3416 1006 3658 1090 adduxe-

2089 1108 2216 1155 ruut
2235 1114 2359 1156 eum
2399 1103 2453 1157 in
2496 1105 2793 1175 spiritalem
2831 1122 3064 1169 montem
3096 1115 3189 1172 Dei
3218 1132 3487 1190 sanctum,
3517 1137 3571 1182 et
3601 1129 3655 1183 in

2087 1206 2217 1247 vera
2245 1194 2593 1252 tabernacula
2626 1199 2815 1270 ipsius,
2843 1214 2900 1257 ut
2925 1220 3022 1262 ceu
3044 1210 3283 1278 pontifex
3312 1214 3561 1273 introiret
3586 1223 3654 1274 ad

2086 1284 2263 1341 altare
2281 1286 2395 1342 Dei.
2416 1288 2687 1346 Fortassis
2700 1303 2913 1350 autem:
2938 1313 3092 1356 mons
3105 1320 3124 1353 ι
3141 1301 3235 1358 Dei
3259 1319 3281 1356 ι
3297 1316 3516 1363 sanctus
3535 1327 3557 1362 ι
3573 1323 3659 1367 εει

2086 1373 2279 1431 domus
2292 1375 2506 1444 Patris;
2533 1397 2554 1430 ι
2581 1381 2921 1443 tabernacula
2944 1405 2965 1438 s
2989 1403 3117 1445 vero
3130 1391 3316 1462 ipsius,
3331 1396 3512 1452 multa:
3534 1413 3656 1469 qua:

2088 1465 2143 1520 in
2160 1465 2273 1535 ipsa
2289 1479 2415 1523 sunt
2432 1471 2757 1529 mansiones.
2778 1475 2872 1532 Vel
2889 1483 3265 1539 «tabernacula
3283 1504 3306 1541 ι
3323 1488 3511 1556 ipsius,
3526 1465 3656 1546 sunt

2085 1565 2289 1613 eterna
2348 1564 2606 1619 tentoria.
2661 1565 2833 1622 Porro
2874 1584 3085 1639 quaeres
3133 1584 3314 1632 utrum
3366 1578 3423 1633 in
3469 1589 3656 1637 monte

2086 1657 2275 1704 sancto
2314 1652 2661 1709 tabernacula
2715 1656 2846 1724 sint,
2881 1669 2935 1713 et
2960 1661 3142 1730 qualia
3165 1665 3276 1720 sint
3312 1682 3420 1723 :an
3445 1683 3512 1725 ea
3532 1685 3655 1740 qua

2086 1739 2226 1804 apud
2270 1738 2444 1810 ipsum
2482 1740 2649 1797 Deum
2689 1744 2968 1803 laniﬁcam
3006 1748 3340 1819 iuventutem
3368 1756 3505 1829 ejus.
3530 1738 3653 1818 Non

2085 1828 2228 1882 enim
2260 1829 2448 1887 habuit
2473 1843 2829 1892 senectutem.
2860 1838 2999 1906 Quin
3032 1853 3088 1897 et
3119 1844 3247 1902 illud
3273 1848 3340 1913 ³³,
3374 1828 3652 1909 σίιηάιιεο-

2088 1924 2170 1971 tes
2199 1931 2416 1987 novum,
2454 1938 2474 1973 ι
2501 1934 2725 1993 prapter
2758 1926 2901 1982 hanc
2920 1928 3258 1995 juventutem
3305 1933 3509 1993 dictum
3543 1947 3648 1996 est.

2084 2007 2152 2061 Et
2183 2009 2488 2067 istiusmodi
2511 2011 2769 2084 juvenum
2801 2026 2885 2073 est
2911 2018 3195 2078 festivitas.

2157 2190 2431 2262 Ejusdem.
2464 2194 2620 2253 Mons
2658 2195 2753 2254 Dei
2785 2211 3006 2258 sanctus
3042 2214 3125 2260 est
3153 2205 3400 2265 Christus
3426 2229 3442 2278 ;
3468 2215 3652 2269 taber-

2082 2283 2276 2339 nacula
2329 2295 2506 2342 autem
2553 2288 2704 2358 ejus,
2738 2302 2936 2349 sancta:
2982 2295 3234 2365 virtutes,
3265 2301 3318 2357 ia
3343 2303 3537 2371 quibus
3565 2305 3653 2360 in-

2081 2374 2311 2433 habitat.

2151 2467 2312 2539 707
2344 2469 2503 2526 Vsus.
2526 2473 2580 2526 4.
2619 2475 2703 2528 Ad
2740 2475 2905 2532 Deum
2937 2478 3029 2550 qui
3068 2480 3303 2552 letiﬁca:
3332 2486 3649 2549 iuuentutem

2081 2574 2270 2627 meam,
2299 2562 2584 2630 conﬁtebor
2611 2565 2705 2619 tibi
2745 2568 2803 2621 in
2849 2569 3077 2637 cithara,
3129 2575 3268 2631 Deus
3298 2576 3436 2634 Deus
3462 2597 3607 2637 meus
3627 2623 3643 2650 ,

2079 2658 2187 2705 etc.
2217 2651 2390 2707 Etiam
2424 2654 2474 2708 in
2497 2659 2830 2727 octogesimo
2861 2662 3018 2718 tertio
3041 2664 3251 2733 psalmo
3269 2669 3344 2724 ait
3363 2670 3443 2724 ”:
3482 2689 3504 2725 ι
3538 2672 3643 2729 IIe-

2079 2744 2368 2799 novabitur
2393 2754 2454 2801 ut
2486 2747 2681 2817 aquilae
2705 2749 2958 2820 juventus
2997 2761 3109 2811 tua.
3159 2776 3180 2809 ι
3215 2758 3339 2816 Haec
3372 2764 3646 2823 mediante

2078 2835 2324 2907 exemplo
2345 2837 2528 2907 aliquo
2558 2840 2714 2897 nobis
2751 2844 3108 2911 explicantur.
3138 2847 3337 2908 Deinde
3356 2869 3546 2913 rursus
3575 2861 3644 2915 ad

2078 2925 2245 2983 Deum
2280 2928 2519 3001 loquitur
2555 2934 2625 2985 ab
2662 2932 2748 2987 his
2796 2935 2974 2991 verbis
3008 2955 3023 2992 :
3053 2956 3072 2990 ι
3115 2938 3423 3005 Conlitebor
3445 2947 3543 3003 tibi
3584 2949 3641 3005 in

404 3024 625 3098 κιθάρᾳο
660 3049 680 3080 ι
718 3029 929 3100 μήποτε
956 3030 1034 3102 τῷ
1054 3031 1380 3104 ἁρμοσθέντι
1411 3031 1515 3085 ὑπὸ
1541 3032 1636 3087 τοῦ
1670 3033 1977 3107 πνεύματος

2092 3020 2312 3089 :ithara,
2352 3042 2373 3075 ι
2416 3022 2556 3079 forte
2610 3038 2837 3095 corpore
2883 3028 3026 3094 quod
3074 3045 3104 3085 a
3158 3026 3351 3104 spiritu
3398 3047 3641 3110 aptatum

407 3117 637 3190 σώματι.

473 3213 776 3266 Ἕλπισον
803 3212 901 3267 ἐπὶ
939 3213 1047 3268 τὸν
1076 3214 1252 3280 Θεὸν,
1313 3215 1404 3269 ὅτι
1456 3214 1972 3286 ἐξομολογήσομαι

401 3302 580 3370 αὐτῷ,
614 3305 913 3374 σωτήριον
943 3306 1051 3361 τοῦ
1080 3305 1406 3374 προσώπου
1427 3326 1548 3377 μου
1592 3311 1626 3363 ὀ
1660 3310 1805 3374 Θεός
1829 3327 1970 3378 μου,

401 3412 457 3449 κ.
487 3413 538 3449 τ.
572 3397 618 3451 έ.
673 3396 739 3449 Ἦ
771 3396 917 3468 ψυχὴ
950 3396 1119 3451 δεῖται
1135 3396 1212 3468 (6)
1244 3400 1600 3471 ὑπομνήσεως
1633 3400 1753 3471 τῆς,
1782 3417 1802 3451 ι
1836 3400 1962 3453 Ἕλ-

401 3502 559 3544 πισον
584 3490 677 3544 ἐπὶ
703 3490 795 3545 τὸν
821 3490 971 3546 Θεόν.
988 3511 1006 3544 ι
1022 3492 1292 3565 Σωτήρων
1317 3493 1375 3547 δὲ
1400 3490 1497 3546 τοῦ
1524 3492 1818 3567 προσώπου
1846 3494 1976 3549 ἀνα-

398 3580 836 3654 κεκαλυμμένου,
882 3584 979 3637 καὶ
1010 3583 1111 3656 τὴν
1154 3584 1313 3650 δόξαν
1341 3586 1546 3657 Κυρίου
1595 3587 1977 3659 κατοπτρίζειν

398 3674 541 3729 κατὰ
568 3675 668 3748 τὴν
700 3673 867 3746 αὐτὴν
891 3712 906 3740 ,
940 3676 1216 3729 τουτέστιν
1253 3678 1514 3742 ὡσαύτως
1540 3677 1788 3749 ἔχουσαν,
1812 3696 1979 3752 μετα-

401 3766 779 3839 μορφουμένου
808 3767 1043 3833 παντὸς,
1074 3769 1168 3823 καὶ
1198 3770 1433 3840 μάλιστα
1462 3771 1555 3824 τοῦ
1596 3770 1773 3842 Ἰησοῦ
1805 3775 1970 3825 ἐστιν.

952 3952 1244 4008 ΨΔΛΜΟΣ
1279 3955 1409 4010 Ml".

478 4040 531 4095 Ὀ
552 4042 714 4109 Θεὸς,
727 4043 798 4097 ἐν
815 4042 940 4110 τοῖς
967 4044 1119 4099 ὠσίν
1138 4044 1305 4116 ἡμῶν
1328 4047 1691 4118 ἠκούσαμεν-ο
1707 4052 1774 4103 Ol
1790 4052 1969 4107 πατέ-

386 4146 495 4201 ρες
517 4133 686 4203 ἡμῶν
697 4134 1062 4206 ἀνήγγειλαν
1079 4137 1247 4208 ἡμῖν,
1266 4154 1320 4192 κ.
1334 4155 1385 4191 τ.
1402 4141 1450 4192 ὲ.
1468 4140 1563 4193 Ἐκ
1578 4141 1871 4214 προσώπου
1889 4145 1966 4217 (7)

392 4221 502 4275 τῶν
528 4224 587 4275 ὲν
614 4226 681 4295 τῇ
712 4224 979 4297 διασπορᾷ
1013 4226 1043 4278 6
1083 4227 1321 4298 ψαλμὸς,
1350 4228 1385 4301 ἢ
1421 4231 1487 4283 ὲκ
1522 4232 1815 4303 προσώπου
1854 4234 1966 4291 τῶν

390 4313 501 4368 ἀπὸ
529 4314 639 4369 τῶν
680 4315 869 4385 ἐθνῶν,
898 4318 1091 4383 οἵτινες
1121 4320 1468 4387 ἐπίστευσαν,
1497 4324 1557 4387 ἐξ
1577 4324 1748 4397 ἀκοῆς
1785 4344 1965 4399 παρα-

393 4407 646 4471 λαὸόντες
666 4407 757 4463 τὸν
780 4408 936 4478 λόγον
964 4410 1073 4464 ἀπὸ
1098 4410 1195 4464 τοῦ
1234 4413 1469 4486 Ἰσραὴλ,
1498 4409 1544 4484 ᾧ
1571 4414 1725 4489 ὤφθη
1754 4420 1782 4471 6
1808 4418 1960 4482 Θεός.

392 4499 467 4551 Τὸ
510 4498 568 4552 δὲ
603 4499 729 4571 ἑξῆς
764 4498 852 4553 διὰ
886 4499 979 4564 τὸ,
1008 4519 1027 4553 t
1065 4501 1442 4575 Ἐπερώτησον
1462 4505 1556 4560 τὸν
1601 4507 1814 4579 πατέρα
1847 4526 1963 4573 σου,

391 4593 487 4647 καὶ⁸
519 4593 807 4663 ἀναγγελεῖ
837 4609 937 4646 σοι.
969 4609 990 4646 ›
1030 4594 1176 4667 Πλὴν
1204 4595 1364 4661 εἴτις
1393 4598 1744 4668 ἀναγγέλλει,
1781 4601 1965 4673 πατήρ

390 4682 558 4736 ἐστιν.

472 4865 535 4921 Ἠ
561 4867 690 4936 χείρ
717 4880 837 4922 σου
861 4868 1008 4938 ἔθνη
1033 4868 1461 4939 ἐξωλόθρευσε,
1492 4890 1546 4928 κ.
1578 4890 1630 4931 τ.
1655 4873 1702 4929 ἑ,
1740 4874 1958 4929 Κακίαν

2076 3120 2185 3170 est.

2149 3205 2317 3264 Vsus.
2358 3206 2411 3263 5.
2452 3208 2620 3280 Spera
2642 3214 2697 3266 in
2722 3212 2853 3278 Deo,
2880 3218 3129 3285 quoniam
3158 3219 3332 3272 adhuc
3354 3220 3640 3290 conﬁtebor

2077 3298 2159 3354 illi
2188 3316 2207 3353 :
2231 3298 2467 3356 salutare
2494 3303 2664 3358 vultus
2684 3307 2786 3359 mei
2809 3305 2948 3361 Deus
2971 3324 3135 3373 meus,
3161 3318 3264 3364 etc.
3292 3311 3484 3367 Anima
3506 3328 3643 3385 opus

2081 3393 2242 3449 habet
2266 3395 2369 3450 hac
2391 3398 2831 3464 commonitione,
2854 3418 2872 3452 ι
2893 3399 3062 3470 Spera
3093 3401 3144 3456 in
3172 3400 3304 3458 Deo.
3333 3422 3355 3458 ι
3390 3403 3643 3463 Salutare

2070 3496 2251 3542 autem
2273 3488 2454 3545 vultus
2490 3490 2731 3560 revelati,
2765 3500 2821 3548 et
2848 3493 3073 3564 gloriam
3112 3495 3327 3551 Domini
3379 3508 3543 3569 prout
3582 3500 3639 3555 iu

2071 3596 2131 3636 se
2158 3592 2265 3652 est,
2307 3584 2411 3639 hoc
2437 3594 2524 3641 est
2548 3585 2736 3642 eodem
2768 3588 2926 3642 modo
2956 3603 3015 3644 se
3041 3589 3325 3645 habentem
3349 3630 3367 3659 ,
3392 3606 3638 3662 eernere,

2072 3684 2155 3728 est
2177 3674 2417 3744 cujusvis
2449 3677 2845 3745 transformati,
2867 3688 2924 3735 et
2949 3683 3182 3739 maxime
3207 3680 3354 3740 Iesu.

2583 3950 2707 4007 PSA
2717 3950 2901 4009 LMUS
2932 3952 3114 4011 XLIII.

2147 4048 2304 4102 Vens.
2342 4046 2397 4101 2.
2424 4042 2587 4111 Deus,
2613 4045 2828 4100 auribus
2852 4047 3044 4101 nostris
3079 4051 3376 4108 audivimus
3401 4069 3424 4109 ε
3446 4053 3637 4111 Patres

2071 4142 2236 4195 nostri
2273 4141 2722 4194 annuntiauerunt
2764 4139 2933 4208 nobis,
2961 4149 3070 4198 etc.
3100 4142 3343 4201 Psaltnus
3374 4147 3464 4204 hic
3504 4164 3637 4219 pro-

2067 4233 2348 4287 nuntiatus
2372 4239 2457 4286 est
2493 4244 2560 4285 ex
2603 4243 2831 4301 persona
2861 4245 3048 4287 eorum
3079 4235 3169 4303 qui
3207 4234 3423 4292 fuerunt
3459 4239 3517 4295 in
3549 4243 3637 4296 di-

2067 4323 2377 4394 spersione;
2398 4322 2479 4378 vel
2506 4336 2573 4377 ex
2597 4336 2828 4391 persona
2852 4323 3088 4392 gentium
3117 4340 3238 4395 quae
3266 4326 3634 4399 crediderunt,

2068 4433 2136 4474 ex
2187 4416 2372 4474 auditu
2421 4430 2728 4472 sermonem
2760 4416 3125 4485 percipientes
3172 4422 3242 4476 ab
3293 4421 3511 4491 lsraele,
3543 4427 3634 4482 cui

2069 4510 2209 4566 Deus
2240 4516 2584 4580 apparuerat.
2614 4506 2765 4574 Quod
2801 4519 2980 4563 autem
3032 4511 3299 4580 sequitur,
3323 4513 3524 4570 dictum
3550 4527 3635 4574 est

2068 4610 2289 4671 propter
2325 4599 2454 4654 illud
2487 4617 2502 4655 τ
2532 4617 2552 4651 ι
2586 4598 2859 4671 Interroga
2903 4609 3113 4670 patrem
3153 4610 3385 4671 tuum,et
3417 4621 3633 4664 annun-

2067 4690 2225 4745 tiabit
2264 4688 2381 4745 tibi.
2437 4708 2459 4742 ι
2490 4688 2805 4760 Quanquam
2847 4700 2901 4747 et
2928 4693 2974 4747 si
3018 4693 3141 4765 quis
3189 4697 3498 4764 annuntiat,
3539 4715 3635 4772 pa-

2069 4790 2152 4837 ter
2183 4789 2285 4835 est.

2137 4869 2300 4926 Vens.
2334 4871 2390 4927 3.
2428 4870 2623 4926 Manus
2672 4881 2768 4941 tua
2799 4880 2974 4943 gentes
3005 4874 3341 4944 disperdidit,
3385 4885 3495 4936 etc.
3537 4880 3633 4936 Vi-

391 4957 489 5026 μὲν
519 4957 595 5030 (8)
628 4960 723 5012 καὶ
751 4960 1024 5029 ἀγνωσίαν
1065 4959 1403 5034 ἐξολοθρεύει
1458 4964 1591 5029 Θεὸς
1610 5005 1625 5031 ,
1665 4966 1865 5038 ἀρετὴν
1900 4967 1960 5020 δὲ

2092 4958 2196 5015 ium
2227 4970 2281 5016 et
2322 4962 2680 5031 ignorantiam
2706 4962 2969 5033 disperdit
2997 4963 3140 5022 Deus
3163 4984 3177 5033 ;
3204 4968 3460 5026 virtutem
3498 4987 3632 5028 vero

385 5049 483 5102 καὶ
512 5050 712 5119 γνῶσιν
741 5050 1120 5121 καταφυτεύει.
1155 5072 1175 5106 ι
1204 5055 1362 5108 Πᾶσα
1399 5054 1509 5129 γὰρ
1543 5057 1735 5127 φυτεία
1762 5059 1830 5129 ἢν
1858 5058 1958 5114 οὐκ

2097 5052 2415 5108 tscientiam
2447 5053 2675 5124 plantat.
2704 5071 2724 5105 ι
2752 5052 2939 5110 Omnis
2985 5057 3129 5110 enim
3174 5055 3436 5128 plantatio
3465 5075 3627 5132 quam

386 5141 679 5211 ἐφύτευσεν
708 5145 737 5197 6
763 5143 916 5209 Θεὸς,
948 5143 1395 5216 ἐκριζωθήσεται.
1423 5166 1442 5199 s
1483 5148 1651 5221 Ἔθνη
1681 5148 1831 5219 λέγει
1854 5149 1957 5215 τὰς

2092 5160 2167 5200 ιοο
2210 5146 2474 5215 plantavit
2505 5147 3050 5213 Deus,eradicabitur
3076 5148 3143 5204 “.
3182 5168 3202 5203 ι
3239 5151 3490 5210 Gentium
3529 5172 3634 5213 uo-

385 5231 550 5286 πέντε
563 5232 897 5305 σατραπείας
906 5233 1002 5298 τὰς
1015 5235 1073 5287 ὲν
1094 5233 1446 5309 Παλαιστίνῃ,
1465 5236 1778 5306 Γεθθαίους,
1795 5237 1956 5304 ’Δζω-

2092 5238 2207 5294 nine
2260 5239 2512 5311 intelligit
2556 5240 2797 5314 quinque
2834 5243 3142 5314 provincias
3175 5243 3493 5318 Palaestinae,
3520 5250 3629 5308 Ge-

437 5409 441 5412 ›
491 5374 537 5408 ⁸⁸
566 5372 984 5442 Coloss.m,l0.
1055 5376 1102 5409 "
1127 5374 1272 5433 Psal.
1295 5392 1390 5444 cu,
1424 5378 1479 5434 5.
1553 5377 1805 5435 “Matth.
1833 5394 1925 5446 xv,
1964 5379 2052 5436 15.

482 5490 537 5563 5)
563 5490 632 5563 Τὸ
649 5490 1197 5563 ἐξαδζεσταλμένον,
1226 5501 1328 5548 etc.
1371 5493 1574 5551 Catena
1595 5493 1863 5553 Corderii.

484 5562 538 5631 at)
570 5561 739 5628 Ὄρος
768 5562 958 5631 ἅγιον,
988 5561 1096 5619 etc.
1125 5562 1305 5620 Codex
1335 5564 1726 5624 Coislinianus.

482 5630 538 5692 5)
572 5633 679 5690 Kal
709 5632 779 5684 ἐν
802 5630 900 5697 τῷ,
940 5642 1045 5688 etc.
1072 5632 1270 5688 Catena
1294 5634 1562 5697 Corderii.

458 5694 535 5772 (ὃ)
580 5700 653 5757 Ἦ
685 5694 862 5773 ψνχῆ
888 5694 1091 5773 δεῖται,
1115 5714 1221 5762 etc.
1256 5694 1483 5766 Eadem.

2131 5494 2209 5568 (7)
2249 5497 2349 5551 Ἐκ
2383 5508 2731 5568 προσώπου,
2759 5497 3107 5568 gagatem
3135 5494 3382 5555 Corderii
3406 5506 3462 5556 et
3479 5500 3622 5558 Bar-

2061 5565 2200 5632 bsri,
2237 5581 2338 5621 nec
2371 5582 2479 5620 non
2510 5566 2722 5621 scheda:
2751 5565 2960 5626 Crabii.
3629 5583 3636 5607 ι

2128 5642 2468 5723 (multantur
2490 5641 2625 5708 μέν,
2668 5652 2773 5723 etc.
2804 5645 3004 5723 Catena
3032 5643 3293 5723 .Barbari,
3324 5657 3380 5723 et
3405 5649 3619 5710 scheibe

2056 5706 2255 5778 Grabii,
2294 5706 2616 5782 partimQue'
2631 5711 2801 5782 codex
2826 5712 3201 5775 Coisllnianus.
