3970 6160
283 324 423 379 MSS

1217 320 1527 379 SELECTA
1566 320 1636 377 IN
1669 321 2008 382 PSALMOS.
2049 354 2119 367 —-
2156 320 2348 378 PSAL.
2390 319 2572 376 XLIII.

3375 314 3399 368 I
3409 315 3510 371 426

338 430 597 495 "Eduard;
638 432 794 502 ἡμᾶς
845 443 925 503 ὡς
970 440 1233 506 πρόϐατα
1270 441 1572 509 βρώσεως,
1615 460 1670 496 κ.
1706 460 1756 496 τ.
1790 445 1817 496 ὲ

2017 443 2179 498 Vens.
2210 442 2294 496 I2.
2326 441 2527 496 Dedisti
2566 456 2657 494 nos
2695 449 2943 509 tauquam
2973 453 3089 493 oues
3110 451 3370 502 escarum,
3400 445 3507 492 etc.

267 518 338 572 Οὐ
367 520 476 588 γὰρ
504 521 679 574 πάντα
706 522 817 593 (16)
835 525 903 579 τὰ
924 527 1171 598 πρόϐατα
1198 528 1454 604 βρώσεὼς
1480 534 1634 587 εἰσιν.
1685 533 1837 586 Ἐπεὶ

263 611 318 665 δὲ
346 612 552 677 ἔδωκας
580 615 728 685 ἡμᾶς
760 615 838 682 ὡς
874 620 1121 692 πρόϐατα
1155 622 1439 694 βρώσεως,
1479 643 1498 677 ι
1522 626 1579 679 ἐν
1602 625 1679 695 τῷ
1738 625 1840 680 ἒπ-

256 700 551 767 αναστῆναι
564 702 884 775 ἀνθρώπους
898 709 996 778 ἐφ’
1030 712 1199 783 ἡμᾶς,
1231 714 1340 785 ἄρα
1377 715 1584 781 ζῶντας
1618 715 1684 769 ἂν
1710 731 1840 769 κατ-

260 792 411 847 έπιον
448 793 614 865 ἡμᾶς.
646 812 667 849 s
712 795 1030 854 Ἀπωθεῖται
1076 801 1135 855 δὲ
1164 805 1193 856 ὀ
1224 803 1355 868 Θεὸς
1394 806 1489 875 ἀφ’
1535 804 1728 859 ἑαυτοῦ
1774 806 1834 858 οὐ

261 883 490 939 πάντοτε
538 886 608 940 δι’
648 889 943 962 ἁμαρτίας,
971 892 1107 948 ἀλλά
1137 894 1233 949 καὶ
1259 895 1328 949 δι’
1370 896 1535 962 ἄλλας
1587 898 1654 962 ἃς
1698 894 1837 953 οἶδεν

258 976 456 1042 αἰτίας.
490 978 564 1032 Οὐ
594 981 702 1044 πᾶς
727 981 785 1035 δὲ
819 984 900 1048 είς
922 983 993 1037 τά
1018 985 1193 1041 ὀπίσω
1225 988 1702 1062 ἀποστρεφόμενος
1735 991 1835 1062 ψε-

260 1067 403 1131 κτῶς
446 1069 737 1139 ὑφίσταται
768 1072 946 1139 τοῦτο,
992 1077 1108 1129 ἀλλ’
1133 1080 1187 1132 εἴ
1216 1097 1301 1144 τις
1334 1081 1521 1151 φυγὼν
1554 1082 1624 1136 τά
1670 1083 1834 1147 κακὰ,

260 1159 396 1232 πρὸς
423 1163 563 1219 αὐτά
605 1166 764 1221 πάλιν
809 1169 1167 1243 ὑποστρέφειν
1194 1173 1383 1228 ὲθέλοι.
1417 1174 1482 1229 Ei
1514 1176 1571 1231 δέ
1595 1194 1700 1243 τις,
1737 1178 1836 1250 τὴν

261 1250 394 1306 Σιὼν
423 1254 785 1326 καταλείψας,
838 1260 1083 1314 τουτέστι
1138 1261 1238 1335 τὴν
1281 1264 1517 1338 ἀρετὴν,
1567 1266 1838 1335 ἐπείγοιτο

262 1340 396 1411 πρὸς
422 1343 521 1415 τὴν
552 1347 779 1414 κακίαν,
809 1348 1101 1404 Βαϐυλῶνα
1142 1353 1487 1426 καλουμένην
1509 1396 1524 1421 ,
1572 1356 1838 1428 ἀποστρε-

261 1430 488 1503 φόμενος
512 1438 591 1501 είς
617 1437 688 1493 τὰ
714 1441 907 1507 ὀπίσω,
940 1444 1206 1517 μακάριον
1236 1447 1555 1518 ἀναδέχεται
1580 1451 1829 1520 πρᾶγμα.

261 1525 319 1576 Οί
345 1525 401 1578 δὲ
427 1527 522 1583 νῦν
550 1529 833 1600 λέγοντες,
865 1536 987 1589 ἐπεὶ
1016 1537 1167 1607 παρά
1195 1540 1307 1602 τοῖς
1341 1539 1556 1612 ἐχθροῖς
1604 1542 1832 1610 γεγόνα-

264 1634 343 1671 σιν
366 1621 826 1692 ἀποστραφέντες,
851 1628 928 1691 είς
956 1629 1022 1683 τά
1045 1628 1219 1683 ὀπίσω
1245 1630 1461 1700 ψεκτῶς
1486 1633 1828 1705 περιέπεσον.

337 1709 578 1764 Ἀπέδου
605 1713 712 1765 τὸν
742 1717 896 1770 λαόν
927 1733 1043 1771 σου
1069 1718 1216 1773 ἄνευ
1240 1717 1436 1788 τιμῆς,
1455 1737 1509 1775 κ.
1543 1737 1595 1774 τ.
1623 1723 1669 1773 ὲ.
1699 1718 1833 1786 Ταῖς

1940 533 2053 587 Non
2099 535 2241 588 enim
2291 546 2485 588 omnes
2523 547 2654 588 oves
2686 530 3037 586 comestionis
3069 537 3214 585 sunt.
3241 527 3507 596 Quoniam

1941 641 2067 679 vero
2095 625 2289 679 dedisti
2328 641 2425 679 nos
2459 634 2710 695 tanquam
2758 638 2887 678 oves
2923 621 3293 686 comestionis,
3334 638 3353 671 ι
3385 634 3508 674 eum

1939 727 2291 787 exsurgerent
2336 717 2583 772 homines
2617 717 2669 770 in
2709 730 2830 779 nos,
2875 715 3015 769 forte
3062 713 3217 766 vivos
3249 708 3508 781 degiulis-

1939 818 2061 861 sent
2090 824 2189 862 nos
2207 808 2273 862 °".
2306 826 2324 859 ι
2350 806 2584 876 chellit
2605 815 2788 861 autem
2822 806 2962 860 Deus
2989 821 3018 858 a
3050 819 3130 873 se,
3157 818 3261 859 non
3292 814 3509 872 semper

1940 910 2160 968 prepter
2192 907 2436 969 peccata,
2460 900 2553 954 sed
2578 900 2743 954 etiam
2775 898 2844 953 ob
2876 898 3012 952 alios
3040 911 3176 966 quas
3200 894 3349 951 novit
3380 906 3511 950 eau-

1938 1006 2048 1046 sas.
2074 990 2188 1047 Non
2213 992 2391 1047 omnis
2421 1006 2549 1046 vero
2590 991 2679 1060 qui
2713 998 2861 1045 retro
2898 990 3253 1054 convertitur,
3280 985 3509 1058 ignomi-

1939 1086 2091 1140 niose
2132 1085 2237 1140 hoc
2279 1085 2530 1148 sustinet,
2567 1083 2660 1137 sed
2685 1083 2729 1138 si
2762 1082 2903 1152 quis,
2947 1095 3068 1137 cum
3102 1079 3240 1136 maia
3288 1080 3507 1150 ingerit,

1940 1175 2005 1227 ad
2039 1175 2228 1227 eadem
2261 1188 2454 1229 rursus
2483 1173 2681 1227 reverti
2719 1173 2867 1228 velit.
2902 1172 2958 1226 Si
2987 1172 3113 1242 quis
3140 1185 3291 1234 vero,
3323 1170 3506 1226 relicta

1939 1263 2092 1328 Sion,
2126 1264 2229 1320 hoc
2258 1274 2360 1332 est,
2403 1264 2625 1330 virtute,
2669 1263 2961 1319 contendat
3002 1263 3069 1317 ad
3105 1261 3326 1323 malum.
3363 1260 3506 1332 quod

1937 1354 2172 1427 Babylon
2200 1366 2559 1427 nuncupatur,
2600 1365 2748 1413 retro
2778 1373 2839 1413 se
2877 1355 3264 1416 convertenda,
3296 1354 3508 1407 beatam

1940 1462 2052 1501 rem
2097 1447 2432 1517 aggreditur.
2465 1447 2566 1515 Qui
2615 1458 2796 1502 autem
2831 1462 2975 1502 nunc
3016 1445 3343 1517 loquuntur,
3371 1459 3506 1514 quo-

1937 1537 2084 1592 niam
2111 1537 2275 1608 709
2295 1541 2435 1608 apud
2465 1539 2712 1593 inimicos
2751 1538 2999 1595 conversi
3032 1547 3183 1603 sunt,
3210 1546 3507 1591 retrorsum
3576 1534 3579 1537 “

1937 1631 2331 1683 contumeliose
2364 1629 2698 1683 ceciderunt.

2011 1720 2172 1776 Vens.
2216 1720 2304 1774 I3.
2359 1718 2651 1795 Vendidisti
2681 1721 2930 1788 populum
2960 1726 3110 1773 tuum
3155 1718 3269 1773 sine
3310 1717 3506 1787 pretio,

257 1798 363 1869 γὰρ
396 1801 693 1873 ἁμαρτίαις
719 1803 828 1876 (I7)
860 1809 1202 1882 ὲπράθημεν,
1231 1810 1322 1879 ἀφ’
1363 1803 1440 1866 ὧν
1487 1813 1638 1883 ἡμᾶς
1699 1814 1823 1885 Χρι-

1941 1821 2042 1866 etc.
2092 1809 2340 1866 Peccatis
2378 1811 2523 1866 enim
2576 1810 2780 1866 venditi
2831 1826 3043 1879 sumus,
3090 1825 3119 1865 a
3168 1810 3367 1882 quibus
3407 1825 3507 1867 nos

255 1890 378 1954 sub;
410 1891 758 1965 ἐξηγόρασεν.

328 1986 502 2039 Ἔθου
534 1987 691 2056 ἡμᾶς
717 1991 949 2059 ὄνειδος
969 1993 1093 2061 τοῖς
1110 1995 1375 2065 γείτοσιν
1394 1995 1582 2066 ἡμῶν,
1620 2014 1673 2053 κ.
1705 2016 1755 2052 τ.
1782 2000 1828 2053 ὲ.

255 2076 317 2127 Οἱ
345 2079 659 2145 γειτνιῶντα
696 2082 806 2153 (I8)
839 2084 1085 2155 δόγματα
1112 2087 1347 2158 ἔχοντες,
1377 2090 1616 2158 γείτονες
1639 2108 1652 2121 ο
1686 2092 1735 2146 oi
1772 2091 1829 2145 δὲ

252 2168 398 2223 ᾶλ-λοι
428 2171 632 2242 κύκλῳ.
673 2192 692 2226 t
730 2176 892 2229 Ἐθου
941 2179 1088 2248 ἡμᾶς
1125 2182 1206 2240 είς
1243 2181 1563 2255 παραϐολὴν
1615 2186 1674 2238 ὲν
1712 2188 1828 2250 τοῖς

251 2258 478 2327 ἔθνεσιν,
539 2266 643 2336 (οξ
697 2268 806 2339 γάρ
836 2270 943 2323 ἀπὸ
993 2270 1101 2324 τῶν
1141 2270 1330 2339 ἐθνῶν,
1369 2274 1446 2339 ὡς
1515 2278 1828 2351 παραϐολὴν

252 2352 431 2420 ἔχουσι
454 2354 546 2407 τὸν
587 2354 822 2429 Ἰσραὴλ,
848 2360 942 2413 καὶ
971 2360 1046 2426 ὡς
1070 2363 1128 2414 ἐν
1182 2365 1464 2438 παραϐολῇ
1519 2366 1672 2421 λύσιν
1734 2369 1828 2440 ζη-

251 2443 402 2497 τοῦσι
432 2448 559 2518 περὶ
598 2447 707 2501 τῶν
760 2452 881 2505 κατ’
913 2452 1184 2524 αὐτούς’)
1247 2458 1340 2512 καὶ
1395 2460 1609 2531 κίνησιν
1659 2479 1828 2531 κεφα-

252 2534 369 2604 λῆς,
404 2554 423 2588 s
472 2539 715 2593 τουτέστι
763 2542 1025 2613 Χριστοῦ.
1085 2545 1310 2601 Ἐκεῖνοι
1366 2551 1653 2619 γεγόνασιν
1710 2570 1731 2606 t
1769 2556 1826 2607 ὲν

249 2631 359 2693 τοῖς
383 2630 556 2695 λαοῖς.
597 2652 615 2684 ι

315 2721 425 2774 Καὶ
470 2724 509 2792 ἡ
553 2726 815 2795 αἰσχύνη
867 2728 976 2782 τοῦ
1026 2730 1352 2798 προσώπου
1392 2752 1511 2804 μου
1553 2736 1826 2807 ἑκάλυψέ

242 2828 336 2879 με,
369 2830 422 2865 κ.
464 2832 515 2869 τ.
551 2816 599 2870 ὲ.
654 2818 912 2883 Ἑαυτοὺς
967 2822 1066 2891 μὲν
1109 2821 1220 2893 (I9)
1271 2826 1637 2898 αἰσχυνόμεθα
1684 2831 1825 2885 κατά

245 2904 483 2962 διάνοιαν
544 2910 981 2982 ἁμαρτάνοντες’
1037 2915 1164 2981 τοὺς
1204 2916 1262 2970 δὲ
1322 2917 1641 2991 ἀνθρώπους
1703 2926 1823 2976 κατ’

247 2996 523 3067 ἐνέργειαν
559 3000 1023 3074 πλημμελοῦντες.

1936 1902 2188 1959 Christus
2213 1903 2462 1958 redemit.

2004 1994 2171 2050 Vens.
2205 1994 2291 2049 14.
2330 1991 2568 2049 Posuisti
2589 2010 2682 2049 nos
2717 1993 3054 2064 approbrium
3078 1994 3261 2050 vicinis
3285 1993 3503 2063 nostris,

1934 2095 2045 2142 etc.
2076 2086 2179 2153 Qui
2222 2084 2402 2140 aliinia
2448 2085 2698 2158 dogmata
2746 2086 2966 2155 habent,
3026 2086 3186 2141 vicini
3231 2095 3380 2153 sunt,
3412 2085 3505 2141 alii

1933 2191 2062 2231 vero
2087 2177 2139 2230 in
2167 2177 2428 2233 circuitu.
2466 2194 2485 2228 ι
2520 2175 2752 2233 Posuisti
2787 2191 2885 2232 nos
2912 2177 2966 2231 in
2994 2176 3410 2232 similitudinem
3444 2177 3498 2233 in

1931 2267 2182 2337 gentibus
2231 2266 2442 2339 (gentes
2497 2262 2642 2321 enim
2708 2266 2861 2320 velut
2919 2265 3233 2336 parabolam
3283 2275 3504 2321 censent

1932 2357 2204 2423 Israelem,
2236 2367 2291 2412 et
2324 2356 2470 2411 velut
2495 2357 2549 2411 in
2586 2355 2850 2426 parabola
2887 2355 3213 2411 solutionem
3250 2366 3502 2427 quaerunt

1931 2464 2115 2503 rerum
2163 2445 2408 2518 suarum)
2457 2457 2513 2503 et
2565 2447 2988 2503 commotionem
3025 2447 3242 2517 capitis,
3272 2465 3290 2500 ι
3329 2447 3383 2505 id
3416 2456 3501 2504 est

1929 2540 2154 2594 Christi.
2183 2539 2289 2612 lpSi
2321 2539 2453 2596 facti
2485 2547 2612 2595 sunt
2645 2556 2664 2592 ι
2695 2538 2750 2593 in
2781 2539 3016 2611 populis.
3047 2557 3068 2593 ι

2004 2723 2167 2780 Vens.
2212 2724 2299 2780 I6.
2340 2722 2409 2777 Et
2434 2724 2677 2793 confusio
2718 2723 2880 2794 faciei
2911 2739 3039 2778 mete
3080 2724 3351 2791 conponit
3393 2739 3498 2792 ore,

1928 2826 2038 2871 etc.
2065 2816 2175 2872 Nos
2214 2818 2361 2886 ipsos
2381 2803 2791 2882 contundimus,
2818 2830 2939 2869 cum
2969 2825 3149 2871 mente
3177 2828 3498 2887 peccamus;

1927 2911 2177 2966 [nomines
2202 2925 2332 2965 vero
2363 2924 2484 2965 cum
2521 2909 2777 2980 operibus
2804 2909 3188 2979 delinquimus.

317 3090 459 3144 Ἀπὸ
487 3092 693 3161 φωνῆς
743 3095 1134 3164 ὀνειδίζοντος
1162 3098 1262 3153 καὶ
1306 3105 1816 3173 καταλαλοῦντος,

1998 3093 2163 3150 Vens.
2224 3094 2312 3150 I7.
2373 3095 2416 3149 Α
2466 3112 2586 3151 voce
2631 3096 2998 3164 exprobrantis
3046 3106 3095 3150 et
3139 3097 3497 3165 obloauentis,

246 3197 300 3235 κ.
332 3199 382 3236 τ.
420 3183 466 3237 ὲ.
499 3184 670 3238 Τοῦτο
706 3185 923 3242 λεκτέον
943 3188 1056 3261 (20)
1084 3191 1223 3261 πρὸς
1281 3194 1407 3259 τοὺς
1455 3199 1514 3250 ὲν
1562 3196 1820 3270 διωγμοῖς

1941 3197 2034 3245 atc.
2086 3187 2199 3244 [ioc
2230 3190 2518 3244 dicendum
2545 3197 2631 3243 est
2664 3189 2731 3243 ad
2765 3203 2858 3244 eos
2886 3189 2978 3259 qui
3014 3191 3066 3243 in
3099 3191 3498 3260 persecutioni-

245 3270 664 3344 ὑπομείναντας.

316 3367 426 3419 Καὶ
466 3370 578 3423 οὐκ
631 3368 1010 3443 ἠδικήσαμεν
1042 3376 1113 3430 ἐν
1145 3378 1405 3447 Διαθήκῃ
1445 3395 1584 3447 σου,
1614 3400 1667 3438 κ.
1687 3401 1741 3438 τ.
1770 3385 1816 3438 ὲ.

256 3454 315 3549 '(l
339 3457 671 3531 ἁμαρτάνων
704 3462 815 3534 (21)
840 3464 1015 3530 εἰδὼς,
1048 3467 1224 3522 ἀδικεῖ
1270 3471 1330 3524 ἐν
1360 3473 1601 3549 Διαθήκῃ
1655 3476 1812 3530 Θεοῦ.

249 3563 270 3596 s
301 3548 410 3602 Καὶ
449 3551 548 3604 οὐκ
581 3553 787 3627 ἀπέστη
839 3559 920 3621 είς
951 3558 1021 3613 τὰ
1050 3561 1284 3634 ὀπίσωή
1320 3565 1517 3637 καρδία
1568 3548 1746 3639 ἡμῶν,
1793 3588 1812 3620 ι

241 3640 320 3705 ὼς
348 3642 446 3713 τῆς
475 3643 598 3696 Λὼτ
615 3648 890 3715 γυναικὸς,
926 3650 959 3722 ἢ
983 3652 1078 3705 τοῦ
1105 3650 1358 3719 βαλόντος
1390 3656 1490 3729 τὴν
1534 3662 1691 3730 χεῖρα
1729 3660 1816 3714 ἐπ’

241 3732 493 3806 ἄροτρον,
526 3737 558 3808 ἢ
598 3738 797 3808 μᾶλλον
831 3741 1036 3798 τούτων
1062 3747 1259 3812 οἵτινες
1301 3748 1654 3822 ἐστράφησαν
1696 3754 1817 3817 ταῖς

242 3826 494 3899 καρδίαις
524 3831 602 3893 είς
624 3831 914 3900 Αἴγυπτον.

318 3918 428 3972 Τοῦ
466 3920 670 3976 αὐτοῦ.
717 3924 919 3979 Ἀδικεῖ
946 3926 1045 4000 τὴν
1077 3928 1352 4003 Διαθήκην
1391 3931 1505 4007 (9.2)
1545 3934 1639 3989 τοῦ
1679 3934 1814 3990 Θεοῦ

240 4009 352 4070 πᾶς
384 4011 412 4061 ὀ
436 4009 511 4081 μὴ
554 4010 662 4075 ζῶν
703 4017 822 4068 κατ’
853 4018 1043 4090 αὐτήν.
1087 4022 1457 4092 ’Λπεναντίας,
1500 4027 1664 4098 φησὶ,
1703 4030 1815 4092 τοῖς

138 4173 143 4177 ρ
242 4099 421 4164 ἄλλοις
446 4102 604 4173 ἡμεῖς
629 4106 883 4178 ἤλθομεν.
927 4109 1152 4167 Ἐκεῖνοι
1182 4116 1280 4185 μὲν
1311 4116 1419 4190 γάρ
1452 4119 1546 4173 καὶ
1575 4120 1682 4191 πρὸ
1706 4122 1815 4174 τῶν

239 4191 430 4282 δεινῶν
460 4195 925 4272 ὑπεσκελίσθησαν
947 4220 961 4233 ·
995 4206 1156 4276 ἡμεῖς
1181 4207 1238 4261 δὲ
1270 4210 1365 4263 καὶ
1399 4210 1539 4282 μετά
1568 4211 1640 4267 τά
1667 4213 1814 4269 δεινὰ

238 4281 571 4356 ἑστήκαμεν,
599 4289 996 4364 ἀπερίτρεπτον
1017 4298 1116 4370 τὴν
1136 4298 1358 4371 γνώμην
1395 4281 1631 4374 ἔχοντες.
1665 4304 1731 4360 Τί
1756 4307 1814 4361 δέ

238 4376 410 4441 ἐστιν,
441 4394 461 4428 ι
492 4378 605 4432 Οὐκ
629 4380 964 4454 ἠδικήσαμεν
995 4389 1052 4440 ὲν
1086 4392 1151 4459 τῇ
1186 4391 1428 4468 Διαθήκῃ
1456 4410 1587 4461 σου;
1621 4397 1818 4452 »Τουτ-

1922 3281 2022 3336 bus
2050 3280 2452 3335 sustinuerunt.

1991 3373 2157 3429 Vens.
2189 3372 2279 3428 I8.
2302 3369 2369 3425 Et
2398 3373 2569 3441 inique
2593 3387 2694 3425 non
2722 3370 2921 3442 egimus
2949 3370 3005 3425 in
3024 3369 3353 3427 Testamento
3379 3381 3493 3440 tuo,

1918 3475 2027 3522 etc.
2059 3463 2108 3519 is
2133 3465 2224 3532 qui
2255 3475 2443 3534 peccat
2473 3464 2674 3530 sciens,
2709 3464 2894 3535 inique
2920 3464 3031 3533 agit
3054 3462 3109 3519 in
3138 3464 3493 3521 Testamento

1920 3556 2036 3612 Dei.
2091 3573 2110 3607 ‹
2162 3556 2228 3610 Et
2276 3572 2381 3610 nou
2431 3555 2655 3611 recessit
2698 3562 2843 3609 retro
2890 3567 2988 3608 cor
3038 3564 3308 3619 nostrum,
3354 3573 3375 3607 ι
3431 3564 3491 3611 ut

1920 3648 2104 3703 uxoris
2147 3648 2270 3713 Lot,
2305 3646 2388 3701 vel
2435 3645 2558 3716 ejus
2607 3645 2699 3715 qui
2740 3646 2963 3700 miserat
3008 3660 3225 3699 manum
3264 3647 3331 3700 ad
3359 3659 3489 3700 ara-

1920 3751 2086 3805 trum,
2119 3740 2202 3796 vel
2234 3741 2422 3811 potius
2454 3738 2673 3795 illorum
2706 3739 2799 3809 qui
2827 3738 3030 3793 reversi
3069 3746 3195 3792 sunt
3235 3737 3491 3795 cordibus

1919 3834 2032 3890 suis
2059 3834 2111 3888 in
2151 3831 2468 3905 Egyptum.

1986 3926 2265 3996 Ejusdem.
2306 3925 2495 3995 Inique
2517 3923 2632 3992 agit
2663 3921 2717 3976 in
2745 3919 3098 3977 Testamento
3132 3920 3248 3989 Dei,
3282 3920 3375 3991 qui
3404 3935 3492 3976 se-

1917 4020 2153 4076 cundum
2186 4017 2321 4071 illud
2356 4031 2465 4071 non
2491 4017 2645 4071 vivit.
2679 4015 2998 4080 Contrario,
3045 4014 3241 4084 inquit,
3282 4028 3348 4069 ac
3384 4027 3491 4070 c8-

1918 4110 2020 4167 teri
2048 4110 2206 4165 modo
2246 4124 2349 4165 nos
2378 4108 2647 4165 venimus.
2686 4107 2765 4163 Illi
2808 4107 2953 4163 enim
2981 4107 3148 4162 etiam
3194 4116 3486 4178 antequam

1915 4204 2023 4260 ulla
2050 4203 2189 4260 mala
2216 4202 2616 4273 experirentur,
2653 4203 2900 4260 subversi
2942 4213 3069 4258 sunt
3108 4218 3124 4267 ;
3170 4217 3270 4258 nos
3302 4211 3483 4257 autem

1915 4297 2083 4353 etiam
2107 4304 2231 4367 post
2261 4295 2398 4350 mala
2431 4295 2681 4351 stetimus
2709 4302 2763 4350 et
2792 4293 2845 4348 in
2874 4303 3021 4350 recta
3055 4294 3323 4351 sententia
3362 4306 3488 4363 per-

1916 4387 2173 4443 stitimus.
2202 4386 2341 4455 Quid
2369 4396 2555 4441 autem
2577 4393 2661 4439 est
2690 4401 2705 4440 :
2760 4402 2780 4436 ι
2814 4384 3006 4455 Inique
3050 4400 3154 4441 non
3195 4386 3404 4455 egimus
3428 4382 3483 4441 In

225 4472 405 4533 ἐστιν,
478 4471 579 4523 οὐκ
611 4472 945 4547 ἠδικήσαμεν
979 4481 1107 4552 περὶ
1129 4481 1301 4539 ταῦτα
1320 4484 1357 4539 ἃ
1386 4487 1805 4562 ὲπιστεύθημεν,

1941 4482 2263 4537 l‘estamento
2292 4482 2421 4536 tuo?
2454 4501 2475 4534 ι
2512 4479 2623 4535 Hoc
2646 4489 2752 4544 est,
2799 4494 2905 4535 non
2939 4481 3125 4549 inique
3148 4479 3379 4536 iecimus
3426 4479 3481 4534 in

228 4558 350 4611 ἀλλ’
392 4560 735 4636 ὲφυλάξαμεν
765 4569 901 4638 μετά
931 4571 1233 4642 ἀκριϐείας.

309 4742 431 4797 Ὅτι
457 4743 863 4817 ἐταπείνωσας
919 4751 1077 4822 ἡμᾶς
1125 4756 1197 4810 ἐν
1248 4760 1407 4828 τόπῳ
1463 4763 1803 4834 κακώσεως,

230 4833 333 4887 καὶ
363 4835 750 4909 ἐπεκάλυψεν
777 4843 934 4911 ἡμᾶς
964 4848 1105 4902 σκιὰ
1133 4850 1390 4905 θανάτου
1410 4893 1424 4917 ,
1462 4871 1516 4908 κ.
1545 4873 1593 4909 τ.
1620 4858 1667 4909 ὲ.
1709 4833 1808 4912 Τό-

1915 4575 1981 4630 iis
2019 4589 2139 4644 qua:
2183 4573 2338 4629 nobis
2381 4571 2583 4628 credita
2622 4582 2767 4641 sunt,
2814 4573 2909 4629 sed
2938 4588 3002 4629 ea
3030 4588 3154 4629 cum
3179 4572 3331 4629 omni
3359 4571 3483 4631 diii-

1914 4668 2093 4738 gcutia
2130 4666 2487 4721 servavimus.
3510 4678 3513 4683 ί

1989 4771 2147 4828 Vens.
2183 4770 2276 4827 20.
2319 4771 2581 4837 Quoniam
2612 4771 2907 4827 humiliasti
2956 4790 3050 4829 nos
3092 4776 3148 4828 in
3195 4772 3308 4828 loco
3349 4773 3482 4846 omi-

1912 4864 2128 4934 ctionis,
2163 4873 2213 4921 et
2237 4867 2505 4934 cooperuit
2542 4883 2638 4922 nos
2686 4869 2871 4922 umbra
2921 4870 3124 4933 mortis,
3156 4880 3265 4924 etc.
3302 4867 3478 4924 Locus

230 4945 337 5032 πος
361 4929 656 4998 κακώσεως
685 4935 793 5007 (25)
822 4937 881 4989 τὸ
915 4937 1252 5010 ἀνθρώπινόν
1279 4943 1393 4998 ἐστι
1424 4946 1582 5017 σῶμα
1602 4988 1615 5013 ,
1646 4953 1738 5004 καὶ
1780 4955 1808 5007 ὀ

1947 4956 2217 5013 lliictionis
2244 4965 2329 5013 est
2359 4958 2655 5014 humanum
2684 4976 2903 5031 corpus,
2945 4975 3001 5017 et
3036 4962 3162 5017 huic
3203 4961 3481 5032 proximus

223 5020 422 5117 τρύτου
458 5024 724 5096 συγγενὴς
745 5027 964 5098 κόσμος.
1015 5030 1100 5084 Ἐν
1134 5032 1418 5108 ἀλλοτρία,
1448 5042 1628 5110 φησὶν,
1662 5046 1808 5117 ἡμᾶς

225 5109 374 5168 εἶναι
397 5117 706 5189 πεποίηκας
735 5136 747 5149 '
778 5121 915 5194 ὅπερ
961 5124 1063 5178 οὐκ
1100 5125 1188 5180 εἴα
1242 5129 1340 5192 τάς
1389 5109 1639 5203 λατρείας
1682 5109 1809 5191 επι-

226 5206 531 5260 τελεῖσθαι.

226 5223 531 5262 τελεισυαι.

303 5298 349 5330 ⁸⁷
378 5297 526 5352 Psal.
567 5313 756 5369 cxxm,
778 5303 831 5359 5.

301 5388 413 5468 (ερ)
447 5395 550 5468 οὺᾷ
578 5395 689 5468 γὰρ
724 5397 941 5465 πάντα,
972 5410 1080 5459 etc.
1111 5404 1310 5461 Catena
1343 5406 1609 5468 Corderii.

228 5461 416 5585 εαξη)
450 5461 715 5550 Ταῖςάζᾷρ
736 5461 1068 5555 ἁμαρτίαις,
1099 5485 1205 5531 etc.
1226 5461 1408 5560 Codcs
1422 5461 1801 5555 Coislinianns,

317 5549 380 5585 tet
403 5549 449 5585 «Β
480 5533 666 5585 Graim
701 5549 756 5585 et
784 5543 989 5585 (.atmm
1020 5543 1245 5585 Rarius"

306 5602 416 5677 (Ψ)
445 5608 508 5677 οἱ
538 5607 903 5677 γειτνιῶντα,
937 5613 1138 5671 Catena
1169 5602 1434 5674 Corderii.

305 5670 740 5763 (ίθλξαυτρὺς
760 5759 770 5763 Α
786 5670 905 5763 μέμ
930 5724 947 5751 ,
998 5670 1103 5763 εις.
1158 5670 1752 5763 comisantium”
1782 5737 1797 5763 ,

228 5744 451 5813 senecta:
478 5744 689 5813 Grabii,
716 5744 1012 5808 iet'Catena
1049 5756 1294 5812 Barbari.

403 5549 449 5587 ιε
480 5533 666 5591 Grabii
685 5533 756 5593 ὀι
773 5533 989 5597 Ὀαίειιιι
1018 5533 1269 5604 Barbari.

1914 5049 2164 5103 mundus.
2202 5046 2258 5102 in
2300 5047 2473 5104 aliena
2514 5058 2678 5113 terra,
2720 5050 2915 5121 inquit,
2963 5066 3064 5106 nos
3096 5066 3216 5107 esse
3260 5051 3434 5109 fecisti
3462 5071 3480 5108 ε

1912 5138 2057 5209 quod
2090 5139 2368 5209 proprium
2405 5139 2608 5196 cultum
2648 5141 2915 5212 perﬁcere
2946 5158 3052 5200 non
3098 5143 3477 5215 permittebat.

1910 5414 2279 5472 Coislinianns
2301 5426 2356 5474 et
2383 5417 2587 5474 Catena
2613 5417 2863 5477 Barbari.

1981 5487 2093 5559 (Ἦ)
2135 5489 2189 5565 ’ρ
2223 5489 2596 5565 ἁμαρτάνων,
2644 5498 2753 5545 etc.
2799 5490 2999 5547 Catena
3034 5487 3301 5560 Corderii,
3347 5505 3477 5565 par-

1908 5556 2115 5627 timque
2143 5556 2350 5615 Catena
2376 5559 2624 5616 Barbari.

1976 5628 2088 5701 (22)
2128 5627 2341 5701 Ἀδικεῖ
2381 5629 2498 5700 τὴν
2529 5630 2844 5701 Διαθήκην,
2879 5642 2984 5691 etc.
3020 5631 3249 5692 Scheda:
3284 5630 3474 5693 Grabii

1905 5710 1965 5754 et
1989 5698 2190 5754 Catena
2222 5698 2467 5755 Barbari.

1980 5768 2092 5838 (‘23)
2129 5771 2317 5835 Τόπος
2358 5770 2689 5837 κακώσεως,
2727 5781 2836 5831 etc.
2869 5775 3051 5834 Codex
3079 5772 3469 5836 Coislinianus.

306 5809 418 5885 (20)
455 5814 634 5871 Τοῦτο
668 5809 938 5893 λεκτέον,
982 5835 1089 5885 etc.
1132 5809 1360 5889 Sebedte
1396 5830 1601 5898 Grabii,
1629 5836 1796 5892 codex
1902 5809 2331 5899 scbe‘dasléra‘bii
2358 5809 2947 5903 ἓῖἫέιέὖῖιύῖῖιὶειῖῗέί
