3970 6160
331 279 472 336 Ν29

1283 275 1592 336 SELEC'IA
1630 279 1696 335 ΙΝ
1731 277 2068 336 PSALMOS.
2103 309 2172 322 -ι
2210 277 2406 334 PSAL.
2444 277 2605 335 XLIV

3430 278 3565 335 N50

333 393 570 461 λέγεται,
603 383 668 446 οῦ
701 387 920 458 γλῶσσα
967 389 1206 460 κάλαμος
1242 385 1310 462 ἦν
1361 391 1730 463 γραμματέως
1784 391 1893 458 seu.

2010 405 2110 462 gua
2128 400 2247 448 erat
2265 390 2511 446 calamus
2536 387 2728 446 scribat
2750 386 3012 444 velociter
3027 388 3332 448 scribentis.
3363 387 3564 448 Diﬂ'usa

334 487 566 556 γράφου.
604 481 862 552 Ἐξεχύθη
891 483 946 536 δὲ
985 483 1144 556 χάρις
1179 485 1236 536 ὲν
1271 487 1382 548 τοῖς
1421 485 1620 555 χείλεσι
1650 482 1743 536 τοῦ
1808 501 1897 553 μι-

337 574 504 646 μητοῦ
536 572 630 628 τοῦ
663 573 924 644 Χριστοῦ,
952 574 1044 628 καὶ
1070 572 1233 627 αὐτοῦ
1260 574 1351 627 τοῦ
1373 574 1625 644 Χριστοῦ,
1649 573 1709 627 ού
1742 573 1901 643 μόνον

330 668 420 721 διά
450 668 576 731 τοὺς
631 666 825 736 λόγους
863 666 961 737 τῆς
1003 667 1222 738 χάριτος
1273 667 1396 730 τοὺς
1443 665 1901 738 ὲκπορευομένους

331 760 420 814 διὰ
445 759 716 830 στόματος
745 757 933 826 αὑτοῦ,
987 757 1126 813 ἀλλὰ
1176 757 1264 810 διὰ
1301 757 1399 828 τὴν
1445 757 1602 829 χάριν
1643 757 1744 827 τῆς
1791 756 1900 809 τῶν

331 851 613 922 ἁμαρτιῶν
645 849 916 919 ἀφέσεως,
937 849 1182 917 λέγοντος
1208 847 1372 902 αὑτοῦ
1391 865 1404 879 ο
1442 867 1460 900 ι
1485 847 1781 918 Ἀφέωνταί
1817 864 1899 901 σοι

329 945 386 997 al
420 943 683 1016 ἁμαρτίαι
711 960 825 996 σου.
863 961 882 995 ι

408 1036 516 1090 Τοῦ
547 1034 750 1090 αὑτοῦ.
779 1035 891 1105 Τὴν
923 1032 1114 1102 σοφίαν
1147 1031 1255 1102 (55)
1276 1033 1373 1104 τὴν
1406 1032 1778 1104 πνευματικὴν
1807 1032 1899 1087 καὶ

331 1125 486 1195 λόγον
508 1125 599 1180 τοῦ
624 1124 756 1179 Θεοῦ
805 1125 1085 1196 συγκρίνει
1149 1124 1308 1195 σοφίᾳ
1362 1127 1596 1197 κοσμικῇ
1629 1127 1722 1179 καὶ
1757 1124 1898 1195 λόγῳ

330 1217 670 1290 ἀνθρωπίνῳ.

404 1309 722 1378 Περίζωσαι
760 1307 874 1375 τὴν
921 1308 1220 1377 ῥομφαίαν
1254 1321 1371 1362 σου
1410 1307 1509 1361 ἐπὶ
1542 1308 1648 1361 τὸν
1703 1309 1899 1378 μηρόν

329 1416 469 1467 σου,
497 1399 742 1465 δυνατὰ
772 1418 826 1453 κ.
859 1417 909 1452 τ.
935 1402 981 1452 ὲ.
1003 1398 1148 1470 Αῦτη
1185 1399 1218 1470 ἡ
1249 1398 1492 1470 ῥομφαία
1523 1399 1635 1470 (54)
1675 1400 1897 1471 χωρίζει

329 1493 504 1565 ψυχὴν
534 1491 752 1557 κακίας,
783 1494 876 1546 καὶ
899 1492 1024 1546 νοῦν
1054 1492 1347 1560 ἀγνωσίας,
1376 1491 1468 1545 τὸν
1483 1491 1769 1562 λεγόμενον
1796 1509 1898 1546 πα-

328 1585 476 1640 λαιὸν
506 1586 790 1657 ἄνθρωπον
835 1583 1251 1656 διαφθείρουσα,
1291 1585 1385 1638 καὶ
1430 1583 1656 1640 ποιοῦσα
1714 1584 1895 1640 καινὸν

327 1680 386 1732 ἐν
415 1677 638 1749 Χριστῷ
670 1679 790 1731 κατ’
819 1677 1002 1731 εἰκόνα
1026 1675 1120 1730 τοῦ
1154 1675 1460 1739 κτίσαντος.

2001 491 2083 536 est
2107 493 2288 537 autem
2329 482 2502 552 gratia
2546 482 2599 537 in
2645 482 2805 537 labiis
2838 481 2953 549 ejus
2996 480 3088 550 qni
3133 481 3380 538 innitatur
3405 482 3564 538 Chri-

2000 584 2161 643 stum,
2193 587 2248 630 et
2289 575 2570 644 ipsiusmet
2597 574 2822 637 Christi,
2851 588 2958 628 non
2986 573 3161 630 solum
3198 584 3419 645 propter
3446 591 3564 632 ser-

2001 681 2187 722 mones
2235 667 2424 737 gratiaa
2467 666 2562 736 qui
2603 669 2972 735 procedebant
3011 667 3080 722 de
3135 682 3230 723 ore
3280 667 3417 738 ejus,
3469 669 3563 723 sed

2003 759 2168 814 etiam
2223 767 2446 828 propter
2509 759 2736 828 gratiam
2784 759 3083 816 dimittendi
3141 767 3384 828 peccata,
3435 759 3562 815 dum

1999 851 2131 907 dicit
2159 851 2202 883 ⁹⁹
2238 865 2253 904 :
2297 868 2316 902 ι
2352 849 2711 906 Dimittuntur
2746 853 2841 908 tibi
2880 862 3098 924 peccata
3140 862 3246 908 tua.
3282 868 3342 926 »λ

2069 1033 2226 1103 711
2250 1030 2524 1101 Ejusdem.
2555 1031 2882 1102 Sapientiam
2923 1035 3220 1103 spiritalem
3255 1045 3310 1092 et
3336 1040 3557 1094 verbum

1997 1125 2090 1181 Dei
2118 1135 2393 1196 comparat
2431 1138 2553 1182 cum
2586 1126 2850 1196 sapientia
2889 1129 3155 1183 mundana
3184 1137 3238 1185 et
3271 1131 3432 1187 verbo
3457 1134 3559 1188 itu-

1998 1231 2176 1271 mano.

2067 1306 2231 1364 Vens.
2271 1307 2328 1365 4.
2367 1308 2648 1380 Accmgere
2670 1309 2848 1380 gladio
2879 1321 2967 1366 tuo
2997 1327 3153 1382 super
3193 1314 3364 1383 femur
3387 1323 3558 1379 tuum,
3633 1320 3636 1322 ⁷

1995 1410 2196 1468 patens,
2225 1409 2334 1457 etc.
2379 1398 2480 1456 Hic
2522 1402 2732 1471 gladius
2767 1404 3004 1457 animam
3032 1414 3304 1472 separata
3334 1405 3558 1470 malitia,

1995 1501 2049 1546 et
2083 1500 2319 1548 mentem
2351 1493 2419 1548 ab
2443 1493 2761 1563 ignorantia,
2792 1509 2913 1550 eum
2935 1495 3023 1564 qui
3051 1506 3204 1551 vetus
3229 1494 3446 1563 dicitur,
3465 1496 3562 1551 lto-

1996 1582 2198 1637 ntinem
2231 1583 2531 1647 destruens,
2561 1595 2614 1640 et
2655 1585 2860 1642 faciens
2895 1601 3090 1642 novum
3121 1588 3177 1642 in
3216 1586 3433 1644 Christo
3471 1602 3560 1644 sc-

1994 1673 2228 1728 cundum
2268 1674 2553 1743 imaginem
2585 1678 2868 1733 creatoris.

405 1744 514 1826 Tot?
546 1744 752 1825 αύτοῦ.
777 1770 1002 1840 Μήποτε
1051 1786 1072 1821 ‹
1101 1769 1131 1821 ὁ
1183 1767 1354 1839 μηρὸς
1399 1768 1512 1839 (55)
1552 1788 1571 1820 ι
1631 1767 1893 1838 σύμϐολόν

2066 1761 2343 1830 Ejusdem.
2371 1765 2626 1824 Fortasse
2654 1785 2672 1819 ι
2711 1767 2890 1823 femur
2928 1786 2948 1821 ι
2991 1768 3294 1840 symbolum
3327 1781 3409 1827 est
3430 1773 3563 1827 nati-

326 1862 443 1915 ἐστι
478 1861 759 1929 γενέσεως.
785 1857 958 1912 Οίονε)⁵
980 1853 1071 1912 οὖν
1092 1854 1153 1910 τὸ
1168 1856 1456 1928 λεγόμενον
1485 1857 1720 1911 τοιοῦτόν
1743 1860 1856 1911 ἐστι
1874 1875 1888 1887 ·

325 1951 566 2021 Σύναψον
596 1953 660 2022 τῇ
694 1949 903 2018 γενέσει
946 1966 1038 2002 σου
1069 1950 1132 2002 τὸ
1161 1950 1434 2018 αἱρετικὸν
1460 1949 1566 2002 τῶν
1598 1949 1889 2019 πολεμίων.

326 2045 434 2097 Καὶ
463 2041 632 2112 σαφὲς
670 2042 823 2112 μὲνὴ
847 2042 1056 2110 γένεσις
1103 2041 1280 2112 ἰησοῦ
1304 2041 1454 2110 ξίφος
1489 2040 1702 2108 ἐγένετο
1753 2040 1891 2094 κατά

323 2134 431 2187 τῶν
461 2133 669 2206 ἐχθρῶν
701 2133 886 2190 αὑτοῦ.
916 2135 986 2188 Ἦ
1011 2136 1040 2187 ὁ
1065 2135 1122 2188 ὲν
1143 2134 1334 2206 ἁγνείᾳ
1362 2133 1476 2204 βίου
1527 2134 1702 2202 λόγος,
1741 2136 1893 2189 ἀναι-

326 2226 434 2299 ρῶν
470 2226 539 2280 τὰ
571 2225 740 2298 πάθη,
774 2223 1108 2298 περιζῶσθαι
1134 2227 1406 2298 ῥομφαίαν
1427 2226 1640 2294 λέγεται
1676 2226 1768 2279 ἐπὶ
1803 2227 1892 2279 τὸν

327 2320 499 2393 μηρὸν
541 2321 727 2375 αὑτοῦ.
766 2321 987 2392 Πρῶτος
1038 2321 1094 2376 δὲ
1152 2321 1356 2392 Ἰησοῦς
1413 2321 1572 2375 τοῦτο
1614 2321 1890 2392 ἐποίησεν.

323 2415 446 2467 ἐπεὶ
463 2414 612 2468 οὐδὲν
650 2415 930 2484 ἀνειμένον
959 2416 1055 2468 καὶ
1113 2414 1468 2486 ἐκλελυμένον
1531 2416 1587 2467 ἐν
1651 2412 1888 2484 Χριστῷ.

324 2505 479 2558 Κατά
508 2503 666 2558 τοῦτο
689 2507 899 2576 νοήσεις
927 2505 1032 2578 τὸ,ι
1061 2503 1313 2561 ἔντεινον.
1345 2523 1364 2556 ι
1403 2505 1512 2558 Καὶ
1539 2504 1630 2558 τὸν
1657 2505 1753 2574 μὲν
1781 2505 1892 2557 Σω-

322 2596 465 2667 τῆρα
495 2596 587 2648 καὶ
641 2597 767 2660 τοὺς
821 2596 1006 2665 ἁγίους
1063 2596 1226 2650 αὐτοῦ
1275 2599 1309 2652 ἡ
1350 2595 1496 2661 δεξιά
1542 2595 1704 2650 αὑτοῦ
1764 2595 1889 2666 ὁδη-

322 2707 429 2758 γει.

397 2782 642 2836 Ἕνεκεν
663 2781 947 2848 ἀληθείας
976 2779 1072 2834 καὶ
1093 2781 1424 2849 πραότητος
1457 2779 1555 2834 καὶ
1586 2779 1888 2834 δικαιοσύ-

321 2889 455 2938 νης,
489 2889 542 2926 κ.
565 2890 616 2926 τ.
645 2873 690 2925 ὲ.
726 2874 790 2926 Οί
818 2871 1037 2942 ἀληθεῖς
1055 2871 1186 2942 (56),
1221 2873 1316 2924 καὶ
1336 2874 1550 2943 πραεῖς,
1577 2871 1672 2924 καὶ
1695 2871 1888 2924 δίκαιοι

323 2964 693 3032 βασιλεύονται
733 2965 838 3018 ὑπὸ
871 2965 961 3018 τοῦ
997 2964 1254 3036 Χριστοῦ.
1312 2983 1330 3016 ι
1387 2964 1496 3018 Καὶ
1537 2964 1787 3036 ὁδηγήσει
1830 2982 1888 3018 σε

1994 1856 2192 1912 vitatis.
2211 1857 2363 1924 Quod
2382 1873 2513 1928 ergo
2541 1860 2692 1925 dicit,
2717 1861 2869 1930 quasi
2893 1860 3154 1930 ejusmodi
3177 1873 3259 1918 est
3290 1863 3564 1919 :Accom-

1992 1947 2153 2003 moda
2204 1949 2471 2005 nativitati
2537 1961 2641 2007 tua:
2682 1952 2789 2007 vim
2837 1954 3124 2022 quamdam
3177 1954 3403 2011 tollendi
3458 1956 3563 2011 ini-

1993 2038 2179 2095 micos.
2235 2039 2445 2094 Etenim
2503 2042 2763 2099 nativitas
2821 2041 2950 2098 Jesu
3013 2044 3329 2100 manifestus
3376 2046 3562 2112 utique

1992 2128 2201 2198 gladius
2230 2133 2442 2187 exstitit
2495 2133 2755 2189 adversus
2804 2134 3052 2192 inimicos
3093 2135 3232 2206 ejus.
3262 2134 3362 2192 Vel
3411 2147 3559 2194 casta

1995 2223 2205 2279 vivendi
2246 2224 2404 2288 ratio,
2449 2239 2570 2293 quae
2613 2225 2786 2281 malos
2830 2224 3059 2282 allectus
3095 2242 3126 2283 e
3175 2228 3354 2286 medio
3398 2229 3560 2286 tollit.

1993 2312 2228 2380 gladium
2271 2315 2552 2384 accingere
2584 2315 2784 2370 dicitur
2818 2331 2983 2386 super
3028 2317 3204 2374 femur
3233 2335 3411 2375 suum.
3441 2319 3560 2376 Pri-

1995 2419 2113 2458 mus
2139 2415 2316 2460 autem
2351 2406 2454 2462 hoc
2485 2407 2618 2462 fecit
2646 2407 2823 2473 Jesus,
2863 2409 3119 2477 quoniam
3151 2409 3284 2465 nihil
3311 2409 3367 2464 in
3399 2411 3560 2467 Chri-

1992 2507 2076 2551 sto
2107 2495 2207 2550 l‘uit
2253 2498 2535 2552 remissum
2571 2508 2662 2552 aut
2713 2500 3056 2554 dissolutum.
3106 2501 3413 2557 Secundum
3456 2503 3560 2557 hoc

1992 2586 2258 2656 intelliges
2312 2587 2440 2641 illud
2470 2607 2488 2640 ι
2538 2587 2807 2643 intendes.
2839 2607 2856 2640 ι
2906 2590 3169 2645 Cancrum
3218 2588 3557 2647 Salvatorem

1993 2689 2054 2733 ac
2084 2691 2306 2735 sanctos
2330 2681 2448 2749 ejus
2471 2681 2691 2736 dextera
2728 2681 2896 2750 ipsius
2931 2682 3168 2739 deducit.

2065 2772 2223 2827 Vsus.
2269 2771 2324 2826 5.
2365 2760 2596 2842 Propter
2645 2777 2908 2829 veritatem
2931 2817 2946 2842 ,
2983 2787 3029 2830 et
3061 2777 3513 2832 mansuetudinem
3538 2820 3554 2845 ,

1988 2873 2036 2918 et
2058 2863 2346 2933 justitiam,
2375 2875 2481 2920 etc.
2533 2863 2760 2921 Veraces
2783 2909 2796 2935 ,
2828 2868 2987 2923 mites
3029 2878 3086 2923 et
3118 2869 3250 2939 justi
3295 2882 3559 2941 reguntur

1991 2970 2019 3007 a
2049 2955 2286 3010 Christo.
2324 2972 2342 3005 ι
2372 2954 2440 3012 Ει
2465 2955 2688 3010 deducet
2715 2965 2767 3010 te
2791 2957 3108 3013 mirabiliter
3148 2961 3366 3016 dextera
3407 2970 3551 3018 tua»

321 3058 649 3128 θαυμαστῶς
682 3059 886 3129 ἡδεξιά
909 3077 1023 3116 σου.
1061 3078 1081 3113 ι
1110 3058 1269 3124 Δεξιά
1295 3058 1390 3113 τοῦ
1428 3057 1560 3112 Θεοῦ
1589 3060 1735 3112 ἐστιν
1770 3061 1799 3112 ὁ
1831 3060 1887 3112 ὲν

2002 3046 2217 3103 Dextera
2250 3047 2343 3102 Dei
2371 3057 2455 3102 est
2479 3045 2624 3102 Deus
2654 3046 2882 3104 Verbum
2918 3051 3060 3120 quod
3094 3051 3149 3106 in
3192 3054 3308 3120 ipso
3341 3063 3446 3109 est.

320 3149 468 3220 αὐτῷ
499 3149 630 3213 Θεὸς
652 3151 841 3220 Λόγος.

397 3240 475 3294 Τὰ
495 3240 655 3308 ,βέλη
692 3257 810 3296 σου
856 3241 1218 3312 ἠκονημένα,
1259 3241 1500 3298 δυνατέ’
1555 3244 1693 3298 ,λαοί
1747 3245 1893 3298 ὑπο-

320 3332 477 3382 κάτω
508 3343 624 3383 σου
654 3330 998 3397 πεσοῦνται,
1028 3333 1098 3386 ἐν
1121 3331 1331 3399 καρδίᾳ
1367 3333 1485 3387 τῶν
1519 3333 1745 3402 ἐχθρῶν
1785 3335 1891 3389 τοῦ

315 3421 642 3488 βασιλέως,
670 3440 722 3477 κ.
758 3440 809 3477 τ.
843 3425 888 3476 ὲ.
915 3423 1052 3493 Βέλη
1090 3423 1326 3495 Χριστοῦ
1361 3423 1472 3494 (57)
1507 3426 1564 3478 αἱ
1593 3426 1894 3496 πρακτικαὶ

321 3511 535 3584 ἀρεταὶ,
569 3513 663 3568 καὶ
694 3516 759 3584 τῇ
793 3515 890 3585 μὲν
911 3513 1221 3585 δικαιοσύνῃ
1254 3514 1460 3580 τοξεύει
1488 3514 1577 3569 τὸν
1599 3515 1800 3580 ἄδικον,
1825 3519 1890 3587 τῇ

320 3605 377 3658 δὲ
410 3607 666 3677 φρονήσει
696 3606 789 3660 τὸν
831 3608 1058 3678 ἄφρονα,
1111 3607 1203 3660 τὸν
1242 3607 1413 3661 δειλὸν
1435 3610 1499 3679 τῇ
1532 3609 1786 3680 ἀνδρείᾳ,
1825 3612 1890 3680 τῇ

321 3696 618 3769 ἐγκρατείᾳ
649 3697 740 3752 τὸν
772 3699 1092 3764 ἀκόλαστον,
1114 3701 1180 3770 τῇ
1202 3698 1554 3770 μακροθυμίᾳ
1605 3700 1697 3754 τὸν
1739 3701 1890 3773 ὀργί-

321 3789 434 3853 λον,
458 3792 552 3843 καὶ
577 3793 644 3861 τῇ
677 3791 858 3844 πίστει
879 3790 968 3844 τὸν
997 3790 1241 3845 ἄπιστον.
1279 3793 1351 3845 Πέ
1361 3809 1560 3862 μπεται
1583 3793 1640 3846 δὲ
1663 3793 1768 3864 πρὸ
1786 3793 1892 3846 τῶν

321 3879 498 3936 ἄλλων
523 3880 584 3936 τὸ
606 3881 758 3952 βέλος
784 3881 886 3952 τῆς
918 3881 1171 3949 πίστεως.
1187 3885 1278 3938 Δεῖ
1307 3885 1414 3955 γάρ
1440 3884 1656 3954 πρῶτον
1682 3884 1894 3938 πιστεῦ-

324 3989 413 4026 σαι
437 3972 519 4027 ὃτι
549 3974 667 4028 ἐστὶ
699 3974 850 4038 Θεός.

398 4086 509 4142 Τοῦ
537 4087 743 4143 αὐτοῦ.
779 4087 886 4142 Τοῦ
923 4089 1121 4153 ἱκανῶς
1157 4089 1547 4160 πρεσϐεύοντος
1587 4091 1696 4162 (58)
1751 4082 1908 4164 ὑπὲρ

322 4176 597 4247 ἀληθείας,
645 4178 739 4230 καὶ
779 4177 1018 4242 δυνατῶς
1045 4179 1105 4232 τὸ
1136 4179 1328 4248 ψεῦδος
1384 4181 1789 4251 καθαιροῦντος,
1825 4183 1893 4235 τά

321 4268 516 4338 λογικά
541 4271 798 4341 ἠκόνηται
833 4271 982 4341 βέλη.
1020 4273 1131 4325 Καὶ
1164 4274 1212 4326 οἱ
1241 4273 1496 4327 ὑποκάτω
1522 4273 1616 4326 τοῦ
1654 4274 1888 4346 Χριστοῦ

2061 3231 2222 3287 Vens.
2262 3231 2315 3288 6.
2357 3231 2583 3303 Sagitta:
2617 3244 2722 3288 tua:
2768 3243 2960 3300 acuta',
2987 3243 3214 3303 potens;
3255 3235 3433 3304 populi
3459 3235 3556 3289 sub

1991 3334 2039 3380 te
2069 3326 2251 3380 cadent
2272 3365 2286 3391 ,
2319 3327 2372 3382 in
2412 3329 2569 3380 corde
2613 3327 2943 3380 inimicorum
2994 3327 3162 3395 regis,
3196 3336 3302 3383 etc.
3335 3327 3556 3398 Sagitta}

1989 3417 2188 3472 Christi
2211 3427 2336 3473 sunt
2356 3419 2590 3472 actrices
2622 3419 2869 3483 virtutes,
2901 3429 2954 3472 et
2989 3417 3196 3488 justitia
3227 3417 3444 3488 quidem
3478 3419 3555 3473 fe-

1991 3508 2064 3563 rit
2087 3508 2365 3576 injustum,
2405 3510 2688 3576 prudentia
2741 3509 3108 3579 insipientem,
3144 3507 3462 3566 fortitudine
3494 3511 3556 3564 ti-

1990 3603 2213 3669 midum,
2244 3604 2597 3672 temperantia
2650 3603 3120 3671 intemperantem,
3152 3603 3412 3672 patientia
3445 3607 3557 3659 ira-

1991 3697 2266 3761 cundum,
2307 3696 2412 3751 ﬁde
2463 3692 2822 3752 iucredulum.
2870 3693 3148 3748 Emittitur
3203 3705 3382 3749 autem
3428 3705 3554 3750 ante

1991 3803 2178 3845 omnes
2225 3788 2346 3843 ﬁdei
2380 3789 2598 3858 sagitta.
2631 3786 2853 3857 Oportet
2887 3786 3030 3844 enim
3068 3786 3303 3858 primum
3335 3787 3555 3845 credere

1990 3881 2132 3951 quod
2157 3881 2300 3937 Deus
2325 3888 2427 3938 est.
2563 3867 2571 3875 ’

2066 4086 2336 4157 Ejusdem.
2367 4083 2498 4154 Ejus
2527 4085 2620 4154 qui
2667 4084 2992 4141 suﬂicienter
3039 4101 3135 4155 pro
3165 4087 3390 4142 veritate
3424 4100 3556 4142 con-

1991 4177 2257 4242 cionatur,
2279 4188 2334 4234 et
2374 4186 2619 4247 potenter
2650 4178 2925 4248 redarguit
2955 4177 3242 4233 falsitatem
3261 4217 3277 4243 ,
3315 4179 3550 4233 rationa-

1989 4272 2126 4327 biles
2162 4279 2402 4326 exacutte
2425 4279 2552 4325 sunt
2576 4273 2805 4341 sagittae.
2834 4272 2900 4325 Et
2935 4271 3026 4340 qui
3073 4270 3172 4325 sub
3196 4269 3411 4326 Christo
3456 4285 3555 4324 ca-

317 4360 611 4424 πίπτοντες
636 4361 694 4415 ἐν
715 4365 778 4433 τῇ
810 4363 1005 4434 καρδίᾳ
1056 4363 1148 4416 και)¹
1178 4366 1292 4426 τοῖς
1336 4365 1599 4435 νοήμασίν
1632 4366 1737 4418 είσι
1781 4364 1890 4418 τῶν

2002 4363 2146 4428 dunt,
2183 4363 2238 4419 hi
2259 4363 2312 4417 in
2337 4363 2499 4417 corde
2531 4370 2587 4416 et
2625 4362 3035 4430 cogitationibus
3059 4374 3186 4417 sunt
3207 4362 3551 4417 inimicorum

314 4450 530 4525 ἐχθρῶν
574 4453 669 4507 τοῦ
711 4429 1055 4525 Χριστοῦξὸς
1099 4457 1213 4508 ἐστι
1268 4429 1537 4525 βασιλεύς.
1588 4457 1782 4526 Σαφῶς
1831 4457 1888 4510 δὲ

2002 4452 2214 4516 Christi,
2251 4454 2342 4522 qui
2365 4463 2448 4509 est
2469 4467 2582 4507 rex.
2617 4429 2900 4509 Manifeste
2927 4464 3107 4508 autem
3131 4453 3378 4509 Christus
3409 4453 3551 4507 Deus

310 4545 446 4610 Θεὸς
481 4545 513 4599 ό
544 4545 796 4616 Χριστός.
849 4546 960 4602 Kal.
986 4547 1128 4618 τάχα
1158 4552 1270 4606 ἔστι
1321 4553 1493 4603 ποιεῖν
1522 4551 1886 4615 δικαιοσύνην,

312 4637 406 4690 καὶ
441 4636 742 4708 ἀπέχεσθαι
789 4637 1018 4709 ἀνομίας
1055 4640 1204 4719 φόϐῳ
1233 4640 1388 4705 Θεοῦ,
1428 4641 1521 4694 καὶ
1547 4643 1611 4695 οὐ
1661 4645 1724 4712 τῇ
1754 4643 1888 4714 πρὸς

312 4733 446 4786 Θεὸν
484 4730 634 4803 παρά
666 4729 726 4783 τὸ
752 4729 958 4785 δίκαιον
1007 4732 1216 4805 ἀγάπῃ,
1261 4734 1382 4787 οὐδὲ
1437 4733 1514 4804 τῷ
1563 4737 1740 4805 μισεῖν
1789 4734 1888 4806 τὴν

328 4828 406 4876 tvo
419 4822 570 4892 μίαν.
607 4821 745 4875 Ἀλλ’
775 4824 835 4876 ού
861 4822 1099 4888 τοιοῦτος
1127 4827 1154 4877 ὁ
1181 4825 1432 4895 Χριστός.

399 4935 636 5002 Ῥάϐδος
650 4937 972 5004 εὐθύτητος
996 4936 1036 5006 ἡ
1056 4938 1271 5006 ῥάϐδος
1298 4939 1407 5007 τῆς
1423 4941 1740 5008 βασιλείας
1750 4959 1885 5008 σου,

323 5045 372 5081 κ.
402 5047 452 5082 τ.
490 5031 538 5083 ὲ.
583 5029 649 5083 Ἦ
680 5029 874 5101 ῥάϐδος
913 5029 1146 5099 Χριστοῦ
1171 5031 1278 5100 (59)
1399 5033 1596 5102 χρῆται
1645 5033 1884 5098 κολάζων

315 5121 445 5187 τοὺς
475 5121 884 5193 ἁμαρτάνοντας
909 5160 923 5187 ,
955 5120 1148 5193 ῥάϐδος
1177 5123 1466 5194 εὐθύτητος
1509 5124 1722 5196 εἴρηται
1747 5166 1761 5193 ,
1799 5127 1885 5179 εύ-

387 5284 434 5318 ⁹’
459 5284 646 5341 Matth.
674 5300 752 5354 ιι,
781 5284 835 5340 5.

390 5425 505 5496 (35),
535 5427 654 5494 Τὴν
676 5426 922 5496 σοφίαν,
958 5437 1063 5482 etc.
1093 5425 1273 5483 Codex
1309 5425 1677 5483 Coislinianus
1701 5435 1754 5484 et
1795 5442 1886 5484 ca-
1936 5389 1940 5396 |

321 5502 444 5548 tena
480 5495 726 5550 Barbari.
762 5495 767 5496 ⁷

392 5563 506 5637 (54)
533 5566 693 5637 Αὕτη
723 5568 762 5634 ἡ
783 5566 1070 5637 ῥομφαία,
1103 5577 1210 5622 etc.
1248 5565 1474 5623 Scltedae
1502 5565 1707 5622 Grabii.

413 5635 503 5708 ἕξ)
527 5636 771 5708 Μήποτε
803 5640 835 5708 ό
851 5635 1063 5708 μηρός,
1095 5649 1198 5693 etc.
1228 5637 1430 5708 Catena
1456 5639 1718 5696 Corderii.

394 5704 502 5776 (56)
533 5709 594 5762 οι
615 5704 883 5778 ἀληθεῖςῖ,
914 5704 1026 5766 etc;
1044 5707 1267 5764 Schcdte
1288 5707 1495 5765 Grabii.

1993 4555 2096 4602 est.
2123 4545 2190 4601 Et
2214 4545 2442 4601 fortasse
2464 4547 2632 4614 possit
2663 4545 2787 4616 quis
2815 4544 2996 4602 facere
3023 4544 3284 4615 justitiam
3309 4554 3366 4599 ct
3387 4544 3556 4600 absti-

1992 4655 2124 4696 nere
2147 4639 2215 4694 ab
2259 4639 2544 4708 iniquitate
2595 4639 2787 4694 timore
2826 4638 2946 4705 Dei,
2979 4647 3033 4692 et
3075 4652 3181 4691 non
3225 4652 3409 4692 amore
3463 4639 3555 4693 Dei

1993 4746 2214 4808 propter
2241 4737 2530 4806 justitiam,
2557 4751 2731 4808 neque
2758 4737 2883 4792 odio
2924 4736 3251 4805 iniquitatis.
3282 4733 3392 4790 Sed
3448 4751 3554 4791 non

1993 4829 2295 4887 istiusmodi
2323 4827 2592 4885 Christus.

2065 4944 2230 4999 Vens.
2271 4941 2324 4995 7.
2377 4938 2541 5011 Virga
2586 4940 2887 4995 directionis
2931 4939 3075 5009 virga
3125 4939 3269 5008 regni
3305 4939 3416 5002 tui,
3449 4945 3552 4993 etc.

1996 5037 2154 5106 Virga
2174 5049 2276 5104 qua
2300 5033 2549 5090 Christus
2582 5034 2752 5088 utitur
2783 5041 2841 5086 ut
2866 5033 3051 5102 puniat
3070 5040 3382 5102 peccatores
3410 5031 3550 5100 virgi

1995 5126 2307 5186 directionis
2347 5125 2670 5197 appellatur,
2708 5123 2946 5193 dirigens
2973 5133 3028 5179 et
3060 5125 3128 5178 ab
3154 5121 3301 5179 omni
3341 5135 3554 5190 perver-

2057 5425 2171 5496 (37)
2205 5423 2359 5496 Βέλη
2384 5422 2663 5491 Χριστοῦ,
2695 5430 2803 5478 etc.
2839 5419 3054 5477 Eadem
3082 5416 3296 5474 schedae
3323 5426 3377 5474 et
3399 5428 3551 5476 cate-

1985 5495 2326 5648 ῐῖδὲἓῖιξοΐὲ
2342 5561 2557 5631 ἱκανῶς
2583 5561 3038 5631 πρεσϐεύοντος,
3071 5565 3179 5613 etc.
3208 5555 3412 5614 Catena
3429 5558 3535 5615 Cor

1989 5640 2174 5774 ἀείὲδ)
2210 5705 2282 5762 Ἠ
2297 5701 2514 5776 ῥάϐδος
2544 5700 2820 5772 Χριστοῦ,
2841 5710 2946 5760 etc.
2970 5701 3169 5758 Eadem
3187 5699 3414 5756 Catena.
