3970 6160
249 295 393 353 Ηδὸ

1225 292 1532 350 SELECTA
1565 291 1629 348 IN
1658 292 1987 350 PSALMOS.
2018 321 2088 334 -—
2117 292 2304 348 PSAL.
2337 292 2496 348 XLV.

3360 300 3496 356 ΜΝ

250 407 714 480 καταφεύγωμεν.
765 408 832 462 Εἰ
883 406 1111 479 δυνάμει
1157 407 1191 464 ὁ
1233 406 1526 478 δυνάμενος
1583 407 1802 460 δύναται

1932 409 2158 479 giamus.
2190 409 2343 476 Quod
2374 411 2417 464 si
2453 419 2646 480 potens
2677 410 2876 466 virtute
2901 421 3094 482 potens
3115 421 3218 478 est,
3242 412 3386 468 Deus
3409 429 3497 469 au-

250 503 388 566 Θεδς
414 502 472 556 δὲ
492 501 599 554 τῶν
624 501 796 570 ἁγίων
825 503 857 572 ἡ
889 501 1148 571 δύναμις,
1173 500 1292 572 Θεῷ
1321 503 1350 554 ὁ
1379 501 1530 568 ἆγιος
1583 499 1822 553 δύναται.

265 595 426 649 Ἀλλὰ
454 596 549 648 καὶ
582 593 773 666 βοηθὸς
791 597 848 648 ὲν
877 594 1118 664 θλίψεσιν
1153 595 1181 646 ὁ
1219 593 1370 656 Θεὸς,
1421 594 1510 646 ἵνα
1551 592 1608 644 ὲν
1639 593 1826 655 αὐταῖς

251 685 659 757 καυχησώμεθα
693 685 1054 757 ὑπομένοντες
1077 685 1266 748 αὑτάς.
1297 684 1618 754 Ἐπίστησον
1645 683 1701 736 δὲ
1741 682 1823 744 τὸ,

254 797 277 831 ι
303 779 498 832 Πολλαὶ
538 781 593 832 αἱ
645 777 854 848 θλίψεις
905 777 1015 831 τῶν
1073 778 1328 831 δικαίων·
1367 795 1387 829 ι
1445 775 1624 848 ἑτέραι
1671 770 1825 828 οὖσαι

250 871 407 942 παρὰ
425 870 526 935 τὰς
561 870 832 941 μάστιγας
853 870 961 923 τῶν
989 868 1346 941 ἁμαρτωλῶν.
1370 868 1480 920 Καὶ
1507 866 1594 921 διὰ
1622 865 1682 921 τὸ
1712 883 1826 919 στε-

246 965 348 1036 νὴν
371 964 466 1018 καὶ
493 963 857 1035 τεθλιμμένην
887 959 1025 1016 εἷναι
1055 963 1154 1033 τὴν
1200 961 1318 1014 ὁδὸν
1366 960 1465 1029 τὴν
1507 960 1823 1028 ἀπάγουσαν

249 1061 334 1122 εἰς
365 1058 530 1130 ζωὴν,
564 1060 632 1130 ἣν
663 1057 832 1126 ὀλίγοι
857 1058 1168 1126 εὑρίσκουσι
1187 1071 1200 1084 ⁸
1241 1055 1446 1124 μήποτε
1479 1053 1822 1124 εὑρίσκουσιν

253 1155 311 1205 αἱ
336 1150 540 1220 θλίψεις
562 1151 688 1215 τοὺς
714 1151 976 1213 δικαίους.
1013 1167 1032 1200 ι
1071 1147 1170 1202 Διὰ
1209 1146 1370 1200 τοῦτο
1401 1146 1461 1198 οὐ
1513 1145 1820 1217 φοϐηθησό-

257 1243 416 1314 μεθα,
455 1261 474 1296 ι
509 1243 604 1297 καὶ
633 1241 777 1314 ἑξῆς.
812 1243 900 1295 Ἐν
931 1244 996 1312 τῇ
1024 1239 1304 1314 συντελείᾳ
1338 1240 1386 1292 οἱ
1415 1239 1512 1310 μὲν
1562 1239 1823 1307 ἁμαρτω-

243 1337 334 1390 λοὶ
362 1336 512 1399 ὄντες
539 1336 608 1406 γῆ
637 1335 1089 1406 ταραχθήσονται,
1118 1335 1165 1385 οἱ
1203 1333 1260 1386 δὲ
1304 1333 1467 1400 ἅγιοι,
1501 1331 1624 1402 ὅρη,
1660 1345 1822 1398 μετα-

245 1429 565 1500 τεθὴσονται
591 1431 688 1502 τὴν
739 1429 1023 1498 μετάθεσιν
1050 1427 1143 1481 τοῦ
1185 1425 1373 1496 Ἑνώχ.
1428 1423 1819 1479 Μετατέθειται

242 1522 303 1574 δὲ
331 1523 424 1576 καὶ
473 1522 646 1595 δροςὸ
683 1521 894 1592 Ἰσραὴλ
920 1519 1009 1574 διὰ
1051 1519 1117 1573 τὰ
1143 1520 1289 1591 ἔθνη.
1345 1516 1476 1571 Ἀπὸ
1517 1514 1696 1570 κοινοῦ
1734 1513 1815 1579 τὸ,

250 1633 269 1664 ι
314 1615 371 1666 ὲν
397 1616 460 1685 τῇ
491 1614 839 1685 κραταιότητι
863 1614 1046 1675 αὑτοῦ,
1087 1631 1104 1663 ι
1147 1613 1212 1665 ἵν’
1301 1629 1314 1643 ο
1360 1629 1379 1661 ι
1411 1610 1508 1662 Διὰ
1539 1607 1697 1660 τοῦτο
1752 1605 1812 1658 οὐ

1933 512 2040 555 tetn
2068 514 2374 557 sanctorum
2407 505 2576 558 virtus
2601 514 2704 569 est,
2739 507 2921 574 utique
2951 521 3048 575 per
3082 506 3251 559 Deum
3281 516 3500 561 sanctus

1932 603 2121 660 potens
2149 604 2248 645 est.
2281 595 2419 658 Quin
2450 595 2745 661 et-adjutor
2776 595 2916 647 Deus
2953 595 3006 646 in
3041 594 3499 657 tribulationibus,

1927 690 1986 734 ut
2039 681 2091 734 in
2153 679 2283 748 ipsis
2335 677 2633 746 gloriemur
2695 689 2792 731 eas
2850 675 3201 730 sustinentes.
3257 672 3493 730 Adverte

1925 774 2088 826 etiam
2125 774 2190 826 ad
2224 771 2349 825 illud
2383 771 2437 824 ‘z
2476 789 2494 820 ι
2530 767 2715 822 Multa:
2746 766 3120 821 tribulationes
3142 764 3443 834 justorum;
3471 783 3489 817 ι

1925 880 2043 934 qua:
2079 865 2304 919 diversa:
2343 870 2468 917 sunt
2507 876 2534 913 a
2573 859 2796 930 ﬂagellis
2843 868 3212 927 peccatorum.
3267 855 3334 910 Et
3369 857 3496 924 quia

1925 965 2150 1026 angusta
2181 965 2236 1009 et
2269 963 2417 1008 arcta
2449 963 2531 1007 est
2561 953 2643 1005 via
2673 966 2792 1020 qua“:
2827 952 2976 1004 ducit
3005 955 3072 1006 ad
3107 953 3298 1013 vitam,
3333 962 3494 1018 quam

1924 1049 2079 1118 pauci
2138 1047 2496 1116 reperiunt”;
2531 1045 2651 1098 vide
2690 1058 2756 1098 ne
2801 1044 2941 1098 forte
2983 1046 3166 1112 justos
3217 1043 3496 1097 inveniant

1927 1139 2305 1194 tribulationes
2365 1155 2383 1188 ι
2415 1137 2706 1207 Pmpterea
2738 1151 2843 1190 non
2872 1137 3205 1201 timebimus,
3241 1154 3260 1188 ›
3292 1145 3400 1190 etc.
3433 1133 3492 1188 In

1922 1234 2389 1287 consummatione
2433 1233 2637 1297 saeculi,
2698 1242 3012 1301 peccatores
3068 1230 3309 1298 quidem,
3366 1243 3490 1282 cum

1923 1333 2068 1379 terra
2099 1323 2212 1378 sint
2235 1365 2250 1387 ,
2284 1325 2794 1391 conturbabuntur;
2842 1323 3012 1377 sancti
3039 1334 3189 1385 vero,
3230 1334 3353 1373 cum
3382 1319 3494 1376 sint

1920 1426 2156 1483 montes,
2189 1416 2590 1472 transferentur
2621 1416 2972 1470 translatione
2993 1414 3201 1468 Enoch.
3236 1410 3492 1465 Transla-

1919 1519 2004 1562 tus
2031 1510 2195 1562 etiam
2238 1509 2338 1574 fuit
2375 1525 2532 1563 mons
2567 1507 2729 1563 Israel
2778 1517 3000 1578 propter
3028 1514 3236 1576 gentes.
3273 1503 3490 1558 Subau-

1917 1599 2169 1655 dieudum
2207 1598 2358 1662 illud,
2390 1615 2410 1648 ι
2435 1598 2486 1651 in
2528 1597 2840 1651 fortitudine
2869 1595 3007 1664 ejus,
3029 1614 3047 1646 ι
3076 1606 3133 1649 ut
3159 1610 3350 1649 sensus
3377 1595 3486 1652 sit:

245 1703 689 1775 φοϐηθησόμεθα,
739 1705 797 1756 ὲν
847 1703 923 1774 τῷ
978 1703 1346 1774 ταράσσεσθαι
1393 1701 1496 1771 τὴν
1545 1700 1668 1768 γῆν,
1720 1697 1805 1750 καὶ

1925 1695 2265 1763 «Propterea
2313 1710 2418 1747 non
2456 1694 2763 1747 timebimus
2796 1694 2919 1748 dum
2962 1694 3268 1747 turbabitur
3309 1700 3486 1758 terra,

244 1793 623 1862 μετατίθεσθαι
650 1792 717 1846 τὰ
746 1793 843 1864 ὅρη
881 1814 900 1845 ο
931 1795 988 1846 ὲν
1007 1797 1072 1864 τῇ
1109 1793 1459 1864 κραταιότητι
1483 1789 1667 1843 αὑτοῦ.

319 1884 427 1937 Τοῦ
455 1884 658 1939 αὐτοῦ.
695 1885 987 1954 Φεύγοντες
1016 1886 1115 1956 τὴν
1147 1884 1402 1956 πορνείαν
1436 1881 1568 1954 (47),
1598 1883 1662 1951 τῇ
1708 1897 1812 1933 σω-

239 1975 480 2049 φροσύνῃ
503 1976 907 2048 προσφύγομεν,
935 1978 1026 2030 καὶ
1064 1977 1202 2032 κατὰ
1236 1976 1333 2046 τῆς
1372 1971 1811 2045 γαστριμαργίας

241 2067 558 2137 μαχόμενοι,
605 2069 744 2138 μετὰ
765 2070 864 2139 τῆς
899 2068 1226 2140 ἐγκρατείας
1261 2066 1563 2139 μαχόμεθα.
1601 2065 1663 2118 Εἰ
1699 2061 1810 2134 γὰρ

237 2159 697 2230 προσφεύγομεν,
755 2160 1043 2232 καταφυγὴ
1090 2159 1448 2230 ὀνομάξεταιο
1487 2160 1536 2212 εί
1591 2157 1650 2212 δὲ
1713 2163 1808 2216 σὺν

233 2253 372 2322 αὐτῇ
408 2251 776 2323 πολεμοῦμεν,
805 2252 1050 2322 δύναμις.

305 2341 411 2395 Διά
437 2343 612 2396 τοῦτο
641 2345 712 2396 οὐ
756 2343 1210 2411 φοϐηθησόμεθα
1268 2341 1338 2394 ἐν
1375 2340 1456 2408 τῷ
1509 2341 1806 2410 ταράσσε-

233 2438 372 2488 σθαι
398 2434 513 2500 thr
537 2431 675 2504 γῆν,
709 2450 763 2486 κ.
793 2450 844 2486 τ.
871 2435 917 2486 ὲ.
956 2433 1242 2496 Θαλάσσας
1282 2433 1376 2486 καὶ
1418 2432 1519 2504 ὅρη
1552 2433 1664 2502 (48)
1710 2433 1806 2488 νῦν

235 2525 424 2594 φύσεις
473 2524 618 2592 λέγει
664 2523 885 2592 λογικὰς
931 2523 1237 2595 ὑψουμένας
1287 2525 1382 2577 καὶ
1439 2526 1806 2596 ἐπαιρομένας

231 2615 375 2672 κατὰ
399 2616 499 2687 τῆς
519 2615 772 2684 γνώσεως
796 2615 889 2670 τοῦ
918 2616 1074 2670 Θεοῦ.

309 2709 421 2763 Τοῦ
452 2709 718 2779 ποταμοῦ
762 2709 835 2763 τὰ
891 2708 1198 2779 ὀρμήματα
1249 2711 1643 2777 εὐφραίνουσι
1691 2709 1806 2777 τὴν

229 2802 415 2856 πόλιν
443 2802 551 2856 τοῦ
579 2802 746 2866 Θεοῦ,
770 2819 824 2854 κ.
852 2817 903 2854 τ.
939 2802 984 2854 ὲ.
1012 2800 1117 2854 Τοῦ
1143 2801 1383 2871 ποταμοῦ
1409 2802 1519 2872 (49)
1553 2801 1620 2854 τὰ
1641 2803 1807 2873 ὁρμή-

232 2912 382 2964 ματα
403 2895 544 2948 κατὰ
572 2895 672 2957 τὰς
698 2895 984 2966 διαιρέσεις
1011 2895 1119 2948 τῶν
1158 2895 1507 2966 χαρισμάτων
1563 2895 1657 2947 καὶ
1704 2895 1805 2958 τὰς

227 2989 518 3059 διαιρέσεις
568 2988 674 3042 τῶν
715 2988 1016 3043 διακονιῶν.
1076 2988 1359 3060 Βοηθεῖται
1422 2990 1455 3060 ἡ
1507 2987 1660 3050 πόλις
1706 2987 1800 3041 τοῦ

1915 1797 1969 1842 et
2008 1785 2407 1839 transferentur
2443 1795 2654 1838 montes
2688 1805 2706 1837 ι
2745 1785 2796 1838 in
2836 1785 3150 1839 fortitudine
3180 1783 3317 1851 ejus.

1987 1875 2264 1946 Ejusdem.
2297 1875 2431 1930 Cum
2478 1876 2740 1929 luxuriam
2778 1875 3035 1946 fugimus,
3071 1879 3138 1929 ad
3181 1886 3488 1944 temperan-

1915 1970 2041 2023 tiam
2071 1971 2435 2040 confugimus,
2465 1983 2518 2024 et
2551 1981 2852 2039 pugnantes
2877 1971 3136 2025 adversus
3171 1970 3484 2035 luxuriam,

1912 2077 2034 2115 cum
2067 2063 2422 2131 temperantia
2465 2077 2790 2132 pugnamus.
2837 2062 2893 2116 Si
2927 2064 3070 2117 enim
3101 2061 3443 2131 confugimus
3466 2102 3483 2127 ,

1913 2154 2180 2225 refugium
2219 2156 2572 2222 nominatur;
2608 2155 2652 2210 si
2679 2169 2810 2210 vero
2839 2171 2960 2210 cum
2992 2157 3107 2226 ipsa
3139 2171 3441 2225 pugnamus
3465 2196 3482 2221 ,

1911 2249 2102 2303 virtus.

1987 2340 2150 2395 Vsus.
2179 2341 2233 2396 5.
2263 2340 2550 2410 Propterea
2581 2358 2687 2396 non
2725 2341 3022 2395 timebimus
3043 2382 3058 2408 ,
3088 2343 3214 2396 dum
3244 2344 3482 2397 turbabi-

1911 2441 1996 2484 tur
2031 2440 2196 2496 terra,
2244 2440 2351 2487 etc.
2389 2431 2616 2485 Marium
2656 2441 2710 2486 et
2744 2434 3006 2486 montium
3041 2435 3260 2488 nomine
3293 2435 3395 2489 hoc
3427 2435 3479 2488 in

1908 2525 2030 2580 loco
2081 2535 2308 2579 naturas
2357 2525 2613 2595 intelligit
2669 2527 2882 2580 ratione
2917 2526 3169 2595 praeditas
3202 2542 3324 2597 qua:
3359 2543 3482 2583 sese

1908 2616 2136 2673 efferunt
2168 2627 2222 2671 et
2247 2617 2513 2672 extollunt
2542 2620 2808 2672 adversus
2838 2619 3120 2673 scientiam
3151 2619 3266 2676 Dei.

1981 2711 2141 2766 Vnus.
2173 2709 2226 2762 5.
2257 2707 2523 2764 Fluminis
2553 2709 2774 2777 impetus
2805 2709 3043 2779 lwtiﬁcat
3072 2712 3330 2766 civitatem
3361 2712 3480 2778 Dei,

1906 2810 2009 2858 etc.
2067 2820 2088 2854 ι
2124 2801 2389 2856 Fluminis
2438 2801 2674 2872 impetus
2719 2820 2738 2854 ι
2791 2811 2919 2857 sunt
2967 2803 3121 2869 juxta
3181 2805 3479 2862 divisiones

1906 2895 2202 2965 gratiarum
2230 2938 2244 2961 ,
2291 2903 2348 2949 et
2381 2893 2791 2948 distributiones
2825 2894 3274 2950 ministeriorum.
3311 2897 3478 2966 Adju-

1906 2996 2064 3042 vatur
2092 2988 2286 3043 civitas
2317 2986 2434 3052 Dei,
2463 2988 3063 3056 appropinquante-die.
3093 2987 3366 3056 Scriptum
3393 2996 3480 3043 est

229 3081 388 3145 Θεοῦ,
415 3080 738 3151 ἐγγιζούσης
770 3079 1001 3152 ἡμέρας.
1030 3081 1302 3152 Γράφεται
1323 3080 1378 3133 δὲ
1409 3081 1561 3146 καὶ,‹
1597 3080 1802 3151 Βοηθή-

1925 3080 2064 3134 :tiam
2105 3080 2163 3134 ἰ
2217 3098 2237 3131 ι
2270 3078 2565 3148 Adjuvahit
2611 3094 2732 3134 eam
2766 3079 2917 3133 vultu
2969 3096 3087 3135 suo.
3120 3099 3140 3134 ι
3197 3081 3476 3150 Siquidem

229 3191 313 3227 σει
344 3173 513 3244 αὐτῆς
542 3173 620 3244 τῷ
650 3173 960 3246 προσώπῳ·
994 3193 1013 3228 ι
1044 3173 1204 3238 σώζει
1224 3173 1333 3246 γὰρ
1365 3175 1534 3244 αὐτῆς
1559 3175 1620 3227 τὸ
1666 3176 1798 3228 κάλ-

225 3271 319 3328 ὶος
349 3265 612 3335 ἄτρωτον,
643 3263 806 3334 ἡνίκα
835 3262 988 3334 παρὰ
1022 3263 1130 3316 τῶν
1163 3261 1554 3334 ἀντικειμένων
1594 3265 1800 3336 ταράσ-

229 3373 400 3410 σεται.

305 3447 416 3502 Τοῦ
441 3446 647 3501 ams.
689 3444 850 3508 Πόλις
881 3444 1014 3498 Θεοῦ
1063 3445 1176 3516 (50)
1219 3446 1337 3514 ﬁrm
1383 3446 1418 3517 ἡ
1482 3445 1796 3518 Ἐκκλησία,

226 3539 364 3611 αὕτη
390 3542 424 3611 ἡ
461 3538 650 3609 λογικὴ
673 3538 816 3609 ψυχή
839 3553 853 3568 ⁸
889 3537 1135 3609 ποταμοῦ
1164 3537 1221 3590 δὲ
1245 3538 1560 3609 ὁρμήματα,
1583 3537 1654 3591 τὰ
1703 3537 1798 3591 τοῦ

226 3631 543 3701 Πνεύματος
569 3631 901 3702 χαρίσματα.

311 3724 760 3793 Ἐταράχθησαν
789 3724 954 3789 ἔθνη,
983 3723 1235 3776 έκλιναν
1265 3721 1597 3789 βασιλεῖαι,
1645 3739 1699 3775 κ.
1741 3738 1796 3775 τ.

225 3819 272 3873 ι.
291 3817 378 3870 Ἐν
400 3819 466 3886 τῇ
486 3813 723 3886 Χριστοῦ
754 3813 1016 3885 ἐπιδημίᾳ
1039 3814 1150 3884 (51)
1172 3813 1388 3866 ἔκλιναν
1420 3815 1475 3866 αί
1510 3812 1794 3883 βασιλεῖαι.

232 3931 251 3964 ι
284 3911 492 3965 Ἔδωκε
517 3908 698 3979 φωνὴν
723 3906 886 3960 αὐτοῦ
933 3909 961 3958 ὁ
995 3905 1247 3976 Χριστὸς,
1280 3905 1544 3977 ἐσαλεύθη
1573 3907 1607 3977 ἡ
1628 3907 1701 3978 γῆ
1721 3923 1734 3937 ·
1771 3927 1790 3959 ι

223 4001 344 4058 ἀντὶ
379 3999 495 4064 τοῦ,
524 4001 570 4052 οί
596 3999 688 4052 ἐπὶ
721 3997 821 4068 τῆς
861 3997 987 4066 γῆς,
1019 3995 1127 4050 τῶν
1161 3995 1436 4067 πανταχοῦ
1461 3995 1796 4068 Ἑκκλησιῶν

225 4091 650 4162 συνισταμένων.

302 4182 411 4238 Τοῦ
432 4181 639 4236 αὐτοῦ.
675 4179 798 4233 Ἐὰν
816 4178 1023 4251 ἀκούσῃ
1049 4179 1230 4248 φωνῆς
1265 4177 1376 4248 (52)
1409 4178 1616 4250 Κυρίου
1647 4177 1794 4250 ψυχὴ

223 4275 434 4346 λογικὴ,
466 4273 770 4337 σαλεύεται,
820 4272 1218 4343 μεταϐαίνουσα
1273 4272 1382 4324 ἀπὸ
1428 4271 1628 4335 κακίας
1656 4271 1794 4342 πρὸς

221 4369 441 4442 ἀρετὴν,
486 4367 581 4420 καὶ
632 4365 737 4418 ἀπὸ
787 4364 1060 4432 ἀγνωσίας
1115 4365 1194 4427 είς
1241 4362 1438 4432 γνῶσιν
1477 4363 1632 4416 Θεοῦ.
1682 4363 1793 4434 Τῆς

1905 3171 2130 3225 ἱΗαξεοηι
2164 3181 2346 3227 servat
2373 3170 2490 3238 ejus
2520 3169 3003 3240 pulchritudinem,
3035 3174 3254 3243 quando
3280 3175 3349 3228 ab
3384 3175 3478 3227 ad-

1902 3264 2160 3319 versariis
2208 3265 2486 3321 turbatur.

1971 3444 2245 3516 Ejusdem.
2279 3443 2489 3502 Civitas
2518 3444 2638 3514 Dei,
2668 3457 2763 3502 aut
2793 3447 3058 3515 Ecclesia,
3100 3449 3213 3518 ipsa
3240 3458 3324 3505 est
3356 3451 3476 3504 ani-

1901 3553 1986 3594 ma
2023 3540 2346 3608 rationalis;
2391 3539 2632 3598 ﬂuminis
2659 3528 2812 3597 vero
2845 3542 3075 3608 impetus
3124 3549 3244 3596 sunt
3299 3543 3474 3598 sancti

1900 3629 2138 3700 Spiritus
2177 3632 2340 3686 dona.

1970 3721 2134 3778 Vsus.
2169 3723 2223 3778 7.
2255 3722 2600 3779 Conturbatm
2637 3736 2760 3780 sunt
2799 3738 2977 3796 gemes
3003 3767 3017 3793 ,
3054 3726 3315 3780 inclinata
3353 3737 3472 3781 sum

1898 3831 2094 3885 regna,
2126 3824 2230 3870 etc.
2279 3816 2336 3870 ltt
2385 3816 2586 3872 Christi
2627 3819 2862 3871 adventu
2913 3818 3170 3874 inclinata
3209 3829 3338 3874 sunt
3385 3835 3474 3874 re-

1898 3922 2023 3978 gna.
2063 3926 2082 3958 ι
2113 3907 2273 3961 Dedit
2313 3923 2500 3963 vocem
2549 3925 2699 3963 suam
2751 3909 3038 3974 Christus,
3087 3921 3354 3966 commota
3388 3924 3472 3970 est

1897 4007 2065 4066 terra,
2091 4016 2110 4050 ι
2149 3998 2200 4052 id
2230 4009 2315 4053 est
2347 4002 2656 4070 terrigenae,
2685 4017 2806 4055 cum
2843 4002 3038 4072 ubique
3069 4012 3334 4059 terrarum
3369 4009 3475 4063 Ec-

1895 4089 2074 4144 clesize
2099 4091 2414 4146 constitutae
2446 4101 2591 4145 sunt.

1968 4177 2242 4247 Ejusdem.
2278 4179 2335 4234 Si
2366 4181 2547 4234 anima
2579 4180 2865 4236 rationalis
2897 4183 3130 4238 audierit
3156 4199 3343 4240 vocem
3374 4185 3473 4244 Do-

1897 4270 2051 4335 mini,
2083 4271 2541 4340 commovebitur,
2567 4272 2843 4326 transiens
2865 4287 2895 4326 a
2927 4274 3058 4329 vitio
3088 4276 3154 4329 ad
3191 4277 3470 4344 virtutem.

1896 4361 1962 4415 ab
1999 4361 2304 4431 ignorantia
2339 4363 2408 4416 ad
2439 4363 2800 4432 cognitionem
2844 4364 2958 4420 Dei.
2995 4367 3119 4436 Ubi,
3147 4368 3342 4438 inquit,
3382 4371 3471 4424 di--

223 4461 390 4523 οείας,
427 4457 583 4529 φησὶ,
621 4455 871 4527 βοηθείας
903 4454 1276 4523 ἐπιφανείσης,
1311 4453 1459 4508 νῶτα
1496 4452 1791 4508 δεδώκασιν

1933 4455 2080 4508 iuum
2120 4454 2384 4509 auxilium
2419 4454 2584 4526 714
2617 4457 2890 4524 apparuit,
2934 4467 3080 4530 terga
3114 4462 3312 4516 dedere
3362 4462 3470 4516 iui-

220 4558 268 4608 οἱ
299 4553 565 4622 πολέμιοι,
594 4549 687 4604 καὶ.
741 4550 797 4602 αἱ
845 4549 1105 4602 τάναντία
1157 4547 1324 4600 πάλαι
1359 4547 1651 4617 φρονοῦσαι
1699 4547 1794 4617 βα-

1895 4547 2046 4614 mici,
2079 4556 2133 4602 et
2165 4548 2512 4603 adversantia
2555 4549 2682 4603 olim
2722 4564 2887 4620 regna
2931 4551 3114 4606 divino
3141 4562 3196 4606 et
3241 4554 3466 4609 salutari

221 4643 734 4700 σιλεῐαιὺπέκλιναν
792 4642 882 4695 τὸν
915 4640 1118 4710 αὐχένα
1171 4639 1252 4711 τῷ
1309 4639 1440 4711 θείῳ
1497 4638 1645 4710 ζυγῷ
1699 4639 1793 4691 καὶ

1929 4654 2013 4710 rgo
2061 4638 2302 4694 cervices
2333 4639 2668 4695 inclinarunt
2701 4660 2715 4696 :
2763 4657 2886 4696 nam
2920 4643 3064 4698 Deus
3099 4645 3371 4711 veritate,
3413 4658 3470 4702 et

222 4736 504 4807 σωτηρίῳ²
538 4737 603 4805 τῇ
649 4733 759 4805 γὰρ
790 4731 1018 4803 ἀληθείᾳ
1069 4732 1163 4786 καὶ
1207 4734 1273 4803 τῇ
1306 4731 1416 4785 τῶν
1452 4731 1792 4803 πραγμάτων

1891 4747 2070 4784 rerum
2094 4733 2426 4796 testimonio,
2451 4743 2504 4788 et
2530 4734 2916 4789 miraculorum
2945 4735 3184 4791 eﬂicacia
3211 4747 3466 4809 tanquam

221 4827 492 4899 μαρτυρία
555 4825 649 4878 καὶ
711 4827 831 4888 ταῖς
902 4823 1269 4886 παντοδαπαῖς
1327 4821 1791 4893 θαυματουργίαις

1925 4837 2022 4876 oce
2077 4824 2309 4890 quadam
2361 4839 2490 4880 usus
2537 4840 2690 4882 suam
2732 4828 3045 4884 hominibus
3089 4829 3473 4889 celsitudinem

215 4914 321 4972 οἷον
377 4919 526 4987 φωνῇ
558 4933 662 4971 τινι
696 4914 1036 4987 χρησάμενος
1069 4915 1096 4967 ὁ
1122 4913 1254 4978 Θεὸς
1275 4953 1291 4979 ,
1318 4913 1378 4966 τὸ
1422 4914 1618 4969 οίκείον
1656 4911 1788 4982 seu;

215 5012 323 5073 τοῖς
355 5008 660 5080 ἀνθρώποις
686 5005 984 5070 ὑπέδειξεν.

295 5097 682 5168 Ἀντα-ναιρῶν
706 5097 1009 5167 πολέμους
1026 5096 1204 5166 μέχρι
1233 5095 1349 5149 τῶν
1387 5095 1656 5164 περάτων
1676 5094 1782 5162 τῆς

216 5194 544 5269 τῆς,τόξον
579 5191 898 5260 συντρίψει
931 5189 1030 5244 καὶ
1071 5188 1410 5257 συγκλὰσει
1439 5187 1652 5252 ὅπλον,
1686 5187 1783 5240 καὶ

1892 4913 2150 4968 ostendit.

1963 5093 2124 5148 Vsus.
2168 5093 2256 5148 10.
2299 5095 2556 5165 Auferen:
2590 5096 2724 5151 bella
2763 5113 2928 5166 usque
2969 5099 3038 5154 ad
3065 5099 3228 5166 ﬁnem
3276 5111 3477 5172 terra,

1892 5203 2072 5240 arcum
2099 5199 2326 5242 conteret
2352 5197 2401 5242 et
2438 5189 2729 5260 confringet
2765 5208 2939 5260 arma,
2977 5201 3026 5248 et
3057 5204 3210 5251 scuta
3250 5199 3477 5255 combat-

285 5316 304 5349 ⁸
346 5313 492 5370 Psal.
537 5327 734 5377 xum,
758 5309 850 5364 20.
929 5309 949 5340 ³
987 5307 1176 5364 Matth.
1221 5322 1320 5370 vn.
1351 5307 1440 5363 14.
1515 5307 1537 5338 ³
1561 5305 1706 5361 Psal.
1743 5322 1864 5374 τιν,
1893 5308 1947 5361 ti.

286 5407 759 5482 (Ιιτλφεύγοχτες
783 5403 895 5482 τῂν
923 5404 1228 5471 πορνείαν,
1257 5413 1362 5458 etc.
1396 5401 1619 5458 Schedre
1643 5401 1782 5456 Gra-

218 5476 361 5535 bii'et
385 5476 582 5532 Catena
614 5476 655 5528 Β
673 5481 782 5529 trba
796 5477 859 5527 ri.

287 5548 395 5620 (t8)
421 5546 746 5620 Θαλάσσας
771 5545 867 5620 καὶ
897 5545 1161 5620 opm-etc.
1192 5541 1418 5620 Scltcdte
1442 5541 1654 5607 Crahii,
1688 5556 1779 5597 co-

221 5614 314 5672 dei
339 5614 700 5671 Coislinianus
723 5625 775 5668 et
805 5616 1005 5667 Catena
1037 5614 1284 5666 Barbari.

291 5687 399 5756 (49)
436 5686 543 5740 Τοῦ
570 5684 854 5756 ποταμοῦ.
881 5685 1081 5756 Catena
1106 5683 1372 5756 Corderii.

289 5751 400 5828 (50)
429 5758 609 5822 Πόλις
639 5751 804 5824 Θεοῦ,
846 5763 951 5810 etc.
985 5753 1208 5811 Scheda:
1247 5753 1432 5808 Grahii
1476 5761 1528 5810 ct
1572 5751 1775 5808 Catena

1888 5403 2136 5460 Barbari.

1962 5475 2074 5550 (51)
2116 5477 2219 5530 Ἐν
2248 5477 2322 5548 τῇ
2344 5477 2599 5547 Χριστοῦ
2632 5478 2932 5550 ἐπιδημίᾳ,
2961 5490 3067 5538 etc.
3093 5482 3298 5539 Catena
3327 5481 3467 5540 Cor-

1886 5545 2044 5599 det-ii.

1955 5615 2065 5687 (5‘2)
2092 5616 2237 5670 Ἐὰν
2268 5619 2504 5686 ἀκούσῃ
2533 5617 2756 5688 φωνῆς,
2794 5633 2899 5680 ctc.
2928 5619 3150 5679 Scltedtn
3185 5620 3377 5680 Grabii
3411 5638 3470 5684 et

1885 5684 2088 5742 Catena
2131 5688 2371 5743 Barbari.
