3970 6160
489 253 627 311 “'55
1899 256 1993 311 EX
2031 254 2074 312 Ο

2186 257 2331 313 iENE
3628 256 3769 312 M35

487 379 563 426 ret
593 370 725 439 igni,
761 379 868 429 etc.
899 372 1086 427 Potest
1116 371 1259 428 istud
1279 413 1294 439 ,
1331 391 1351 424 ι
1383 371 1641 429 auferens
1670 373 1809 430 bella
1834 415 1849 440 ,
1880 393 1900 428 ι
1935 376 2062 441 dici,

2186 378 2419 447 ivpeobg
2477 377 2843 433 κατακαύσει
2891 375 2964 430 ἐν
3017 373 3185 444 πυρὶ,
3237 392 3291 428 κ.
3330 391 3387 429 τ.
3426 374 3478 427 ἑ.
3536 373 3771 428 Aine-un

487 465 744 532 quoniam
785 475 1076 519 cessarunt
1115 467 1219 522 sub
1256 465 1520 522 Romanis
1548 467 1721 534 bella,
1760 484 1880 540 qua:
1913 473 2062 540 prius

2186 474 2227 526 τὸ
2262 473 2397 545 (55),
2445 492 2464 526 ι
2516 470 2858 543 ἀντανα,ιρῶν
2904 469 3201 540 πολέμους,
3227 488 3247 520 ι
3307 467 3599 536 λέγεσθαι,
3647 470 3775 521 ita

488 555 708 610 fuerant
735 556 994 611 continua
1022 599 1037 625 ,
1069 556 1196 612 dum
1238 560 1339 614 sub
1365 575 1532 614 unum
1564 561 1850 632 imperium
1881 565 2060 632 priora

2186 561 2473 614 ιπαύσαντο
2523 559 2629 614 ὑπὸ
2695 559 2983 630 Ῥωμαίων
3039 560 3092 611 οἱ
3153 557 3437 630 πρότερον
3526 560 3776 629 συνεχές

492 646 660 700 multa
688 660 851 711 regna
880 656 1002 717 post
1026 649 1362 706 nativitatem
1388 650 1689 708 Salvatoris
1715 654 2060 724 redegerunt.

2186 654 2440 724 γινόμενοι
2482 652 2725 724 πόλεμοι,
2755 654 2860 706 ὑπὸ
2887 653 3020 722 μίαν
3072 653 3433 722 ποιησάντων
3490 642 3779 720 eam

488 737 654 793 Facta
677 749 759 794 est
785 740 930 795 enim
965 758 986 793 ι
1015 740 1182 812 gloria
1207 741 1259 797 in
1286 743 1565 804 altissimis
1596 746 1722 811 Deo,
1753 756 1808 801 et
1838 748 1890 801 iu
1919 757 2061 803 terra

2186 742 2265 806 τὰς
2299 742 2565 814 πρότερον
2595 741 2796 806 πολλὰς
2832 744 2970 812 μετὰ
3000 742 3101 813 τὴν
3114 743 3332 810 γενέσιν
3359 740 3470 794 τοῦ
3490 742 3775 813 Σωτῆρος.

490 845 627 900 pax,
661 832 713 886 in
750 832 1059 888 hominibus
1091 835 1231 889 bona
1260 835 1504 891 voluntas
1529 837 1571 893 ⁸.
1610 856 1630 889 ι
1666 838 1928 895 Dominus
1953 841 2055 910 igi-

2186 835 2364 903 Γέγονε
2399 833 2506 907 γὰρ
2546 853 2565 885 ι
2592 833 2717 899 δόξα
2742 835 2800 887 ὲν
2830 832 3073 903 ὑψίστοις
3098 833 3236 904 Θεῷ,
3287 834 3388 886 καὶ
3413 834 3515 885 ἐπὶ
3534 833 3644 903 γῆς
3696 835 3781 886 εξ-

489 931 582 977 tur
610 921 769 979 Jesus
797 926 978 994 posuit
1014 927 1067 981 in
1115 935 1256 982 terra
1287 929 1527 999 prodigia
1548 969 1564 995 ,
1608 932 1864 987 auferens
1892 949 2063 1005 usque

2186 928 2332 997 οήνη,
2356 929 2414 980 ἐν
2444 926 2752 999 ἀνθρώποις
2783 926 3018 981 εὐδοκία.
3064 946 3082 977 ι
3146 927 3204 979 '0
3266 926 3489 997 Κύριος
3521 921 3623 979 οὖν
3671 926 3779 997 Ἰη-

491 1017 559 1071 ad
591 1016 725 1074 fines
754 1028 910 1075 terra:
939 1021 1104 1090 bella,
1138 1037 1260 1092 quae
1290 1024 1552 1093 gerebant
1584 1026 1854 1083 homines.
1899 1029 2064 1086 Aufe-

2186 1020 2297 1084 τοῦς
2326 1020 2474 1074 ἔθετο
2505 1021 2573 1075 τὰ
2596 1021 2692 1074 ἐπὶ
2715 1020 2813 1090 γῆς
2840 1020 3062 1090 τέρατα,
3095 1012 3454 1090 ἀνταναιρῶν
3498 1020 3632 1080 τοὺς
3671 1019 3781 1080 ἕως

489 1110 663 1165 rendo
690 1120 869 1167 autem
918 1113 1078 1177 bella,
1112 1116 1373 1171 contrivit
1406 1133 1618 1183 arcum,
1650 1134 1715 1174 ex
1748 1137 1855 1191 quo
1895 1123 2063 1191 ignita

2186 1113 2279 1167 τῶν
2303 1115 2552 1186 περάτων
2582 1114 2684 1185 τῆς
2709 1114 2815 1184 γῆς
2846 1113 3134 1184 πολέμους,
3164 1111 3261 1176 οὓς
3290 1110 3686 1183 ἐπολεμοῦντο
3726 1114 3775 1164 οἱ

491 1204 692 1260 diaboli
732 1206 836 1260 tela
867 1208 1292 1276 emittebanlur;
1338 1220 1392 1265 et
1435 1211 1703 1283 confregit
1731 1229 1881 1268 arma
1923 1216 2063 1285 ejus,

2186 1205 2467 1276 ἱνθρωποι.
2515 1205 2879 1274 Ἀνταναιρῶν
2912 1205 2969 1258 δὲ
3001 1206 3129 1268 τοὺς
3153 1204 3446 1275 πολέμους
3480 1204 3775 1273 συνέτρσᾷε

440 1344 443 1349 ,
489 1303 545 1348 et
571 1304 719 1349 scuta
771 1298 1087 1352 combussit.
1135 1298 1266 1353 lllud
1298 1312 1482 1355 autem
1537 1321 1555 1354 ι
1585 1304 1870 1359 exaltabor
1897 1323 1917 1357 ι
1971 1305 2062 1360 Dei

2186 1295 2229 1349 rb
2259 1295 2538 1366 τόξον,ἀφ’
2568 1291 2630 1350 οὗ
2660 1297 2967 1367 ἐπέμποντο
2996 1295 3063 1350 τὰ
3089 1295 3483 1366 πεπυρωμένα
3518 1294 3656 1365 βέλη
3684 1295 3777 1347 τοῦ

492 1399 600 1440 vox
635 1395 719 1442 est
771 1389 1004 1444 dicentis
1052 1390 1193 1459 haec,
1239 1401 1526 1464 postquam
1567 1396 1879 1454 sustulisset
1928 1398 2064 1453 bella

2186 1386 2437 1453 Ξιαϐόλου,
2467 1387 2560 1441 καὶ
2611 1388 2905 1442 συνέκλασε
2949 1387 3010 1441 τὸ
3047 1387 3209 1441 ὅπλον
3235 1386 3439 1451 αὑτοῦ,
3498 1388 3605 1440 καὶ
3658 1390 3778 1450 τοὺς

491 1491 664 1546 usque
698 1480 765 1533 ad
799 1478 933 1536 lines
961 1490 1141 1551 terra},
1170 1491 1227 1540 et
1261 1487 1617 1543 contrivisset
1645 1503 1866 1558 arcum,
1895 1500 1951 1545 et
1978 1506 2066 1546 ar-

2186 1479 2397 1551 iupsohg
2440 1478 2769 1533 κατέκαυσε.
2835 1480 2908 1533 Τὸ
2961 1480 3017 1532 δὲ
3069 1500 3089 1530 ι
3125 1480 3510 1551 ὑψωθήσομαι
3566 1499 3590 1531 ι
3649 1479 3780 1533 Θεοὸ

490 1583 579 1624 ma
610 1569 991 1644 confregisset.

2186 1570 2325 1641 ρωνὴ
2359 1570 2610 1639 λέγοντος
2647 1571 2836 1635 ταῦτα,
2872 1571 3009 1641 μετὰ
3037 1572 3099 1625 τὸ
3138 1570 3630 1643 ἀνταναιρεθῆναι
3660 1574 3782 1636 τὼς

2171 1663 2276 1727 ἓως
2297 1663 2406 1716 τῶν
2430 1664 2683 1737 περάτων
2709 1664 2810 1734 τῆς
2841 1666 2943 1735 γῆς
2980 1663 3276 1735 πολέμους,
3315 1666 3419 1718 καὶ
3482 1664 3780 1737 συντριϐῆ-

2104 1755 2146 1809 B
2173 1774 2262 1811 ναι
2287 1756 2460 1822 τόξον,
2491 1758 2585 1812 καὶ
2619 1757 3025 1828 συγκλασθῆναι
3051 1758 3238 1813 ὅπλον.

561 1845 840 1917 Ejusdem.
884 1851 1079 1918 Arcus,
1120 1869 1423 1923 armorum,
1457 1867 1513 1911 et
1540 1857 1679 1912 scuti
1713 1860 1932 1915 nomine
1964 1859 2069 1915 hoc

2251 1850 2359 1904 Τοῦ
2385 1850 2590 1904 αὐτοῦ.
2622 1849 2786 1914 Τόξον
2818 1849 2912 1903 νῦν
2938 1850 3050 1920 (54)
3080 1851 3175 1903 καὶ
3206 1849 3382 1902 ὁπλον
3424 1849 3537 1903 καὶ
3571 1848 3783 1921 θυρεὸν,

491 1938 546 1994 in
578 1938 699 1996 loco
744 1945 1041 2012 pessimum
1101 1948 1350 2002 habitum
1383 1957 1437 2005 et
1477 1965 1673 2020 pravas
1711 1953 2070 2024 cogitationes

2186 1944 2510 1997 κατάστασιν
2562 1945 2842 2017 χειρίστην
2897 1944 3031 2014 φησὶ
3083 1944 3178 1996 καὶ
3240 1943 3568 2013 λογισμοὺς
3618 1960 3782 2013 πανη-

492 2033 766 2103 intelligit.

2186 2035 2324 2105 ρούς.

2244 2127 2615 2197 Σχολὰσατε,
2661 2128 2761 2182 καὶ
2813 2128 3017 2197 γνῶτε,
3047 2127 3136 2182 ὅτι
3186 2128 3305 2197 ἐγώ
3350 2132 3483 2197 ειμι
3532 2132 3571 2183 ὁ
3625 2130 3782 2194 Θεὸς,

2174 2239 2229 2276 κ.
2259 2240 2308 2277 τ.
2335 2224 2382 2278 ὲ.
2444 2222 2647 2295 Σχολῆς
2673 2221 2831 2294 χρεία
2860 2220 2972 2293 (55)
3001 2219 3136 2292 πρὸς
3179 2220 3239 2273 τὸ
3283 2221 3509 2288 γνῶναι
3554 2220 3656 2274 τὸν
3684 2220 3787 2274 Κύ-

2174 2333 2310 2388 ριον.

566 2127 731 2187 νειιε.
764 2129 847 2183 Η.
890 2129 1090 2187 Vacate
1115 2143 1163 2186 et
1184 2134 1349 2189 ridete
1369 2139 1617 2207 quoniam
1639 2155 1731 2210 ego
1758 2156 1873 2192 sum
1906 2138 2064 2207 Deus,

491 2226 597 2276 etc.
632 2219 755 2278 Otio
776 2238 912 2295 opus
947 2235 1030 2281 est
1062 2228 1128 2283 ad
1158 2232 1594 2299 cognoscendum
1627 2232 1937 2287 Dominum.

1000 2503 1319 2561 PSALMUS
1352 2505 1533 2562 XLVI.

2723 2501 3014 2556 ΨΑΑΜΟΣ
3059 2502 3214 2570 Μετ’.

562 2589 732 2651 Vens.
778 2594 833 2649 2.
874 2594 1066 2652 Omnes
1112 2608 1323 2667 gentes,
1369 2599 1608 2668 plaudite
1653 2602 1914 2665 manibus.
1956 2614 2064 2660 etc.

2246 2600 2447 2654 ﬂdrm
2486 2597 2557 2652 τὰ
2597 2596 2764 2665 ἔθνη,
2807 2594 3137 2664 κροτήσατε
3199 2594 3411 2663 χεῷας
3446 2634 3462 2657 ,
3512 2611 3575 2645 κ.
3640 2610 3694 2645 τ.
3739 2593 3788 2647 ἐ.

492 2683 659 2751 Quasi
708 2700 895 2742 vocem
952 2690 1204 2743 emittant
1257 2690 1643 2746 exsultationis
1693 2693 1761 2748 ab
1818 2696 2070 2764 operibus

2186 2693 2352 2747 ῡίονεὶ
2380 2689 2559 2761 φωνὴν
2594 2687 2704 2759 (56)
2739 2687 3046 2757 ἀφιέτωσαν
3088 2686 3474 2755 ἀγαλλιάσεως
3529 2687 3654 2739 ἀπὺ
3682 2683 3789 2738 τῶν

491 2777 651 2835 bonis
676 2792 869 2835 manus
911 2791 1133 2836 nostrae.
1170 2781 1379 2837 Etenim
1417 2782 1744 2853 jubilantes,
1779 2797 1833 2842 et
1858 2789 2070 2859 quidvis

2186 2783 2357 2837 καλῶν
2389 2782 2565 2853 ἔργων
2598 2783 2653 2833 αἱ
2683 2783 2861 2852 χεῖρες
2884 2778 3061 2851 ἡμῶν.
3096 2779 3202 2832 Καὶ
3237 2778 3349 2848 γὰρ
3378 2777 3786 2843 ἀλαλάζοντες,

493 2870 640 2925 aliud
668 2881 907 2941 agentes,
940 2874 1025 2928 vel
1061 2874 1170 2930 Deo
1207 2875 1434 2931 facimus
1459 2917 1474 2942 ,
1510 2881 1730 2947 quando
1774 2884 2070 2937 secundum

2186 2872 2275 2926 καὶ
2301 2871 2395 2923 ὅτι
2423 2870 2540 2922 ποτ’
2568 2865 2660 2921 οὖν
2689 2870 3038 2940 πράττοντες,
3064 2870 3181 2940 ἤτοι
3200 2867 3278 2938 τῷ
3318 2868 3447 2938 Θεῷ
3488 2868 3784 2939 ποιοῦμεν,

497 2964 669 3021 Deum
710 2976 792 3022 est
815 3009 831 3034 ,
864 2967 947 3021 vel
980 2967 1217 3034 diabolo,
1252 2970 1471 3038 quando
1507 2971 1706 3026 malum
1755 2988 2067 3043 operamur.

2186 2965 2305 3019 ὅταν
2336 2962 2481 3017 κατὰ
2511 2962 2642 3015 Θεὸν
2666 2957 2720 3034 ᾖ,
2749 2963 2781 3033 ἢ
2810 2961 2887 3032 τῷ
2912 2962 3143 3031 διαϐόλῳ
3165 3002 3178 3020 ,
3202 2961 3333 3015 ὅταν
3379 2962 3603 3015 κακίαν
3637 2962 3789 3031 ἐνερ-

498 3055 593 3110 Sic
640 3065 818 3111 autem
852 3057 1019 3112 etiam
1052 3058 1164 3114 Deo
1196 3060 1474 3128 psallimus
1505 3101 1520 3126 ,
1567 3073 1622 3116 et
1667 3064 1779 3133 regi
1821 3064 2072 3130 Christo,

2186 3056 2406 3129 γοῦμεν.
2445 3055 2601 3109 Οὖτω
2624 3056 2682 3109 δὲ
2707 3054 2802 3108 καὶ
2831 3054 2909 3126 τῷ
2933 3054 3052 3125 Θεῷ
3097 3054 3395 3125 ψάλλομεν,
3430 3057 3537 3107 καὶ
3570 3054 3657 3125 τῷ
3694 3054 3787 3123 βα-

495 3147 871 3202 subaudiendo
904 3149 956 3202 in
1006 3164 1138 3204 voce
1167 3150 1586 3218 exsultationis;
1637 3162 1698 3208 ut
1744 3169 1937 3212 sensus
1966 3157 2069 3212 sit:

493 3238 743 3295 Plaudite
795 3241 1045 3298 manibus
1080 3243 1190 3297 Deo
1227 3245 1279 3298 in
1329 3261 1468 3300 voce
1516 3247 1914 3305 exsultationis.
1956 3249 2074 3307 Vox

496 3333 615 3389 hare
656 3334 831 3389 omnis
859 3349 979 3389 esse
1009 3337 1180 3405 possit
1209 3339 1507 3393 secundum
1548 3340 1717 3395 Deum
1743 3382 1758 3407 ,
1802 3358 1962 3413 quam
1992 3359 2076 3399 se-

500 3419 691 3488 quitur
713 3422 1007 3477 exsultatio
1032 3440 1046 3490 ;
1075 3427 1345 3480 contraria
1374 3442 1504 3482 vero
1525 3436 1612 3485 est
1634 3429 1878 3498 ejulatio.
1899 3433 2076 3503 Atque

497 3514 625 3569 olim
657 3515 877 3586 quidem
914 3533 1018 3573 non
1049 3529 1169 3574 erat
1218 3519 1482 3577 Dominus
1511 3537 1673 3591 super
1714 3539 1929 3581 omnem
1966 3538 2078 3582 ter-

497 3625 648 3675 ram,
679 3619 732 3665 et
760 3610 1009 3666 excelsus
1038 3621 1154 3666 erat
1190 3612 1409 3680 paucis,
1449 3623 1505 3668 et
1534 3614 1794 3669 terribilis
1828 3616 1953 3684 piis,
1984 3618 2075 3689 qui

496 3716 668 3773 parvo
692 3713 852 3757 erant
888 3718 1148 3769 numero;
1176 3713 1232 3758 ct
1260 3718 1351 3758 rex
1392 3720 1498 3759 non
1529 3704 1735 3771 multis,
1765 3717 1820 3761 et
1850 3721 2077 3777 magnus

497 3795 635 3849 viris
670 3796 810 3852 raris
832 3840 847 3864 ,
888 3797 1067 3868 qualis
1107 3808 1225 3852 erat
1279 3813 1511 3867 magnus
1545 3799 1729 3864 Isaac,
1762 3809 1816 3854 et
1852 3815 2077 3872 magnus

500 3883 747 3955 Moyses;
780 3902 921 3942 nunc
951 3899 1135 3943 autem
1163 3889 1329 3945 multo
1363 3889 1608 3959 pluribus
1639 3891 1753 3946 hzec
1777 3891 1958 3945 omnia
1991 3906 2078 3947 ex-

502 3976 684 4030 sistit:
721 3977 830 4031 imo
874 3979 1037 4034 etiam
1072 3983 1295 4037 cumino
1331 3984 1437 4037 erit
1480 3984 1662 4038 omnia
1699 3985 1752 4037 in
1802 3984 2075 4039 omnibus.

498 4066 662 4124 Prius
688 4068 907 4137 quidem
955 4071 1007 4125 in
1045 4072 1163 4127 solo
1211 4074 1409 4128 lsraele
1436 4085 1554 4129 erat
1590 4090 1844 4146 magnum
1880 4091 2076 4144 nomen

497 4162 660 4232 ejus;
712 4165 780 4217 ab
812 4165 1045 4219 adventu
1086 4177 1265 4221 autem
1314 4164 1518 4221 Christi
1548 4182 1779 4233 magnus
1807 4177 1888 4222 est
1916 4183 2079 4238 super

2185 3150 2322 3205 σιλεῖ
2349 3147 2591 3221 Χριστῷ,
2620 3146 2727 3201 ἀπὸ
2759 3145 2938 3199 κοινοῦ
2968 3146 3027 3199 τὸ
3068 3147 3125 3198 ὲν
3152 3147 3302 3215 φωνῇ
3354 3144 3783 3214 ἀγαλλιάσεως·

2183 3245 2248 3298 ἵν’
2349 3243 2410 3296 τό
2433 3259 2447 3272 ο
2475 3243 2791 3313 Κροτήσατε
2827 3242 3016 3310 χεῖρας
3051 3238 3129 3309 τῷ
3162 3237 3280 3309 Θεῷ
3316 3241 3376 3291 ὲν
3410 3241 3578 3308 φωνῇ
3612 3238 3781 3306 ἀγαλ-

2182 3336 2431 3398 λιάσεως.
2464 3330 2617 3387 Εἶναι
2647 3334 2868 3387 δύναται
2900 3335 3048 3386 πᾶσα
3078 3335 3111 3403 ἡ
3136 3332 3277 3386 κατὰ
3308 3330 3474 3395 Θεὸν,
3588 3331 3783 3385 ἕπεται

2182 3428 2243 3482 τὸ
2269 3427 2531 3500 ἀγαλλιᾷν
2552 3444 2565 3457 ·
2599 3429 2631 3498 ἡ
2656 3428 2702 3480 δ’
2725 3426 2942 3480 ἐναντία
2969 3424 3265 3495 κλαυθμός.
3309 3424 3426 3478 Καὶ
3463 3425 3649 3479 πάλαι
3679 3424 3781 3494 μὴν

2178 3520 2388 3593 Κύριος
2419 3516 2487 3591 ἦν
2509 3520 2610 3573 οὐκ
2636 3520 2729 3573 ἐπὶ
2758 3521 2938 3573 πᾶσαν
2968 3518 3064 3589 τὴν
3088 3518 3212 3587 γῆν,
3237 3517 3333 3571 καὶ
3382 3515 3627 3587 ὕψιστος
3671 3517 3779 3569 ὀλί-

2183 3630 2321 3683 γοις,
2351 3619 2445 3667 καὶ
2473 3612 2703 3684 φοϐερὸς
2722 3611 3006 3665 εὐλαϐέσιν
3029 3609 3439 3681 εὐαριθμήτοις,
3474 3611 3578 3662 καὶ
3638 3609 3782 3680 βασι-

2184 3705 2310 3769 λεὺς
2335 3706 2395 3758 οὑ
2432 3705 2664 3771 πολλοῖς,
2727 3705 2818 3758 καὶ¹
2868 3703 3040 3774 μέγας
3070 3703 3337 3766 σπανίοις,
3391 3702 3586 3767 ὁποῖος
3622 3697 3696 3772 ἦν
3753 3702 3780 3753 ό

2188 3798 2360 3871 μέγας
2398 3797 2584 3853 Ἰσαὰκ
2622 3798 2717 3851 καὶ
2757 3800 2786 3851 ὁ
2818 3799 2991 3869 μέγας
3040 3798 3274 3867 Μωσῆς·
3320 3795 3442 3849 νυνὶ
3493 3794 3558 3847 δὲ
3596 3794 3779 3864 πολλῷ

2186 3890 2394 3944 πλείοσι
2412 3889 2588 3944 ταῦτα
2610 3891 2787 3944 πάντα
2808 3889 2954 3943 ἐστίν
2972 3905 2986 3918 ·
3024 3887 3172 3941 ἔσται
3198 3887 3254 3940 δὲ
3281 3887 3376 3940 καὶ
3410 3884 3568 3949 ἅπαξ
3591 3884 3780 3946 ἁπλῶς

2185 3985 2361 4040 πάντα
2383 3986 2440 4039 ἐν
2469 3987 2621 4039 πᾶσι.
2654 3985 2926 4057 Πρότερον
2955 3984 3053 4054 μὲν
3082 3983 3176 4036 ἐπὶ
3215 3981 3305 4035 τὸν
3343 3980 3574 4053 Ἰσραὴλ
3618 3979 3778 4051 μόνον

2184 4071 2252 4148 ἦν
2290 4076 2433 4147 μέγα
2470 4076 2530 4129 τὸ
2552 4076 2722 4147 ὄνομα
2743 4074 2908 4129 αὐτοῦ
2927 4092 2940 4105 ·
2965 4074 3073 4127 ἀπὸ
3097 4072 3152 4126 δὲ
3184 4072 3283 4142 τῆς
3301 4071 3549 4143 Χριστοῦ
3583 4089 3779 4142 παραδ-

2187 4170 2307 4234 σίας
2341 4169 2513 4240 μέγας
2538 4171 2686 4223 ἐστὶν
2715 4169 2808 4222 ἐπὶ
2836 4171 3015 4223 πᾶσαν
3054 4168 3152 4238 τὴν
3185 4167 3306 4238 γῆν.
3351 4165 3629 4230 Βασιλεὺς
3671 4164 3778 4235 γίιρ

497 4272 716 4314 omnem
749 4266 971 4312 terram.
1019 4257 1172 4314 Nunc
1206 4262 1349 4316 enim
1380 4261 1524 4316 Deus
1568 4275 1658 4315 rex
1701 4272 1784 4316 est
1812 4262 2074 4318 universae

2186 4261 2281 4316 νῦν
2314 4262 2495 4334 πάσης
2525 4262 2624 4334 τῆς
2656 4262 2759 4333 γῆς
2797 4263 2826 4315 ὁ
2865 4260 3017 4326 Θεὸς,
3049 4261 3137 4313 ὅτε
3166 4257 3518 4312 ἐϐασίλευσεν
3573 4258 3602 4310 ό
3646 4255 3775 4318 Θεὸς

499 4358 685 4417 ωτι-αξ,
717 4364 780 4406 ex
813 4365 921 4420 quo
956 4354 1199 4422 regnavit
1227 4353 1369 4409 Deus
1392 4369 1556 4424 super
1586 4364 1797 4423 gentes.

2188 4355 2281 4409 ἐπὶ
2306 4355 2374 4410 τὰ
2404 4355 2555 4427 ἔθνη.

569 4441 733 4516 715
780 4416 1054 4505 Eiusdem:
1088 4442 1278 4497 Solent
1313 4416 1561 4500 homines
1586 4416 1647 4500 in
1682 4444 1934 4501 victoriis
1960 4460 2074 4500 ma-

2255 4447 2367 4503 Τοῦ
2404 4416 2611 4503 αὐτοῦ.
2657 4447 2785 4500 Ἐπὶ
2813 4448 2935 4511 ταῖς
2980 4445 3161 4509 νίκαις
3194 4442 3307 4515 (57)
3362 4442 3687 4513 πεφύκασιν
3724 4442 3773 4494 οἱ

500 4542 663 4597 nibus
696 4539 971 4610 plaudere.
1000 4536 1331 4592 Plaudamus
1356 4538 1524 4608 igitur
1554 4548 1610 4594 et
1637 4553 1735 4593 nos
1763 4539 1815 4593 in
1846 4538 2074 4593 victoria

2186 4541 2459 4613 ἄνθρωποι
2504 4540 2604 4604 τὰς
2643 4543 2833 4612 χεῖρας
2864 4541 3100 4611 κροτεῖν.
3139 4536 3441 4609 Τοιγαροῦν
3490 4538 3772 4607 κρατήσω-

504 4635 654 4690 illius
686 4633 779 4702 qui
807 4632 947 4687 dixit
981 4631 1004 4663 ⁸
1034 4650 1048 4685 :
1086 4649 1107 4684 ι
1137 4629 1433 4697 Coulidite,
1469 4647 1569 4704 ego
1596 4633 1704 4688 vici
1731 4634 2013 4688 mundum.
2050 4651 2071 4686 ι

2186 4651 2283 4706 μεν
2317 4636 2413 4688 καὶ
2455 4635 2616 4706 ἡμεῖς
2655 4633 2751 4687 ἐπὶ
2793 4635 2858 4705 τῇ
2908 4632 3033 4704 νίκῃ
3077 4629 3172 4685 τοῦ
3222 4631 3503 4693 εἰπόντος’
3560 4649 3581 4682 ι
3625 4630 3765 4700 Θαρ-

498 4723 763 4780 Jubilatio
816 4730 902 4779 est
964 4720 1248 4777 victoriale
1299 4722 1598 4776 canticum.
1659 4723 2074 4795 Pmcipitergo

2186 4729 2345 4789 σεῖτε,
2375 4726 2488 4797 ἐγὼ
2515 4727 2778 4798 νενίκηκα
2807 4726 2898 4780 τὸν
2925 4725 3150 4796 κόσμον.
3176 4744 3196 4778 ι
3242 4722 3591 4794 Ἀλαλαγμός
3625 4725 3763 4776 ἐστιν

501 4826 563 4873 ut
620 4825 813 4890 gentes
870 4816 1107 4890 jubilent
1149 4816 1205 4872 in
1256 4817 1697 4877 adversariarum
1742 4830 2074 4889 potestatum

2186 4819 2452 4884 ἐπινίκιός
2710 4817 3150 4891 Παρακελεύεται
3193 4811 3289 4869 οὖν
3343 4814 3640 4880 ἀλαλάζειν
3701 4814 3765 4867 τὰ

504 4910 679 4983 Ῑθρευο
2187 4910 2315 4984 ἔθνη
2365 4911 2460 4965 ἐπὶ
2502 4913 2568 4984 τῇ
2620 4910 2973 4966 καταπτὼσει
3019 4911 3128 4965 τῶν
3159 4907 3559 4979 ἀντικειμένων
3616 4906 3765 4961 δυνὰ-

2192 5020 2358 5075 μεων.
2490 5050 2510 5070 κ

575 5095 745 5151 Vsus.
778 5096 834 5153 4.
865 5096 1102 5170 Subjecit
1152 5101 1374 5170 populos
1404 5100 1575 5165 nobis,
1625 5107 1733 5156 etc.
1772 5116 1792 5151 ι
1835 5098 2074 5170 Suhjecit

2270 5097 2547 5165 Ὑπέταξε
2603 5097 2795 5165 λαοὺς
2863 5095 3037 5167 ἡμῖν,
3098 5112 3154 5149 κ.
3208 5111 3259 5148 τ.
3320 5093 3369 5148 ὲ.
3426 5112 3446 5147 ι
3502 5090 3765 5157 ’Υπέταξε

503 5190 752 5263 populos.
783 5211 803 5246 ι
837 5191 1054 5251 lsraelis
1081 5196 1361 5266 mysteriis
1390 5196 1715 5250 instructos.
1741 5191 1869 5249 "rec
1898 5202 2074 5247 autem

2190 5189 2350 5256 λαοὺς
2382 5191 2517 5265 (58),
2546 5211 2564 5244 ι
2606 5194 2734 5257 τοὺς
2768 5189 3242 5263 μαθητευομένους
3277 5188 3393 5251 τοῖς
3421 5186 3519 5240 τοῦ
3555 5184 3768 5257 Ἰσραὴλ

505 5280 693 5339 dicent
727 5285 956 5356 apostoli
991 5287 1059 5344 de
1087 5287 1367 5355 discipulis
1396 5287 1530 5352 suis,
1556 5285 1647 5356 qui
1681 5284 1900 5357 plurimi
1928 5291 2074 5340 sunt.

2191 5285 2530 5357 μυστηρίοις.
2562 5286 2748 5342 Ταῦτα
2778 5284 2837 5339 δὲ
2876 5284 2927 5337 οἱ
2962 5282 3249 5338 ἀπόστολοι
3284 5280 3506 5352 ἐροῦσιν
3535 5281 3631 5335 ἐπὶ
3660 5281 3767 5342 sui;

571 5389 597 5424 ⁸
627 5389 762 5444 Luc.
797 5402 860 5451 ιτ,
892 5385 981 5441 14.
1056 5386 1077 5418 ⁸
1112 5383 1266 5440 Joau.
1300 5399 1390 5442 XV!
1414 5425 1429 5453 ,
1474 5382 1563 5440 55.

581 5479 696 5615 ξδὸζ
723 5482 974 5535 Δύναται
993 5479 1082 5545 τό,
1114 5488 1219 5535 etc.
1253 5478 1454 5535 Catena
1483 5479 1750 5560 Corderii.
2267 5466 2381 5547 (56)
2409 5476 2598 5530 Οἱονεὶ
2620 5473 2848 5557 gurria“,
2874 5481 2983 5528 etc.
3010 5473 3212 5527 Catena
3247 5469 3567 5555 Corderii."

606 5550 674 5606 54
727 5551 916 5615 Τόξον
937 5549 1074 5613 νῦν,
1096 5563 1201 5607 etc.
1227 5548 1409 5607 Codex
1442 5550 1804 5607 Coislinianus
1823 5592 1838 5615 ,
1871 5550 2085 5609 schedae
2264 5546 2379 5615 (57)
2425 5546 2553 5599 Ἐπὶ
2571 5563 2699 5612 ταις
2728 5546 2946 5611 νίκαις,
2974 5553 3083 5599 etc.
3104 5540 3567 5615 _Scbedac_Grabn

606 5480 673 5534 5'5
723 5482 974 5535 Δύναται
993 5479 1082 5545 τό,
1114 5488 1219 5535 etc.
1253 5479 1454 5535 Catena
1483 5479 1750 5535 Corderii.

606 5479 700 5625 ξιξ
727 5551 916 5625 Τόξον
937 5549 1074 5625 νῦνᾷ
1096 5563 1201 5625 etc.
1227 5548 1409 5625 Codex
1442 5550 1804 5607 Coislinianus
1823 5592 1838 5621 ,
1871 5550 2074 5609 scheda

2267 5479 2381 5547 (56)
2409 5479 2598 5530 Olera!
2620 5479 2848 5544 φωνήν,
2874 5481 2983 5528 etc.
3010 5479 3212 5527 Catena
3247 5479 3521 5527 Corderii.

2571 5546 2699 5625 ταῖς
2728 5546 2946 5625 τίκαις,
2974 5540 3588 5625 etc.n8cheda3nGr_abi.i.

583 5550 696 5619 (54)
727 5551 916 5616 Τόξον
937 5550 1074 5613 νῦν,
1096 5563 1201 5607 etc.
1227 5550 1409 5607 Codex
1442 5550 1804 5607 Coislinianus
1823 5592 1838 5621 ,
1871 5550 2074 5609 scheda

513 5621 702 5696 Grabii
732 5631 789 5696 et
809 5622 1009 5696 Catena
1037 5620 1284 5696 Barbari.
1360 5693 1391 5696 η
1418 5694 1428 5696 _
1636 5694 1664 5696 η
1889 5689 1896 5696 ,

2264 5550 2356 5616 (57
2425 5550 2553 5599 Ἐπὶ
2571 5550 2699 5612 ταῖς
2728 5550 2946 5611 νίκαις,
2974 5553 3083 5599 etc.
3110 5550 3335 5598 Schedac
3371 5550 3588 5598 Grabii.

2265 5550 2379 5692 (ὅδὲ
2419 5616 2696 5685 Ὑπέταξε
2721 5616 2930 5683 λαούς,
2953 5629 3058 5673 etc.
3086 5611 3290 5671 Catena
3322 5612 3602 5671 Corderii.

590 5690 704 5765 (55)
727 5690 965 5763 Σχολῆς
992 5691 1183 5763 χρεία,
1218 5704 1323 5751 etc.
1354 5693 1519 5751 Iidem
1550 5694 1782 5755 codices.
