3970 6160
256 278 399 341 “37

1196 276 1505 334 SELEC'I'A
1543 277 1612 334 IN
1646 272 1987 333 PSALMOS.
2029 306 2100 319 --
2140 275 2334 333 PSAL.
2374 274 2584 333 XLVII.

3369 275 3504 332 ηδε

261 399 756 477 μαθητπυομένοις,
795 392 916 454 οὖσι
967 399 1198 464 πολλοῖς.
1244 401 1418 465 Αὐτὸς
1468 401 1526 455 δέ
1567 402 1597 455 6
1626 399 1826 471 Κύριος

1946 396 2053 468 lpse
2079 406 2257 455 autem
2287 401 2548 456 Dominus
2579 405 2791 464 noster,
2814 412 2940 454 cum
2972 410 3080 453 non
3117 398 3380 453 sciremus
3404 413 3503 453 no-

256 493 439 568 ὴμῶν,
472 493 547 564 μὴ
603 490 986 561 ἐπισταμένων
1033 492 1248 555 ἑαυτοῖς
1280 489 1602 558 ἐκλέξασθαι
1629 489 1659 543 6
1704 489 1836 559 κλη-

263 582 653 658 ρονομήσομεν,
688 580 969 649 ἐξελέξατο
1003 583 1137 653 ἡμῖν
1169 583 1363 654 μερίδα
1397 583 1466 656 ἢν
1492 581 1834 654 κληρονομή-

262 692 448 749 σομεν,
476 676 600 747 ἥτις
629 674 748 728 ἐστὶ
789 672 886 729 τοῦ
926 672 1121 729 Ἰακὼϐ
1154 674 1406 746 καλλονὴ,
1440 674 1508 747 ἢν
1549 674 1835 745 ἠγάπησεν

256 771 288 823 ὁ
317 766 543 840 Κύριος.

334 861 446 916 Τοῦ
484 859 693 916 αὐτοῦ.
737 859 977 913 Ἔδωκεν
1009 860 1143 930 ἡμῖν
1172 859 1283 931 (59)
1321 858 1569 926 ἐξουσίαν
1602 858 1693 913 τοῦ
1726 874 1834 911 πα-

256 951 373 1006 τεῖν
396 951 583 1006 ἐπάνω
607 950 784 1020 ὄφεων
818 950 914 1004 καὶ
945 949 1243 1022 σκορπίων,
1277 952 1372 1005 καὶ
1398 951 1494 1005 ἐπὶ
1526 952 1705 1005 πᾶσαν
1734 951 1835 1022 τὴν

256 1041 488 1115 δύναμιν
509 1042 605 1097 τοῦ
627 1041 847 1114 ἐχθροῦ.

342 1133 539 1202 Ἀνέϐη
581 1136 616 1189 ὁ
669 1134 813 1201 Θεὸς
859 1132 931 1188 ἐν
959 1133 1309 1204 ἀλαλαγμῷ.
1361 1152 1418 1190 κ.
1444 1151 1497 1187 τ.
1549 1133 1597 1190 ἐ.
1625 1133 1834 1204 Ὠσπερ

257 1225 290 1281 ὁ
310 1224 516 1298 Κύριος
549 1224 659 1297 (60)
692 1222 975 1280 ἐλεύσεται
1025 1244 1045 1279 ι
1074 1227 1132 1281 ἐν
1165 1229 1316 1297 φωνῇ
1351 1225 1605 1296 ἀγγέλου,
1651 1225 1747 1280 καὶ
1775 1226 1834 1278 ἐν

261 1317 523 1388 σάλπιγγι
563 1315 700 1372 Θεοῦ
745 1317 1113 1390 καταϐήσεται
1161 1319 1257 1373 ἀπ’
1304 1316 1558 1388 οὐρανοῦ,
1590 1335 1611 1370 ι
1659 1315 1833 1380 οὕτως

258 1406 426 1481 ἀνέϐη
468 1411 498 1463 6
535 1408 668 1474 Θεὸς
710 1410 769 1463 ἐν
825 1408 1146 1481 ἀλαλαγμῷ.
1183 1409 1388 1482 Κύριος
1430 1410 1490 1464 δὲ
1527 1428 1547 1461 ι
1573 1411 1632 1463 ἐν
1680 1411 1831 1480 φωνῇ

261 1500 592 1570 σάλπιγγος,
622 1519 642 1553 ι
689 1501 787 1555 καὶ
834 1501 977 1572 τάχα
1031 1500 1335 1572 ἀλαλαγμῷ
1392 1500 1611 1555 πάντων
1662 1500 1833 1555 ἐθνῶν

258 1593 642 1666 κρατησάντων
695 1597 914 1666 χεῖρας,
963 1593 1346 1662 ἀλαλαξάντων
1393 1593 1514 1665 Θεῷ
1568 1596 1628 1648 ἐν
1678 1596 1832 1665 φωνῇ

256 1684 652 1756 ἀγαλλιάσεως.
693 1685 915 1750 Τούτοις
954 1686 1013 1740 δέ
1043 1686 1139 1742 καὶ
1191 1685 1501 1741 ἀναϐαίνειν
1538 1680 1692 1756 οἶμαι
1741 1686 1834 1740 τὸν

1935 492 2020 548 bis
2044 492 2250 563 eligere
2298 493 2695 560 haereditatem,
2724 493 2890 564 elegit
2916 492 3071 549 nobis
3100 501 3311 561 partem
3339 507 3502 560 quam

1935 583 2251 639 haereditate
2298 585 2674 654 acciperemus
2702 623 2718 651 ,
2770 586 2980 641 scilicet
3028 584 3265 654 speciem
3310 583 3502 652 Iacob,

1934 688 2094 743 quam
2119 674 2306 730 dilexit
2334 675 2617 731 Dominus.

2007 858 2282 928 Ejusdem.
2325 858 2484 914 Dedit
2512 861 2669 915 nobis
2692 870 3019 930 potestatem
3054 859 3301 914 calcandi
3344 871 3504 927 super

1934 960 2212 1017 serpentes
2257 959 2313 1004 ct
2357 953 2693 1021 scorpiones,
2728 962 2784 1008 et
2814 968 2978 1023 super
3008 967 3224 1007 omnem
3248 951 3500 1005 virtutem

1935 1041 2161 1094 inimici.

2006 1131 2171 1188 Vens.
2201 1131 2254 1187 6.
2294 1133 2543 1187 Ascendit
2588 1133 2729 1189 Deus
2770 1135 2826 1188 in
2850 1133 3038 1203 iubilo,
3087 1142 3192 1188 etc.
3229 1132 3502 1199 Quemado

1934 1226 2152 1279 modum
2186 1226 2446 1281 Dominus
2472 1228 2653 1281 veniet
2689 1246 2708 1278 ι
2744 1227 2798 1281 in
2824 1242 2954 1281 voce
2981 1225 3179 1295 angeli,
3207 1234 3262 1279 et
3292 1224 3343 1276 in
3375 1223 3503 1278 tuba

1934 1316 2029 1373 Dei
2066 1318 2357 1373 descendet
2396 1320 2462 1374 de
2500 1320 2640 1375 creto
2674 1320 2743 1383 ’ς
2792 1338 2811 1372 ι
2848 1320 2921 1373 ita
2969 1317 3215 1372 ascendit
3258 1314 3403 1369 Deus
3449 1316 3502 1369 in

1927 1408 2122 1478 jubilo.
2172 1411 2436 1467 Dominus
2462 1423 2642 1469 autem
2682 1430 2703 1465 ‹
2748 1414 2799 1467 in
2832 1426 2965 1467 voce
2994 1411 3139 1465 tubze
3192 1428 3212 1462 ι
3259 1420 3317 1463 ει
3361 1407 3506 1466 forte

1927 1502 2100 1572 jubilo
2130 1504 2376 1558 omnium
2409 1505 2654 1574 gentium
2704 1503 3075 1574 plaudentium
3105 1500 3375 1565 manibus,
3418 1498 3507 1568 ju-

1937 1594 2225 1650 bilantium
2261 1594 2376 1651 Deo
2412 1597 2465 1649 in
2507 1610 2642 1652 voce
2672 1597 3076 1651 exsultationis.
3109 1595 3242 1650 Cum
3287 1595 3370 1650 his
3406 1609 3506 1649 au-

1936 1695 2041 1742 tem
2077 1687 2240 1742 etiam
2271 1688 2570 1742 ascendere
2610 1686 2779 1743 Deum
2824 1689 3085 1742 arbitror.
3132 1687 3188 1742 Si
3214 1702 3341 1742 vero
3385 1687 3508 1756 quis

254 1777 409 1835 Θεόν.
458 1777 584 1832 Ἐὰν
620 1777 679 1832 δέ
712 1795 798 1842 τις
846 1778 1010 1832 αὐτὸν
1047 1779 1171 1851 αἰνῇ
1219 1778 1279 1832 ἐν
1325 1779 1444 1851 ἤχῳ
1498 1778 1826 1848 σάλπιγγος,

1946 1790 2059 1831 eum
2099 1776 2404 1832 laudaverit
2438 1778 2492 1832 in
2524 1791 2658 1832 sono
2687 1778 2849 1844 tubae,
2894 1779 3057 1833 etiam
3094 1778 3209 1849 ipse
3249 1779 3507 1834 ascendet

252 1868 350 1924 καὶ
391 1868 554 1935 αὐτὸς
601 1868 935 1942 ἀναϐήσεται
979 1871 1009 1925 6
1038 1870 1345 1927 ἀναϐαίνων
1397 1872 1457 1924 ἐν
1502 1873 1654 1943 φωνῇ
1705 1870 1833 1925 σάλ-

252 1977 470 2030 πιγγος.
878 2008 891 2024 .

328 2048 575 2104 Ψάλατε
602 2049 684 2117 τῷ
735 2049 858 2118 Θεῷ
904 2050 1095 2122 ἡμῶν,
1136 2070 1192 2107 κ.
1218 2069 1272 2107 τ.
1315 2054 1365 2110 ἐ.
1406 2051 1712 2127 Ἑκατέρως
1751 2051 1833 2124 τῷ

250 2138 371 2212 Θεῷ
402 2141 536 2212 (61),
566 2141 656 2196 διὰ
674 2142 756 2208 τὸ,
793 2161 811 2195 ι
841 2143 1092 2214 βασιλεὺς
1113 2146 1296 2218 πάσης
1318 2144 1420 2217 τῆς
1455 2148 1558 2218 γῆς
1583 2149 1612 2201 6
1636 2146 1786 2210 Θεός.
1806 2167 1825 2199 ι

250 2233 327 2287 Τὸ
360 2251 379 2286 ι
409 2234 644 2300 συνετῶς
664 2253 684 2287 ι
719 2236 833 2290 ίσον
863 2234 1180 2308 τῷ,ψάλατε
1214 2236 1294 2309 τῷ
1332 2237 1428 2309 νῷ.
1462 2238 1619 2292 Ἔστι
1645 2238 1701 2292 δὲ
1735 2237 1830 2291 καὶ

250 2326 652 2399 προτρεπτικὸν
699 2329 780 2393 είς
829 2329 1053 2399 γνῶσιν.
1102 2331 1214 2385 Καὶ
1269 2330 1618 2385 ἐϐασίλευσεν
1653 2332 1713 2384 ἐν
1759 2333 1826 2403 τῇ

249 2415 486 2489 Χριστοῦ
534 2420 829 2491 παρουσίᾳ.
879 2419 1082 2492 Θρόνος
1109 2421 1169 2477 δέ
1200 2422 1355 2491 ἅγιος
1387 2422 1521 2477 Θεοῦ
1572 2426 1620 2477 οἱ
1676 2423 1832 2495 βασι-

248 2505 530 2585 λευόμενοι
555 2509 647 2562 ὑπ’
670 2510 858 2580 αὐτοῦ,
887 2508 970 2577 οἷς
996 2512 1269 2584 ἐνίδρυται
1299 2515 1327 2567 6
1356 2514 1508 2578 Θεός.

325 2599 440 2656 Τοῦ
468 2601 676 2657 αὐτοῦ.
729 2603 821 2675 Τῷ
867 2604 1009 2658 κατά
1037 2602 1167 2657 Θεὸν
1201 2602 1309 2676 (62)
1342 2604 1665 2675 εὑθυμοῦντί
1708 2605 1826 2660 ἐστι

249 2690 312 2751 τὸ
340 2690 583 2763 ψάλλειν,
610 2694 752 2750 κατά
778 2695 869 2749 τόδ
913 2715 931 2746 ι
959 2695 1203 2767 Εὐθυμεῖ
1232 2712 1346 2761 τις;
1378 2695 1648 2766 ψαλλέτω.
1673 2716 1694 2751 ι

331 2872 387 2927 '0
417 2872 563 2941 Θεὸς
609 2874 862 2945 κάθηται
904 2875 1004 2928 ἐπὶ
1043 2876 1261 2944 θρόνου
1304 2876 1477 2947 ἁγίου
1524 2877 1732 2944 αὐτοῦ,
1766 2896 1822 2934 κ.

246 2982 300 3021 τ.
327 2963 377 3020 ἐ.
402 2964 603 3038 Θρόνος
639 2965 739 3038 μὲν
764 2964 900 3020 Θεοῦ
941 2968 970 3021 6
1011 2965 1121 3040 (6'5)
1164 2967 1433 3040 Χριστός·
1483 2969 1721 3040 Χριστοῦ
1768 2970 1826 3026 δὲ

244 3057 282 3130 ἡ
315 3054 478 3127 φύσις
507 3058 540 3129 ἠ
571 3057 786 3131 λογική.

320 3149 635 3218 Ἄρχοντες
678 3148 845 3205 λαῶν
887 3148 1292 3220 συνήχθησαν
1319 3150 1470 3219 μετὰ
1513 3150 1622 3205 τοῦ
1676 3151 1828 3208 Θεοῦ

259 3239 525 3310 Ἀϐραὰμ,
549 3239 639 3295 ὅτι
667 3241 776 3296 τοῦ
816 3241 965 3297 Θεοῦ
988 3245 1045 3297 οἱ
1070 3243 1335 3312 κραταιοὶ
1372 3241 1484 3311 τῆς
1529 3242 1642 3313 γῆς
1676 3247 1830 3313 σφό-

245 3330 359 3400 δρα
396 3331 774 3406 ἐπήρθησαν,
817 3352 873 3389 κ.
918 3352 971 3389 τ.
1022 3335 1070 3390 ἐ.
1108 3337 1264 3389 Ὅσοι
1320 3336 1646 3405 συνάγονται
1712 3337 1825 3410 (64)

249 3420 392 3493 μετά
438 3422 531 3477 τοῦ
587 3422 866 3496 Ἀϐραάμ,
909 3419 1055 3481 οὗτοι
1101 3424 1202 3498 τὴν
1248 3425 1450 3494 γνῶσιν
1501 3426 1684 3498 ἔχουσι
1730 3427 1827 3482 τοῦ

259 3512 531 3587 Ἀϐραάμ.
559 3513 633 3570 Τὸ
662 3515 720 3570 δὲ
755 3533 776 3569 ι
805 3516 1148 3590 συνήχθησαν
1172 3537 1191 3570 ι
1228 3518 1350 3572 ἀντὶ⁵
1375 3516 1469 3572 τοῦ
1513 3537 1533 3570 ι
1561 3518 1829 3592 συναχθή-

248 3619 486 3659 σονται.»
527 3606 659 3661 Ἀπὸ
693 3606 804 3681 γὰρ
831 3607 941 3663 τῶν
963 3611 1284 3680 γεγονότων,
1310 3611 1495 3682 φησὶν,
1523 3614 1572 3665 οἱ
1609 3614 1826 3669 πάντων

243 3696 355 3751 τῶν
400 3697 571 3753 ἐθνῶν
627 3702 891 3774 ἄρχοντες
953 3702 1075 3776 ἅμα
1147 3705 1280 3777 ἡμῖν
1342 3704 1697 3777 συναχθέντες
1744 3709 1826 3773 είς

247 3789 525 3862 ὑμνῳδίαν
558 3791 691 3847 Θεὸν
719 3795 1013 3852 αἰνέσουσι.

319 3878 433 3933 Τοῦ
468 3880 676 3935 αὑτοῦ.
718 3881 789 3935 El
812 3900 896 3948 τις
927 3883 1046 3938 ἐστὶ
1087 3884 1201 3959 (65)
1244 3889 1507 3959 κραταιὸς
1552 3889 1654 3961 τῆς
1697 3890 1822 3962 γῆς.

240 3971 337 4029 τοῦ
370 3971 504 4026 Θεοῦ
536 3975 683 4029 ἐστιν
711 3976 947 4041 ἐκεῖνος’
979 3980 1012 4032 6
1052 3977 1163 4052 γὰρ
1199 3979 1432 4054 ἀσθενὴς
1471 3982 1681 4036 οὐδέπω
1726 3985 1825 4037 αύ-

239 4062 336 4117 τοῦ
367 4066 502 4119 ἐστι.
539 4066 815 4137 Κραταιὸς
845 4069 904 4122 δὲ
933 4070 1034 4143 τῆς
1091 4072 1198 4143 γῆς
1227 4074 1257 4126 6
1298 4074 1441 4128 κατὰ
1469 4075 1567 4129 τοῦ
1615 4078 1823 4149 φρονή-

245 4171 415 4228 ματος
458 4156 559 4227 τῆς
596 4157 798 4229 σαρκὸς
832 4163 1329 4235 κεκραταιωμένος.
1366 4164 1489 4220 Τῶν
1529 4167 1589 4221 ἐν
1635 4169 1702 4239 τῇ
1750 4170 1820 4240 γῇ

236 4245 517 4317 κραταιῶν
556 4250 663 4303 είσί
718 4269 863 4318 τινες
924 4255 1019 4310 τοῦ
1052 4258 1212 4325 Θεοῦ,
1258 4261 1455 4325 οἵτινες
1496 4262 1596 4333 οὐχ
1632 4262 1822 4330 ἁπλῶς

802 4612 1096 4670 ΨΑΛΜΟΣ
1131 4617 1262 4672 MZ'.

308 4698 511 4771 Μέγας
553 4702 801 4771 Κύριος,
856 4704 956 4759 καὶ
1007 4708 1240 4776 αἰνετός
1294 4712 1552 4782 σφόδρα,
1597 4736 1653 4775 κ.
1686 4739 1737 4778 τ.
1766 4726 1815 4780 ἐ.

241 4787 418 4843 Ὅπου
450 4789 739 4884 θεωρεῖται
789 4792 902 4865 (66)
949 4797 983 4867 ἡ
1042 4799 1400 4874 μεγαλειότης
1445 4807 1540 4861 τοῦ
1586 4810 1815 4884 Κυρίου,

238 4884 358 4978 ἐκεῖ
390 4881 629 4978 μάλυστα
664 4884 836 4978 μέγας
866 4887 960 4978 καὶ
991 4889 1201 4954 αἰνετός
1247 4891 1394 4947 ἐστιν
1434 4897 1463 4949 6
1506 4881 1709 4972 Κύριος
1750 4908 1816 4978 τῇ

236 4972 394 5033 πόλει
447 4973 543 5031 τοῦ
596 4974 733 5031 Θεοῦ
791 4976 898 5030 ὑπὸ
954 4978 1063 5032 τῶν
1119 4981 1696 5059 πολιτογραφηθέντων
1759 4972 1819 5052 ἐν

235 5065 397 5139 αὐτῇ.
435 5066 564 5122 Ἐάν
591 5068 699 5140 ἄρα
741 5071 808 5141 τῇ
855 5068 1009 5125 πόλει
1051 5072 1143 5127 τοῦ
1193 5074 1328 5130 Θεοῦ
1379 5079 1613 5150 μάλιστα
1644 5085 1818 5156 μέγας

298 5232 322 5264 ⁸
348 5230 389 5287 1.
421 5231 618 5292 Thess.
646 5248 702 5291 ιν
726 5273 742 5303 ,
772 5235 862 5291 i5.
938 5237 960 5270 '
1004 5235 1194 5295 Jacob.
1234 5256 1315 5308 ιιι,
1346 5242 1435 5297 15.

464 5375 919 5459 ’ξδφξςνᾼήμῖν
950 5419 965 5443 ,
1004 5388 1138 5459 “etc.
1192 5380 1375 5459 Codex
1427 5383 1818 5459 Coislinianus,

237 5446 454 5501 scheda:
482 5446 672 5503 Grabii
701 5457 756 5503 et
780 5446 974 5503 catena
1004 5448 1254 5507 Barbari.

305 5515 422 5654 (60)
460 5515 683 5586 Ὠσπερ
716 5520 1142 5601 όΚύριος..ειε.
1164 5523 1366 5579 Catena
1421 5524 1690 5583 Corderii.

330 5584 424 5654 61)
466 5585 790 5654 Ὲωτέρως
813 5607 895 5654 τῳ
915 5593 1058 5654 Θεῳ,
1083 5603 1188 5648 etc.
1230 5592 1432 5649 Eadem
1462 5599 1686 5654 Catena.

466 5584 796 5667 Ἐειατέρῳς
813 5584 895 5667 τῷ
915 5584 1058 5658 Θεῷ,
1083 5603 1188 5667 e_tc.
1230 5592 1432 5667 Eadem
1462 5599 1686 5667 Catena.

308 5654 425 5727 (62)
472 5655 558 5722 Τῷ
582 5654 735 5713 mea
760 5654 931 5727 Θεόν,
960 5654 1069 5718 etc.
1100 5664 1325 5720 Scheda:
1354 5665 1564 5724 Grabii.

309 5723 426 5799 (65)
458 5729 680 5800 Θρόνος
703 5730 821 5805 μὲν
853 5723 1027 5802 Θεοῦ,
1060 5742 1181 5793 etc.
1207 5733 1390 5801 Codex
1422 5723 1807 5808 Coislinianus,

1932 1868 2024 1940 qui
2053 1868 2299 1927 ascendit
2325 1870 2381 1927 in
2412 1883 2547 1928 voce
2578 1871 2738 1927 tubae.

2002 2044 2168 2103 Vens.
2205 2048 2258 2104 7.
2298 2048 2521 2104 Psallite
2562 2049 2670 2105 Deo
2706 2059 2905 2115 nostra,
2933 2058 3040 2105 etc.
3068 2049 3315 2117 Utroque
3342 2047 3503 2103 modo

1931 2137 2065 2207 Deo,
2099 2144 2224 2212 quia
2257 2160 2277 2193 ι
2319 2157 2415 2197 rex
2441 2144 2711 2199 universa:
2744 2154 2906 2199 terra:
2940 2145 3100 2199 Deus.
3138 2161 3157 2194 ι
3195 2142 3329 2197 Illud
3360 2158 3379 2192 ι
3413 2156 3503 2195 sa-

1931 2234 2164 2302 pienter,
2205 2251 2224 2283 ι
2261 2233 2404 2287 idem
2437 2243 2522 2287 est
2547 2234 2851 2303 ac,psullite
2894 2245 3094 2289 mente.
3138 2232 3277 2300 Quin
3307 2242 3365 2288 et
3411 2247 3507 2288 ex-

1932 2325 2169 2381 hortatio
2194 2335 2277 2380 est
2306 2326 2373 2379 ad
2401 2325 2834 2398 intelligentiam.
2852 2329 2917 2384 Et
2950 2330 3194 2400 regnavit
3219 2328 3506 2386 in'Christi

1929 2421 2186 2474 adventu.
2216 2420 2385 2476 Sedes
2421 2430 2603 2476 autem
2632 2432 2825 2478 sancta
2870 2424 2962 2479 Dei
2995 2433 3124 2481 sunt
3154 2423 3190 2479 ii
3220 2423 3312 2493 qui
3336 2436 3507 2494 regno

1928 2509 2046 2578 ejus
2076 2512 2327 2579 subsunt,
2360 2512 2558 2581 quibus
2594 2511 2735 2568 Deus
2770 2514 2993 2571 insidet.

2000 2600 2281 2671 Ejusdem.
2319 2600 2450 2671 Ejus
2490 2612 2577 2658 est
2604 2604 2838 2673 psallere
2876 2605 2966 2673 qui
3008 2606 3302 2661 secundum
3331 2604 3502 2661 Deum

1927 2702 2084 2760 atquo
2131 2691 2315 2746 animo
2361 2701 2467 2761 est,
2513 2691 2670 2765 juxta
2711 2693 2888 2751 illud:
2927 2710 2948 2746 ι
2991 2693 3175 2764 Equo
3203 2695 3386 2751 animo
3423 2704 3507 2750 est

1926 2780 2094 2852 quis?
2124 2781 2319 2850 psallat
2348 2782 2392 2836 ’.
2431 2801 2452 2836 ι

1998 2869 2168 2928 Vens.
2197 2872 2252 2928 9.
2296 2872 2440 2929 Deus
2470 2873 2616 2929 sedet
2644 2891 2803 2946 super
2826 2878 3000 2931 sedem
3029 2887 3268 2932 sanctam
3308 2894 3462 2934 suam
3485 2918 3503 2943 ,

1925 2975 2034 3022 etc.
2069 2966 2321 3023 Thronus
2349 2965 2443 3022 Dei
2466 2967 2748 3035 Christus;
2779 2968 2981 3024 Christi
3010 2983 3161 3033 vero,
3199 2969 3501 3026 rationabi-

1927 3056 1995 3113 lis
2031 3066 2251 3112 natura.

2001 3151 2169 3206 Vens.
2213 3151 2302 3206 10.
2351 3150 2628 3224 Principes
2671 3153 2988 3223 populorum
3032 3156 3334 3225 congregati
3380 3163 3504 3209 sunt

1930 3260 2051 3297 eum
2083 3244 2189 3298 Deo
2228 3244 2520 3309 Abraham,
2551 3245 2802 3315 quoniam
2840 3244 2936 3298 Dei
2980 3245 3143 3313 [artes
3172 3256 3326 3299 terrm
3351 3248 3504 3300 vehe-

1926 3346 2129 3390 menter
2146 3334 2334 3390 elevati
2357 3346 2504 3400 sunt,
2534 3345 2641 3390 etc.
2670 3333 2770 3400 Qui
2809 3350 2932 3388 cuin
2976 3334 3249 3389 Abraham
3279 3349 3504 3404 congre-

1925 3427 2034 3497 gati
2086 3435 2232 3494 sunt,
2264 3426 2318 3481 hi
2365 3427 2730 3498 cognitionem
2777 3426 3053 3481 Abraham
3112 3426 3339 3482 habent.
3368 3424 3503 3481 Illud

1927 3529 2135 3584 autem,
2165 3535 2186 3570 ι
2221 3517 2538 3588 congregati
2563 3526 2711 3584 sunt,
2736 3535 2755 3570 ι
2777 3517 2979 3572 dictum
3008 3525 3090 3572 est
3110 3531 3210 3586 pro
3230 3534 3249 3568 ι
3279 3531 3505 3586 congre-

1927 3611 2219 3680 gabuntur.
2275 3625 2296 3659 ι
2340 3606 2421 3663 0b
2456 3622 2521 3661 ea
2568 3608 2714 3661 enim
2765 3623 2886 3677 quae
2919 3606 3069 3660 facta
3099 3616 3247 3674 sunt,
3306 3606 3502 3679 inquit,

1925 3700 2202 3772 principes
2246 3698 2488 3753 omnium
2520 3698 2764 3767 gentium
2804 3712 2909 3751 una
2961 3697 3244 3753 nobiscum
3273 3710 3504 3767 congre-

1926 3793 2037 3864 gati
2070 3791 2362 3846 laudabunt
2398 3790 2589 3843 Demn.
3370 3842 3373 3847 λ

1998 3884 2276 3953 Ejusdem.
2302 3881 2359 3936 Si
2387 3880 2513 3949 quis
2548 3881 2619 3935 sit
2650 3879 2808 3935 fortis
2842 3889 3024 3947 terrae,
3075 3881 3259 3951 utique
3296 3880 3388 3935 Dei
3420 3890 3504 3937 est

1926 3976 2017 4032 ille
2051 3993 2065 4029 :
2102 3990 2225 4029 nam
2261 3973 2350 4042 qui
2392 3972 2684 4027 imbecillis
2730 3973 2970 4039 exsistit,
3008 3973 3055 4028 is
3110 3975 3353 4027 nondum
3385 3975 3503 4045 ejus

1924 4076 2028 4123 est.
2075 4065 2256 4121 Fortis
2315 4073 2494 4118 autem
2546 4073 2704 4119 terra:
2758 4074 2841 4119 est
2893 4065 2937 4119 is
2983 4064 3073 4134 qui
3132 4073 3319 4120 contra
3370 4082 3502 4136 pru-

1924 4158 2161 4213 dentiam
2229 4156 2412 4211 carnis
2469 4157 2760 4212 roboratus
2818 4165 2932 4210 est.
3008 4153 3262 4212 Nonnulli
3342 4167 3503 4212 terrae

1923 4253 2096 4310 fortes
2145 4260 2271 4306 sunt
2314 4248 2446 4315 Dei,
2485 4247 2577 4318 qui
2623 4248 2878 4301 nimirum
2915 4262 3022 4303 non
3066 4249 3297 4318 simplici
3342 4251 3502 4301 modo

1924 4346 2121 4404 elevati
2168 4355 2315 4411 sunt,
2345 4342 2441 4399 sed
2475 4341 2863 4407 vehementer;
2914 4356 3018 4397 non
3061 4351 3241 4396 tamen
3270 4354 3500 4411 supere-

1852 4444 1897 4499 D
1924 4440 2110 4497 levati.

2314 4622 2481 4694 716
2522 4617 2845 4676 PSALMUS
2893 4616 3102 4673 XLVII.

2002 4719 2162 4776 Vens.
2196 4717 2254 4772 9.
2310 4715 2539 4786 Magnus
2591 4713 2868 4779 Dominus,
2920 4721 2967 4765 et
3001 4706 3289 4763 laudabilis
3319 4707 3496 4775 nimis,

1926 4823 2034 4871 etc.
2062 4812 2163 4868 Ubi
2197 4809 2528 4878 conspicitur
2558 4807 2872 4876 magnitudo
2897 4804 3130 4865 Domini,
3159 4802 3233 4857 ibi
3264 4802 3502 4856 maxime

1926 4919 2153 4975 magnus
2180 4913 2235 4957 et
2283 4899 2578 4956 laudabilis
2607 4898 2823 4953 exsistit
2856 4898 3118 4952 Dominus
3141 4896 3346 4950 civitati
3378 4896 3498 4960 Dei,

1925 4998 2089 5054 abiis
2122 4997 2212 5067 qui
2258 4996 2310 5050 in
2356 4994 2505 5049 illam
2544 4991 2769 5060 ascripti
2817 4995 2963 5045 sunt.
2999 4989 3131 5043 Cum
3173 4988 3338 5059 igitur
3364 4988 3500 5042 civi-

1927 5089 2022 5146 tati
2068 5088 2163 5145 Dei
2196 5086 2431 5141 maxime
2464 5099 2692 5154 magnus
2720 5092 2777 5136 et
2819 5082 3109 5138 laudabilis
3134 5080 3364 5136 exsistat
3392 5077 3502 5133 Do-

1925 5395 1978 5445 et
2001 5385 2214 5441 schedte
2238 5383 2448 5440 Grabii.

1990 5457 2103 5527 (64)
2142 5458 2305 5528 Ὅσοι
2338 5455 2727 5528 συνάγονται,
2754 5460 2857 5510 etc.
2923 5451 3155 5510 Schedte
3203 5450 3394 5513 Grabii
3441 5462 3502 5514 et

1917 5525 2116 5584 Catena
2159 5526 2405 5581 Barbari.

1990 5597 2105 5682 ((ξξ)
2134 5597 2210 5651 ΕΖ
2230 5596 2482 5669 rigenti,
2504 5606 2614 5655 etc.
2644 5597 2849 5656 Catena
2889 5595 3141 5654 Conterit
3178 5606 3235 5654 et
3276 5598 3501 5659 scheda

1913 5667 2317 5813 “(sarem
2345 5739 2661 5814 θεωρεῖται,
2698 5747 2808 5800 etc.
2842 5719 3350 5803 Catena'Corderii.
3388 5769 3399 5780 -
