3970 6160
459 183 598 240 H39

1866 174 1958 231 ex
1997 160 2331 230 ORIGENE‘

3596 176 3722 233 iul

455 303 668 369 minus;
700 299 896 370 ecquid
923 299 1073 353 aliud
1103 298 1176 353 sit
1207 311 1363 353 mons
1390 305 1612 354 sanctus
1653 296 1860 353 Domini
1882 296 2015 350 bene

2130 292 2216 345 καὶ
2256 288 2470 354 αἰνετός
2513 290 2661 344 ἐστιν
2697 291 2726 343 ὁ
2758 288 2986 362 Κύριος,
3018 289 3113 343 καὶ
3140 290 3195 343 τί
3230 291 3291 345 δὲ
3342 290 3485 346 ἄλλο
3536 287 3607 345 ἂν
3646 298 3719 365 εἰη

455 394 710 450 radicans
736 393 1171 456 exsultationem,
1205 407 1310 445 non
1340 391 1516 447 solum
1559 391 1750 460 partis,
1771 391 1865 444 sed
1897 389 2020 442 uni-

453 500 628 542 versae
678 494 859 552 terrae,
907 499 1069 554 quam
1105 485 1358 538 Christus
1399 485 1672 538 radicatus
1717 482 1770 537 in
1820 482 2018 547 Patre;

453 578 508 632 in
557 576 714 645 cujus
744 576 980 631 adventu
1028 575 1323 630 exsultavit
1370 575 1624 630 universa
1677 586 1861 639 terra,
1906 590 2025 639 pro-

450 679 575 740 pter
625 667 897 725 Ecclesias
949 668 1043 722 Dei
1109 669 1311 737 ubique
1367 677 1639 723 terrarum
1695 669 1749 722 in
1807 667 2024 722 nomine

451 763 570 832 eius
595 761 967 817 constitutas?
1016 760 1179 815 Forte
1207 775 1311 814 non
1362 768 1445 815 est
1480 778 1499 811 ι
1552 760 1689 815 bene
1714 759 2015 825 radicans,i

378 866 384 893 -‘
453 854 581 926 (hoc
613 853 757 907 enim
788 853 978 921 nequit
1009 852 1262 922 intelligi)
1296 853 1394 908 sed
1446 871 1466 904 ι
1517 853 1655 907 bene
1700 853 1960 916 radicato,
1996 869 2016 905 ι

451 954 664 1017 utpote,
701 945 986 1016 pulchram
1033 945 1273 1001 radicem
1305 944 1548 1010 habenti,
1578 958 1700 1014 quas
1757 958 1909 999 ramo
1944 959 2023 999 re-

451 1039 736 1109 spondeat.

526 1126 685 1183 Vsus.
719 1127 775 1183 ’5.
815 1126 1109 1183 Fundatur
1147 1130 1498 1182 exsultatione
1542 1130 1797 1181 universo:
1842 1137 2017 1196 terra,

383 1237 389 1273 :
449 1237 602 1276 mons
625 1219 775 1286 Sion,
797 1221 967 1277 latera
997 1222 1296 1290 Aquilonis,
1320 1222 1501 1275 civitas
1524 1223 1664 1292 regis
1689 1223 1886 1289 magni,
1910 1231 2016 1276 etc.

450 1310 597 1366 Bone
632 1314 873 1369 radicata
906 1314 1200 1369 exsultatio
1244 1322 1327 1367 est
1351 1313 1620 1368 Christus.
1660 1330 1680 1363 ι
1718 1313 2020 1369 Exsultatio

451 1404 596 1457 enim
627 1419 766 1469 mea,
802 1405 1171 1475 inquit'.erue
1194 1420 1279 1459 me
1306 1420 1335 1458 a
1363 1404 1824 1459 circumdantihus
1856 1419 1959 1459 me.
1995 1424 2015 1458 ι

450 1495 625 1550 ltadix
670 1506 850 1553 autem
900 1498 1017 1568 ejus
1061 1507 1146 1553 est
1190 1497 1333 1553 Deus
1367 1496 1603 1552 Verbum
1638 1498 1781 1568 quod
1816 1499 1868 1553 in
1903 1499 2019 1569 ipso

450 1597 553 1641 est.

2122 384 2247 455 ὅρος
2283 383 2438 451 ἅγιον
2480 382 2685 453 Κυρίου
2732 378 2793 436 εὖ
2839 382 3009 453 ῥιζῶν
3050 382 3394 453 ἀγαλλίαμα,
3441 384 3510 438 οὐ
3574 388 3723 455 μόνον

2126 477 2326 549 μέρους
2357 476 2456 546 τῆς
2484 476 2608 546 γῆς,
2635 475 2773 530 ἀλλά
2797 475 2894 529 καὶ
2928 476 3110 546 πάσης
3136 477 3334 546 αὐτῆς,
3361 476 3398 547 ἢ
3430 479 3465 530 ὁ
3496 478 3724 548 Χριστὸς

2121 567 2488 640 ἐῤῥιζωμένος
2543 570 2602 622 ὲν
2650 567 2730 639 τῷ
2788 568 3002 640 Πατρὶ,
3054 570 3143 637 ἐφ’
3202 562 3250 636 ᾧ
3309 569 3725 639 ἐπιδημήσειν-θ.

2122 658 2488 729 ἠγαλλιάσατο
2532 659 2684 711 πᾶσα
2739 661 2772 729 ἡ
2825 658 2930 728 γῆ,
2982 658 3072 712 διά
3115 659 3217 723 τὰς
3266 661 3583 730 ἀπανταχῆ
3634 679 3725 714 συ-

2122 751 2327 812 στάσας
2355 749 2447 803 ἐπὶ
2476 750 2554 821 τῷ
2578 751 2801 823 ὀνόματι
2828 750 2997 805 αὑτοῦ
3041 752 3387 822 Ἐκκλησίας
3414 752 3521 806 τοῦ
3559 753 3721 815 Θεοῦξ

2122 840 2348 911 Μήποτε
2393 842 2493 896 οὐκ
2542 841 2690 896 ἔστιν
2744 861 2764 894 ι
2792 838 2851 897 εὖ
2905 842 3134 915 ῥιζῶν,ι
3189 846 3208 914 (
3224 844 3573 915 ἀδιανόητον
3621 848 3725 917 γὰρ

2120 932 2334 1003 τοῦτο’)
2379 935 2515 990 ἀλλὰ
2558 955 2577 986 ι
2605 935 2825 1008 εὑρίζῳ,
2853 955 2873 988 s
2906 937 3071 990 οἱονεὶ⁸
3102 937 3281 1009 καλὴν
3332 937 3511 1009 ῥίζαν
3544 938 3718 1010 ἔχοντι

2121 1024 2470 1096 καταλλήλως
2499 1027 2579 1098 τῷ
2604 1028 2802 1099 κλάδῳ.

2190 1118 2450 1185 Εἰιρίζων
2503 1121 2899 1190 ἁγαλλιάματι
2957 1120 3160 1189 πάσης
3222 1119 3346 1189 τῆς
3412 1121 3571 1192 τῆς,
3625 1120 3719 1190 ἔφη

2121 1210 2276 1262 Σιὼν
2299 1210 2371 1265 τὰ
2406 1212 2639 1280 au»:qu
2670 1213 2775 1267 τοῦ
2821 1211 3014 1281 Βορῤᾶ
3030 1253 3046 1275 ,
3090 1215 3129 1280 ή
3176 1215 3367 1279 πόλις
3402 1213 3523 1268 τοῦ
3549 1214 3723 1277 ,ϐα-ο-

2117 1301 2270 1369 λὲως
2296 1303 2401 1357 τοῦ
2427 1304 2716 1374 μεγάλου,
2740 1322 2792 1358 κ.
2818 1323 2868 1359 τ.
2905 1307 2949 1358 ὲ.
2983 1305 3213 1377 Εὔριξον
3248 1306 3601 1378 ἀγαλλίαμά
3623 1306 3722 1379 (67)

2120 1392 2266 1446 ἐστιν
2294 1395 2322 1447 ὁ
2356 1395 2608 1466 Χριστός.
2650 1414 2669 1445 ι
2701 1395 2773 1448 Τὸ
2813 1395 3124 1465 ἀγαλλιαμα
3173 1397 3288 1467 γάρ
3348 1413 3493 1467 μου,
3540 1399 3721 1466 φησὶν,

2120 1484 2391 1558 λύτρωσαί
2431 1504 2499 1558 με
2543 1487 2652 1541 ἀπὸ
2688 1486 2796 1541 τῶν
2843 1489 3243 1542 κυκλωσάντων
3280 1505 3379 1558 με.
3405 1506 3432 1540 ο
3487 1487 3724 1551 Ῥίξαδὲ

2120 1577 2285 1631 αὑτοῦ
2311 1581 2340 1631 ὁ
2370 1578 2502 1642 Θεὸς
2529 1580 2701 1648 Λόγος
2721 1580 2751 1631 ὁ
2780 1581 2837 1631 ὲν
2865 1577 3034 1648 αὐτῷ.
3126 1586 3130 1590 ’

517 1675 797 1749 Ejusdem.
852 1679 1061 1734 Montes
1108 1679 1259 1743 Sion,
1305 1679 1471 1734 latera
1534 1679 1836 1749 Aquilonis,
1885 1681 2015 1735 civi-

2194 1670 2305 1724 Ταῦ
2344 1639 2552 1726 αὑτοῦ.
2596 1639 2817 1743 iam
2863 1639 3001 1722 Σιὼν
3056 1670 3198 1740 (68).
3228 1669 3304 1724 τὰ
3353 1670 3591 1744 πλευρά
3637 1670 3727 1724 τοῦ

451 1779 535 1823 tas
565 1780 651 1825 est
680 1773 861 1842 magni
888 1772 1050 1838 regis.
1084 1769 1393 1826 Secundum
1429 1772 1529 1826 hoc
1558 1781 1733 1841 potest
1760 1775 1812 1825 in
1843 1772 2020 1826 Evan-

452 1859 594 1927 gelio
627 1860 768 1914 dicta
796 1875 916 1915 esse
950 1858 1288 1929 Jerosolyma
1329 1860 1507 1928 magni
1539 1859 1716 1928 regis;
1771 1858 1846 1912 uti
1883 1858 1969 1913 hic
2000 1873 2016 1911 :

454 1967 477 2002 ι
514 1951 722 2006 Montes
758 1951 908 2016 Sion,
946 1953 1115 2007 latera
1154 1951 1460 2022 Aquilonis,
1492 1951 1687 2006 civitas
1724 1950 1866 2019 regis
1900 1964 2017 2002 ma-

450 2044 562 2113 gni.
599 2061 618 2095 ι
653 2043 1118 2111 Quemadmodum
1158 2053 1337 2098 autem
1370 2058 1596 2115 magnus
1645 2042 1902 2096 sacerdos
1933 2041 2016 2094 di-

446 2135 597 2190 citur
626 2136 693 2189 ad
739 2134 1102 2192 diﬂ‘erentiam
1153 2136 1445 2191 sacerdotii
1495 2136 1598 2190 sub
1642 2134 1760 2204 ipso
1807 2133 2018 2187 consti-

448 2225 581 2291 tuti;
630 2225 712 2281 sic
736 2225 899 2280 etiam
933 2240 1164 2297 magnus
1191 2241 1285 2282 rex
1326 2243 1340 2280 :
1373 2240 1467 2281 rex
1497 2224 1641 2280 enim
1665 2233 1753 2279 est
1780 2238 2015 2292 regnan-

444 2330 601 2374 ιιυηι.

513 2494 680 2552 Vnus.
699 2496 752 2551 5.
778 2497 1041 2564 Quoniam
1062 2514 1179 2554 ecce
1203 2514 1344 2569 reges
1366 2507 1520 2553 terra
1542 2495 1841 2567 congregati
1870 2504 2015 2558 sunt,

443 2597 551 2642 etc.
605 2588 673 2644 Ut
726 2589 868 2645 idem
898 2591 1084 2646 dicant
1126 2606 1337 2659 omnes,
1387 2601 1443 2646 et
1478 2604 1585 2645 non
1633 2590 1746 2644 sint
1793 2588 1847 2641 in
1883 2585 2017 2656 ipsis

443 2679 760 2736 schismata.

513 2770 681 2829 Vnus.
701 2772 754 2830 8.
776 2772 843 2828 In
868 2774 1055 2844 spiritu
1087 2774 1371 2829 uehementi
1398 2783 1634 2831 conteres
1663 2794 1820 2835 naues
1846 2780 2015 2835 Titar-

443 2866 536 2933 sis,
569 2875 677 2923 etc.
704 2865 953 2932 Tharsis,
985 2868 1170 2924 maris.
1205 2868 1413 2925 Dicitur
1430 2881 1610 2925 autem
1642 2872 1866 2929 Tharsis
1886 2890 2012 2945 pars

2119 1764 2322 1836 Βοῤῥᾶ,
2343 1761 2499 1826 πόλις
2523 1764 2642 1817 ἐστὶ
2670 1762 2765 1815 τοῦ
2787 1763 3024 1833 μεγάλου
3051 1763 3342 1832 βασιλέως.
3366 1764 3547 1818 Κατά
3573 1764 3729 1818 τοῦτο

2118 1856 2338 1909 δύναται
2365 1857 2423 1908 ὲν
2454 1854 2529 1926 τῷ
2569 1854 2883 1925 Εὑαγγελίῳ
2926 1854 3200 1925 εἰρῆσθαι,
3244 1855 3626 1927 Ἱεροσόλυμα
3656 1853 3730 1910 εἶ-

2119 1965 2204 2000 ναι
2234 1946 2327 2001 τοῦ
2362 1947 2597 2017 μεγάλου
2628 1947 2908 2018 βασιλέως,
2941 1948 3017 2011 ὡς
3051 1947 3274 2001 ἐνθάδε·
3313 1966 3335 1999 σ
3374 1950 3531 2020 Ὀρη
3566 1947 3725 2006 Σιὼν,

2116 2039 2185 2092 τά
2226 2038 2433 2110 πλευρά
2480 2038 2572 2092 τοῦ
2629 2038 2831 2110 pappet,
2869 2040 2902 2111 ἡ
2948 2039 3104 2103 πόλις
3150 2037 3246 2092 τοῦ
3292 2039 3593 2109 βασιλέως
3633 2040 3727 2092 τοῦ

2121 2130 2372 2201 μεγάλου.
2398 2151 2415 2181 ι
2456 2132 2666 2202 Ὠσπερ
2715 2131 2773 2184 δὲ
2821 2131 2994 2202 μέγας
3055 2131 3236 2200 ἱερεὺς
3284 2131 3533 2200 λέγεται
3582 2134 3721 2203 πρὸς

2116 2222 2518 2293 ἀντιδιαστολὴν
2576 2222 2672 2276 τοῦ
2713 2224 2804 2276 ὑπ’
2848 2224 3009 2278 αὐτὸν
3064 2225 3519 2297 ἱερατεύματος,
3575 2228 3721 2281 οὕτω

2118 2316 2213 2368 καὶ
2254 2315 2426 2387 μέγας
2458 2315 2740 2387 βασιλεύς’
2779 2316 3028 2387 βασιλεὺς
3059 2318 3170 2389 γάρ
3220 2320 3345 2371 ἐστι
3396 2318 3724 2388 βασιλευόν-

2117 2425 2225 2462 των
2232 2448 2247 2463 ο

2190 2500 2308 2553 Ὅτι
2345 2499 2473 2554 ἰδοὺ
2510 2503 2564 2555 οἱ
2591 2499 2874 2567 βασιλεῖς
2897 2499 3009 2569 τῆς
3033 2499 3146 2573 τῆς
3173 2502 3630 2573 συνήχθησαν,
3661 2523 3711 2559 κ.

2115 2610 2167 2646 τ.
2197 2592 2245 2645 ἑ.
2283 2593 2404 2646 Ἵνα
2448 2592 2612 2645 ταυτὸ
2646 2592 2756 2663 (69)
2788 2592 2985 2647 εῐπωσι
3040 2593 3266 2658 πάντες,
3312 2597 3420 2649 καὶ
3455 2596 3539 2668 μὴ
3657 2600 3715 2652 ἐν

2115 2684 2297 2748 αὐτοῖς
2324 2684 2615 2755 σχίσματα.

2209 2778 2312 2831 Ἐν
2339 2777 2628 2846 πνεύματι
2654 2777 2834 2841 βιαίῳ
2856 2778 3210 2846 συν-τρίψεις
3234 2778 3430 2833 ,πλοῖα
3460 2778 3705 2848 Θάρβις,

2113 2886 2170 2924 at.
2205 2887 2255 2923 τ.
2283 2871 2330 2922 ὲ.
2356 2869 2608 2941 Θάρσεις,
2641 2868 2916 2939 θαλάσσης
2945 2870 3078 2940 (70).
3104 2869 3343 2939 Λέγεται
3374 2870 3439 2923 δὲ
3469 2871 3708 2943 Θάρσεις

444 2957 757 3029 Ᾱέιιιίορὶαξ,
791 2968 848 3015 et
882 2959 1089 3016 Tarsus
1144 2962 1341 3017 civitas
1383 2962 1523 3033 apud
1552 2960 1744 3019 Jonam
1785 2965 2012 3024 Tharsis

2130 2960 2285 3032 xépo;
2324 2960 2636 3024 Δίθιοπίας’
2689 2960 2783 3013 καὶ
2833 2961 3044 3033 Ταρσὸς
3075 2964 3109 3033 ἡ
3145 2961 3304 3039 πόλις
3344 2962 3509 3033 παρὰ
3557 2965 3707 3036 Iurvi

442 3061 696 3107 vocatur.

518 3139 679 3200 Vens.
720 3143 774 3201 9.
808 3142 957 3199 Sicut
979 3145 1300 3211 audivimus,
1332 3146 1408 3201 sic
1436 3146 1687 3214 uidimus,
1721 3150 1775 3203 in
1800 3151 2016 3205 ciuitate

442 3231 659 3287 Domini
687 3235 960 3297 virtutum.
1005 3238 1060 3291 in
1114 3238 1329 3293 civitate
1374 3238 1474 3293 Dei
1495 3241 1682 3307 nostri,
1705 3250 1811 3295 etc.
1847 3242 2012 3296 Extra

443 3324 718 3381 civitatem
751 3327 968 3397 quidem
1003 3329 1343 3396 audivimus;
1369 3331 1602 3387 vidimus
1642 3347 1772 3388 vero
1798 3333 1852 3387 in
1881 3335 2017 3389 civi-

446 3424 558 3471 tate
592 3431 655 3472 ca
682 3432 802 3489 qua-
831 3418 985 3488 prius
1013 3419 1418 3477 audiveramus.
1450 3420 1517 3475 Et
1543 3436 1662 3475 cum
1689 3437 1932 3479 essemus
1959 3426 2017 3480 in

444 3508 625 3565 medio
661 3511 848 3582 templi
884 3511 983 3578 tui,
1015 3509 1353 3580 suscepimus
1397 3526 1599 3567 nomen
1634 3521 1780 3567 tuum
1814 3515 1867 3568 in
1916 3516 2015 3570 ad-

443 3608 606 3657 ventu
638 3600 864 3658 Christi.
906 3601 1077 3672 Digne
1110 3600 1330 3656 nomine
1360 3600 1454 3658 Dei
1482 3601 1628 3658 facta
1653 3615 1736 3659 est
1769 3604 1888 3661 laus
1919 3619 2017 3660 eo.

446 3706 588 3749 rum.

515 3846 791 3939 Ejusdem.
827 3870 1176 3943 Quaecunque
1201 3869 1456 3927 audimus
1486 3871 1553 3927 de
1573 3871 1683 3931 Deo
1714 3885 1811 3943 per
1830 3872 2010 3939 ﬁdem.

446 3978 514 4018 ea
560 3977 658 4031 per
696 3964 825 4018 vitm
874 3967 1168 4034 puritatem
1216 3964 1631 4033 cognoscimus,
1669 3978 1854 4019 eorum
1895 3979 2016 4035 quae

443 4053 719 4109 credimus
749 4054 1124 4123 probationem
1146 4071 1244 4127 per
1273 4054 1563 4111 aﬂ'ectuutu
1596 4060 1890 4112 carentiam
1919 4072 2013 4112 ac-

446 4143 718 4212 cipiendo.

513 4233 680 4292 Vsus.
718 4236 804 4291 ll.
860 4237 1022 4309 717
1043 4238 1264 4296 Iustitia
1310 4239 1463 4311 plena
1510 4250 1588 4296 est
1633 4242 1849 4298 dextera
1896 4253 2011 4310 tua,

2114 3052 2350 3124 Θαρσεῖς
2381 3052 2642 3106 καλεῖται.

2183 3144 2460 3213 Καθάπερ
2506 3145 2873 3214 ἠκούσαμεν,
2919 3142 3110 3211 οὕτως
3162 3144 3263 3198 καὶ
3316 3143 3597 3215 ειδομεν,
3638 3148 3704 3201 ἐν

2113 3237 2286 3290 πόλει
2314 3236 2533 3304 Κυρίου
2566 3234 2685 3289 τῶν
2718 3233 3050 3304 δυνάμεων,
3080 3235 3151 3288 ἐν
3185 3236 3363 3290 πόλει
3390 3237 3510 3291 τοῦ
3556 3238 3703 3293 Θεοῦ

2112 3327 2302 3398 ἡμῶν,
2328 3345 2381 3382 κ.
2404 3344 2456 3380 τ.
2482 3327 2683 3394 ὲ.Ἔξω
2706 3327 2806 3397 μὲν
2837 3328 2938 3398 τῆς
2967 3326 3175 3392 πόλεως
3202 3328 3316 3399 (71)
3342 3329 3696 3402 ἠκούσαμεν·

2113 3417 2323 3489 εἴδομεν
2352 3418 2633 3489 γενόμενοι
2670 3421 2729 3472 ὲν
2859 3417 3043 3482 πόλει,
3072 3418 3109 3473 ἀ
3150 3420 3418 3492 πρότερον
3459 3423 3702 3493 ﬁguranda—

2117 3528 2240 3581 μεν.
2284 3510 2390 3565 Καὶ
2428 3510 2710 3581 γενόμενοι
2749 3510 2808 3564 ὲν
2860 3509 3011 3582 μέσῳ
3034 3510 3130 3564 τοῦ
3157 3512 3288 3565 ναοῦ
3321 3529 3444 3575 σου,
3494 3514 3697 3568 ὐπελάο

2114 3601 2283 3674 ϐομεν
2333 3602 2396 3655 τὸ
2446 3601 2619 3673 ὄνομά
2676 3618 2772 3654 σου
2826 3604 2888 3655 ὲν
2939 3604 3005 3673 τῇ
3080 3601 3321 3673 Χριστοῦ
3396 3605 3693 3677 παρουσίᾳ.

2126 3692 2314 3758 Ἀξίως
2359 3692 2453 3747 τοῦ
2502 3692 2763 3764 ὀνόματος
2815 3692 2911 3748 τοῦ
2959 3694 3098 3749 Θεοῦ
3146 3694 3372 3765 γέγονεν
3419 3698 3455 3768 ή
3490 3698 3698 3760 αἴνεσις

2114 3803 2315 3840 αυτων.

2190 3877 2299 3931 Τοῦ
2330 3877 2537 3932 αὑτοῦ.
2572 3878 2711 3930 Ὅσα
2747 3876 2835 3931 διά
2864 3877 2968 3949 τῆς
3003 3878 3239 3942 πίστεως
3273 3878 3388 3951 (72)
3420 3881 3695 3954 ἀκούομεν

2114 3968 2243 4041 περ).
2268 3968 2423 4034 Θεοῦ,
2462 3968 2635 4023 ταῦτα
2666 3968 2752 4023 διὰ
2780 3968 2872 4022 τοῦ
2906 3969 3149 4041 καθαροῦ
3177 3970 3294 4040 βίου
3324 3971 3686 4045 γινώσκομεν,

2114 4060 2221 4115 τῶν
2253 4060 2700 4132 πεπιστευμένων
2721 4062 2822 4125 τὰς
2851 4061 3153 4128 ἀποδείξεις
3179 4063 3268 4118 διὰ
3299 4064 3404 4135 τῆς
3426 4066 3689 4130 ἀπαθείας

2114 4153 2502 4225 λαμϐάνοντες.

2186 4247 2583 4315 Δικαιοσύνης
2633 4244 2869 4314 πλήρης
2906 4247 2947 4315 ἠ
2978 4245 3145 4311 δεξιά
3187 4260 3328 4313 σου,
3357 4265 3416 4304 κ.
3450 4265 3503 4302 τ.
3546 4251 3593 4303 s.
3632 4249 3684 4302 ὐ

443 4336 555 4385 etc.
593 4329 824 4385 Dextera
851 4330 942 4386 Dei
973 4332 1220 4387 Christus
1250 4333 1465 4405 est,‘qui
1495 4334 1706 4404 iustitia
1750 4337 2009 4407 repletur.

2130 4338 2351 4412 Χριστός
2380 4340 2525 4392 ἐστιν
2555 4338 2669 4410 (75)
2702 4340 2736 4409 ἡ
2761 4337 2911 4406 δεξιὰ
2938 4338 3032 4392 τοῦ
3064 4338 3223 4406 Θεοῦ,
3259 4340 3682 4414 πεπληρωμένος

445 4423 807 4489 Quamobrem
843 4441 863 4475 ι
891 4432 945 4478 et
966 4425 1033 4480 de
1063 4425 1397 4495 plenitudine
1427 4428 1547 4498 ejus
1571 4444 1673 4487 nos
1703 4444 1894 4486 omnes
1926 4445 2013 4486 ac-

445 4512 686 4580 cepimus
703 4513 739 4566 ⁹.
757 4526 776 4560 ι

521 4602 685 4659 Vsus.
716 4607 803 4659 12.
834 4606 1066 4662 Lwtetur
1112 4624 1262 4664 mons
1288 4606 1437 4679 Sion,
1477 4623 1583 4666 etc.
1609 4612 1854 4669 Lmtetur
1881 4615 2010 4673 Sion

445 4708 621 4756 mons,
650 4705 704 4748 et
734 4698 1009 4751 exsultent
1044 4698 1164 4753 tiliae
1205 4697 1356 4755 Juda:
1405 4712 1623 4771 prepter
1655 4703 1858 4772 judicia
1894 4708 2009 4776 Dei,

445 4786 572 4837 dum
607 4788 1045 4856 contemplantur
1086 4804 1274 4844 eorum
1302 4806 1601 4853 sermones,
1631 4803 1687 4845 et
1715 4798 2009 4852 secundum

441 4890 732 4933 sermones
764 4894 951 4949 opera.
982 4882 1051 4936 Et
1081 4882 1173 4953 qui
1211 4883 1576 4938 intellexerint
1606 4884 1757 4952 Sion,
1785 4889 2014 4944 circum-

509 5055 535 5088 ⁸
571 5055 711 5113 Psal.
742 5073 871 5113 xxxt
900 5098 916 5126 ,
947 5059 999 5115 7.
1076 5061 1098 5093 ’
1129 5057 1286 5115 Joan.
1317 5074 1404 5114 xvt
1426 5099 1441 5126 ,
1469 5056 1558 5114 l6.

515 5197 629 5268 (67)
666 5195 913 5266 Εῠριζον
947 5197 1312 5268 ἀγαλλίαμα,
1351 5209 1457 5255 etc.
1494 5197 1724 5255 Schedat
1750 5197 1933 5257 Grabii
1960 5213 2010 5259 et

444 5266 645 5323 Catena
676 5268 922 5322 Barbari.

517 5338 632 5468 (68:
673 5341 750 5393 Τὰ
777 5339 885 5406 ὄρη
918 5338 1093 5402 Σιών,
1126 5347 1235 5425 οιιτζ
1262 5338 1464 5393 Catena
1497 5337 1766 5420 Corderii.

519 5409 610 5468 (69
670 5411 796 5464 Ἵνα
821 5411 1028 5468 tauro.
1055 5419 1162 5466 etc.
1196 5411 1377 5466 Codex
1415 5408 1766 5465 Conshntanut

519 5408 632 5474 (69)
670 5411 796 5464 Ἵνα
821 5411 1028 5477 ταυτό,
1055 5419 1162 5466 etc.
1196 5411 1377 5466 Codex
1415 5408 1777 5465 Coislinianus
1814 5420 1867 5467 et
1905 5411 2009 5469 Ca-

448 5488 573 5535 tena
608 5478 854 5534 Barbari.

519 5548 630 5622 (70)
655 5550 907 5621 Θάρσεις
949 5551 1289 5622 θαλάσσης,
1342 5560 1451 5609 etc.
1491 5553 1672 5612 Codex
1731 5552 2014 5631 Coisiinia-

445 5636 568 5678 ιιυε.

2117 4430 2484 4501 δικαιοσύνης.
2523 4431 2617 4484 Διὸ
2659 4449 2678 4481 ι
2710 4431 2803 4484 καὶ
2845 4432 2911 4484 ἐκ
2952 4429 3047 4484 τοῦ
3102 4428 3477 4503 πληρώματος
3528 4434 3680 4489 αὐτοῦ

2122 4525 2279 4596 ἡμεῖς
2312 4523 2511 4588 πάντες
2554 4523 2713 4576 ὲλάὸο
2719 4540 2836 4595 μεν.
2859 4542 2879 4575 ι

2192 4615 2595 4686 Εὑςρρανθήτω
2627 4617 2762 4684 ὄρος
2810 4614 2982 4679 Σιών,
3030 4633 3086 4670 κ.
3117 4632 3170 4669 τ.
3220 4616 3269 4671 ὲ.
3315 4618 3679 4690 Εὐφραίνηται

2120 4707 2184 4761 τὸ
2211 4709 2346 4760 Σιὼν
2377 4707 2487 4777 (74)
2515 4706 2659 4778 ὅρος,
2689 4706 2781 4760 καὶ
2818 4705 3149 4775 ἀγαλλιῶσιν
3177 4709 3235 4759 αἱ
3264 4707 3570 4780 θυγατέρες
3595 4710 3678 4779 τῆς

2131 4800 2388 4862 Ἰουδαίας
2432 4799 2616 4852 ἕνεκεν
2648 4801 2760 4856 τῶν
2788 4799 3073 4870 χριμάτων
3107 4797 3205 4851 τοῦ
3244 4797 3406 4863 Θεοῦ,
3439 4800 3522 4871 τῷ
3570 4802 3677 4855 Θεω-

2124 4893 2233 4963 ρεῖν
2276 4889 2455 4944 αὐτῶν
2476 4891 2602 4953 τοὺς
2626 4888 2838 4958 λόγους,
2867 4890 2962 4943 καὶ
2991 4889 3130 4945 κατὰ
3155 4890 3284 4954 τοὺς
3307 4889 3508 4959 λόγους
3534 4892 3673 4964 ἔργα.

2186 5202 2299 5267 (71)
2335 5201 2487 5265 Ἕξω
2507 5199 2626 5270 μὲν
2646 5199 2758 5270 τῆς
2790 5201 3043 5265 πόλεως,
3060 5208 3166 5254 etc.
3186 5199 3387 5255 Catena
3416 5198 3669 5257 Corderii.

2187 5273 2301 5342 (τὶ)
2335 5272 2484 5324 Ὅσα
2507 5269 2742 5342 διὰ-τῆς
2774 5270 3052 5336 πίστεως,
3079 5282 3187 5342 etc.
3237 5272 3423 5342 Codex
3485 5272 3673 5329 Coisli-

2117 5339 2337 5406 nianus,
2364 5342 2576 5395 scheitze
2600 5340 2786 5396 Gratiii
2825 5351 2880 5395 et
2915 5342 3122 5395 Catena
3156 5339 3405 5395 Barbari.

2188 5413 2304 5483 (75)
2350 5413 2407 5483 ’07
2429 5412 2682 5478 Χριστός
2712 5410 2903 5483 ἐστιν,
2933 5411 3299 5483 e_tc._Sclteda:
3327 5409 3552 5481 Gabii,
3589 5430 3670 5472 es.

2117 5479 2215 5537 tiex
2246 5482 2608 5541 (Inislinianus
2638 5493 2692 5534 et
2720 5479 2922 5535 Catena
2950 5480 3193 5535 Barbari.

2192 5552 2306 5625 (74)
2333 5551 2738 5621 Εὐφραίνηται
2764 5550 2831 5605 τὸ
2856 5548 3033 5619 Σιών,
3067 5561 3177 5608 etc.
3226 5551 3439 5611 Calene
3489 5556 3676 5615 Corde-

2120 5639 2165 5678 l‘l
