3970 6160
179 253 324 306 ΗΜ

1123 252 1435 310 SELECTA
1467 254 1537 311 IN
1576 253 1914 314 PSALMOS.
1954 287 2025 299 —
2064 257 2265 315 PSAL.
2288 259 2518 320 XLVIII.

3304 270 3448 328 1442

172 367 304 420 Καὶ
334 367 383 421 οἱ
439 368 728 439 νοήσαντες
768 371 865 437 τὴν
916 366 1052 420 Σιων
1109 369 1398 424 κυκλοῦσιν
1451 370 1642 441 αὐτὴν,
1679 388 1749 425 κα

1877 372 2006 427 dant
2031 374 2202 441 illam,
2224 383 2282 430 et
2300 376 2738 447 complectuntur
2767 378 2970 450 ipsam;
3012 390 3069 439 et
3090 384 3448 444 ascendentes

171 457 691 531 περιλαμϐάνουσιν
739 460 942 530 αὐτὴν·
996 459 1090 513 καὶ
1136 461 1436 526 ἀναϐάντες
1496 462 1589 515 ἐπὶ
1643 464 1771 528 τοὺς

172 552 435 623 πύργους
484 552 690 623 αὐτῆς,
739 552 1051 623 διηγοῦνται
1110 554 1315 608 ἄνωθεν
1376 557 1488 617 τοῖς
1545 554 1772 625 μηδέπω

167 644 498 716 δυνηθεῖσιν
538 644 807 718 ἀναϐῆναι
838 648 930 700 ἐπὶ
982 647 1109 711 τοὺς
1156 646 1397 719 πύργους
1445 646 1636 718 αὐτῆς,
1678 647 1768 700 λέ-

168 753 405 805 γοντες·
430 735 600 790 oecos
639 737 736 802 τὰς
767 738 998 810 καρδίας
1021 738 1195 808 ὑμῶν,
1225 739 1312 792 ἵνα
1348 739 1644 808 κατανοῆτε
1671 742 1770 811 τήν

170 829 416 901 δύναμιν
465 829 654 895 αὐτοῦ,
694 831 789 884 καὶ
831 830 1059 895 ἕκαστος
1097 830 1162 883 δι’
1206 824 1282 884 ὦν
1328 832 1561 902 πράττει
1614 831 1768 885 πολι-

170 922 477 993 τευόμενος
524 922 681 988 ἀξίαν
718 923 816 996 τὴν
864 925 1082 996 μνήμην
1116 923 1255 997 λάϐῃ
1305 926 1405 995 τῆς
1443 924 1585 978 κατά
1635 924 1769 979 διαι-

178 1015 395 1086 ρέσεως
416 1017 518 1086 τῆς
549 1015 755 1081 πόλεως
807 1017 877 1070 Ἢ
908 1016 1004 1069 καὶ
1034 1015 1232 1081 οὕτως·
1261 1016 1367 1088 ’[ῆς
1400 1017 1626 1089 γνώμης
1666 1017 1767 1087 τῆς

173 1107 647 1179 ὲκκλησιαστικῆς
700 1107 1067 1178 σκοπευτικῆς
1113 1107 1281 1179 οὔσης
1324 1109 1426 1180 τῆς
1473 1108 1761 1181 ἀληθείας,

172 1201 281 1254 καὶ
311 1200 403 1255 διά
428 1199 586 1254 τοῦτο
616 1198 755 1254 Σιὼν
788 1200 1153 1271 καλουμένης,
1197 1200 1557 1273 περιληπτέον
1596 1203 1765 1272 αὐτῆς

170 1293 238 1347 ἐν
273 1292 486 1364 διανοίᾳ
528 1291 595 1346 τὰ
623 1293 891 1364 δόγματα.
939 1291 1408 1364 Ἐπιστημονικῶς
1440 1292 1618 1347 τοίνυν
1665 1310 1765 1346 κα-

171 1387 544 1457 τανοήσαντες
590 1387 689 1457 τὴν
742 1385 944 1456 ταύτης
992 1385 1374 1451 διδασκαλίαν,
1420 1384 1764 1455 διαιρετικῶς

174 1476 416 1537 ἕκαστον
468 1475 767 1543 ἐξετάζετε.
802 1476 998 1547 Βάρεις
1032 1475 1140 1546 γὰρ
1179 1476 1346 1545 αὐτῆς
1380 1478 1436 1529 αἱ
1486 1476 1607 1528 καθ’
1636 1474 1765 1529 ἕκα-

182 1584 315 1622 στον
363 1568 619 1639 θεωρίαι,
669 1570 727 1621 ὲν
775 1561 862 1632 αῖς
909 1569 1050 1621 οἰκεῖ
1093 1567 1193 1638 τῆς
1242 1566 1521 1630 εὐσεϐείας
1565 1565 1632 1619 τὰ
1681 1565 1766 1619 δό-

180 1675 400 1730 γματα.
436 1662 546 1715 Καὶ
580 1661 701 1715 ἐπεὶ
738 1664 772 1733 ή
807 1660 1042 1733 προτέρα
1072 1660 1252 1728 γενεὰ,
1281 1661 1313 1731 ἡ
1346 1659 1444 1731 τὴν
1482 1658 1635 1712 πόλιν
1671 1657 1763 1711 διαὶ

1874 464 1992 534 ejus
2039 473 2240 532 turres,
2288 477 2517 523 narrant
2544 469 2776 541 desuper
2815 472 2884 528 iis
2921 473 3013 543 qui
3056 475 3283 531 necdum
3327 479 3446 549 ejus

1876 563 2052 611 turres
2106 568 2334 627 possunt
2383 561 2702 629 ascendere,
2735 563 3016 621 dicentes:
3052 563 3248 624 Ponite
3273 571 3444 626 corda

1873 654 2075 715 vestra,
2106 658 2165 703 ut
2189 649 2512 721 intelligatis
2537 654 2794 709 virtutem
2820 657 2958 725 ejus,
2979 667 3036 715 et
3072 663 3443 734 unusquisque

1871 752 1968 806 per
1998 753 2061 793 ea
2085 753 2205 808 qua:
2237 742 2343 811 agit
2372 742 2677 809 institutus,
2709 747 2927 819 dignam
2947 752 3264 807 memoriam
3294 755 3435 810 obti-

1872 836 1999 883 neat
2023 828 2076 882 in
2110 829 2497 887 distributione
2523 834 2789 893 civitatis.
2820 838 2915 894 Vel
2944 841 3107 896 etiam
3151 843 3233 898 sic
3267 848 3439 905 :Cutn

1869 920 2115 977 Ecclesia
2150 925 2201 978 in
2231 926 2467 981 veritate
2506 932 2921 1000 contemplanda
2963 945 3238 1005 versetur,
3262 946 3319 994 et
3353 941 3414 996 id

1869 1010 2020 1066 circo
2052 1009 2183 1068 Sion
2220 1026 2588 1085 nuncupetur,
2617 1020 2872 1088 dogmata
2909 1022 3027 1090 ejus
3075 1036 3257 1082 mente
3284 1043 3436 1084 com-

1868 1101 2147 1172 plectenda
2179 1116 2327 1161 sunt.
2371 1106 2523 1163 Scite
2553 1110 2724 1180 igitur
2752 1113 3061 1171 doctrinam
3086 1116 3204 1185 ejus
3234 1135 3435 1190 expen-

1867 1194 2073 1259 dentes,
2108 1195 2362 1253 distincte
2408 1201 2618 1272 singula
2664 1207 3001 1263 examinate.
3040 1208 3242 1266 Domus
3289 1213 3435 1268 enim

1865 1283 1983 1353 ejus
2019 1295 2145 1343 sunt
2173 1289 2401 1361 singulae
2432 1297 2942 1367 contemplationes,
2973 1300 3025 1354 in
3056 1302 3254 1371 quibus
3283 1318 3437 1358 com-

1867 1389 2151 1434 morantur
2176 1384 2427 1454 dogmata
2457 1387 2694 1456 pietatis.
2723 1390 2932 1446 Etcum
2962 1392 3110 1463 prior
3134 1396 3435 1462 generatio,

1864 1487 1985 1541 quae
2016 1475 2293 1532 civitatem
2322 1487 2378 1534 et
2428 1481 2691 1536 virtutem
2743 1483 2861 1555 ejus
2890 1494 3196 1555 receperat,
3232 1487 3436 1558 iniqui-

1867 1566 1992 1619 tatis
2024 1569 2273 1623 convicta
2325 1570 2431 1636 sit;
2465 1572 2554 1626 ubi
2603 1573 2942 1642 exploratam
2990 1577 3293 1635 habueritis
3338 1596 3437 1652 po-

1867 1658 2089 1712 tentiam
2133 1658 2391 1725 civitatis,
2415 1670 2472 1717 et
2506 1663 2799 1719 diviseritis
2833 1668 3022 1723 domos
3061 1668 3201 1739 ejus,
3231 1686 3436 1738 c0gno-

169 1754 279 1826 τὴν
319 1753 549 1825 δύναμιν
600 1753 769 1824 αὐτῆς
798 1751 1211 1825 παραλαϐοῦσα,
1241 1750 1454 1824 πονηρὰ
1496 1748 1750 1821 ἠλέγχθη.

1867 1750 2033 1804 scetis
2065 1752 2409 1808 vocationem
2438 1764 2776 1823 sanctorum,
2821 1774 2942 1828 qua:
2971 1769 3056 1815 est
3075 1761 3245 1817 altera
3276 1778 3435 1832 gene-

172 1848 571 1919 ἐπιστήσαντες
613 1849 680 1918 τῇ
729 1846 953 1917 δυνάμει
983 1845 1082 1916 τῆς
1120 1844 1348 1909 πόλεως,
1383 1843 1477 1897 καὶ
1511 1841 1760 1896 καταδιε-

172 1941 380 2006 λόντες.
409 1944 510 2007 τὰς
557 1941 744 2014 βάρεις
794 1941 986 2012 αὐτῆς,
1038 1939 1311 2010 γνώσεσθε
1354 1936 1424 1990 τὰ
1480 1935 1609 2006 περὶ
1660 1934 1758 2005 τῆς

171 2035 425 2105 κλήσεως
451 2033 561 2087 τῶν
597 2033 788 2102 ἁγίων,
816 2033 937 2104 ἥτις
982 2032 1130 2084 ἐστὶν
1180 2029 1344 2100 ἑτέρα
1391 2025 1556 2095 γενεά
1604 2023 1759 2095 παρά

171 2126 276 2197 τὴν
302 2127 577 2199 προτέραν
594 2144 608 2157 ·
646 2125 803 2199 εἴπερ
831 2126 926 2181 καί
947 2121 1296 2196 διηγήσεσθε,
1320 2121 1403 2174 ὅτι
1426 2113 1582 2182 οὗτός
1609 2120 1757 2171 ἐστιν

171 2217 205 2271 ὁ
236 2214 391 2280 Θεὸς,
424 2217 455 2270 ὁ
492 2215 563 2269 τὰ
593 2216 966 2289 προειρημένα
1009 2211 1288 2288 παράδοξα
1319 2210 1573 2279 ποιήσας,
1614 2207 1753 2260 ἀπο-

175 2306 358 2362 ϐαλὼν
396 2308 496 2379 τὴν
532 2308 805 2380 προτέραν
856 2305 1068 2376 γενεὰν,
1122 2303 1338 2367 αἰώνιος
1384 2302 1481 2366 ὢν,
1523 2300 1616 2355 καὶ
1666 2300 1754 2354 ἀεὶ

1865 1840 2006 1895 ratio
2058 1857 2221 1911 quam
2274 1846 2468 1914 prior,
2519 1848 2786 1919 siquidem
2823 1854 2990 1906 etiam
3039 1857 3433 1913 annuntiabitis

1864 1933 2122 2002 quoniam
2144 1934 2235 1991 hic
2268 1945 2349 1991 est
2382 1937 2549 2007 Deus,
2572 1941 2663 2009 qui
2707 1944 2961 2010 prtedicta
2990 1945 3254 2002 mirabilia
3277 1948 3429 2013 fecit,

1863 2025 2118 2093 rejiciens
2147 2026 2383 2097 priorem
2416 2032 2846 2100 generationem,
2889 2051 3013 2091 cum
3060 2040 3131 2094 sit
3171 2050 3429 2108 aeternus,

1862 2125 1918 2167 et
1953 2129 2167 2185 seraper
2212 2119 2403 2173 eodem
2441 2122 2603 2193 modo
2642 2137 2701 2178 se
2746 2124 2970 2183 habeat.
3019 2129 3086 2184 Et
3119 2131 3235 2200 ipse
3277 2144 3432 2204 reget

1861 2220 1981 2267 nos,
2011 2206 2167 2275 juxta
2207 2207 2340 2263 illud
2387 2224 2400 2257 :
2453 2228 2473 2262 ι
2528 2210 2742 2269 Statuet
2789 2224 2846 2270 et
2891 2217 3112 2284 videbit,
3153 2233 3210 2277 et
3241 2235 3431 2293 pascet

1858 2311 2075 2368 gregem
2101 2314 2257 2354 suum
2290 2301 2344 2354 in
2378 2301 2694 2360 fortitudine
2729 2305 2986 2365 Dominus
3025 2311 3087 2364 ¹⁶.
3119 2329 3139 2364 ι

174 2400 435 2465 ὡσαύτως
464 2400 623 2472 ἔχων.
661 2402 771 2454 Καὶ
805 2400 966 2465 αὐτὸς
1001 2400 1255 2471 ποιμανεῖ
1287 2397 1433 2469 ἡμᾶς
1476 2393 1617 2449 κατά
1652 2392 1714 2447 τό
1734 2410 1779 2445 ἰ
1809 2392 2072 2465 Στήσεται
2119 2395 2214 2448 καὶ
2256 2394 2469 2467 δψεται,
2502 2399 2597 2482 καὶ.
2628 2406 2886 2473 ποιμανεῖ
2931 2406 2993 2458 τὸ
3040 2405 3288 2478 ποίμνιον
3337 2412 3426 2467 αὐ-

173 2496 267 2551 τοῦ
295 2498 353 2551 ἐν
383 2497 526 2568 ίσχύῖ
559 2496 784 2569 Κύριος.
814 2515 834 2549 ι

246 2593 353 2647 Καὶ
403 2593 825 2648 καταδιέλεσθε
864 2595 974 2659 τὰς
1013 2591 1226 2660 ,ϐάρεις
1272 2588 1487 2657 αὐτῆς,
1521 2606 1576 2642 κ.
1606 2605 1658 2642 τ.
1701 2587 1748 2640 ὲ.

175 2683 364 2739 Ταῦτα
409 2684 739 2755 πληροῦνται
782 2683 892 2755 (75)
927 2682 1020 2736 ἐπὶ
1066 2682 1174 2734 τῶν
1225 2680 1481 2752 μαθητῶν
1531 2675 1752 2749 μεριζο-

178 2778 351 2846 μένων
380 2775 477 2847 τὴν
509 2776 854 2848 οἰκουμένην,
879 2775 970 2829 ἐπὶ
1001 2773 1080 2847 τῷ
1110 2771 1488 2846 διηγήσασθαι,
1514 2772 1596 2826 ὅτι
1619 2772 1754 2843 Χρι-

175 2870 298 2933 στός
329 2872 476 2922 ἐστιν
502 2872 530 2923 ὁ
553 2869 684 2933 Θεὸς
709 2869 866 2941 ήμῶν
895 2869 925 2921 ὁ
957 2868 1264 2939 ποιμαίνων
1294 2868 1461 2939 ἡμᾶς.

725 3050 1018 3105 ΨΑΛΜΟΣ
1055 3050 1198 3104 MH’.

246 3147 347 3211 Εἰς
384 3144 452 3199 τὸ
480 3144 673 3210 τέλος,
712 3143 838 3210 τοῖς
867 3143 1020 3209 υἱοῖς
1051 3141 1204 3210 Κορὲ
1249 3141 1510 3211 ψαλμός.
1547 3140 1748 3195 Ἀκού-

174 3253 317 3293 σατε
373 3237 588 3301 ταῦτα,
631 3235 827 3289 πάντα
869 3235 939 3288 τὰ
993 3236 1171 3303 ἔθνη,
1224 3252 1278 3290 κ.
1322 3252 1374 3288 τ.
1419 3235 1466 3286 ὲ.
1512 3232 1747 3287 Δύναται

176 3326 253 3391 εἰς
290 3326 397 3399 (76)
433 3328 533 3398 τὴν
566 3327 798 3380 ἑκάστου
839 3327 994 3398 νίκην
1027 3325 1135 3381 τῶν
1175 3329 1234 3380 ὲν
1260 3326 1340 3397 τῷ
1387 3324 1748 3396 ἀγωνίζεσθαι

177 3417 443 3473 νικώντων
475 3418 898 3491 ἀναφέρεσθαιὴ
929 3418 1230 3489 ἐπιγραφή.
1269 3418 1342 3470 Τὸ
1374 3417 1453 3481 δὲ,
1500 3436 1519 3468 ι
1560 3417 1747 3471 Ἀκού-

179 3525 325 3574 σατε,
350 3528 369 3561 ›
405 3509 640 3581 Χριστοῦ
693 3510 874 3581 φωνὴ,
909 3510 1089 3563 πάντα
1121 3510 1189 3563 τὰ
1222 3509 1347 3563 ἐθντ
1403 3509 1742 3581 προσκαλου-

178 3605 356 3676 μένου,
409 3604 503 3658 τοῦ
562 3604 841 3667 εἰπόντος’
894 3622 911 3653 ι
940 3602 1103 3656 Δεῦτε
1155 3602 1293 3674 πρὸς
1327 3601 1416 3673 μὲ,
1452 3601 1650 3665 πάντες
1693 3603 1743 3655 οί

176 3694 486 3759 κοπιῶντες.
512 3714 531 3747 ι
570 3695 679 3748 Καὶ
708 3696 829 3748 ἐπεὶ
861 3694 969 3747 ἀπὸ
1000 3693 1101 3764 τῆς
1137 3692 1339 3757 λέξεως
1369 3692 1478 3746 τῶν
1512 3692 1744 3765 Γραφῶν

170 3789 526 3860 οἰκοδομεῖται
556 3787 647 3840 καὶ
676 3784 1040 3858 ἁπλούστερον
1074 3787 1315 3856 γηγενής
1341 3802 1426 3848 τις
1451 3785 1544 3838 καὶ
1575 3784 1743 3855 πένης

172 3881 262 3945 ῶν,
288 3881 577 3952 ὠφελεῖται
608 3881 665 3934 δὲ
696 3879 896 3950 μᾶλλον
926 3880 1019 3933 καὶ
1049 3881 1077 3932 ὁ
1108 3877 1403 3931 διαϐαίνειν
1444 3876 1742 3947 δυνάμενος

173 3975 262 4027 ἐπὶ
307 3974 376 4026 τὰ
427 3971 805 4043 πνευματικὰ,
841 3971 955 4034 υίὸς
1005 3969 1294 4042 ἀνθρώπου
1347 3971 1441 4024 καὶ
1490 3969 1744 4033 πλούσιος

170 4067 475 4137 τυγχάνων,
514 4064 599 4118 διὰ
645 4064 802 4119 τοῦτο
848 4065 964 4136 ἅμα
1003 4065 1098 4117 καὶ
1128 4065 1221 4116 ἐπὶ
1256 4061 1318 4116 τὸ
1344 4063 1479 4117 αὐτὸ
1511 4064 1739 4127 πάντας,

170 4161 242 4221 ὼς
279 4155 370 4209 ἐπὶ
398 4154 495 4227 τὴν
521 4155 782 4219 ἑστίασιν,
811 4155 909 4226 τὴν
941 4156 1202 4227 ἀκρόασιν
1233 4155 1408 4208 καλεῖ.
1449 4154 1513 4207 Ἡ
1545 4156 1638 4208 ἐπὶ
1681 4154 1743 4208 τὸ

170 4249 297 4303 αὐτὸ
343 4247 533 4318 κλῆσις
569 4246 816 4299 πλουσίου
858 4245 955 4298 καὶ
989 4246 1221 4317 πένητος
1251 4246 1345 4298 ἐπὶ
1389 4247 1612 4316 ἰσότητα
1645 4247 1741 4300 καὶ

169 4334 405 4403 ἀτυφίαν
457 4335 842 4406 προσκαλεῖται
905 4336 1072 4406 ἡμᾶς·
1130 4336 1291 4405 Τρεῖς
1364 4336 1421 4390 δὲ
1477 4333 1628 4391 εἶπεν
1683 4337 1741 4402 ἐξ

1776 3050 1820 3109 C

1934 2583 2103 2638 Vens.
2153 2582 2242 2639 I4.
2280 2583 2348 2639 Et
2390 2586 2694 2645 distribuile
2738 2591 2921 2647 domos
2973 2594 3109 2662 ejus,
3155 2604 3262 2653 etc.
3298 2597 3424 2655 Haec

1860 2678 2125 2746 completa
2165 2687 2293 2732 sunt
2334 2680 2386 2732 in
2439 2681 2746 2751 discipulis,
2777 2686 2872 2753 qui
2912 2687 3016 2743 sibi
3039 2689 3228 2745 orbem
3252 2699 3423 2747 terrao

1859 2783 1977 2822 rum
2018 2769 2316 2825 diviserunt
2343 2782 2403 2825 ut
2441 2773 2766 2832 enarrarent
2789 2775 3069 2835 Christum
3101 2795 3221 2839 esse
3253 2782 3422 2840 Deum

1862 2870 2109 2917 nostrum
2135 2862 2228 2930 qui
2254 2863 2431 2932 pascit
2463 2881 2582 2922 nos.

2344 3044 2671 3103 PSALMUS
2702 3046 2931 3105 XLVIII.

1929 3134 2090 3192 Vens.
2127 3137 2248 3194 ίιὲ.
2280 3136 2349 3193 In
2387 3139 2568 3208 ﬁnem,
2598 3140 2726 3207 ﬁliis
2774 3138 2909 3195 Core
2930 3141 3188 3212 psalmus.
3226 3144 3439 3201 Audite-

1847 3227 1979 3297 Ιιτιοε,
2015 3246 2192 3286 omnes
2227 3244 2428 3301 gentes,
2451 3244 2557 3289 etc.
2593 3232 2777 3290 Potest
2810 3235 3095 3306 inscriptio
3128 3236 3318 3294 referri
3351 3239 3423 3293 ad

1847 3320 2141 3388 cujuslibet
2162 3324 2389 3378 victoris
2418 3325 2470 3377 in
2514 3326 2907 3381 certaminibus
2936 3326 3253 3382 victoriam.
3280 3326 3416 3384 Illud

1855 3424 2060 3481 autem,
2096 3432 2115 3465 ι
2156 3416 2373 3482 Audite,
2410 3435 2429 3467 ι
2461 3415 2659 3472 Christi
2705 3432 2805 3472 vox
2861 3428 2964 3484 est,
3011 3433 3201 3475 omnes
3226 3430 3423 3489 gentes

1847 3502 2134 3560 invitantis
2174 3522 2239 3561 ac
2262 3506 2493 3562 dicentis
2522 3526 2537 3563 :
2570 3527 2591 3560 ι
2628 3506 2821 3564 Venite
2855 3511 2924 3564 ad
2965 3525 3074 3579 me,
3108 3525 3297 3567 omnes
3325 3512 3417 3583 qui

1845 3594 2110 3654 laboratis
2140 3601 2207 3654 “.
2247 3619 2266 3652 ι
2299 3600 2366 3654 Ει
2416 3602 2670 3671 quoniam
2713 3602 2946 3659 lectione
2998 3605 3416 3675 Scripturaruul

1844 3697 2010 3751 etiam
2033 3692 2335 3762 simplicius
2369 3694 2671 3749 instituitur
2704 3696 2750 3751 is
2772 3697 2862 3765 qui
2898 3697 3164 3766 terrigena
3195 3709 3249 3754 et
3276 3714 3416 3770 pau-

1846 3804 1943 3859 per
1973 3786 2209 3851 exsistit,
2236 3784 2357 3853 plus
2385 3801 2512 3840 vero
2541 3786 2675 3841 lucri
2712 3788 2855 3856 capit
2881 3788 2971 3856 qui
3001 3790 3068 3843 ad
3107 3790 3271 3861 718
3300 3793 3415 3861 spi-

1843 3879 2025 3931 ritalia
2056 3879 2202 3933 valet
2231 3881 2636 3943 transcendere,
2669 3879 2812 3933 ﬁlius
2865 3880 3104 3936 hominis
3146 3898 3210 3938 ac
3235 3883 3409 3950 dives,

1845 3971 2048 4025 idcirco
2074 3969 2235 4029 simul
2283 3978 2339 4024 et
2374 3971 2428 4025 in
2462 3986 2627 4024 unum
2660 3985 2851 4026 omnes
2878 3973 2945 4026 ad
2977 3973 3412 4041 auscultandum,

1843 4076 1950 4115 non
1986 4075 2145 4116 secus
2177 4072 2344 4130 atque
2393 4061 2461 4116 ad
2511 4061 2847 4127 convivium,
2904 4062 3123 4118 invitat.
3183 4064 3311 4123 Haec
3355 4067 3413 4122 in

1843 4169 2011 4208 unum
2044 4153 2228 4208 divitis
2256 4168 2318 4209 ac
2353 4154 2609 4223 pauperis
2654 4155 2926 4220 invitatio,
2950 4157 3018 4212 ad
3045 4159 3411 4227 aequalitatem

1842 4254 1898 4299 et
1925 4244 2097 4299 fastus
2137 4245 2530 4315 depositionem
2561 4260 2660 4301 nos
2690 4247 3032 4305 adhortatur.
3066 4249 3203 4305 Tres
3227 4260 3409 4307 autem

1844 4336 2129 4404 oppositas
2173 4336 2352 4404 posuit
2380 4337 2833 4407 combinationes,
2871 4351 3060 4409 gentes
3104 4348 3157 4394 et
3182 4343 3410 4414 terrige-

169 4428 409 4492 ἐναντίας
444 4426 725 4495 συζυγίας,
749 4426 874 4498 ἔθνη
904 4428 999 4481 καὶ
1044 4430 1317 4499 γηγενεῖς,
1357 4428 1610 4483 πλούσιον
1644 4431 1740 4484 καὶ

1859 4442 1964 4491 ias,
1995 4426 2217 4482 divitem
2242 4438 2295 4482 et
2322 4442 2638 4498 pauperem,
2670 4430 2858 4485 orbem
2886 4442 3157 4487 terrarum
3188 4442 3242 4489 et
3268 4409 3409 4491 ﬁlios

168 4523 402 4593 πένητα,
434 4521 762 4592 οἰκουμένην
800 4522 893 4574 καὶ
935 4520 1086 4583 υἱοὺς
1121 4518 1443 4592 ἀνθρώπων.
1480 4522 1543 4574 Οἱ
1579 4522 1738 4575 ἀλλό-

166 4630 302 4684 τριοι
336 4613 435 4683 τῆς
467 4612 701 4674 πίστεως
730 4610 818 4664 διὰ
848 4610 955 4664 τῶν
997 4610 1171 4664 ἐθνῶν
1212 4612 1538 4685 ἐκλήθησαν.
1570 4615 1635 4667 Oi
1679 4617 1738 4668 ὲν

163 4705 227 4775 τῇ
295 4702 590 4774 Ἐκκλησία
648 4701 786 4755 είσὶν
846 4703 896 4755 οἱ
954 4702 1333 4768 κατοικοῦντες
1390 4704 1488 4777 τὴν
1555 4709 1734 4760 οἰκου-

171 4790 353 4863 μένην.

242 4883 312 4937 Τὸ
377 4883 573 4953 στόμα
617 4901 738 4952 μου
792 4881 1050 4950 λαλήσει
1101 4886 1348 4954 σοφίαν,
1397 4886 1499 4941 καὶ
1554 4889 1592 4957 ἡ
1627 4905 1733 4957 με-

164 4981 305 5044 λέτη
342 4975 453 5044 τῆς
482 4977 729 5044 καρδίας
752 4993 871 5045 μου
903 4977 1177 5031 σύνεσιν.
1210 4978 1406 5033 Κλινῶ
1435 4982 1523 5046 εὶς
1558 4996 1736 5049 παρα-

164 5068 351 5136 ϐολὴν
380 5067 446 5122 τὸ
478 5063 585 5134 οὖς
610 5084 760 5137 μων
788 5067 1009 5132 ἀνοίξω
1031 5068 1101 5121 ἐν
1136 5071 1447 5137 ψαλτηρίῳ
1484 5070 1549 5123 τὸ
1588 5073 1732 5139 πρό-

163 5161 355 5229 ϐλημά
389 5178 529 5228 μου,
564 5177 617 5213 κ.
645 5177 695 5212 τ.
724 5162 769 5212 ὲ.
818 5157 1056 5230 Χριῦτοῦ
1089 5159 1149 5215 τὸ
1182 5162 1357 5232 στόμα
1390 5161 1501 5232 (77)
1538 5163 1733 5231 σοφίαν

162 5254 326 5307 λαλεῖ.
364 5253 485 5306 Εἰσὶ
535 5252 593 5306 δὲ
625 5251 803 5323 στόμα
852 5252 1091 5323 Χριστοῦ
1138 5255 1185 5307 ot
1222 5254 1314 5307 τὸν
1364 5253 1521 5323 λόγον
1571 5253 1734 5308 αὑτοῦ

159 5343 549 5408 διακονοῦντες,
583 5344 631 5397 oi
672 5343 730 5395 δὲ
780 5342 956 5396 λοιποί⁹
1005 5342 1066 5396 τὸ
1102 5342 1286 5397 λοιπὸν
1334 5341 1500 5396 αὑτοῦ
1555 5341 1732 5414 σῶμα.

160 5436 268 5488 Καὶ
332 5436 382 5489 εἰ
437 5434 553 5488 ἔστι
607 5432 803 5505 μελέτη
856 5433 1100 5503 σύνεσις,
1158 5434 1243 5499 τίς
1297 5435 1334 5507 η
1397 5432 1731 5503 ὲπαγγελία;

237 5550 280 5587 ¹⁶
315 5554 382 5609 Is.
424 5569 515 5618 XL,
548 5553 636 5608 II.
712 5552 756 5583 ¹³
794 5550 984 5606 Matth.
1019 5567 1099 5620 ιι,
1126 5550 1220 5608 28.

237 5647 348 5718 (τεὴ
381 5649 573 5703 Ταῦτα
600 5648 991 5718 πληροῦνται,
1027 5657 1137 5704 etc.
1176 5646 1383 5705 Catena
1422 5645 1649 5703 Barbari
1677 5653 1732 5701 et

170 5721 374 5776 schedae
397 5720 607 5777 Grabii.

1841 4517 2143 4573 hominum.
2196 4521 2235 4572 A
2296 4519 2399 4574 lide
2438 4520 2599 4575 alieni
2654 4536 2753 4591 per
2800 4532 2993 4592 gentes
3030 4525 3203 4578 vocati
3256 4534 3404 4580 sunt.

1841 4607 1945 4675 Qui
1980 4611 2031 4664 in
2088 4611 2331 4666 Beclesia
2376 4621 2683 4681 versantur,
2734 4612 2792 4668 bi
2817 4627 2945 4671 sunt
2970 4617 3063 4686 qui
3098 4615 3404 4672 inhabitant

1839 4707 2047 4761 urbem.

1918 4881 2076 4937 Vens.
2102 4880 2223 4940 αδ.
2260 4879 2333 4936 0s
2365 4897 2535 4936 meum
2577 4883 2821 4952 loquetur
2847 4883 3183 4952 sapientiam,
3206 4892 3257 4937 et
3293 4899 3408 4938 me-

1840 4974 2028 5027 ditatio
2057 4976 2230 5029 cordis
2261 4977 2361 5028 mei
2397 4976 2758 5045 prudentiam.
2801 4974 3083 5029 lnclinabo
3109 4976 3163 5028 in
3179 4976 3407 5045 parabo-

1839 5069 1946 5120 lam
1989 5084 2171 5120 aurem
2200 5085 2362 5122 meam
2394 5085 2412 5122 :
2438 5071 2672 5137 aperiam
2704 5070 2760 5124 in
2798 5069 3046 5138 psalterio
3093 5070 3406 5137 propositio-

1840 5175 1953 5211 nem
1985 5175 2188 5223 meam,
2242 5172 2349 5215 etc.
2398 5161 2472 5217 Os
2519 5162 2723 5217 Christi
2776 5162 3017 5230 loquitur
3055 5162 3400 5230 sapientiam.

1834 5250 1972 5304 Sunt
1999 5259 2176 5305 autem
2209 5265 2271 5304 os
2317 5252 2516 5307 Christi
2547 5251 2638 5322 qui
2682 5266 2989 5307 sermonem
3020 5249 3139 5317 ejus
3163 5253 3404 5306 admini-

1830 5351 2004 5397 strant
2033 5383 2049 5404 .
2100 5344 2278 5397 caeteri
2312 5355 2491 5399 autem
2533 5352 2660 5399 sunt
2707 5345 2976 5415 reliquum
3028 5360 3227 5414 corpus
3253 5344 3399 5414 ejus.

1832 5434 1985 5502 Quod
2032 5436 2081 5493 si
2131 5437 2418 5492 meditatio
2446 5441 2518 5492 sit
2545 5436 2858 5506 prudentia,
2889 5453 3139 5507 quietiam
3169 5440 3276 5494 erit
3305 5454 3403 5494 att-

1908 5644 2020 5714 (76)
2042 5646 2295 5700 Δύναται
2330 5647 2438 5709 εἰς,
2467 5655 2575 5700 etc.
2601 5644 2806 5701 Catena
2826 5642 3099 5714 Corderii.

1903 5717 2015 5787 (77)
2045 5716 2301 5787 Χριστοῦ
2334 5714 2400 5770 τὸ
2438 5716 2655 5788 στόμα,
2683 5724 2791 5774 etc.
2829 5713 3034 5773 Eadem
3064 5713 3291 5775 Catena.
