3970 6160
508 236 655 297 ωδ

1913 226 2005 282 EX
2046 220 2349 281 ORIGENE

3660 221 3753 278 ult

511 350 831 408 nuntiatio?
860 348 1090 417 Quando
1135 346 1417 414 meditatio
1450 345 1632 401 cordis
1656 344 1943 414 prudentia
1975 349 2075 405 est.

2189 338 2358 392 Ὅταν
2402 341 2436 409 ἡ
2502 337 2698 409 μελέτη
2753 335 2854 406 τῆς
2898 334 3126 408 καρδίας
3192 333 3429 398 σύνεσις
3489 334 3661 397 ἐστιν,
3692 338 3757 391 et:

504 460 612 501 non
663 445 1016 516 egrediuntur
1052 442 1121 496 ab
1162 441 1459 494 intrinseco
1487 440 1672 494 cordis
1724 438 2082 509 cogitationes

504 552 709 606 prava,
740 549 918 606 neque
946 543 1072 589 sunt
1099 549 1220 603 qua:
1244 531 1529 601 inquinent
1569 531 1873 597 hominem,
1910 548 2086 602 neque

505 629 668 684 datur
696 629 845 684 locus
881 627 1116 683 diabolo.
1152 625 1450 697 Perspicue
1486 634 1666 679 autem
1704 624 1957 679 Salvator
1982 640 2082 679 au-

499 736 593 779 res
619 734 749 775 suas
779 726 939 775 vocat
969 720 1264 789 prudentes
1290 718 1592 776 auditores.
1619 717 1772 772 Alius
1797 727 1978 772 autem
2005 717 2090 771 di-

503 813 667 880 xerit,
696 812 876 883 ipsum
918 810 1139 880 quidem
1167 810 1318 879 loqui
1355 810 1679 881 sapientiam
1709 810 1766 863 in
1791 808 1942 864 Novo
1968 809 2071 865 Te-

502 915 808 971 stamento;
839 905 1030 959 audire
1069 918 1201 959 vero
1235 902 1403 957 veluti
1447 901 1739 972 parabolas
1776 899 1947 956 Vetus
1979 900 2084 954 Te-

502 1008 857 1054 stamentum.
910 996 1103 1068 Aperit
1139 996 1390 1052 Christus
1441 996 1872 1066 propositionem
1926 1010 2082 1049 suam

502 1105 622 1159 qua:
642 1089 981 1144 obscuritate
999 1088 1239 1143 involuta
1270 1095 1413 1153 erat,
1439 1086 1657 1157 quando
1673 1085 1878 1154 reperit
1899 1094 2085 1155 aptum

502 1182 943 1248 instrumentum,
983 1191 1037 1236 et
1075 1197 1171 1237 vas
1201 1179 1508 1243 electionis,
1543 1179 1690 1250 quod
1722 1187 1884 1233 vocat
1930 1178 2081 1248 psal-

503 1275 699 1330 terium
737 1294 753 1330 :
793 1289 892 1343 per
941 1275 1043 1330 hoc
1071 1274 1215 1328 enim
1248 1273 1425 1342 aperit
1458 1281 1513 1325 et
1556 1270 1800 1340 explicat
1850 1285 1913 1324 ea
1963 1285 2084 1339 qua:

502 1369 595 1432 iis,
629 1367 718 1437 qui
752 1366 889 1422 tales
922 1381 1029 1422 non
1068 1375 1217 1432 sunt,
1245 1363 1581 1420 obscuritate
1614 1369 1774 1415 erant
1796 1359 2079 1418 obvoluta.

500 1457 627 1514 Haec
653 1458 816 1512 etiam
847 1458 1076 1527 apostoli
1117 1458 1299 1512 dicere
1322 1455 1620 1526 potuerint.

569 1551 851 1622 Ejusdem.
882 1549 984 1617 Qui
1040 1565 1197 1618 aequo
1225 1549 1407 1602 animo
1433 1556 1538 1611 est,
1565 1545 1788 1616 psallit;
1822 1558 1920 1615 per
1941 1539 2085 1611 psal-

502 1644 697 1696 terium
759 1650 941 1695 autem
997 1640 1175 1709 aperit
1234 1639 1689 1709 pr0positionem.
1747 1635 1852 1690 Per
1910 1631 2079 1687 animi

2188 426 2500 498 ἐξέρχονται
2531 425 2732 479 ἔσωθεν
2767 425 2878 480 ἀπὸ
2908 425 3007 496 τῆς
3054 424 3292 497 καρδίας
3321 420 3677 495 διαλογισμοὶ
3697 444 3757 479 τι·

2185 518 2371 588 νηροὶ,
2413 517 2535 571 οὐδὲ
2571 516 2805 588 ὑπάρχει
2867 516 2937 569 τὰ
2980 514 3275 570 κοινοῦντα
3342 514 3445 569 τὸν
3496 516 3761 588 ἄνθρωαπ,

2185 611 2305 664 οὐδὲ
2338 610 2538 664 δίδοται
2580 611 2743 674 τόπος
2774 610 2853 681 τῷ
2880 610 3139 681 διαϐόλῳ.
3183 611 3408 680 Σαφῶς
3453 611 3517 664 δὲ
3559 611 3591 664 ὁ
3620 612 3767 685 Σωτὴρ

2185 696 2301 757 ὦτα
2343 702 2540 758 ἑαυτοῦ
2580 702 2731 771 λέγει
2767 704 2901 766 τοὺς
2953 705 3211 767 συνετοὺς
3250 703 3584 774 ἀκροατάς.
3618 704 3769 770 Ἀλλης

2184 794 2231 848 δ’
2264 794 2330 848 ἂν
2386 794 2564 859 εἴποι,
2614 794 2696 848 ὅτι
2748 794 2895 863 λέγει
2946 795 3043 866 μὲν
3100 795 3310 864 σοφίαν
3356 797 3427 848 ὲν
3485 798 3557 866 τῇ
3609 796 3773 869 Καυῇ,

2186 884 2373 939 ἀκούει
2416 885 2474 939 δὲ
2520 887 2597 950 ὼς
2649 885 2963 958 παραϐολῆς
3011 888 3110 959 τῆς
3159 886 3459 949 Παλαιᾱς.
3522 886 3775 955 Ἀνοίγειέ

2185 975 2423 1047 Χριστὸς
2454 977 2842 1048 κεκλεισμένον
2873 980 2929 1031 ὲν
2961 978 3205 1050 ἀσαφείᾳ
3241 978 3313 1032 τὸ
3344 976 3657 1051 πρόϐλημα
3681 981 3777 1032 ἐτν-

2183 1067 2302 1135 τοῦ,
2328 1069 2465 1122 ἐπὰν
2491 1068 2627 1144 εὕρῃ
2662 1070 2981 1143 ἐναρμόνιον
3002 1070 3263 1143 ὄργανον,
3296 1073 3406 1125 καὶ
3440 1072 3643 1136 σκεῦος
3669 1075 3780 1127 ἐκλε-

2185 1161 2310 1231 γῇς,
2346 1161 2375 1214 δ
2401 1162 2556 1215 καλεῖ
2592 1161 2889 1234 ψαλτήριον
2914 1179 2927 1192 ·
2959 1162 3048 1217 διὰ
3075 1164 3187 1236 γὰρ
3226 1163 3336 1218 τοῦ
3374 1165 3641 1218 τοιούτου
3668 1167 3780 1219 avsi-

2183 1271 2270 1323 γει
2303 1255 2395 1308 καὶ
2438 1253 2719 1325 σαφηνίζει
2749 1253 2818 1307 τὰ
2853 1258 2965 1318 τοῖς
2999 1254 3074 1326 μὴ
3110 1255 3402 1320 τοιούτοις
3447 1256 3781 1329 remigii-ua

2184 1339 2250 1417 τῇ
2303 1346 2561 1419 ἀσαφείᾳ..
2616 1346 2799 1400 Ταῦτα
2850 1345 2909 1399 δὲ
2971 1346 3210 1402 δύναιντ’
3262 1351 3343 1404 ἂν
3397 1349 3603 1418 λέγειν
3647 1351 3782 1405 κειὶά

2184 1436 2496 1492 ἀπόστολοι.
3089 1459 3092 1462 ’

2180 1560 2188 1577 ι
2261 1531 2370 1584 Τοῦ
2406 1528 2612 1584 αὐτοῦ.
2654 1530 2711 1585 '0
2742 1531 2993 1604 εὐθυμῶν
3036 1531 3149 1604 (78)
3200 1533 3454 1603 ψάλλει·
3498 1535 3598 1589 διὰ
3627 1536 3680 1589 ἒ
3718 1535 3789 1592 τοῦ

2183 1622 2484 1695 ψαλτηρίου
2527 1623 2732 1692 ἀνοίγει
2765 1624 2826 1678 τὸ
2858 1626 3175 1698 πρόϐλημα.
3210 1628 3321 1681 Διὰ
3375 1629 3499 1699 τῆς
3555 1630 3793 1700 eéEs-‘tu;

501 1733 949 1803 tranquillitatem
984 1706 1264 1800 cognoscit
1296 1706 1746 1801 prapositionem.
1776 1726 1958 1781 Animi
1983 1741 2075 1779 au-

2187 1713 2529 1783 διαγινώσκει
2582 1716 2643 1768 τὸ
2684 1715 2995 1789 πρόϐλημα.
3049 1717 3312 1788 Εὐθυμία
3357 1720 3427 1773 δέ
3482 1722 3647 1775 ἐστιν
3678 1724 3797 1776 ἀπέ-

499 1834 609 1879 tem
641 1822 1008 1894 tranquillitas
1037 1829 1119 1877 est
1146 1836 1269 1876 cum
1296 1819 1476 1874 anima
1499 1817 1783 1873 rationalis
1817 1825 1969 1872 caret
1997 1814 2078 1869 af-

498 1915 752 1972 fectibus.

572 2006 737 2064 Vens.
765 2007 819 2061 6.
850 2006 959 2061 Cur
985 2005 1172 2060 timebo
1194 2005 1249 2058 in
1282 2004 1366 2058 die
1393 2001 1536 2056 mala
1559 2000 1584 2054 ?
1608 2001 1860 2070 iniquitas
1889 1998 2070 2053 calca-

497 2102 583 2156 nei
625 2101 728 2154 mei
770 2098 1118 2152 circumdabit
1146 2113 1249 2161 me,
1273 2106 1379 2151 etc.
1406 2094 1522 2148 Non
1552 2092 1621 2147 de
1653 2107 1731 2155 se,
1760 2093 1854 2147 sed
1882 2092 1948 2145 de
1979 2090 2074 2144 Ju-

498 2193 653 2257 dazis,
686 2192 776 2262 qui
824 2190 1104 2263 iudicandi
1152 2196 1327 2255 erant,
1384 2200 1616 2255 quorum
1664 2183 1882 2253 plurimi
1947 2197 2076 2251 sup-

497 2285 677 2357 pliciis
702 2286 861 2356 digna
894 2285 1307 2346 commiserant,
1363 2281 1477 2334 haec
1518 2278 1666 2333 dicit.
1690 2275 1843 2344 Quod
1884 2276 2074 2346 siqua:

496 2374 758 2446 loquitur,
790 2375 863 2429 sit
890 2389 1119 2445 persona
1146 2370 1349 2428 Christi
1375 2386 1389 2435 ;
1416 2368 1732 2423 calcaneum
1778 2365 1894 2435 ejus
1918 2366 2072 2420 inve-

496 2466 620 2518 nics
656 2479 779 2519 esse
808 2474 1109 2519 extremum
1147 2458 1414 2529 corporis,
1463 2469 1520 2514 et
1554 2468 1713 2513 terrae
1754 2459 2071 2513 viciniorem

498 2554 690 2611 ludam
724 2571 738 2608 :
771 2571 970 2626 corpus
1020 2555 1166 2610 enim
1215 2553 1428 2609 Domini
1477 2562 1604 2607 sunt
1654 2550 1906 2620 apostoli.
1956 2549 2072 2605 Non

500 2648 701 2702 timebo
749 2646 916 2717 igitur
958 2644 1111 2701 Iudae
1155 2647 1519 2716 proditionem
1575 2653 1819 2713 tempore
1858 2643 2070 2707 crucis;

499 2738 759 2809 quoniam
808 2752 910 2791 nec
953 2735 1184 2806 quilibet
1230 2736 1361 2791 Adae
1418 2737 1839 2792 inobedicntiam
1894 2733 2072 2787 timet.

496 2827 674 2900 (Hanc
702 2828 848 2885 enim
883 2842 1005 2883 esse
1034 2828 1279 2883 calcanci
1311 2828 1649 2898 iniquitatem
1685 2828 1914 2881 latenter
1941 2823 2074 2878 insi-

498 2927 724 2976 nuatum
756 2916 886 2989 est.)
912 2917 1104 2973 Nullus
1125 2918 1271 2972 enim
1303 2919 1372 2973 ob
1395 2918 1625 2973 alterius
1654 2917 1918 2972 malitiam
1945 2929 2071 2968 con-

2183 1804 2302 1859 θεια
2326 1804 2504 1877 ψυχῆς
2528 1806 2774 1879 λογικῆς.

2252 1983 2374 2038 Ἰνα
2405 1983 2464 2037 τί
2490 1985 2782 2055 φοϐοῦμαι
2821 1985 2890 2039 ἐν
2933 1985 3122 2055 ἡμέρᾳ
3160 1988 3467 2058 πονηρᾷ;
3521 1989 3566 2058 ἡ
3598 1992 3797 2061 «impia

2178 2074 2286 2143 τῆς
2333 2076 2593 2145 πτέρνης
2623 2096 2742 2147 μου
2778 2076 3076 2132 κυκλώσει
3112 2096 3191 2147 με
3213 2122 3230 2147 ,
3263 2099 3319 2134 κ.
3366 2099 3426 2134 τ.
3463 2083 3521 2135 ὲ.
3567 2085 3651 2136 Οὐ
3690 2086 3797 2156 περὶ

2177 2169 2373 2224 ἑαυτοῦ
2405 2170 2541 2240 (79),
2582 2170 2717 2225 ἀλλὰ
2762 2170 2887 2242 περὶ
2922 2170 3029 2225 τῶν
3070 2171 3351 2226 Ἰουδαίων
3385 2175 3797 2248 εὐλαϐούμενος

2178 2260 2610 2333 κριθησομένων,
2656 2257 2731 2317 ὧν
2777 2265 2829 2316 οἱ
2888 2263 3128 2316 πλεῖστοι
3180 2264 3313 2330 ἄξια
3376 2267 3687 2333 κολάσεως
3716 2288 3797 2321 πε-

2179 2354 2469 2425 ποιήκασι,
2505 2353 2681 2408 ταῦτά
2732 2372 2885 2427 φησι.
2937 2357 3046 2409 Καὶ
3090 2359 3139 2409 εί
3184 2357 3509 2428 πρόσωπον
3564 2360 3792 2432 Χριστοῦ

2176 2446 2238 2499 τὸ
2290 2445 2466 2515 λέγον,
2517 2447 2755 2519 πτέρναν
2814 2449 2979 2502 αὐτοῦ
3032 2446 3204 2521 εὕρῃς
3247 2450 3345 2504 τὸν
3406 2451 3663 2523 ἔσχατον
3709 2454 3792 2507 το]

2179 2536 2451 2608 σώματος,
2503 2540 2598 2592 καὶ
2655 2541 2718 2611 τῇ
2767 2542 2840 2612 γῇ
2903 2539 3271 2612 πλησιάζοντα
3341 2542 3603 2598 Ἰούδαν·
3648 2546 3790 2615 σῶμα

2175 2629 2282 2703 γὰρ
2342 2631 2547 2701 Κυρίου
2593 2633 2643 2684 oi
2700 2632 3007 2688 ἀπόστολοι.
3055 2634 3130 2687 Οὐ
3186 2634 3483 2706 φοϐοῦμαι
3537 2631 3643 2691 οὖν
3704 2639 3791 2709 τὴν

2187 2723 2357 2777 Ἰούδα
2402 2724 2690 2795 προδοσίαν
2722 2727 2780 2779 ἐν
2839 2725 2918 2797 τῷ
2937 2722 3124 2797 ’καιρῷ
3180 2727 3280 2780 τοῦ
3327 2731 3627 2803 σταυροῦ·
3681 2732 3789 2786 ἐπεὶ

2177 2814 2313 2884 μηδὲ
2374 2812 2617 2878 ἕκαστος
2675 2812 2774 2884 τὴν
2832 2813 2929 2867 τοῦ
2989 2815 3161 2886 Ἀδὰμ
3229 2831 3310 2869 πα
3318 2820 3550 2890 ρακοὴν
3613 2820 3788 2888 φοεεί-

2175 2924 2284 2960 ται.
2337 2906 2595 2979 (Ταύτην
2660 2906 2770 2979 γὰρ
2828 2906 3207 2979 ὑπῃνιξάμεθα
3258 2910 3526 2981 πτέρναν

494 3011 860 3068 damnabitur.
906 3009 1254 3080 lniquitatem
1278 3024 1413 3066 vero
1443 3011 1686 3066 calcanei
1723 3010 1853 3064 Δότε
1888 3007 2074 3062 inobe-

2187 2994 2365 3070 εἶναι.)
2407 2997 2598 3063 Οὐδεὶς
2621 2997 2730 3071 γὰρ
2760 2998 2829 3054 δι’
2873 2999 3032 3054 ἄλλου
3072 3001 3274 3054 κακίαν
3320 3005 3779 3070 καταδικάζεται.

495 3104 757 3162 aientiam
804 3102 1138 3173 appellavit,
1185 3103 1328 3174 quod
1363 3118 1589 3174 serpens
1643 3102 1696 3155 in
1746 3102 2071 3157 calcaneum

496 3193 622 3267 eius
647 3201 973 3265 potestatem
1002 3193 1224 3251 habeat.
1258 3193 1355 3252 Vel
1385 3196 1512 3265 quia
1545 3209 1651 3249 non
1681 3202 1841 3249 erant
1888 3192 2073 3249 istius-

495 3288 645 3346 modi
667 3287 919 3360 apostoli,
944 3303 1128 3360 neque
1156 3290 1422 3361 propheta
1455 3290 1546 3360 qui
1584 3289 1700 3345 haec
1731 3288 1885 3354 dicit,
1924 3296 1985 3341 ut
2005 3285 2073 3341 de

498 3381 620 3449 ipso
664 3378 1005 3450 pronuntiari
1043 3381 1285 3449 potuerit
1316 3396 1332 3434 :
1365 3398 1385 3432 ε
1420 3380 1716 3437 Peccatum
1760 3394 1875 3434 non
1918 3377 2071 3444 fecit,

496 3484 674 3540 neque
705 3469 955 3523 inventus
980 3478 1064 3524 est
1087 3469 1244 3526 dolus
1271 3471 1324 3525 in
1361 3483 1459 3526 ore
1487 3469 1606 3541 ejus
1623 3469 1691 3534 “,
1723 3488 1742 3522 ι
1779 3468 2074 3524 verisimile

497 3570 585 3617 est
628 3571 905 3630 postrema
960 3574 1150 3616 eorum
1204 3572 1261 3617 et
1319 3561 1511 3618 ultima
1562 3575 1840 3632 peccasse.
1893 3559 2074 3629 Quare

432 3642 435 3645 ἢ
501 3656 866 3731 Symmachus
913 3655 1079 3728 719
1141 3655 1488 3726 iniquitatem
1539 3656 1897 3726 vestigiorum
1957 3653 2075 3723 ejus

497 3750 770 3817 exposuit.
797 3746 930 3802 Nam
959 3762 1057 3801 ceu
1091 3745 1322 3816 vestigia
1346 3745 1581 3800 obscura
1612 3742 1925 3814 iniquitatis
1958 3741 2073 3797 sola

501 3842 554 3897 in
592 3843 724 3912 ipsis
770 3850 966 3908 erant;
1019 3840 1221 3895 idcirco
1247 3839 1343 3906 ait,
1368 3837 1484 3894 Non
1521 3836 1723 3892 timebo
1760 3835 1904 3890 diem
1927 3833 2076 3905 judi-

499 3933 592 3988 cii.
623 3932 949 3988 Calcaneum
972 3939 1154 3986 autem
1196 3928 1401 3985 Christi
1427 3937 1555 3984 sunt
1582 3941 1808 3999 quoque
1833 3924 2073 3980 ﬁdelium

498 4024 743 4080 omnium
775 4021 1061 4092 postremi.

571 4113 845 4182 Ejusdem.
881 4112 1031 4166 Diem
1076 4110 1298 4175 malam,
1326 4109 1468 4165 diem
1493 4104 1688 4177 judicii
1720 4112 1928 4170 vocat;
1959 4102 2074 4161 cal-

500 4222 727 4263 caneum
757 4214 939 4261 autem
973 4204 1116 4260 viam
1151 4213 1207 4262 et
1244 4203 1438 4259 vitam.

2188 3089 2446 3161 Ἀνομίαν
2473 3090 2532 3144 δὲ
2576 3090 2818 3163 πτέρνης
2870 3091 2969 3163 τὴν
3016 3092 3307 3164 παρακοὴν
3361 3091 3537 3149 εἶπεν
3587 3099 3780 3170 Ἀδὰμ,

2174 3183 2252 3255 τῷ
2299 3183 2390 3236 τὸν
2428 3182 2552 3252 δφιν
2584 3183 2831 3250 ἐξουσίαν
2864 3184 3006 3255 ἔχειν
3042 3185 3184 3238 κατὰ
3227 3186 3339 3258 τῆς
3380 3190 3651 3263 πτέρνης
3691 3195 3777 3247 αὖ·

2174 3274 2291 3329 τοῦ.
2316 3277 2386 3329 Ἢ
2446 3277 2571 3329 ἐπεὶ
2620 3276 2696 3349 μὴ
2756 3275 2987 3330 τοιοῦτοι
3036 3272 3178 3350 ἦσαν
3226 3282 3276 3333 οἱ
3325 3282 3667 3349 ἀπόστολοι,
3700 3285 3781 3356 ῆὸ

2178 3367 2354 3423 ταῦτα
2384 3367 2559 3437 λέγων
2587 3370 2894 3441 προφήτης,
2924 3366 3067 3423 ὥστε
3100 3371 3367 3443 λεχθῆναι
3401 3378 3552 3449 περὶ
3590 3378 3779 3431 air-cs?

2189 3479 2209 3513 ι
2249 3461 2547 3534 Ἀμαρτίαν
2578 3462 2680 3516 οὐκ
2708 3461 2985 3533 ἐποίησεν,
3014 3462 3134 3517 οὐδὲ
3167 3465 3372 3538 εὑρέθη
3414 3467 3586 3535 δόλος
3627 3472 3687 3524 ἐν
3715 3466 3780 3540 τῷ

2183 3554 2411 3625 στόματι
2454 3553 2685 3620 αὒτοῦ,›
2728 3555 2875 3623 εἰκὸς
2929 3556 3090 3611 αὐτὸν
3136 3559 3544 3630 ἡμαρτηκέναι
3584 3562 3661 3616 τὰ
3704 3580 3783 3615 τε-

2177 3644 2401 3699 λευταῖα
2460 3645 2554 3700 καὶ
2605 3646 2830 3718 ἔσχατα.
2878 3648 3074 3719 Διόπερ
3116 3651 3145 3703 ό
3190 3648 3509 3722 Σύμμαχος
3556 3655 3785 3724 ἀνομίαν

2180 3738 2369 3810 ίχνέων
2423 3737 2589 3791 αὐτοῦ
2642 3739 2923 3806 ἐξέδωκεν.
2984 3740 3158 3794 Οίονεὶ
3200 3740 3310 3814 γὰρ
3363 3745 3495 3815 ἴχνη
3563 3747 3782 3818 ἀμαυρὶ

2177 3830 2406 3899 ἀνομίας
2432 3825 2500 3901 ἧν
2521 3831 2702 3894 αὐτοῖς
2734 3831 2891 3901 μόνα,
2929 3832 3114 3903 διόπερ
3160 3833 3323 3902 φησίν
3344 3853 3359 3865 ·
3390 3836 3473 3888 οὐ
3504 3838 3777 3908 φοϐοῦμαι

2177 3924 2275 3996 τὴν
2308 3923 2519 3995 ἡμέραν
2551 3923 2653 3994 τῆς
2693 3924 2947 3996 κρίσεως.
2986 3924 3201 3996 Πτέρνα
3228 3926 3287 3981 δὲ
3314 3926 3578 3999 Χριστοῦ
3611 3936 3707 3985 καὶ
3732 3934 3775 3984 οξ

2179 4017 2396 4070 πάντων
2427 4015 2634 4069 πιστῶν
2663 4015 2873 4070 κατώτε
2882 4034 2982 4088 ροι.

2255 4109 2366 4164 Τοῦ
2400 4106 2608 4162 αὐτοῦ.
2665 4108 2910 4181 Ἦμέραν
2947 4107 3189 4181 πονηρὰν
3233 4109 3369 4178 (80),
3413 4112 3524 4184 τὴν
3568 4116 3777 4188 ἡμέραν

2177 4202 2327 4271 λέγει
2368 4202 2466 4273 τῆς
2508 4202 2764 4274 κρίσεως·
2817 4201 2911 4257 καὶ
2956 4203 3196 4274 πτέρναν
3239 4203 3339 4274 τὴν
3380 4203 3510 4260 ὁδὸν
3552 4210 3655 4264 καὶ
3690 4210 3773 4263 τὸν

2183 4295 2315 4367 βίον.

574 4388 731 4444 Vens.
756 4386 811 4441 7.
834 4384 940 4451 Qui
967 4383 1238 4452 conﬁdunt
1271 4385 1325 4437 in
1352 4383 1557 4447 virtute,
1587 4391 1694 4439 etc.
1717 4401 1736 4434 ι
1761 4381 1936 4438 Homo
1966 4398 2072 4438 non

2254 4391 2320 4442 Οἱ
2353 4388 2701 4454 πεποιθότες
2728 4387 2800 4441 ἐν
2828 4381 2906 4456 τῇ
2929 4387 3198 4457 δυνάμει,
3224 4405 3278 4442 κ.
3301 4406 3352 4442 τ.
3382 4391 3435 4445 ἐ.
3469 4409 3489 4442 ι
3523 4394 3767 4465 ’Ἄνθρω-

499 4482 652 4539 dabit
679 4479 787 4535 Deo
813 4477 1175 4548 placationem
1203 4475 1307 4540 sui,
1341 4484 1395 4530 et
1423 4476 1657 4546 pretium
1689 4474 2075 4545 redemptionis

2171 4499 2272 4545 πος
2298 4481 2359 4535 οὐ
2382 4480 2543 4534 δώσει
2572 4479 2685 4551 (81)
2717 4480 2796 4552 τῷ
2818 4480 2936 4552 Θεῷ
2971 4481 3238 4554 ὲξίλασμα
3272 4484 3500 4553 ἑαυτοῦ,
3544 4489 3647 4541 καὶ
3676 4489 3765 4555 τίεν

499 4575 696 4629 anima:
728 4583 870 4635 suae;
905 4585 925 4620 ›
960 4565 1121 4622 Jesus
1157 4566 1301 4623 enim
1342 4568 1693 4638 semetipsum
1722 4567 1944 4623 tradidit
1976 4581 2075 4638 pro

2187 4573 2334 4646 τιμὴν
2392 4576 2493 4645 τῆς
2549 4573 2873 4646 λυτρώσεως
2922 4574 3022 4645 τῆς
3072 4576 3254 4646 ψυχῆς
3301 4578 3512 4632 αὑτοῦ·
3578 4600 3602 4633 ι
3669 4583 3764 4651 Ἰη-

496 4664 774 4720 omnibus.

572 4752 733 4809 Vsus.
767 4757 835 4814 8.
857 4751 1051 4807 Frater
1085 4767 1187 4806 non
1225 4751 1472 4818 redimit,
1500 4752 1720 4806 redimet
1757 4751 1935 4820 homo,
1962 4760 2071 4809 etc.

500 4844 888 4916 lnterrogative
916 4844 1197 4915 legendum
1225 4860 1239 4897 :
1287 4862 1304 4894 ι
1331 4842 1582 4899 Redimet
1617 4844 1779 4899 homo
1798 4844 1849 4899 ἲ)

567 5021 732 5078 Vnus.
765 5023 818 5077 9.
863 5020 932 5075 Et
973 5021 1225 5077 laborauit
1262 5021 1317 5076 in
1352 5021 1645 5087 saeculum,
1679 5029 1787 5077 etc.
1834 5021 1935 5088 Qui
1976 5037 2074 5093 per

497 5130 711 5171 omnem
753 5125 965 5170 aetatem
1004 5129 1158 5169 suam
1209 5127 1264 5169 et
1291 5116 1456 5168 vitam
1494 5123 1819 5184 praesentem
1855 5113 2072 5169 labora-

497 5208 659 5275 verit,
691 5208 745 5262 in
770 5207 875 5263 ﬁne
900 5222 1084 5261 veram
1108 5206 1276 5261 vitam
1302 5207 1467 5273 vivet,
1492 5205 1713 5261 minime
1737 5206 1928 5262 videns
1951 5222 2075 5263 cor-

571 5303 616 5335 "
645 5302 667 5356 1
694 5301 842 5357 Petr.
872 5317 934 5365 tt,
967 5300 1060 5357 22.

570 5400 679 5482 (7_8)
714 5399 774 5482 ςρ
803 5398 1095 5469 εὐθυμῶν,
1127 5408 1232 5454 etc.
1282 5395 1512 5453 Schedte
1540 5394 1724 5452 Crabii
1760 5405 1815 5453 et
1863 5398 2066 5455 Catena

824 5542 957 5609 περὶ
991 5537 1226 5601 ἑαυτοῦ,
1262 5547 1369 5609 etc.
1401 5540 1601 5595 Catena
1640 5538 1907 5594 Cordrrii.

502 5612 687 5739 nugso)
739 5608 988 5682 Ἡμέραν
1050 5608 1343 5681 πονηράν,
1389 5621 1500 5667 etc.
1559 5610 1740 5668 Codex
1789 5609 2073 5668 Coislinia-

2169 4666 2298 4731 σοῦς
2329 4663 2439 4737 γὰρ
2468 4665 2660 4718 ἑαυτὸν
2695 4665 3081 4737 παραδέδωκεν
3120 4668 3262 4738 ὑπὲρ
3291 4669 3543 4724 πάντων.

2251 4755 2531 4825 Ἀδελφὸς
2583 4757 2656 4809 οὐ
2697 4753 3049 4824 λυτροῦται,
3094 4756 3470 4825 λυτρώσεται
3533 4758 3756 4829 ἅνθρω-

2169 4863 2303 4913 πος,
2326 4863 2380 4901 κ.
2408 4864 2461 4899 τ.
2489 4846 2537 4900 ὲ.
2567 4845 3021 4916 Ἐπαπορητικῶς
3042 4846 3152 4917 (82)
3173 4847 3579 4916 ἀναγνωστέον
3615 4867 3635 4903 ι
3656 4854 3756 4907 Au-

2174 4939 2443 5013 τρώσεται
2471 4939 2567 4994 ἄνθ
2575 4957 2757 5011 ρωπος
2776 4956 2791 5007 ;
2833 4959 2852 4992 ι

2249 5032 2360 5087 Καὶ
2390 5033 2722 5086 ἐκοπίασεν
2762 5036 2851 5100 εὶς
2888 5034 2998 5088 τὸν
3028 5033 3230 5097 αἰῶνα,
3284 5052 3341 5088 κ.
3385 5053 3435 5089 τ,
3472 5036 3520 5089 ὲ.
3568 5037 3631 5090 Ὀ
3673 5036 3752 5104 ἐφ’

2177 5124 2296 5178 ὅλον
2323 5124 2432 5196 (85)
2458 5125 2550 5179 τὸν
2596 5123 2791 5179 ἑαυτοῦ
2832 5126 3005 5181 αἰῶνα
3050 5128 3144 5180 καὶ
3184 5127 3285 5198 τὴν
3329 5128 3567 5183 ἐνταῦθα
3614 5130 3750 5198 ζωην

2180 5215 2428 5288 κάμνων,
2470 5219 2550 5280 είς
2578 5216 2731 5281 τέλος
2768 5216 2866 5289 τὴν
2896 5216 3153 5288 ἀληθινὴν
3195 5216 3427 5289 ζήσεται
3452 5216 3619 5290 ζωὴν,
3658 5220 3749 5273 οὐκ

2208 5398 2364 5483 ..(81)
2388 5400 2723 5468 Ἇκθρωπος
2769 5400 2842 5454 οὐ
2884 5398 3096 5464 δώσει,
3127 5409 3236 5455 etc.
3300 5399 3508 5457 Catena
3551 5402 3743 5459 Corde-

2175 5487 2361 5610 ¹Ἰ¹(92)
2401 5539 2905 5609 Ἐπαπορητικῶς,
2940 5548 3046 5595 etc.
3076 5539 3259 5595 Codex
3298 5542 3682 5601 Coisliuianus.

2254 5613 2367 5686 (85)
2408 5613 2462 5667 Ὁ
2483 5613 2575 5682 ἐφ’
2599 5611 2767 5681 ὅλον,
2811 5620 2921 5668 etc.
2952 5610 3155 5667 Catena
3184 5612 3462 5669 Cordeni.
