3970 6160
144 205 311 265 4445

1104 205 1412 262 SELECTA
1455 205 1521 261 IN
1560 206 1900 263 PSALMOS.
1940 238 2005 248 --
2043 207 2235 263 PSAL.
2277 210 2506 266 XLVIII.

3283 205 3425 270 1446

137 332 431 403 ὀψόμενος
477 329 842 401 καταφθοράν.
888 330 1074 383 Ἢνῐκα
1123 334 1187 389 ἂν
1232 332 1645 402 ἀποθνήσκωσιν
1697 332 1746 384 οἰ

1859 331 2177 402 ruptionem.
2212 333 2439 400 Quando
2468 333 2662 389 mortui
2695 331 2895 390 fuerint
2925 335 3221 408 sapientes,
3255 339 3420 396 etiam

143 425 347 494 σοφοὶ,
401 424 494 477 καὶ
545 423 639 479 ἐπὶ
694 422 755 475 τὸ
814 422 948 474 αὐτὸ
995 421 1186 491 ἄφρων
1244 424 1339 476 καὶ
1384 424 1543 487 ἄνους
1603 424 1742 477 ἀπο-

140 516 405 571 λοῦνται.
1614 523 1627 529 ’

239 608 357 662 Τοῦ
404 605 609 660 αὑτοῦ.
664 606 723 660 '0
762 606 969 660 κοπιῶν
1000 605 1111 677 (84)
1153 606 1241 661 διὰ
1276 606 1378 678 τῆς
1408 605 1741 679 πρακτικῆς,

137 689 391 764 ζήσεται
431 694 510 759 εἰς
548 694 703 758 τέλος
746 695 835 749 διὰ
882 696 982 766 τῆς
1024 695 1297 765 γνώσεως.
1343 697 1747 768 Καθαψάμενος

141 802 174 837 ιι
195 784 274 839 ὗν
308 786 719 859 ἀμετανοήτων,
739 787 1003 859 τρέπεται
1030 790 1123 843 καὶ
1152 790 1245 845 ἐπὶ
1273 791 1398 854 τοὺς
1422 789 1746 862 μετανοοῦν-

144 895 287 944 τας,
325 880 421 934 καὶ
467 882 774 952 παρηγορεί
816 881 909 934 τὸν
952 881 1119 934 κόπον
1161 881 1261 953 τῆς
1304 883 1591 953 μετανοίας
1625 883 1746 946 ταῖς

149 971 353 1025 ὲλπίσι
376 969 471 1024 τοῦ
505 972 805 1043 μέλλοντος.
848 972 1159 1036 Ἐκοπίασε,
1182 974 1366 1045 φησὶν,
1391 973 1626 1028 ἐνταῦθα
1656 991 1748 1045 με-

149 1061 399 1128 τανοῶν,
442 1064 536 1116 καὶ
578 1062 639 1116 τὸ
682 1062 868 1117 λοιπὸν
916 1061 1140 1134 ζήσεται
1180 1064 1268 1118 διὰ
1310 1065 1528 1129 παντός.
1574 1064 1745 1118 Τοῦτο

152 1155 283 1225 γὰρ
316 1155 570 1225 σημαίνει
609 1154 670 1208 τὸ
720 1173 737 1207 ι
786 1156 867 1218 εἰς
896 1155 1070 1218 τέλος.
1109 1175 1128 1207 ι
1168 1157 1322 1227 Ζωὴν
1365 1157 1423 1210 δὲ
1463 1156 1611 1225 λέγει
1646 1157 1747 1229 τὴν

158 1244 381 1316 κυρίως
400 1246 498 1313 τὴν
522 1246 740 1300 ἄπονον.
783 1246 846 1299 Ἦ
873 1247 979 1317 γὰρ
1003 1246 1236 1301 ἐνταῦθα
1272 1249 1743 1320 καταχρηστικῶς.

158 1338 342 1402 Τέλος
386 1337 443 1392 δὲ
484 1339 697 1409 νοήσεις
740 1337 832 1392 τὸν
880 1338 1137 1409 μέλλοντα
1178 1338 1370 1403 αἰῶνα,
1421 1342 1571 1405 ὅστις
1628 1342 1747 1394 ἐστὶ

157 1427 327 1492 τέλος
355 1427 450 1483 τοῦ
481 1429 765 1501 παρόντος.
814 1429 983 1482 Τοῦτο
1038 1430 1067 1482 6
1116 1430 1215 1501 μὲν
1255 1430 1552 1503 Σύμμαχος
1604 1433 1746 1487 οὕτω

159 1523 362 1596 φησίν·
397 1543 417 1576 ι
470 1524 945 1594 Ἀναπαυσάμενος
982 1521 1061 1593 τῷ
1093 1522 1250 1577 αἰῶνι
1282 1525 1476 1597 τούτῳ,
1522 1525 1631 1590 ζῶν
1667 1528 1747 1589 εἰς

158 1617 348 1674 αἰῶνα
378 1615 688 1670 διατελέσειν
722 1635 741 1668 ι
775 1617 803 1669 6
839 1615 895 1670 δὲ
936 1616 1183 1681 Ἀκύλας
1210 1636 1229 1668 ι
1265 1616 1376 1671 Καὶ
1404 1617 1748 1670 ἀνεπαύσατο

160 1712 252 1773 sic;
298 1709 390 1762 τὸν
423 1708 613 1774 αἰῶνα,
652 1709 746 1762 καὶ
782 1708 1003 1780 ζήσεται
1046 1711 1125 1772 εἰς
1165 1712 1332 1771 νῖκος.
1371 1727 1389 1759 ι
1433 1709 1493 1763 '0
1525 1708 1633 1780 γὰρ
1670 1712 1749 1763 ὲν-

161 1802 352 1857 ταῦθα
382 1803 637 1856 ἐπίπονον
659 1802 996 1874 κτησάμενος
1037 1801 1150 1872 βίον
1182 1803 1277 1856 καὶ
1316 1802 1571 1871 ἔγκοπον,
1596 1795 1751 1866 οὗτος

162 1894 272 1966 τῆς
317 1893 732 1966 ἐπηγγελμένης
778 1891 925 1964 ζωῆς
962 1893 1103 1948 κατὰ
1134 1893 1225 1947 τὸν
1271 1893 1531 1965 μέλλοντα
1577 1894 1750 1949 αἰῶνα

162 1984 556 2059 ἀξιωθήσεται,
605 1986 706 2040 οὐκ
750 1985 1015 2057 ὀψόμενος
1056 1986 1429 2060 καταφθορὰν,
1480 1987 1643 2059 ἡνίκα
1683 1988 1750 2042 ἂν

162 2079 587 2152 ἀποθνήσκωσιν
617 2081 667 2134 οἱ
705 2081 878 2149 σοφοί.
906 2126 909 2131 .

244 2173 367 2226 ’Ότι
397 2172 509 2226 οὐκ
537 2171 746 2240 ὄψεται
778 2172 1179 2242 καταφθορὰν,
1209 2171 1350 2227 ὅταν
1396 2170 1495 2242 ἴδῃ
1520 2172 1751 2242 σοφοὺς

166 2261 705 2330 ἀποθνήσκοντας,
771 2263 1087 2318 ἑπιτοαυτὸ
1154 2267 1359 2333 ἄφρων
1406 2264 1507 2321 καί
1563 2265 1750 2333 ἄνους

167 2356 565 2420 ἀπολοῦνται,
594 2373 649 2410 κ.
679 2373 729 2411 τ.
759 2356 805 2409 ὲ.
847 2355 1118 2427 ὀψόμεθα
1139 2357 1263 2420 τοὺς
1291 2357 1491 2426 σοφοὺς
1521 2357 1615 2410 τοῦ
1638 2357 1749 2429 (85)

169 2449 380 2519 κόσμου
401 2447 592 2503 τούτου
622 2448 680 2501 έν
708 2446 787 2519 τῷ
814 2446 970 2501 αἰῶνι
999 2446 1078 2519 τῷ
1111 2447 1357 2518 μέλλοντι
1388 2448 1750 2520 στερηθέντας

168 2539 276 2611 τῆς
306 2537 452 2610 ζωῆς
479 2540 579 2610 τῆς
601 2539 877 2610 εἰπούσης·
915 2559 933 2592 ι
978 2538 1117 2609 Ἐγώ
1146 2540 1260 2610 εἰμι
1292 2541 1323 2611 ἡ
1359 2539 1492 2611 ζωή.
1538 2560 1556 2593 ι
1594 2541 1752 2605 Τίνες

172 2633 233 2686 δὲ
260 2626 406 2685 οὗτοι
434 2631 485 2684 οἱ
517 2630 947 2702 ἀποθνήσκοντες
977 2630 1154 2700 σοφοὶ,
1178 2631 1211 2702 ἢ
1240 2633 1367 2702 περὶ
1386 2624 1463 2685 ὦν
1479 2631 1746 2686 λέλεκταιο

180 2742 200 2774 ι
249 2722 457 2777 Ἀπολῶ
487 2722 585 2797 τὴν
620 2722 812 2793 σοφίαν
837 2721 946 2776 τῶν
981 2722 1179 2791 σοφῶν,
1211 2741 1230 2774 ι
1262 2723 1354 2791 ἀφ’
1394 2716 1469 2776 ὦν
1514 2722 1751 2794 ἔκρυψεν

173 2817 204 2868 6
231 2816 364 2881 Θεὸς
391 2814 463 2871 τὰ
492 2816 765 2888 μυστήρια
792 2813 829 2869 ἀ
855 2814 1070 2886 νηπίοις
1111 2813 1463 2885 summa;
1498 2815 1660 2883 Λέγει
1689 2815 1752 2870 δὲ

176 2907 376 2977 σοφοὺς
412 2908 539 2971 τοὺς
575 2908 916 2978 πανούργους
946 2904 1089 2958 κατά
1130 2903 1211 2970 τὸ,
1245 2925 1263 2957 ι
1302 2905 1463 2974 Σοφοί
1512 2907 1618 2959 εἰσι
1655 2904 1749 2959 τοῦ

175 2997 560 3068 κακοποιῆσαι,
599 3017 619 3050 ι
654 2998 751 3052 καὶ
778 2998 905 3060 τοὺς
944 2995 1193 3069 μαθητὰς
1224 2996 1330 3051 τῶν
1363 2998 1638 3069 ἀρχόντων
1655 2997 1750 3052 τοῦ

175 3090 368 3154 αἰῶνος
397 3090 608 3144 τούτουο
638 3084 713 3144 ὧν
743 3087 834 3142 τὸν
863 3088 1091 3142 θάνατον
1125 3090 1226 3142 οὐκ
1253 3088 1441 3159 ὄψεται
1473 3090 1503 3142 6
1546 3089 1752 3161 λυτρω-

178 3184 291 3249 θεὶς
320 3181 422 3236 ὑπὲ
460 3181 552 3236 τοῦ
579 3181 971 3252 εὐὼκήσαντος
1012 3180 1100 3234 διὰ
1134 3172 1236 3251 τῆς
1266 3181 1476 3253 μωρίας
1514 3181 1611 3235 τοῦ
1654 3199 1754 3253 κη-

182 3276 452 3349 ρύγματος
493 3273 666 3328 σῶσαι
708 3274 833 3336 τοὺς
875 3272 1248 3336 πιστεύοντας.
1305 3274 1363 3327 Ὀ
1405 3274 1754 3346 πεπληροφο-

181 3368 411 3442 ρημένος
443 3367 697 3438 περὶτῆς
721 3364 1018 3437 μελλούσης
1057 3365 1313 3437 κρίσεως,
1344 3367 1473 3421 ὅταν
1507 3366 1592 3440 ἴδῃ
1627 3369 1754 3431 τοὺς

183 3457 378 3528 σοφοὺς
401 3456 859 3528 ἀποθνήσκοντας,
887 3456 947 3509 ού
964 3456 1162 3530 νομίσῃ
1186 3456 1248 3509 τὸ
1274 3457 1555 3528 γινόμενον
1585 3475 1746 3511 κατα-

182 3549 387 3622 φθορὰν
417 3549 551 3621 ὁμοῦ
574 3549 752 3620 ψυχῆς
776 3566 836 3603 τε
867 3549 959 3603 καί⁵
989 3548 1259 3620 σώματος,
1291 3550 1367 3613 ὡς
1401 3551 1600 3604 ἐκεῖνοι
1623 3550 1756 3614 ζῶν-

180 3660 272 3707 τες
289 3642 382 3697 τὸν
407 3641 637 3700 θάνατον
662 3641 944 3713 ὡρίζοντο,
974 3640 1113 3696 ἀλλὰ
1140 3642 1422 3713 μετοικίαν
1442 3643 1524 3706 εἰς
1549 3644 1754 3716 κόσμον

180 3736 380 3808 ἕτερον.

252 3828 362 3882 Καὶ
388 3829 445 3881 οἱ
472 3826 646 3897 τάφοι
664 3824 862 3881 αὐτῶν
887 3826 1062 3883 οἰκίαι
1091 3826 1291 3882 αὐτῶν
1312 3830 1399 3896 εἰς
1416 3827 1524 3883 τὸν
1547 3828 1752 3892 αἰῶνα,

182 3939 236 3974 κ.
271 3937 322 3974 τ.
357 3922 405 3973 ὲ.
442 3939 460 3973 ι
508 3921 573 3973 Ui
602 3923 716 3984 τοῖς
764 3920 957 3989 τάφοις
994 3919 1102 3991 (86)
1144 3921 1552 3991 κεκονιαμένοις
1579 3921 1756 3991 ὅμοιοι

182 4011 440 4082 γέμοντες
469 4012 671 4066 ὀστέων
697 4011 931 4084 νεκρῶν,
976 4013 1069 4066 καὶ
1107 4013 1291 4085 πάσης
1326 4012 1688 4085 ἀκαθαρσίας,
1730 4030 1749 4064 s

186 4104 412 4167 τούτους
450 4104 690 4157 αἰτιᾶται
728 4107 757 4158 6
798 4105 1011 4176 Σωτήρ⁶
1045 4103 1141 4158 καὶ
1174 4105 1302 4168 τοὺς
1341 4104 1758 4175 οἰκοδομοῦντας

183 4198 404 4265 τάφους,
422 4196 472 4247 εἰ
502 4194 598 4248 καὶ
631 4195 944 4265 προφητῶψ
977 4194 1074 4248 καὶ
1100 4194 1227 4258 τοὺς
1255 4194 1594 4266 κοσμοῦντας
1626 4211 1756 4266 μνη-

187 4291 331 4361 μεῖα,
363 4289 411 4340 εἰ
439 4287 534 4340 καὶ
559 4286 803 4340 δικαίων·
834 4287 934 4340 οὐκ
967 4288 1253 4360 ἐπιτρέπει
1284 4286 1501 4359 μαθητῇ
1530 4287 1757 4342 θάπτειν

1851 423 2014 477 simul
2046 424 2307 494 insipiens
2340 435 2395 481 et
2426 424 2623 481 stultus
2650 426 2924 495 peribunt.

1925 600 2203 670 Ejusdem.
2254 602 2354 669 Qui
2401 601 2610 674 agendo
2664 603 2913 672 laborat,
2964 605 3016 661 in
3072 605 3235 664 linem
3279 609 3425 666 vivet

1852 692 2292 761 contetnplando.
2329 692 2616 764 Postquam
2653 695 2971 763 perstrinxit
3002 710 3095 752 eos
3128 699 3217 766 qui
3247 700 3426 768 ι)ωηί-

1855 784 2080 838 tentiam
2111 799 2215 839 non
2269 794 2480 853 agunt,
2512 787 2742 841 vertitur
2789 788 2954 842 etiam
3000 790 3065 843 ad
3101 791 3426 860 praenitentes

1852 885 1908 932 et
1948 876 2281 946 pmnitentiae
2314 876 2556 932 laborem
2587 878 2790 933 solatur
2821 894 2916 950 spe
2959 878 3148 935 futuri.
3178 881 3423 938 Labora—

1851 969 1949 1031 vit,
1983 968 2184 1038 inquit,
2214 967 2305 1024 hic
2334 969 2709 1038 paenitentiam
2742 971 2984 1040 agendo,
3011 972 3079 1027 de
3109 985 3308 1030 caetero
3336 975 3426 1032 vi-

1853 1067 1940 1113 vet
1975 1059 2122 1113 omni
2160 1066 2424 1128 tempore.
2469 1059 2582 1116 lloc
2628 1061 2774 1114 enim
2816 1062 3087 1132 signiﬁcat
3122 1065 3281 1129 illud,
3321 1082 3343 1117 ι
3368 1066 3425 1121 in

1856 1148 2036 1205 ﬁnem.
2062 1169 2081 1203 ι
2112 1150 2287 1205 Vitam
2320 1161 2501 1205 autem
2526 1159 2703 1215 vocat,
2730 1168 2847 1220 qua:
2870 1154 3089 1223 proprie
3116 1165 3200 1209 est
3220 1155 3423 1212 laboris

1854 1257 2070 1312 expers.
2104 1242 2234 1310 Quae
2261 1242 2406 1297 enim
2433 1244 2521 1299 hic
2555 1245 2775 1312 vivitur,
2809 1246 3030 1301 abusive
3059 1246 3166 1301 vita
3201 1248 3422 1303 dicitur.

1854 1333 2042 1390 Finem
2084 1336 2320 1404 accipies
2365 1350 2463 1405 pro
2502 1335 2689 1392 futuro
2718 1339 2913 1394 saeculo
2937 1379 2952 1402 ,
2988 1341 3131 1410 quod
3173 1349 3255 1396 est
3301 1339 3428 1397 linis

1855 1428 2157 1499 praasentis.
2186 1426 2301 1484 Hoc
2326 1427 2686 1500 Symmachus
2711 1431 2792 1486 sic
2823 1433 3014 1488 vertit:
3053 1449 3072 1484 ι
3106 1432 3239 1488 Cum
3271 1434 3428 1503 quie-

1855 1522 1997 1576 verit
2032 1521 2230 1578 smculo
2260 1522 2406 1586 huic,
2440 1524 2625 1579 vivens
2650 1537 2866 1593 semper
2905 1525 3143 1580 durabit.
3176 1544 3195 1577 ι
3230 1527 3426 1596 Aquila

1856 1625 2025 1667 vero:
2067 1629 2085 1663 ι
2121 1612 2186 1667 Ει
2216 1613 2485 1683 requievit
2519 1613 2571 1669 in
2603 1615 2854 1669 saeculum
2878 1654 2893 1680 ,
2923 1622 2979 1670 et
3010 1615 3151 1670 vivet
3177 1616 3228 1671 in
3255 1617 3426 1672 victo-

1777 1702 1821 1758 B
1852 1700 2009 1756 riam.
2042 1720 2061 1753 ι
2094 1701 2194 1768 Qui
2217 1703 2360 1757 enim
2390 1702 2482 1757 hic
2511 1702 2790 1758 molestam
2820 1713 2876 1759 et
2901 1705 3175 1761 laboribus
3204 1707 3423 1779 plenam

1850 1794 2032 1863 exegit
2080 1794 2248 1849 vitam
2277 1833 2294 1859 ,
2350 1796 2394 1848 is
2430 1795 2481 1849 in
2540 1796 2721 1848 futuro
2771 1796 2966 1851 saeculo
2996 1799 3261 1867 promissa
3314 1801 3426 1856 vita

1851 1884 2094 1950 fruetur,
2143 1902 2249 1941 non
2280 1888 2498 1943 visurus
2530 1887 2833 1957 interitum,
2884 1891 3104 1961 quando
3150 1894 3428 1962 sapientes

1851 1977 2171 2033 morientur.

1926 2152 2091 2209 Vens.
2138 2155 2225 2211 11.
2268 2155 2532 2222 Quoniam
2578 2176 2682 2214 non
2722 2161 2918 2216 videbit
2956 2162 3258 2229 interitum,
3305 2181 3426 2219 cum

1849 2245 2036 2299 viderit
2064 2247 2328 2315 sapientes
2350 2250 2655 2316 morientes,
2684 2252 2845 2305 simul
2870 2253 3124 2323 insipiens
3153 2264 3200 2308 et
3231 2256 3429 2310 stultus

1850 2340 2117 2407 peribunt,
2150 2349 2259 2395 etc.
2304 2340 2619 2397 Videbimus
2664 2342 2940 2412 sapientes
2967 2346 3151 2401 mundi
3182 2346 3339 2415 hujus
3371 2349 3423 2402 in

1851 2430 2034 2487 futuro
2079 2434 2277 2489 saeculo
2321 2450 2384 2490 ea
2445 2436 2553 2490 vita
2587 2437 2829 2505 privatos
2882 2453 3004 2508 qua:
3051 2439 3218 2494 dicit:
3261 2457 3281 2492 ι
3311 2440 3425 2510 Ego

1850 2540 1970 2580 sum
2002 2526 2112 2581 vita
2144 2526 2207 2583 “.
2248 2545 2269 2580 ι
2323 2526 2431 2583 Sed
2475 2531 2698 2598 quinam
2740 2540 2867 2586 sunt
2908 2532 3181 2602 sapientes
3208 2533 3296 2587 isti
3333 2534 3427 2602 qni

1853 2617 2177 2684 moriuntur,
2207 2619 2314 2674 nisi
2346 2620 2421 2674 illi
2450 2620 2519 2676 de
2544 2622 2741 2690 quibus
2767 2624 2967 2678 dictum
2993 2632 3110 2678 est:
3151 2643 3169 2677 ι
3197 2624 3425 2679 Perdant

1850 2708 2171 2778 sapientiam
2215 2711 2543 2779 sapientium
2588 2711 2653 2777 “,
2687 2731 2707 2765 ι
2747 2715 2944 2783 quibus
2976 2716 3271 2771 occultavit
3313 2731 3429 2790 my-

1851 2801 2018 2856 steria
2045 2816 2139 2856 sua
2173 2801 2348 2867 Deus,
2383 2818 2506 2873 qua:
2539 2805 2784 2874 parvulis
2816 2808 3112 2862 revelavit?
3140 2808 3428 2879 Sapientes

1852 2902 2033 2948 autem
2062 2903 2219 2949 vocat
2250 2895 2534 2966 malignos,
2563 2896 2716 2966 juxta
2745 2898 2904 2954 illud:
2937 2917 2958 2952 ι
2988 2899 3276 2972 Sapientes
3299 2912 3428 2959 sunt

1854 2994 1911 3038 ut
1956 2983 2305 3042 malefaciant
2345 2987 2407 3055 ",
2435 3007 2455 3040 ι
2495 2996 2551 3042 et
2597 2990 2889 3060 discipulos
2922 2993 3229 3063 principum
3266 2994 3428 3065 hujus

1777 3062 1821 3119 (ἶ
1850 3076 2075 3146 saeculi,
2110 3092 2340 3147 quorum
2374 3090 2603 3135 mortem
2640 3096 2746 3137 non
2784 3083 2994 3138 videbit
3017 3062 3428 3156 redemptusvab

1851 3184 1915 3224 eo
1944 3171 2034 3225 cui
2057 3170 2442 3240 complacitum
2476 3183 2559 3226 est
2588 3188 2683 3243 per
2717 3173 2999 3229 stultitiam
3025 3176 3428 3243 praedicationis

1851 3278 2071 3318 servare
2111 3264 2416 3319 credentes.
2469 3264 2571 3330 Qui
2617 3266 2683 3320 de
2728 3264 2910 3320 l‘uturo
2958 3267 3162 3336 judicio
3212 3267 3427 3337 plenam

1853 3352 2011 3408 habet
2036 3354 2226 3418 Iidem,
2260 3367 2384 3407 cum
2418 3354 2617 3409 viderit
2645 3358 2919 3441 sapientes
2950 3357 3245 3412 morientes
3273 3398 3288 3424 ,
3322 3376 3427 3414 non

1854 3445 1981 3499 illud
2012 3445 2289 3501 existimet
2328 3445 2607 3500 interitum
2647 3462 2770 3502 esse
2800 3449 2996 3503 anima:
3026 3450 3187 3504 simul
3222 3460 3276 3505 et
3306 3467 3432 3508 cor-

1852 3536 2001 3606 poris
2031 3577 2046 3602 ,
2079 3538 2531 3606 quemadmodum
2582 3538 2745 3609 720
2790 3541 3032 3596 viventes
3083 3542 3157 3596 illi
3196 3555 3427 3601 mortem

1852 3630 2194 3698 deﬁnierunt,
2227 3633 2322 3687 sed
2349 3633 2726 3703 migrationem
2758 3633 2812 3689 in
2840 3632 3006 3690 alium
3038 3638 3319 3692 mundum.

1925 3828 2088 3883 Vens.
2137 3827 2224 3883 l2.
2265 3828 2336 3883 Et
2375 3831 2616 3897 sepulcra
2670 3847 2852 3885 eorum
2898 3834 3085 3902 domus
3124 3835 3337 3891 illorum
3375 3841 3432 3896 in

1855 3931 2132 3985 wternum,
2164 3932 2271 3976 etc.
2314 3939 2334 3973 ι
2357 3921 2459 3987 Qui
2495 3923 2703 3977 similes
2736 3932 2870 3979 sunt
2910 3925 3175 3995 sepulcris
3205 3930 3428 3985 dealba-

1860 4013 1949 4077 tis,
1983 4029 2102 4083 qua:
2142 4014 2298 4083 plena
2349 4024 2476 4069 sunt
2515 4014 2733 4071 ossibus
2777 4027 3115 4073 mortuorum
3147 4060 3163 4085 ,
3194 4032 3249 4076 et
3280 4025 3429 4079 omni

1857 4108 2114 4176 Spurcitia
2146 4109 2210 4175 ιθ,
2244 4127 2262 4160 ι
2302 4109 2399 4164 hos
2431 4108 2687 4163 Salvator
2721 4112 3110 4179 reprehendit;
3148 4115 3223 4168 uti
3253 4128 3308 4170 et
3336 4133 3432 4174 eos

1858 4200 1949 4268 qui
1993 4200 2264 4255 :edilicant
2317 4200 2562 4270 sepulcra
2591 4241 2607 4266 ,
2658 4203 2871 4257 etiamsi
2920 4205 3434 4273 prophetarum;et

1857 4300 2055 4346 ornant
2079 4304 2449 4357 monumenta,
2467 4292 2681 4347 etiamsi
2701 4293 2971 4360 justormn
2998 4311 3013 4360 ;
3047 4310 3144 4350 nec
3167 4299 3433 4366 permittit

185 4378 393 4449 νεκρὸν,
439 4379 490 4430 εἰ
525 4378 618 4431 καὶ
663 4378 890 4449 πατρός.
943 4381 1055 4434 Καὶ
1102 4383 1160 4434 ὲν
1201 4378 1281 4451 τῷ
1333 4379 1547 4452 Ἦσαῒᾳ’
1604 4399 1624 4432 ι
1670 4381 1750 4447 Τί,

1861 4383 2395 4463 discipulopepelit'e
2450 4394 2744 4449 mortuum,
2782 4386 2996 4440 tametsi
3031 4400 3334 4454 parentem.
3364 4391 3433 4448 Et

188 4471 369 4543 φησὶν,
408 4469 761 4541 ᾡκοδόμησας
790 4472 1000 4543 σεαυτῷ
1042 4472 1255 4543 μνῆμα,
1289 4472 1383 4526 καὶ
1409 4472 1753 4545 ὲλατόμησας

187 4561 392 4635 σεαυτῷ
425 4565 720 4634 μνημεῖον;
768 4580 787 4613 ι
821 4563 931 4615 Καὶ
966 4565 1015 4616 οί
1056 4565 1114 4617 ὲν
1160 4566 1273 4627 τοῖς
1314 4565 1617 4635 μνημείοις,
1656 4565 1752 4620 ἐὰν

186 4660 454 4718 ἀκούσωσι
486 4658 587 4729 τῆς
624 4656 806 4728 φωνῆς
826 4657 919 4710 τοῦ
945 4656 1076 4711 Υίοῦ
1100 4657 1194 4711 τοῦ
1219 4658 1528 4731 ἀνθρώπου,
1561 4659 1755 4729 ζήσου-

188 4771 287 4810 σιν.
325 4753 450 4808 Ἐπὶ
496 4751 606 4806 τῶν
639 4750 810 4820 γαιῶν
854 4749 911 4803 δέ
950 4751 1068 4805 ἐστι.
1104 4751 1172 4805 τὰ
1215 4752 1455 4824 ὀνόματα
1486 4752 1614 4807 ἄνου
1659 4752 1755 4807 καὶ

185 4851 429 4921 ἄφρονος.

257 4939 366 4996 Τοῦ
398 4937 603 4993 αὐτοῦ.
643 4934 825 5005 Tagen;
852 4935 945 4989 νοῦ
976 4935 1087 5005 (87)
1117 4935 1425 5008 ἀκάθαρτος
1451 4936 1621 5009 ψυχή·
1651 4936 1751 4991 τά..

186 5050 280 5105 φος
315 5032 376 5086 δὲ
411 5028 590 5102 ψυχῆς
636 5027 816 5099 σῶμα.
871 5045 889 5078 ι
952 5026 1381 5081 Ἐπεκαλέσαντο
1419 5026 1488 5081 τὰ
1516 5027 1753 5098 ὀνόματα

186 5123 358 5180 αὐτῶν
388 5120 614 5176 ἐπὶτῶν
635 5118 830 5188 γαιιῖιν.
877 5139 896 5171 ι
931 5119 1044 5173 Οὐκ
1084 5118 1193 5172 ἀπὸ
1219 5118 1427 5190 ἀρετῶν
1466 5118 1755 5189 ὀνομάζον-

186 5232 293 5282 ται,
336 5214 452 5269 ἀλλ’
487 5214 598 5269 ἀπὸ
637 5213 840 5285 γηΐνων
873 5210 1236 5282 πραγμάτων.
1278 5210 1355 5263 Οὐ
1400 5210 1510 5282 γὰρ
1556 5210 1754 5264 δίκαιοι

1863 4473 1917 4527 in
1947 4472 2130 4526 Isaia:
2180 4472 2371 4541 «Quid,
2408 4473 2604 4543 inquit,
2639 4474 2920 4529 aedilicasti
2961 4474 3052 4529 tibi
3084 4480 3432 4550 sepulcrum,

1861 4572 1916 4618 et
1942 4564 2193 4619 excidisti
2239 4565 2335 4618 tibi
2366 4576 2775 4621 monumentum
2814 4568 2896 4622 ‘7?
2928 4585 2946 4618 ι
2990 4566 3063 4625 Et
3093 4570 3182 4640 qui
3217 4572 3270 4626 in
3316 4588 3434 4628 mo-

1861 4658 2137 4712 numentis
2166 4666 2312 4723 sunt,
2338 4672 2458 4712 cum
2486 4659 2793 4716 audiverint
2815 4678 2993 4719 vocem
3019 4664 3139 4720 Filii
3173 4665 3432 4735 hominis,

1863 4748 2045 4800 vivent
2076 4746 2138 4799 ³⁸.
2178 4746 2235 4802 In
2267 4747 2431 4803 terris
2458 4757 2639 4804 autem
2670 4762 2797 4806 sunt
2825 4753 3044 4808 nomina
3073 4754 3223 4811 stulti
3258 4765 3314 4810 et
3345 4756 3403 4811 in

1862 4840 2128 4911 sipientis.

1928 4931 2201 5001 Ejusdem.
2247 4932 2564 5001 Sepulcrum
2612 4936 2810 4991 mentis
2838 4948 2923 4991 est
2967 4938 3146 4993 anima
3178 4939 3392 5010 impura
3429 4938 3450 4994 3

1858 5025 2053 5079 anima:
2089 5038 2218 5078 vero
2260 5024 2567 5093 sepulcrum
2619 5042 2815 5097 corpus
2864 5038 2967 5083 est.
3033 5048 3052 5080 ι
3087 5030 3436 5089 Vocaverunt

1860 5118 2078 5172 nomina
2113 5133 2211 5173 sua
2243 5120 2296 5173 in
2333 5120 2512 5174 terris.
2544 5139 2564 5173 ι
2599 5119 2715 5175 Νοιι
2758 5136 2787 5174 a
2817 5121 3109 5178 virtutibus
3140 5123 3431 5179 nominan-

1859 5221 1969 5276 tur,
2001 5212 2095 5267 sed
2121 5228 2151 5265 a
2180 5211 2346 5268 rebus
2376 5213 2633 5268 terrenis.
2667 5212 2782 5267 Non
2814 5215 2960 5268 enim
2983 5213 3116 5285 justi
3143 5223 3200 5269 et
3229 5225 3436 5286 tempe-

258 5405 297 5437 “
321 5403 481 5463 Joan.
513 5419 626 5472 xlv,
653 5402 707 5458 6.
769 5401 815 5435 “
840 5400 1004 5459 lCor.
1039 5417 1077 5470 ι,
1100 5402 1190 5460 I9.
1260 5402 1304 5434 "
1330 5400 1534 5459 Jerem.
1559 5416 1635 5465 ιν,
1657 5400 1749 5458 22.

1859 5400 1869 5432 '
1892 5398 2082 5455 Matth.
2108 5414 2266 5465 χχιιι,
2291 5398 2382 5453 27.
2462 5398 2503 5429 ⁵⁷
2533 5397 2654 5454 Isai.
2679 5412 2816 5464 χιιι,
2836 5397 2925 5454 16.
3002 5396 3048 5430 ¹⁸
3067 5394 3227 5453 Joan.
3246 5411 3305 5465 ν,
3332 5396 3429 5457 28.

257 5588 363 5663 (8ᾓ
399 5591 454 5663 f0
475 5589 717 5663 κοπιῶν,
756 5600 861 5663 etc.
900 5589 1126 5645 Schedze
1148 5589 1362 5663 Grabii.

259 5657 364 5732 (85)
403 5662 686 5733 Ὀψόμεᾷα
726 5660 1152 5733 τοὺς-σοφούς,
1182 5674 1290 5721 etc.
1340 5659 1556 5718 Ezcdem
1597 5657 1755 5718 sche-

196 5730 269 5787 tla:
291 5730 353 5787 et'
375 5734 577 5803 partim
610 5730 817 5789 Catena
850 5731 1013 5788 Barb.
1138 5730 1146 5733 ’
1298 5775 1310 5781 -

1929 5583 2044 5669 (ἓξ)
2071 5585 2149 5669 (Ξῖ,
2166 5582 2289 5650 τοῖς
2310 5581 2541 5669 τάεοιςο
2572 5590 2694 5669 θερο.
2709 5577 2924 5669 θὲίθθῗ.
2940 5577 3220 5669 99599??-

1856 5726 1900 5782 Β
1928 5650 2041 5783 (8b?)
2072 5654 2267 5737 φάρος
2299 5650 2432 5723 νοῦ,
2460 5664 2568 5738 etc.
2608 5651 2834 5709 Scheda:
2884 5650 3074 5709 Grabii
3122 5662 3175 5709 et
3225 5651 3435 5711 Catena

1905 5744 1964 5783 ar
2006 5742 2108 5783 art.
