3970 6160
516 177 652 232 ΝΠ

1915 174 2008 230 EX
2049 174 2352 232 OBIGENE

3683 162 3796 222 Ha

511 292 614 346 rati
645 292 922 356 dicuntur,
947 289 1040 344 sed
1072 289 1344 358 rhetores,
1370 289 1734 361 grammatici,
1756 290 2086 362 philosophi,

2198 293 2291 347 καὶ
2325 291 2598 364 σώφρονες
2636 292 2914 362 λέγονται,
2959 292 3093 347 ἀλλὰ
3145 293 3408 365 ῥήτορες,
3470 291 3578 344 καὶ
3631 307 3794 359 τραβ-

511 388 714 443 lribuni
736 396 792 441 et
816 386 1062 440 comites.
1571 447 1576 452 '

584 479 748 535 Vens.
779 479 865 533 15.
900 474 969 531 Et
1007 477 1164 531 homo
1191 494 1311 532 cum
1343 477 1397 532 in
1438 479 1632 534 honore
1676 489 1828 545 esset,
1872 496 1975 534 non
2003 481 2087 534 in-

511 571 710 624 tellexit
738 606 755 634 ,
804 578 911 625 etc.
948 567 1066 623 Non
1104 569 1411 640 intelligens
1448 572 1611 626 homo
1635 587 1756 625 cum
1790 573 1842 626 in
1882 574 2089 628 honore

512 672 682 727 esset,
713 661 1069 732 semetipsum
1098 660 1366 730 iumentis
1394 664 1753 732 comparavit,
1785 673 1839 718 et
1871 666 2090 719 assimi-

511 755 655 809 latus
677 763 764 808 e5t
793 753 896 820 eis,
921 755 1252 823 quandoque
1285 754 1449 808 etiam
1479 755 1583 808 illis
1612 757 1703 824 qui
1735 757 1802 810 ab
1828 757 1910 811 eis
1937 756 2082 810 dilic-

512 855 658 901 runt.
688 846 920 902 Cuilibet
950 863 1019 902 ex
1051 847 1183 918 ipsis
1217 847 1569 914 semetipsum
1599 864 1697 918 per
1727 865 1788 903 ea
1825 865 1946 918 qua:
1976 851 2089 920 agit

510 938 792 993 assimilat.
842 938 1050 993 Bonum
1085 955 1218 995 vero
1249 948 1335 994 est
1387 941 1680 995 assimitari
1730 942 1860 996 Deo.
1913 959 1931 992 ι
1963 942 2089 995 Haec

507 1030 595 1084 via
628 1045 818 1084 eorum
849 1031 1166 1084 scandalum
1199 1032 1364 1096 ipsis;
1406 1051 1424 1083 ι
1460 1032 1766 1098 insipientis
1796 1033 2008 1088 scilicet
2035 1041 2091 1086 et

509 1119 660 1176 stulti
691 1119 795 1173 via.
827 1115 968 1182 Quin
1007 1123 1061 1167 et
1088 1111 1339 1167 Christus
1379 1110 1693 1165 scandalum
1723 1120 1826 1173 est,
1864 1126 1987 1163 cum
2018 1113 2090 1163 sit

511 1221 658 1285 petra
672 1208 910 1264 scandali
929 1208 988 1261 ι’.
1024 1225 1042 1256 ι
1063 1207 1122 1258 In
1154 1220 1248 1258 ore
1274 1219 1374 1258 suo
1398 1202 1828 1272 complaccbunt.
1857 1221 1873 1250 ι
1895 1202 2091 1255 Existi-

513 1322 603 1363 mo
628 1305 714 1358 hic
742 1305 944 1358 bonum
975 1299 1125 1355 stulti
1155 1307 1209 1352 ct
1251 1296 1558 1367 insipientis
1598 1295 1760 1350 ﬁnem
1804 1294 2086 1349 declarari.

587 1404 747 1458 Vens.
782 1403 868 1457 l4.
905 1401 970 1456 Et
1004 1414 1183 1472 postea
1214 1411 1269 1456 ιη
1300 1419 1388 1457 ore
1416 1419 1512 1457 suo
1541 1403 1954 1475 complacedunt,
1981 1413 2090 1461 etc.

513 1493 658 1551 Bona
684 1511 806 1566 spes
837 1505 944 1562 est,
972 1511 1096 1552 cum
1130 1495 1580 1566 complacuerint.

2191 385 2440 456 ματικοὶ,
2479 386 2571 437 καὶ
2601 384 2901 454 φιλόσοφοι,
2929 386 3021 438 καὶ
3050 384 3358 456 τρίϐουνοι,
3390 381 3496 434 καὶ
3533 379 3792 448 1533211;-

2255 475 2366 530 Kal
2405 475 2715 544 ἄνθρωπος
2739 477 2810 530 ἐν
2846 475 2989 546 τιμῇ
3032 475 3120 528 ὢν
3151 476 3226 530 οὐ
3269 470 3545 540 συνῆκε,
3579 487 3649 522 κ.
3683 485 3736 520 τ.
3759 472 3795 520 ἐ.

2199 567 2256 622 '0
2287 568 2362 639 μὴ
2391 568 2594 632 συνιεὶς
2627 567 2736 639 (88)
2766 568 3053 640 ἄνθρωπος
3087 571 3147 621 ἐν
3177 569 3324 638 τιμῇ
3363 565 3450 619 ὢν
3470 564 3686 620 ἑαυτὸν
3717 579 3802 614 πε.-

2189 658 2559 731 ρασυνεϐλήθη
2585 661 2700 723 τοῖς
2724 661 2964 732 κτήνεσι,
3007 660 3100 712 καὶ
3121 656 3401 728 ὡμοιώθη
3444 656 3675 718 αὐτοῖς,

2187 751 2277 802 ὅτε
2326 752 2422 804 καὶ
2463 754 2577 814 τοῖς
2621 750 2822 805 τούτων
2869 751 3238 823 διαφέρουσιν.
3305 749 3582 819 Tum?
3633 748 3705 802 δι’
3744 740 3805 802 Qa

2187 841 2414 914 πράττει
2472 843 2750 914 ὁμοιοῦται
2805 841 2885 913 τῷ
2942 860 3051 898 τινι
3121 841 3350 896 ἑαυτόν.
3399 842 3608 895 Καλὸν
3660 840 3721 892 δ”ε
3758 844 3810 892 τὲ

2185 934 2500 1005 ὁμοιοῦσθαι
2556 935 2696 1006 Θεῷ.
2744 955 2763 987 ι
2811 936 2959 1008 Αὕτη
3003 939 3035 1008 ή
3083 936 3205 1000 ὁδὸς
3251 936 3456 989 αὐτῶν

2186 1026 2398 1090 αὐτοῖς·
2443 1046 2463 1078 ι
2504 1026 2738 1099 ἄφρονος
2781 1027 2983 1099 δηλαδὴ
3028 1026 3303 1082 καὶἺᾶνου
3352 1031 3388 1097 ή
3433 1027 3590 1088 ὁδός.
3665 1027 3814 1073 Ἂτιλ

2194 1114 2286 1164 καὶ
2313 1115 2544 1184 Χριστὸς
2575 1112 2865 1166 σκάνδαλον
2900 1115 3036 1175 ἐστι,
3067 1112 3256 1179 πέτρα
3288 1113 3374 1164 ὢν
3415 1112 3816 1168 σκανδάλίεε.

2201 1223 2218 1254 ι
2253 1205 2344 1259 Ἑν
2372 1206 2449 1277 τῷ
2482 1207 2708 1276 στόματι
2736 1205 2914 1258 αὐτῶν
2950 1206 3366 1276 εὐδοκήσουσιν.
3409 1224 3430 1256 ι
3467 1206 3554 1258 τὸ
3580 1207 3818 1277 χρηπῇ

2195 1294 2346 1368 οἶμαι
2373 1298 2663 1369 δηλοῦσθαι
2695 1299 2844 1362 τέλος
2871 1299 3100 1369 ἄφρονος
3125 1299 3220 1350 καὶ
3245 1298 3415 1352 ἄνου.

2262 1395 2371 1448 Καὶ
2398 1395 2548 1465 μετὰ
2573 1395 2764 1454 ταῦτα
2789 1397 2859 1449 ἐν
2891 1395 2972 1461 τῷ
3005 1399 3260 1465 στόματι
3292 1392 3528 1448 αὐτῶν
3557 1389 3815 1454 εὐδοκή-

2191 1501 2437 1551 σουσιν,
2487 1506 2542 1542 κ.
2579 1506 2633 1543 τ.
2666 1490 2715 1543 ὲ.
2757 1489 2943 1553 Ἐλπὶς
2971 1489 3151 1561 ἀγαθὴ
3178 1487 3296 1561 (89)
3333 1487 3408 1542 τὸ
3445 1488 3606 1559 μετὰ
3643 1485 3814 1539 ταῦτα

2195 1577 2393 1642 αὐτοὺς
2419 1578 2732 1651 εὑδοκῆσαι.

584 1673 733 1728 Sicut
777 1689 893 1728 oves
929 1674 980 1727 in
1012 1673 1222 1742 inferno
1251 1675 1407 1742 positi
1457 1685 1610 1729 sunt:
1663 1691 1804 1730 mors
1849 1675 2088 1744 deposcet

2271 1673 2364 1740 Ὠς
2388 1674 2654 1741 πρόϐατα
2677 1675 2747 1726 ἐν
2770 1667 2884 1742 ᾅδῃ
2919 1672 3145 1727 ἕθεν-τοο
3200 1671 3491 1739 θανατὸς
3533 1669 3821 1741 ποιμα-εἱ

514 1783 626 1829 eos,
656 1777 767 1819 etc.
802 1765 945 1821 Mors
970 1764 1232 1836 depascet
1262 1765 1607 1835 insipientem
1645 1777 1699 1822 et
1732 1767 1975 1835 stultum,
2005 1769 2090 1822 vel

511 1857 694 1927 potius
734 1857 1007 1911 hominem
1039 1859 1131 1929 qui
1181 1857 1446 1911 honorem
1478 1870 1638 1915 suam
1678 1860 1898 1914 minime
1929 1861 2090 1914 intel-

510 1946 646 2018 ligit.
681 1946 969 2004 Manifeste
1011 1959 1195 2003 autem
1229 1950 1320 2016 qui
1363 1949 1542 2013 dixit,
1600 1952 1756 2006 «Non
1812 1951 2090 2019 relinques

507 2041 746 2094 animam
785 2055 962 2094 meam
997 2040 1052 2094 in
1086 2039 1300 2096 interno
1328 2042 1394 2105 ‘°,
1422 2059 1441 2092 ι
1482 2041 1595 2095 haec
1620 2042 1782 2095 etiam
1814 2044 1909 2105 ait,
1952 2042 2090 2099 «Ve-

507 2142 818 2190 rumtamen
849 2133 993 2191 Deus
1023 2134 1253 2190 redimet
1282 2134 1517 2188 animam
1553 2148 1726 2190 meam
1751 2134 1840 2195 ",i
1872 2143 1981 2190 etc.

578 2311 857 2384 Ejusdem.
895 2313 1137 2385 Angelos
1166 2316 1279 2369 vita
1331 2315 1506 2385 pascit
1534 2355 1550 2381 ,
1585 2315 1832 2370 homines
1863 2327 2012 2369 mors
2036 2323 2092 2369 et

506 2405 658 2472 vita,
708 2407 982 2464 daemones
1014 2418 1222 2462 tantum
1268 2423 1436 2462 mors.
1497 2427 1516 2460 ι
1549 2408 1614 2462 Et
1665 2407 2094 2464 dominabuntur

506 2513 698 2554 eorum
731 2501 866 2555 reeti
897 2501 950 2556 in
984 2502 1272 2555 matutino.
1307 2519 1326 2552 ι
1362 2501 1536 2556 Erunt
1560 2501 1707 2556 enim
1739 2516 1900 2573 supra
1929 2500 2092 2572 quin-

506 2605 614 2660 que
637 2588 890 2646 civitates
913 2598 968 2645 et
997 2603 1162 2659 supra
1186 2589 1372 2644 decem
1407 2588 1544 2644 recti
1575 2588 1632 2644 in
1653 2588 1842 2643 futuro
1866 2586 2087 2642 sreculo.

508 2681 764 2737 Salomon
791 2683 958 2738 etiam
989 2684 1042 2737 in
1065 2681 1375 2739 Proverbiis
1401 2684 1505 2740 hoc
1531 2683 1704 2752 ipsum
1735 2681 1904 2736 dicit:
1942 2699 1960 2732 ι
1991 2678 2092 2734 Fe-

505 2773 674 2828 SIinat
705 2773 850 2829 enim
890 2774 1161 2830 ditescere
1192 2775 1275 2827 vir
1309 2774 1525 2831 invidus
1547 2815 1563 2843 ,
1601 2781 1658 2831 et
1690 2772 1906 2843 ignorat
1945 2769 2090 2840 quod

507 2863 822 2921 misericors
849 2864 1218 2921 dominabitur
1245 2866 1294 2921 ei
1322 2867 1391 2921 “.
1426 2883 1447 2917 ι

2189 1765 2433 1832 αὐτοὺς,
2469 1783 2523 1820 κ.
2547 1783 2600 1821 τ.
2631 1767 2679 1819 ὲ.
2712 1765 2949 1828 Θάνατος
2999 1767 3260 1836 ποιμανεῖ
3293 1765 3420 1834 (90)
3456 1764 3562 1818 τὸν
3605 1765 3820 1834 ἄφρονι

2190 1858 2285 1910 καὶ
2306 1858 2396 1911 τὸν
2425 1857 2607 1911 ἄνουν·
2644 1855 2678 1927 ἢ
2723 1855 2920 1926 μᾶλλον
2949 1855 3040 1908 τὸν
3080 1853 3157 1927 μὴ
3200 1856 3482 1909 συνιέντα
3519 1857 3820 1927 ἄνθρωπον

2188 1946 2286 2016 τὴν
2312 1947 2504 2000 ἑαυτοῦ
2537 1946 2723 2018 τιμήν.
2757 1945 2954 2016 Σαφῶς
2976 1945 3032 2000 δὲ
3059 1947 3088 1998 ὁ
3110 1944 3311 2010 εἰπιὶιν,
3345 1965 3368 1996 e
3411 1947 3544 1999 Οὐκ
3577 1948 3822 2014 emt:-

2189 2040 2394 2109 λείψεις
2420 2042 2520 2111 τὴν
2559 2040 2736 2110 ψυχήν
2772 2056 2874 2109 μου
2917 2040 2998 2102 εἰς
3031 2037 3182 2108 ᾅδου,
3227 2057 3250 2091 ι
3289 2037 3399 2091 καί
3440 2037 3633 2092 ταῦτα
3667 2037 3820 2105 λέγει

2187 2133 2270 2197 τὸ,
2306 2155 2324 2184 ι
2364 2133 2512 2204 Πλὴν
2557 2134 2586 2186 ὁ
2621 2132 2750 2195 Θεὸς
2787 2129 3123 2202 λυτρώσεται
3148 2131 3252 2202 τὴν
3283 2131 3486 2203 ψυχήν
3513 2149 3647 2202 μου,
3678 2151 3702 2183 ι
3729 2133 3820 2184 καὶ

2185 2224 2252 2276 τὰ
2274 2221 2420 2292 ἑξῆς.

2267 2313 2380 2367 Τοῦ
2410 2313 2620 2370 αὑτοῦ.
2686 2314 2978 2384 Ἀγγέλους
3034 2315 3134 2386 μὲν
3175 2314 3295 2387 (91)
3338 2318 3647 2388 ποιμαίνει
3677 2317 3812 2388 ζωὴ.

2189 2402 2507 2475 ἀνθρώπους
2540 2405 2599 2458 δὲ
2639 2405 2865 2469 θάνατος
2909 2407 3006 2458 καὶ
3050 2404 3186 2477 ζωὴ,
3220 2405 3514 2476 δαίμονας
3553 2408 3616 2460 δὲ
3652 2410 3811 2477 μόνον

2191 2495 2437 2559 θάνατος.
2485 2515 2504 2548 ι
2557 2497 2664 2550 Καὶ
2707 2497 3232 2569 κατακυριεύσουσιν
3281 2499 3490 2552 αὐτῶν
3533 2501 3590 2552 οἱ
3639 2501 3811 2561 suasi;

2189 2587 2250 2640 τὸ
2280 2589 2441 2660 πρωῒ.
2481 2608 2500 2640 ι
2531 2589 2782 2644 Ἔσονται
2824 2589 2933 2663 γὰρ
2969 2590 3156 2644 ἐπάνω
3195 2589 3370 2644 πέντε
3425 2593 3676 2655 πόλεων,
3710 2593 3804 2644 καὶ

2189 2677 2323 2733 δέκα
2354 2678 2562 2733 πόλεων
2581 2682 2632 2747 oi
2667 2681 2864 2747 εὐθεῖς,
2887 2683 2944 2734 ὲν
2971 2680 3050 2752 τῷ
3083 2682 3367 2752 μέλλοντι.
3395 2685 3525 2737 Καὶ
3557 2685 3803 2753 Σολομὼν

2188 2770 2248 2825 δὲ
2283 2773 2341 2824 ὲν
2383 2773 2728 2842 Παροιμίαις
2767 2773 2830 2828 τὸ
2872 2774 3006 2827 αὐτὸ
3052 2772 3216 2828 τοῦτό
3289 2792 3465 2847 φησι·
3521 2796 3544 2829 ι
3591 2778 3808 2831 Σπειὶδει

2191 2863 2300 2935 γὰρ
2330 2864 2577 2919 πλουτεῖν
2602 2866 2744 2937 ἀνὴρ
2770 2867 3060 2945 βάσκανος,
3085 2869 3180 2921 καὶ
3200 2870 3304 2921 οὐκ
3338 2853 3523 2936 οἶδεν,
3559 2872 3648 2928 ὅτι
3667 2872 3807 2940 ἐλεή-

2195 2971 2311 3025 μων
2340 2957 2608 3026 κρατήσει
2634 2957 2823 3010 αὑτοῦ.
2865 2975 2885 3008 ι

578 3042 746 3099 Vens.
784 3043 874 3098 l7.
909 3041 993 3098 Ne
1027 3043 1267 3097 timueris
1299 3057 1416 3096 cum
1438 3043 1582 3095 dives
1611 3040 1784 3110 factus
1811 3040 1970 3109 fuerit
1996 3039 2088 3093 ho-

2261 3043 2358 3112 Μὴ
2387 3046 2578 3113 φοϐοῦ
2619 3046 2766 3100 ὅταν
2812 3046 3136 3116 πλουτήσῃ
3179 3047 3556 3118 ἄνθρωπος,
3588 3070 3626 3106 κ
3680 3070 3725 3106 τ.
3756 3053 3799 3106 ι.

504 3151 612 3198 nso,
646 3147 754 3191 etc.
805 3135 898 3191 Va:
944 3135 1010 3190 iis
1036 3134 1129 3205 qui
1181 3134 1333 3190 hisce
1383 3133 1587 3188 divitiis
1637 3132 1879 3203 cpulenti
1917 3141 2084 3187 Sunt:

508 3241 634 3279 nam
671 3225 799 3280 dum
847 3225 971 3293 quis
1022 3224 1274 3291 moritur,
1326 3237 1438 3277 non
1483 3232 1663 3276 sumet
1693 3235 1809 3276 eas.
1853 3238 1871 3270 ι
1902 3217 2090 3287 Neque

506 3316 804 3372 descendet
829 3330 956 3372 cum
987 3331 1055 3371 eo
1089 3315 1263 3385 gloria
1299 3314 1491 3369 domus
1516 3315 1654 3382 eius.
1686 3333 1706 3366 ι
1749 3312 1898 3368 Hanc
1926 3312 2084 3382 721

505 3409 736 3479 gloriam
762 3417 1011 3477 quaerunt
1044 3405 1312 3473 intldeles,
1354 3421 1475 3477 quae
1508 3422 1614 3462 non
1645 3405 1938 3460 descendet
1962 3420 2089 3459 cum

505 3499 636 3556 illis.
670 3498 775 3568 Qui
817 3499 1071 3567 moritur,
1109 3514 1216 3553 non
1260 3499 1494 3568 accipiet
1528 3497 1944 3565 multiplicatam
1973 3495 2088 3565 glo—

505 3591 646 3649 riam
676 3593 872 3647 domus
899 3604 1051 3655 suae;
1083 3590 1181 3644 sed
1211 3605 1335 3646 cum
1372 3590 1575 3643 virtute
1607 3587 1858 3657 pi-azditn,
1890 3589 2016 3642 dum
2043 3586 2090 3642 is

507 3687 846 3752 ascenderit,
880 3684 1211 3742 conscendet
1254 3698 1472 3754 quoque
1501 3681 1670 3755 gloria
1702 3682 1906 3750 ipsius,
1938 3681 2089 3736 scili-

505 3787 599 3835 cet
629 3781 835 3844 virtus;
864 3792 988 3834 cum
1019 3776 1386 3833 descendente
1418 3789 1547 3829 vero
1569 3775 1734 3829 etiam
1762 3775 2090 3828 condescen-

507 3871 619 3925 det.
665 3871 808 3938 Quin
843 3881 900 3927 et
923 3870 1025 3926 viri
1057 3869 1232 3925 sancti
1263 3869 1446 3922 anima
1475 3867 1554 3922 'iu
1588 3868 1696 3919 vita
1733 3866 1923 3934 ipsius,
1969 3881 2090 3935 quae

506 3961 759 4016 Christus
783 3971 888 4026 est.
917 3961 1293 4018 benedicetur.
1331 3958 1432 4027 Qui
1469 3966 1692 4012 sanctus
1719 3959 1827 4012 Deo
1861 3957 2090 4012 contite-

509 4051 682 4120 bitur,
709 4067 833 4109 cum
859 4055 1089 4124 probum
1119 4053 1296 4122 ipsum
1332 4049 1647 4117 reddiderit,
1674 4056 1731 4105 et
1757 4048 2088 4106 benefecerit

514 4149 635 4219 ipsi.

583 4239 746 4294 Vens.
778 4237 870 4294 2|.
898 4236 968 4292 Et
994 4239 1146 4293 homo
1173 4256 1290 4294 cum
1319 4240 1376 4293 in
1401 4239 1599 4292 honore
1619 4246 1772 4298 esset,
1799 4244 1905 4290 etc.
1933 4233 2090 4300 Quae-

512 4336 740 4388 rendum
779 4332 937 4403 cujus
960 4340 1168 4388 natura:
1206 4334 1276 4389 sit
1303 4333 1486 4397 homo,
1530 4331 1620 4401 qui
1650 4346 1771 4385 cum
1806 4331 1860 4383 in
1883 4329 2090 4384 honore

508 4436 676 4490 esset,
707 4439 811 4479 non
840 4422 1130 4479 intellexit.
1157 4421 1434 4493 Siquidem
1458 4423 1531 4476 sit
1559 4429 1770 4476 natura:
1798 4421 2084 4491 spiritalis,

509 4515 1066 4590 quomodojuinentis
1103 4516 1476 4572 assimilatur?
1511 4517 1606 4573 Sin
1645 4525 1872 4571 terrena:
1897 4555 1913 4580 ,
1949 4530 2086 4584 quo-

511 4614 671 4664 modo
707 4619 793 4664 est
816 4611 868 4665 in
893 4609 1138 4666 honore?
1166 4607 1262 4665 Sin
1291 4608 1564 4676 animalis,
1597 4618 1758 4677 atque
1789 4609 1877 4664 hic
1900 4606 1954 4661 in
1987 4608 2084 4663 lto-

511 4717 644 4759 norc
675 4703 770 4770 sit,
801 4703 857 4760 in
883 4702 1032 4774 quali
1065 4704 1278 4760 honore
1310 4710 1393 4758 est
1412 4701 1712 4772 spiritalis?

1009 4884 1333 4943 PSALMUS
1364 4883 1556 4941 XLIX.

583 4973 752 5031 Vens.
788 4977 840 5031 1.
877 4975 1024 5034 Deus
1061 4980 1280 5033 deorum
1315 4977 1574 5032 Dominus
1603 4978 1807 5033 locutus
1843 4990 1942 5043 est,
1972 4987 2085 5033 etc.

520 5069 693 5125 «Deus
711 5070 937 5128 deorum
961 5087 1090 5142 iper
1117 5071 1391 5128 Christum
1418 5088 1437 5122 ι
1464 5071 1703 5142 locutus,
1727 5071 1940 5125 vocavit
1974 5081 2085 5126 ter-

2190 3141 2316 3205 Τοῖς
2343 3141 2530 3195 τοῦτον
2557 3142 2669 3214 (92)
2700 3144 3021 3198 πλουτοῦσιν
3039 3142 3183 3199 οὐαί·
3207 3147 3274 3198 οὐ
3308 3146 3436 3219 γὰρ
3466 3148 3709 3220 λήψεταί
3730 3164 3802 3210 τις

2189 3230 2547 3303 ἀποθνήσκων
2597 3233 2778 3287 αὐτόν.
2828 3254 2846 3286 ι
2889 3235 3021 3288 οὐδὲ
3083 3236 3602 3308 συγκαταϐήσεται
3670 3239 3799 3309 αὑτῷ

2188 3324 2316 3390 δόξα
2357 3323 2451 3378 τοῦ
2493 3325 2645 3378 οἴκου
2683 3325 2870 3380 αὑτοῦ.
2906 3348 2923 3380 ι
2955 3327 3171 3396 Ταύτην
3213 3327 3462 3400 ζητοῦσι
3501 3332 3615 3403 τὴν
3663 3333 3799 3399 £65m

2189 3417 2240 3469 οἱ
2290 3417 2365 3488 μὴ
2416 3417 2783 3483 πιστεύοντες,
2846 3420 2906 3472 οὐ
2958 3419 3560 3492 συγκαταϐησομένην
3607 3427 3792 3487 αὐτοὶ,

2201 3507 2260 3562 Ὀ
2293 3509 2652 3581 ἀποθνήσκων
2685 3512 2746 3564 οὐ
2772 3511 2999 3581 λήψεται
3026 3511 3125 3582 τὴν
3169 3510 3625 3586 πληθυνομένην
3659 3515 3798 3582 δόξαν

2187 3601 2282 3654 τοῦ
2303 3601 2452 3655 οἴκου
2476 3602 2659 3656 αὐτοῦ·
2686 3603 2820 3657 ἀλλὰ
2837 3603 2931 3656 καὶ
2945 3603 3023 3673 τῷ
3052 3605 3150 3674 μὲν
3171 3605 3543 3661 ἀναϐαίνοντι
3564 3609 3798 3678 ἐναρέτῳ

2190 3693 2619 3764 συναναϐήσεται
2659 3697 2693 3766 ή
2725 3695 2853 3762 δόξα
2885 3695 3073 3760 αὐτοῦ,
3104 3696 3270 3766 ἤγουν
3316 3701 3352 3767 ἡ
3398 3699 3619 3772 ἀρετή·
3652 3701 3728 3772 τῷ
3750 3701 3797 3752 ἃ

2189 3786 2573 3841 καταϐαίνοντι
2624 3787 3118 3859 συγκαταϐήσεται.
3183 3789 3298 3840 Καὶ
3361 3790 3470 3843 τοῦ
3528 3793 3701 3860 ἁγίου
3744 3792 3796 3844 δὲ

2188 3875 2335 3949 ψυχὴ
2364 3879 2422 3931 ὲν
2453 3880 2519 3947 τῇ
2552 3877 2666 3950 ζωῇ
2698 3878 2888 3944 αὐτοῦ,
2921 3879 3043 3948 ἥτις
3077 3880 3224 3932 ἐστὶν
3254 3881 3284 3933 ὁ
3327 3881 3606 3950 Χριστὸς,
3648 3882 3796 3934 εὐλο-

2189 3971 2510 4043 γηθήσεται.
2563 3974 2750 4036 Ὅστις
2798 3975 2954 4043 ἆγιος
2998 3974 3078 4045 τῷ
3128 3974 3249 4046 Θεῷ
3296 3974 3792 4052 ἐξομολογήσεται,

2189 4063 2606 4133 ἀγαθοποιοῦντι
2630 4065 2812 4120 αὐτόν.

2260 4243 2372 4298 Kal
2411 4243 2721 4312 ἅνθρωπος
2761 4245 2832 4298 ἐν
2873 4244 3015 4314 τιμῇ
3051 4245 3154 4311 ὢν,
3187 4263 3243 4299 κ.
3278 4263 3331 4300 τ.
3365 4249 3414 4305 ἑ.

2190 4334 2309 4388 τέον
2347 4337 2376 4388 ὁ
2423 4336 2482 4389 ἐν
2519 4339 2654 4407 τιμῇ
2687 4337 2801 4408 (95)
2834 4334 2909 4390 ὣν
2962 4336 3252 4409 ἄνθρωπος
3298 4340 3397 4393 καὶ
3443 4342 3526 4412 μὴ
3589 4344 3776 4407 cusz

2190 4426 2350 4488 ποίας
2376 4427 2492 4480 ἐστὶ
2547 4428 2780 4496 φύσεως.
2812 4429 2878 4482 Εἰ
2909 4430 3005 4500 μὲν
3053 4429 3152 4501 τῆς
3202 4436 3624 4505 πνευματικῆς,
3676 4437 3776 4496 ςτιῖι,

2190 4517 2472 4588 ὁμοιοῦται
2513 4522 2624 4583 τοῖς
2658 4521 2941 4590 κτήνεσιν;
2977 4524 3042 4575 Εἰ
3087 4522 3143 4576 δὲ
3185 4523 3285 4592 τῆς
3315 4527 3538 4597 χοῖκῆς,
3575 4529 3695 4591 πῶς
3726 4530 3778 4580 ἐν

2189 4613 2323 4682 τιμῇ
2353 4611 2533 4677 ἐστιν;
2564 4612 2628 4664 El
2651 4612 2708 4665 δὲ
2729 4613 2828 4683 τῆς
2851 4614 3109 4687 ψυχικῆς,
3149 4616 3246 4670 ἐὰν
3275 4612 3434 4682 οὗτος
3541 4621 3601 4674 ἐν
3629 4624 3772 4693 τιμῇ,

2193 4704 2223 4756 ὁ
2248 4704 2614 4775 πνευματικὸς
2640 4705 2701 4759 ὲν
2727 4705 2864 4773 τίνι;

2759 4887 3057 4941 ΨΔΛΜΟΣ
3105 4888 3243 4940 ΜΕΥ.

2269 4980 2413 5046 Θεὸς
2451 4979 2602 5034 θεῶν
2636 4981 2852 5048 Κύριος
2896 4979 3184 5048 ἐλάλησε,
3216 4998 3270 5033 κ.
3303 4998 3355 5033 τ.
3395 4983 3446 5034 ὲ.
3478 5000 3499 5034 ι
3557 4982 3616 5035 ὐ
3649 4981 3767 5043 Θεέις

2195 5072 2304 5127 τῶν
2337 5071 2474 5126 Θεῶν
2500 5071 2611 5144 (94)
2643 5090 2664 5124 ι
2702 5071 2791 5124 διὰ
2815 5071 3052 5144 Χριστοῦ
3087 5089 3105 5123 ι
3139 5071 3406 5145 λαλήσας,
3433 5075 3657 5130 ἐκάλεσε
3680 5075 3766 5141 τήν

579 5213 624 5247 ³⁸
649 5215 667 5270 l
694 5213 842 5270 Petr.
874 5233 934 5282 ll,
961 5216 1014 5272 8.
1055 5218 1101 5248 ²⁰
1129 5216 1273 5272 Psal.
1304 5231 1398 5282 xv,
1427 5213 1516 5269 10.
1593 5214 1638 5246 ἰ
1673 5213 1818 5268 Psal.
1855 5227 2044 5279 XLVIII,
2087 5235 2088 5242 η

2248 5217 2295 5248 ’³
2324 5214 2492 5270 Prov.
2535 5214 2730 5281 xxvni,
2763 5211 2859 5268 22.

581 5334 697 5408 (788)
738 5336 792 5408 ’ρ
821 5334 906 5408 μὴ
927 5335 1182 5408 συνιείς,
1211 5343 1321 5390 etc.
1347 5333 1549 5408 Catena
1570 5331 1840 5408 Corilerii.

583 5402 700 5476 (89)
737 5402 940 5472 Ἐλπὶς
971 5404 1182 5476 ἀγαθή.
1212 5417 1322 5459 ctc.
1352 5403 1533 5476 Codex
1559 5402 1938 5476 Coisliiiiauus.

607 5472 697 5546 90)
725 5476 989 5542 Θάνατος
1011 5472 1304 5546 ﬂagraret,
1335 5485 1440 5546 etc.
1474 5474 1675 5530 Catena
1692 5472 1974 5546 _Coru_lerii.

607 5477 676 5530 90
725 5477 989 5542 Θάνατος
1011 5491 1304 5546 ποιμανει,
1335 5485 1440 5530 etc.
1474 5477 1675 5530 Catena
1707 5477 1974 5528 Conterit.

585 5477 1066 5674 Ξὲιέδέἒζῃῗλους
1094 5546 1229 5618 μέν,
1255 5559 1362 5602 etc.
1406 5545 1635 5602 Sclicda:
1679 5543 1863 5601 Crabii
1893 5552 1947 5598 et
1979 5541 2085 5597 Ca-

522 5625 646 5674 tena
669 5620 917 5675 Barbari.

678 5409 700 5615 ἰ

2290 5331 2380 5400 92)
2423 5331 2551 5398 Τοῖς
2581 5331 2820 5395 τοῦτον,
2842 5340 2948 5386 etc.
2979 5331 3177 5387 Catena
3205 5333 3482 5389 Corderii.

2290 5404 2381 5485 9.5)
2421 5402 2860 5470 Ἐπαπορητέον
2888 5405 2922 5456 ὀ
2949 5402 3020 5456 ἐν
3055 5403 3218 5474 τιμῇ,
3251 5415 3366 5461 etc.
3393 5404 3606 5463 Catena
3647 5404 3763 5462 Cor-

2196 5475 2382 5617 dei'ill-l.)
2416 5542 2647 5631 foeseg
2675 5541 2990 5614 τῶνθεῶν,
3023 5555 3132 5600 etc.
3156 5544 3364 5603 Catena
3393 5545 3667 5605 Corderii.
