3970 6160
168 234 336 293 1449
862 316 869 321 Δ
1179 242 1489 302 SELECTA
1525 246 1593 305 IN
1630 246 2079 305 PSALMOSC—
2111 248 2309 305 PSAL.
2354 248 2539 305 XLIX.
3322 263 3462 321 “50

159 350 287 421 γῆν
313 354 442 411 ἀπὸ
483 360 766 414 ἀνατολῶν
805 359 956 433 ἠλίου
998 364 1157 435 μέχρι
1195 364 1431 438 δασμῶν·
1469 387 1487 420 ι
1524 368 1633 423 ἀπὸ
1664 370 1727 423 ἀν

1897 380 2010 419 ram
2056 381 2085 420 a
2116 365 2245 421 solis
2288 376 2410 422 ortu
2442 380 2613 437 usque
2655 367 2723 424 ad
2767 382 3059 437 occasum;
3088 393 3108 426 ι
3165 392 3355 450 nempe
3388 383 3455 439 ab

162 444 363 499 τολῶν
439 446 549 504 τὸν
611 453 858 525 Ἰσραὴλ,
907 454 1126 527 δυσμῶν
1166 458 1225 511 δὲ
1272 460 1400 525 τοὺς
1441 461 1729 529 δυσγενεστ

1893 458 2103 511 oriente
2130 454 2404 526 lsraelem,
2437 459 2506 514 ab
2531 459 2813 516 occidente
2853 476 2980 519 vero
3011 444 3454 538 ignobilissimos.

159 552 333 603 τους.

256 631 368 687 Ἐκ
404 635 579 689 Σιὼν
602 635 641 706 ἠ
669 637 990 705 εὐπρέπεια
1028 634 1137 708 τῆς
1172 642 1546 711 ὡραιότητος,
1571 662 1626 699 κ.
1658 661 1711 698 τ.
1738 644 1788 701 ἐ.

1962 625 2130 684 Vens.
2169 628 2224 684 2.
2263 628 2347 684 Ea:
2373 628 2505 686 Sion
2533 630 2726 699 species
2758 630 2979 699 decoris,
3026 645 3133 693 etc.
3176 640 3458 713 Siquidem

156 720 362 793 Εἴπερ
394 725 717 797 εὐπρέπεια
751 727 860 798 (95)
898 729 992 781 καὶ
1014 728 1283 804 ὡραιότης
1318 734 1521 805 Κυρίου
1553 732 1607 805 ὴ’
1629 752 1724 804 σοφ

1892 720 2056 776 decor
2085 729 2138 775 et
2168 721 2379 790 species
2411 721 2621 778 Domini
2647 731 2731 777 est
2754 726 3058 794 sapientia:
3094 731 3208 802 ipsa
3242 735 3294 790 in
3325 737 3456 796 Sion

155 811 356 867 ἐστίν·
396 810 553 889 αὕτη
589 819 645 871 ἐν
676 821 742 891 τῇ
782 818 919 873 Σιών
959 822 1125 876 ἐστιν.
1175 817 1343 888 Οὗτος
1373 826 1457 893 ἐφ’
1498 820 1557 880 οὗ
1588 828 1653 897 τῇ
1694 844 1723 894 γ

1890 811 2124 865 exsistit.
2171 810 2270 866 llic
2305 813 2446 865 enim
2484 823 2570 868 est
2601 815 2654 868 in
2687 815 2845 885 cujus
2877 819 3154 877 nativitate
3186 824 3455 896 dicimus,

154 902 331 959 νέσει
382 905 654 981 λέγομεν
712 911 1056 985 Ἐμμανουὴλ
1102 913 1359 986 ἐμφανῶς
1397 911 1551 987 ἦλθε,
1602 916 1695 971 καὶ

1889 901 2205 957 Emmanuel
2253 902 2538 958 manifeste
2588 908 2776 974 venit,
2815 917 2868 963 et
2901 925 3006 965 non
3054 913 3198 981 silet,
3231 919 3325 972 sed
3361 935 3457 990 per

156 1001 568 1072 παρασιωπᾷ,
601 999 734 1055 ἀλλὰ
760 1000 906 1070 λέγει
935 1000 1002 1056 δι’
1032 996 1107 1057 ὧν
1133 1003 1298 1069 θέλει,
1328 1005 1450 1059 ἐπεὶ
1470 1005 1602 1070 Θεὸς
1628 1005 1724 1078 ἠμέ

1889 1007 2027 1060 quos
2057 992 2175 1047 vult
2204 992 2463 1063 loquitur,
2496 997 2757 1065 quoniam
2788 999 2928 1057 Deus
2955 1013 3142 1061 noster
3169 1016 3273 1064 est.
3300 1009 3455 1070 Nunc

155 1086 319 1141 ἐστι.
359 1090 497 1145 Νῦν
530 1090 648 1163 μὲν,
689 1093 873 1165 φησὶν,
911 1112 931 1147 t
970 1093 1030 1149 οὐ
1063 1098 1575 1168 παρασιωπήσεται·
1607 1118 1626 1151 ι
1660 1096 1723 1165 ἐξ

1885 1084 2127 1154 quidem,
2152 1084 2360 1156 inquit,
2389 1103 2410 1138 ι
2436 1102 2539 1141 non
2564 1088 2772 1156 silebit;
2799 1110 2817 1144 ι
2845 1093 3101 1166 deinceps
3123 1113 3251 1155 vero
3277 1100 3450 1174 (Vens.

153 1174 248 1241 δὲ,
302 1197 325 1231 e
379 1182 572 1236 ταῦτα
616 1184 896 1255 ἐποίησας,
943 1187 1037 1239 καὶ
1086 1186 1338 1259 ἐσίγησα.
1384 1188 1502 1262 Πῦρ
1554 1190 1721 1245 ἐνώπι

1884 1175 1963 1248 5),
1984 1194 2003 1227 ι
2034 1176 2150 1231 haec
2178 1176 2375 1245 fecisti,
2407 1187 2461 1232 et
2500 1179 2662 1233 tacui.
2692 1178 2833 1251 Ignis
2854 1183 2907 1238 in
2942 1200 3234 1258 conspectu
3264 1193 3399 1262 ejus.
3427 1214 3447 1249 ι

156 1266 383 1325 αὐτοῦ.
437 1292 461 1325 ι
498 1306 567 1319 -.
603 1293 622 1326 ι
658 1275 776 1348 Πῦρ
798 1274 929 1349 γὰρ,
960 1276 1143 1348 φησὶν,
1167 1274 1329 1350 ἦλθον
1363 1279 1543 1351 βαλεῖν
1572 1283 1663 1335 ἐπὶ
1684 1300 1724 1335 τε

1892 1285 1912 1320 ι
1937 1268 2120 1339 Ignem
2144 1269 2312 1334 enim,
2339 1270 2534 1340 inquit,
2552 1271 2673 1326 veni
2698 1274 2913 1332 mittere
2940 1277 2995 1332 in
3027 1288 3225 1338 terram
3249 1284 3315 1338 ³⁸.
3338 1302 3357 1336 ι
3387 1287 3453 1342 Et

156 1360 307 1433 γῆν.
357 1383 381 1417 s
419 1367 540 1420 Καὶ
568 1368 626 1422 ἐν
669 1369 747 1440 τῷ
778 1368 992 1441 Δανιήλ·
1030 1387 1049 1421 t
1082 1370 1334 1444 Ποταμὸς
1382 1368 1551 1445 πυρὸς
1600 1369 1720 1428 εἶλκ

1884 1359 1937 1415 in
1968 1360 2216 1416 Daniele:
2265 1379 2283 1412 t
2311 1360 2535 1418 Flavius
2576 1363 2715 1431 ignis
2764 1369 3017 1427 trahebat
3062 1372 3118 1428 in
3152 1389 3452 1447 conSpectu

158 1451 521 1528 ἔμπροσθεν
549 1459 734 1514 αὐτοῦ.
778 1480 798 1513 ι
833 1460 952 1532 Πῦρ
996 1460 1052 1515 δὲ
1087 1463 1180 1516 καὶ
1221 1464 1474 1532 καταιγὶς
1526 1464 1618 1518 ἐπὶ
1656 1467 1726 1518 τοὶ

1883 1451 2000 1523 ejus
2025 1451 2091 1505 “.
2122 1471 2142 1506 ›
2174 1452 2442 1509 Caeterum
2475 1454 2613 1525 ignis
2641 1467 2697 1511 et
2724 1466 3019 1530 tempestas
3047 1479 3212 1535 super
3238 1482 3332 1524 eos
3357 1473 3451 1540 qui

162 1547 252 1617 μὴ
287 1549 680 1621 προσέχοντας
712 1551 877 1606 αὐτοῦ
918 1555 984 1623 τῇ
1029 1554 1321 1625 ἐπιφανείᾳ
1357 1555 1449 1608 καὶ
1478 1554 1554 1626 τῷ
1600 1556 1730 1625 Λόγι

1881 1558 1989 1598 non
2040 1543 2326 1599 attendunt
2377 1546 2445 1600 ad
2492 1547 2781 1605 adventum
2810 1561 2865 1606 et
2907 1556 2973 1609 ad
3008 1553 3244 1613 Verbum
3291 1558 3449 1632 ejus,

156 1634 227 1701 ὃς
274 1640 418 1709 ἥξει
456 1645 522 1696 ἐκ
552 1643 651 1715 τῆς
702 1643 1020 1716 ἐπουρανίου
1070 1643 1229 1708 Σιὼν,
1280 1644 1557 1718 ίσοσθενὴς
1596 1645 1669 1699 ὢν
1702 1665 1724 1699 τ

1882 1636 2023 1703 quod
2058 1634 2240 1690 veniet
2267 1636 2334 1690 de
2363 1639 2734 1705 superccelesti
2765 1642 2918 1708 Sion,
2952 1660 3074 1700 cum
3101 1648 3174 1703 sit
3207 1648 3450 1718 ejusdem

161 1729 392 1805 Πατρί·
431 1714 684 1806 οὐράνιος
726 1714 928 1809 γὰρῆν
961 1732 1113 1803 Θεὸς,
1144 1734 1238 1791 καὶ
1266 1738 1354 1791 ὅτε
1386 1714 1548 1809 ἦλθε-ν
1598 1740 1729 1810 ἐμφε

1942 1740 2002 1778 nn
2036 1724 2195 1780 Patre
2234 1728 2554 1794 potestatis:
2582 1729 2847 1799 siquidem
2880 1734 3017 1791 Deus
3036 1746 3158 1793 erat
3185 1714 3448 1813 ctelestis,

157 1819 308 1886 νῶς,
344 1822 479 1895 ἦτοι
506 1827 595 1878 ὅτε
622 1822 811 1894 γέγονε
837 1824 989 1897 σάρξ.
1027 1826 1158 1879 Τότε
1191 1825 1300 1898 γὰρ
1328 1826 1522 1900 ὁρατὸς
1550 1828 1725 1897 γέγονε

1880 1812 2043 1867 etiam
2089 1815 2304 1883 quando
2344 1816 2493 1871 venit
2542 1820 2865 1888 manifeste,
2911 1826 3026 1881 sive
3072 1832 3287 1898 quando
3319 1812 3448 1891 caro

156 1906 380 1980 ἐλθὼν,
411 1914 480 1967 οὐ
510 1915 1015 1986 παρασιωπήσεται,
1044 1914 1177 1969 ἀλλὰ
1203 1914 1296 1969 τοῦ
1328 1915 1532 1987 κόσμου
1567 1914 1724 1984 ἐλέγξ

1876 1899 2055 1957 factus
2099 1901 2218 1959 fuit.
2270 1903 2424 1958 Tunc
2472 1907 2616 1962 enim
2646 1924 2769 1965 cum
2820 1916 3165 1982 aspectabilis
3197 1923 3443 1995 venerit,

150 2004 268 2075 τὴν
316 2002 634 2078 ἁμαρτίαν,
684 2007 852 2080 ἤγουν
899 2007 998 2080 τὴν
1043 2002 1293 2079 βούλησιν
1348 2007 1637 2077 ἀναγγελεῖ
1681 2025 1718 2061 τι

1878 2007 1982 2047 non
2021 1993 2201 2049 silebit
2223 2038 2240 2061 ,
2275 1998 2370 2051 sed
2399 1999 2581 2053 mundi
2617 2014 2898 2070 peccatum
2931 2020 3163 2078 arguet,
3192 2013 3308 2070 sive
3345 1993 3434 2072 vo?

151 2096 432 2171 Πατρός-
470 2100 726 2154 Καλεῖται
750 2100 858 2172 γὰρ
896 2120 915 2154 t
952 2103 1192 2174 μεγάλης
1223 2101 1419 2172 βουλῆς
1464 2100 1711 2170 ἄγγελος.

1876 2081 2139 2140 luntatetn
2168 2087 2345 2143 Patris
2370 2093 2737 2148 annuntiabit.
2773 2095 3010 2152 Vocatur
3029 2102 3171 2156 enim
3209 2122 3230 2155 ι
3261 2108 3442 2178 magni

148 2186 236 2242 Τὸ
266 2188 331 2244 δὲ
365 2190 497 2263 πῦρ
523 2192 584 2246 τὸ
617 2193 1027 2266 φῶςσημαίνει
1083 2194 1143 2248 τὸ
1189 2193 1249 2259 ἐξ
1285 2192 1470 2248 αὐτοῦ’
1515 2193 1615 2264 τῆς
1664 2193 1716 2262 γὲ

1876 2177 2092 2233 consilii
2142 2181 2388 2250 angelus.
2427 2203 2447 2236 ι
2486 2184 2627 2255 Ignis
2656 2200 2785 2241 vero
2816 2189 3090 2260 signiﬁcat
3123 2199 3297 2254 lucem
3324 2177 3444 2272 qua:

144 2272 453 2351 ιγνώσεως
491 2280 585 2339 τοῦ
632 2286 866 2358 Χριστοῦ
934 2287 995 2341 τὸ
1033 2286 1121 2341 διὰ
1165 2284 1397 2349 πίστεως
1430 2285 1619 2357 νοητὸν
1656 2287 1712 2357 φὶ

1875 2282 1940 2322 ει
1978 2269 2093 2339 ipso
2138 2281 2250 2325 est:
2288 2274 2532 2329 notitiam
2573 2277 2718 2332 enim
2763 2278 2968 2338 Christi
3018 2285 3281 2356 spiritalis
3316 2269 3439 2348 fidei

152 2374 427 2448 ἡγεῖται.
465 2357 698 2449 Νοήσεις
727 2378 783 2432 δὲ
808 2378 903 2433 καὶ⁵
924 2378 1086 2433 οὕτω·
1125 2379 1215 2432 Ἐν
1244 2377 1461 2450 ἐξουσίᾳ
1486 2378 1580 2432 καὶ
1612 2377 1720 2433 δυνι

1874 2357 1966 2413 lux
1996 2362 2277 2429 praecedit.
2312 2362 2619 2431 Quinetiam
2647 2368 2749 2423 hoc
2780 2371 2940 2427 modo
2972 2373 3241 2446 intelliges
3268 2398 3282 2434 :
3305 2380 3438 2439 Cum

162 2486 263 2540 μει
291 2468 568 2541 θεότητος
602 2469 703 2534 ὢν,
734 2472 936 2543 καίπερ
959 2469 1195 2541 γεγονὼς
1214 2471 1272 2523 ἐν
1305 2449 1487 2541 σαρκὶ,
1519 2467 1730 2524 καθάπε

1870 2449 1926 2505 in
1972 2460 2242 2521 potestate
2286 2470 2352 2511 ac
2385 2457 2580 2515 virtute
2608 2460 2907 2520 divinitatis
2936 2468 3246 2538 exsisteret,
3273 2475 3437 2530 etiam

156 2579 213 2614 τι
254 2560 381 2633 πῦρ
428 2563 524 2615 καὶ
570 2563 823 2632 καταιγὶς
857 2561 1158 2635 προσέϐαλε
1204 2565 1319 2627 τοῖς
1370 2562 1724 2635 ἀντικειμένοε

1873 2542 1926 2598 in
1955 2559 2119 2601 carne
2162 2556 2322 2604 natus
2346 2590 2363 2615 ,
2399 2551 2571 2606 instar
2620 2553 2759 2624 ignis
2796 2570 2862 2612 ac
2891 2564 3228 2630 tempestatis
3260 2567 3441 2638 cujus-

159 2652 323 2737 αὑτῴ
353 2651 602 2725 διαϐόλῳ
625 2654 719 2707 καὶ
735 2634 1003 2724 δαίμοσιν.
1592 2634 1595 2635 ν

1872 2634 1995 2689 dam
2043 2635 2204 2691 irruit
2249 2639 2302 2693 in
2335 2640 2675 2698 adversarios
2734 2659 2885 2714 suos,
2921 2649 3198 2708 diabolum
3235 2671 3300 2712 ac
3325 2634 3439 2713 da:-

1870 2741 2085 2783 nonas.

252 2832 312 2888 Ὀ
353 2835 513 2903 Θεὸς
546 2836 823 2906 ἐμφανῶς
867 2834 1021 2903 ἣξει,
1063 2837 1096 2889 ὁ
1153 2835 1298 2902 Θεὸς
1341 2831 1529 2905 ἡμῶν,
1568 2834 1665 2889 καὶ
1694 2834 1766 2889 οὐ

1936 2817 2100 2875 Vens.
2135 2820 2190 2876 5.
2249 2821 2391 2877 Deus
2417 2825 2698 2913 manifeste
2745 2833 2909 2886 veniet
2930 2872 2946 2897 ,
2986 2833 3128 2890 Deus
3154 2849 3350 2906 noster,
3384 2852 3435 2896 et

162 2927 740 2996 παρασιωπήσεται,
772 2946 826 2982 κ.
852 2945 903 2982 τ.
933 2928 978 2981 ἐ.
1022 2927 1083 2980 '0
1114 2927 1245 2992 Θεὸς
1277 2927 1433 2999 ἡμῶν
1459 2926 1566 2999 (96)
1589 2929 1730 2998 ἐμφα

1866 2925 1972 2965 non
1995 2911 2187 2976 silebit,
2214 2923 2319 2968 etc.
2355 2911 2494 2970 Deus
2526 2927 2712 2973 noster
2738 2923 3024 2980 manifeste
3055 2929 3257 2984 veniet.
3292 2931 3430 2991 Dens

165 3015 280 3081 νῶς
310 3018 464 3088 ἧξειο
486 3017 619 3082 Θεὸς
648 3018 705 3071 δέ
732 3015 889 3089 ἡμῶν
912 3019 940 3070 ό
965 3017 1197 3089 Χριστός
1236 3018 1372 3071 ἐστι·
1407 3017 1637 3089 Χριστὸς
1664 3018 1733 3090 ἐμ

1721 3035 1762 3071 ι,
1789 3052 1831 3110 c
1868 3011 2053 3057 noster
2086 3002 2335 3061 Christus
2365 3017 2469 3061 est.
2495 3008 2741 3066 Christus
2772 3015 3058 3072 manifeste
3089 3020 3289 3077 veniet.

163 3109 369 3179 φανῶς
398 3109 539 3180 ἥξει.

241 3200 374 3256 Τοῦ
404 3198 611 3254 αὑτοῦ.
644 3198 878 3271 Χριστὸς
924 3197 1184 3269 ἐλήλυθεν
1220 3197 1331 3269 (97)
1371 3199 1429 3252 ἐν
1472 3197 1653 3269 σαρκί.
1687 3199 1731 3252 Τ

1934 3173 2096 3245 722
2122 3174 2399 3246 Ejusdem.
2440 3176 2687 3234 Christus
2715 3183 2863 3238 venit
2887 3184 2941 3238 in
2968 3200 3157 3242 carne.
3190 3189 3336 3259 Ergo
3363 3191 3430 3245 il-

171 3308 192 3344 ι
226 3290 500 3363 ἐμφανῶς
527 3309 544 3343 ι
578 3266 807 3362 ἄρα-τὴν
836 3266 1017 3364 σάρκα
1039 3290 1208 3363 δηλοῐο
1230 3266 1468 3361 «αἰσθητὴ
1495 3266 1603 3362 γὸιρ
1629 3282 1696 3361 ἦν
1723 3292 1739 3344 'l

1866 3266 1976 3331 Iud,
2010 3284 2031 3318 ι
2065 3268 2370 3336 manifeste,
2397 3287 2416 3321 ι
2451 3285 2669 3326 carnem
2701 3273 2971 3344 signiﬁcat
2997 3295 3011 3333 :
3039 3295 3164 3337 nam
3187 3283 3288 3339 sub
3315 3299 3434 3339 seno

171 3383 318 3455 σὰρξ
353 3383 447 3438 τοῦ
478 3383 736 3456 Χριστοῦ.
912 3362 920 3364 ἡ
1094 3362 1097 3363 ν
1294 3391 1299 3400 ’

1094 3362 1097 3363 ⁷
1294 3391 1299 3400 -
1862 3375 1982 3415 sum
2017 3363 2248 3419 cadebat
2276 3378 2404 3420 caro
2428 3362 2654 3420 Christi.

246 3451 740 3549 Προσκαλέσεται
766 3475 874 3529 τὸν
900 3473 1160 3543 οὐρανὸν
1186 3473 1330 3534 ἄνω,
1354 3490 1409 3527 κ.
1436 3491 1487 3527 τ.
1520 3472 1566 3526 ἐ.
1605 3472 1758 3526 Ἐπεὶ

1930 3451 2096 3509 Vens.
2118 3455 2174 3512 4.
2195 3456 2485 3513 Aduocabit
2506 3458 2690 3515 calum
2713 3462 3012 3532 desursum,
3029 3474 3134 3520 etc.
3163 3465 3425 3534 Quoniam

174 3570 236 3622 ἐν
265 3545 670 3639 Ᾰευτερονομίῳ
705 3563 813 3635 (98)
846 3561 1091 3625 δοθέντος
1134 3560 1227 3615 τοῦ
1263 3560 1428 3632 νόμου
1460 3557 1742 3630 διεμαρτύ·

1862 3545 1915 3600 in
1950 3547 2364 3605 Deuterouomio
2398 3566 2525 3606 cum
2557 3550 2648 3606 lex
2693 3553 2941 3623 daretur,
2979 3557 3300 3617 testiﬁcatus
3343 3572 3430 3617 est

178 3678 316 3735 ρατο
330 3637 570 3731 Μωΰσῆς
587 3656 676 3711 τὸν
703 3654 928 3726 οὐρανὸν
959 3654 1051 3707 καὶ
1076 3652 1174 3725 τὴν
1195 3654 1317 3725 γῆν,
1348 3651 1548 3723 ὁμοίως
1579 3650 1634 3703 δὲ
1661 3650 1746 3704 καὶ

1858 3637 2068 3714 Moyses
2091 3641 2286 3695 coelum
2320 3652 2375 3696 et
2406 3651 2629 3709 terram,
2667 3646 2922 3702 similiter
2952 3658 3007 3701 et
3039 3652 3310 3706 canticum
3339 3654 3426 3707 in-

172 3729 482 3826 ἇρχόμενος
513 3729 614 3820 τῆς
656 3747 798 3819 ᾠδῆς
836 3744 1059 3809 τούτους
1101 3743 1276 3797 καλεῖ·
1319 3742 1401 3795 ἔτι
1455 3741 1512 3794 δὲ
1560 3742 1654 3794 καὶ
1694 3742 1740 3794 ἐκ

1858 3729 2063 3783 choans
2106 3732 2324 3786 eosdem
2381 3741 2550 3789 tesws
2584 3734 2852 3797 advocat,
2898 3741 3062 3802 atque
3103 3735 3324 3806 insuper
3371 3741 3425 3794 iu

183 3820 390 3916 ’ίί-σαξῐᾳ
419 3841 952 3915 παραλαμϐάνονται’
974 3836 1064 3891 διὰ
1087 3835 1265 3900 τοῦτο,
1300 3833 1619 3906 κρινομένου
1656 3832 1750 3886 τοῦ

1858 3820 1993 3876 Isaia
2019 3822 2383 3891 adhibentur;
2418 3825 2622 3882 idcirco
2649 3827 2813 3881 etiam
2846 3825 2986 3882 Deus
3017 3842 3139 3884 cum
3172 3832 3424 3901 populum

171 3937 332 4000 λαοῦ,
365 3913 805 4010 ’προσκαλέσεται
859 3931 950 3985 τὸν
1008 3929 1234 4001 οὐρανὸν
1287 3927 1382 3981 καὶ
1422 3926 1523 3997 τὴν
1574 3926 1677 3997 γῆν
1720 3927 1739 3978 ί

1856 3927 2016 3967 suum
2042 3913 2391 3982 iudicaturus
2417 3925 2523 3983 est,
2558 3917 2757 3973 ctelum
2792 3931 2847 3973 et
2882 3931 3081 3974 terram
3115 3922 3421 3980 advocabit.

173 4027 331 4090 Θεός.
359 4003 472 4082 Νδν
494 4028 551 4081 δὲ
572 4027 633 4080 τὸ
674 4045 691 4076 ι
728 4025 998 4095 διακρῖναι
1037 4040 1054 4073 ι
1086 4020 1231 4089 λέγει
1273 4018 1393 4071 ἀντὶ
1418 4016 1511 4071 τοῦ
1549 4015 1741 4086 διαχωι

1857 4003 2008 4059 Nunc
2039 4017 2216 4062 autem
2248 4024 2269 4060 ι
2302 4008 2614 4064 discernere
2644 4028 2664 4061 ι
2696 4010 2825 4064 dicit
2852 4026 2952 4079 pro
2979 4025 3270 4087 segregare
3297 4033 3425 4086 pre-

177 4115 330 4187 ρίσαι
357 4117 482 4179 τοὺς
507 4115 668 4178 ἰδίους
696 4110 885 4174 αὑτοῦ,
916 4110 1075 4172 ὄντας
1116 4108 1244 4160 λαὸν
1274 4104 1463 4170 αὐτοῦ,
1498 4105 1607 4158 ἀπὸ
1635 4104 1745 4157 τῶν

1854 4096 2001 4166 prius
2027 4112 2154 4153 suos
2176 4139 2192 4163 ,
2228 4099 2319 4167 qui
2369 4108 2497 4155 sunt
2528 4100 2755 4171 populus
2780 4100 2898 4169 eius
2919 4141 2937 4169 ,
2968 4104 3036 4159 ab
3068 4105 3295 4173 alienis,
3328 4110 3421 4179 qui

168 4208 469 4282 ἀλλοτρίων
500 4205 662 4262 αὐτοῦ
692 4205 801 4259 τῶν
830 4202 1238 4274 συννεμομένων
1272 4202 1384 4262 τοῖς
1429 4198 1613 4252 αὐτοῦ’
1661 4198 1736 4251 ἴνα

1855 4202 1959 4243 una
1991 4204 2114 4243 cum
2156 4191 2390 4260 propriis
2419 4192 2537 4264 ejus
2568 4194 2705 4265 pasti
2738 4193 2920 4260 fuere;
2949 4206 3007 4250 ut
3032 4199 3173 4253 coelo
3207 4202 3419 4269 quidem

163 4298 246 4369 τῷ
305 4281 401 4373 μὲν
446 4296 659 4372 οὐρανῴ
698 4295 879 4366 ἀποδῷ
928 4295 1052 4357 τοὺς
1104 4292 1288 4354 ἰδίους,
1328 4292 1392 4362 τῇ
1434 4290 1491 4343 δέ
1519 4292 1591 4361 γῇ
1620 4290 1731 4351 τοὺς

1854 4281 2041 4336 reddat
2064 4283 2312 4352 praprios
2336 4300 2483 4354 suos,
2514 4293 2675 4342 terra:
2708 4303 2837 4345 vero
2872 4291 3099 4349 alienos.
3133 4288 3227 4347 Vel
3257 4293 3422 4349 advo-

164 4372 509 4464 ἀλλοτρίους.
541 4390 613 4442 Ἢ
644 4382 1077 4460 προσκαλέσεται
1121 4384 1247 4446 τοὺς
1274 4383 1332 4434 ἐν
1364 4383 1612 4453 οὐρανοῖς
1647 4381 1732 4449 ἁγ-

1852 4372 1997 4427 cabit
2024 4374 2244 4443 angelos
2273 4377 2363 4445 qui
2400 4377 2455 4432 in
2492 4379 2646 4434 caelis
2671 4390 2832 4446 sunt,
2875 4392 2931 4438 et
2962 4383 3163 4440 electos
3190 4386 3243 4439 in
3276 4396 3420 4442 terra

164 4481 386 4547 γέλους,
418 4481 513 4535 καὶ
548 4480 673 4543 τοὺς
706 4475 1110 4547 ἐξειλεγμένους
1138 4476 1196 4527 ἐν
1223 4475 1293 4544 γῇ
1340 4472 1475 4543 πρὸς
1515 4472 1732 4525 ἀποστο-

1854 4467 1923 4520 ad
1957 4468 2335 4536 apostolatum,
2365 4484 2423 4524 ut
2448 4472 2703 4541 populum
2738 4488 2894 4529 suum
2925 4477 3245 4547 dijudicettt.
3275 4481 3419 4548 Apo-

169 4573 297 4646 λὴν,
330 4573 469 4627 ὥστε
490 4572 581 4625 τὸν
606 4568 769 4626 αὑτοῦ
792 4568 920 4622 λαὸν
954 4568 1242 4637 διακρῖναι.
1285 4566 1347 4617 Οί
1377 4562 1486 4634 γὰρ
1513 4563 1737 4615 ἀπόστο-

1852 4560 1971 4615 stoli
2001 4560 2146 4614 enitn
2179 4562 2362 4616 fideles
2387 4564 2600 4632 quidem
2628 4566 2695 4619 ad
2724 4567 2890 4621 Deum
2923 4570 3294 4638 adduxerunt;
3325 4586 3420 4628 eos

171 4667 258 4722 λοι
308 4666 435 4731 τοὺς
485 4665 580 4737 μὲν
624 4656 976 4731 πειθομένους
1026 4654 1420 4729 προσεκόμιζον
1466 4654 1544 4725 τῷ
1595 4652 1736 4723 θεῷ,

1848 4665 1980 4704 vero
2029 4650 2123 4720 qui
2169 4666 2277 4706 non
2317 4663 2474 4707 erant
2506 4653 2916 4723 hujuscemodi,
2955 4658 3176 4714 Satanae
3212 4664 3416 4731 permi-

168 4761 295 4824 τοὶ..
317 4760 373 4813 δὲ
406 4759 478 4830 μὴ
506 4742 778 4818 τοιούτους
800 4753 1028 4824 ἠφίεσαν
1057 4750 1134 4821 τῷ
1163 4749 1396 4819 Σατανᾷ.
1842 4754 2047 4798 serunt.

242 4851 611 4922 Συναγάγετε
654 4845 814 4913 αὐτῷ
859 4845 1000 4911 τοὺς
1044 4844 1254 4908 ὁσίους
1318 4837 1527 4901 αὑτοῦ,
1597 4834 1741 4901 τοὺς

1918 4831 2082 4886 Vens.
2117 4832 2173 4897 5,
2202 4832 2256 4890 6.
2289 4836 2610 4908 Congregale
2648 4838 2731 4893 illi
2778 4850 2987 4894 sanctos
3017 4841 3133 4912 ejus
3158 4881 3173 4908 ,
3210 4845 3299 4915 qui
3326 4861 3416 4900 or-

169 4940 609 5012 διατιθεμένους
656 4938 772 5008 τὴν
802 4936 1100 5003 Διαθήκην
1137 4931 1321 4989 αὑτοῦ
1352 4929 1451 4984 ἐπὶ
1478 4928 1736 4994 θυσίαις.

1847 4924 2030 4978 dinam
2059 4923 2442 4981 Testamentum
2471 4928 2587 4997 ejus
2613 4946 2772 4999 super
2804 4932 3087 5000 sacriﬁcia.
3114 4932 3185 4987 Et
3211 4951 3415 4990 annun-

171 5032 279 5088 Καὶ
317 5029 757 5103 ἁναγγελοῦσιν
804 5030 857 5082 oi
898 5025 1140 5094 οὐρανοί
1187 5022 1302 5091 τὴν
1345 5018 1739 5083 δικαιοσύνην

1843 5015 2051 5068 tiabunt
2079 5015 2193 5071 coeli
2222 5016 2484 5085 justitiam
2512 5019 2651 5089 ejus,
2675 5023 2926 5090 quoniam
2958 5024 3094 5077 Deus
3116 5024 3285 5093 judea:
3312 5036 3411 5095 est,

169 5124 374 5189 αὐτοῦ,
419 5123 508 5177 ὅτι
554 5123 698 5187 Θεὸς
745 5118 948 5189 κριτής
984 5117 1145 5179 ἐστι,
1183 5133 1237 5168 κ.
1272 5131 1323 5167 τ.
1358 5112 1403 5164 ἐ.
1463 5111 1537 5163 Ἢ
1572 5109 1737 5179 οὐρα-

1845 5117 1953 5161 etc.
2001 5107 2091 5163 Vel
2118 5110 2240 5164 coeli
2277 5121 2407 5165 sunt
2436 5113 2488 5166 hi
2517 5113 2610 5183 qui
2640 5114 2822 5169 ferunt
2859 5133 2879 5167 ι
2914 5114 3206 5186 imaginem
3243 5120 3409 5173 cmle-

171 5221 251 5273 νο).
268 5218 438 5288 (99)οί
460 5236 477 5268 t
499 5217 599 5288 τὴν
622 5214 803 5269 είκόνα
830 5232 849 5264 ι
870 5210 1160 5282 φοροῦντες
1178 5227 1197 5260 t
1218 5205 1312 5261 τοῦ
1342 5202 1689 5275 ἐπουρανίου.
1715 5219 1734 5251 ι

1847 5195 1946 5256 stis
1963 5202 2029 5254 ".
2057 5219 2078 5253 ι
2114 5200 2209 5257 Vel
2240 5204 2343 5259 hoc
2379 5214 2462 5259 est
2491 5205 2838 5262 manifestum
2866 5248 2883 5273 ,
2916 5208 3126 5263 Domini
3154 5209 3408 5281 populmn

238 5387 283 5420 "
322 5385 455 5442 Luc.
493 5400 591 5453 ιιι,
618 5383 703 5439 49.
781 5382 829 5415 ’⁸
854 5383 987 5439 Dan.
1021 5397 1116 5449 vn,
1144 5382 1234 5439 10.
1309 5381 1353 5414 ³⁵
1382 5378 1402 5436 l
1428 5378 1555 5436 Cor.
1589 5391 1681 5445 xv,
1709 5374 1798 5432 49.

239 5549 350 5622 (93)
380 5545 929 5622 ῌΖπερμεὺπρέπεια,
949 5555 1059 5622 etc.
1088 5545 1304 5622 Baden;
1324 5543 1547 5622 Catena.

1865 5536 2021 5622 "(98)
2064 5536 2220 5591 Ἐπεὶ
2252 5536 2323 5591 ἐν
2352 5535 2803 5606 Δευτερονομίῳ,
2828 5542 2935 5592 etc.
2959 5532 3167 5591 Catena
3202 5535 3402 5593 Corde.

261 5612 350 5670 96'.
393 5619 444 5669 Ὀ
480 5612 622 5683 Θεὸς
659 5612 845 5686 ἡμῶν,
877 5628 979 5670 etc.
1011 5615 1238 5671 Schedte
1265 5612 1476 5686 Grabii.
1536 5681 1548 5686 _
1832 5612 1921 5686 ι’ἰίτ

260 5688 350 5743 97)
382 5675 632 5756 Χριστὸς
658 5675 974 5754 sinebam»,
1003 5697 1110 5740 etc.
1145 5686 1355 5741 Etedetu
1387 5681 1618 5738 schedte.

1475 5681 1618 5738 tedae.
1902 5678 2017 5751 (99)
2045 5678 2115 5735 Ἦ
2141 5677 2404 5745 οὐρανοί,
2440 5688 2545 5732 etc.
2580 5675 2781 5732 Eadem
2815 5677 3043 5731 Catena.

485 5782 750 5841 ΡΔτιιοι..
796 5781 913 5843 Gtt.
959 5782 1105 5843 ΧΗ.

3014 5771 3090 5833 [ιϐ
