3970 6160
104 230 262 290 ιιδδ

1132 225 1439 286 SELECTA
1470 228 1538 285 IN
1576 228 1911 287 PSALMOS.
1953 262 2018 271 —
2060 229 2256 286 PSAL.
2292 229 2356 287 L.

3244 228 3382 286 MM

194 353 527 419 ’Υπέλαϐες
554 352 829 421 ἀνομίαν,
862 352 951 406 ὅτι
1000 353 1214 423 ἔσομαί
1258 367 1359 407 σοι
1397 351 1618 422 ὅμοιος,
1652 371 1706 407 κ.

1892 350 2052 408 Vens.
2078 352 2168 406 2|.
2193 350 2527 406 Existimasti
2553 350 2726 421 inique
2749 349 2889 420 quod
2919 365 3008 404 ero
3045 351 3123 404 tui
3161 349 3379 413 similis,

95 461 157 499 τ.
190 446 245 499 ὲ.
280 445 569 516 Ὀμοίωσίς
597 448 745 502 ἐστιν
771 447 844 519 (9)
874 446 1024 519 ήδιά
1062 447 1170 499 τῶν
1209 445 1428 515 ἀγαθῶν
1457 443 1708 517 πράξεων

107 537 386 608 μίμησις.
438 537 638 609 Διόπερ
670 538 732 591 ού
785 541 898 601 τοῖς
950 537 1369 609 ἁμαρτάνουσιν,
1421 535 1557 590 ἀλλά
1599 536 1710 599 τοῖς

101 628 484 701 κατορθοῦσιν
515 627 856 698 ἐξομοιοῦται
887 630 918 683 ό
945 630 1168 700 Κύριος.

184 717 443 783 Μήποτε
491 716 759 785 ἁρπάσῃ,
793 718 891 771 καὶ
934 720 1006 772 οὺ
1034 717 1119 787 μὴ
1161 712 1201 789 ᾖ
1242 721 1275 771 ὁ
1309 719 1622 787 ῥυόμενος,
1653 733 1711 770 κ.

100 823 163 861 τ.
191 809 245 862 ἑ.
261 805 598 880 ’Δρπάζεται
622 808 769 879 ψυχὴ
788 807 899 878 (I0)
918 808 1193 872 παντελῶς
1218 808 1524 862 ἐκπεσοῦσα
1548 806 1704 861 Θεοῦ.

185 899 393 954 Θυσία
417 900 700 966 αἰνέσεως
740 898 988 964 δοξάσει
1012 916 1107 969 με,
1138 917 1193 955 κ.
1227 917 1276 954 τ.
1312 901 1358 954 ὲ.
1402 901 1489 953 Ἐν
1522 902 1586 971 τῇ
1619 898 1712 952 θυ-

106 990 212 1062 σίᾳ
268 992 405 1063 (II),
448 994 602 1064 φησὶ,
646 992 746 1064 τῆς
790 993 1047 1057 αἰνέσεως
1094 992 1211 1057 ὁδός
1262 995 1377 1047 ἐστι
1418 994 1516 1064 τῆς
1562 990 1713 1064 παρά

107 1078 243 1151 Θεῷ
271 1082 568 1154 σωτηρίας.
598 1082 772 1138 Θυσία
800 1083 858 1136 δὲ
888 1083 1147 1146 αἰνέσεως
1187 1083 1397 1148 δοξάσει
1426 1083 1578 1154 ἡμῶν
1618 1083 1711 1136 τὸν

109 1170 284 1236 Θεὸν,
317 1172 401 1225 ὃτι
427 1174 478 1227 oi.
506 1173 793 1244 βλέποντες
818 1174 885 1228 τά
912 1174 1055 1229 καλὰ
1082 1174 1237 1246 ἡμῶν
1266 1175 1401 1248 ἔργα
1429 1175 1711 1239 δοξάσουσι

111 1261 213 1314 τὸν
243 1262 470 1335 Πατέρα
492 1263 650 1335 ήμῶν
682 1264 771 1319 τὸν
803 1268 861 1319 ὲν
888 1268 1000 1329 τοῖς
1024 1267 1290 1338 οὐρανοῖς.
1310 1266 1399 1318 Ἑν
1422 1264 1479 1318 δὲ
1504 1263 1713 1328 τούτοις

113 1351 300 1407 ὄντων
333 1354 511 1425 ἡμῶν,
537 1356 743 1428 ἐστὶνὴ
780 1357 899 1421 ὁδὸς
942 1361 1001 1411 ὲν
1112 1356 1273 1422 δείξει
1319 1359 1448 1427 ἡμῖν
1498 1357 1528 1409 ὁ
1579 1356 1711 1420 Θεὸς

116 1442 190 1501 τὸ
237 1449 510 1521 σωτήριον
542 1449 759 1506 ἑαυτοῦ.

1713 1617 1783 1631 _

727 1735 1025 1791 ΨΛΛΜΟΣ
1061 1736 1144 1790 N'.

123 1825 245 1898 (12)
268 1897 278 1900 _
300 1826 397 1880 Ἐκ
426 1824 555 1900 ’ζῶν
594 1828 683 1900 εἰς
725 1828 832 1900 τόν
867 1834 918 1882 ν’
962 1828 1208 1899 ψαλμὸν
1245 1825 1615 1900 ἐξηγητικῶν
1649 1828 1719 1900 ὲν

198 1895 369 1970 μέρει
396 1895 510 1970 τῆς
535 1898 685 1952 κατὰ
703 1897 820 1970 τὸν
847 1895 1068 1970 οῠρῖαν
1089 1895 1499 1970 ὶστορίαςίτὴν
1521 1898 1720 1969 ἀρχὴν

201 1966 659 2037 ἀλληγορήσας,
689 1966 975 2037 ἐπιφέρει.

200 2055 268 2107 Εἰ
296 2052 355 2106 δέ
379 2070 458 2123 τῳ
493 2051 667 2122 βίαιον
696 2048 835 2106 εἶναι
864 2054 1012 2107 δοκεῖ
1034 2053 1096 2107 τὸ
1133 2055 1198 2108 ὲκ
1228 2054 1426 2127 μέρους
1456 2056 1553 2127 μὲν
1578 2058 1720 2111 ἱστο-

133 2145 262 2218 ρίαν
302 2142 697 2214 ἀλληγορῆσαι,
734 2143 807 2214 μὴ
852 2142 1169 2215 ὲξομαλίσαι
1211 2143 1267 2198 δὲ
1290 2145 1513 2217 καύτὴν,
1561 2145 1719 2216 δῆλον

125 2239 212 2293 ὅτι
243 2238 421 2292 ταῦτα
457 2235 554 2308 μὲν
596 2236 770 2307 μάτην
802 2236 1094 2304 λελέξεται,
1131 2237 1264 2291 ἀλλα
1296 2238 1351 2291 δὲ
1382 2241 1462 2304 είς
1500 2240 1591 2293 τὸν
1631 2240 1720 2292 τό-

129 2349 235 2385 πον
281 2329 573 2403 ζητητέονο
607 2331 654 2383 εί
704 2330 778 2402 μὴ
829 2330 937 2400 ἄρα
984 2330 1077 2382 ἐπὶ
1112 2330 1272 2384 πλέον
1309 2348 1391 2395 τις
1426 2330 1720 2401 βασανίσας

127 2420 205 2477 τὰ
256 2421 399 2477 κατὰ
455 2422 546 2477 τὸν
591 2422 779 2484 τόπον,
825 2419 976 2493 εὖροι
1030 2422 1209 2475 πάντα
1253 2422 1716 2494 ἀποκαταστῆσαι,

132 2512 232 2567 καὶ
257 2511 327 2566 τά
358 2512 485 2583 περὶ
510 2511 602 2565 τὸν
622 2511 971 2584 ἀναιρεθέντα
1003 2508 1189 2584 ἄνδρα,
1214 2512 1308 2567 καὶ
1333 2514 1430 2585 τὴν
1457 2513 1719 2569 δοκοῦσαν

132 2602 303 2658 αὐτοῦ
335 2603 679 2676 χρηστότητα
698 2621 713 2635 ο
749 2603 823 2675 μὴ
863 2602 1185 2674 βουλομένου
1218 2606 1299 2668 εἰς
1337 2604 1425 2659 τὸν
1453 2602 1596 2660 οἷκον
1624 2609 1721 2661 αύ-

132 2693 231 2749 τοῦ
260 2695 512 2765 γενέσθαι
546 2697 640 2749 καὶ
678 2693 1072 2761 ἀναπαύεσθαι,
1105 2694 1198 2749 τοῦ
1245 2695 1374 2750 λαοῦ
1412 2698 1470 2751 ὲν
1499 2713 1721 2768 στρατο-

134 2787 285 2859 πέδῳ
314 2787 670 2859 τυγχάνοντος
694 2788 787 2842 καὶ
807 2787 1165 2857 ἀγωνιῶντος.
1195 2789 1309 2842 Οὐκ
1348 2785 1463 2844 οἶδα
1507 2791 1565 2843 δὲ
1604 2790 1720 2855 πῶς

134 2881 188 2934 oi.
223 2880 513 2949 φεύγοντες
537 2880 636 2952 τὴν
678 2882 734 2933 ὲν
778 2878 986 2945 τούτοις
1012 2880 1357 2953 ἀλληγορίαν,
1386 2882 1480 2935 καὶ
1511 2882 1608 2955 τὴν
1635 2883 1722 2937 λέ-

137 2972 222 3038 ξιν
249 2972 316 3026 δι’
350 2972 548 3044 ἑαυτὴν
606 2972 1017 3045 ἀναγεγράφθαι
1065 2974 1392 3044 νομίζοντες,
1436 2975 1717 3047 παραστή-

1815 455 1922 501 ctc.
1953 444 2265 499 Similitudo
2288 453 2370 499 est
2404 457 2464 497 ea
2500 458 2619 513 quae
2645 457 2739 513 per
2768 443 2909 498 bona
2949 458 3113 512 opera
3159 443 3218 497 lit
3252 443 3379 497 imi-

1815 537 1967 592 tatio.
1993 536 2355 603 Quamobrem
2380 550 2485 590 non
2513 535 2910 602 peccatoribus,
2929 536 3021 590 sed
3049 545 3194 591 recte
3217 551 3381 606 agen-

1817 626 1959 681 tibus
1986 626 2320 681 assimilatur
2348 625 2629 680 Dominus.

1890 715 2049 772 Vens.
2075 714 2167 769 22.
2202 714 2496 785 Nequando
2532 717 2728 786 rapiat,
2758 724 2809 770 et
2842 702 2944 770 non
2967 717 3034 771 sit
3058 718 3147 786 qui
3166 716 3382 788 eripiat,

1818 816 1924 862 etc.
1958 806 2184 874 Rapitur
2217 809 2419 869 anima,
2445 820 2563 873 qua:
2590 807 2813 861 omnino
2834 822 2862 859 a
2895 807 3000 861 Deo
3024 807 3246 861 excidit.

1889 896 2053 952 Vens.
2086 898 2177 952 2'5.
2204 896 2537 965 Sacriﬁcium
2566 897 2739 952 laudis
2767 899 3135 967 honori/icabit
3156 914 3257 966 me,
3273 907 3380 954 etc.

1815 989 1873 1045 In
1899 989 2191 1055 sacriﬁcio,
2225 989 2422 1059 inquit,
2458 989 2636 1045 laudis
2664 999 2750 1045 est
2787 991 2925 1061 apud
2958 990 3123 1045 Deum
3160 991 3247 1045 via
3289 1006 3383 1047 sa.

1818 1080 1967 1135 Iutis.
2005 1079 2343 1135 Sacriﬁcium
2374 1082 2565 1150 autem:
2586 1081 2760 1136 laudis
2810 1082 3189 1137 bonorilicabit
3217 1083 3382 1137 Deum

1817 1180 2083 1232 nostrum,
2114 1170 2241 1239 quia
2271 1170 2362 1239 qui
2386 1171 2752 1240 videntopera
2790 1182 2974 1225 nostra
3021 1172 3178 1234 bona,
3220 1170 3385 1241 glori-

1818 1262 2059 1317 ﬁcabunt
2083 1260 2297 1316 Patrem
2328 1272 2575 1317 nostrum
2601 1263 2696 1333 qui
2728 1263 2780 1318 in
2812 1263 2964 1318 caelis
3005 1273 3083 1318 est
3119 1263 3186 1316 ³¹.
3214 1262 3386 1318 Caele-

1816 1371 1936 1411 rum
1975 1356 2101 1411 dum
2138 1355 2190 1409 in
2220 1355 2304 1410 bis
2332 1370 2632 1420 versamur,
2671 1354 2822 1409 adest
2848 1355 3003 1411 nobis
3041 1356 3147 1424 via,
3189 1355 3243 1409 in
3278 1369 3384 1422 qua

1817 1448 2066 1504 ostendet
2094 1448 2253 1503 nobis
2285 1448 2427 1502 Deus
2455 1447 2699 1502 salutare
2736 1463 2917 1503 suum.

2404 1726 2721 1784 PSALIIUS
2758 1726 2819 1781 L.

1824 1827 1908 1883 Ea:
1925 1826 2312 1882 commentariis
2344 1827 2400 1878 in
2431 1826 2690 1895 psalmum
2725 1841 2755 1879 ι.
2775 1865 2792 1888 ,
2830 1833 3103 1894 postquam
3141 1841 3207 1881 ex
3237 1834 3387 1895 parte

1889 1898 2206 2037 principium
2235 1896 2471 1950 historia:
2517 1892 2662 1949 Uria:
2706 1892 2983 1966 allegorice
3009 1892 3268 1966 exposuit,
3300 1897 3386 1951 irt-

1915 1981 2013 2022 ert.

1890 2059 1947 2114 Si
1989 2061 2073 2114 cui
2113 2068 2294 2114 autem
2325 2058 2623 2113 violentum
2666 2071 2788 2112 esse
2816 2058 3049 2121 videtur.
3076 2060 3217 2128 quod
3262 2074 3389 2127 par-

1821 2162 1925 2208 tem
1960 2152 2197 2207 historia:
2220 2152 2509 2222 allegorice
2531 2152 2897 2220 exposuerim,
2931 2167 3034 2206 nec
3059 2167 3178 2206 eam
3202 2168 3386 2222 {equa-

1821 2243 2004 2298 bilitcr
2032 2248 2418 2314 interpretatus
2465 2244 2592 2311 sim,
2635 2253 2874 2312 apertum
2920 2253 3002 2298 est
3034 2246 3147 2299 haec
3181 2256 3387 2299 temere

1823 2335 2024 2390 dictum
2055 2336 2258 2400 iri,a|ia
2280 2335 2473 2390 veroin
2506 2335 2649 2390 hunc
2678 2335 2851 2391 locum
2885 2337 3199 2406 inquirenda
3227 2352 3382 2404 esse;

1825 2428 1927 2482 nisi
1956 2426 2097 2482 forte
2121 2429 2213 2498 qui
2254 2429 2397 2483 hunc
2429 2427 2606 2482 locum
2641 2427 3053 2483 accuratissime
3088 2429 3387 2498 perpende-

1825 2519 1917 2585 rit,
1949 2520 2192 2575 inveniat
2225 2521 2493 2590 quomodo
2534 2520 2713 2573 omnia
2752 2520 3042 2586 conciliet,
3079 2530 3134 2574 et
3164 2519 3388 2575 Ιιοηιίρὶι

1822 2610 1989 2678 dium,
2023 2610 2185 2684 724
2204 2623 2258 2666 et
2281 2626 2400 2666 eam
2427 2627 2546 2681 qua-
2581 2611 2633 2664 in
2676 2612 2790 2680 ipso
2825 2611 3131 2679 videbatur,
3166 2611 3383 2666 b0nita-

1824 2712 1965 2758 tem:
1997 2704 2169 2758 noluit
2193 2704 2391 2774 quippe
2424 2703 2641 2758 domum
2690 2718 2842 2758 suam
2875 2704 3024 2757 adire
3067 2705 3251 2775 ibique
3297 2720 3386 2759 re-

1819 2796 2126 2866 quiescere,
2157 2796 2282 2849 dum
2319 2795 2545 2864 populus
2584 2794 2636 2847 in
2673 2794 2867 2849 castris
2895 2803 3093 2848 eratet
3137 2793 3382 2849 militiam

1822 2886 2103 2943 tolerabat.
2138 2886 2245 2939 Sed
2279 2887 2463 2939 nescio
2491 2885 2760 2954 quomodo
2802 2884 2892 2954 qui
2933 2884 3282 2953 allegoricum
3330 2888 3383 2938 in

1824 2982 1912 3036 bis
1938 2994 2157 3035 sensum
2193 2978 2381 3032 nolunt
2419 2976 2740 3041 admittere,
2764 2984 2811 3031 et
2846 2976 3135 3031 dictionem
3164 2989 3389 3049 propter

142 3060 324 3118 σονται
348 3062 426 3135 τῷ
457 3064 751 3135 βουλήματι
777 3064 869 3119 τοῦ
907 3063 1058 3133 ἁγίου
1088 3065 1402 3136 Πνεύματος
1424 3067 1719 3138 πράγματα

1828 3088 1884 3129 se
1916 3074 2162 3141 nudeque
2189 3071 2444 3139 scriptam
2488 3084 2609 3123 esse
2647 3077 2856 3139 putant,
2900 3080 3259 3140 assequentur
3290 3086 3388 3125 vo-

139 3156 463 3229 ἀναγραφῆς
508 3155 870 3223 ἀξιώσαντος*
906 3157 991 3225 ἐφ’
1025 3151 1106 3220 οἷς
1141 3156 1202 3208 ού
1242 3155 1400 3227 μόνον
1438 3156 1718 3220 ἀκολασία,

141 3245 276 3300 ἀλλά
309 3247 403 3301 καὶ
430 3247 650 3319 ὠμότης
693 3248 787 3301 καὶ
816 3246 1180 3319 ἀπανθρωπία
1214 3249 1598 3318 κατηγορεῖται
1626 3246 1721 3299 τοῦ

142 3338 326 3398 Δαυῒδ.
354 3338 720 3412 τολμήσαντος
753 3342 832 3405 εἰς
852 3339 940 3393 τὸν
967 3339 1168 3411 Οὐρίαν
1188 3340 1416 3411 πρᾶγμα
1444 3337 1722 3411 ἀλλότριον

144 3430 238 3486 καὶ
269 3429 362 3485 τοῦ
404 3431 655 3503 τυχόντος
679 3431 841 3502 ἤθους
873 3430 1106 3504 μετρίως
1140 3429 1531 3500 βελτιωθέντος.
1582 3430 1721 3500 Ἐγὼ

142 3523 200 3577 δὲ
230 3522 435 3595 εἴποιμι
467 3522 553 3588 ἂν,
586 3524 688 3589 ὅτι,
719 3522 909 3596 ὥσπερ
937 3524 993 3576 αἱ
1024 3522 1234 3595 κρίσεις
1259 3522 1354 3577 τοῦ
1385 3523 1519 3577 Θεοῦ
1556 3525 1721 3595 μεγά-

143 3615 231 3669 λαι
269 3616 361 3670 καὶ
393 3616 736 3688 δυσδιήγητοί
779 3619 905 3681 είσι,
941 3616 1191 3672 δοκοῦσαι
1226 3617 1395 3671 αἰτίαι
1435 3609 1720 3687 τυγχάνειν

144 3708 236 3763 τοῦ
261 3708 360 3774 τάς
388 3709 746 3774 ἀπαιδεύτους
778 3710 1081 3765 πλανᾶσθαι
1107 3710 1304 3781 ψυχάς,
1350 3708 1492 3764 οὕτω
1541 3711 1634 3764 καὶ
1664 3710 1719 3764 αί

146 3799 357 3874 Γραφαὶ
392 3800 556 3855 αὐτοῦ
589 3802 824 3873 μεγάλαι
861 3803 957 3874 μὲν
991 3804 1084 3859 καὶ
1130 3802 1554 3875 πεπληρωμέναι
1596 3821 1721 3876 νοηι

152 3895 332 3966 μάτων
368 3894 507 3949 εἰσὶν
550 3896 874 3969 ἀπορρήτων
915 3895 1008 3948 καὶ
1042 3894 1317 3967 μυστικῶν
1355 3895 1449 3949 καὶ
1483 3893 1720 3947 δυσθεω-

153 3988 358 4058 ρήτωνο
388 3987 589 4059 σφόδρα
622 3986 679 4041 δὲ
721 3988 815 4042 καὶ
862 3987 1202 4061 δυσδιήγητοί
1253 3988 1379 4049 είσι,
1417 3986 1511 4039 καὶ
1550 3985 1720 4038 αἰτίαι

147 4079 357 4133 δοκοῦσι
398 4079 492 4132 τοῦ
534 4079 634 4144 τάς
674 4078 1027 4142 ἀπαιδεύτους
1075 4077 1374 4131 πλανᾶσθαι
1401 4077 1510 4130 τῶν
1542 4077 1723 4148 ἑτερο-

148 4166 310 4234 δόξων
357 4168 556 4240 ψυχάς,
602 4167 1016 4241 ἀπερισκέπτως
1065 4171 1159 4223 καὶ
1206 4168 1343 4241 μετά
1395 4168 1723 4240 προπετείας

152 4259 592 4334 κατηγορούντων
631 4261 725 4315 τοῦ
770 4261 904 4316 Θεοῦ
940 4262 999 4329 ἐξ
1038 4254 1111 4316 ὧν
1152 4261 1213 4316 ού
1256 4260 1434 4315 νοοῦσι
1468 4261 1719 4333 Γραφῶν,

151 4354 243 4409 καὶ
277 4351 363 4406 διά
413 4349 570 4406 τοῦτο
623 4352 992 4406 ἐκπιπτόντων
1028 4352 1120 4405 ἐπὶ
1169 4350 1519 4421 ἀναπλασμὺν
1561 4349 1720 4406 ἄλλου

154 4444 305 4500 Θεοῦ.
347 4442 609 4513 Ἀσφαλὲς
633 4440 725 4498 οὖν
752 4443 812 4497 τὸ
844 4444 1156 4516 περιμένειν
1183 4442 1280 4514 τὴν
1307 4442 1601 4515 ἑρμηνείαν
1631 4441 1725 4495 τοῦ

158 4534 479 4606 σαφηνιστοῦ
522 4536 726 4604 Λόγου,
775 4536 867 4589 καὶ
895 4553 919 4586 ι
952 4535 1049 4606 τῆς
1092 4536 1149 4588 ὲν
1204 4535 1484 4606 μυστηρίῳ
1535 4534 1726 4602 σοφίας

157 4628 428 4699 ἀποκεκρυ
439 4627 671 4700 μμένης,
697 4628 763 4700 ἢν
780 4627 955 4691 οὐδεὶς
981 4626 1088 4681 τῶν
1109 4627 1384 4699 ἀρχόντων
1410 4624 1502 4681 τοῦ
1532 4626 1726 4691 αίῶνος

156 4720 337 4775 τούτου
366 4718 591 4791 ἔγνωκε,
627 4719 769 4774 κατά
812 4718 1151 4789 ἀποκάλυψιν
1190 4717 1488 4791 μυστηρίου
1517 4718 1728 4790 χρόνοις

159 4810 386 4876 αἰωνίοις
415 4811 793 4883 σεσιγημένου,
817 4831 835 4863 ι
862 4810 1262 4882 φανερωθέντος
1286 4812 1396 4875 τοῖς
1413 4809 1728 4874 ἀποστόλοις

159 4903 249 4957 καὶ
275 4906 384 4968 τοῖς
414 4904 644 4968 ἐκείνοις
675 4900 1094 4975 παραπλησίοις,
1127 4903 1215 4956 διά
1245 4920 1302 4956 τε
1326 4901 1558 4974 Γραφῶν
1597 4918 1729 4974 προ-

161 4995 395 5067 φητικῶν
441 4994 666 5066 καὶτῆς
704 4993 1002 5067 γενομένης
1039 4997 1119 5059 είς
1167 4995 1364 5058 αὐτοὺς
1409 4994 1729 5064 ἐπιφανείας

159 5088 248 5141 τοῦ
290 5087 540 5161 Σωτῆρος
588 5089 746 5162 ἡμῶν
793 5090 965 5159 Λόγου
998 5087 1091 5142 τοῦ
1124 5108 1143 5141 ι
1170 5088 1228 5143 ὲν
1265 5089 1404 5160 ἀρχῇ
1455 5085 1592 5158 πρὸς
1637 5086 1728 5140 τὸν

163 5178 301 5235 Θεόν.
340 5201 359 5234 ι

238 5277 518 5345 Ἐλέησόν
548 5278 690 5347 tum!
724 5273 887 5343 Θεὸς,
922 5293 975 5330 κ.
1003 5289 1055 5330 τ.
1087 5277 1134 5329 ὲ.
1181 5272 1349 5329 Ἐλεεί
1390 5273 1445 5327 δὲ
1488 5272 1586 5344 τὴν
1629 5271 1729 5343 φύ-

246 5418 286 5451 ⁸¹
309 5416 495 5482 Matth.
518 5435 571 5481 ν,
598 5420 684 5473 16.
791 5418 834 5450 ³’
862 5417 885 5472 ι
911 5416 1038 5473 Cor.
1073 5418 1195 5485 tt,7,
1230 5417 1297 5484 8;
1322 5417 1479 5472 Rom.
1512 5430 1622 5483 xw,
1643 5413 1736 5472 23.

232 5536 300 5674 i9)
333 5540 642 5607 Ὀμοίωσίς
666 5539 856 5605 ἐστιν,
881 5548 989 5595 etc.
1015 5537 1180 5594 Iidem
1208 5553 1337 5595 mss.

262 5609 341 5665 I0)
377 5608 715 5674 Ἀρπάζέται
738 5609 931 5674 ψυχή,
971 5619 1079 5664 etc.
1113 5609 1277 5664 Iidem
1303 5626 1336 5663 η

262 5609 341 5679 I0)
377 5608 715 5679 Ἀρπᾴζέται
738 5609 931 5679 ψυχή,
971 5619 1079 5664 etc.
1113 5609 1277 5679 Iidem
1303 5625 1433 5667 mss.

237 5678 338 5749 (It)
370 5679 472 5734 Ἐν
499 5678 572 5748 τῇ
595 5682 797 5749 θυσίᾳ,
826 5678 931 5736 etc.
961 5680 1163 5736 catena
1187 5678 1453 5737 Corderii.

1824 3164 2084 3219 luntatetn
2121 3163 2297 3217 sancti
2330 3160 2586 3231 Spiritus,
2611 3161 2703 3230 qui
2727 3161 3023 3230 scriptione
3051 3176 3138 3216 res
3178 3177 3275 3217 eas
3303 3164 3388 3216 di-

1820 3272 1956 3329 gnas
1979 3255 2267 3323 judicavit,
2299 3254 2355 3309 in
2386 3254 2582 3323 quibus
2614 3270 2720 3309 non
2766 3256 2941 3310 solum
2980 3256 3152 3325 turpis
3194 3256 3384 3323 libido,

1823 3349 1918 3403 sed
1944 3356 1996 3402 et
2028 3346 2320 3402 credulitas
2345 3357 2395 3401 et
2432 3346 2802 3401 inhumanitas
2843 3346 3009 3401 David
3036 3348 3385 3415 coarguitur,

1820 3441 1913 3512 qui
1969 3455 2135 3494 ausus
2174 3448 2318 3494 esset
2357 3452 2485 3508 erga
2527 3436 2712 3493 Uriam
2750 3436 2960 3493 facinus
2996 3438 3382 3493 alienissimum

1823 3547 1850 3585 a
1898 3531 2092 3600 quovis
2140 3529 2377 3590 homine.
2425 3529 2509 3583 vel
2554 3530 2902 3585 mediocriter
2942 3531 3097 3585 bonis
3138 3532 3384 3587 moribus

1810 3624 2056 3680 exculto.
2088 3624 2198 3695 Ego
2220 3633 2399 3679 autem
2428 3623 2676 3688 dixerim,
2699 3622 3145 3692 quemadmodum
3177 3624 3383 3692 judicia

1822 3714 1914 3772 Dei
1931 3730 2123 3785 magna
2155 3712 2617 3782 etinexplicabilia
2649 3721 2864 3775 suut,et
2891 3712 3143 3766 videntur
3163 3714 3386 3769 rudibus

1822 3809 2092 3863 mentibus
2126 3807 2329 3862 erroris
2377 3821 2592 3861 causam
2640 3807 2789 3870 dare,
2830 3805 2902 3859 ita
2933 3803 3026 3858 Dei
3074 3804 3385 3875 Scripturas

1823 3898 2266 3969 magnasquidem
2295 3907 2345 3954 et
2361 3899 2572 3953 arcanis
2596 3897 2967 3967 abstrusisque
2983 3911 3046 3953 ac
3061 3897 3386 3954 difficillima!

1822 3991 2278 4047 consideratiouis
2308 3991 2594 4045 sententiis
2625 3990 2854 4044 refertas
2894 4003 3047 4056 esse;
3084 3991 3175 4046 sed
3206 4000 3261 4045 ct
3287 3991 3388 4045 dil~

1825 4081 2119 4137 ticillimam
2147 4082 2348 4137 habere
2376 4081 2817 4150 explicationem,
2843 4089 2898 4135 et
2924 4083 3092 4137 videri
3125 4085 3287 4139 rudes
3321 4101 3386 4139 ac

1823 4173 2054 4229 incultos
2085 4173 2461 4227 haereticorum
2498 4173 2707 4227 animos
2729 4172 2781 4226 in
2812 4187 3054 4228 errorem
3082 4175 3384 4244 impulisse,

1824 4268 1916 4337 qui
1941 4265 2342 4321 inconsiderate
2369 4273 2424 4319 et
2454 4264 2717 4334 praecipiti
2754 4266 3061 4320 temeritate
3093 4266 3261 4321 Deum
3291 4281 3385 4323 re-

1823 4357 2169 4430 prehendunt
2209 4372 2276 4412 ex
2310 4355 2377 4412 iis
2403 4371 2541 4426 quas
2569 4371 2674 4410 non
2705 4356 3034 4425 intelligunt,
3065 4356 3388 4428 Scripturis,

1759 4433 2060 4519 Dindeque
2105 4446 2172 4501 ad
2203 4446 2367 4501 alium
2414 4445 2583 4500 Deum
2646 4443 2953 4514 ﬁngendum
3009 4443 3387 4513 prolabuntur.

1825 4537 2015 4608 Itaque
2044 4547 2216 4592 tutum
2239 4545 2324 4593 est
2365 4537 2737 4607 explanatoris
2784 4536 2946 4593 Verbi
2985 4536 3389 4607 interpretatio-

1827 4645 1954 4685 nem
1979 4639 2316 4700 exspectare,
2344 4638 2400 4683 et
2425 4649 2444 4683 ι
2485 4629 2601 4699 ejus
2628 4642 2746 4699 quae
2773 4629 2824 4683 in
2861 4627 3124 4699 mysterio
3149 4628 3386 4684 abscon-

1829 4722 1939 4778 dita
1972 4732 2078 4787 est,
2127 4722 2422 4793 sapientiae,
2461 4736 2623 4791 quam
2674 4736 2832 4776 nemo
2878 4721 3182 4793 principum
3232 4720 3389 4787 hujus

1829 4816 2011 4871 saeculi
2049 4816 2217 4878 novit,
2249 4815 2543 4869 secundum
2575 4814 2954 4870 revelationem
2988 4815 3228 4884 mysterii
3254 4825 3388 4870 tem-

1830 4909 2050 4977 poribus
2090 4907 2309 4963 :etcrnis
2361 4906 2663 4963 absconditi
2693 4906 2762 4971 ³⁸,
2805 4925 2824 4959 ι
2863 4906 3123 4960 declarati
3169 4916 3390 4974 aposto~

1796 4997 1899 5083 -Iis
1928 5007 2193 5053 eteorum
2237 4998 2507 5055 similibus
2539 5011 2637 5068 per
2675 4998 2988 5068 Scripturas
3016 4998 3388 5067 propheticas,

1829 5100 1884 5146 et
1911 5091 2214 5146 Servatoris
2241 5093 2410 5147 nostri
2436 5091 2633 5155 Verbi,
2666 5091 2808 5158 quod
2834 5108 2854 5142 ι
2886 5099 3006 5144 erat
3043 5090 3095 5144 in
3124 5088 3388 5161 principio

1832 5183 1970 5252 apud
2004 5183 2168 5237 Deum
2194 5182 2258 5248 ³³,
2290 5200 2310 5234 ι
2347 5183 2401 5237 in
2430 5184 2574 5252 ipsos
2595 5193 2863 5237 exortum.
2909 5219 2914 5223 ι

1887 5270 2119 5331 γεκαὶ
2142 5272 2388 5328 Miserere
2404 5274 2524 5338 mei,
2547 5272 2705 5338 Deus,
2725 5281 2834 5327 etc.
2853 5270 3066 5324 Naturae
3086 5272 3390 5338 miseretur,

1847 5411 2066 5474 "Joan.
2093 5432 2134 5483 ι,
2166 5413 2218 5470 l.

1893 5537 2009 5619 μὶ)
2061 5537 2249 5593 Exstat
2296 5539 2399 5592 hoc
2445 5536 2805 5605 fragmentum
2852 5531 3157 5586 Philol-aliae
3215 5536 3395 5601 capite

1825 5623 2020 5678 primo.
2644 5626 2647 5627 '
