3970 6160
553 217 700 269 1485

1924 209 2018 264 EX
2054 208 2355 267 ORIGENE

3705 210 3795 266 εει

557 334 653 405 qui
696 341 943 388 naturam
991 327 1248 385 formavit
1285 328 1470 386 multis
1515 331 1721 387 morbis
1757 332 2047 388 obnoxiam
2072 343 2121 389 et

2229 349 2312 386 σιν
2342 330 2451 406 (i3)
2496 332 2527 386 6
2560 332 2770 398 πλάσας
2813 332 2985 406 αὐτὴν
3021 332 3464 389 πολυνοσοῦσαν
3491 329 3561 386 τὸ
3600 331 3800 404 ἀδρανὲς

563 425 910 484 imbecillem:
925 424 1128 496 peccati
1145 420 1287 480 enim
1308 424 1557 479 inventor
1572 436 1806 481 mentem
1825 429 2126 497 perturbat,

559 519 882 588 adiutricem
910 517 1120 573 habens
1161 516 1330 588 legem
1366 517 1420 572 in
1458 518 1716 573 membris
1756 518 1941 574 carnis
1985 517 2130 575 fero-

558 614 795 667 cientem
827 629 841 665 :
881 609 948 665 ad
981 609 1149 664 Deum
1188 621 1320 678 ergo
1349 609 1714 665 accedendum
1750 618 1873 675 est;
1910 608 1978 663 ab
2012 611 2129 678 ipso

554 704 704 758 enim
731 702 910 757 omnis
945 699 1226 755 fortitudo.
1260 698 1510 754 Forsitan
1547 713 1679 753 vero
1709 714 1830 753 cum
1867 699 2132 770 praevide-

569 804 677 858 ret,
705 794 822 849 fore
845 803 905 848 ut
923 793 1173 850 Christus
1192 792 1482 865 aliquando
1501 791 1554 845 in
1573 790 1734 846 terris
1763 792 2125 859 illucesceret,

556 898 614 940 et
641 898 803 941 omne
842 885 1028 940 mundi
1078 893 1361 954 peccatum
1399 882 1660 948 auferret,
1694 882 2126 939 misericordiam

561 993 812 1050 magnam
855 977 1052 1034 merito
1090 978 1232 1031 hanc
1280 975 1418 1030 adeo
1461 973 1726 1043 insignem
1767 982 1823 1027 et
1862 973 2126 1029 illustrem

554 1076 790 1145 gratiam
817 1071 1072 1143 appellat.
1101 1068 1380 1140 Siquidem
1398 1069 1655 1138 scriptum
1680 1075 1784 1132 est,
1807 1066 1948 1136 quod
1967 1084 1987 1118 ι
2006 1080 2126 1121 om-

548 1170 644 1223 nis
691 1165 951 1235 iniquitas
997 1162 1261 1232 oppilabit
1307 1176 1369 1215 os
1416 1174 1573 1214 suum
1599 1158 1665 1214 “.
1720 1176 1739 1210 ι
1792 1156 1925 1212 Nam
1970 1157 2127 1227 juxta

557 1258 874 1330 Apostolum
899 1256 970 1324 ³⁸,
1003 1274 1021 1308 ι
1046 1257 1188 1311 Deus
1215 1254 1306 1323 qui
1321 1251 1608 1323 justiticat,
1632 1250 1753 1319 quis
1780 1259 1866 1305 est
1885 1250 1974 1320 qui
1998 1264 2129 1306 con-

556 1350 814 1407 demnet?
847 1368 867 1401 ι

625 1443 792 1499 νειιε.
806 1442 861 1498 4.
880 1440 1119 1506 Amplius
1134 1439 1251 1495 lava
1271 1445 1487 1501 me.etc.
1502 1434 1726 1491 Deletur
1739 1433 1995 1503 iniquitas
2008 1434 2126 1504 ejus

557 1533 650 1604 qui
672 1549 777 1588 non
799 1533 1031 1603 amplius
1052 1530 1236 1600 inique
1257 1529 1387 1598 agit;
1405 1528 1494 1596 qui
1513 1542 1639 1583 vero
1654 1526 2125 1597 ampliuslavatnr,

554 1626 603 1681 is
630 1641 661 1680 a
710 1633 934 1694 peccato
964 1637 1062 1678 suo
1098 1622 1406 1677 nmndatur.
1440 1618 1612 1673 Unius
1641 1619 1811 1687 igitur
1852 1618 2125 1686 operatio-

555 1716 641 1773 nis
668 1726 752 1773 est
776 1713 1123 1784 intelligentia
1151 1712 1362 1767 diversa
1390 1727 1404 1763 :
1429 1709 1697 1780 siquidem
1726 1708 1816 1763 illa
1844 1711 1962 1764 sine
1985 1708 2120 1779 lege,

556 1810 676 1866 haec
704 1823 835 1865 vero
868 1807 1001 1876 legis
1022 1805 1371 1861 violationem
1406 1802 1715 1873 significat;
1760 1812 1913 1871 rogat
1942 1810 2123 1856 autem

553 1911 616 1959 ut
642 1903 782 1958 hanc
814 1899 988 1964 eluat,
1032 1899 1080 1954 is
1114 1896 1206 1967 qui
1248 1911 1278 1950 a
1327 1910 1491 1966 prava
1532 1893 1820 1949 affectione
1856 1892 2125 1948 mundare

549 2003 753 2067 putest.
780 1992 988 2048 Rursus
1026 1998 1207 2044 autem
1238 1990 1465 2043 observa
1495 1987 1698 2042 Christi
1749 1986 2066 2057 mysterium
2103 2001 2120 2040 :

551 2086 730 2141 virtus
759 2084 906 2139 enim
950 2080 1313 2151 baptismatis,
1353 2094 1473 2151 quae
1522 2079 1747 2149 legalem
1777 2088 1999 2148 superat
2024 2092 2122 2132 ex-

550 2175 888 2248 piationem,
969 2170 1127 2242 hujus
1173 2186 1391 2243 quoque
1444 2172 1643 2228 anima:
1716 2170 2121 2226 mundationem

551 2268 955 2432 οπξέδγειιε.
969 2357 1022 2413 6.
1040 2353 1156 2410 Tibi
1172 2355 1272 2409 soli
1290 2355 1515 2423 peccavi,
1535 2363 1641 2408 etc.
1657 2351 1821 2417 istud,
1838 2369 1859 2403 ι
1881 2359 1960 2415 ut,
1982 2369 2001 2403 ι
2019 2350 2123 2407 hoc

552 2454 674 2510 loco
707 2468 811 2509 non
832 2462 915 2507 est
931 2451 1158 2505 redditu)
1175 2462 1384 2503 causae:
1407 2463 1513 2502 non
1537 2447 1682 2501 enim
1702 2446 1822 2500 ideo
1853 2460 2019 2515 pecca
2031 2460 2120 2501 ve-

551 2555 705 2611 runt,
719 2553 778 2598 ut
790 2542 1179 2613 justiticaretur
1197 2539 1336 2594 Dens
1354 2539 1406 2592 in
1422 2536 1763 2592 sermonibus
1777 2537 1911 2591 suis.
1930 2534 2122 2591 Merito

552 2647 736 2694 autem
758 2636 900 2692 Deus
914 2631 1335 2704 justiticabatur,
1355 2630 1497 2698 quod
1521 2627 1624 2697 ipsi
1644 2626 1921 2682 beneﬁciis
1939 2624 2119 2679 adfecti

536 2730 883 2788 «exsisterent
903 2725 1126 2795 ingrati.
1148 2722 1411 2790 Quoniam
1426 2736 1550 2776 cum
1568 2720 1707 2777 Deus
1720 2720 1785 2775 de
1802 2719 2119 2789 paenitentia

535 2822 917 2883 «disseruisset,
952 2818 1181 2873 dicendo
1207 2830 1268 2870 se
1294 2830 1399 2870 non
1424 2814 1561 2869 velle
1590 2823 1818 2869 mortem
1868 2822 2119 2882 peccato-

551 2918 650 2979 ris,
687 2915 781 2970 sed
818 2923 877 2968 ut
917 2911 1088 2981 magis
1127 2919 1474 2966 convertatur
1512 2918 1567 2962 et
1616 2907 1797 2971 vivat,
1825 2905 2119 2974 prudenter

536 3008 930 3081 praedictorum
970 3004 1255 3057 verborum
1289 3000 1617 3057 mentionem
1657 2997 1803 3063 fecit,
1834 2997 1976 3052 idem
2004 2994 2117 3051 eiii-

536 3102 703 3157 ciens
732 3113 796 3153 ac
825 3099 868 3151 si
903 3096 1048 3151 dicat
1082 3092 1385 3161 :Quoniam
1417 3091 1462 3147 si
1499 3090 1631 3147 tnihi
1663 3090 1948 3160 pmnitenti
1993 3104 2119 3144 con-

552 3188 861 3251 donaveris,
889 3195 945 3241 et
971 3186 1339 3239 convertentis
1359 3184 1608 3238 misertus
1634 3180 1823 3244 fueris,
1850 3180 2119 3250 justifica-

549 3282 700 3338 beris
726 3280 780 3334 in
810 3278 1153 3333 sermonibus
1182 3276 1310 3341 tuis,
1330 3286 1386 3330 ut
1407 3274 1498 3344 qui
1537 3289 1701 3328 verax
1732 3274 2119 3329 demonstreris

543 3374 606 3429 in
644 3371 926 3444 promissis
957 3371 1105 3435 tuis;
1139 3378 1196 3423 et
1236 3368 1289 3421 in
1338 3376 1579 3436 tempore
1631 3365 2004 3422 retributionis
2031 3380 2119 3421 me

546 3484 618 3525 ex
658 3464 974 3539 pcenitentia
1029 3461 1462 3517 misericordiam
1512 3469 1866 3515 consecutum
1898 3460 1952 3514 in
2008 3474 2118 3515 me-

549 3563 697 3616 dium
727 3555 1190 3625 adducens,jnste
1215 3552 1489 3624 judicabis
1515 3567 1610 3607 eos
1636 3552 1727 3623 qui
1760 3567 1867 3607 non
1904 3551 2119 3623 egerint

541 3652 944 3725 paenitentiam.

619 3747 893 3819 Ejusdem.
925 3744 1057 3801 Cum
1070 3743 1291 3815 agendo
1316 3755 1621 3811 peccamus,
1650 3749 1763 3794 tum
1785 3737 2113 3805 hominibus,

550 3853 663 3897 tum
694 3842 803 3896 Deo
830 3852 1153 3909 peccamus;
1181 3850 1303 3890 cum
1332 3848 1462 3888 vero
1491 3840 1671 3886 mente
1711 3830 2074 3899 delinquimus
2097 3871 2113 3896 ,

550 3935 660 3989 Deo
690 3932 791 3988 soli
822 3945 1133 4002 peecanms.
1164 3927 1256 3985 Vel
1284 3940 1381 3997 pro
1401 3940 1470 3981 eo
1503 3925 1554 3979 id
1579 3924 1812 3995 positum
1840 3933 1923 3979 est
1950 3939 1964 3975 :
1989 3921 2115 3977 Tibi

550 4028 645 4085 soli
676 4026 948 4097 cognitum
970 4034 1052 4079 est
1076 4032 1373 4093 peccatum.

620 4118 783 4174 νειε.
817 4116 905 4173 ﬂ.
935 4114 1111 4170 Redde
1149 4113 1275 4167 mihi
1314 4112 1578 4175 (mitium,
1619 4118 1727 4163 etc.
1764 4107 1861 4162 Cui
1908 4106 2113 4178 aliquid

547 4212 800 4275 debetur,
820 4208 895 4263 illi
920 4207 1166 4263 redditur
1187 4222 1201 4259 :
1228 4203 1469 4259 redditur
1488 4217 1618 4273 ergo
1637 4210 1844 4256 natura:
1864 4197 2112 4255 rationali

545 4302 736 4360 laetitia
760 4299 1015 4357 salutaris
1045 4297 1175 4362 Dei;
1199 4306 1255 4352 et
1284 4295 1582 4367 qnispiritu
1607 4292 1890 4363 principali
1914 4291 2116 4346 conﬁr-

2228 425 2505 479 κατασείει
2528 424 2639 497 γάρ
2659 426 2748 479 τὸν
2774 426 2901 479 νοῦν
2924 429 2954 480 6
2980 427 3080 498 τῆς
3111 426 3429 499 ἁμαρτίας
3461 426 3709 496 εὑρετὴς,
3731 443 3803 478 εθι-

2226 517 2386 586 εργδν
2406 515 2544 586 ἔχων
2562 516 2654 570 τὸν
2673 518 2732 570 ὲν
2751 518 2866 581 τοῖς
2898 515 3085 587 μέλεσι
3111 518 3216 589 τῆς
3238 515 3485 588 σαρκὸς
3508 516 3809 587 ἀγριαίνοντα

2227 607 2389 676 νόμον
2407 623 2421 637 ο
2452 606 2734 680 προσιτέον
2757 602 2851 660 οὖν
2881 606 3029 678 Θεῷ·
3057 610 3211 664 πᾶσα
3237 608 3375 678 γὰρ
3408 608 3586 675 ἰσχὺς
3614 607 3729 677 παρ’
3752 612 3811 661 :5.

2224 698 2342 752 τοῦ.
2372 698 2525 770 Τάχα
2550 698 2608 752 δὲ
2632 700 2727 753 καὶ
2752 700 3039 770 προγνοὺς,
3063 701 3146 753 ὅτι
3169 700 3333 754 κατά
3365 700 3622 770 καιροὺς
3641 700 3818 770 tuli;-

2224 789 2317 860 ψει
2342 793 2455 855 τοῖς
2483 792 2577 846 ἐπὶ
2611 791 2716 864 γῆς
2744 793 2774 844 6
2815 792 3051 864 Χριστὸς
3094 793 3438 863 ὲξαλείᾲων
3476 795 3666 845 πᾶσαν
3692 795 3819 863 ἁμαρ

2224 883 2347 936 τίαν
2372 882 2466 937 τοῦ
2506 884 2731 956 κόσμου,
2756 885 2903 949 ἕλεος
2932 885 3075 956 μέγα
3121 885 3229 957 τὴν
3272 885 3459 939 οὕτω
3502 885 3826 957 λαμπρὼεὶ-

2226 978 2399 1043 κότως
2424 980 2582 1052 χάριν
2611 980 2793 1034 καλεϊ’
2819 980 3131 1052 γέγραπται
3151 982 3272 1053 γὰρ
3298 983 3405 1035 ὅτι
3447 1000 3472 1033 ε
3509 985 3670 1035 πᾶσα
3694 984 3827 1053 ἀμαρ-

2225 1067 2316 1120 τία
2343 1069 2609 1140 ὲμφράξει
2636 1070 2699 1123 τὸ
2721 1070 2892 1141 στόμα
2920 1070 3113 1141 αὐτῆς.
3155 1091 3176 1124 ι
3206 1072 3395 1126 Κατὰ
3438 1072 3573 1144 γὰρ
3593 1073 3685 1126 τὸν
3710 1075 3831 1128 ’Δεξ-

2228 1157 2431 1224 στολον,
2464 1179 2483 1212 ι
2511 1158 2644 1224 Θεὸς
2670 1163 2699 1213 6
2726 1159 2967 1228 δικαιῶν,
3001 1162 3085 1226 τίς
3111 1163 3141 1214 6
3167 1165 3610 1236 meaxpivwv;
3641 1185 3665 1216 ι

2310 1430 2437 1485 Ἐπὶ
2463 1431 2675 1486 πλεῖον
2699 1431 2937 1487 πλῦνάν
2958 1450 3055 1501 με,
3078 1451 3134 1488 κ.
3165 1453 3222 1488 τ.
3258 1437 3312 1491 ὲ.
3348 1437 3487 1491 Τοῦ
3533 1437 3836 1509 μηκέτιϋῆ

2224 1523 2552 1592 ἀνομοῦντος
2576 1522 2912 1591 ἐξαλείφεται
2936 1524 2996 1577 τὸ
3033 1526 3342 1598 ἀνόμημα·
3379 1532 3415 1582 ὁ
3456 1530 3528 1583 δὲ
3555 1533 3657 1582 ἐπὶ
3694 1531 3838 1583 πὶεξα

2226 1615 2447 1679 «mea;
2474 1615 2825 1687 καθαρίζεται
2856 1616 2962 1670 ἀπὸ
2987 1618 3088 1689 τῆς
3123 1621 3437 1693 ἁμαρτίας
3482 1624 3695 1677 αὐτοῦ.
3716 1626 3840 1681 Κανὰ

2154 1682 2198 1740 Β
2229 1706 2355 1777 μιᾶς
2383 1705 2562 1759 τοίνυν
2594 1682 2870 1777 ἐνεργείας
2915 1682 3127 1764 ἐπίνοια
3159 1682 3474 1787 διάιρορος.
3523 1716 3600 1769 Ἠ
3641 1716 3739 1787 μὲν
3759 1720 3841 1788 γάρ

2223 1800 2391 1871 χωρὶς
2414 1799 2600 1870 νόμου,
2632 1802 2665 1870 ἡ
2694 1798 2752 1853 δὲ
2777 1802 2917 1857 κατά
2944 1804 3110 1875 νόμου
3160 1807 3524 1877 παράϐασιν
3577 1810 3752 1881 δηλοῖ.
3776 1812 3845 1862 Δὶ.

2222 1894 2308 1945 τεί
2337 1891 2393 1945 δὲ
2423 1891 2629 1964 ταύτην
2673 1894 2935 1949 ὲκπλῦναι
2964 1897 3055 1950 τὸν
3088 1898 3348 1971 καθᾶραι
3400 1902 3736 1973 δυνάμεων
3759 1905 3845 1957 ἀπὸ

2221 1983 2323 2053 τῆς
2374 1983 2613 2055 χείρονος
2644 1985 2829 2052 ἕξεως.
2863 1988 3003 2060 Ὅρα
3032 1989 3091 2042 δὲ
3136 1990 3237 2043 τοῦ
3286 1993 3568 2065 Χριστοῦ
3615 1996 3776 2049 πάλιν
3799 1996 3846 2048 es

2225 2077 2551 2148 μυστήριον·
2583 2077 2681 2149 τὴν
2719 2078 2827 2151 γὰρ
2854 2082 2912 2134 ὲν
2945 2080 3094 2152 νόμῳ
3121 2083 3421 2155 κάθαρσιν
3449 2089 3489 2159 ἡ
3521 2087 3633 2140 τοῦ

2224 2184 2428 2236 σματος
2464 2168 2865 2241 ὑπερϐαίνουσα
2899 2171 3145 2245 δύναμις,
3194 2174 3301 2228 καὶ
3335 2176 3579 2250 ταύτης
3617 2180 3723 2249 τῆς
3761 2181 3844 2249 ᾠν-

2221 2260 2322 2332 χῆς
2351 2261 2643 2333 ἐργάζεται
2675 2263 2956 2336 κάθαρσιν.

2290 2352 2393 2407 Σοὶ
2433 2354 2598 2423 μόνῳ
2640 2354 2926 2425 ἥμαρτον,
2960 2374 3015 2410 κ.
3049 2375 3100 2410 τ.
3140 2358 3190 2413 ὲ.
3222 2360 3353 2413 Οὐκ
3383 2362 3721 2416 αἰτιατικῶν
3746 2360 3838 2432 (l5)

2221 2445 2338 2498 ἐστι
2362 2445 2519 2499 τοῦτο
2550 2445 2630 2511 τὸ,
2661 2466 2680 2498 ι
2712 2447 2891 2511 ὅπως·
2935 2467 2955 2500 ι
2983 2449 3043 2502 οὐ
3070 2449 3182 2521 γὰρ
3226 2450 3327 2504 διὰ
3383 2454 3561 2508 τοῦτο
3606 2456 3837 2525 ἡμάρτε-

2220 2553 2329 2602 νον,
2359 2538 2507 2601 ὅπως
2551 2539 2618 2592 ἂν
2651 2539 2910 2613 δικαιωθῇ
2941 2540 2970 2590 6
3009 2541 3139 2605 Θεὸς
3175 2545 3238 2594 ἐν
3270 2546 3406 2608 τοῖς
3435 2545 3635 2614 λόγοις
3671 2545 3833 2600 αὐτοῦ.

2233 2627 2564 2682 Ἐδικαιοῦτο
2595 2629 2650 2683 δὲ
2670 2632 2697 2684 6
2724 2631 2856 2696 Θεὸς
2878 2632 3100 2696 εἰκότως
3124 2634 3221 2702 ἀφ’
3251 2627 3339 2689 ὧν
3378 2638 3599 2691 ἐκεῖνοι
3629 2640 3831 2709 εὐερτξ·

2217 2721 2470 2793 τούμενοι
2506 2723 2872 2794 ὴγνωμόνουν.
2898 2725 3039 2784 Ὅτι,
3068 2724 3244 2779 πολὺν
3275 2728 3388 2781 τοῦ
3415 2729 3567 2783 Θεοῦ
3596 2731 3697 2784 τὸν
3725 2730 3833 2799 ag).

2222 2814 2509 2885 μετανοίας
2533 2814 2689 2883 λόγον
2730 2816 3119 2887 ποιησαμένου,
3154 2818 3217 2871 ὲν
3249 2819 3342 2890 τῷ
3374 2821 3575 2888 λέγειν
3614 2825 3693 2894 μὴ
3724 2822 3826 2893 βοέ-

2216 2904 2403 2959 λεσθαι
2433 2905 2522 2959 τὸν
2554 2905 2782 2961 θάνατον
2812 2907 2903 2961 τοῦ
2948 2910 3305 2981 ἁμαρτωλοὶ
3346 2913 3436 2977 ὡς
3470 2915 3541 2968 τὸ
3586 2916 3826 2986 ἐπιστρέο

2218 3014 2361 3066 φειν,
2391 2998 2484 3052 καὶ
2518 2998 2616 3071 ζῇν
2650 3000 2830 3064 αὑτὸν,
2864 3002 3040 3071 σοφῶς
3067 3002 3176 3056 τῶν
3211 3008 3637 3077 προκειμένων
3678 3011 3822 3080 ἐμνη-

2224 3090 2449 3162 μόνευσε
2499 3093 2754 3163 ῥημάτων
2814 3094 3272 3159 κατασκευάζων
3336 3098 3501 3160 ’(ὶτι.
3568 3103 3670 3156 ὲάν
3723 3102 3823 3171 ἐμοὶ

2223 3182 2568 3253 μετανοοῦντι
2596 3187 2972 3260 συγχωρήαῃς,
2988 3185 3081 3239 καὶ
3105 3188 3524 3259 ἐπιστρέφοντι
3550 3193 3817 3264 ίλασθὴσε.

2218 3274 2551 3351 δικαιωθήσῃ
2591 3279 2650 3331 ὲν
2677 3279 2793 3340 τοῖς
2830 3278 3005 3346 λόγοις
3050 3295 3164 3342 σου,
3210 3277 3293 3343 ὡς
3344 3280 3586 3354 ἀληθὴς
3630 3283 3818 3337 ἀνύει-

2219 3367 2370 3438 χθεὶς
2403 3371 2525 3432 ταῖς
2554 3371 2674 3434 σαῖς
2707 3369 3059 3440 ὑποσχέσεσι·
3094 3370 3189 3422 καὶ
3221 3371 3285 3423 ὲν
3308 3373 3516 3445 καιρῷ
3547 3374 3656 3446 τῆς
3679 3376 3813 3428 ἀντε-

2219 3459 2508 3525 ποδόσεως,
2538 3461 2637 3530 ἐμὲ
2676 3461 2765 3514 τὸν
2795 3464 2858 3514 ὲκ
2891 3460 3175 3532 μετανοίας
3206 3460 3528 3534 ὲλεηθέντα
3558 3469 3650 3531 εἰς
3677 3466 3816 3539 μέσον

2219 3552 2555 3621 παραγαγὼν
2575 3590 2591 3615 ,
2639 3551 2862 3614 δικαίως
2927 3552 3132 3622 κρινεῖς
3190 3551 3320 3613 τοὺς
3400 3553 3488 3626 μὴ
3567 3556 3814 3627 μετανοῆ-

2220 3658 2439 3705 σαντας.

2294 3733 2404 3789 Τοῦ
2452 3733 2658 3789 αὐτοῦ.
2709 3736 2846 3789 Κατ’
2897 3733 3175 3806 ἐνέργειαν
3213 3734 3325 3807 (16)
3374 3737 3813 3810 ἁμαρτάνοντες,

2217 3824 2312 3878 καὶ
2336 3822 2641 3896 ἀνθρώποις
2669 3827 2764 3879 καὶ
2795 3825 2913 3898 Θεῷ
2939 3825 3323 3896 ἁμαρτάνομεν
3344 3843 3359 3856 ·
3419 3829 3580 3883 κατά
3616 3831 3678 3884 δὲ
3712 3831 3812 3884 διὰ-

2216 3931 2366 3971 νοιαν
2406 3915 2846 3987 πλημμελοῦντες
2879 3918 2996 3990 Θεῷ
3038 3920 3181 3992 μόνῳ
3226 3918 3736 3995 ἐξαμαρτάνομεν.
3757 3921 3813 3976 Ἦ

2217 4004 2340 4058 ἀντὶ
2361 4003 2475 4068 τοῦ,
2498 4007 2588 4058 Σοὶ
2621 4006 2767 4078 μόνῳ
2789 4007 3054 4076 ἔγνωσται
3083 4009 3144 4061 τὸ
3171 4009 3608 4080 ἡμαρτημένον.

2301 4096 2540 4165 Ἀπόδος
2554 4115 2655 4168 μοι
2673 4097 2789 4167 τὴν
2808 4101 3192 4171 ἀγαλλίασιν,
3217 4118 3271 4154 κ.
3296 4118 3348 4153 τ.
3373 4095 3507 4173 ἑῖῼ
3537 4100 3811 4174 ὀφείλεται

2216 4206 2268 4243 τι
2295 4190 2427 4261 (17),
2457 4191 2792 4245 ἀποδίδοται*
2843 4191 3150 4246 ἀποδίδοται
3186 4188 3278 4247 οὖν
3312 4197 3380 4266 τῇ
3413 4194 3623 4267 λογικῇ
3660 4197 3809 4266 φύσει

2217 4280 2533 4351 ἀγαλλίασις
2553 4282 2820 4354 σωτηρίου
2845 4282 2978 4337 Θεοῦ
3001 4300 3015 4314 ’
3046 4285 3142 4338 καὶ
3168 4286 3198 4338 6
3226 4284 3305 4356 τῷ
3331 4287 3664 4360 ἡγεμονικῷ
3687 4306 3809 4360 στη-

547 4406 726 4453 matns
747 4402 852 4455 est,
885 4390 1109 4447 minime
1135 4389 1334 4443 serviet
1368 4396 1611 4456 peccato.
1645 4383 2111 4453 Quemadmodum

2228 4371 2501 4444 ριξόμενος
2521 4372 2789 4445 πνεύματι
2817 4375 2878 4427 οὐ
2903 4374 3174 4429 δουλεύσει
3198 4379 3264 4448 τῇ
3287 4378 3567 4451 ἁμαρτία.
3601 4380 3806 4449 Ὥσπερ

546 4508 571 4541 ε
603 4486 707 4543 nisi
740 4482 1003 4539 Dominus
1041 4478 1391 4534 aedificaverit
1424 4478 1665 4540 domum,
1718 4475 1772 4529 in
1805 4488 2002 4527 vanum
2035 4472 2113 4524 la-

545 4581 879 4634 boraverunt
917 4571 1011 4642 qui
1053 4567 1323 4624 aediﬁcant
1366 4581 1484 4621 eam
1516 4564 1603 4631 ³⁶;
1642 4583 1661 4616 ι
1695 4563 1768 4618 ita
1807 4562 1908 4638 nisi
1931 4559 2115 4615 Domi-

545 4687 651 4728 nus
695 4665 965 4725 creaverit
988 4664 1041 4719 in
1072 4660 1255 4733 aliquo
1285 4673 1378 4714 cor
1410 4672 1632 4721 novum,
1669 4671 1775 4711 non
1811 4651 2006 4710 suﬂicit
2043 4652 2111 4705 ad

545 4766 652 4822 hoc
687 4762 906 4817 libertas
932 4766 989 4813 et
1024 4757 1199 4811 virtus
1225 4753 1487 4808 humana.
1525 4749 1769 4804 Primum
1807 4753 1987 4800 autem
2017 4757 2112 4798 cor

548 4857 815 4912 mundum
840 4859 1078 4916 creatur,
1115 4844 1309 4905 deinde
1343 4844 1396 4899 in
1422 4845 1542 4911 ipso
1569 4840 1796 4911 spiritus
1828 4846 2010 4892 rectus
2032 4835 2112 4889 in-

546 4956 781 5001 novatur
812 4943 867 4997 in
911 4937 1235 5003 visceribus,
1286 4943 1452 5003 atque
1496 4931 1612 4987 haec
1664 4929 1868 5000 Spiritu
1919 4937 2111 4980 sancto

545 5039 774 5097 minime
811 5034 1012 5091 ablato.
1052 5030 1260 5087 Deinde
1295 5036 1413 5098 post
1452 5026 1590 5081 duos
1623 5022 1873 5088 spiritus,
1916 5017 2110 5089 spiritu

544 5125 830 5200 principali
860 5123 1034 5195 quisa
1064 5121 1175 5176 Deo
1205 5117 1579 5180 conﬁrmatur,
1612 5120 1674 5168 ut
1712 5110 1902 5166 ﬁrmus
1929 5117 1987 5164 et
2029 5109 2111 5163 in-

542 5232 844 5277 concussus
862 5225 1197 5288 permaneat.

616 5356 662 5391 ³⁶
681 5354 823 5415 Psal.
843 5370 954 5421 οτι,
981 5351 1079 5410 42.
1150 5351 1197 5385 ³³
1219 5348 1378 5405 Rom.
1401 5361 1519 5415 vttt,
1547 5344 1639 5401 53.
1715 5342 1761 5375 ³⁸
1781 5340 1925 5397 Psal.
1955 5355 2140 5410 cxxvr,
2168 5342 2223 5398 i.

618 5476 732 5600 εδ)
767 5473 962 5531 Ἐλεεῖ
988 5471 1198 5556 δὲδτὴν
1219 5471 1426 5541 φύσιν,
1459 5478 1568 5526 etc.
1623 5465 1826 5522 Catena
1869 5461 2113 5521 Corderii

666 5558 823 5600 atena
852 5545 1097 5599 Barbart.

543 5556 602 5602 et
621 5545 823 5601 Catena
852 5545 1097 5599 Barbari.

763 5616 873 5694 Tot”)
899 5612 1136 5694 μῃκέτι,
1164 5621 1270 5694 etc.
1291 5606 1816 5694 Catenaﬁorderii.

615 5680 729 5757 (15)
750 5688 872 5741 Οὐκ
897 5680 1240 5751 αιτιατικόν,
1271 5691 1377 5740 etc.
1407 5680 1632 5739 Eadem.

2224 4482 2245 4515 ι
2278 4463 2372 4518 ὲάν
2397 4462 2470 4535 μὴ
2499 4464 2702 4537 Κύριος
2720 4464 3044 4541 οἰκοδομήσῃ
3065 4463 3231 4533 οἷκον,
3252 4469 3333 4532 εἰς
3371 4468 3556 4540 μάτην
3582 4471 3804 4525 eam-.5:-

2220 4573 2318 4610 σαν
2343 4557 2394 4610 οἱ
2432 4556 2836 4629 οἰκοδομοῦντες
2869 4560 3061 4613 αὐτόν’
3099 4578 3118 4612 ο
3147 4557 3341 4624 οὕτως,
3377 4560 3481 4614 ὲάν
3512 4563 3591 4634 μὴ
3614 4564 3645 4615 6
3677 4562 3801 4623 Θεὸς

2217 4648 2377 4720 κτίσῃ
2409 4649 2635 4720 καρδίαν
2664 4649 2910 4723 καθαρὰν
2943 4650 3000 4704 ἐν
3027 4667 3155 4719 τινι,
3197 4651 3300 4705 οὐκ
3343 4650 3639 4725 αὐτάρκης
3672 4652 3798 4723 πρὸς

2215 4741 2375 4797 τοῦτο
2416 4742 2732 4815 προαίρεσις
2772 4743 2863 4796 καί¹
2906 4741 3135 4813 δύναμις
3181 4741 3527 4813 ἀνθρωπίνη.
3577 4744 3793 4815 Πρῶτον

2214 4835 2272 4890 δὲ
2300 4837 2494 4910 καρδία
2542 4836 2785 4901 κτίζεται
2829 4833 3066 4906 καθαρὰ,
3114 4831 3232 4887 εἶτα
3280 4833 3375 4887 ἐπὶ
3410 4834 3591 4906 ταύτῃ
3648 4834 3789 4898 εὖθὲς

2217 4929 2434 5002 πνεῦμα
2481 4927 2844 4999 ὲγκαινίζεται
2885 4931 3000 4993 τοῖς
3036 4927 3309 4997 ὲγκάτοις,
3358 4927 3459 4980 καὶ
3510 4926 3688 4982 ταῦτα
3719 4929 3785 4998 μὴ

2216 5022 2690 5095 ἀνταναιρεθέντος
2735 5020 2828 5074 τοῦ
2875 5021 3030 5090 ἁγίου
3088 5021 3425 5090 Πνεύματος.
3474 5015 3614 5074 Εἶτα
3663 5015 3788 5087 μετὰ

2215 5112 2306 5166 δύο
2327 5115 2611 5186 πνεύματα
2634 5115 2900 5186 πνεύματι
2925 5114 3237 5186 ἡγεμονικῷ
3255 5130 3341 5177 τις
3374 5112 3481 5165 ὑπὸ
3509 5111 3651 5166 Θεοῦ
3676 5127 3784 5182 στη-

2221 5204 2445 5279 ρίζεται,
2475 5207 2563 5262 ἵνα
2591 5205 2802 5279 ἑδραῐός
2827 5222 2914 5269 τις
2939 5205 3033 5260 καὶ
3061 5206 3311 5268 ἄσειστος
3418 5264 3421 5273 ι

2291 5462 2338 5545 (1
2350 5461 2404 5545 ti)
2434 5460 2576 5544 Κατ’
2603 5460 2925 5545 ἐνέρςεειαν,
2962 5469 3083 5545 :th
3104 5458 3333 5541 Scitedze
3355 5456 3568 5520 Grabii,
3625 5457 3772 5514 eode!

2220 5529 2616 5598 Coislinianus,
2648 5542 2704 5586 et
2737 5529 2937 5587 Catena
2962 5529 3214 5584 Barbari.

2292 5625 2410 5698 (l7)
2434 5619 2510 5697 *ῼ
2540 5623 2842 5697 ὀφείλεται
2867 5639 2942 5689 τι,
2972 5631 3080 5679 etc.
3103 5622 3315 5679 Catena
3349 5619 3620 5678 Cordcrii.

3928 5276 3935 5533 1
