3970 6160
135 337 292 396 1457

721 456 1016 511 ΨΑΛΜΟΣ
1052 457 1182 512 NA'.

213 550 285 605 Τί
316 549 599 621 ἐγκαυχᾷ
629 549 700 604 ἐν
729 551 912 619 κακίᾳ
943 554 976 605 ό
1015 551 1273 619 δυνατὸς
1307 549 1582 622 ἀνομίαν,
1609 568 1664 605 κ.
1691 568 1744 606 τ.

124 639 180 694 ὲ.
227 659 250 693 e
297 643 361 696 ὐ
394 641 752 714 καυχώμενος
785 641 917 714 (l8),
965 643 1129 715 φησὶν
1179 643 1516 709 Ἀπόστολος,
1544 645 1603 698 ὲν
1635 646 1750 698 Κυ-

127 731 244 803 ρίῳ
274 733 609 804 καυχάσθω.
654 751 673 784 ι

211 823 338 877 Τοῦ
380 823 596 878 αὐτοῦ.
620 823 734 877 Οὐκ
760 817 914 876 εἶπεν
940 822 1049 896 (l9)
1075 822 1245 894 δνομα
1278 823 1461 895 μέσον,
1485 826 1748 896 ἐμφαῖνον

123 912 194 968 τὸ
230 913 479 982 φαῦλον.
529 914 602 968 Οὐ
650 912 759 985 γὰρ
791 907 932 981 εἷπε,
970 933 990 966 ‹
1033 914 1098 967 Τί
1145 917 1350 986 καυχᾷ;
1391 935 1410 968 ›
1434 916 1590 982 ἀλλὰ,
1625 936 1643 968 ι
1684 918 1748 970 Τί

126 1005 442 1078 ὲγκαυχᾷ;
483 1027 500 1060 ι
527 1007 780 1061 οὐδέποτε
803 1007 860 1059 δὲ
890 1008 948 1059 ὲν
966 1006 1155 1078 ἀγαθῷ
1173 1007 1388 1076 λέγεται
1413 1008 1473 1061 τὸ
1500 1027 1518 1060 ι
1551 1011 1750 1078 ἐγκαυ-

127 1097 380 1169 χᾶσθαιο
415 1119 436 1151 ι
463 1098 576 1153 ἀλλ’
596 1099 650 1152 εί
672 1117 756 1162 τις
784 1099 1111 1171 ἁμαρτάνει,
1143 1099 1496 1172 ὲγκαυχᾶται.
1517 1101 1747 1155 Δύναται

127 1189 193 1244 δὲ
225 1192 334 1245 καὶ
364 1191 507 1265 πρὸς
535 1193 626 1246 τὸν
653 1192 826 1246 Σαοὺλ
852 1195 880 1246 6
906 1193 1062 1260 λόγος
1088 1193 1364 1265 εἰρῆσθαι.

221 1283 350 1338 Τοῦ
384 1284 599 1340 αὐτοῦ.
623 1285 685 1338 El
731 1285 845 1338 ἐστι
885 1285 1109 1350 δυνατὸς
1139 1285 1247 1356 (20)
1277 1286 1335 1339 ὲν
1374 1285 1593 1358 ἀνομίᾳ,
1633 1287 1747 1342 ἔστι

131 1375 242 1428 καὶ
273 1377 550 1441 ἀδύνατος
573 1379 630 1430 ὲν
657 1377 876 1450 ἀνομίᾳ.
915 1378 1026 1431 Καὶ
1053 1379 1081 1430 6
1116 1378 1213 1448 μὲν
1259 1377 1481 1442 δυνατὸς
1523 1379 1578 1431 ὲν
1628 1380 1750 1433 ἀνο-

139 1465 252 1537 μία
290 1467 564 1532 ἀδύνατος
587 1470 645 1521 ἐν
671 1468 985 1543 δικαιοσύνῃ
1003 1486 1017 1499 °
1045 1469 1073 1521 6
1100 1469 1157 1522 δὲ
1183 1469 1442 1533 ἀδύνατος
1469 1472 1528 1523 ὲν
1549 1470 1748 1543 ἀνομίᾳ.

134 1558 390 1624 δυνατὸς
415 1563 472 1614 ὲν
492 1561 828 1633 δικαιοσύνῃ.

234 1651 364 1705 Τοῦ
401 1652 610 1707 αὑτοῦ.
650 1653 854 1706 Φαῦλον
901 1651 999 1724 μὲν
1043 1652 1154 1725 (21)
1199 1651 1260 1705 τὸ
1301 1671 1319 1704 ι
1352 1651 1766 1724 ὲγκαυχᾶσθαι,›

143 1743 328 1814 μέσον
345 1745 410 1799 δὲ
426 1746 486 1799 τὸ
511 1765 530 1797 ι
557 1746 881 1816 καυχᾶσθαι.
907 1766 926 1799 ›
969 1747 1025 1799 '0
1051 1747 1149 1817 μὲν
1167 1747 1424 1811 ἀδύνατος
1445 1749 1539 1801 καὶ
1558 1747 1746 1811 ἄτονος

1188 337 1497 394 SELECTA
1527 337 1596 394 ΙΝ
1628 338 1965 395 PSALMOS.
2001 369 2069 380 —-
2109 337 2304 395 PSAL.
2339 336 2442 392 LL.

1769 466 1817 523 Α

3281 341 3436 399 1458

2398 453 2721 511 PSALMUS
2759 453 2844 510 LI.

1923 547 2086 603 Vens.
2120 549 2174 602 3.
2205 547 2350 614 Quid
2379 548 2627 619 gloriaris
2657 549 2713 602 in
2743 546 2974 612 malitia,
3010 549 3100 616 qui
3143 557 3325 616 potens
3365 565 3421 605 es

1851 640 1906 694 in
1935 640 2253 710 iniquitate?
2281 652 2389 695 etc.
2422 658 2440 691 ι
2477 637 2577 706 Qui
2616 637 2915 710 gloriatur,
2965 638 3135 708 inquit
3178 639 3412 709 Aposto-

1853 732 1937 786 lus
1959 733 2025 797 ³⁷,
2056 734 2110 786 in
2140 731 2370 786 Domino
2404 731 2687 800 glorietur.
2725 749 2745 782 ι

1923 823 2194 892 Ejusdem.
2222 822 2337 878 Non
2372 823 2507 878 dixit
2529 837 2723 877 nomen
2751 822 2967 892 aliquod
2999 824 3417 895 medium,quod

1853 917 2174 984 pravitatem
2211 916 2472 970 declaret.
2525 912 2641 969 Non
2681 915 2825 969 enim
2875 914 3044 979 dixit,
3079 915 3146 968 Τί
3193 916 3420 987 καυχᾷ;

1853 1007 2049 1069 sed,Ti
2070 1007 2350 1078 ὲγκαυχᾷ;
2377 1021 2652 1074 nunquam
2699 1021 2828 1060 vero
2862 1005 2921 1058 τὸ
2960 1007 3329 1078 ὲγκαυχᾶσθαι
3364 1013 3419 1065 in

1853 1100 2049 1154 bonam
2089 1108 2299 1168 partem
2330 1096 2557 1161 dicitur,
2589 1095 2681 1150 sed
2712 1095 2758 1150 si
2806 1097 2932 1166 quis
2965 1108 3179 1166 peccat,
3220 1102 3421 1170 ἐγκαυ-

1852 1191 2033 1262 χᾶται.
2064 1191 2249 1247 Potest
2273 1192 2436 1248 etiam
2474 1193 2578 1248 hoc
2609 1202 2797 1248 contra
2830 1191 2958 1246 Saul
2981 1193 3181 1248 dictum
3205 1209 3346 1248 esse.

1924 1280 2199 1351 Ejusdem.
2238 1281 2296 1337 Si
2331 1292 2522 1353 potens
2564 1292 2650 1339 est
2700 1284 2752 1338 in
2791 1284 3100 1355 iniquitate,
3143 1293 3226 1340 est
3253 1285 3416 1340 etiam

1853 1374 2120 1445 impotens
2149 1377 2201 1430 in
2234 1377 2542 1445 iniquitate.
2572 1375 2674 1444 Qui
2699 1384 2889 1444 potens
2915 1385 2998 1432 est
3029 1377 3082 1433 in
3110 1376 3416 1445 iniquitate,

1854 1467 2119 1534 impotens
2152 1475 2237 1522 est
2271 1468 2323 1522 in
2344 1467 2591 1535 justitia;
2620 1471 2712 1540 qui
2737 1480 2918 1526 autem
2951 1472 3216 1540 impotens
3249 1478 3336 1523 est
3362 1469 3416 1522 in

1854 1557 2158 1626 iniquitate,
2190 1568 2381 1627 potens
2413 1568 2497 1614 est
2521 1560 2572 1614 in
2603 1563 2836 1630 justitia.

1922 1646 2200 1718 Ejusdem.
2253 1651 2309 1705 In
2353 1652 2550 1706 malam
2602 1666 2806 1724 partem
2866 1655 3087 1722 ponitur
3144 1654 3420 1724 ὲγκαυχᾶ-

1855 1738 2012 1805 σθαι,
2049 1742 2212 1813 726
2243 1743 2612 1800 indifferenter
2643 1759 2823 1801 autem
2862 1746 3064 1800 dicitur
3092 1745 3418 1816 καυχᾶσθαι.

139 1837 247 1889 καὶ
263 1836 458 1906 ὀλίγος
487 1839 545 1890 ἐν
561 1837 750 1908 κακίᾳ,
766 1837 1147 1903 πλεονάζοντος
1170 1837 1318 1909 αὐτῷ
1331 1838 1423 1891 τοῦ
1449 1838 1750 1910 κρείττονος

1874 1829 1954 1897 lui
1989 1833 2164 1889 nullas
2204 1844 2298 1889 aut
2334 1833 2451 1891 lere
2483 1837 2658 1893 nullas
2691 1846 2743 1892 et
2787 1837 3010 1907 exiguas
3041 1837 3115 1907 βά
3153 1836 3419 1890 malitiam

138 1928 400 1999 τρόπου,
465 1927 540 1991 ὡς
590 1927 976 2000 ἀσθενέστερος
1027 1931 1086 1982 ὲν
1148 1930 1338 2000 κακία,
1390 1930 1754 2000 ἐγκαλύψαιτο

139 2018 521 2088 ἁμαρτάνων,
557 2019 651 2072 καὶ
693 2020 797 2072 ὑπὸ
829 2021 928 2091 τῆς
973 2021 1326 2093 συνειδήσεως
1377 2021 1752 2093 κεντούμενος,

144 2112 559 2182 μετανοήσειεν
590 2113 684 2166 ἄν·
716 2115 744 2165 6
773 2113 828 2165 δὲ
861 2112 1081 2177 δυνατὸς
1102 2115 1158 2166 ὲν
1189 2113 1358 2185 κακίᾳ
1381 2114 1641 2182 τυφοῦται
1665 2116 1753 2168 ἐπ’

141 2202 217 2256 αὐ
229 2205 319 2273 τῇ,
351 2203 458 2256 καὶ
487 2205 839 2274 ἐγκαυχᾶται,
872 2205 947 2270 ὡς
989 2205 1081 2258 ἐπὶ
1123 2203 1340 2275 μεγάλῳ
1372 2203 1756 2276 κατορθώματι

145 2295 590 2364 σεμνυνόμενος.
620 2296 708 2348 Ἐν
744 2294 889 2367 πάσῃ
936 2296 991 2349 δὲ
1032 2296 1214 2368 ἡμέρᾳ
1251 2295 1630 2368 διδασκόμενος
1673 2314 1755 2360 τις

142 2382 241 2435 τὸν
271 2384 430 2438 θεῖον
453 2386 629 2454 λόγον,
647 2387 742 2440 ἐὰν
773 2388 1082 2461 ἁμαρτάνῃ,
1109 2388 1202 2441 καὶ
1217 2387 1485 2456 λογίζεται
1508 2389 1634 2459 ὃλην
1654 2388 1754 2459 τὴν

146 2476 404 2548 ἡμέραν.
443 2479 512 2530 ’Ἡ
539 2479 618 2542 τὸ,
646 2480 876 2552 ἡμέραν,
907 2481 1213 2551 φανέρωσιν
1249 2480 1415 2554 δηλοῖ,
1448 2481 1483 2553 ἢ
1513 2480 1633 2535 ὅλον
1665 2481 1757 2534 τὸν

146 2567 372 2638 χρόνον,
403 2571 528 2624 καθ’
558 2571 616 2624 ὃν
649 2573 861 2643 ἀνομεῖ.

228 2748 435 2818 Ὅλην
459 2749 575 2818 τὴν
597 2749 823 2820 ἡμέραν
842 2749 1079 2806 ἀδικίαν
1103 2749 1422 2820 ἐλογίσατο
1442 2751 1480 2817 ἡ
1505 2748 1758 2820 γλῶσσά

149 2854 304 2894 σου·
335 2842 492 2897 ὡσεὶ
530 2843 714 2910 ξυρὸν
739 2844 1118 2914 ἠκονημένον
1140 2845 1436 2910 ἐποίησας
1465 2841 1670 2907 δόλον,
1699 2860 1752 2897 κ.

142 2947 196 2984 τ.
226 2931 275 2984 ἑ.
305 2931 402 2984 Τδ
431 2931 772 3002 λογιζόμενον
813 2931 946 3005 (22),
992 2934 1054 2986 τὸ
1075 2933 1418 3005 ἡγεμονικὸν,
1446 2932 1540 2986 καὶ
1562 2934 1595 3002 ή
1622 2947 1758 3010 καρ-

142 3023 256 3089 δία,
279 3023 405 3095 οὔχ
437 3026 470 3096 ἡ
503 3025 722 3094 γλῶσσα
769 3024 862 3077 τοῦ
900 3023 1057 3095 Δωὴκ
1105 3024 1314 3078 ἀδικίαν
1356 3023 1658 3091 ἐλογίσατο.
1684 3022 1758 3076 Τὸ

147 3115 230 3183 δὲ,
250 3117 576 3185 ἐλογίσατο,
597 3119 756 3188 ἧτουν
779 3117 995 3180 ἀδίκους
1015 3117 1326 3189 λογισμοὺς,
1345 3117 1468 3169 ἐπεὶ
1496 3134 1515 3167 ι
1546 3118 1604 3168 ὲν
1633 3115 1756 3168 στό-

157 3224 290 3278 ματι
327 3207 594 3280 μωρῶνή
632 3207 828 3279 καρδία
865 3207 1064 3271 αὐτῶν,
1102 3226 1120 3258 ι
1150 3205 1237 3260 διὰ
1273 3206 1427 3260 τοῦτο
1467 3210 1498 3277 ή
1537 3207 1757 3277 γλῶσσα
1784 3189 1829 3251 c

153 3300 254 3352 τοῦ
281 3301 456 3372 Δωὴκ
481 3299 777 3370 ἐφθέγξατο
797 3317 808 3329 ·
834 3300 893 3352 οὐ
915 3298 1023 3370 γὰρ
1049 3299 1184 3370 αὐτὴ
1212 3301 1245 3371 ἡ
1273 3298 1613 3372 λογιζομένη,
1644 3298 1755 3353 ἀλλ’

159 3388 196 3459 ἡ
221 3391 339 3452 τοῖς
373 3388 650 3458 λογισμοῖς
680 3388 1181 3460 ὲξυπηρετουμένη.

255 3480 607 3551 Ἠγιίπησας
640 3484 854 3536 κακίαν
891 3483 1043 3552 ὑπὲρ
1079 3483 1493 3552 ἀγαθωσύνην,
1527 3499 1582 3535 κ.
1619 3499 1671 3536 τ.
1707 3481 1754 3534 ἐ.

166 3574 327 3627 Εἰσὶν
362 3575 410 3626 οί
444 3574 682 3645 ὠσπερεὶ
711 3575 819 3645 (25)
845 3574 914 3628 τὰ
936 3574 1152 3628 ἐναντία
1181 3574 1523 3644 ἀγαπῶντες·
1551 3571 1629 3644 τῷ
1655 3575 1758 3646 μή-

172 3682 308 3718 ποτε
348 3665 523 3737 πάντη
545 3666 862 3720 ἀνακεῖσθαι
894 3667 1082 3739 ἀρετῇ,
1112 3669 1246 3738 μήτε
1270 3666 1367 3739 ὅλῃ
1404 3666 1572 3737 κακίᾳ
1597 3682 1760 3738 προσ-

174 3755 325 3827 έχειν
356 3757 561 3811 ἐθέλειν
581 3776 594 3789 ·
620 3758 822 3812 τούτων
853 3759 904 3812 ot
935 3758 1032 3830 μὲν
1061 3758 1377 3830 φαυλότεροι
1404 3759 1600 3813 κακίαν
1631 3758 1761 3830 μᾶλ-

172 3847 270 3903 λον
307 3851 594 3920 ἀγαπῶσιν
691 3852 890 3923 ἀρετήν
910 3868 923 3882 ·
959 3852 1008 3906 οἱ
1032 3850 1391 3906 δὲάνὼπαλιν.

266 4028 607 4099 Ἠγάπησας
634 4029 830 4084 πάντα
875 4029 1113 4099 ῥήματα
1157 4026 1660 4097 καταποντισμοῦ,
1699 4045 1756 4081 κ.

178 4138 233 4174 τ.
282 4122 332 4174 ὲ.
391 4122 638 4192 Ῥήματα
681 4122 1120 4194 καταποντισμοῦ
1156 4123 1289 4194 (24),
1327 4121 1625 4175 διαϐάλλων
1669 4119 1759 4172 τὸν

181 4209 371 4276 Δαυῒδ,
399 4213 682 4283 ἠγάπησεν
710 4213 738 4265 ὁ
765 4213 946 4282 Δωήκ.

255 4306 361 4360 Διά
389 4306 560 4360 τοῦτο
587 4310 619 4359 ό
649 4307 790 4372 Θεὸς
820 4304 1055 4362 καθέλοι
1083 4323 1156 4360 σε
1191 4308 1277 4372 εὶς
1312 4306 1505 4373 τέλος,
1534 4306 1762 4361 ἐκτίλαι

175 4411 256 4450 σε
291 4397 388 4450 καί
429 4398 905 4466 μεταναστεύσαι
945 4415 1019 4452 σε
1052 4397 1170 4452 ἀπὸ
1211 4396 1621 4466 σκηνώματος,
1661 4397 1761 4451 καί

169 4487 242 4540 τὸ
266 4489 504 4560 ,ῥίζωμά
550 4505 666 4545 σου
696 4491 764 4543 ἐκ
799 4490 908 4560 γῆς
934 4490 1178 4552 ζώντων,
1212 4508 1266 4544 κ.
1297 4508 1351 4544 τ.
1377 4491 1424 4544 ἑ.
1473 4490 1530 4544 '0
1569 4490 1761 4545 καθαι-

179 4550 302 4652 ρῶῦ
498 4584 566 4638 τά
615 4550 1297 4655 μοχθηρκόίκοδομὴματα
1337 4583 1469 4647 Θεὸς
1509 4583 1764 4657 καθαιρεῖ
1791 4550 1842 4610 D

176 4673 287 4728 τὸν
321 4675 501 4746 Δωὴκ,
549 4677 665 4746 ἦτοι
699 4674 776 4745 τῷ
823 4675 955 4745 μηδὲ
989 4675 1046 4727 τὺ
1089 4678 1262 4744 τοῖχον
1310 4675 1409 4745 τῆς
1459 4675 1763 4746 οἰκοδομίας

183 4766 356 4820 αὑτοῦ
395 4767 711 4820 καταλιπεῖν
743 4767 804 4820 τὸ
837 4769 944 4820 πᾶν
979 4767 1072 4820 καὶ
1109 4766 1167 4831 ἐξ
1202 4766 1336 4820 ὅλων
1369 4767 1763 4838 οἰκοδομεῖσθαι

187 4859 377 4924 κακῶς
412 4859 444 4931 ἢ
493 4859 616 4912 ἐπεὶ
662 4861 710 4912 οἱ
748 4860 960 4930 χείρξυς
1002 4860 1298 4913 τελευταῖοι
1339 4861 1769 4932 οἱκοδομοῦνται,

191 4951 451 5014 κάκιστος
482 4951 539 5004 δέ
566 4953 710 5003 ἐστιν
734 4951 762 5001 ὁ
783 4950 960 5021 Δωὴκ,
989 4952 1154 5019 ἐγγὺς
1175 4950 1268 5004 τοῦ
1304 4949 1395 5003 τὸν
1423 4950 1649 5021 ἔσχατον
1674 4954 1768 5023 ὲχ-
1799 5001 1802 5004 .

193 5043 324 5115 θρδν
348 5041 740 5112 καταργεῖσθαι
773 5042 864 5095 τὸν
901 5042 1148 5106 θάνατον,
1181 5042 1272 5095 ἐπὶ
1301 5042 1380 5112 τῷ
1409 5042 1552 5095 τέλει
1578 5043 1770 5097 καθαι-

196 5132 505 5204 ρεθήσεται.
549 5133 610 5185 El
648 5132 705 5184 δὲ
737 5131 796 5185 τὸ
829 5132 1042 5204 ρίζώμα
1077 5132 1374 5203 Ἰδουμαίου
1395 5131 1556 5204 Δωὴκ
1592 5135 1770 5188 ἐκτίλ-

193 5222 346 5280 λεται
370 5226 436 5280 ὲκ
457 5227 557 5298 γῆς
582 5225 817 5290 ζώντων,
839 5229 954 5279 ἐκεῖ
985 5224 1303 5294 πεφύτευτο.

271 5319 312 5350 ³⁷
337 5317 358 5370 l
381 5317 504 5372 Cor.
542 5334 582 5383 ι,
617 5319 706 5373 51.
781 5317 825 5350 ³⁸
848 5317 1016 5373 Eccli.
1053 5333 1170 5382 xxr,
1196 5317 1287 5372 29.

243 5413 383 5496 ,(18)
420 5415 484 5468 '0
521 5413 924 5485 καυχώμενος,
973 5423 1082 5468 etc.
1131 5412 1314 5468 Codex
1341 5412 1552 5484 primus
1579 5405 1770 5464 Coisli-

203 5499 540 5622 milt'tii'oax
569 5551 756 5619 εἶπεν,
789 5564 894 5609 etc.
928 5554 1128 5609 Catena
1153 5552 1419 5609 Corderii.

205 5706 241 5762 Ρ
274 5620 388 5706 (20)
428 5628 496 5678 Et
540 5625 668 5678 ἔστι
705 5625 983 5692 δυνατός,
1034 5635 1143 5708 etc.
1184 5623 1368 5680 Codex
1408 5620 1772 5678 Coislinianus

245 5709 436 5749 I'IIIIIIS.

277 5761 391 5836 (21)
417 5765 655 5821 Φαῢλον
674 5765 812 5837 μέν,
844 5777 952 5821 etc.
976 5765 1341 5822 Coislinia-nus
1369 5763 1659 5821 secundus.

1853 1923 2001 1979 vires
2031 1924 2195 1980 habet
2229 1925 2300 1981 ob
2335 1929 2604 1982 bonorum
2638 1943 2848 1982 morum
2877 1928 3266 1997 pnestantiam,
3305 1936 3425 1981 tan-

1854 2032 2012 2086 quam
2058 2019 2110 2074 in
2153 2019 2358 2073 malitia
2402 2020 2758 2082 imbecillior,
2795 2022 2838 2074 si
2875 2031 3081 2090 peccat,
3137 2021 3424 2076 abscondit

1855 2126 1935 2176 se,
1964 2121 2019 2166 et
2043 2111 2277 2167 stimulis
2303 2113 2650 2167 conscientiae
2677 2113 2940 2182 agitatus,
2991 2113 3288 2183 resipiscet.
3319 2111 3423 2178 Qui

1853 2215 2033 2258 autem
2056 2215 2247 2274 potens
2279 2213 2364 2260 est
2409 2204 2460 2259 in
2490 2205 2722 2268 malitia,
2765 2205 2817 2258 in
2870 2206 2982 2274 ipsa
3034 2205 3339 2260 obcaecatur
3370 2212 3426 2258 et

1855 2295 2137 2367 gloriatur,
2170 2311 2235 2351 ac
2272 2297 2426 2365 quasi
2462 2296 2530 2350 de
2573 2298 2837 2363 praeclaro
2880 2297 3125 2351 facinore
3168 2312 3290 2352 sese
3327 2310 3425 2351 ex-

1857 2387 2016 2443 tollit.
2050 2387 2150 2456 Qui
2187 2403 2318 2443 vero
2346 2397 2458 2442 tota
2496 2388 2584 2442 die
2623 2387 2788 2442 discit
2826 2389 3049 2444 verbum
3084 2389 3201 2451 Dei,
3244 2388 3330 2452 is,
3377 2387 3424 2443 si

1855 2489 2065 2548 peccat,
2087 2480 2251 2534 etiam
2283 2479 2484 2549 cogitat
2504 2489 2614 2534 tOta
2644 2480 2749 2534 die.
2784 2479 2893 2535 Hoc
2924 2481 3043 2536 loco
3069 2479 3174 2534 diei
3207 2479 3426 2533 nomine

1857 2568 1940 2623 vel
1968 2569 2334 2624 manifestatio
2359 2570 2720 2641 significatur,
2754 2571 2844 2625 vel
2874 2583 3034 2625 omne
3070 2579 3302 2637 tempus,
3331 2583 3427 2637 per

1855 2660 2002 2731 quod
2043 2673 2252 2731 peccat.

1931 2753 2097 2808 Vens.
2125 2755 2177 2808 4.
2211 2753 2342 2809 Tota
2361 2756 2448 2809 die
2473 2755 2791 2825 injustitiam
2810 2754 3053 2824 cogitavit
3073 2752 3254 2822 lingua
3279 2764 3369 2805 tua
3405 2763 3424 2803 :

1855 2845 1990 2899 sicut
2022 2848 2276 2898 novacula
2312 2857 2467 2899 acuta
2503 2846 2674 2914 fecisti
2697 2845 2900 2910 dolum,
2929 2854 3033 2898 etc.
3065 2841 3427 2898 RatiOnabilis

1856 2947 1912 2993 et
1940 2939 2209 3007 praecipua
2237 2937 2436 2990 mentis
2467 2952 2628 3006 pars,
2663 2945 2715 2991 et
2745 2951 2861 2997 cor,
2917 2950 3024 2989 non
3065 2935 3247 3004 lingua
3280 2934 3426 3002 Doeg

1857 3027 2174 3098 injustitiam
2199 3029 2477 3098 cogitavit.
2504 3027 2654 3094 Quod
2680 3037 2861 3080 autem
2891 3025 3112 3091 dicitur,
3143 3025 3424 3096 cogitavit,

1859 3119 1961 3174 hoc
2003 3128 2108 3183 est,
2148 3118 2405 3188 quoniam
2452 3133 2473 3169 ι
2519 3117 2574 3171 ίιι
2621 3131 2718 3171 ore
2753 3116 3045 3171 stultorum
3095 3129 3192 3170 cor
3236 3129 3425 3169 eorum

1860 3220 1942 3265 est
1967 3209 2034 3271 ³⁸.
2070 3227 2089 3262 ι
2120 3223 2399 3280 propterea
2437 3211 2614 3282 lingua
2651 3211 2797 3280 Doeg
2824 3209 3040 3277 iniquas
3069 3205 3428 3277 cogitationes

1860 3303 2071 3358 elocuta
2100 3313 2205 3358 est.
2236 3303 2350 3359 Non
2376 3306 2518 3359 enim
2552 3304 2664 3370 ipsa
2694 3303 2996 3373 cogitabat,
3024 3300 3118 3356 sed
3139 3298 3428 3370 cogitatio-

1861 3395 2023 3450 nibus
2049 3395 2415 3464 exprimendis
2436 3395 2788 3450 inscrviebat.

1934 3488 2097 3544 Vens.
2135 3487 2190 3544 5.
2234 3487 2478 3542 Dilext'sti
2521 3487 2782 3541 malitiam
2820 3500 2976 3554 super
3027 3482 3426 3554 benignitatem,

1861 3589 1967 3636 etc.
2002 3577 2140 3634 Sunt
2169 3579 2257 3648 qui
2275 3579 2675 3650 quodammodo
2695 3577 2970 3632 contraria
2995 3575 3258 3645 diligunt;
3284 3574 3430 3644 quod

1863 3688 2038 3742 neque
2101 3674 2325 3726 omnino
2375 3671 2560 3726 virtuti
2609 3671 2941 3732 adhaereant,
2987 3682 3164 3737 neque
3215 3665 3431 3736 penitus

1863 3763 1986 3818 mali
1998 3764 2079 3817 tiae
2094 3761 2411 3817 seaddicere
2423 3761 2587 3816 velint
2601 3777 2614 3816 :
2630 3773 2859 3829 quorum
2876 3756 3091 3826 quidem
3107 3754 3425 3817 deteriores,

1864 3853 2129 3908 malitiam
2183 3851 2354 3922 magis
2389 3866 2552 3919 quam
2601 3853 2858 3904 virtutem
2888 3855 3113 3913 amant;
3161 3844 3254 3899 alii
3297 3858 3430 3899 vero

1863 3946 2191 4002 econtrsrio.

1937 4037 2096 4092 Vens.
2122 4037 2175 4090 6.
2211 4033 2454 4089 Dilexisti
2477 4033 2651 4096 omnia
2675 4033 2834 4086 verba.
2849 4029 3298 4101 praeipitdlionis,
3321 4035 3431 4083 etc.

1864 4129 2042 4184 Verba
2060 4129 2502 4198 praecipitationis
2525 4127 2711 4182 dilexit
2737 4125 2902 4196 Doeg,
2926 4123 3146 4194 quando
3175 4120 3432 4176 Davidem

1869 4222 2127 4278 traduxit.

1940 4315 2105 4369 Vens.
2145 4314 2199 4367 7.
2239 4312 2523 4382 Propterea
2564 4309 2706 4364 Deus
2747 4309 2983 4362 destruat
3040 4313 3088 4359 te
3132 4304 3190 4357 in
3237 4303 3432 4373 ﬁnem,

1868 4407 2051 4461 eveUat
2084 4417 2154 4470 te,
2183 4417 2230 4458 et
2269 4407 2484 4474 emigret
2521 4412 2569 4456 te
2608 4403 2672 4454 de
2715 4397 3076 4460 tabernaculo,
3119 4405 3167 4449 et
3203 4393 3435 4447 radicem

1869 4508 2012 4551 tuam
2037 4498 2100 4551 de
2123 4506 2264 4550 terra
2295 4495 2596 4558 viventium,
2626 4503 2744 4547 etc.
2774 4490 2876 4557 Qui
2916 4487 3158 4558 improba
3201 4483 3434 4540 aediﬁcia

1869 4593 2096 4646 destruit
2125 4591 2286 4654 Deus,
2323 4590 2552 4644 destruit
2575 4589 2738 4656 Doeg,
2759 4583 2842 4640 vel
2869 4597 2989 4636 cum
3017 4594 3234 4634 murum
3263 4575 3438 4633 aedili.

1869 4683 1938 4737 cii
1956 4682 2073 4752 ejus
2091 4696 2303 4735 omnem
2323 4689 2377 4733 et
2391 4694 2458 4735 ex
2478 4679 2688 4748 integro
2706 4691 2810 4730 non
2829 4673 2960 4730 sinit
2981 4668 3238 4726 aediﬁcari
3259 4667 3436 4733 male;

1869 4776 1955 4831 vel
1983 4777 2238 4846 quoniam
2270 4773 2500 4843 improbi
2536 4760 3440 4832 ultimimdiﬁcantur,improbissi-

1871 4880 1994 4920 mus
2021 4873 2202 4918 autem
2225 4871 2310 4917 est
2344 4861 2510 4932 Doeg,
2546 4859 2687 4915 haud
2713 4871 2872 4913 secus
2902 4869 2966 4908 ac
2995 4851 3216 4906 ultimus
3261 4847 3438 4903 inimi-

1875 4972 1974 5014 cus
2032 4958 2341 5011 destruetur
2381 4969 2552 5017 mors,
2599 4954 2652 5007 in
2694 4949 2802 5004 ﬁne
2845 4948 3176 5002 destruetur.
3219 4939 3279 4998 Si
3311 4955 3439 4995 vero

1876 5046 2028 5100 radix
2061 5045 2272 5099 Idumaei
2305 5041 2448 5114 Doeg
2467 5041 2716 5098 evellitur
2744 5039 2810 5094 de
2845 5045 2986 5092 terra
3020 5031 3338 5095 viventium,
3369 5025 3442 5084 ibi

1873 5135 2110 5206 plantata
2132 5143 2268 5190 erat.

1941 5405 2052 5478 (22)
2081 5404 2150 5461 Τὸ
2187 5401 2588 5475 λογιζόμενον,
2619 5407 2727 5455 etc.
2756 5397 2920 5455 ldem.

1942 5499 2055 5572 (25)
2079 5496 2258 5552 Εἰσὶν
2285 5497 2341 5549 οὶ
2365 5492 2588 5561 ὥσπερ,
2612 5501 2720 5545 etc.
2755 5490 2964 5544 Catena
2997 5482 3268 5543 Corderii.

1943 5592 2057 5664 (24)
2073 5591 2334 5662 Ῥήματα
2357 5581 2864 5653 καταποντισμοῦ,
2879 5593 2986 5638 etc.
3002 5578 3204 5634 Eadem
3217 5578 3425 5635 Catena

1945 5686 2055 5814 (2‘15)
2101 5685 2154 5738 '0
2203 5679 2520 5752 καθαιρῶν,
2572 5687 2680 5735 etc.
2738 5675 2924 5732 Codex
2966 5669 3438 5730 Coislinianusse

1949 5775 1980 5813 Il
2024 5771 2104 5811 US.

1874 5771 2104 5815 Clllltlus.
