3970 6160
482 179 623 236 M63
1858 181 1949 238 EX
1989 181 2035 239 Ο

2151 181 2291 238 ENE
3638 190 3768 248 “ﬂ

481 302 598 358 rius
619 300 761 356 oculi
791 299 920 357 illud
949 315 1087 371 opus
1114 307 1221 370 est,
1245 314 1409 371 quam
1437 301 1770 373 perspicacis
1789 312 1845 360 et
1872 304 2031 361 idone

2152 304 2460 379 διορατικοῦ
2514 307 2608 363 καὶ
2651 307 2836 363 ίκανοῦ
2884 308 3104 380 βλέπειν
3152 309 3217 364 τδ
3266 309 3463 379 φίλονς
3524 309 3677 364 Ὀδέ
3700 316 3765 383 μὴ

482 396 551 451 ad
586 395 874 452 videndum
905 396 1048 465 quod
1073 396 1308 451 amicum
1339 396 1467 451 est?
1492 395 1596 464 Qui
1631 412 1762 452 vero
1788 412 1897 452 non
1926 412 2036 467 per-

2155 398 2460 471 διορατικὸς
2490 401 2765 474 ὀφθαλμὸς
2784 444 2799 469 ,
2823 402 3190 474 ἀπατώμενος
3224 405 3325 458 καὶ
3362 406 3686 476 παρορῶν,
3716 409 3765 460 τὲ

480 485 668 555 spicax
689 494 773 540 est
807 483 1018 551 oculus,
1051 484 1335 554 deceptus,
1361 494 1421 540 et
1450 498 1731 554 perperam
1758 487 2036 556 aspiciens,

2157 492 2349 566 ἐχθρὸν
2377 494 2453 560 ὡς
2487 493 2639 565 φίλον
2672 495 2925 567 βλέψεται
2943 536 2958 562 ,
2983 496 3157 552 καὶτὸ
3188 497 3352 567 φίλον
3374 496 3459 561 ὡς
3487 495 3717 569 ἐχθρόν.

479 576 761 633 inimicum
802 584 864 632 ut
899 576 1134 633 amicum
1171 578 1397 646 videbit,
1426 589 1477 633 et
1512 581 1746 635 amicum
1781 588 1842 635 ut
1873 579 2051 635 inimi-

476 682 623 724 cum.

901 855 1066 927 729
1123 854 1444 914 PSALMUS
1494 857 1625 913 LIV.

548 939 715 998 Vens.
754 942 811 998 2.
858 943 1093 1013 Exaudi,
1144 945 1309 1014 Deus,
1355 948 1649 1002 orationem
1692 965 1885 1015 meam,
1936 959 2043 1006 etc.

477 1034 646 1091 Nemo
667 1051 854 1092 eorum
886 1038 975 1104 qui
1008 1048 1267 1107 peccant,
1313 1042 1613 1110 praesertim
1659 1042 1868 1112 peccati
1911 1051 2047 1097 tem-

475 1145 633 1202 pore,
660 1129 907 1185 velitsibi
949 1132 1125 1185 virum
1159 1131 1466 1203 religiosum
1503 1134 1802 1200 attendere,
1843 1146 2046 1206 quanto

476 1223 661 1280 minus
692 1222 883 1279 Deum.
916 1223 974 1280 Si
1002 1224 1336 1280 intellexeris
1385 1226 1526 1281 istud
1556 1241 1570 1279 :
1606 1244 1627 1279 ι
1656 1227 1893 1285 Auribus
1919 1243 2036 1300 per-

2154 1227 2483 1298 σεϐἁσμιος,
2536 1228 2688 1299 πόσῳ
2725 1224 2883 1302 ἦττον
2932 1229 3085 1293 Θεός.
3148 1231 3333 1300 Είπερ
3405 1233 3626 1293 συνιεῖς
3679 1228 3751 1290 τὲ,

478 1314 665 1384 cipile,
688 1328 879 1371 omnes
901 1316 993 1384 qui
1018 1315 1281 1371 habitatis
1300 1317 1486 1372 orbem
1508 1318 1574 1384 “,
1602 1337 1621 1371 ι
1658 1321 1867 1375 deserta
1890 1320 2036 1376 verbi

2154 1337 2172 1369 ι
2213 1316 2588 1383 Ἐνωτίσασθε,
2614 1319 2811 1383 πάντες
2842 1319 2891 1371 oi
2928 1318 3316 1384 κατοικοῦντες
3360 1319 3470 1390 τὴν
3506 1320 3754 1389 οἰκουμέ-

474 1406 698 1463 malitim
720 1407 834 1463 loca
867 1407 1157 1475 deserens,
1188 1409 1380 1464 venisti
1414 1409 1466 1464 in
1500 1412 1685 1467 orbem
1714 1412 2036 1480 habitatum,

2151 1423 2278 1480 νην,
2313 1428 2331 1459 ι
2374 1406 2441 1460 τὰ
2466 1406 2644 1479 ἔρημα
2676 1407 2767 1461 τοῦ
2800 1407 2957 1478 λόγου
2989 1408 3091 1479 τῆς
3119 1409 3325 1473 κακίας
3367 1410 3564 1480 χωρία
3591 1425 3753 1463 κει-ιαμ

475 1508 532 1557 et
564 1501 788 1558 veniens
820 1501 1077 1556 habitasti
1105 1502 1156 1556 in
1201 1516 1287 1557 eo.
1340 1501 1515 1571 Atque
1553 1504 1778 1559 audiens
1815 1505 2035 1560 oracula

2151 1496 2312 1552 λιπὼν
2336 1538 2350 1563 ,
2377 1498 2637 1570 ἐλήλυθας
2665 1499 2756 1552 ἐπὶ
2780 1498 2877 1570 τὴν
2898 1500 3245 1571 οἰκουμένην,
3270 1501 3370 1554 καὶ
3407 1500 3597 1554 ἐλθὼν
3626 1518 3754 1553 κατε

476 1594 597 1659 Dei,
661 1594 785 1649 dic:
828 1612 848 1646 ι
889 1593 1126 1649 Auribus
1172 1594 1410 1664 percipe,
1491 1596 1630 1651 Deus
1659 1637 1674 1663 ,
1742 1598 2036 1652 orationem

2151 1589 2349 1662 ᾠκισας
2392 1592 2450 1645 ἐν
2493 1592 2654 1663 αὐτῇ.
2697 1591 2807 1644 Καὶ
2842 1591 3103 1655 ἐνωτίσας
3149 1593 3217 1647 τὰ
3256 1591 3431 1661 λόγια.
3468 1591 3577 1646 τοῦ
3617 1592 3750 1646 Θεοξ

2143 1684 2287 1754 λέγε·
2318 1703 2337 1734 ι
2370 1684 2675 1748 Ἐνώτισαι,
2701 1684 2731 1736 ὁ
2760 1682 2910 1747 Θεὸς,
2934 1684 3031 1756 τὴν
3060 1686 3377 1756 προσευχήν
3422 1703 3559 1757 μου,
3599 1705 3622 1738 ι
3659 1688 3751 1740 καὶ

2142 1777 2457 1831 ἐνωτίσεται
2477 1816 2494 1843 ,
2542 1776 2675 1830 ἀλλὰ
2720 1776 2814 1830 καὶ
2858 1776 2932 1848 μὴ
2976 1775 3245 1848 ὑπεριδὼν
3296 1776 3582 1848 δεομένου
3634 1794 3746 1831 σου.

2142 1865 2345 1939 Θάρρει
2378 1867 2455 1930 ὡς
2492 1868 2591 1938 οὐχ
2637 1866 3150 1939 ὑπεροφθησόμενος
3189 1868 3370 1922 εἰπεῖν
3392 1883 3412 1899 °
3460 1885 3483 1919 ι
3519 1868 3641 1924 Καὶ
3674 1869 3748 1939 μὴ

2141 1958 2400 2032 ὑπερίδῃς
2442 1958 2542 2027 τὴν
2591 1958 2778 2031 δέησίν
2808 1976 2928 2029 μου.
2972 1979 2991 2011 ι
3042 1958 3203 2012 Ἀλλὰ
3230 1960 3327 2013 καὶ
3357 1960 3413 2012 εί
3442 1961 3747 2032 προσέχεις

2140 2050 2277 2121 Θεῷ,
2306 2050 2581 2115 πεποιθὼς
2604 2051 2772 2123 αὐτῷ,
2796 2051 2919 2121 λέγε
2941 2052 3001 2106 τό
3021 2070 3035 2085 ο
3075 2071 3094 2103 ι
3134 2053 3385 2124 Πρόσχες
3426 2069 3529 2123 μοι
3550 2068 3567 2082 ·
3608 2071 3631 2103 ι
3664 2051 3746 2106 ἔτι

2138 2142 2196 2198 δὲ
2218 2145 2265 2196 εί
2298 2143 2534 2214 ἤκουσας
2553 2141 2714 2196 αὐτοῦ
2738 2184 2752 2208 ,
2783 2142 3162 2198 είσακούσεταί
3184 2160 3300 2197 σου.
3345 2142 3520 2197 ’Δλλὰ
3544 2144 3601 2197 εί
3629 2145 3742 2209 καὶ,

2139 2230 2215 2295 ὡς
2264 2233 2294 2283 ὁ
2361 2232 2681 2296 Ἀπόστολος
2731 2232 2819 2286 διὰ
2877 2232 3288 2306 φιλανθρωπίαν
3348 2233 3739 2305 λυπούμενος,

2139 2323 2348 2388 κλαίεις
2383 2324 2521 2396 μετὰ
2546 2324 2865 2391 κλαιόντων,
2888 2325 2979 2379 καὶ
3022 2326 3299 2391 στενάζεις
3322 2326 3382 2381 ἐν
3424 2326 3510 2399 τῷ
3543 2330 3740 2398 σκήνει

2141 2414 2473 2488 βαρούμενος
2493 2460 2508 2483 ,
2542 2418 2663 2471 εἰπὲ
2695 2418 2755 2471 τό
2772 2433 2787 2447 '
2825 2436 2845 2469 ι
2870 2418 3183 2490 Ελυπήθην,
3219 2437 3238 2471 ι
3266 2421 3366 2472 καὶ
3384 2419 3460 2472 τὰ
3483 2419 3647 2490 ἑξῆς.

2224 2508 2571 2578 Ἐλυπήθην
2609 2510 2679 2564 ἐν
2715 2508 2792 2578 τῇ
2834 2509 3169 2580 ἀδολεσχίᾳ
3191 2527 3349 2580 μου,
3376 2528 3440 2566 κ.
3474 2528 3529 2565 τ.
3570 2513 3627 2567 ὲ.
3663 2513 3733 2566 Ἣ

470 2618 580 2667 etc.
611 2608 708 2664 Vel
734 2610 1178 2664 exercitationem
1207 2610 1312 2664 hoc
1345 2610 1463 2666 loco
1492 2612 1796 2667 orationem
1826 2612 2036 2684 signiﬁ-

2151 2599 2454 2674 ὶδολεσχίαν
2478 2601 2587 2673 (58)
2608 2601 2841 2656 ἐνταῦθα
2862 2602 2960 2673 τὴν
2996 2602 3163 2673 εὐχὴν
3196 2603 3462 2674 σημαίνει
3482 2644 3497 2669 ,
3519 2604 3603 2669 ὡς
3639 2606 3734 2658 καὶ

471 2710 591 2766 cat;
620 2709 679 2754 ut
706 2702 869 2756 etiam
897 2702 950 2755 in
982 2700 1134 2755 Anna
1175 2719 1190 2755 :
1228 2719 1249 2753 t
1276 2702 1351 2756 Ex
1396 2702 1741 2759 multitudine
1767 2706 2036 2760 exercita—

2151 2691 2235 2747 ἐπὶ
2266 2694 2364 2764 τῆς
2391 2696 2609 2766 Ἀννης·
2639 2712 2659 2744 ι
2698 2695 2792 2748 Ἐκ
2819 2693 3052 2765 πλήθους
3085 2693 3402 2765 ἀδολεσχίας
3440 2713 3546 2767 μου
3574 2698 3732 2751 ἐκτέ-

472 2792 634 2849 tiOnis
691 2808 826 2849 mea
883 2794 1102 2848 extabui
1157 2793 1226 2846 ⁸⁷.
1258 2812 1277 2846 ι
1339 2793 1406 2849 Ει
1453 2810 1788 2868 quaecunque
1841 2808 2036 2864 praeter

2151 2801 2299 2856 ιηκα.
2340 2804 2358 2837 ι
2389 2786 2500 2840 Καὶ
2539 2786 2640 2840 ὅσα
2673 2784 2731 2839 δὲ
2776 2785 3085 2857 πράττομεν
3113 2787 3146 2857 ἢ
3174 2786 3408 2858 λέγομεν
3450 2787 3612 2859 παρὰ
3637 2790 3728 2841 τὸν

469 2896 675 2940 rectam
708 2885 971 2940 rationem
1021 2885 1107 2940 vel
1149 2885 1383 2942 facimus
1415 2886 1498 2942 vel
1526 2888 1779 2955 dicimus,
1824 2891 2036 2945 exerci-

2151 2878 2299 2950 ὀρθὸν
2329 2877 2486 2947 λόγον
2510 2918 2524 2942 ,
2551 2878 2831 2950 ἀδολεσχία
2853 2881 2970 2933 ἐστὶ
2989 2920 3004 2945 ,
3027 2879 3102 2944 ὡς
3136 2880 3230 2935 καὶ
3248 2881 3352 2933 ὅσα
3378 2882 3505 2953 είκῆ
3532 2881 3725 2935 λα.λοῦ-

470 2976 603 3031 tatio
632 2984 750 3042 est;
800 2977 944 3031 sicut
980 2977 1142 3031 etiam
1198 2977 1287 3031 illa
1331 2992 1453 3048 quae
1505 2988 1709 3035 temere
1742 2978 2035 3038 eﬂ‘utimus.

2151 2947 2265 3040 μεν.
2303 2971 2565 3041 Κατέγνω
2604 2967 2697 3026 οὖν
2740 2947 2931 3027 ἐαυτοῦ
2974 2974 3066 3026 ἐπὶ
3108 2971 3187 3041 τῷ
3214 2947 3589 3046 τεταράχθαι,
3626 2974 3720 3028 καὶ

468 3064 718 3135 Seipsum
747 3080 878 3136 ergo
905 3068 1265 3135 condemnat,
1294 3067 1439 3137 quod
1489 3069 1841 3127 conturbatus
1877 3072 2036 3128 fuerit

2151 3062 2239 3134 τὴν
2263 3062 2360 3133 τῆς
2386 3062 2564 3134 ψυχῆς
2591 3063 2989 3118 ἀπολωλεκέναι
3014 3063 3253 3136 γαλήνην
3288 3084 3308 3116 ι
3338 3065 3432 3118 ἐπὶ
3461 3068 3529 3137 τῇ
3564 3069 3712 3136 φωνῇ

468 3164 635 3225 atque
663 3157 829 3211 animi
866 3157 1308 3226 tranquillitatem
1340 3160 1586 3215 amiserit
1619 3178 1639 3212 ι
1692 3175 1721 3214 a
1766 3176 1898 3218 voce
1930 3163 2036 3218 ini-

2151 3152 2231 3207 τοῦ
2260 3153 2454 3225 ἐχθροῦ
2482 3155 2577 3208 καὶ
2604 3155 2711 3208 ἀπὸ
2742 3155 2972 3226 θλίψεως
2997 3155 3343 3227 ἁμαρτωλοῦ.
3374 3176 3394 3208 ι
3426 3156 3713 3227 Ἐξομολο-

468 3250 594 3305 mici
631 3258 686 3305 et
713 3265 743 3303 a
780 3249 1128 3307 tribulatione
1154 3252 1506 3320 peccatoris.)
1541 3252 1846 3309 Conﬂtetur
1874 3256 2036 3327 igitur

2151 3246 2315 3315 γεῖται
2346 3242 2439 3300 οὖν
2458 3285 2472 3310 ,
2508 3246 2772 3302 διδάσκων
2812 3249 2960 3319 ἡμᾶς
2991 3250 3019 3301 ὁ
3044 3248 3338 3324 Προφήτης
3374 3248 3711 3322 ἐξομολογεῖφ

2138 3336 2303 3403 σθαι,
2332 3337 2393 3392 τὸ
2417 3339 2706 3411 πρόσωπον
2729 3338 2885 3412 ἡμῶν
2913 3339 3215 3396 ἀναλαϐών.

2754 863 3045 919 ΨΑΛΜΟΣ
3069 864 3203 920 ΝΔ’.

2238 954 2564 1021 Ἑνώτισαι,
2583 957 2616 1010 ό
2644 955 2807 1022 Θεὸς,
2832 955 2946 1023 τὴν
2967 953 3336 1024 προσευχήν
3358 972 3519 1024 μου,
3549 971 3614 1011 κ.
3644 971 3695 1008 τ.
3713 954 3756 1009 ἐ.

2154 1046 2343 1111 Οὐδεὶς
2369 1045 2478 1101 τῶν
2499 1046 2610 1117 (37)
2640 1049 3074 1119 ἁμαρτανόντων,
3099 1047 3350 1118 μάλιστα
3363 1047 3528 1117 παρὰ
3546 1048 3647 1101 τὸν
3668 1048 3756 1118 τῆς

2155 1137 2425 1208 ἁμαρτίας
2461 1138 2685 1207 καιρὸν,
2722 1137 2862 1192 θέλοι
2892 1138 2957 1192 ἂν
2987 1138 3074 1191 ἵνα
3118 1138 3376 1210 προσέχῃ
3418 1137 3580 1207 αὐτῷ
3627 1138 3757 1209 ἀνὴρ

477 1701 679 1754 meam;
710 1705 728 1739 ι
758 1694 813 1742 et
841 1686 1062 1742 auribus
1089 1685 1374 1755 percipiet,
1398 1702 1495 1741 nec
1518 1688 1742 1757 insuper
1765 1698 1817 1742 te
1853 1688 2047 1758 depre-

473 1788 689 1834 cantem
718 1779 1003 1850 despiciet.
1029 1782 1203 1845 Aude,
1231 1792 1484 1852 tanquam
1518 1780 1737 1835 minime
1768 1782 2041 1851 despectui

473 1870 775 1939 habendus,
817 1873 1048 1929 dicere:
1081 1892 1101 1925 ι
1145 1874 1210 1927 Et
1257 1887 1326 1928 ne
1360 1872 1670 1942 despexeris
1708 1873 2043 1943 deprecatio-

474 1976 596 2020 nem
650 1979 893 2019 meam.»
967 1965 1220 2033 Quinimo
1285 1964 1331 2021 si
1398 1966 1504 2021 Deo
1553 1966 1888 2030 attenderis,
1938 1965 2041 2035 ipsi

473 2057 770 2126 conﬁdens,
804 2056 1048 2113 dicistud
1081 2075 1095 2112 :
1143 2077 1161 2110 ι
1193 2058 1412 2114 Intende
1439 2059 1568 2113 mihi
1597 2076 1611 2126 ;
1649 2076 1669 2110 ι
1703 2067 1866 2128 atque
1891 2059 2042 2113 insu-

472 2162 573 2219 per
596 2149 644 2205 si
671 2150 847 2220 ipsum
886 2151 1124 2206 audieris
1149 2191 1165 2216 .
1196 2151 1451 2207 exaudiet
1478 2161 1552 2207 te.
1598 2152 1654 2205 Si
1684 2166 1818 2207 vero
1851 2152 2040 2216 etiam,

474 2248 534 2297 ut
557 2242 849 2312 Apostolus
877 2257 972 2311 per
1006 2244 1539 2300 commiserationem
1583 2244 1792 2314 lugens,
1828 2243 2040 2300 ﬂeveris

469 2347 596 2389 cum
625 2332 880 2389 ﬂentibus
910 2333 978 2400 ⁸⁸,
1021 2344 1077 2390 et
1115 2335 1388 2405 gemueris
1442 2335 1495 2390 in
1546 2336 1647 2390 hoc
1693 2335 2041 2393 tabernaculo

471 2434 817 2496 aggravatus.
845 2424 1010 2479 dicito
1043 2425 1209 2481 illud:
1239 2444 1259 2479 ι
1290 2425 1657 2482 Contristatus
1696 2442 1837 2495 sum,
1871 2446 1891 2481 ι
1929 2437 2037 2483 etc.

542 2515 710 2572 Vsus.
738 2515 793 2570 5.
869 2514 1226 2571 Contrislatus
1268 2533 1386 2570 eum
1416 2517 1473 2571 in
1502 2518 1873 2573 exercitatione
1899 2536 2037 2585 mea,

466 3340 761 3411 Propheta,
798 3350 857 3394 ut
908 3340 1104 3395 doceat
1140 3356 1238 3397 nos
1270 3341 1553 3410 conﬁteri,
1600 3356 1892 3413 personam
1936 3359 2034 3407 no-

466 3444 641 3489 atram
673 3447 978 3488 assumens.

543 3524 702 3582 Vens.
728 3527 784 3582 4.
832 3526 903 3581 Ει
947 3528 1287 3583 conturbatus
1324 3543 1437 3582 sum
1481 3544 1513 3582 a
1543 3543 1666 3583 voce
1697 3528 1900 3584 inimici
1927 3539 1978 3585 et
2002 3548 2035 3586 a

2205 3523 2317 3578 Kal
2344 3522 2679 3593 ἐταράχθην
2698 3523 2816 3583 ἀπὸ
2843 3525 3045 3594 φωνῆς
3065 3525 3284 3596 ἐχθροῦ
3313 3527 3415 3585 καὶ
3447 3529 3568 3583 ἀπὸ
3595 3531 3707 3585 θλί-

466 3620 810 3675 tribulatione
848 3621 1139 3689 peccatoris
1168 3634 1190 3676 :
1233 3621 1481 3692 quoniam
1534 3620 1929 3676 declinaverunt
1977 3623 2036 3677 in

2151 3615 2296 3683 ψεως
2316 3615 2665 3684 ἁμαρτωλοῦ
2684 3632 2698 3650 ο
2724 3614 2812 3669 ὅτι
2840 3615 3157 3681 ἐξέκλιναν
3182 3618 3278 3671 ἐπ’
3303 3619 3413 3689 ἐμὲ
3428 3620 3700 3690 (tr-cpitur.

464 3729 546 3768 me
582 3714 945 3785 iniquitatem,
978 3723 1028 3767 et
1067 3715 1122 3767 in
1169 3715 1253 3768 ira
1288 3712 1494 3768 molesti
1544 3720 1698 3768 erant
1738 3713 1893 3781 mihi,
1917 3724 2028 3770 etc.

2151 3705 2231 3759 ιαί
2265 3706 2335 3759 ἐν
2372 3705 2517 3776 ὀργῇ
2546 3706 2869 3762 ἐνεκότουν
2895 3727 2996 3778 μοι
3015 3751 3030 3775 ,
3059 3726 3116 3763 κ.
3144 3727 3195 3763 τ.
3231 3711 3278 3766 ἐ.
3305 3711 3547 3787 Χριστοῦ
3576 3713 3703 3765 ἁπο-

461 3804 682 3860 Christo
709 3806 977 3861 liberante
1008 3806 1254 3861 homines
1295 3804 1363 3860 ab
1399 3804 1726 3860 adversariis
1751 3807 2033 3874 potestati-

2151 3797 2380 3861 ῖπῶντος
2437 3799 2548 3869 ('59)
2598 3799 2916 3872 ἀνθρώπους
2976 3801 3083 3855 ἀπὸ
3140 3802 3248 3856 τῶν
3306 3803 3699 3875 ἀντικειμένων

461 3895 583 3959 bus,
610 3911 715 3950 vox
748 3896 1051 3967 peccatoris
1095 3897 1292 3952 diaboli
1322 3897 1615 3953 excitantis
1645 3898 1895 3955 subditas
1927 3900 2029 3955 sibi

2151 3888 2424 3961 ἐνεργειῶν
2442 3929 2457 3955 ,
2490 3892 2523 3965 ἡ
2552 3892 2703 3965 φωνὴ
2730 3892 2822 3947 τοῦ
2855 3894 3177 3966 ἁμαρτωλοῦ
3204 3895 3455 3950 διαϐόλου
3499 3914 3699 3970 παρορ-

461 3988 690 4043 virtutes
724 4000 909 4043 contra
955 3989 1312 4054 Salvatorem,
1351 3990 1401 4044 in
1451 4005 1618 4047 causa
1644 3990 1742 4045 fuit
1792 4007 1892 4047 cur
1924 3992 2031 4047 illae

2151 3980 2343 4047 ιῶντος
2379 3982 2476 4047 τὰς
2514 3984 2604 4036 ὑπ’
2635 3985 2794 4039 αὑτὸν
2836 3985 3090 4058 δυνάμεις
3130 3987 3272 4042 κατὰ
3315 3987 3411 4044 τοῦ
3450 3991 3698 4061 Σωτῆρος

461 4080 720 4135 adversus
747 4094 870 4134 eum
901 4080 1238 4150 iniquitatem
1270 4081 1611 4137 declinarent
1635 4092 1691 4138 et
1713 4083 1766 4137 in
1799 4083 1880 4137 ira
1913 4098 2032 4137 mo-

2151 4073 2279 4130 ιίτία
2323 4074 2530 4142 ἐγίνετο
2572 4076 2667 4129 τοῦ
2711 4076 2921 4141 ἐκείνας
2968 4078 3230 4132 ἐκκλίνειν
3277 4080 3362 4132 ἐπ’
3398 4080 3566 4134 αὑτὸν
3602 4082 3697 4153 τὴν

461 4167 609 4221 lesta:
640 4166 737 4235 ipsi
768 4178 970 4235 essent,
1010 4169 1079 4224 ita
1113 4180 1172 4223 ut
1203 4185 1299 4225 cor
1321 4169 1445 4226 Jesu
1480 4172 1789 4228 turbaretur
1812 4172 1868 4227 in
1892 4174 2027 4244 ipso,

2151 4165 2390 4236 ινομίαν,
2427 4167 2521 4221 καὶ
2545 4168 2603 4221 ἐν
2639 4168 2774 4241 ὀργῇ
2824 4170 3066 4237 ἐγκοτεῖν
3107 4168 3290 4240 αὐτῷ,
3331 4169 3408 4233 ὡς
3448 4170 3544 4224 τοῦ
3594 4171 3695 4243 Ἰη-

462 4266 518 4314 ιιι
560 4256 792 4313 formido
834 4261 1023 4313 mortis
1051 4260 1267 4316 caderet
1297 4277 1461 4332 super
1504 4262 1674 4327 illum,
1732 4265 1926 4319 timore
1974 4276 2030 4321 et

2151 4256 2228 4311 ιοῦ
2266 4258 2626 4329 ταράττεσθαι
2652 4260 2751 4331 τὴν
2780 4259 3007 4330 καρδίαν
3048 4263 3107 4314 ἐν
3149 4261 3332 4332 αὐτῷ,
3360 4262 3456 4315 καὶ
3501 4262 3696 4317 δειλίαν

464 4359 697 4405 tremore
725 4349 1065 4407 venientibus
1095 4366 1258 4422 super
1283 4353 1456 4419 illum,
1497 4363 1553 4409 et
1583 4353 1811 4426 caligine
1852 4355 2024 4425 ipsum

2151 4352 2362 4407 θανάτου
2387 4351 2681 4425 ἐμπίπτειν
2709 4351 2856 4423 αὐτῷ
2875 4391 2891 4418 ,
2926 4352 3092 4422 φόϐου
3113 4354 3207 4407 καὶ
3232 4353 3437 4425 τρόμου
3470 4354 3697 4426 ἐρχομέ-

459 4442 756 4513 aperiente.

2151 4459 2239 4497 nov
2259 4444 2346 4497 ἐπ’
2371 4444 2532 4498 αὐτὸν
2549 4483 2564 4508 ,
2600 4442 2695 4496 καὶ
2729 4442 2919 4497 σκότου
2947 4441 3309 4506 καλύπτοντος
3337 4444 3523 4500 αὐτόν.

532 4535 693 4591 Vnus.
733 4536 789 4594 5.
829 4533 934 4589 Cor
971 4551 1139 4589 meum
1189 4537 1554 4592 conturbatum
1583 4547 1659 4592 est
1686 4539 1740 4592 in
1779 4554 1880 4604 me,
1914 4547 2019 4592 etc.

458 4623 632 4679 Habet
656 4625 786 4694 qttid
815 4624 993 4679 simile
1022 4624 1173 4689 illud,
1216 4642 1236 4676 ι
1264 4625 1376 4681 Cor
1414 4642 1588 4681 meum
1647 4629 2022 4684 conturbatum

454 4719 617 4773 estin
657 4733 765 4781 me,
794 4737 814 4771 ι
848 4718 936 4773 isti
964 4736 978 4772 :
1010 4735 1030 4771 ι
1051 4719 1131 4774 Ad
1157 4720 1419 4788 meipsum
1450 4719 1627 4774 anima
1660 4736 1777 4776 mea
1800 4730 2021 4776 contur-

453 4810 578 4864 bata
611 4816 699 4862 est
726 4807 792 4861 ⁸⁸.
818 4826 837 4859 ι
869 4807 1136 4865 Caeterum
1161 4808 1327 4864 etiam
1369 4819 1597 4863 mortem
1621 4809 1955 4879 exspectanti
1989 4825 2019 4864 a

453 4912 621 4970 pravo
671 4899 906 4969 quodam
953 4899 1148 4968 spiritu
1212 4900 1375 4955 timor
1425 4899 1695 4969 injicitur;
1753 4901 1846 4971 qui
1896 4917 2018 4959 cum

451 4993 612 5047 vellet
634 4994 850 5061 operari
897 4992 952 5047 in
982 4994 1073 5050 illo
1100 4994 1190 5065 qui
1240 4994 1385 5050 hunc
1438 4994 1701 5063 psalmum
1755 4996 2014 5064 dictabat,

2151 5009 2214 5046 rat
2239 4996 2320 5057 είς
2339 4993 2429 5046 τὸν
2456 4993 2678 5063 λέγοντα
2710 4993 2801 5047 τὸν
2827 4993 3038 5065 ψαλμὸν
3062 5034 3077 5059 ,
3128 4995 3393 5049 ἐπέπεσεν
3429 4998 3601 5069 αὐτῷ,
3628 5002 3682 5055 οὔ

451 5084 613 5138 irruit
642 5084 693 5139 iu
724 5084 984 5151 eum,sed
1014 5100 1119 5139 non
1141 5085 1361 5140 omnino
1388 5085 1567 5142 ell‘ecit
1600 5087 1740 5156 quod
1780 5088 2014 5143 volebat.

2151 5087 2339 5152 ιὰντως
2388 5087 2445 5140 δὲ
2484 5086 2579 5141 καὶ
2618 5087 2916 5159 ἐνήργησεν
2945 5087 2974 5140 ὅ
2999 5088 3282 5161 ἐϐουλήθη.
3315 5090 3389 5144 Τὸ
3416 5091 3474 5145 δὲ
3509 5094 3683 5163 ὅμοιον

462 5173 718 5229 Similiter
741 5187 959 5243 quoque
990 5175 1142 5230 dices
1172 5177 1239 5231 de
1268 5175 1464 5231 timore
1490 5191 1554 5231 ac
1584 5184 1822 5233 tremore
1850 5192 2013 5248 super

2152 5181 2266 5252 ρεῖς
2299 5180 2393 5234 καὶ
2420 5178 2512 5233 ἐπὶ
2541 5177 2635 5233 τοῦ
2670 5178 2912 5246 ἐλθόντος
2950 5181 3036 5237 ἐπ’
3063 5181 3223 5236 αὐτὸν
3246 5180 3415 5251 φόϐου
3448 5187 3543 5240 καὶ
3568 5186 3683 5260 τρό-

519 5311 735 5368 ⁵⁸ΡεοΙ.
767 5329 957 5370 XLVIII.
1006 5313 1062 5367 2.
1138 5314 1184 5346 “
1236 5314 1394 5372 Rom.
1451 5332 1551 5382 xu,
1604 5317 1694 5374 15.
1771 5317 1866 5375 "l
1910 5318 2036 5390 Reg.

2170 5318 2257 5374 l6.
2332 5318 2378 5352 ⁸⁸
2405 5317 2549 5375 Psal.
2586 5335 2697 5383 xu,
2724 5321 2778 5375 7.

2211 4535 2273 4590 Ἠ
2297 4534 2509 4603 καρδία
2530 4551 2648 4603 μου
2676 4532 2974 4603 ἐταράχθη
3005 4534 3075 4587 ἐν
3101 4533 3250 4603 ἐμοὶ,
3287 4553 3339 4588 κ.
3372 4553 3424 4589 τ.
3459 4537 3508 4589 ἐ.
3543 4538 3691 4609 Ἔχει

2126 4642 2179 4679 τι
2195 4626 2378 4698 ὅμοιον
2400 4624 2509 4697 (40)
2525 4624 2607 4689 τὸ,
2630 4642 2650 4675 ι
2686 4625 2749 4678 Ἢ
2768 4625 2965 4698 καρδία
2997 4642 3098 4696 μου
3124 4627 3395 4698 ἐταράχθη
3413 4631 3474 4682 ὲν
3500 4631 3641 4702 ἐμοὶ,
3667 4652 3686 4684 ι

2126 4716 2227 4788 τῷ,
2264 4734 2283 4767 ι
2307 4717 2452 4788 Πρὸς
2481 4717 2713 4786 ἐμαυτὸν
2756 4718 2790 4788 ἡ
2819 4717 2963 4788 ψυχή
2999 4734 3098 4787 μου
3125 4718 3422 4793 ἐταράχθη.
3459 4741 3482 4773 ι
3538 4723 3690 4777 Ἀλλὰ

2128 4808 2222 4864 καὶ
2250 4808 2342 4861 ἐπὶ
2373 4807 2588 4879 θανάτῳ
2618 4808 3047 4882 προσδοκωμένῳ
3077 4810 3244 4863 δειλία
3279 4812 3388 4865 ἀπό
3421 4829 3567 4879 τινος
3596 4833 3689 4869 πο-

2126 4901 2299 4972 νηρᾶς
2336 4901 2612 4974 ἐνεργείας
2639 4901 2885 4969 γίνεται,
2927 4903 3084 4974 ἥτις,
3131 4902 3425 4976 βουλομένη
3470 4909 3689 4980 ἐνεργῆ-

2118 5453 2313 5508 nianus
2348 5453 2635 5507 secundus.

2189 5523 2299 5604 (ιο)
2328 5525 2497 5604 Ἔχει
2521 5541 2577 5579 τι
2606 5523 2837 5594 ὅμοιον,
2863 5534 2970 5582 etc.
2997 5524 3198 5583 Catena
3236 5525 3486 5588 Corderii
3513 5538 3570 5587 et
3596 5546 3680 5589 ca-

539 5445 628 5505 57)
661 5448 871 5516 Οὐδεὶς
893 5449 1031 5513 τῶν,
1067 5457 1170 5505 etc.
1202 5449 1402 5506 Catena
1432 5451 1695 5508 Corderii.

512 5454 624 5587 $38)
654 5520 727 5572 Ἦ
753 5520 1142 5587 ἀδολεσχίαν,
1169 5531 1277 5574 etc.
1304 5521 1521 5577 Eadem.

2117 5592 2221 5687 de‘x
2249 5592 2626 5651 Coislittianus.

538 5517 624 5590 ξιξ)
654 5520 727 5572 Ἣ
753 5520 1142 5590 ἀδολεσχίαν,
1169 5531 1277 5590 etc.
1304 5521 1521 5577 Eadem.

408 5626 411 5631 η
513 5586 624 5659 ('59)
653 5589 911 5655 Χριστοῦ
942 5586 1358 5657 ἀποσπῶντος,
1413 5604 1519 5648 etc.
1575 5595 1755 5651 Codex
1812 5594 2011 5681 Coisli-
