3970 6160
277 309 431 365 1465

1286 293 1604 360 SELECTA
1645 305 1711 361 IN
1749 303 2086 360 PSALMOS.
2126 335 2194 345 —
2233 303 2427 358 PSAL.
2472 301 2604 359 LIV.

3410 299 3436 354 1
3445 297 3549 356 666

283 449 399 504 μου
423 447 435 460 ·
467 431 626 484 ἅτινα
649 469 663 494 ,
690 429 810 483 ἐπεὶ
835 420 990 500 εὗρεν
1013 426 1174 481 αὐτὸν
1194 426 1534 498 ἐγρηγορότα
1552 467 1566 491 ,
1594 429 1694 481 οὐκ
1713 429 1805 498 svi;
1816 445 1858 498 ρ-

1978 428 2148 496 ipsum
2179 425 2430 477 venit-nte
2461 441 2476 476 :
2519 437 2639 490 qua!
2676 420 2802 490 quia
2844 419 3016 489 ipsum
3050 426 3368 487 repererunt
3410 423 3546 486 Vigi-

281 541 481 595 γησεν.
518 541 536 573 ι
575 519 839 590 Ἐκάλυψέ
877 538 943 591 με
973 521 1030 573 δὲ
1059 519 1268 584 σκότος,
1305 539 1320 570 ι
1355 514 1476 572 εἶπε
1512 520 1598 573 διὰ
1625 520 1685 573 τὸ
1713 519 1871 590 σῶμα

285 614 518 670 σκοποῦν
552 615 648 684 τὴν
669 613 878 685 ψυχὴν,
916 615 1003 667 ὅτε
1050 612 1371 684 ἁμαρτωλὸς
1415 615 1508 666 καὶ
1550 613 1742 684 ἐχθρὸς
1781 614 1871 664 ἐκ-

281 709 561 762 κλίνουσιν
607 707 692 760 ἐπ’
747 708 846 777 ἐμὲ
897 707 1120 777 ἀνόμιον
1165 706 1403 776 ποίησιν.
1448 707 1720 778 Ἀμαρτία
1762 704 1870 774 γὰρ

281 800 566 871 ἁμαρτίαν
599 796 866 870 ἐρεθίζει⁸
899 799 1106 860 δίκαιος
1133 798 1189 851 δὲ
1218 797 1412 868 δικαίῳ
1457 796 1630 850 συνὼν
1670 797 1871 849 δικαιό-

278 907 448 961 τερος
494 889 723 958 γίνεται.
773 908 790 941 ι
815 890 926 944 Καὶ
971 891 1030 943 ἐν
1071 888 1208 960 ὀργῇ
1245 890 1528 944 ἐνεκότουν
1564 907 1672 959 μοι.
1709 909 1727 940 ›
1763 891 1872 942 Καὶ

279 982 448 1037 τοῦτο
475 983 583 1037 τῶν
614 981 955 1055 ἁμαρτωλῶν
974 1021 990 1047 ,
1014 983 1064 1036 οἳ
1086 983 1179 1036 καὶ
1204 983 1301 1054 τὴν
1327 982 1524 1054 ἔχθραν
1549 982 1647 1052 οὐχ
1679 981 1867 1044 ἁπλῶς

282 1075 648 1149 ἐργάζονται,
695 1074 832 1128 ἀλλά
880 1076 974 1128 καὶ
1022 1076 1082 1128 ἐν
1147 1075 1343 1145 σκότῳ.
1397 1075 1713 1142 «Ἐγκοτεῐν
1742 1093 1760 1125 ι
1818 1073 1870 1126 δέ

284 1172 442 1223 ἐστιν
494 1169 922 1240 ἐναποκειμένην
970 1167 1116 1238 ἔχειν
1169 1168 1268 1238 τὴν
1312 1167 1500 1239 ὀργήν.
1553 1167 1869 1219 Ἐπίσταται

289 1261 584 1325 σπουδαῖος
617 1261 762 1324 ἅπας
791 1259 976 1332 ἕτερον
1012 1255 1150 1313 εἶναι
1179 1259 1240 1312 τὸ
1278 1261 1334 1313 ἐν
1373 1259 1651 1330 λογισμοῖς
1689 1261 1870 1330 ἀμαρ-

283 1353 475 1407 τάνειν
511 1352 558 1423 (6
601 1353 695 1406 καὶ
730 1352 953 1405 ἀνεκτόν
995 1351 1134 1421 ἐστι)
1172 1353 1267 1404 καὶ
1300 1352 1486 1422 ἕτερον
1509 1391 1523 1416 ,
1567 1352 1624 1403 ἐν
1672 1350 1869 1422 πράξει

285 1446 388 1499 καὶ
413 1445 591 1513 λόγοις
624 1444 673 1511 (ὃ
701 1445 794 1498 καὶ
824 1444 1161 1498 ἐπικίνδυνον
1197 1445 1291 1498 καὶ
1329 1443 1510 1516 βαρύ).
1548 1443 1638 1497 Διὸ
1683 1444 1770 1497 καὶ
1821 1443 1874 1496 εῖ

286 1552 426 1588 ποτε
471 1537 530 1588 ἐν
567 1535 842 1606 λογισμοῖς
867 1535 1106 1605 συμϐαίη
1141 1533 1325 1588 κλόνον
1347 1536 1438 1588 καὶ
1477 1534 1678 1604 βλάϐην
1721 1533 1869 1601 γίνε-

289 1626 450 1692 σθαι,
487 1629 544 1680 ἐν
589 1627 768 1698 ἐαυτῷ
809 1627 1063 1696 φυλάττει
1097 1627 1270 1690 αὐτὰ,
1321 1626 1440 1679 ούδέ
1481 1627 1744 1697 προφέρει
1782 1626 1870 1678 λό-

285 1735 423 1794 ⁴χον,
454 1721 592 1775 κατά
626 1722 686 1775 τὸ
734 1725 790 1774 ἐν
833 1721 1059 1792 κρυπτῷ
1091 1722 1428 1792 ἁμάρτημα,
1475 1721 1593 1774 οὐδὲ
1639 1720 1866 1792 πράττει

1975 518 2196 581 fantem,
2228 517 2391 586 730
2435 515 2566 570 nihil
2612 514 2930 569 effecerunt.
2985 532 3004 565 ι
3028 513 3399 567 Contexerunt
3427 529 3549 570 vero

1973 627 2059 664 me
2094 613 2392 674 tenebraan
2457 609 2612 673 dixit,
2663 607 2787 676 quia
2832 623 3030 676 corpus
3079 607 3262 660 animo
3295 610 3548 662 tenebras

1971 701 2226 767 offundit,
2271 701 2486 768 quando
2529 709 2780 768 peccator
2803 708 2863 752 et
2897 699 3152 752 inimicus
3187 697 3462 750 declinant
3495 699 3548 751 in

1973 808 2058 846 me
2099 793 2337 862 iniquam
2376 793 2670 847 actionem.
2727 789 3018 844 Peccatum
3073 791 3215 844 enim
3266 799 3546 858 peceatum

1973 883 2218 952 prolicit;
2255 883 2435 952 justus
2466 897 2593 937 vero
2628 881 2777 950 justo
2814 882 3098 936 adhzerens
3121 883 3318 951 justior
3342 882 3545 936 evadit.

1978 993 1996 1026 ι
2027 975 2093 1029 Ει
2127 975 2180 1029 in
2207 975 2288 1028 ira
2321 973 2530 1027 molesti
2565 983 2724 1027 erant
2765 973 2918 1026 mihi.
2944 991 2963 1025 ι
3017 973 3114 1027 ΙΙίε
3160 975 3321 1027 etiam
3354 988 3546 1042 pecca-

1975 1081 2151 1124 torum
2212 1084 2328 1124 mos
2383 1077 2489 1132 est,
2540 1067 2631 1137 qui
2695 1068 3014 1122 inimicitias
3070 1083 3173 1121 non
3223 1067 3549 1136 simpliciter

1971 1169 2247 1219 exercent.
2289 1159 2384 1212 sed
2411 1159 2462 1212 in
2491 1157 2751 1212 tenebris.
2796 1157 3070 1226 Ἐγκοτεῖν
3109 1171 3240 1210 vero
3283 1157 3423 1210 idem
3465 1165 3549 1211 est

1971 1253 2114 1320 quod
2162 1252 2406 1304 intimam
2454 1251 2590 1302 iram
2633 1248 2855 1303 habere.
2899 1248 3140 1314 Quilibet
3169 1248 3369 1316 probus
3401 1248 3550 1301 novit

1972 1343 2116 1397 aliud
2154 1358 2273 1396 esse
2293 1382 2308 1408 ,
2339 1357 2570 1410 peccare
2601 1340 3019 1410 cogitationibus
3060 1339 3233 1411 (quod
3261 1349 3316 1392 et
3349 1339 3548 1394 tulera-

1973 1433 2079 1486 hile
2111 1432 2216 1503 est)
2257 1443 2308 1485 et
2345 1432 2509 1496 alittd,
2553 1432 2714 1485 rebus
2742 1447 2807 1484 ae
2836 1431 3016 1485 verbis
3040 1435 3056 1498 ζ
3082 1433 3222 1499 quod
3253 1439 3303 1484 et
3338 1431 3550 1498 pericu-

1971 1529 2142 1581 losum
2198 1538 2251 1580 et
2307 1541 2471 1595 grave
2525 1526 2670 1595 est).
2737 1524 3079 1594 Quapropter
3127 1525 3171 1578 si
3220 1524 3437 1593 quando
3495 1524 3546 1576 in

1971 1620 2392 1689 cogitationibus
2415 1619 2693 1688 conlingat
2711 1629 2914 1673 motum
2936 1619 3016 1671 vel
3045 1633 3240 1671 noxam
3262 1617 3545 1680 exsistere,

1972 1716 2086 1769 haec
2118 1715 2169 1767 iu
2195 1713 2373 1782 seipso
2403 1713 2656 1774 custodit,
2684 1726 2858 1780 neque
2886 1711 3105 1766 verbum
3141 1710 3373 1780 profert,
3394 1711 3549 1780 juxta

287 1813 807 1885 ἀποτελεσματικῶς
825 1853 840 1875 ,
870 1813 1021 1877 εἰδῖυς
1048 1814 1262 1884 ἰάσιμον
1292 1808 1429 1866 εἶναι
1469 1813 1530 1865 τὸ
1556 1811 1858 1883 ἐνθύμημα.

1969 1815 2248 1876 peccatum
2281 1805 2422 1874 quod
2456 1805 2507 1858 itt
2538 1804 2754 1859 occulto
2787 1804 2873 1867 fit,
2911 1818 3086 1873 neque
3118 1802 3386 1870 complete
3425 1818 3548 1872 per-

287 1905 365 1958 Τὸ
392 1905 449 1959 δέ
472 1906 530 1958 ἐν
549 1906 745 1977 πράξει
767 1907 861 1958 καὶ
885 1903 1062 1974 λόγοις
1075 1906 1324 1959 δυσίατον
1344 1905 1456 1958 ἐσθ’
1473 1906 1561 1959 ὅτε
1589 1906 1682 1959 καὶ
1715 1905 1869 1959 ἀνία-

283 1982 400 2050 τον,
433 1997 524 2050 Διό
542 2013 726 2068 φησιν·
762 2016 780 2048 ι
827 1998 892 2050 Ἡ
917 1998 1114 2068 καρδία
1141 2015 1241 2068 μου
1275 1997 1551 2068 ἐταράχθη
1577 2000 1636 2051 ἐν
1668 1999 1811 2069 ἐμοί.
1841 2018 1860 2052 ι

287 2088 362 2141 Οὐ
394 2087 502 2158 γὰρ
533 2089 854 2160 ήρμήνευσα
882 2089 979 2158 τὴν
1020 2087 1263 2160 ταραχὴν
1286 2129 1301 2153 ,
1337 2089 1368 2159 ἦ
1409 2087 1620 2158 ἔπραξά
1659 2105 1714 2140 τι
1743 2087 1865 2141 κατ’

287 2178 450 2232 αὐτόν
477 2197 491 2210 ο
535 2179 669 2233 ἀλλά
708 2179 802 2233 καὶ
831 2179 1030 2243 δειλίας
1063 2180 1428 2251 ἐπιπεσούσης
1460 2180 1690 2234 Θανάτου
1737 2181 1867 2235 ἀκο-

286 2268 601 2334 λουθοῦντος
633 2275 698 2343 τῇ
725 2273 991 2344 ἁμαρτίᾳ,
1035 2275 1093 2325 ἐν
1123 2272 1342 2343 ἐμαυτῷ
1379 2273 1546 2344 αὐτὴν
1577 2272 1862 2343 κατέσχον.

287 2361 585 2432 Συμὸαίνει
623 2365 731 2435 γὰρ
763 2365 826 2417 ἐκ
853 2363 960 2417 τῶν
989 2363 1094 2430 ἔξω
1124 2365 1222 2436 τὴν
1252 2364 1453 2418 δειλίαν
1480 2364 1746 2434 φανῆναι,
1770 2365 1864 2418 καὶ

288 2455 486 2526 ἐτέρων
537 2456 866 2528 πρόσκομμα
905 2457 1156 2524 γενέσθαι
1195 2457 1287 2510 τὸν
1322 2457 1646 2528 δηλωθέντα.
1680 2456 1754 2509 Τὸ
1781 2456 1859 2519 δὲ,

295 2564 314 2596 ι
342 2545 507 2610 Φόϐος
541 2547 637 2599 καὶ
669 2548 868 2622 τρόμος
899 2543 1060 2619 ἦλθεν
1103 2551 1193 2602 ἐπ’
1222 2549 1354 2620 ἐμὲ,
1398 2550 1492 2602 καὶ
1530 2547 1768 2616 ἐκάλυψέ
1795 2563 1862 2617 με

293 2638 520 2702 σκότος,
562 2657 580 2691 t
640 2639 742 2709 τῆς
785 2640 999 2708 φύσεως
1049 2641 1151 2711 τῆς
1200 2641 1547 2713 ἀνθρωπίνης
1603 2640 1859 2709 ὑπάρχει,

290 2728 517 2800 ἐχούσης
548 2730 608 2783 τὸ
632 2731 928 2802 παθητικὸν
952 2734 1046 2787 καὶ
1066 2733 1294 2804 θυμικὸν
1321 2734 1415 2786 καὶ
1441 2732 1858 2802 ἐπιθυμητικόν.

289 2820 406 2874 Κᾶν
435 2823 553 2873 κατ’
602 2823 803 2895 ἀρετήν
841 2842 926 2889 τις
977 2827 1257 2898 προκόπτῃ
1281 2865 1295 2888 ,
1328 2827 1428 2878 ούκ
1461 2826 1859 2898 ἁφανιζομένου

288 2911 380 2966 τοῦ
430 2912 767 2985 παθητικοῦ,
803 2918 1087 2988 συμϐαίνει
1128 2919 1186 2971 ἐν
1229 2920 1294 2988 τῇ
1341 2918 1610 2992 λεγομένῃ
1639 2935 1859 2990 συμπα-

1970 1899 2106 1962 ficit,
2168 1898 2350 1952 sciens
2402 1898 2790 1966 cogitationem
2846 1911 2969 1951 esse
3011 1895 3335 1952 curabilem.
3393 1895 3548 1962 Quod

1965 2004 2095 2044 vero
2128 2005 2293 2060 opere
2326 2004 2389 2044 ac
2426 1989 2608 2044 verbis
2662 1989 2745 2055 fit,
2774 1998 2967 2043 curatu
3013 1988 3228 2043 difﬁcile
3276 1999 3330 2043 et
3369 2005 3546 2059 quan-

1967 2082 2144 2152 doque
2170 2081 2471 2136 iucurabile
2499 2082 2734 2136 exsistit.
2780 2081 2990 2135 Idcirco
3027 2082 3101 2134 ait
3133 2099 3146 2134 :
3183 2099 3201 2132 ι
3230 2081 3338 2135 Cor
3367 2097 3545 2136 meum

1967 2174 2342 2229 conturbatum
2392 2175 2559 2229 estin
2597 2190 2703 2229 tne.
2737 2195 2755 2226 ι
2808 2173 2927 2228 Νοιι
2977 2175 3121 2228 enim
3177 2174 3544 2228 turbationem

1963 2267 2260 2329 euunliavi,
2281 2267 2362 2320 vel
2386 2267 2484 2322 feci
2509 2269 2802 2335 quidquam
2826 2269 3086 2324 adversus
3109 2284 3228 2323 eum
3258 2286 3271 2323 :
3297 2271 3548 2340 quinimo

1965 2374 2089 2414 cum
2115 2360 2278 2413 timor
2307 2360 2586 2431 ingrueret
2620 2360 2810 2414 mortis
2833 2371 3111 2426 peceatum
3136 2362 3544 2431 subsequentis,

1966 2459 2019 2513 in
2056 2457 2373 2526 memetipso
2404 2457 2552 2510 illum
2604 2457 2876 2511 continui.
2934 2457 3218 2526 Contingit
3275 2461 3420 2512 enim
3475 2474 3542 2514 ex

1966 2548 2133 2613 signis
2161 2547 2406 2601 externis
2444 2547 2696 2600 timorem
2725 2562 3013 2616 apparere,
3037 2559 3092 2602 et
3115 2558 3396 2605 ostensum
3423 2552 3543 2605 aliis

1960 2637 2349 2693 offendieulum
2387 2639 2528 2694 fieri.
2573 2637 2707 2691 Illud
2744 2654 2879 2693 vero
2913 2657 2926 2693 :
2968 2659 2986 2691 ι
3019 2640 3206 2695 Timor
3242 2651 3298 2696 et
3339 2653 3544 2697 tremor

1963 2741 2234 2784 venerunt
2271 2747 2439 2800 super
2484 2745 2592 2798 me,
2638 2739 2692 2786 et
2721 2741 3087 2786 contexerunt
3120 2748 3203 2788 me
3235 2735 3490 2800 tenebrat,
3513 2754 3540 2792 ν

1963 2821 2213 2876 humana:
2246 2831 2454 2876 natura:
2487 2831 2591 2887 est,
2647 2822 2882 2890 patiendi
2925 2833 2981 2876 et
3019 2822 3290 2878 irascendi
3323 2835 3381 2879 et
3407 2841 3542 2880 cono

1963 2913 2278 2982 cupiscendi
2333 2916 2441 2967 vim
2488 2915 2762 2968 habentis.
2819 2915 3046 2971 Etiamsi
3085 2917 3205 2985 quis
3239 2917 3289 2970 in
3340 2918 3543 2976 virtute

289 3004 404 3074 θεία
460 3007 729 3075 γενέσθαι.
806 3010 1020 3081 Ἀμέλει
1071 3009 1198 3080 γοῦν
1255 3011 1348 3065 καὶ
1395 3011 1455 3064 τὸ
1505 3011 1858 3083 προκείμενον

1967 3007 2280 3076 profecerit,
2319 3008 2557 3078 potentia
2583 3008 2820 3078 patiendi
2855 3011 3077 3064 minime
3101 3011 3300 3076 deleta,
3328 3013 3542 3066 contin-

288 3099 606 3170 πρόσωπον,
639 3101 942 3172 ὠθούμενον
990 3103 1093 3156 ὑπὸ
1136 3102 1329 3172 φωνῶν
1363 3102 1571 3176 ἐχθρῶν
1612 3103 1707 3158 καὶ
1750 3103 1858 3156 θλί-

1967 3098 2114 3167 gitut
2151 3097 2201 3150 in
2225 3097 2365 3149 dicta
2396 3098 2782 3167 compassione
2815 3111 3081 3152 versetur.
3117 3101 3275 3155 Certe
3307 3114 3538 3168 persona

288 3189 431 3260 ψεως
456 3191 812 3262 ἀμαρτωλοῦ,
845 3193 1334 3266 ἀναρριπιζόμενον
1370 3195 1493 3265 ἔσχε
1529 3195 1588 3247 τὸ
1620 3195 1857 3265 ἐνυπάρ-

1967 3207 2174 3260 quoque
2203 3193 2498 3262 proposita,
2527 3207 2652 3246 cum
2691 3207 2720 3245 a
2756 3195 2979 3248 vocibus
3015 3193 3252 3247 inimicis
3283 3203 3338 3246 et
3365 3193 3539 3247 tribu-

288 3297 378 3351 χον
407 3281 737 3351 παθητικὸν,
779 3283 856 3347 ὡς
913 3284 1212 3355 φοϐηθῆναι
1239 3325 1254 3348 ,
1287 3286 1380 3338 καὶ
1420 3285 1608 3357 τρόμῳ
1651 3287 1858 3338 ὑποπε-

291 3375 398 3425 σεῖν
429 3372 534 3425 ὑπὸ
562 3373 654 3426 τοῦ
683 3374 782 3443 τῆς
821 3375 1052 3447 ἀπορίας
1087 3377 1309 3440 σκότους
1330 3393 1342 3405 ο
1387 3376 1484 3446 τὴν
1509 3377 1618 3448 γὰρ
1663 3393 1853 3430 σκοτο-

288 3463 513 3518 δινίασιν
537 3465 725 3529 σκότος
753 3466 1027 3522 ἐκάλεσεν.

353 3645 463 3698 Καὶ
487 3641 656 3698 εἶπα·
701 3646 794 3712 Τίς
828 3645 1004 3701 δώσει
1037 3666 1140 3717 μοι
1169 3647 1467 3718 πτέρυγας
1493 3650 1639 3706 ὡσεὶ
1687 3669 1853 3722 περι-

287 3733 511 3803 στερᾶς,
547 3753 600 3790 κ.
631 3753 662 3788 τ
725 3738 771 3790 ἐ.
806 3737 1080 3809 Πτέρυγές
1111 3742 1216 3792 εἰσι
1247 3739 1357 3808 (41)
1384 3739 1483 3811 τῆς
1508 3742 1666 3811 ἁγίας
1696 3760 1852 3815 περι-

286 3830 482 3899 στερᾶς
527 3830 560 3900 ἡ
612 3827 813 3894 θεωρία
861 3831 1128 3902 σωμάτων
1171 3834 1264 3885 καὶ
1318 3833 1653 3904 ἀσωμάτων,
1689 3835 1755 3889 δι’
1786 3833 1854 3906 ἧς

285 3921 513 3990 ὑψωθεὶς
561 3923 590 3974 6
648 3921 772 3986 νοῦς
826 3924 1132 3978 καταπαύει
1193 3928 1272 3990 εἰς
1306 3927 1505 3996 γνῶσιν
1549 3927 1648 3998 τῆς
1694 3927 1852 3996 ἁγίας

284 4013 522 4086 Τριάδος.

362 4105 506 4159 Ἰδοὺ
529 4106 832 4176 ἐμάκρυνα
875 4110 1227 4179 φυγαδεύων
1247 4155 1261 4179 ,
1299 4111 1398 4166 καὶ
1427 4113 1737 4182 ηὐλίσθην
1784 4115 1854 4169 ἐν

282 4198 355 4268 τῇ
376 4199 604 4270 ἐρήμῳ,
637 4219 692 4255 κ.
723 4220 774 4254 τ.
799 4204 846 4258 ἐ.
886 4205 950 4256 Ἡ
977 4204 1068 4257 τοῦ
1102 4206 1422 4275 φυγαδεύειν
1459 4208 1603 4274 λέξις
1638 4208 1750 4280 (42)
1787 4208 1850 4261 τὸ

279 4290 488 4346 διώκειν
521 4295 612 4346 καὶ
640 4297 720 4357 εἰς
747 4295 923 4366 φυγὴν
950 4297 1172 4367 τρέπειν
1191 4300 1315 4362 τοὺς
1342 4298 1728 4371 ἐλαυνομένους
1753 4301 1850 4372 δη-

280 4382 374 4438 λοῖ.
400 4385 536 4456 Φησὶ
552 4385 681 4454 γοῦν
699 4388 727 4440 6
747 4387 836 4440 τὸν
851 4387 1062 4458 ψαλμὸν
1078 4389 1271 4456 λέγων,
1293 4409 1311 4440 ι
1333 4391 1463 4444 Ἰδοὺ
1481 4393 1786 4462 ἐμάκρυνα,
1826 4413 1845 4446 ι

1957 3281 2157 3337 latione
2213 3283 2523 3352 peccatoris
2564 3292 2976 3348 concuteretur,
3028 3284 3247 3338 insitam
3296 3285 3536 3353 patiendi

1955 3374 2062 3428 vim
2095 3375 2326 3430 habebat
2359 3376 2654 3430 excitatam
2677 3415 2693 3440 ,
2747 3376 2882 3430 adeo
2914 3386 2975 3429 ut
3005 3377 3199 3432 timore
3224 3377 3538 3445 corripere-

1956 3474 2047 3519 tur
2090 3477 2144 3520 et
2195 3467 2417 3521 tremori
2451 3467 2760 3535 subjaceret
2790 3485 2902 3539 prae
2938 3468 3177 3524 tenebris
3201 3469 3533 3524 anxietatis:

1955 3571 2080 3610 nam
2117 3559 2511 3614 tenebricosam
2560 3562 2886 3631 vertiginem
2933 3565 3189 3616 tenebras
3225 3563 3533 3631 appellavit.

2029 3649 2192 3707 Vens.
2233 3651 2283 3707 7.
2326 3651 2395 3705 Et
2449 3655 2561 3707 dixi
2596 3671 2612 3708 :
2649 3653 2781 3718 Quis
2823 3656 2968 3708 dabit
3000 3656 3125 3709 milii
3165 3673 3362 3724 pennas
3401 3659 3534 3712 sicut

1954 3741 2227 3807 columine,
2274 3754 2384 3798 etc.
2436 3743 2636 3799 Ρειιιιτε
2674 3744 2942 3800 columbas
2993 3757 3198 3801 sancite
3227 3757 3309 3802 est
3351 3763 3532 3804 rerum

1954 3848 2342 3903 corporearum
2385 3846 2440 3889 et
2484 3838 2925 3906 incorporearum
2981 3839 3381 3909 contemplatio,
3440 3856 3536 3910 per

1954 3940 2114 3994 quam
2174 3927 2314 3981 elata
2365 3943 2518 3984 mens
2563 3930 2614 3983 in
2659 3931 2970 4000 cognitione
3016 3941 3221 3988 sanctae
3254 3933 3534 3991 Trinitatis

1954 4019 2266 4085 requiescit.

2027 4107 2188 4166 Vens.
2232 4111 2286 4165 8.
2332 4111 2465 4166 Ecce
2488 4111 2725 4180 elongavi
2755 4113 2985 4182 fugiens,
3021 4125 3068 4169 et
3105 4118 3275 4170 mansi
3315 4119 3369 4170 in
3407 4119 3533 4173 seli-

1953 4202 2156 4265 tudine,
2191 4212 2296 4255 etc.
2321 4202 2434 4257 Vox
2465 4203 2788 4272 φυγαδεύειν
2817 4205 3086 4273 significat
3110 4210 3364 4278 persequi
3393 4222 3447 4264 et
3474 4213 3528 4266 in

1951 4293 2132 4364 fugam
2189 4304 2401 4348 vertere
2453 4311 2546 4348 eos
2603 4296 2695 4364 qui
2753 4297 3120 4367 expelluntur.
3171 4299 3315 4355 Dicit
3363 4302 3528 4370 igitur

1950 4385 2144 4455 psalmi
2199 4396 2438 4440 auctor:
2479 4405 2497 4438 ι
2525 4387 2665 4443 Ecce
2710 4389 2986 4458 elongavi,
3017 4410 3037 4444 ι
3096 4394 3198 4447 hoc
3241 4404 3324 4447 est
3371 4393 3528 4462 longe

279 4477 554 4531 τουτέστιν
587 4478 682 4530 ἐπὶ
728 4479 862 4532 πολὺ
905 4480 1222 4549 φυγαδεύων
1263 4481 1357 4536 τὸν
1401 4483 1593 4554 ἐχθρὸν
1628 4485 1724 4536 καὶ
1757 4485 1847 4538 τὸν

1967 4477 2130 4545 axpuli
2175 4478 2450 4532 inimicum
2485 4489 2540 4533 et
2582 4491 2964 4550 peccatorem,
3017 4495 3075 4538 ut
3128 4485 3233 4540 illis
3282 4487 3526 4555 expulsis

282 4568 627 4640 ἁμαρτωλὸν,
661 4570 737 4633 ὡς
760 4571 983 4624 ἐκείνων
1013 4571 1392 4644 ἐληλασμένων
1422 4575 1743 4646 αὐλισθῆναι
1778 4594 1845 4647 με

1967 4584 2220 4624 nanerem
2265 4571 2314 4624 in
2357 4571 2673 4637 solitudine,
2729 4575 2836 4630 hoc
2873 4586 2958 4631 est
3007 4578 3058 4631 in
3115 4589 3254 4632 statu
3297 4577 3526 4646 paeiiico

278 4661 334 4714 ἐν
351 4662 416 4730 τῇ
449 4660 642 4732 ἐρήμῳ
662 4699 676 4725 ,
702 4661 979 4716 τουτέστιν
1002 4663 1468 4719 διαναπαύσασθαι
1496 4669 1553 4718 ἐν
1576 4669 1847 4722 καταστά-

1967 4664 2363 4729 'equiescerem.
2395 4663 2450 4718 Si
2484 4674 2669 4718 autem
2698 4682 2803 4720 vox
2884 4668 3209 4738 φυγαδεύειν
3278 4671 3380 4726 hoc
3407 4672 3525 4727 loco

276 4769 352 4806 σει
373 4754 644 4824 εἰρηνικῇ.
686 4753 750 4806 Ei
783 4753 841 4807 δὲ
873 4753 932 4808 τὺ
967 4774 986 4808 ι
1014 4756 1338 4826 φυγαδεύειν
1367 4777 1384 4810 ι
1438 4757 1582 4822 ἰδίως
1611 4759 1846 4814 ἐνταῦθα

1967 4753 2211 4824 igniﬁcat
2242 4773 2260 4807 ι
2282 4755 2489 4828 fugere,
2527 4779 2546 4812 ι
2577 4758 2759 4829 justus
2791 4776 2889 4817 eos
2915 4763 3010 4832 qui
3045 4779 3076 4818 e
3104 4765 3524 4822 circumcisione

279 4862 296 4895 ι
335 4845 525 4913 φυγεῖν
559 4863 579 4896 ι
621 4845 908 4915 σημαίνει,
937 4848 1055 4918 ἐρεῖ
1084 4850 1112 4901 6
1144 4849 1348 4914 δίκαιος
1377 4853 1502 4916 τοὺς
1527 4853 1591 4907 ἐκ
1627 4871 1846 4925 περιτο-

1967 4853 2090 4909 .ιιιιι,
2126 4845 2355 4916 fugiens,
2389 4863 2619 4920 seseque
2653 4852 2721 4907 ab
2747 4853 2826 4907 eis
2857 4854 2924 4909 ob
2964 4869 3151 4909 eorum
3193 4855 3521 4924 jactantiam

275 4936 378 5007 μῆς
418 4935 634 5005 φεύγων
661 4937 753 4991 καὶ⁸
783 4940 1190 5011 μακρυνόμενος
1215 4943 1304 4997 διὰ
1330 4945 1428 5014 τὴν
1469 4947 1606 5017 πρὸς
1646 4947 1843 5009 αὐτοὺς

1969 4953 2106 5005 onge
2128 4940 2474 5006 subtnoveus,
2503 4943 2637 4996 dicit
2669 4961 2681 4998 :
2715 4943 2885 4998 Mansi
2914 4947 2967 4999 in
3013 4947 3258 5001 Ecclesia
3289 4949 3378 5004 ubi
3413 4965 3520 5004 non

271 5024 611 5090 ἀλαζονείαν·
638 5025 913 5099 Ηὺλίσθην
945 5031 1004 5082 ἐν
1031 5033 1098 5102 τῇ
1138 5032 1326 5105 ἐρήμῳ
1367 5035 1531 5106 νόμου
1573 5038 1668 5091 καὶ
1713 5054 1844 5108 προσ

272 5116 451 5188 φητῶν
508 5117 825 5190 Ἐκκλησία.
871 5119 1122 5192 Ἀρμόζει
1162 5123 1220 5177 δὲ
1247 5125 1340 5179 καὶ
1374 5125 1454 5197 τῷ
1482 5128 1601 5180 κατ’
1631 5129 1837 5183 οἰκονο-

273 5209 398 5279 μίαν
431 5210 675 5282 Χριστῷ.

335 5299 795 5371 Προσεδεχόμην
812 5299 920 5357 τὸν
933 5301 1207 5366 σώζων-τά
1219 5324 1296 5376 με
1313 5308 1429 5363 ἀπὸ
1446 5311 1842 5380 ὀλιγοψυχίας

270 5387 361 5440 καὶ
389 5390 748 5461 καταιγίδος,
774 5409 832 5447 κ.
863 5411 916 5449 τ.
946 5395 992 5447 ἐ.
1022 5396 1289 5466 Καταιγὶς
1316 5401 1344 5452 6
1380 5398 1553 5469 μέγας
1570 5401 1680 5471 (45)
1715 5419 1837 5456 πει-

273 5481 473 5552 ρασμὸς
501 5485 598 5538 καὶ
637 5484 806 5550 πολὺς
844 5487 986 5541 κατὰ
1015 5489 1114 5560 τῆς
1144 5489 1322 5561 ψυχῆς
1356 5490 1564 5558 πνέων,
1599 5491 1727 5547 ὥστ’
1769 5494 1837 5550 ἂν

272 5569 358 5623 καὶ
384 5573 693 5644 ναυαγῆσαι
723 5574 822 5648 τὴν
846 5577 923 5649 μὴ
957 5579 1326 5652 προσέχουσαν
1357 5583 1546 5655 ἑαυτῇ.

476 5690 768 5774 ιζξέρυτές
793 5697 932 5774 εισι,
959 5705 1066 5774 etc.
1099 5695 1320 5774 Siclthedte
1343 5699 1548 5774 Grabii.

335 5757 447 5828 (42)
499 5759 568 5815 Ἡ
586 5757 698 5818 τοῦ
723 5757 1080 5835 φυγαδεύειν
1109 5769 1292 5836 λέξις,
1325 5780 1427 5827 etc.
1467 5771 1646 5829 Codex
1673 5769 1829 5830 Cois-

1945 5039 2030 5083 est
2075 5031 2158 5086 lex
2205 5046 2304 5086 nec
2355 5036 2660 5103 prophetae.
2750 5036 3022 5092 Convenit
3073 5041 3237 5095 etiam
3300 5040 3522 5097 Christo

1943 5123 2240 5176 secundum
2265 5123 2748 5193 dispensationem.

2017 5213 2174 5285 731
2218 5212 2382 5270 Vens.
2424 5217 2478 5272 9.
2512 5217 2900 5287 Exspectabam
2931 5240 3050 5277 eum
3085 5225 3176 5293 qui
3207 5224 3409 5278 salvum
3437 5240 3518 5278 me

1949 5305 2068 5375 fecit
2085 5327 2116 5362 α
2138 5310 2576 5377 pusillanimitate
2593 5314 2808 5381 spiritus
2825 5325 2875 5368 et
2891 5326 3214 5384 tempestate,
3235 5327 3340 5374 etc.
3363 5318 3518 5374 Tem-

1945 5409 2128 5471 pestas
2151 5412 2236 5457 est
2267 5405 2497 5459 lentatio
2531 5421 2723 5475 magna
2755 5417 2810 5461 et
2839 5408 3134 5464 vehemens
3172 5416 3362 5463 contra
3393 5412 3516 5466 ani-

1945 5509 2088 5546 mam
2107 5494 2348 5562 spirans,
2379 5495 2453 5550 ita
2481 5505 2539 5550 ut
2568 5496 2911 5568 naufragium
2944 5497 3110 5553 faciat
3138 5498 3228 5554 illa
3259 5514 3381 5570 qua:
3402 5501 3511 5559 sibi

1943 5601 2049 5640 non
2081 5588 2334 5641 attendit.
2924 5619 2942 5654 ο

1941 5703 2179 5760 linianus
2210 5705 2495 5760 secundus.

2011 5775 2124 5847 (43)
2153 5775 2430 5847 Καταιγὶς
2460 5779 2492 5832 ό
2520 5774 2729 5847 μέγας,
2753 5787 2858 5835 etc.
2894 5777 3061 5839 idem.
