3970 6160
511 240 648 300 1467

1899 242 1992 298 EX
2021 241 2184 298 ORIG
2193 242 2325 297 ENE

3670 248 3776 300 ιιιιι

586 355 745 411 Vens.
797 355 878 409 l0.
924 353 1234 427 Prwcipita,
1275 356 1517 424 Domine,
1563 365 1614 411 et
1659 356 1834 411 divide
1878 357 2084 427 lingua:

2264 359 2741 423 Καταπόντισον,
2773 359 2972 427 Κύριε,
3001 357 3099 411 καὶ
3126 356 3466 411 καταδίελε
3492 355 3604 424 τὰς
3626 360 3776 427 γλώσ.

511 466 716 516 eorum,
743 450 993 519 quoniam
1023 450 1132 503 vidi
1163 452 1499 521 iniquitatem
1538 458 1591 504 et
1619 450 2091 503 contradictionem

512 544 566 595 in
597 544 831 607 civitate,
863 551 972 596 etc.
1009 541 1080 596 Iis
1108 543 1200 611 qui
1229 558 1297 598 ex
1328 543 1537 598 malitia
1565 554 1620 598 et
1645 542 1800 597 falsis
1829 542 2092 612 dogmati-

513 636 613 691 bus
661 636 938 689 civitatem
976 633 1277 700 redilicant,
1327 636 1642 707 supervenit
1692 635 1994 706 ignorantia
2036 644 2092 690 et

509 727 824 797 linguarum
854 724 1107 782 confusio
1145 740 1266 796 quae
1294 726 1442 796 ipsos
1486 742 1516 781 a
1547 727 1691 782 malo
1726 742 1889 795 opere
1933 727 2091 782 cohi-

512 817 626 881 bet,
684 817 1150 887 quemadmodum
1209 816 1443 885 conligit
1501 818 1667 871 etiam
1726 817 1835 872 illis
1890 818 1982 887 qui
2037 817 2089 871 in

509 908 752 964 Chalane
798 910 993 964 turrim
1046 917 1500 964 construxerunt.
1548 909 1605 963 In
1653 925 1803 966 mare
1848 910 2089 980 demergi

509 1001 710 1055 dicitur
757 1001 810 1056 id
861 1001 1006 1071 quod
1061 1001 1130 1056 ab
1177 999 1353 1056 oculis
1399 1002 1706 1064 evanescit,
1763 1002 1889 1072 quia
1930 1017 2092 1057 omne

509 1094 656 1161 quod
696 1094 751 1148 in
801 1094 1075 1163 profundo
1104 1101 1210 1156 est,
1236 1090 1305 1146 ab
1334 1093 1506 1148 oculis
1526 1094 1827 1149 evanescit.
1856 1093 2089 1149 Profun-

509 1186 637 1240 dum
670 1186 834 1254 igitur
868 1196 1150 1255 peccatum
1189 1192 1294 1248 est,
1328 1194 1384 1239 et
1415 1187 1491 1241 rei
1525 1204 1646 1257 qua:
1665 1188 2091 1245 subsistitinter-

509 1280 651 1343 ilus,
703 1278 927 1334 malitia:
947 1280 1256 1337 dissolutio.
1291 1282 1589 1354 Propterea
1618 1282 1753 1337 dicit
1782 1281 1835 1335 in
1868 1280 2091 1350 proinn~

508 1373 638 1426 dum
670 1386 700 1427 a
729 1372 839 1428 Deo
874 1375 1114 1444 demergi
1148 1376 1373 1442 malum,
1402 1393 1526 1433 cum
1551 1376 1870 1431 dividuntur
1892 1375 2093 1444 lingua:

514 1477 709 1519 eorum
742 1465 798 1519 in
833 1470 1034 1523 malum
1069 1473 1519 1543 conspiranlium.

585 1556 862 1625 Ejusdem.
877 1578 895 1611 ι
920 1560 1223 1633 Ριιεοίμίιε,
1240 1566 1484 1619 Domine.
1509 1582 1529 1616 ο
1546 1563 1784 1631 Quormn
1804 1578 1824 1612 ι
1846 1572 2086 1618 θοι-ιω.»

509 1649 617 1705 nisi
670 1650 875 1706 inimici
921 1662 978 1708 et
1025 1657 1369 1723 peccatoris?
1418 1655 1504 1711 vel
1549 1665 1807 1724 tanquam
1857 1653 2091 1723 abyssus

509 1742 801 1811 sapientia,
856 1744 908 1798 in
951 1722 1057 1814 qua
1107 1759 1235 1804 sunt
1282 1750 1554 1820 profunda
1606 1722 1727 1815 Dei,
1785 1722 2090 1817 praecipitat
2121 1722 2165 1778 Β

510 1833 788 1890 inundans
838 1836 1053 1907 linguas
1099 1851 1155 1896 et
1198 1858 1360 1898 voces
1391 1842 1665 1898 sermonis
1698 1840 1902 1895 inimici
1938 1837 2087 1893 veri-

511 1927 662 1991 tatis,
690 1938 746 1983 et
781 1944 972 1986 eorum
1014 1934 1104 2001 qui
1157 1935 1304 1990 illum
1343 1937 1641 2005 praadicant
1683 1952 1698 2002 ;
1745 1943 1801 1989 et
1835 1932 2090 1988 dissolvit

510 2018 681 2086 ipsas,
703 2035 937 2089 arguens
964 2023 1355 2080 dissonantiam
1381 2035 1439 2081 et
1455 2025 1851 2080 dissensionem
1872 2038 2085 2079 eorum.

510 2111 681 2166 Porro
724 2128 910 2181 causa,
970 2131 1069 2171 cur
1111 2118 1225 2173 haec
1265 2119 1536 2184 dicantur,
1582 2119 1948 2189 subjungitur.
1996 2117 2090 2171 Est

507 2202 653 2258 enim
685 2205 847 2260 etiam
882 2209 1242 2265 contradictio
1269 2210 1414 2265 inter
1444 2227 1538 2266 eos
1580 2211 1671 2281 qni
1718 2219 1910 2266 contra
1940 2208 2086 2263 veri-

511 2303 678 2349 tatem
717 2298 1077 2365 contendunt,
1114 2314 1235 2369 quae
1275 2301 1342 2354 ad
1373 2300 1508 2356 nihil
1554 2299 1706 2354 utilis
1738 2308 1843 2363 est,
1885 2297 1989 2351 nisi
2021 2296 2088 2351 ad

509 2386 916 2444 subversionem
969 2391 1332 2447 audientium.
1391 2392 1662 2447 Caeterum
1719 2390 1968 2445 Christus
2022 2401 2086 2441 ea

507 2495 631 2550 quae
661 2494 965 2552 sequuntur
987 2486 1169 2541 dicere
1196 2486 1368 2555 possit
1391 2486 1457 2540 de
1479 2485 1702 2539 civitate
1721 2482 2084 2553 Jerosolyma,

508 2574 701 2629 videns
731 2576 784 2629 in
821 2591 886 2631 ea
935 2577 1299 2647 iniquitatem,
1328 2588 1383 2635 et
1414 2579 1677 2633 adversus
1706 2591 1767 2632 se
1813 2573 2089 2630 contradi-

508 2668 744 2722 ctionem
778 2669 992 2725 diversa
1025 2671 1094 2727 de
1121 2672 1237 2740 ipso
1262 2673 1669 2729 disserentium.
1708 2689 1727 2723 ι
1767 2669 1832 2724 Ει
1859 2683 1965 2723 non
1997 2667 2088 2720 de-

509 2758 637 2814 fecit
661 2759 727 2814 de
753 2759 945 2829 plateis
969 2762 1107 2832 ejus.
1140 2782 1158 2814 ι
1188 2763 1300 2819 Iloc
1316 2764 1443 2832 jure
1471 2763 1667 2819 merito
1692 2762 1761 2817 ad
1798 2773 2085 2832 personam

506 2852 801 2923 proditoris
840 2852 1030 2908 referri
1059 2856 1248 2924 possit.

582 2944 742 3000 Vens.
784 2946 871 3001 16.
925 2946 1107 3001 Veniat
1135 2965 1275 3004 mors
1302 2967 1461 3014 super
1502 2950 1627 3005 illo:
1668 2962 1716 3005 et
1760 2953 2085 3008 descendant

2195 466 2312 515 σας
2331 447 2533 505 αὐτῶν
2554 492 2567 518 ,
2604 449 2693 503 ὅτι
2727 448 2891 504 εἶδον
2914 450 3175 519 ἀνομίαν
3211 449 3317 502 καὶ
3354 446 3709 520 ἀντιλογίαν
3730 455 3778 506 ἐν

2192 542 2269 611 τῇ
2294 546 2489 610 πόλει,
2525 563 2577 598 κ.
2612 561 2663 596 τ.
2699 544 2744 596 ἐ.
2782 545 2907 608 Τοῖς
2943 544 3056 597 ἀπὸ
3096 543 3305 607 κακίας
3331 542 3454 615 (Η)
3484 544 3585 597 καὶ
3606 545 3780 613 ᾁευδὲη

2191 636 2478 707 δογμάτων
2517 636 2671 690 πόλιν
2705 636 3079 707 οἰκοδομοῦσιν
3117 637 3383 707 ἀγνωσία
3421 637 3781 707 ὲπισυμὸαίνει

2194 730 2286 782 καὶ⁵
2316 728 2576 798 σύγχυσις
2616 727 2876 796 γλωσσῶν
2921 726 3177 781 παύουσα
3226 728 3451 791 αὐτοὺς
3487 728 3596 799 τῆς
3642 731 3783 801 κακῆς

2194 822 2476 895 ἐνεργείας
2501 862 2516 884 ,
2552 819 2805 891 καθάπερ
2828 821 2926 873 καὶ
2965 822 3078 883 τοῖς
3110 821 3169 872 ὲν
3193 818 3444 890 Χαλάνῃ
3476 814 3581 870 τὸν
3612 817 3785 890 πύργου

2194 912 2693 964 κατασκευάσασιν.
2742 909 2799 961 '0
2837 909 3288 979 καταποντισμὸς
3338 908 3445 961 τὸν
3508 908 3785 980 ἀφανισμὸν

2192 1004 2362 1075 δηλοῖ,
2415 1003 2553 1057 διότι
2598 1003 2707 1055 πᾶν
2744 1000 2805 1055 τὸ
2856 1003 2914 1053 ὲν
2964 1000 3109 1072 βυθῷ
3162 999 3408 1070 γεγονὸς
3464 1000 3783 1067 ἀφανίζεται

2194 1095 2367 1160 Βυθὸς
2416 1092 2509 1150 οῦν
2553 1095 2799 1166 ἁμαρτία
2844 1094 2961 1147 ἐστὶ
3000 1096 3096 1148 καὶ
3138 1092 3412 1147 ἀπώλεια
3470 1093 3510 1163 ἡ
3548 1091 3646 1145 τοῦ
3689 1110 3786 1145 στῆς

2194 1189 2428 1252 εστῶτος
2442 1189 2540 1258 τῆς
2557 1188 2756 1251 κακίας
2778 1188 3037 1251 διάλυσις.
3070 1186 3168 1240 Διὰ
3186 1186 3355 1239 τοῦτό
3376 1203 3529 1257 φησι

2193 1280 2436 1345 τίζεσθαι
2474 1280 2625 1352 παρὰ
2656 1279 2789 1333 Θεοῦ
2825 1280 2883 1332 τὺ
2916 1279 3083 1333 κακὸν
3113 1281 3171 1331 ἐν
3207 1278 3291 1350 τῷ
3322 1278 3787 1350 κατα-,διαιρεῖσθαι

2192 1379 2293 1444 τὰς
2318 1377 2568 1449 γλώσσας
2595 1378 2775 1431 αὐτῶν
2802 1378 2894 1430 ἐπὶ
2923 1375 3078 1447 κακῷ
3108 1374 3609 1446 συμφωνούντων.

2269 1560 2379 1616 Τοῦ
2404 1561 2617 1614 αὐτοῦ.
2650 1580 2669 1612 ι
2705 1560 3120 1614 Καταπόντισον
3148 1558 3292 1631 (45),
3316 1558 3541 1631 Κύριε.
3585 1579 3608 1612 ι
3644 1560 3791 1614 Tim

2194 1656 2395 1722 αὐτῶν,
2424 1655 2457 1726 ἢ
2487 1654 2682 1726 ἐχθροῦ
2715 1654 2811 1708 καὶ
2848 1654 3211 1724 ἁμαρτωλοῦ;
3248 1653 3285 1724 ἦ
3318 1654 3404 1717 ὡς
3444 1653 3699 1717 ἄϐυσσος
3727 1671 3794 1706 εο-

2193 1750 2312 1819 φία,
2348 1750 2406 1801 ὲν
2512 1749 2628 1801 ἐστι
2656 1745 2727 1801 τὰ
2761 1746 2898 1817 βάθη
2932 1744 3026 1798 τοῦ
3055 1745 3217 1810 Θεοῦ,
3249 1745 3674 1810 καταποντίζει
3705 1750 3797 1799 imo

2191 1841 2461 1906 κλύζουσα
2482 1839 2733 1909 γλώσσας
2772 1839 2867 1893 καὶ
2891 1837 3073 1910 φωνάς
3100 1837 3303 1909 ἐχθροῦ
3339 1841 3414 1909 τῇ
3453 1837 3698 1909 ἀληθείᾳ
3718 1839 3796 1891 τοῦ

2190 1934 2370 2004 λόγου,
2413 1935 2506 1988 καὶ
2538 1933 2647 1987 τῶν
2683 1932 3090 2006 πρεσϐευόντων
3121 1931 3290 1986 αὐτὸν
3314 1973 3332 1997 ,
3379 1932 3492 1986 καὶ
3528 1932 3798 1986 καταδιαι-

2192 2030 2276 2099 ρεί
2299 2026 2488 2091 αὐτὰς,
2518 2025 2870 2097 διελέγχουσα
2894 2025 2954 2078 τὸ
2985 2024 3325 2095 ἀσύμφωνον
3346 2025 3455 2078 καὶ
3488 2041 3556 2077 το
3585 2026 3797 2079 διεπα,

2192 2120 2388 2191 σμένον
2429 2119 2629 2174 αὐτῶν.
2678 2119 2745 2171 Ἣ
2767 2117 2825 2171 δὲ
2855 2116 3006 2170 αἰτία
3043 2115 3137 2168 τοῦ
3172 2114 3357 2169 ταῦτα
3382 2116 3663 2185 λέγεσθαι
3696 2119 3800 2171 ἐπι-

2190 2213 2434 2286 φέρεται.
2484 2212 2639 2265 Ἐστι
2678 2212 2785 2283 γὰρ
2823 2210 2917 2264 καὶ
2958 2209 3244 2277 ἀντιλογία
3274 2212 3312 2280 ἡ
3361 2210 3518 2282 πρὸς
3544 2211 3651 2281 τὴν
3686 2212 3798 2281 ἂ.λή-

2190 2304 2339 2359 θειαν
2367 2303 2477 2357 τῶν
2515 2302 2983 2374 λογομαχούντων,
3016 2302 3096 2363 εἰς
3130 2300 3286 2354 οὐδὲν
3321 2303 3626 2373 χρήσιμον
3656 2305 3706 2355 εί
3733 2302 3793 2373 μή

2189 2397 2283 2450 ἐπὶ
2319 2398 2669 2467 καταστροφῇ
2718 2393 2826 2446 τῶν
2877 2393 3205 2447 ἀκουόντων.
3244 2394 3509 2463 Χριστὸς
3556 2395 3621 2448 δὲ
3662 2394 3793 2462 ἔτεσι

2189 2489 2257 2544 ἂν
2282 2490 2353 2543 τά
2392 2489 2519 2560 ἑξῆς
2554 2487 2807 2559 περὶτῆς
2854 2484 3212 2556 Ἰερουσαλὴμ
3252 2484 3510 2551 πόλεως,
3559 2486 3687 2541 ἰδὼν

2138 2592 2147 2605 ’
2187 2583 2246 2636 ὲν
2279 2582 2416 2653 αὐτῇ
2447 2581 2715 2652 ἀνομίαν,
2760 2580 2854 2632 καὶ
2895 2579 2993 2650 τὴν
3047 2579 3178 2649 περὶ
3227 2577 3408 2630 αὑτοῦ
3465 2579 3786 2647 ἀντιλογίαν,

2186 2674 2295 2728 τῶν
2323 2675 2556 2746 διάφορα
2588 2672 2717 2746 περὶ
2752 2670 2919 2726 αὐτοῦ
2948 2671 3242 2740 λεγόντων.
3285 2689 3304 2721 ι
3348 2671 3470 2724 Καὶ
3503 2673 3613 2726 οὐκ
3644 2672 3792 2739 ἐξέλι-

2188 2785 2291 2822 πεν
2329 2772 2394 2822 ὲκ
2435 2767 2544 2820 τῶν
2577 2764 2846 2818 πλατειῶν
2890 2763 3084 2833 αὐτῆς.
3128 2782 3147 2814 ι
3199 2763 3300 2825 Εἰς
3347 2764 3667 2835 πρόσωπον
3713 2765 3789 2818 τεεί

2188 2860 2445 2932 προδότου
2471 2857 2764 2929 ἀνεφέρετο
2796 2856 2861 2910 ἂν
2890 2855 3129 2918 δικαίως.

2272 2950 2523 3006 Ἐλθέτω
2553 2948 2807 3013 θάνατος
2837 2945 3192 3012 ἐπάὑτοὺς,
3220 2947 3322 3000 καὶ
3353 2950 3791 3014 καταδήτωσαν

505 3036 562 3089 in
590 3037 858 3105 infernum
888 3049 1132 3104 viventes,
1173 3042 1423 3108 quoniam
1471 3044 1704 3113 nequitia
1743 3044 1800 3097 in
1834 3046 2084 3099 taberna-

2197 3047 2275 3109 εις
2312 3042 2460 3110 ᾅδου
2486 3040 2696 3106 ζῶντες
2716 3058 2727 3069 ·
2774 3039 2863 3092 ὅτι
2891 3038 3148 3105 πονηρία
3180 3038 3254 3091 ἐν
3286 3040 3432 3105 ταῖς
3458 3043 3786 3109 παροικὶως

504 3126 642 3181 culis
664 3144 842 3180 eorum
886 3130 940 3181 in
990 3130 1161 3183 medio
1206 3147 1408 3197 eorum,
1447 3142 1553 3187 etc.
1586 3134 1779 3189 Veniat
1818 3153 1968 3193 mors
1992 3153 2084 3193 su-

503 3232 601 3287 per
634 3218 777 3285 illos,
806 3234 955 3275 mors
992 3223 1229 3278 animam
1270 3237 1532 3294 separatis
1557 3241 1588 3279 a
1614 3229 1838 3282 malitia.

570 3402 846 3472 Ejusdem.
890 3402 968 3458 Illi
1022 3405 1075 3459 in
1120 3405 1393 3461 infernum
1436 3407 1776 3466 descendunt
1813 3412 2080 3483 viventes,

501 3496 593 3564 qui
617 3495 818 3550 divinis
844 3496 1272 3553 institutionibus
1290 3515 1394 3553 non
1416 3510 1542 3554 sunt
1561 3500 1781 3557 initiati.
1808 3502 1908 3570 Qui
1932 3507 2080 3560 enim

502 3589 670 3643 verba
703 3590 830 3644 vitae
860 3606 966 3645 non
1001 3592 1263 3659 gustavit,
1289 3603 1537 3648 mortuus
1563 3602 1650 3649 est
1680 3616 1694 3650 :
1731 3612 1908 3665 neque
1934 3600 2081 3653 enim

503 3681 619 3735 ﬁeri
649 3692 827 3751 potest
852 3694 908 3738 ut
941 3687 1068 3755 quis
1112 3700 1461 3741 communem
1499 3688 1639 3742 hanc
1669 3689 1835 3743 vitam
1870 3691 2079 3757 vivens,

501 3772 557 3826 in
612 3774 885 3829 infernum
926 3778 1241 3833 descendat.
1285 3776 1551 3845 Quoniam
1610 3795 1742 3851 ergo
1799 3781 1966 3838 Iudas
2027 3792 2083 3837 et

503 3868 737 3936 p0pulus
784 3868 1093 3925 Judazorum
1148 3871 1201 3925 in
1252 3872 1368 3943 lege
1408 3880 1463 3925 et
1517 3874 1798 3941 prophetis
1848 3875 2081 3931 instituti

502 3967 654 4022 sunt,
686 3962 937 4015 veniente
968 3978 1131 4032 super
1160 3963 1280 4019 illos
1311 3974 1489 4019 morte
1516 3980 1637 4035 qua:
1677 3977 1967 4035 peccatum
1991 3984 2081 4024 se-

502 4056 711 4125 quitur,
754 4056 1003 4113 viventes
1051 4060 1105 4112 in
1159 4058 1432 4113 infernum
1479 4061 1841 4115 descendunt.
1903 4062 2080 4117 Simili

502 4162 666 4203 sensu
698 4149 863 4202 etiam
894 4165 1127 4219 sequens
1161 4153 1356 4206 dicitur
1385 4152 1709 4219 versiculus,
1755 4173 1773 4204 ι
1807 4154 2079 4219 Quoniam

501 4240 744 4309 nequitia
778 4241 830 4295 in
860 4241 1230 4298 tabernaculis
1264 4259 1454 4298 eorum
1493 4246 1545 4298 in
1598 4245 1774 4299 medio
1807 4262 2021 4301 eorum.
2054 4265 2073 4299 ι

502 4331 617 4387 Etsi
663 4332 807 4386 enim
856 4333 1194 4388 viviﬁcarum
1239 4334 1646 4405 Scripturarum
1679 4349 1932 4408 expertes
1974 4356 2081 4396 non

2190 3128 2388 3190 αὐτῶν
2435 3135 2506 3187 ἐν
2541 3132 2712 3202 μέσῳ
2752 3129 2971 3193 αὐτῶν,
3021 3148 3076 3183 κ.
3115 3149 3165 3184 τ.
3200 3131 3249 3183 ἐ.
3307 3131 3573 3186 Ἐλθέτω
3604 3135 3669 3205 δὴ
3697 3135 3785 3205 (86)

2191 3229 2420 3291 Θάνατος
2466 3228 2552 3280 ἐπ’
2592 3226 2822 3289 αὐτοὺς,
2864 3223 3096 3287 Θάνατος
3127 3226 3156 3276 6
3195 3223 3440 3297 διαιρῶν
3482 3228 3677 3299 ψυχὴν
3700 3228 3785 3281 ἁτὸ

2191 3322 2407 3384 κακίας.

2267 3413 2375 3468 Τοῦ
2395 3411 2601 3466 αὐτοῦ.
2650 3411 2876 3463 Ἐκεῖνοι
2911 3410 2991 3471 εἰς
3024 3411 3148 3483 ᾅδου
3191 3409 3308 3480 (47)
3340 3410 3573 3476 ζῶντες
3610 3411 3787 3491 κατέρ-

2189 3524 2391 3577 χονται,
2407 3507 2463 3559 οὺ
2485 3505 2785 3575 κατήχησιν
2801 3504 2908 3556 τῶν
2934 3504 3092 3559 θείων
3117 3504 3530 3574 παιδευμάτων
3549 3505 3781 3575 ἔχοντες

2188 3601 2218 3652 6
2249 3598 2358 3670 γὰρ
2385 3598 2647 3666 ἄγευστος
2681 3597 2789 3650 τῶν
2827 3598 2926 3668 τῆς
2960 3598 3106 3668 ζωῆς
3147 3598 3323 3666 λόγων
3356 3598 3577 3669 νεκρός
3619 3600 3782 3651 ἐστιν’

2189 3693 2250 3745 οὐ
2300 3691 2407 3760 γὰρ
2455 3686 2566 3743 οἷόν
2615 3708 2675 3743 τε
2709 3690 2902 3755 ζῶντά
2950 3708 3076 3745 τινα
3118 3691 3217 3760 τὴν
3268 3691 3473 3761 κοινὴν
3514 3692 3675 3762 ζωὴν
3717 3692 3784 3753 εἰς

2190 3784 2325 3856 ᾅδην
2365 3783 2744 3855 κατέρχεσθαι.
2819 3785 2973 3837 Ἐπεὶ
3022 3779 3115 3837 οῦν
3166 3783 3376 3847 Ἰούδας
3421 3785 3523 3836 καὶ
3582 3786 3613 3837 6
3672 3783 3784 3845 λαὸς

2203 3874 2465 3929 Ἰουδαίων
2499 3876 2801 3946 κατήχησιν
2839 3870 2983 3946 εἶχον
3019 3874 3113 3929 τοῦ
3150 3874 3318 3945 νόμου
3352 3876 3453 3928 καὶ
3498 3874 3622 3927 τῶν
3666 3892 3785 3946 πρ)-

2190 3965 2394 4036 φητῶν,
2429 3965 2657 4020 θανάτου
2692 3966 2777 4019 ἐπ’
2813 3967 3011 4030 αὐτοὺς
3052 3965 3350 4037 ἐρχομένου
3380 3964 3481 4018 τοῦ
3513 3966 3779 4035 ἑπομένω

2189 4061 2254 4129 τῇ
2286 4058 2552 4128 ἁμαρτίᾳ,
2584 4056 2782 4121 ζῶντες
2823 4058 2904 4121 εἰς
2934 4057 3066 4128 ᾅδην
3104 4056 3490 4128 κατέρχονται.
3541 4055 3782 4109 Ἀκοὶού-

2191 4149 2299 4212 θως
2337 4151 2431 4202 καὶ
2449 4152 2476 4202 ὁ
2502 4149 2894 4221 ἐπιφερόμενος
2917 4149 3138 4217 λέγεται
3168 4149 3369 4219 στίχος,
3414 4168 3434 4200 ι
3473 4149 3605 4202 Ὀτι
3632 4166 3780 4218 πονη-

2193 4242 2286 4313 ρία
2321 4244 2378 4294 ὲν
2409 4244 2528 4304 ταῖς
2557 4241 2870 4313 παροικίαις
2909 4242 3089 4295 αὐτῶν
3133 4243 3191 4295 ὲν
3235 4241 3386 4312 μέσῳ
3416 4241 3631 4295 αὐτῶν.
3678 4261 3696 4292 ι
3724 4241 3776 4292 Ei

2190 4334 2298 4406 γὰρ
2329 4334 2420 4388 καὶ
2444 4337 2637 4404 πεῖραν
2667 4327 2812 4402 εἶχον
2835 4333 2941 4387 τῶν
2969 4332 3249 4399 ζωοποιῶν
3271 4333 3533 4405 Γραφῶν,
3566 4334 3633 4386 οὗ
3659 4349 3778 4386 κατ·

506 4424 747 4489 fuerunt,
784 4439 886 4478 non
928 4425 1033 4478 ﬁxa
1067 4425 1123 4478 in
1158 4425 1288 4493 illis,
1327 4429 1421 4482 sed
1467 4430 1779 4484 transitoria
1824 4432 2082 4485 taberna-

2197 4426 2427 4497 ᾡκησαν,
2458 4425 2593 4478 ἀλλὰ
2622 4424 2981 4496 παρῴκησαν.
3022 4426 3081 4476 ἐν
3114 4425 3324 4488 αὐταῖς.
3350 4424 3443 4487 Τὸ,
3483 4444 3504 4476 ι
3537 4424 3775 4494 Πονηρξα

503 4516 624 4572 cuia
646 4519 977 4571 habuerunt.
1003 4516 1149 4571 Istud
1180 4537 1193 4571 :
1225 4536 1243 4569 ι
1278 4518 1526 4587 Nequitia
1548 4520 1600 4573 in
1625 4522 1800 4576 medio
1820 4536 2033 4586 eorum,
2055 4542 2075 4575 ι

502 4609 647 4664 idem
684 4618 767 4662 est
802 4623 868 4663 ac
898 4609 943 4663 si
973 4609 1217 4674 dicatur,
1247 4610 1408 4680 732
1456 4612 1510 4665 in
1541 4613 1708 4666 animi
1749 4615 2079 4683 principatu.

502 4698 560 4754 In
598 4701 777 4754 medio
806 4700 951 4752 enim
987 4698 1225 4766 cujusvis
1262 4701 1518 4755 animalis
1559 4716 1682 4758 esse
1727 4704 1950 4759 dicitur.
1986 4704 2082 4759 Vel

503 4791 667 4845 etiam
702 4790 833 4844 illud
864 4808 879 4845 :
932 4807 955 4844 ι
990 4790 1047 4843 In
1081 4790 1353 4844 infernum
1397 4790 1666 4859 viventes,
1710 4812 1729 4846 ι
1774 4796 1918 4852 hunc
1951 4813 2079 4853 sen-

501 4897 620 4937 sum
642 4883 802 4936 habet
823 4899 836 4935 :
856 4882 1034 4937 subito
1059 4882 1386 4937 moriantur.
1412 4901 1430 4934 ι
1461 4882 1832 4942 Tabernacnla
1854 4908 1872 4941 ι
1896 4902 2078 4945 autem

500 4981 665 5028 vocat
714 4973 1141 5043 uniuscujusque
1205 4976 1370 5030 vitam
1444 4988 1666 5046 propter
1729 4978 2074 5037 brevitatem.

2185 4520 2243 4572 ὲν
2290 4518 2442 4590 μέσῳ
2471 4517 2673 4580 αὐτῶν,
2708 4538 2727 4568 ι
2767 4518 3013 4571 τουτέστι
3043 4516 3121 4587 τῷ
3145 4514 3482 4587 ἡγεμονικῷ.
3514 4515 3608 4568 Ἐν

2183 4613 2291 4683 γὰρ
2322 4607 2459 4664 εἶναι
2480 4611 2695 4679 λέγεται
2715 4611 2807 4664 τοῦ
2834 4611 2954 4663 ὅλου
2980 4609 3220 4675 ζὼου.Ἢ
3252 4609 3345 4663 καὶ
3368 4608 3452 4672 τὸ,
3490 4628 3509 4659 ι
3537 4609 3637 4671 Εἰς
3657 4608 3769 4680 ᾅδου

2184 4706 2404 4770 ζῶντες,
2432 4725 2449 4756 ι
2471 4704 2750 4773 αἰφνιδίως
2774 4704 3114 4759 ἁποθάνειεν.
3140 4723 3159 4756 ι
3189 4704 3488 4775 Παροικίας
3508 4724 3528 4756 ι
3552 4705 3613 4758 δὲ
3629 4703 3771 4757 nisi

2181 4799 2273 4853 τὸν
2302 4799 2531 4852 ἑκάστου
2570 4797 2682 4867 βίον
2719 4796 2808 4850 διὰ
2843 4797 2906 4850 τὸ
2939 4797 3329 4868 ὀλιγοχρόνιον.
3361 4797 3502 4868 Φησὶ
3543 4793 3663 4859 οῦν,
3694 4797 3767 4848 ὅτι

2188 4895 2281 4946 καὶ
2313 4894 2342 4946 6
2375 4891 2487 4962 βίος
2525 4889 2706 4944 αὐτῶν
2741 4892 2833 4944 καὶ
2866 4893 2899 4962 ἡ
2938 4890 3053 4961 ζωὴ
3085 4890 3268 4960 πάσης
3296 4874 3651 4961 πεπλήρωται
3676 4907 3761 4941 πο-

2185 4983 2376 5057 νηρίας
2415 4996 2509 5039 και
2548 4983 2768 5048 κακίας,
2815 4984 2918 5037 οὐκ
2962 4984 3286 5039 ἐννοοῦντων
3314 4984 3376 5036 τὸ
3393 4985 3762 5056 ὀλιγοχρόνιον.

500 5068 864 5135 Quamobrem
901 5068 977 5122 ait
1008 5070 1176 5123 vitam
1205 5086 1396 5126 eorum
1436 5073 1583 5126 omni
1628 5074 1890 5143 repletam
1924 5091 2050 5133 esse
2093 5080 2336 5149 nequitia
2366 5119 2382 5146 ,
2432 5079 2560 5134 dum
2612 5093 2720 5133 non
2771 5077 3063 5133 attendunt
3102 5091 3267 5147 quam
3308 5079 3460 5133 brevi
3520 5078 3763 5148 temporis

501 5164 680 5236 spatio
710 5164 1093 5220 concludatur.

570 5261 736 5317 Vens.
780 5259 867 5315 19.
920 5258 1162 5330 Vespere,
1206 5271 1255 5315 et
1303 5279 1474 5327 mane,
1509 5272 1557 5317 et
1590 5262 1805 5317 meridie
1843 5267 2072 5322 narrabo

2263 5264 2559 5333 ἘΟ-πέρας
2600 5264 2700 5317 καὶ
2742 5265 2894 5332 πρωῒ
2936 5265 3039 5319 καὶ
3072 5267 3452 5335 μεσημϐρίας
3495 5264 3760 5336 διηγήσο-

500 5358 549 5403 et
590 5351 937 5418 annuntiabo,
965 5364 1012 5406 et
1046 5353 1289 5407 exaudiet
1331 5370 1509 5407 vocem
1554 5371 1744 5417 meam,
1776 5362 1886 5412 etc.
1927 5357 2075 5413 Inter

2197 5377 2319 5425 nat,
2357 5356 2457 5411 καὶ
2506 5354 2845 5427 ἀπαγγελῶ,
2904 5357 3006 5411 καὶ
3048 5360 3476 5413 εὶσακούσεται
3510 5358 3618 5427 τῆς
3660 5376 3758 5427 5;»-

573 5550 689 5622 (ιι)
727 5553 855 5617 Τοῖς
883 5554 1000 5608 ἀπὸ
1028 5556 1260 5622 κακίας,
1301 5538 1407 5612 etc.
1435 5556 1602 5613 Idem.

501 5621 1183 5748 οοᾳξιὲαταπόντισον,
1216 5621 1423 5696 Κύριε.
1476 5632 1687 5701 Τίνων,
1735 5642 1854 5691 θεον
1879 5633 2078 5692 Catena

620 5719 637 5743 ο
754 5732 770 5748 .

620 5719 696 5747 ἐι
711 5719 770 5748 ιι.

2265 5565 2377 5631 (46)
2421 5566 2674 5620 Ἐλθέτω
2696 5565 2794 5633 δή,
2824 5576 2932 5620 etc.
2968 5566 3199 5625 Scheda:
3221 5568 3435 5624 Grabii.

2263 5637 2390 5763 (471l
2412 5636 2662 5691 Ἐκεῖνοι
2694 5639 2782 5703 εἰς
2812 5636 2983 5705 ᾅδου,
3015 5648 3124 5696 etc.
3177 5642 3358 5697 Codex
3412 5640 3753 5698 Coislinianus

2191 5722 2352 5764 sccun
2397 5724 2480 5765 us.
