3970 6160
374 314 514 372 1469

1390 304 1700 372 SELECTA
1739 315 1806 372 ΙΝ
1846 315 2184 373 PSALMOS.
2215 346 2281 357 —
2325 315 2515 373 PSAL.
2553 314 2665 371 LV.

3480 314 3617 372 1470

373 431 490 500 γῆς
514 449 656 501 μου.
684 448 738 487 κ.
771 449 822 486 τ.
857 433 902 485 ὲ.
948 432 1036 485 Ἐν
1071 426 1221 501 μέσῳ
1248 421 1344 477 τοῦ
1393 431 1538 502 πρωῒ
1562 434 1672 505 με)
1717 435 1812 489 καὶ
1843 436 1931 505 τῆς

2054 451 2271 505 vespere
2310 444 2367 491 et
2405 450 2561 489 mane
2603 442 2688 490 est
2729 435 3004 491 meridies.
3053 434 3208 492 Mane
3253 434 3490 492 luctatus
3534 449 3617 493 est

374 524 609 596 ἑσπέρας
641 524 788 579 ἐστὶν
823 528 857 598 ἡ
893 522 1229 597 μεσημύρία.
1274 521 1384 576 Καὶ
1423 525 1452 578 ὁ
1494 529 1591 597 μὲν
1631 527 1823 582 Ἰακὼὸ
1852 531 1947 601 ὀρ-

372 616 566 690 θρίσας
618 619 844 672 ὲπάλαιε
914 618 1049 689 μετά
1110 615 1341 687 ἀγγέλου
1371 635 1384 648 ·
1463 620 1713 692 Ἀϐραὰμ
1768 621 1825 674 δὲ
1890 625 1948 677 ὲν

374 711 693 785 μεσημϐρία
715 710 861 782 ἑώρα
892 712 1018 775 τοὺς
1046 710 1339 780 ἀγγέλους’
1370 710 1493 765 Λὼτ
1534 713 1591 766 δὲ
1626 714 1683 766 ὲν
1718 713 1943 786 ἑσπέρᾳ.

444 802 562 858 Τοῦ
590 803 794 858 αὐτοῦ.
820 824 838 855 ι
861 804 1131 875 Ἑσπέρας
1156 825 1173 856 ι
1197 804 1329 874 (49),
1355 804 1495 858 κατὰ
1526 805 1623 877 τὴν
1657 806 1946 879 ἑνδεκάτην

369 891 540 967 ὥραν,
590 894 721 967 περὶ
749 896 848 967 τὴν
884 894 1138 968 τελευτὴν
1172 897 1267 950 τοῦ
1306 896 1511 968 κόσμου
1531 938 1545 963 ,
1577 898 1665 951 ὅτε
1694 897 1895 951 ἔπαθεν
1919 901 1947 953 ὁ

369 987 522 1059 Σωτή
532 1004 611 1059 ρ.ι
632 986 803 1060 Πρωϊ,
825 1008 844 1041 ι
862 988 950 1041 ὅτε
964 988 1182 1058 ἀνέστη.
1207 1006 1227 1040 ι
1247 987 1627 1059 Μεσημϐρίας,
1649 1007 1667 1039 ι
1686 988 1773 1041 ὅτε
1801 989 1947 1059 ίσχυ-

370 1080 591 1152 ρότερον
631 1080 942 1144 πεισθέντες
978 1080 1324 1136 ἐπίστευσαν.
1356 1083 1426 1133 Ἢ
1454 1081 1680 1153 ἄρχεται
1708 1083 1805 1152 τῆς
1830 1081 1947 1152 διη-

351 1174 584 1245 ογήσεως
626 1172 883 1243 ἑσπέρας,
925 1172 1019 1225 καὶ
1068 1169 1305 1242 ἀκμάζει
1347 1173 1404 1224 ὲν
1444 1171 1593 1243 αύτῷ
1638 1172 1817 1243 πρωϊο
1851 1172 1946 1225 καὶ

364 1265 563 1320 τελειοϊ
592 1263 944 1336 ἀκμαζούσης
971 1265 1187 1335 ἡμέρας
1208 1265 1266 1317 έν
1292 1263 1628 1335 μεσημϐρίᾳ.

437 1356 873 1411 Εισακούσεται
900 1358 932 1409 ὁ
966 1352 1232 1420 Θεὸς,καὶ
1256 1352 1611 1406 ταπεινώσει
1638 1352 1861 1418 αὐτοὺς
1911 1353 1945 1405 ό

364 1446 655 1517 ὑπάρχων
681 1446 796 1516 πρὸ
833 1445 954 1500 τῶν
985 1445 1213 1500 αἰώνων
1234 1459 1250 1475 ’
1290 1445 1362 1497 οὐ
1392 1441 1502 1512 γάρ
1543 1443 1713 1496 ἐστιν
1740 1442 1945 1508 αὐτοῖς

363 1539 775 1610 ἀντάλλαγμα,
830 1538 929 1592 καὶ
984 1539 1097 1592 οὐκ
1157 1534 1545 1606 ἐφοϐήθησαν
1601 1536 1709 1589 τὸν
1771 1534 1940 1599 Θεὸν,

362 1652 418 1689 κ.
449 1651 501 1689 τ.
531 1634 578 1687 ἑ.
598 1634 659 1687 Ei
677 1633 853 1687 πάντα
866 1632 934 1685 δι’
951 1630 1113 1685 αὐτοῦ
1135 1629 1246 1701 (50)
1265 1628 1501 1698 ἐγένετο,
1529 1628 1709 1692 καλῶς
1726 1627 1943 1697 λέγεται

362 1724 631 1797 ὑπάρχειν
654 1722 761 1794 πρὸ
791 1722 899 1776 τῶν
928 1721 1158 1775 αίώνων.
1179 1721 1291 1775 Καὶ
1313 1718 1558 1773 ἐντεῦθεν
1580 1717 1939 1790 γινώσκομεν,

360 1817 442 1871 ὅτι
473 1815 668 1879 αἰῶνες
696 1814 805 1869 ἀπὸ
836 1812 930 1867 τοῦ
965 1812 1038 1885 μὴ
1082 1813 1235 1876 ὃντος
1263 1814 1343 1875 είς
1375 1810 1436 1864 τδ
1462 1806 1601 1864 εἶναι
1628 1809 1932 1878 γεγόνασιν.
1966 1818 2008 1873 Β

443 1907 791 1976 Ἐπίῤῥιψον
825 1905 924 1959 ἐπὶ
943 1906 1163 1973 Κύριον
1182 1902 1299 1971 τὴν
1323 1902 1618 1972 μέριμναν
1647 1915 1763 1956 σου
1787 1943 1801 1969 ,
1833 1900 1932 1955 καὶ

358 2001 543 2066 αὐτός
595 2015 669 2053 σε
723 1996 1048 2065 διαθρέψει,
1093 2013 1149 2051 κ.
1204 2013 1257 2050 τ.
1297 1998 1345 2050 ὲ.
1399 1996 1490 2058 Ὠς
1524 1992 1772 2064 διέθρεψε
1825 1990 1936 2063 (51)

357 2090 451 2144 τὸν
481 2089 709 2143 εἰπόντα
752 2085 974 2143 Ἰακώϐ·
1026 2106 1047 2140 ι
1096 2088 1155 2142 '0
1183 2085 1315 2151 Θεὸς
1339 2088 1369 2141 ό
1392 2084 1608 2157 τρέφων
1637 2100 1707 2155 με
1728 2085 1794 2137 ὲκ
1821 2083 1939 2136 νεό-

358 2180 524 2254 τητός
544 2198 666 2254 μου.
701 2199 721 2233 ι

922 2364 1215 2418 ΨᾹΛΜΟΣ
1245 2362 1373 2415 NE'.

441 2456 734 2526 Ἐλέησόν
769 2472 867 2527 με,
898 2457 931 2509 ό
974 2454 1139 2520 Θεὸς,
1178 2453 1266 2506 ὅτι
1311 2449 1688 2519 κατεπάτησέ
1721 2467 1799 2520 με
1826 2448 1932 2503 ἆν-

356 2556 588 2620 θρωπος
604 2565 620 2581 ο
640 2549 795 2618 ὅλην
812 2547 927 2615 τὴν
943 2545 1170 2615 ἡμέραν
1184 2543 1464 2613 πολεμῶν
1481 2542 1695 2610 eamut-5
1700 2559 1798 2610 με,
1816 2558 1926 2594 κ.τ.

357 2641 406 2695 ὲ.
438 2641 497 2693 Ὀ
528 2639 757 2711 Χριστὸς
781 2637 892 2709 (52)
918 2636 1066 2705 λέγει
1096 2634 1231 2706 πρὸς
1255 2635 1347 2688 τὸν
1378 2634 1625 2706 Πατέρα·
1678 2653 1696 2684 ι
1751 2632 1932 2702 Ἐλέη-

358 2731 449 2786 σόν
477 2748 564 2803 με.
607 2748 625 2781 ι
676 2728 811 2782 Θεὸν
838 2727 948 2798 γάρ
981 2745 1046 2799 με
1075 2728 1205 2781 ὄντα
1236 2727 1518 2799 ἄνθρωπος
1563 2724 1926 2795 κατεπάτησε.

356 2825 485 2889 Καὶ,
536 2818 710 2894 οἶμαι,
756 2820 1002 2875 ἐντεῦθεν
1053 2819 1294 2893 ἐλήφθη·
1354 2838 1374 2872 ι
1444 2820 1501 2873 Ὁ
1546 2819 1636 2872 τὸν
1681 2819 1808 2872 Υἱὺν
1835 2816 1930 2871 τοῦ

355 2915 488 2971 Θεοῦ
521 2916 929 2984 καταπατήσας.
958 2932 978 2965 ι

431 3011 544 3067 Τοῦ
576 3010 781 3065 αὐτοῦ.
811 3009 874 3063 Οἱ
913 3007 1012 3079 μὲν
1046 3005 1279 3076 ἐπίγειοι
1317 3005 1427 3077 (55)
1468 3005 1721 3075 δαίμονες
1761 3020 1929 3057 κατα-

2048 527 2215 583 Jacob
2245 543 2367 583 cum
2417 526 2649 596 angelo;
2689 526 2921 584 meridie
2962 527 3097 584 vidit
3141 527 3417 583 Abraham
3446 544 3615 599 ange-

2047 621 2128 676 los
2156 637 2171 687 ;
2207 620 2309 676 Lot
2341 634 2587 689 vespere.

2117 803 2385 872 Ejusdem.
2410 820 2429 854 ι
2448 802 2706 874 Vespere,
2727 821 2746 855 ι
2765 805 2863 859 sub
2881 804 3069 859 horam
3089 804 3450 872 undecimam,
3467 804 3616 861 circa

2047 895 2208 951 linem
2239 896 2444 959 mundi,
2477 897 2693 965 quando
2720 911 2909 964 passus
2930 904 3013 951 est
3045 896 3311 953 Salvator.
3345 915 3364 947 ι
3387 895 3563 963 Mane,
3590 916 3613 950 ι

2045 989 2260 1059 quando
2276 990 2594 1045 resurrexit.
2620 1007 2639 1040 ι
2666 988 2911 1054 Meridie,
2941 1009 2960 1042 ι
2982 990 3197 1060 quando
3218 990 3484 1060 persuasi,
3505 990 3618 1046 for-

2047 1081 2154 1135 tius
2177 1080 2548 1135 crediderunt.
2578 1078 2673 1134 Vel
2709 1081 2928 1135 inchoat
2963 1082 3335 1136 narrationem
3376 1081 3611 1151 vesperi,

2043 1181 2099 1226 et
2128 1171 2271 1241 viget
2293 1174 2407 1239 ipso
2431 1186 2629 1239 mane;
2656 1180 2820 1242 atque
2843 1173 3024 1226 adulta
3048 1172 3161 1241 jam
3188 1173 3277 1228 die
3303 1172 3358 1227 in
3382 1172 3611 1229 meridie

2043 1262 2190 1318 illam
2227 1264 2461 1334 perﬁcit.

2120 1356 2281 1409 Vens.
2320 1355 2410 1410 ΞΟ.
2459 1355 2719 1411 Exaudiet
2751 1356 2917 1421 Deus,
2964 1368 3009 1409 et
3050 1354 3352 1410 humiliabit
3387 1370 3474 1409 eos
3514 1356 3611 1426 qui

2043 1456 2116 1500 est
2140 1455 2262 1500 ante
2292 1447 2509 1502 stecula.
2553 1444 2677 1499 Non
2719 1447 2860 1501 enim
2901 1456 2977 1501 est
3018 1447 3125 1501 illis
3164 1446 3530 1510 commutatio,
3561 1455 3611 1501 et

2042 1554 2146 1591 non
2169 1539 2453 1591 timuerunt
2478 1537 2665 1604 Deum,
2697 1548 2804 1592 etc.
2835 1538 2892 1593 Si
2920 1538 3104 1593 omnia
3132 1553 3229 1607 per
3261 1538 3433 1605 ipsum
3469 1538 3611 1591 facta

2041 1639 2190 1693 sunt,
2224 1630 2448 1700 pulchre
2477 1630 2677 1683 dicitur
2705 1643 2826 1683 esse
2863 1641 2990 1686 ante
3015 1631 3234 1687 stecula.
3274 1629 3413 1685 Hinc
3446 1630 3612 1684 etiam

2041 1722 2421 1791 cognoscimus
2445 1724 2664 1790 saecula,
2689 1737 2813 1778 cum
2837 1737 2945 1778 non
2975 1732 3179 1790 essent,
3206 1737 3329 1779 esse
3354 1723 3608 1793 coepisse.

2110 1895 2276 1953 Vens.
2315 1898 2405 1953 25.
2445 1898 2605 1955 lacta
2635 1916 2792 1969 super
2825 1899 3108 1955 Dominum
3142 1916 3327 1954 curam
3359 1909 3526 1963 tuam,
3560 1908 3612 1953 et

2037 1986 2145 2056 ipse
2174 1997 2224 2041 te
2250 1991 2496 2052 enutriet,
2519 2000 2630 2046 etc.
2663 1990 3128 2057 Quemadmodum
3145 1993 3420 2058 ,‘enutrivit
3437 1990 3609 2047 .Iacob

2037 2080 2129 2148 qui
2179 2080 2357 2137 dixit:
2408 2100 2427 2134 ι
2474 2083 2616 2140 Deus
2661 2086 2753 2154 qui
2800 2085 3061 2140 cnutrivit
3105 2101 3190 2141 me
3238 2102 3269 2140 ιι
3313 2084 3603 2154 iuventute

2036 2186 2157 2227 mea
2180 2172 2248 2227 ".
2292 2192 2313 2227 ι

2587 2359 2906 2417 PSALMUS
2945 2361 3052 2421 LV.

2113 2448 2277 2504 Vens.
2316 2450 2375 2505 2.
2416 2450 2665 2505 Miserere
2702 2455 2825 2518 mei,
2891 2454 3052 2522 Deus,
3103 2456 3352 2526 quoniam
3393 2456 3607 2511 concute

2037 2542 2170 2596 cavit
2216 2559 2297 2596 me
2340 2543 2538 2598 homo:
2568 2554 2678 2598 tota
2721 2547 2804 2600 die
2838 2548 3150 2617 impugnans
3191 2549 3459 2603 lribulavit
3502 2566 3605 2616 me,

2036 2644 2145 2689 etc.
2182 2633 2432 2689 Christus
2484 2636 2551 2690 ad
2589 2635 2801 2691 Patrem
2845 2638 3020 2692 dicit:
3062 2656 3082 2691 ι
3123 2639 3380 2695 Miserere
3418 2642 3546 2696 mei.
3581 2659 3601 2693 ι

2037 2724 2121 2779 Me
2151 2725 2318 2789 enim,
2350 2727 2443 2795 qui
2474 2726 2615 2782 Deus
2644 2742 2786 2795 sum,
2832 2730 2997 2785 homo
3034 2731 3393 2786 conculcavit.
3431 2734 3606 2802 Atque

2039 2819 2188 2883 hinc,
2217 2820 2429 2889 opinor,
2460 2830 2737 2889 sumptum
2764 2832 2850 2877 εει
2876 2821 3049 2877 illud:
3091 2842 3112 2875 ι
3148 2822 3250 2889 Qui
3276 2822 3472 2879 Filium
3509 2825 3604 2881 Dei

2038 2911 2382 2966 conculcavit
2406 2912 2474 2966 ‘°.
2514 2931 2533 2964 ι

2107 3002 2382 3073 Ejusdem.
2422 3003 2648 3058 Terreni
2676 3003 2947 3060 daemones
2974 3008 3299 3063 conculcant
3334 3024 3471 3075 nos;
3521 3011 3605 3064 in-

355 3103 617 3159 πατοῦσιν
648 3104 794 3175 ἡμᾶς
812 3120 826 3133 ⁸
864 3103 914 3155 οἱ
945 3102 1003 3155 δὲ
1035 3099 1379 3170 καταχθόνιοι
1410 3098 1505 3152 ἐὰν
1532 3097 1795 3159 ἀναϐῶσι,
1831 3114 1927 3149 κα-

2054 3094 2173 3151 erni
2218 3106 2419 3159 autem,
2466 3096 2516 3151 si
2567 3098 2933 3164 ascenderint,
2986 3099 3242 3167 operiunt
3291 3113 3412 3155 nos.
3459 3103 3604 3167 Qua-

354 3197 647 3251 λύπτουσιν
694 3196 871 3265 ἡμᾶς·
922 3193 1003 3246 διὸ
1045 3192 1296 3264 εἴρηται·
1357 3209 1377 3242 ι
1440 3191 1626 3262 Ὅριον
1655 3189 1777 3242 ἔθου
1809 3189 1838 3240 ὃ
1868 3190 1926 3241 ού

353 3286 793 3360 παρελεύσονται,
819 3284 939 3338 οὐδὲ
962 3282 1342 3354 ἐπιστρέφουσι
1367 3281 1603 3351 καλύψαι
1634 3280 1730 3352 τὴν
1752 3281 1872 3351 γῆν.
1905 3300 1924 3332 ι

426 3468 510 3521 Οὐ
546 3463 960 3536 φοϐηθήσομαι
996 3464 1054 3517 τι
1091 3460 1330 3528 ποιήσει
1362 3478 1465 3530 μοι
1494 3460 1671 3529 σὰρξ,
1708 3479 1761 3515 κ.
1794 3478 1844 3515 τ.
1876 3463 1939 3515 ἐν

367 3559 425 3613 '0
456 3558 553 3629 τὴν
584 3556 677 3611 τοῦ
713 3556 897 3610 δούλου
931 3555 1042 3626 (54)
1078 3553 1290 3626 μορφὴν
1323 3553 1501 3606 λαϐὼν
1524 3554 1618 3608 καὶ
1645 3555 1702 3607 ὲν
1728 3552 1926 3624 ὁμοιώ-

356 3667 489 3722 ματι
516 3649 804 3719 γενόμενος
843 3646 1042 3719 σαρκὸς
1072 3644 1361 3716 ἁμαρτίας,
1401 3646 1430 3697 ὁ
1462 3644 1534 3715 μὴ
1556 3646 1717 3712 γνοὺς
1746 3645 1925 3715 ἁμαρ·

349 3744 491 3810 τίαν,
506 3742 646 3814 ὑπὲρ
668 3740 825 3813 ἡμῶν
839 3738 1107 3811 ἁμαρτίαν
1124 3736 1578 3808 ἑαυτὸν-ἐποίησε,
1601 3737 1778 3808 σάρκα
1795 3738 1926 3790 ἀνα-

349 3835 661 3908 λαμϐάνων,
691 3834 787 3887 καὶ
817 3832 980 3904 μηδὲν
1012 3831 1169 3903 μόνος
1198 3829 1307 3884 τῶν
1338 3830 1397 3881 ὲν
1431 3830 1593 3900 σαρκὶ
1642 3828 1923 3898 ζησάντων

352 3925 634 3999 ἁμαρτὼν,
688 3923 1030 3997 θαρρούντως
1076 3921 1223 3993 λέγοι
1264 3921 1357 3974 τό·
1410 3938 1429 3971 ι
1471 3920 1536 3973 Τί
1580 3922 1793 3992 ποιήσει
1834 3937 1923 3991 μοι

355 4017 527 4088 σάρξ;
580 4036 599 4069 ι

423 4106 871 4176 Παροικήσουσι
915 4107 1014 4162 καὶ
1049 4109 1562 4176 κατακρύψουσιν,
1594 4105 1764 4160 αὐτοὶ
1808 4105 1923 4174 τὴν

353 4199 613 4267 πτέρναν
644 4217 757 4268 μου
784 4198 1129 4268 φυλάξουσι
1150 4242 1164 4264 ,
1204 4217 1259 4253 κ.
1296 4217 1347 4252 τ.
1380 4201 1426 4252 ὲ.
1464 4200 1541 4251 Δι’
1571 4191 1647 4253 ὧν
1679 4198 1924 4271 ἐνεργού-

355 4307 452 4361 μεν
484 4289 596 4361 (55)
639 4288 1023 4361 ἐπιτηροῦντες
1074 4290 1321 4361 μαθεῖν’.
1346 4288 1771 4360 καρδιογνῶσται
1812 4289 1920 4363 γὰρ

349 4382 449 4435 ούκ
476 4382 613 4435 εἰσὶν
642 4383 691 4434 οί
715 4381 986 4452 δαίμονες.

2035 3198 2257 3257 propter
2300 3190 2505 3244 dictum
2569 3200 2700 3245 est:
2752 3208 2770 3241 ι
2822 3189 3135 3245 Terminum
3174 3194 3396 3261 posuisti
3441 3209 3599 3263 quem

2035 3298 2142 3337 non
2191 3283 2686 3353 transgredientur,
2731 3297 2906 3351 neque
2951 3295 3346 3339 convertentur
3386 3287 3603 3355 operire

2035 3382 2234 3428 terram
2260 3374 2327 3428 ³³.
2366 3393 2385 3425 ι

2103 3462 2267 3518 Vsus.
2307 3464 2360 3518 5.
2405 3462 2527 3519 Non
2553 3465 2740 3519 timebo
2767 3465 2892 3535 quid
2925 3466 3089 3535 faciat
3124 3467 3255 3521 mihi
3303 3484 3450 3533 caro,
3489 3478 3598 3526 etc.

2031 3554 2135 3621 Qui
2162 3556 2306 3611 servi
2335 3554 2565 3610 formam
2590 3557 2803 3625 accepit
2822 3567 2877 3611 et
2901 3557 2955 3611 in
2984 3557 3396 3614 similitudinem
3423 3560 3600 3616 factus

2030 3654 2111 3700 est
2144 3646 2326 3701 carnis
2365 3647 2607 3714 peccati,
2647 3648 2737 3715 qui
2788 3657 3073 3717 peccatum
3126 3664 3230 3703 non
3285 3653 3455 3717 novit,
3503 3667 3602 3721 pro

2030 3737 2187 3792 nobis
2219 3747 2499 3815 peccatum
2547 3741 2783 3807 seipsum
2830 3739 2976 3805 fecit,
3026 3755 3249 3796 carnem
3289 3758 3598 3812 assumens,

2030 3827 2286 3894 solusque
2318 3842 2508 3881 eorum
2533 3829 2623 3897 qui
2650 3829 2704 3882 in
2733 3844 2901 3884 carne
2923 3831 3114 3884 vivunt
3139 3833 3348 3901 peccati
3377 3848 3596 3904 expers,

2028 3920 2365 3975 conﬁdenter
2392 3919 2630 3973 dixerit:
2666 3937 2685 3970 ι
2723 3918 2863 3985 Quid
2893 3919 3057 3976 faciet
3090 3922 3222 3976 mihi
3257 3925 3434 3980 caro?
3464 3943 3484 3978 ι

2102 4092 2332 4148 νεεε.7.
2350 4091 2508 4163 733
2531 4089 2556 4144 1
2563 4091 2904 4147 nhabitabuut
2921 4102 2966 4148 et
2986 4094 3337 4151 abscondent:
3364 4098 3464 4167 ipsi
3479 4100 3595 4153 cal-

2027 4201 2245 4239 caneum
2273 4201 2442 4238 meum
2464 4180 2830 4252 observabant,
2859 4195 2967 4241 etc.
2995 4186 3099 4240 Per
3126 4202 3189 4241 ea
3219 4203 3340 4257 qua:
3362 4189 3592 4256 agimus,

2028 4279 2236 4333 discere
2264 4279 2567 4333 studentes.
2594 4277 2786 4334 Cordis
2809 4280 2953 4334 enim
2982 4281 3231 4335 notitiam
3255 4296 3366 4336 non
3389 4282 3596 4337 habent

2024 4371 2317 4427 daemones.

425 4472 536 4527 Τοῦ
574 4471 782 4526 αὑτοῦ.
847 4472 1076 4541 Ὁμοίως
1101 4469 1179 4541 τῷ
1208 4469 1321 4541 (56)
1356 4469 1476 4539 ὕφει
1507 4471 1556 4523 οἱ
1579 4470 1827 4541 πονηροὶ,
1846 4470 1922 4534 ὼς

2097 4464 2374 4535 Ejusdem.
2414 4465 2497 4520 Ad
2545 4465 2720 4522 instar
2764 4467 3033 4534 serpentis
3075 4466 3162 4521 cui
3209 4466 3410 4521 dictum
3466 4477 3592 4523 est:

348 4559 595 4633 εἴρηται·
633 4579 653 4613 ι
691 4561 801 4615 Καὶ
843 4562 906 4614 σὺ
939 4563 1199 4632 τηρήσεις
1241 4559 1405 4614 αὐτοῦ
1454 4559 1713 4632 πτέρναν,
1766 4580 1786 4613 ›
1820 4560 1919 4634 τὴν

350 4653 587 4725 πτέρναν
608 4651 844 4725 Χριστοῦ
889 4652 922 4723 ἢ
957 4651 1052 4706 τοῦ
1080 4651 1290 4705 δικαίου
1328 4651 1642 4721 φυλάξουσι.

434 4746 545 4803 Τοῦ
587 4743 990 4816 εὐαρεστῆσαι
1034 4743 1290 4801 ἐνώπιον
1319 4743 1425 4798 τοῦ
1462 4743 1610 4798 Θεοῦ
1652 4743 1721 4797 ἐν
1774 4743 1920 4812 φωτὶ

347 4840 608 4904 ζώντων,
638 4854 695 4890 κ.
726 4853 776 4889 τ.
814 4836 860 4888 ὲ.
891 4832 1011 4898 Φῶς
1032 4832 1247 4899 ζώντων
1281 4832 1393 4905 (57)
1421 4833 1565 4887 ἐστὶν
1596 4835 1627 4904 ἡ
1656 4832 1857 4902 γνῶσις
1884 4834 1918 4903 ή

345 4932 456 4988 τῶν
493 4928 759 4999 ἀγγέλων.

2028 4574 2047 4608 ι
2084 4555 2150 4609 Ει
2192 4566 2244 4610 ιιι
2285 4557 2601 4613 observabis
2649 4558 2766 4627 ejus
2818 4558 3131 4612 calcaneum
3170 4559 3240 4624 ",
3288 4576 3308 4610 ι
3363 4559 3593 4627 improbi

2022 4648 2339 4704 calcanenm
2371 4648 2572 4704 Christi
2604 4650 2688 4704 vel
2716 4650 2847 4717 justi
2876 4649 3262 4705 observabant.

2095 4739 2257 4795 Vens.
2302 4741 2390 4795 15.
2431 4738 2501 4794 Ut
2539 4742 2774 4807 placeam
2813 4757 2991 4795 coram
3034 4742 3144 4797 Deo
3186 4744 3243 4797 in
3289 4742 3485 4797 lumine
3517 4744 3613 4798 υἱέ

2023 4834 2273 4899 centium,
2300 4842 2406 4888 etc.
2435 4832 2643 4888 Lumen
2688 4835 2984 4891 viventium
3023 4847 3106 4892 est
3146 4838 3382 4907 cognitio
3419 4852 3592 4909 ange-

2025 4923 2223 4977 lorum.

419 5022 470 5058 δ’
492 5020 629 5079 Gen.
660 5033 850 5084 vanI,
875 5016 965 5074 l5.
1041 5017 1087 5049 ⁸ο
1121 5015 1363 5083 Hebr.x,
1393 5016 1485 5073 28.
1561 5017 1608 5051 ³³
1635 5015 1781 5072 Psal.
1803 5018 1931 5084 cm,!

2054 5018 2099 5049 "
2126 5017 2265 5073 Cen.
2300 5035 2382 5085 ιιι,
2412 5021 2500 5076 15.

418 5117 530 5188 (48)
573 5118 677 5170 Ἐν
697 5114 866 5188 μέσῳ
893 5112 1003 5188 τοῦ
1030 5115 1199 5188 πρωζ,
1229 5121 1335 5188 etc.
1357 5113 1601 5188 _$cheda:_
1628 5110 1839 5188 Cranii.

418 5179 531 5260 (49)
576 5179 892 5254 Ἐσὲτέρας.
922 5179 1122 5240 Catena
1152 5182 1394 5239 Corderii
1416 5193 1469 5238 et
1503 5184 1672 5238 codex
1722 5179 1916 5236 Coisli-

344 5260 539 5317 nianus
566 5272 691 5312 seen
702 5261 856 5309 udus.

438 5328 526 5400 50)
556 5330 623 5400 Et
659 5326 860 5400 στάντα
894 5325 971 5400 δι’
997 5324 1211 5400 αὐτοῦ,
1241 5331 1346 5400 etc.
1374 5322 1599 5400 sc‘hedae
1624 5320 1835 5400 _Grabii.

438 5332 526 5400 50)
556 5332 623 5384 El
659 5332 860 5379 πάντα
894 5332 971 5380 δι’
997 5332 1205 5385 αὐτοῦ,
1241 5332 1346 5379 etc.
1374 5332 1599 5379 Schedae
1631 5332 1835 5377 tiranii.

414 5332 498 5472 (51
555 5398 651 5464 Ὠς
674 5396 971 5467 διέθρεψε,
1017 5406 1126 5452 etc.
1172 5396 1355 5451 Codex
1418 5392 1777 5449 Coisliniauus
1822 5406 1911 5449 se-

342 5471 568 5525 cundns.

346 5608 380 5665 ὁ
416 5539 529 5613 (59.)
567 5539 633 5595 '0
664 5538 943 5609 Χριστός,
972 5546 1081 5597 etc.
1113 5536 1295 5596 Codex
1324 5534 1681 5595 Coislinianus
1709 5548 1897 5591 secun‘

385 5628 463 5664 HS.

385 5628 463 5664 HS.

2092 5114 2209 5255 £53)
2238 5118 2303 5169 Ol
2325 5116 2443 5185 μὲν
2473 5118 2740 5187 ἐπίγειοι,
2771 5128 2876 5174 etc.
2912 5116 3136 5175 Schedte
3165 5116 3377 5176 Grabii.

2115 5184 2205 5253 54)
2248 5186 2303 5237 ’0
2342 5185 2456 5255 τὴν
2483 5188 2589 5243 τοῦ
2614 5187 2859 5255 δούλου,
2888 5200 2994 5245 etc.
3018 5190 3199 5245 Codex
3227 5190 3370 5245 Coisl

2019 5184 2219 5309 80:34)!
2248 5186 2303 5237 '0
2330 5184 2456 5255 τὴν
2483 5184 2594 5243 τοῦ
2614 5187 2859 5258 δούλου,
2888 5200 2994 5245 etc.
3018 5190 3199 5245 Codex
3227 5189 3594 5245 Coislinianus

2153 5273 2201 5307 ΙΙ(
2227 5272 2309 5311 υς,

2079 5324 2192 5399 (55)
2232 5328 2312 5399 dt’
2337 5320 2424 5380 ὧν
2449 5327 2827 5399 ἐνεργοῦμεν,
2852 5337 2957 5399 etc.
2993 5327 3214 5399 Scheda:
3239 5327 3444 5385 Grabii.

2088 5396 2199 5467 (5b)
2244 5397 2488 5467 Ὁμοίως
2516 5396 2615 5465 τῷ,
2648 5396 2757 5454 etc.
2783 5398 2962 5455 Codex
2990 5396 3355 5455 Coislinianus
3390 5413 3590 5460 secun-

2015 5465 2136 5521 dus.

2090 5535 2198 5609 (57)
2235 5535 2363 5604 Φῶς
2386 5537 2633 5607 ζώντων,
2668 5546 2772 5595 etc.
2816 5536 3039 5594 Scbedm
3070 5537 3278 5593 Grabii.
