3970 6160
312 195 480 262 ΞᾹῚΞ

1319 188 1636 274 SELEC'rA
1680 218 1748 274 lN
1782 219 2118 280 PSALMOS.
2161 256 2229 268 -
2268 226 2465 284 PSAL.
2504 227 2661 286 LVII.

3480 241 3507 296 1
3517 242 3622 300 474

309 321 584 397 Ἴδωμεν
602 329 659 384 τί
688 329 832 385 ἐστιν
861 331 975 405 (69)
1003 332 1217 406 ἀληθῶς
1241 328 1595 427 δικαιοσύνην
1618 340 1817 405 λαλεῖν,
1846 361 1916 396 κα

2048 345 2336 403 Videamus
2365 348 2494 418 quid
2525 348 2599 404 sit
2636 362 2766 406 vere
2790 348 3057 419 justitiam
3090 351 3366 424 proloqui,
3392 362 3447 411 et
3481 367 3617 427 quot

303 416 556 490 ὁσαχῶς
587 423 860 495 ἐνδέχεται
884 426 948 480 τὸ
972 426 1210 482 τοιοῦτον
1242 420 1510 495 γίνεσθαι.
1557 429 1667 486 Kal
1693 433 1812 487 καθ’
1842 433 1938 487 ἕνα

307 507 425 579 μὲν
460 512 685 583 τρόπον
714 515 1063 591 δικαιοσύνην
1101 518 1217 573 ἐστι
1252 517 1455 586 λαλεῖν,
1509 523 1599 576 ὅτε
1638 524 1768 594 ὑγιῆ
1806 525 1935 596 περὶ

301 595 698 677 δικαιοσύνης
744 605 885 678 ἔχων
916 625 1000 674 τις
1037 610 1315 682 δόγματα,
1356 614 1484 685 περὶ
1515 617 1722 672 τούτων
1760 616 1936 670 διαλέ-

261 688 274 703 ‘
300 702 489 777 γεται
515 710 531 723 ·
561 696 709 750 κατὰ
737 698 989 770 δεύτερον
1018 700 1076 754 δὲ
1103 702 1302 774 τρόπον
1330 704 1678 777 δικαιοσύνην
1720 724 1806 771 τις
1841 707 1935 762 λα·

299 776 399 832 λεῖ
432 784 466 836 ό
495 785 617 840 ἀπὸ
654 788 1000 863 δικαιοσύνης
1037 794 1451 867 ἐνυπαρχούσης
1483 801 1548 868 τῇ
1582 776 1726 870 om
1757 799 1934 853 πάντα

299 870 534 942 λέγων.
590 879 925 950 Συναγαγὼν
965 884 1024 938 δέ
1067 902 1153 949 τις
1197 886 1506 958 ἀμφότερα,
1550 889 1699 961 εὖροι
1748 892 1813 946 ἂν
1843 891 1934 947 τὸν

301 964 565 1037 ἀληθῶς
596 971 942 1043 δικαιοσύνην
963 974 1246 1030 λαλοῦντα.
1284 981 1346 1032 Oi
1379 980 1489 1052 γὰρ
1518 979 1716 1046 ἔξωθεν
1745 985 1932 1053 φαινόο-

308 1073 489 1126 μενοι
518 1065 638 1128 τοῖς
667 1065 976 1137 ἀνθρώποις
1004 1067 1224 1134 δίκαιοι,
1258 1071 1460 1127 ἔσωθεν
1487 1074 1544 1128 δὲ
1581 1077 1769 1146 μεστοὶ
1803 1079 1933 1133 ύπο-

304 1150 582 1221 κρίσεως
614 1157 708 1211 καὶ
738 1158 965 1231 ἀνομίας
982 1163 1362 1233 τυγχάνοντες,
1388 1167 1490 1222 κᾶν
1504 1167 1709 1224 λαλῶσι
1729 1170 1934 1227 δικαιο-

309 1242 535 1317 σύνην,
567 1249 666 1302 οὐκ
685 1250 903 1322 ἀληθῶς
932 1254 1099 1325 αὐτὴν
1134 1255 1405 1313 λαλοῦσιν.
1454 1260 1722 1333 Ἠγοῦμαι
1763 1264 1820 1317 δὲ
1851 1266 1933 1319 ὃτι

305 1336 521 1403 οὐδεὶς
568 1341 791 1397 δύναται
848 1345 1196 1418 δικαιοσύνην
1249 1348 1481 1422 λαλῆσαι
1505 1392 1521 1416 ,
1574 1354 1647 1425 μὴ
1691 1357 1933 1427 μετέχων

307 1430 608 1502 Χριστοῦ,
648 1456 667 1488 ι
695 1438 755 1502 ὃς
788 1440 1020 1513 ἐγενήθη
1047 1444 1179 1514 ἡμῖν
1214 1447 1377 1515 σοφία
1406 1448 1513 1501 ἀπὸ
1538 1449 1696 1513 Θεοῦ,
1722 1450 1930 1505 δικαιο-

309 1521 471 1598 σύνη
493 1545 564 1581 τε
589 1530 680 1584 καὶ
708 1532 980 1603 ἁγιασμὸς
997 1574 1013 1599 ,
1046 1536 1141 1589 καὶ
1166 1537 1563 1611 ἀπολύτρωσις.
1602 1561 1622 1593 ι
1677 1543 1929 1597 Ἀκολου-

308 1615 413 1672 θεῖ
452 1620 519 1675 δὲ
546 1621 607 1674 τὸ
633 1622 848 1696 ἀληθῶς
883 1626 1064 1684 λαλείν
1101 1630 1449 1704 δικαιοσύνην
1487 1633 1566 1705 τῷ
1594 1635 1756 1690 εύθέα
1807 1638 1928 1709 κρί-

2038 439 2215 494 modis
2238 441 2409 509 possit
2451 441 2552 496 hoc
2595 441 2732 496 ﬁeri.
2762 442 2939 512 Atque
2977 459 3084 498 una
3132 446 3354 517 quidem
3402 450 3616 507 ratione

2037 526 2164 583 licet
2189 529 2441 598 proferre
2480 530 2767 598 justitiam,
2818 534 3038 603 quando
3079 536 3202 606 quis
3234 552 3368 592 sana
3412 541 3479 593 de
3529 539 3619 610 ju-

2035 620 2187 674 stitia
2240 620 2448 678 habens
2483 624 2759 693 dogmata,
2801 626 2868 679 de
2910 625 3102 681 iisdem
3147 628 3388 684 disserit.
3430 630 3618 686 Altero

2036 725 2169 766 vero
2196 715 2358 774 modo
2385 715 2653 784 justitiam
2684 717 2807 786 quis
2846 716 3110 787 loquitur,
3146 721 3236 789 qui
3266 735 3329 775 ex
3365 722 3526 777 insita
3560 725 3612 778 iu

2037 803 2223 858 animo
2252 803 2419 872 ipsius
2447 804 2660 871 justitia
2710 817 2906 862 cuncta
2955 807 3113 864 dicit.
3167 808 3222 865 Si
3264 811 3390 880 quis
3428 822 3612 867 autem

2036 900 2332 960 utrumque
2381 891 2750 962 conjunxerit,
2782 897 3017 965 reperiet
3050 914 3174 953 eum
3215 901 3306 969 qui
3340 918 3469 958 vere
3523 900 3616 972 ju-

2035 983 2241 1038 stitiam
2276 983 2556 1052 loquatur.
2584 986 2687 1054 Qui
2725 990 2922 1043 enima
2972 991 3106 1045 foris
3136 1005 3393 1061 apparent
3432 996 3612 1051 homi-

2036 1076 2197 1130 nibus
2221 1074 2380 1145 justi,
2404 1077 2553 1132 intus
2583 1089 2762 1134 autem
2799 1081 2943 1150 pleni
2973 1091 3102 1136 sunt
3133 1082 3406 1153 hypocrisi
3433 1096 3487 1141 et
3513 1086 3614 1142 ini-

2033 1166 2243 1237 quitate
2282 1168 2373 1233 ";
2415 1170 2515 1224 etsi
2572 1169 2863 1240 loquantur
2906 1172 3211 1242 justitiam,
3266 1164 3372 1231 non
3427 1187 3609 1235 tamen

2031 1271 2159 1312 vere
2212 1258 2358 1313 illam
2404 1260 2721 1331 loquuntur.
2772 1263 3039 1319 Existimo
3084 1276 3268 1325 autem
3337 1271 3607 1326 neminem

2031 1359 2189 1415 posse
2216 1345 2363 1416 loqui
2390 1349 2685 1420 justitiam,
2716 1353 2809 1423 qui
2843 1369 2950 1407 non
2979 1354 3049 1408 sit
3075 1356 3350 1425 particeps
3379 1357 3608 1426 Christi,

2037 1456 2060 1491 ς
2087 1441 2178 1509 qui
2210 1439 2391 1497 factus
2422 1452 2510 1498 est
2542 1445 2702 1501 nobis
2743 1447 3012 1515 sapientia
3046 1464 3074 1503 a
3115 1449 3242 1515 Deo,
3291 1459 3346 1504 et
3371 1450 3606 1523 justitia,

2029 1539 2085 1585 et
2108 1532 2497 1602 sanctiﬁcatio,
2522 1545 2576 1590 et
2599 1538 2901 1607 redemptio
2920 1539 3011 1595 ⁸⁸⁸.
3047 1560 3066 1592 ι
3098 1540 3271 1597 Porro
3298 1557 3423 1598 vere
3462 1543 3610 1614 loqui

2024 1622 2294 1691 justitiam
2326 1628 2578 1696 sequitur
2608 1641 2676 1682 ex
2710 1639 2860 1685 recto
2887 1631 3119 1701 judicio,
3167 1635 3240 1689 ita
3272 1642 3331 1688 ut
3361 1635 3494 1690 nihil
3534 1638 3609 1693 sit

310 1724 471 1773 νειν,
513 1710 656 1766 ὥστε
702 1717 868 1786 μηδὲν
900 1713 1039 1773 εἶναι
1087 1720 1299 1776 σκολιὸν
1332 1724 1389 1776 ἐν
1419 1727 1532 1789 τοῖς
1567 1727 1800 1798 κρίμασι
1832 1706 1916 1783 καὶ

2027 1718 2310 1789 obliquum
2340 1720 2393 1775 iu
2413 1719 2637 1788 iudiciis
2661 1731 2718 1777 et
2747 1724 3179 1795 cogitationibus
3205 1728 3324 1800 ejus
3353 1731 3447 1800 qui
3471 1745 3602 1789 vero

309 1800 445 1863 τοῖς
480 1801 766 1876 λογισμοῖς
799 1807 893 1862 τοῦ
925 1809 1142 1882 ἀληθῶς
1168 1812 1519 1887 δικαιοσύνην
1542 1817 1849 1885 λαλοῦντος.

399 1897 526 1949 Καὶ
566 1896 675 1966 γὰρ
719 1899 789 1952 ἐν
817 1901 1032 1970 καρδίᾳ
1071 1904 1342 1975 ἀνομίας,
1395 1926 1450 1962 κ.
1498 1926 1549 1964 τ.
1597 1910 1643 1965 ἐ.
1683 1913 1799 1967 Ἵνα
1831 1914 1927 1985 δη-

315 1983 488 2059 Λώσῃ
524 1987 632 2059 (70)
663 1993 691 2044 ὁ
715 1991 871 2061 λόγος
895 1995 1078 2068 πηγὴν
1109 1999 1207 2068 μὲν
1230 2000 1323 2054 καὶ
1345 2001 1520 2073 ἀρχὴν
1548 2004 1726 2077 πάσης
1752 1983 1926 2078 ἀμαρ-

313 2078 454 2143 τίας
490 2080 551 2134 τὸ
587 2082 680 2136 τοῦ
713 2084 915 2153 φαύλου
953 2089 1280 2160 ἡγεμονικὸν
1306 2132 1320 2157 ,
1371 2094 1610 2166 ἀνομιῶν
1640 2098 1925 2171 πεπληρω-

319 2170 523 2262 μένον,
563 2172 639 2239 ὥς
679 2193 731 2229 τι
782 2178 961 2249 ῥεῦμα
1010 2182 1118 2235 ἀπὸ
1148 2183 1247 2255 τῆς
1280 2186 1417 2256 γῆς’
1466 2187 1566 2259 τὴν
1608 2189 1666 2242 δὲ
1700 2170 1919 2262 πρᾶξιν,

313 2256 395 2331 ἧς
432 2262 705 2335 σύμϐολον
720 2270 774 2320 ai
810 2271 1009 2341 χεῖρες,
1034 2272 1132 2344 τὴν
1161 2275 1269 2329 ἀπὸ
1295 2276 1390 2330 τοῦ
1425 2256 1754 2351 ἡγεμονικοῦ
1789 2256 1923 2354 προ-

317 2355 598 2448 ἀχθεῖσαν
628 2361 882 2433 μελέτην·
906 2367 1168 2439 πρότερον
1199 2370 1297 2441 μὲν
1325 2370 1386 2425 τὸ
1407 2374 1548 2428 κατὰ
1569 2375 1667 2446 τὴν
1693 2377 1920 2448 καρδίαν

308 2446 608 2523 ὠνόμασε,
633 2455 884 2530 δεύτερον
913 2461 970 2514 δέ
1003 2462 1065 2516 τὸ
1094 2466 1235 2520 κατά
1267 2465 1367 2529 τὰς
1395 2470 1598 2538 χεῖρας.
1626 2471 1735 2523 Καὶ
1816 2473 1919 2539 μὲν

314 2541 431 2613 τῆς
463 2545 745 2618 ἁμαρτίας
779 2551 920 2623 ἀρχή
953 2554 1100 2606 ἐστιν
1127 2554 1236 2609 ἀπὸ
1266 2557 1510 2627 καρδίας,
1549 2559 1641 2611 καὶ
1682 2561 1742 2614 τὸ
1768 2541 1919 2628 τέλος

311 2633 379 2687 ὲν
412 2639 545 2701 ταῖς
587 2640 881 2711 πράξεσιν·
931 2645 1023 2698 ἐπὶ
1064 2645 1122 2700 δὲ
1154 2646 1263 2700 τῶν
1307 2650 1744 2721 ἐπιστρεφόντων
1782 2654 1920 2726 πρὸς

312 2724 460 2779 θεὸν
509 2729 542 2799 ή
576 2729 719 2802 ἀρχὴ
771 2732 867 2803 μὲν
903 2733 1013 2787 ἀπὸ
1043 2735 1142 2805 τῆς
1175 2736 1385 2807 ἀποχῆς
1411 2738 1521 2792 τῶν
1558 2740 1746 2794 κακῶν
1780 2724 1921 2814 πρά-

314 2814 469 2882 ξεων
486 2834 502 2848 θ
541 2818 694 2881 τέλος
718 2820 774 2875 δὲ
804 2825 837 2894 ή
862 2822 1172 2897 καθαρότης
1201 2828 1300 2899 τῆς
1324 2830 1572 2901 καρδίας.
1606 2832 1807 2905 Διόπερ
1833 2837 1919 2887 ἐν·

311 2907 510 2963 ταῦθα
543 2912 641 2981 μὲν
675 2913 765 2966 ὅτε
806 2914 1118 2986 ἐλέγχονται
1151 2920 1200 2973 οῖ
1224 2920 1434 2990 ψεκτοὶ,
1465 2922 1533 2976 τὰ
1564 2925 1664 2995 τῆς
1691 2926 1917 2998 καρδίας

314 3002 663 3075 ἀνομήματα
708 3009 1007 3081 πρότερον,
1050 3013 1144 3066 καὶ¹
1199 3014 1321 3067 τότε
1374 3015 1441 3069 τὰ
1494 3018 1915 3090 συμπλεκόμενα

314 3094 642 3168 ἀδικήματα
664 3102 786 3165 ταῖς
807 3103 994 3173 χερσὶν
1021 3104 1355 3177 ὠνόμασται.
1393 3108 1536 3162 Ἀντὶ
1549 3109 1606 3162 δὲ
1621 3110 1714 3164 τοῦ
1736 3131 1753 3162 ι
1780 3127 1918 3183 συμ-

310 3185 592 3243 πλέκουσι
642 3210 662 3245 ι
710 3192 1002 3249 Θεοδοτίων
1030 3198 1183 3271 καὶὴ
1223 3199 1446 3273 πέμπτη
1474 3200 1703 3270 ἔκδοσις,
1741 3223 1760 3257 ι
1799 3203 1919 3259 δια-

307 3281 749 3353 στοιθμίζουσινο
780 3307 799 3339 ι
849 3288 1078 3355 ’Δκύλας
1103 3291 1160 3345 δὲ
1192 3310 1212 3344 ι
1236 3292 1679 3366 διασταθμίζεται
1708 3316 1728 3349 ι
1758 3315 1918 3371 περι-

309 3371 462 3444 ἑχει.
505 3374 620 3447 Ούχ
649 3378 724 3442 ὡς
755 3378 935 3452 ἔτυχε,
965 3383 1119 3453 φησὶ,
1162 3385 1535 3455 συμπλέκουσι
1554 3387 1655 3460 τὴν
1678 3386 1912 3456 ἀδικίαν,

311 3466 464 3522 ἀλλὰ
493 3468 580 3523 διὰ
621 3471 824 3536 ταύτας
851 3474 950 3538 τὰς
981 3475 1201 3539 κακίας,
1233 3474 1551 3544 ἐπελθόντος
1578 3481 1715 3553 αὐτῇ
1747 3498 1914 3556 στρα-

312 3562 574 3627 τοπέδου,
605 3564 839 3637 ἔφθασεν
873 3568 906 3640 ή
939 3570 1140 3641 ἀνομία
1181 3572 1277 3625 καὶ
1306 3571 1340 3642 ή
1369 3572 1667 3642 ἀντιλογία,
1694 3576 1787 3629 καὶ⁵
1820 3577 1914 3630 ἐπὶ

314 3652 391 3708 τὰ
424 3655 576 3728 τείχη
622 3656 795 3729 αὐτῆς
826 3661 953 3724 τοὺς
984 3658 1356 3734 φρουροῦντας
1401 3666 1571 3736 αὐτὴν
1607 3666 1784 3739 ἱεροὺς
1814 3669 1914 3738 ἁγ-

316 3747 516 3817 γέλους
538 3765 552 3779 ·
587 3751 679 3804 καὶ
704 3751 811 3823 γάρ
839 3747 983 3807 οὗτοι
1011 3755 1369 3824 ἐγκατέλιπον
1399 3757 1567 3828 αὐτὴν
1604 3759 1911 3831 ἀνομοῦσαν

320 3839 422 3893 καὶ
446 3841 833 3911 ἁντιλέγουσαν
866 3846 1190 3919 ἐωρακὸ.·ες.
1237 3848 1382 3902 Διότι
1420 3869 1439 3901 ι
1467 3850 1664 3921 ἀνομία
1696 3854 1784 3906 καὶ
1813 3853 1912 3908 πό-

319 3947 436 3997 νος,
468 3953 487 3986 )
522 3935 764 4000 ἐναντίος
790 3940 857 4009 τῇ
889 3940 1149 4012 ἐπαινετῇ
1174 3941 1359 4014 ἡδονῇ,
1394 3961 1413 3994 ι
1432 3945 1490 3998 ἐν
1523 3946 1672 4018 μέσῳ
1697 3949 1866 4019 αὐτῆς
1885 3969 1904 4001 ι

322 4025 423 4078 σὺν
474 4026 657 4099 ἀδικίᾳ
703 4030 1013 4101 γεγένηται,
1061 4030 1137 4096 ὡς
1191 4052 1209 4083 ι
1242 4032 1315 4105 μὴ
1370 4034 1642 4091 ἐκλείπειν
1686 4040 1751 4092 ἐκ
1800 4039 1908 4092 τῶν

321 4113 593 4168 πλατειῶν
619 4118 788 4188 αὐτῆς
816 4118 973 4173 τόκον
1005 4121 1103 4175 xal
1126 4122 1299 4187 δόλον,
1331 4143 1350 4177 ι
1381 4124 1768 4198 δολιευομένων
1798 4128 1908 4185 τῶν

320 4206 614 4262 οἰκούντων
647 4210 817 4279 αὐτὴν
849 4210 915 4263 δι’
949 4205 1022 4266 ὧν
1050 4214 1304 4284 φρονοῦσι
1353 4216 1604 4289 πονηρῶς
1623 4235 1637 4248 ο
1676 4219 1909 4275 κοπιών-

314 4313 428 4352 των
457 4300 514 4353 δὲ
559 4300 638 4371 τῷ
668 4300 846 4373 αἴρειν
890 4304 973 4373 ἐφ’
1007 4306 1222 4370 ἑαυτοῖς
1272 4306 1333 4360 τὸ
1358 4308 1460 4379 τῆς
1492 4310 1691 4375 κακίας
1717 4312 1901 4384 ἄχθος,

309 4390 556 4464 μολίϐδῳ
590 4394 1092 4469 παραϐαλλομένης.
1135 4399 1244 4452 Kal
1276 4398 1537 4465 πλατείας
1567 4402 1736 4474 αὐτῆς
1768 4407 1904 4478 ήγη-
1935 4421 1977 4477 ο

304 4483 439 4537 τέον
465 4478 604 4537 εἶναι
632 4483 731 4547 τὰς
758 4485 845 4540 διὰ
876 4486 936 4541 τὸ
971 4487 1249 4559 φιλήδονον
1279 4491 1651 4558 πλατυνούσας
1679 4497 1899 4562 ἐαυτάς,

307 4575 397 4647 τῷ
426 4576 523 4648 τὴν
552 4574 811 4630 πλατεῖαν
843 4579 937 4632 καὶ
965 4580 1275 4654 εὐρύχωρον
1310 4583 1514 4639 ὁδεύειν
1550 4586 1692 4654 ὁδὸν,
1720 4590 1901 4642 τουτέ-

313 4683 426 4732 στι,
450 4667 546 4723 τὺν
578 4668 823 4741 ἡδονικὺν
854 4672 949 4725 καὶ
976 4673 1273 4745 παθητικὸν
1312 4676 1457 4747 βίον⁸
1487 4680 1545 4732 ἐν
1574 4679 1767 4745 αὐταῖς
1790 4683 1899 4755 γὰρ

315 4761 406 4815 ἀεὶ
455 4760 634 4832 μένων
683 4763 712 4815 ὁ
757 4764 884 4836 περὶ
928 4764 996 4819 τά
1029 4767 1175 4820 κακὰ
1226 4768 1412 4835 κόπος,
1448 4770 1540 4824 καὶ
1583 4772 1612 4824 ὁ
1643 4774 1771 4844 περὶ
1800 4776 1899 4839 τὰς

317 4855 535 4921 ἀπάτας
575 4856 744 4923 δόλος,
778 4857 1120 4932 πληροῦσθαι
1170 4866 1317 4916 ποιεῖ
1348 4865 1427 4928 τὸ,
1468 4885 1486 4917 ι
1516 4868 1631 4921 Ούκ
1654 4866 1900 4933 ἐξέλιπεν

316 4948 382 5002 ἐκ
425 4948 535 5002 τῶν
580 4948 850 5003 πλατειῶν
877 4950 1049 5022 αὐτῆς
1078 4952 1238 5018 τόκος
1265 4957 1359 5010 καὶ
1400 4956 1566 5034 δόλος.
1593 4977 1613 5011 ι
1650 4960 1762 5014 Kal
1792 4959 1901 5034 γάρ

314 5040 794 5113 διασταθμίζοντες
816 5044 1019 5098 ἕκαστα
1041 5044 1147 5099 τῶν
1171 5032 1519 5121 ἀδικημάτων
1544 5053 1622 5115 είς
1643 5052 1740 5124 τὴν
1763 5032 1902 5124 συμλ-

315 5134 523 5208 πλοκὴν
575 5136 674 5208 τῆς
706 5136 905 5200 κακίας
954 5138 1003 5192 οἱ
1047 5140 1186 5212 πρὸς
1231 5141 1332 5213 τὴν
1383 5143 1598 5198 ἀδικίαν
1634 5145 1914 5218 εὐχερεῖςί

313 5225 648 5292 ἀδιαστάτως
693 5229 976 5304 ἐνεργοῦσι
1029 5230 1100 5286 τὰ
1150 5233 1343 5305 αἰρετά
1394 5237 1476 5300 είς
1519 5234 1901 5303 ἀνεξάλειπτον

314 5319 516 5392 στήλην
561 5320 1144 5396 παραλαμϐανομένων
1193 5325 1302 5380 τῶν
1349 5325 1600 5400 πράξεων
1649 5330 1749 5403 τῆς
1787 5330 1903 5386 ast-

310 5414 437 5479 πίας
470 5413 673 5472 αὐτῶν.

1941 3066 1985 3123 C

2023 1810 2296 1881 justitiam
2339 1811 2600 1883 loquitur.
3210 1890 3217 1899 .

2097 1901 2264 1963 Vens.
2306 1906 2364 1965 '5.
2418 1905 2632 1963 Etenim
2683 1910 2738 1965 in
2785 1911 2942 1965 corde
2988 1911 3314 1982 iniquitates,
3370 1925 3479 1972 etc.
3529 1915 3603 1974 Ut

2025 2008 2208 2050 sermo
2268 1997 2540 2066 signiticet
2607 1997 2815 2054 fontem
2873 2001 3093 2070 quidem
3144 2017 3209 2058 ac
3272 2005 3600 2077 principium

2023 2088 2203 2144 omnis
2235 2091 2445 2158 peccati
2476 2106 2597 2146 esse
2624 2103 2861 2148 mentem
2903 2094 3161 2165 improbi,
3195 2113 3315 2167 qua:
3340 2099 3601 2171 iniquitate

2025 2184 2169 2237 tibus
2190 2184 2480 2248 redundat,
2505 2185 2652 2240 sicut
2673 2187 2895 2257 quidam
2919 2186 3099 2244 [luxus
3116 2191 3184 2245 de
3207 2200 3351 2247 terra
3375 2209 3390 2260 ;
3420 2204 3602 2251 actum

2023 2288 2176 2339 vero,
2214 2274 2370 2344 cujus
2393 2276 2701 2348 symbolum
2743 2288 2872 2333 sunt
2913 2296 3133 2346 manus,
3172 2299 3294 2340 esse
3328 2288 3599 2343 exercita-

2025 2370 2230 2424 tionem
2259 2385 2381 2439 quae
2415 2386 2444 2424 a
2491 2382 2673 2426 mente
2720 2383 3010 2441 promanat
3046 2390 3061 2437 ;
3100 2374 3335 2444 primum
3380 2378 3601 2445 quidem

2028 2476 2126 2531 per
2156 2476 2251 2517 cor
2286 2463 2610 2529 nominavit,
2640 2465 2941 2520 secundum
2967 2480 3097 2521 vero
3125 2481 3224 2537 per
3252 2482 3467 2524 manus.
3509 2472 3604 2525 At-

2024 2568 2132 2622 que
2156 2556 2366 2624 peccati
2397 2555 2619 2624 quidem
2651 2557 2978 2626 principium
3006 2567 3091 2613 est
3121 2574 3149 2612 a
3179 2561 3369 2623 corde,
3393 2569 3449 2616 et
3477 2561 3602 2618 linis

2022 2645 2073 2699 in
2107 2646 2520 2714 operationibus
2548 2661 2564 2701 :
2596 2647 2649 2701 in
2682 2647 2750 2702 iis
2780 2655 2963 2704 autem
3013 2650 3106 2721 qui
3153 2652 3220 2705 ad
3263 2650 3432 2706 Deum
3468 2668 3602 2709 con-

2021 2746 2328 2805 vertuntur,
2368 2736 2703 2809 principium
2734 2739 2956 2794 ducitur
2983 2756 3011 2793 a
3039 2756 3329 2810 pravorum
3374 2754 3596 2801 actuum

2020 2829 2393 2894 abstinentia;
2431 2815 2558 2884 linis
2605 2845 2736 2885 vero
2771 2841 2857 2886 est
2902 2833 3116 2902 puritas
3152 2836 3360 2894 cordis.
3387 2824 3596 2895 Idcirco

2020 2922 2237 2990 quando
2262 2922 2351 2978 hic
2393 2922 2429 2977 ii
2465 2923 2558 2994 qui
2605 2923 2910 2994 culpabiles
2937 2933 3063 2980 sunt
3097 2929 3594 2997 reprehenduntur,

2020 3012 2253 3081 primum
2284 3014 2483 3069 delicta
2528 3016 2732 3082 cordis,
2763 3031 2829 3072 ac
2867 3017 3064 3074 deinde
3099 3018 3435 3089 iniquitates,
3472 3038 3593 3093 quae

2022 3103 2273 3159 manibus
2307 3105 2647 3161 concinnatae
2677 3118 2824 3174 sunt,
2857 3109 3233 3166 nominantur.
3262 3110 3370 3169 Pro
3406 3132 3426 3166 ι
3462 3129 3596 3170 con-

2019 3193 2249 3247 cinnant
2290 3213 2310 3246 ι
2382 3205 2564 3251 autem
2626 3196 2964 3253 Theodotion
3035 3209 3091 3254 et
3139 3200 3331 3269 quinta
3399 3203 3594 3271 editio,

2020 3284 2184 3356 735
2217 3305 2237 3337 ι
2266 3285 2496 3352 librant;
2533 3306 2554 3340 ι
2584 3288 2777 3358 Aquila
2810 3304 2940 3345 vero
2968 3310 2988 3342 ι
3021 3291 3189 3347 librat
3223 3313 3243 3345 ›
3273 3293 3457 3349 habet.
3476 3294 3595 3352 Non

2017 3379 2551 3448 quontodocunque,
2603 3380 2801 3451 inquit,
2845 3384 3179 3441 concinnant
3228 3386 3594 3456 iniquitatem,

2015 3471 2109 3526 sed
2167 3482 2388 3541 propter
2453 3473 2553 3528 has
2611 3476 2946 3543 pravitates,
3013 3483 3434 3548 superveniente
3491 3483 3592 3554 ipsi

2014 3562 2284 3627 exercitu,
2336 3566 2589 3633 pervenit
2622 3566 2884 3635 iniquitas
2915 3578 2973 3622 et
3022 3571 3383 3628 contradictio
3421 3575 3592 3629 etiam

2013 3654 2082 3706 ad
2110 3669 2298 3709 muros
2336 3654 2473 3724 ejus,
2502 3659 2755 3713 custodes
2779 3658 3043 3713 nimirum
3084 3659 3201 3728 ejus
3236 3673 3457 3718 sanctos
3488 3681 3592 3719 an-

2011 3746 2161 3818 gelos
2200 3763 2218 3803 :
2252 3748 2309 3803 hi
2364 3750 2508 3804 enim
2553 3750 2698 3805 illam
2753 3752 3153 3819 deseruerunt,
3207 3754 3352 3823 quod
3407 3757 3590 3811 vidis—

2011 3850 2134 3897 sent
2171 3843 2575 3912 delinqucnlem
2618 3853 2674 3898 et
2700 3846 3191 3900 contradicentcm.
3247 3846 3591 3919 Quapropter

2014 3950 2035 3985 ι
2099 3933 2363 4003 iniquitas
2418 3944 2474 3989 et
2529 3933 2728 4000 labor,
2793 3952 2814 3986 ι
2878 3936 2972 4005 qui
3013 3936 3267 3994 laudabili
3327 3942 3587 4011 voluptati

2010 4026 2320 4082 contrarius
2366 4036 2469 4087 est,
2525 4045 2545 4078 ‹
2602 4028 2655 4081 in
2690 4026 2870 4082 medio
2914 4028 3056 4098 ejus,
3099 4048 3118 4081 ι
3153 4046 3277 4085 cum
3318 4032 3586 4102 injustitia

2008 4119 2357 4184 exstiterunt,
2391 4127 2452 4176 ut
2492 4138 2512 4173 ι
2542 4134 2648 4174 non
2683 4121 2940 4176 deﬁceret
2972 4124 3039 4177 de
3059 4123 3252 4192 plateis
3277 4125 3394 4195 ejus
3420 4142 3584 4183 usura

2006 4220 2064 4266 et
2087 4210 2242 4267 dolus
2264 4212 2331 4281 ⁷⁸,
2359 4231 2380 4265 ›
2403 4213 2596 4269 incolis
2626 4213 2745 4283 ejus
2774 4229 2871 4284 per
2905 4229 2970 4270 ca
3001 4232 3121 4285 quae
3148 4234 3402 4287 perverse
3426 4236 3582 4276 com-

2010 4303 2375 4359 miniscuntur
2409 4305 2597 4361 dolose
2648 4309 2969 4378 agentibus;
3024 4310 3397 4369 laborantibus
3446 4330 3578 4371 vero

2008 4404 2069 4450 ttt
2117 4396 2374 4452 tollerent
2428 4412 2594 4467 super
2624 4414 2684 4456 se
2724 4415 2862 4457 onus
2910 4402 3152 4469 malitite,
3184 4420 3307 4475 quae
3360 4406 3583 4477 plumbo

2007 4500 2379 4565 comparatur.
2430 4490 2596 4562 Atqui
2636 4493 2847 4562 plateas
2883 4495 3005 4565 ejus
3042 4499 3461 4556 existimandum
3501 4511 3586 4557 est

2004 4599 2129 4640 esse
2152 4583 2294 4647 illas,
2333 4596 2455 4651 qua:
2482 4596 2580 4654 per
2606 4597 2850 4639 amorem
2874 4586 3166 4657 voluptatis
3208 4588 3417 4660 seipsas
3443 4593 3582 4648 dila-

2007 4685 2145 4743 tant,
2202 4674 2330 4728 dum
2375 4675 2538 4729 latam
2576 4684 2636 4730 et
2684 4677 2981 4747 spatiosam
3012 4681 3152 4734 viam
3183 4682 3490 4751 ambulant,
3527 4686 3583 4741 id

2006 4774 2109 4833 est,
2160 4767 2331 4820 vitam
2392 4765 2753 4836 voluptariam
2807 4778 2863 4822 et.
2911 4771 3260 4840 passionibus
3296 4774 3578 4851 Odcditam;

2008 4875 2133 4913 cum
2173 4860 2318 4912 enim
2348 4857 2403 4912 in
2443 4857 2512 4914 iis
2549 4873 2766 4929 semper
2799 4875 3017 4917 maneat
3049 4863 3200 4920 labor
3227 4867 3375 4922 circa
3416 4869 3580 4937 mala,

2008 4963 2175 5024 atque
2203 4953 2359 5010 dolus
2391 4954 2542 5010 circa
2585 4955 2958 5026 deception‘es,
2992 4960 3116 5016 hinc
3153 4960 3214 5016 fit
3254 4972 3316 5017 ut
3353 4964 3583 5036 implea-

2006 5056 2095 5101 tur
2144 5046 2312 5113 illud,
2360 5067 2380 5100 ι
2420 5047 2538 5102 Non
2578 5049 2778 5105 defecit
2814 5052 2883 5107 de
2921 5053 3113 5123 plateis
3149 5056 3270 5126 ejus
3306 5072 3473 5113 usura
3524 5068 3581 5113 et

2003 5136 2176 5193 dolus.
2208 5157 2228 5191 ι
2257 5139 2472 5196 Etenim
2505 5141 2630 5195 dum
2657 5140 2849 5211 hi,qui
2884 5148 2951 5198 ad
2978 5145 3320 5215 iniquitatem
3343 5152 3577 5219 prompti

2001 5241 2147 5295 sunt,
2191 5232 2443 5303 singulas
2494 5234 2817 5304 iniquitates
2864 5238 2932 5291 ad
2968 5253 3133 5292 unum
3178 5240 3397 5295 malitia:
3428 5257 3578 5296 com-

2000 5323 2217 5394 plexum
2246 5324 2473 5391 librant,
2514 5328 2891 5383 indesinenter
2929 5329 3235 5386 desiderata
3263 5333 3574 5403 perﬁciunt,

2001 5418 2069 5471 ad
2118 5417 2464 5473 indelebilem
2510 5421 2823 5477 columnam
2864 5425 3162 5493 assumptis
3190 5426 3576 5494 uperibusini—

2001 5509 2225 5581 quitatis
2253 5524 2463 5566 eorum.

381 5598 427 5633 ⁸⁸
476 5598 665 5655 Matth.
714 5616 874 5667 χχιιι,
909 5601 1001 5660 28.
1077 5602 1146 5637 ⁸⁸⁵
1182 5601 1356 5661 lCor.
1394 5620 1435 5671 ι,
1475 5603 1566 5660 30.
1640 5604 1686 5638 ³⁷
1732 5604 1879 5664 Psal.

2020 5646 2033 5672 ,
2086 5607 2176 5662 H.

383 5694 495 5766 (69)
529 5696 778 5770 Ἵδωμεν·
812 5700 871 5754 τί
898 5699 1089 5769 ἐστιν,
1113 5712 1221 5757 etc.
1255 5702 1457 5758 Catena
1506 5702 1770 5759 Corderii.

2058 5702 2173 5776 (Ἱο)
2211 5701 2344 5759 Ἵνα
2374 5702 2647 5775 δηλώσῃ,
2683 5713 2790 5761 etc.
2826 5703 3048 5761 Eadem.
