3970 6160
243 236 374 291 tm
1183 177 1502 272 SELECTA
1534 217 1601 273 IN
1635 212 1971 273 PSALMOS.
2011 243 2080 271 .—-
2116 213 2312 269 PSAL.
2350 210 2482 267 LIX.
3350 210 3487 266 ms

313 350 423 406 Τοῦ
450 346 657 403 αὐτοῦ.
705 343 765 397 '0
816 341 1018 404 δίκαιος
1067 327 1203 407 (78),
1237 323 1383 399 ὁρῶν
1413 332 1477 388 τὸ
1524 334 1685 404 σοφὸν
1716 332 1813 402 τῆς

1988 327 2263 397 Ejusdem.
2321 327 2506 382 Justus
2552 325 2741 382 videns
2792 326 3110 395 sapientiam
3175 324 3343 381 divini
3405 327 3485 398 in-

243 446 323 507 ιίς
339 444 399 496 τὸ
423 435 742 502 κολάζεσθαι
762 434 888 497 τοὺς
908 431 1125 491 ἀδίκους
1145 419 1296 487 θείας
1316 425 1572 497 κρίσεως,
1593 424 1821 493 εὐφραν-

1954 421 2054 475 lieii
2108 436 2215 489 quo
2266 419 2436 489 iniqui
2505 416 2772 488 supplicio
2833 417 3173 473 destinantur
3206 459 3221 484 ,
3279 415 3487 475 laetabi-

236 537 479 609 θήσεται.

1954 525 2037 563 Ill“.

2441 690 2759 746 PSALMUS
2796 690 2974 746 LVIII.

1994 782 2159 839 Vens.
2198 785 2249 838 Ι.
2295 784 2452 851 Eripe
2497 801 2578 837 me
2602 786 2666 837 de
2700 784 2924 839 inimicis
2958 786 3109 850 meis,
3139 784 3272 840 Deus
3303 800 3446 839 meus
3469 825 3486 851 ,

1928 889 2034 933 etc.
2070 878 2300 947 Propter
2329 877 2482 943 illud,
2521 895 2538 927 ι
2580 874 2707 930 Sine
2754 878 3039 947 iniquitate
3070 877 3287 933 cucurri
3325 885 3378 931 et
3406 877 3489 932 di-

1926 968 2085 1035 rexi,
2145 985 2164 1018 ι
2217 976 2271 1021 et
2322 977 2544 1036 prepter
2600 967 2773 1021 illud:
2810 986 2828 1017 ι
2874 968 3268 1022 Fortitudinem
3313 983 3487 1021 meam

1926 1060 1992 1113 ad
2036 1068 2089 1112 te
2127 1058 2456 1119 custodiam,
2508 1076 2527 1108 ι
2568 1056 2820 1112 Salvator
2857 1060 3001 1113 hunc
3039 1059 3302 1126 psalmum
3324 1060 3487 1124 dicit;

1927 1164 2134 1204 necnon
2171 1159 2390 1219 propter
2424 1150 2552 1204 illud
2588 1165 2602 1204 :
2637 1169 2656 1202 ι
2691 1149 2912 1205 Intende
2940 1150 3007 1204 ad
3031 1149 3335 1204 visitandas
3373 1163 3491 1205 om-

1924 1256 2020 1295 nes
2059 1249 2267 1310 gentes.
2296 1260 2314 1293 ›

1993 1333 2158 1385 Vens.
2197 1332 2252 1386 4.
2297 1331 2437 1397 Quia
2469 1349 2584 1387 ecce
2628 1334 2801 1387 veneti
2845 1343 2966 1387 sunt
3010 1333 3241 1386 animum
3275 1348 3445 1387 meum
3474 1373 3489 1397 ,

788 700 1083 756 ΨΑΛΜΟΣ
1121 699 1259 752 NH'.

313 797 556 866 Έξελοῧ
607 813 685 867 με
724 795 792 849 ἐκ
840 794 958 847 τῶν
999 790 1228 861 ἐχθρῶν
1256 808 1399 859 μου,
1435 792 1468 843 ό
1493 788 1634 853 Θεός
1683 803 1824 855 μου,

229 909 282 947 κ.
304 910 357 948 τ.
381 893 430 947 ὲ.
449 890 552 944 Διά
578 889 637 942 τὸ
668 886 799 959 (79),
822 898 843 937 ‘t
871 887 1034 937 Ἄνευ
1053 883 1283 953 ἀνομίας
1306 881 1540 954 ἔδραμον
1574 880 1667 932 καὶ
1696 895 1828 932 κατ-

226 981 457 1037 εύθυνα·
486 998 504 1032 s
547 981 639 1034 xui.
679 976 766 1031 διὰ
786 976 865 1039 τὸ,
907 993 924 1025 ι
949 974 1023 1026 Τὸ
1050 972 1248 1044 κράτος
1280 989 1378 1042 μου
1404 971 1540 1042 πρὸς
1572 970 1631 1022 σὲ
1659 968 1827 1038 φυλά-

226 1072 324 1137 ξω,
347 1090 367 1124 s
398 1073 428 1123 ὁ
465 1069 662 1139 Σωτὴρ
693 1067 839 1134 λέγει
873 1064 965 1117 τὸν
992 1061 1206 1133 ψαλμόν
1226 1078 1239 1091 ·
1284 1062 1380 1114 καὶ
1409 1058 1497 1113 διὰ
1523 1059 1604 1125 τὸ,
1636 1077 1654 1108 ι
1678 1057 1819 1128 Πρό-

144 1196 149 1201 -
230 1180 359 1234 σχες
380 1160 477 1215 τοῦ
510 1157 910 1229 ἐπισκέψασθαι
937 1155 1114 1209 πάντα
1141 1153 1210 1207 τὰ
1243 1151 1391 1221 ἔθνη.
1419 1172 1438 1204 ι

301 1340 437 1392 Ὅτι
486 1334 616 1389 ίδοὺ
666 1332 1005 1401 ἐθήρευσαν
1047 1330 1163 1399 τὴν
1190 1327 1404 1398 ψυχήν
1437 1344 1579 1395 μου,
1615 1344 1671 1380 κ.
1693 1344 1743 1380 τ.
1768 1329 1814 1380 ὲ.

241 1428 586 1500 Ἐθήρευσαν
631 1424 741 1496 (80)
790 1424 889 1492 τὴν
931 1422 1111 1492 ψυχήν
1161 1437 1262 1491 μου
1295 1419 1344 1471 οί
1399 1419 1670 1488 κραταιοὶ,
1723 1417 1819 1471 καὶ

1960 1423 2237 1480 tc.Venati
2264 1433 2389 1477 sunt
2427 1425 2660 1478 animam
2692 1440 2865 1479 meam
2909 1425 3091 1491 fortes,
3124 1433 3176 1478 et
3216 1425 3491 1478 irruerunt

226 1518 489 1576 ἐπέθεντό
522 1533 629 1589 μοι.
670 1516 784 1569 Οὐκ
809 1517 871 1567 ὲκ
909 1512 1210 1584 παρέργου,
1242 1507 1400 1578 φησὶ,
1425 1508 1521 1579 τὴν
1554 1507 1690 1578 πρὸς
1719 1506 1819 1576 ἐμὲ

1954 1534 1976 1567 ιι
2003 1530 2104 1568 me.
2146 1513 2263 1567 Non
2291 1515 2486 1577 obiter,
2522 1515 2715 1584 inquit,
2754 1524 2943 1568 contra
2972 1529 3058 1567 me
3092 1514 3334 1583 praelium
3360 1528 3484 1568 cou-

233 1615 419 1687 μάχην
447 1611 777 1673 ἐνίστανται,
806 1604 919 1659 ἀλλ’
955 1603 1274 1665 ἐπίκεινται,
1309 1600 1383 1671 μὴ
1432 1599 1635 1669 βραχὺν
1680 1598 1822 1651 ἐκδι-

1963 1603 2187 1667 itaruut,
2226 1603 2322 1658 sed
2357 1605 2613 1669 irruunt,
2664 1620 2732 1658 ne
2780 1605 2947 1659 breve
3006 1604 3220 1673 quidem
3280 1615 3490 1671 tempus

232 1706 416 1768 δόντες
450 1701 661 1774 καιρὸν,
707 1697 871 1752 παντὶ
920 1696 978 1749 δὲ
1026 1694 1213 1765 τρόπῳ
1254 1690 1617 1762 πολεμοῦντες
1649 1690 1816 1759 ἡμᾶς.

1954 1696 2265 1764 mlulgentes
2296 1735 2310 1761 ,
2368 1695 2464 1748 sed
2530 1694 2677 1749 omni
2739 1694 2899 1749 modo
2958 1708 3060 1748 nos
3098 1705 3486 1765 oppugnantes.

226 1795 545 1867 Κραταιοὺς
574 1792 629 1845 δὲ
674 1786 846 1852 εἶπεν,
880 1786 1020 1840 ὥστε
1062 1785 1155 1838 καὶ⁸
1213 1783 1322 1837 ἀπὸ
1368 1782 1466 1851 τῆς
1511 1778 1819 1852 προσούσης

1954 1787 2117 1840 'ortes
2167 1795 2346 1839 autem
2407 1787 2585 1851 dixit,
2641 1792 2702 1839 ut
2757 1787 2918 1839 etiam
2981 1799 3046 1839 ex
3098 1786 3315 1853 viribus
3371 1802 3491 1855 quae

231 1890 419 1951 αὐτοῖς
464 1884 644 1957 ἰσχύος
675 1882 899 1955 μείζονα
924 1879 1091 1945 δεῖξαι
1120 1878 1219 1948 τὴν
1260 1874 1379 1947 κατ’
1407 1872 1571 1927 αὑτοῦ
1599 1870 1819 1924 ἐπιϐου-

232 1979 484 2122 λήῖ,ἀνευ
518 2062 772 2132 ἀνομίας
794 2059 1053 2127 ἔδραμον
1088 2055 1188 2111 καὶ
1227 2054 1583 2116 κατεύθυνα,
1616 2069 1669 2105 κ.
1694 2068 1745 2103 τ.
1770 2051 1816 2103 ἑ.

247 2160 309 2214 '0
355 2159 531 2228 λέγων
560 2157 669 2227 (8i)
693 2173 707 2186 ·
746 2175 764 2206 ι
793 2154 895 2207 Τὸν
927 2150 1112 2220 ἀγῶνα
1159 2149 1249 2202 τὸν
1281 2147 1445 2201 καλὸν
1486 2144 1820 2216 ἠγώνισμαι,

234 2252 332 2305 τὸν
380 2250 580 2322 δρόμον
610 2245 886 2309 τετέλεκα,
920 2243 1017 2314 τὴν
1050 2242 1232 2295 πίστιν
1281 2240 1586 2310 τετήρηκα·
1610 2257 1629 2287 ι
1662 2238 1823 2306 φήσει

233 2343 317 2407 τὸ,
342 2360 361 2393 ι
388 2343 549 2396 Ἀνευ
578 2338 804 2409 ἀνομίας
839 2337 1070 2409 ἔδραμον
1094 2335 1189 2388 xu).
1211 2331 1541 2387 κατεύθυνα·
1567 2328 1639 2398 »ἢ
1666 2328 1824 2380 όΣω-

234 2432 341 2505 τὴρ
375 2431 574 2503 μᾶλλον
600 2428 771 2484 ταῦτα
805 2431 987 2499 φήσει.

311 2524 424 2578 Τοῦ
454 2522 662 2577 αὑτοῦ.
716 2521 830 2574 Οὐκ
886 2520 1005 2572 ἐστι
1038 2517 1147 2589 (82)
1193 2512 1520 2570 κατευθῦναι
1570 2512 1669 2584 τὴν
1710 2510 1826 2565 ὁδὸν

238 2615 336 2686 τὴν
371 2614 666 2668 εἰποῦσαν·
721 2631 740 2664 ι
764 2609 903 2679 Ἐγώ
948 2610 1061 2680 εἰμι
1110 2609 1144 2679 ἡ
1176 2606 1327 2669 ὁδός·
1355 2624 1374 2658 ι
1414 2605 1488 2676 μὴ
1539 2603 1666 2658 ἄνευ
1704 2605 1828 2656 ἀνο-

240 2708 371 2779 μίας
409 2708 707 2779 δραμόντα.

323 2800 698 2870 Ἐξεγέρθητι
761 2799 848 2862 είς
910 2791 1293 2860 συνάντησιν
1347 2809 1488 2861 μου,
1556 2790 1654 2845 καὶ
1714 2789 1825 2854 ἴδε,

1924 1878 2060 1947 ipsis
2113 1877 2300 1932 insunt
2354 1875 2592 1944 majores
2631 1877 2895 1931 adversus
2943 1890 3001 1932 se
3035 1876 3261 1932 insidias
3303 1887 3489 1932 osten-

1871 1972 1880 1981 ’
1922 1971 2094 2025 deret.

1993 2062 2155 2118 Vens.
2213 2064 2268 2119 5.
2312 2062 2438 2118 Sine
2485 2062 2766 2134 iniquitate
2800 2062 3011 2115 cucurri
3040 2071 3090 2115 et
3147 2062 3347 2133 direxi,
3381 2071 3488 2116 etc.

1924 2152 2024 2219 Qui
2071 2156 2206 2210 dicit
2257 2174 2321 2210 ιι
2375 2154 2585 2209 Bonum
2643 2162 2917 2207 certamen
2968 2153 3174 2207 certavi
3204 2193 3220 2216 ,
3275 2167 3492 2207 cursum

1927 2246 2317 2312 consummavi,
2350 2245 2507 2300 (idem
2529 2244 2737 2298 servavi
2756 2242 2824 2308 ”,
2853 2262 2872 2294 ι
2899 2242 3061 2306 dicet,
3099 2262 3116 2293 ι
3144 2243 3274 2298 Sine
3298 2244 3494 2312 iniqui-

1931 2347 2041 2392 tate
2078 2340 2296 2394 cucurri
2333 2347 2389 2393 et
2426 2338 2639 2403 direxi;
2701 2355 2722 2390 ι
2765 2337 2848 2391 vel
2875 2335 3054 2405 potius
3083 2333 3332 2390 Salvator
3379 2336 3495 2391 haec

1930 2431 2095 2484 dicet.

2002 2521 2163 2591 737
2215 2519 2486 2589 Ejusdem.
2524 2518 2626 2586 Qui
2673 2519 2793 2574 sine
2824 2518 3114 2587 iniquitate
3152 2533 3258 2573 non
3299 2534 3496 2573 cucur.

1929 2613 2021 2676 rit,
2056 2627 2161 2665 non
2188 2620 2366 2680 potest
2387 2611 2623 2682 dirigere
2653 2612 2792 2666 viam
2820 2626 2940 2681 qua:
2964 2608 3099 2663 dixit
3135 2627 3150 2661 :
3183 2628 3202 2660 ι
3242 2610 3349 2680 Ego
3372 2625 3491 2665 sum

1926 2704 2012 2758 via
2053 2704 2119 2758 ⁶⁰.
2167 2722 2187 2756 ι

2001 2795 2163 2851 Vens.
2204 2795 2259 2850 6.
2304 2795 2542 2865 Exsurge
2577 2797 2631 2849 in
2654 2811 2928 2849 occursum
2955 2811 3124 2848 meum
3148 2806 3194 2850 et
3219 2796 3357 2863 ride,
3384 2807 3489 2854 etc.

247 2907 302 2943 κ.
325 2907 377 2943 τ.
403 2891 452 2944 ὲ.
493 2889 589 2951 Τίς
616 2888 723 2958 ἄρα
757 2886 868 2957 (85)
915 2882 1094 2946 ἱκανὸς
1141 2884 1313 2935 εἰπεῖν
1346 2879 1424 2951 τῷ
1467 2879 1611 2950 Θεῷ·
1647 2898 1670 2933 ι
1710 2879 1826 2946 Ἐξ·-

1954 2887 2062 2954 )uis
2092 2889 2316 2942 idoneus
2345 2897 2429 2942 est
2451 2888 2633 2943 dicere
2666 2888 2794 2955 Deo,
2817 2906 2835 2940 ι
2858 2887 3101 2958 Exsurge
3129 2891 3183 2944 in
3207 2903 3492 2945 occursum

239 2981 500 3052 εγέρθητι
530 2981 609 3043 είς
638 2976 960 3047 συνάντησιν
991 2993 1117 3046 μου,
1147 2975 1239 3026 καὶ
1266 2973 1375 3038 ἴδε;
1402 2991 1421 3024 s

316 3069 428 3123 Τοῦ
454 3067 660 3122 αὐτοῦ.
702 3066 792 3138 Τῷ
842 3065 952 3137 γάρ
1004 3062 1348 3117 ἀναϐαίνοντι
1379 3060 1491 3133 (84)
1538 3061 1605 3114 δι’
1641 3059 1826 3129 ὑγιοῦς

243 3160 361 3231 βίου
396 3160 533 3233 πρὸς
575 3159 707 3213 Θεὸν
756 3156 1086 3228 ἐξεγείρεται
1118 3156 1199 3219 είς
1244 3153 1565 3223 συνάντησιν
1612 3154 1639 3205 ὁ
1673 3150 1824 3215 Θεός.

242 3255 354 3307 Καὶ
381 3257 440 3309 ὲν
473 3253 550 3324 τῷ
578 3250 893 3322 Εὑαγγελίῳ
936 3250 992 3303 δὲ
1025 3250 1054 3301 ὁ
1087 3247 1270 3320 πατὴρ
1299 3248 1516 3318 ἀπαντᾷ
1543 3244 1621 3317 τῷ
1655 3247 1824 3298 ἐπαν-

246 3344 529 3418 ερχομένῳ
553 3345 688 3416 πρὸς
714 3342 873 3397 αὑτὸν
907 3339 1028 3411 υἱῷ.

310 3438 424 3492 Καὶ
458 3436 727 3506 ῥομφαία
772 3435 843 3488 ἐν
887 3434 1010 3498 τοῖς
1039 3432 1310 3502 χείλεσιν
1348 3429 1567 3494 αὐτῶν,
1604 3447 1657 3482 κ.
1688 3447 1737 3482 τ.
1765 3430 1812 3482 ὲ.

253 3529 520 3602 Ῥομφαία
567 3527 676 3599 (85)
724 3528 781 3580 ἐν
837 3528 948 3589 τοῖς
997 3525 1201 3595 χείλεσι
1260 3524 1368 3578 τῶν
1418 3523 1675 3596 δύσφημα
1722 3524 1817 3577 καὶ

241 3621 417 3691 ἀσεϐῆ
456 3617 809 3673 διδασκόντων
848 3616 1185 3688 ἑτεροδόξων.

311 3712 409 3781 Μὴ
447 3710 809 3778 ἀποκτείνῃς
858 3707 1100 3773 αὐτοὺς,
1140 3706 1374 3776 μήποτε
1425 3704 1821 3759 ἐπιλάθωνται

242 3805 349 3860 τοῦ
397 3805 584 3874 νόμου
621 3819 759 3869 σου,
815 3819 869 3855 κ.
904 3819 954 3854 τ.
981 3802 1027 3854 ὲ.
1082 3798 1416 3853 Ἀποκτείνει
1451 3796 1672 3860 τούτους
1718 3796 1826 3868 (86)

242 3899 270 3951 ὁ
322 3897 524 3968 Κύριος
566 3894 659 3959 οὒς
715 3895 987 3965 συγχωρεῖ
1034 3892 1128 3945 ἐπὶ
1185 3890 1318 3944 πολὺ
1365 3889 1732 3961 ἁμαρτάνειν·
1766 3890 1829 3941 ἐκ

244 3988 353 4060 γὰρ
383 3988 573 4042 τούτου
623 3986 911 4058 συμϐαίνει
960 3985 1129 4057 λήθην
1171 3983 1425 4053 γενέσθαι
1467 3981 1636 4036 Θεοῦ·
1697 4000 1715 4033 ‹
1741 3981 1825 4035 Ἐν

248 4079 359 4152 γὰρ
387 4079 465 4150 τῷ
489 4079 590 4151 ᾄδῃ
621 4081 705 4145 τίς
737 4077 1184 4150 ἐξομολογήσεται
1214 4093 1329 4142 σοι;
1358 4094 1377 4126 s

317 4171 428 4224 Kal
455 4169 524 4235 ἐξ
557 4168 707 4238 ἀρᾶς
734 4170 830 4222 καὶ
867 4168 1134 4237 ψεύδους
1159 4166 1658 4236 διαττελήσονται
1686 4180 1828 4219 συν-

244 4256 486 4325 τέλειαι,
515 4259 585 4312 ὲν
623 4257 766 4326 ὀργῇ
794 4259 1166 4325 συντελείας,
1194 4257 1292 4311 καὶ
1315 4260 1387 4311 οὐ
1406 4257 1493 4326 μὴ
1525 4256 1828 4324 ὑπάρξου-

244 4363 334 4416 σι,
366 4369 421 4405 κ.
441 4368 493 4405 τ.
518 4352 565 4405 ὲ.
621 4350 753 4422 Ἀρά
782 4352 875 4404 καὶ
903 4349 1107 4421 ξψεῦδος
1147 4350 1257 4421 (87)
1307 4350 1455 4403 αἰτία
1509 4349 1608 4419 τῆς
1638 4364 1827 4402 συντε-

244 4439 430 4507 λείας·
467 4443 543 4507 ὼς
588 4443 637 4495 εί
686 4441 762 4513 μὴ
790 4440 964 4496 ταῦτα
1004 4438 1093 4513 ἦν,
1135 4440 1257 4495 οὔτε
1301 4440 1438 4511 ὀργὴ
1485 4437 1607 4493 οὔτε
1640 4439 1824 4494 συντέ-

245 4531 369 4588 λεια
395 4531 484 4609 ἦν.

1854 2975 1895 3033 C
1930 2994 2107 3034 meum
2147 2987 2202 3032 et
2228 2978 2397 3032 vide?
2432 2997 2452 3031 ι

2042 3070 2313 3139 Ejusdem.
2374 3071 2707 3125 Ascendeuti
2780 3072 2923 3126 enim
2996 3086 3095 3142 per
3162 3088 3349 3127 sanam
3413 3074 3496 3128 vi-

1932 3172 2041 3217 tam
2106 3162 2175 3217 ad
2249 3161 2416 3217 Deum
2454 3203 2468 3229 ,
2540 3164 2785 3231 exsurgit
2849 3163 2903 3217 in
2971 3177 3258 3218 occursum
3328 3164 3492 3223 Deus.

1928 3254 1996 3308 Et
2041 3255 2097 3308 in
2154 3254 2449 3324 Evangelia
2495 3266 2649 3325 pater
2685 3256 2923 3310 occurrit
2977 3257 3274 3312 revertenti
3323 3258 3388 3312 ad
3437 3272 3496 3313 se

1932 3348 2063 3402 lilio.

2002 3437 2168 3491 Vens.
2202 3437 2255 3492 8.
2282 3433 2351 3489 Et
2376 3435 2586 3506 gladius
2610 3435 2666 3490 in
2716 3436 2870 3490 labiis
2891 3452 3094 3502 eorum,
3131 3448 3236 3494 etc.
3271 3438 3492 3494 Gladius

1929 3539 2015 3585 est
2047 3531 2099 3582 in
2128 3529 2285 3583 labiis
2306 3528 2760 3583 heterodoxorum
2789 3530 2880 3598 qui
2909 3529 3228 3599 blaSphema
3256 3539 3310 3584 et
3333 3531 3497 3599 impia

1931 3624 2147 3677 docent.

2002 3718 2165 3773 Vens.
2215 3718 2305 3771 12.
2353 3715 2436 3773 Ne
2467 3718 2677 3772 occidas
2705 3732 2816 3783 eos,
2862 3713 3134 3784 nequando
3182 3711 3495 3765 obliviscan-

1932 3818 2019 3863 tur
2063 3811 2192 3880 legis
2241 3819 2385 3875 tuae,
2447 3821 2553 3865 etc.
2590 3810 2714 3865 lllos
2764 3808 2968 3863 occidit
3013 3805 3307 3870 Dominus,
3362 3818 3497 3872 quos

1930 3901 2067 3954 sinit
2124 3899 2351 3953 multum
2411 3914 2663 3969 peccare.
2720 3898 2857 3952 Hinc
2912 3897 3055 3951 enim
3122 3894 3297 3949 oritur
3355 3892 3495 3947 obli-

1930 3992 2017 4045 vio
2085 3990 2211 4047 Dei.
2276 3989 2412 4045 Nam
2476 4008 2496 4043 ι
2571 3990 2629 4044 In
2704 3991 2916 4044 inleruo
2974 3988 3099 4057 quis
3154 3985 3499 4041 conﬁtebitur

1933 4084 2028 4139 tibi
2067 4084 2109 4115 °‘
2134 4085 2158 4138 ‘i
2201 4102 2222 4135 ι

2006 4170 2171 4226 Vens.
2210 4171 2296 4235 i5,
2326 4171 2414 4228 M.
2452 4170 2520 4224 Ει
2550 4171 2613 4225 de
2629 4169 2990 4225 exsecratione
3026 4176 3074 4222 et
3104 4167 3374 4221 mendacio
3407 4183 3499 4220 an-

1932 4264 2318 4316 nuntiabuntur
2362 4264 2857 4323 consummationes,
2882 4261 2937 4313 in
2970 4259 3051 4312 ira
3084 4258 3500 4311 consummatio-

1935 4353 2038 4416 m's,
2083 4361 2132 4405 et
2176 4368 2280 4406 non
2312 4362 2484 4415 erunt,
2507 4361 2615 4406 etc.
2649 4350 3147 4405 Consummationis
3175 4364 3338 4403 causa
3373 4356 3500 4403 sunt.

1936 4444 2245 4499 exsecratio
2275 4452 2330 4498 et
2361 4443 2722 4499 mendacium.
2759 4440 2890 4495 Nam
2928 4442 2972 4495 si
3001 4441 3118 4495 haec
3154 4455 3269 4495 nouv
3288 4448 3497 4507 essent,

1937 4535 2124 4605 utique
2152 4550 2257 4591 non
2289 4545 2434 4591 esset
2464 4535 2543 4590 ira
2574 4550 2673 4591 nec
2692 4535 3108 4590 consummatio.

818 4711 1110 4766 ΨΑΛΜΟΣ
1136 4711 1264 4766 NG’.

331 4806 394 4861 '0
421 4806 586 4874 Θεὸς,
609 4804 827 4861 ἀπώσω
859 4804 1033 4875 ἡμᾶς,
1069 4821 1122 4856 κ.
1149 4821 1200 4855 τ.
1229 4804 1276 4855 ὲ.
1314 4801 1400 4866 Ὧς
1434 4803 1499 4856 ὲκ
1529 4803 1824 4875 προσώπου

2471 4715 2790 4771 PASLMUS
2841 4714 2977 4770 LIX.

2011 4805 2175 4863 Vens.
2208 4804 2266 4861 5.
2302 4803 2469 4871 Deus,
2500 4805 2734 4875 repulisti
2784 4822 2899 4868 nos,
2945 4813 3051 4859 etc.
3100 4803 3381 4874 Tanquam
3431 4822 3498 4860 ex

254 4899 367 4971 (88)
395 4898 505 4953 τῶν
542 4896 808 4952 Ἰουδαίων
856 4894 1005 4965 σφῶν
1052 4894 1323 4965 ἀποϐολὴν
1355 4893 1532 4948 αὐτῶν
1562 4896 1711 4965 δηλοῖ
1745 4896 1826 4949 διὰ

1954 4911 2168 4964 >ετεοηο
2220 4897 2526 4953 «Ιιιόαξοι-υηι
2590 4898 2941 4967 rejectionem
2991 4911 3180 4951 eorum
3230 4896 3503 4965 significat

247 4991 344 5047 τοῦ
393 4993 567 5046 εἰπεῖν
588 5007 603 5022 ·
666 5008 685 5041 ι
706 4989 765 5042 '0
792 4987 946 5054 Θεὸς,
974 4985 1181 5041 ἀπώσω
1215 4987 1383 5058 ἡμᾶς,
1440 4987 1535 5041 καὶ
1585 4986 1826 5052 καθεῖλες

1954 4990 2189 5060 licendo,
2227 5009 2247 5042 ι
2284 4989 2452 5056 Deus,
2483 4990 2728 5059 repulisti
2755 5003 2870 5053 nos,
2901 4996 2957 5043 et
2980 4987 3292 5044 destruxisti
3321 5002 3440 5053 nos,
3473 5005 3496 5040 ι

320 5111 366 5143 ’ν
398 5110 461 5165 ιι.
499 5109 639 5164 Tim.
681 5123 757 5174 tv,
803 5107 856 5161 7.
933 5107 979 5138 ⁸ο
1026 5104 1182 5162 .Ioan.
1218 5121 1270 5161 Vl
1294 5147 1310 5173 ,
1346 5107 1434 5161 14.
1509 5106 1552 5138 ⁶¹
1588 5105 1731 5161 Psal.
1773 5121 1847 5174 vr,
1876 5104 1926 5164 6.

322 5230 434 5302 (78)
472 5230 526 5284 Ὀ
557 5230 807 5296 δίκαιος,
835 5237 956 5302 etc.
982 5228 1148 5302 Iidem
1169 5242 1301 5302 mss.

321 5297 434 5373 (79)
460 5302 562 5356 Διὰ
586 5303 673 5373 τό,
703 5311 810 5356 etc.
848 5298 1031 5355 Codex
1047 5297 1423 5373 Coislinianus
1453 5297 1744 5373 secundus.

325 5365 436 5443 (80)
472 5365 857 5440 Ἐθήρευοναν,
891 5378 997 5425 etc.
1038 5365 1244 5425 Catena
1276 5367 1519 5424 Corderii
1555 5378 1609 5423 et
1651 5368 1821 5424 codex

252 5442 617 5499 Coislittiantts
641 5444 928 5497 secundus.

328 5512 435 5583 (8|)
467 5512 519 5564 '0
542 5512 758 5583 λέγων,
791 5522 901 5567 etc.
926 5511 1105 5583 Codex
1135 5508 1520 5583 Coi_slinianus.

328 5580 438 5650 (82)
479 5584 600 5637 Οὐκ
626 5580 780 5649 ἔστι,
809 5591 918 5638 etc.
949 5580 1176 5636 Schedee
1205 5581 1405 5637 Grabii

331 5654 441 5724 (83)
465 5653 558 5718 Τίς
577 5652 711 5720 ἄρα,
743 5663 848 5709 etc.
883 5652 1116 5707 Eaedem.

2006 5228 2118 5301 (84)
2146 5228 2231 5294 Τῷ
2256 5228 2368 5299 γὰρ
2394 5229 2794 5291 ἀναϐαίνοντι,
2826 5234 2928 5280 etc.
2965 5224 3201 5279 Eaedem.

2002 5321 2115 5394 (85)
2156 5320 2457 5391 Ῥομφαία,
2488 5329 2594 5375 etc.
2626 5320 2804 5374 Codex
2830 5317 3191 5373 Coislinianus
3207 5309 3498 5367 secundus.

2002 5412 2111 5487 (86)
2160 5414 2513 5467 Ἀποκτείνει
2561 5413 2834 5477 τούτους,
2881 5419 2988 5464 etc.
3032 5408 3257 5463 Scltedte
3286 5404 3499 5459 Grabii.

2001 5505 2113 5574 (87)
2159 5503 2289 5571 Ἀρὰ
2340 5503 2437 5557 καὶ
2486 5502 2732 5572 ψεῦδος,
2763 5514 2868 5561 etc.
2904 5502 3087 5557 Codex
3136 5498 3501 5555 Coislinianus

1930 5576 2249 5714 “(35"‘331;
2268 5645 2335 5699 ὲκ
2359 5644 2701 5713 προσώπου,
2728 5652 2837 5699 etc.
2864 5642 3064 5699 Catena
3089 5640 3353 5697 Corderii.
