3970 6160
488 209 630 269 1479

1871 196 1963 272 Ex
2002 196 2307 255 OBIGEXE

3675 198 3795 255 “$1

487 331 597 398 vel,
642 330 794 401 juxta
847 327 1256 399 Symmachum,
1310 346 1329 379 ι
1365 326 1603 398 rejecisti
1660 341 1779 394 nos,
1829 334 1885 378 et
1918 323 2064 377 exci-

2187 322 2334 394 ἱμάς,
2367 341 2386 374 ι
2440 321 2495 392 ἢ,
2544 319 2688 376 κατά
2734 320 3058 393 Σύμμαχον,
3111 336 3135 372 c
3162 318 3458 373 ἀπεϐάλου
3483 319 3682 389 ἡμεῖς,
3720 338 3797 374 ιι

488 417 617 472 σΙίειί
670 430 768 471 nos
826 432 898 469 τι
932 415 1076 485 quod
1130 414 1346 468 illorum
1403 413 1674 470 excidium
1735 411 2067 467 manifestat.

491 508 697 564 Deinde
738 508 1037 578 subiungit,
1074 525 1094 559 ι
1129 507 1306 562 Iratus
1351 523 1433 574 es,
1481 518 1536 562 et
1584 508 1837 562 misertus
1871 522 1931 561 es
1970 522 2070 562 no-

489 596 605 662 bis;
641 614 661 649 ι
688 597 985 653 secundum
1012 597 1263 666 Aquilam
1295 611 1445 663 vero,
1480 615 1499 648 ι
1539 596 1854 665 Indignatus
1885 607 2071 651 trans-

488 689 700 746 vertiin
750 703 870 746 nos.
908 707 927 741 ι
972 688 1127 744 Ηιιιιο
1160 691 1335 760 ipsqu
1385 700 1566 745 autem
1612 704 1919 744 sermonem
1983 705 2072 745 re-

490 796 610 837 rum
677 790 906 835 eventus
962 782 1135 849 magis
1180 781 1496 851 comprobat
1552 798 1567 837 :
1628 782 1895 850 siquidem
1950 790 2072 851 post

494 869 792 922 adventum
832 867 1134 924 Salvatoris
1165 869 1266 922 ista
1314 870 1459 939 passi
1494 881 1638 925 sunt.
1674 872 1900 938 Quando
1924 872 2071 925 enim

490 958 575 1014 ira
612 974 780 1030 super
827 961 979 1032 ipsos
1009 965 1178 1025 venit,
1212 962 1266 1017 in
1319 964 1477 1016 tinem
1514 964 1741 1033 repulsi,
1783 966 2070 1032 destructi,

492 1053 681 1123 rejecti
718 1064 885 1122 atque
928 1055 1099 1110 excisi
1131 1065 1187 1110 et
1219 1056 1539 1112 circumacti
1570 1068 1723 1126 sunt,
1758 1060 1984 1129 dispersi
2020 1060 2071 1114 in

490 1161 686 1204 omnes
718 1157 928 1220 gentes.

566 1243 732 1298 Vens.
759 1243 815 1296 4.
846 1242 991 1298 Sana
1044 1245 1388 1299 contritiones
1420 1249 1557 1313 ejus,
1599 1257 1710 1301 etc.
1745 1246 1886 1300 Mota
1924 1248 2073 1301 enim

494 1342 555 1387 et
593 1348 622 1387 a
664 1334 881 1403 propria
920 1334 1200 1389 mansione
1231 1349 1296 1390 ac
1340 1344 1484 1389 statu
1536 1335 1767 1390 decussa
1820 1337 2073 1406 praedicta

495 1434 645 1479 terra
692 1424 1050 1480 contritiones
1094 1434 1147 1479 et
1185 1425 1409 1480 vulnera
1452 1427 1693 1496 accepit;
1745 1437 2077 1497 quapropter

495 1518 691 1573 deinde
726 1517 927 1573 dicitur
971 1535 986 1571 :
1036 1535 1055 1571 t
1093 1516 1390 1575 Ostendisti
1418 1520 1616 1590 populo
1653 1529 1748 1574 tuo
1775 1521 1932 1574 dura.
1970 1539 1989 1572 ι

568 1699 732 1757 Vens.
766 1703 819 1758 5.
855 1701 1150 1756 Ostendisti
1178 1700 1375 1771 popqu
1401 1711 1492 1755 tuo
1534 1700 1698 1765 dura,
1722 1709 1827 1756 etc.
1870 1700 2072 1757 Osten-
2105 1681 2150 1737 Β

501 1794 702 1850 duntur
742 1795 903 1850 alicui
949 1795 1107 1857 dura,
1140 1808 1266 1849 cum
1292 1782 1368 1848 ‘in
1407 1792 1756 1849 diﬂicultates
1787 1795 2073 1857 inciderit;

500 1902 621 1957 qua:
651 1886 869 1958 quando
903 1888 1026 1957 quis
1058 1886 1258 1957 accipit
1308 1886 1364 1941 in
1415 1887 1796 1956 penitentiam
1830 1889 2076 1956 priorum

502 1983 845 2050 delictorum,
867 1984 1054 2037 vinum
1089 1979 1524 2050 compunctionis
1554 1978 1720 2050 738
1763 1980 1922 2044 bibit,
1949 1995 2078 2034 cau-

502 2090 618 2129 sam
655 2074 1090 2145 compunctionis
1120 2074 1185 2128 dc
1216 2072 1584 2143 resipiscentia
1612 2088 1854 2127 sumens.
1895 2072 2077 2128 Multis

500 2177 684 2221 autem
726 2166 1023 2235 Scriptura:
1072 2165 1208 2221 locis
1251 2166 1387 2220 meri
1432 2167 1653 2219 nomine
1688 2180 1776 2220 res
1808 2167 1978 2221 duras
2023 2176 2078 2221 et

502 2260 757 2314 molestas
783 2259 1054 2329 designat,
1082 2269 1141 2313 ut
1169 2260 1220 2313 in
1262 2260 1366 2314 isto
1395 2282 1406 2316 :
1441 2276 1461 2310 ι
1500 2257 1653 2311 Calix
1677 2258 1729 2312 in
1766 2274 1933 2313 manu
1962 2260 2070 2313 Do-

505 2351 637 2407 tninl
694 2351 807 2406 vini
858 2352 997 2406 meri
1040 2351 1106 2406 ⁶².
1155 2370 1175 2404 ι
1232 2352 1376 2405 Dura
1429 2366 1646 2419 quoque
1682 2352 1871 2406 eodem
1918 2356 2078 2409 modo

500 2441 771 2509 nominat,
803 2457 911 2512 quo
954 2444 1006 2497 in
1045 2443 1253 2513 psalmo
1292 2444 1507 2498 decimo
1545 2453 1700 2497 sexto
1733 2443 1848 2499 vias
1890 2444 2077 2511 duras,

500 2534 688 2588 dicens
726 2552 740 2588 :
782 2553 803 2587 ι
842 2533 1073 2605 Propter
1115 2536 1281 2589 verba
1316 2535 1581 2589 labiorum
1615 2545 1828 2589 tuorum
1865 2549 1964 2605 ego
1987 2552 2079 2589 cu-

501 2627 699 2681 stodivi
731 2627 850 2681 vias
895 2628 1064 2682 duras
1097 2627 1163 2680 “.
1214 2645 1233 2679 ι
1268 2627 1346 2681 Ibi
1376 2626 1643 2696 siquidem
1674 2628 1773 2681 via:
1807 2627 1958 2680 dum
1983 2641 2080 2697 ap-

500 2717 776 2788 pellantur
821 2718 1073 2783 virtutes,
1109 2733 1174 2774 eo
1211 2717 1529 2787 quod-cum
1566 2717 1765 2771 sudore
1814 2716 1985 2771 nmlto
2014 2730 2079 2771 ac

503 2811 690 2865 labore
735 2810 1132 2879 perﬁciantur:
1168 2810 1260 2865 hic
1290 2822 1421 2865 vero
1464 2808 1600 2863 vidit
1635 2806 1868 2878 populus
1909 2808 2078 2874 ‘dura,

504 2908 631 2957 dum
661 2901 925 2957 molestiis
957 2902 1294 2957 exercitatus
1334 2907 1440 2955 est.

578 2991 746 3049 Vins.
777 2991 831 3045 6.
866 2991 1069 3045 Dedisti
1114 2992 1467 3045 metuentibus
1516 3001 1564 3046 te
1611 2991 2078 3062 signiﬁcationem,
2107 3029 2151 3088 ο

504 3091 611 3140 etc.
638 3083 747 3139 Nos
776 3084 1019 3152 quidem,
1065 3083 1265 3152 inquit,
1298 3093 1523 3152 propter
1551 3083 1886 3153 impietatem
1914 3099 2075 3152 quam

2187 3103 2239 3139 κ.
2281 3105 2330 3140 τ.
2370 3088 2416 3140 έ.
2472 3089 2662 3158 Ἡμεῖς
2701 3088 2799 3159 μὲν
2848 3087 2979 3158 (91),

505 3174 754 3236 fecimus,
780 3173 950 3242 puniti
980 3187 1187 3235 sumus;
1213 3173 1305 3241 qui
1336 3182 1515 3225 autem
1540 3172 1735 3225 timent
1766 3181 1837 3233 te,
1865 3172 2078 3241 signum

462 3310 467 3317 .
506 3275 855 3334 receperunt,
896 3264 1029 3318 illud
1060 3264 1316 3318 videlicet
1344 3265 1396 3318 in
1421 3280 1529 3333 quo
1564 3265 1762 3334 signati
1787 3280 1994 3327 sumus,
2023 3272 2086 3319 ut

507 3359 757 3429 supplicii
788 3367 1040 3428 expertes
1076 3367 1283 3413 essent.
1316 3357 1491 3426 Hujus
1531 3372 1661 3412 vero
1701 3357 1838 3427 signi
1868 3359 2085 3429 symbo-

508 3452 619 3507 lum
651 3460 769 3508 crat
819 3430 1041 3523 sanguis
1090 3465 1355 3522 pecorum
1385 3465 1494 3520 quo
1550 3451 1696 3505 uncti
1733 3458 1861 3505 sunt
1900 3462 2085 3510 postes

508 3547 815 3602 domorum.

1051 3722 1374 3780 PSALMUS
1421 3722 1537 3779 LX.

578 3816 747 3874 Vsus.
790 3818 844 3872 '5.
873 3816 918 3870 Α
946 3818 1138 3887 finibus
1172 3828 1328 3873 terra:
1356 3819 1425 3872 ad
1469 3829 1520 3871 te
1546 3817 1794 3881 clamavi,
1827 3828 1933 3873 etc.
1977 3820 2080 3887 Qui

509 3912 566 3967 in
611 3912 905 3980 semetipso
936 3913 1103 3965 sentit
1125 3922 1387 3976 quantum
1419 3911 1640 3966 deficiat
1667 3926 1696 3965 a
1728 3912 2081 3981 perfectione,

510 4003 637 4057 dum
671 4001 987 4055 considerat
1015 4001 1136 4071 quis
1164 4000 1435 4069 perfectus
1462 4002 1553 4068 sit,
1582 4011 1637 4054 et
1669 4003 1720 4055 in
1748 4002 2084 4057 orationibus

2169 413 2425 483 διέκοψας
2466 416 2613 483 ἡμᾶς
2638 435 2657 466 ι
2708 414 2844 485 ὅπερ
2888 413 3043 484 δηλοῖ
3086 411 3285 466 αὑτῶν
3330 410 3438 481 τὴν
3483 411 3797 479 ἀποκοπή..

2173 500 2283 557 Εἶτ’
2322 503 2593 572 ὲπιλέγει’
2638 525 2655 556 ι
2678 504 2989 577 Ὠργίσθης,
3026 504 3125 558 καὶ
3156 501 3527 573 ᾠκτείρησας
3562 503 3753 571 ἡμᾶς·
3782 524 3795 553 ι

2171 597 2314 651 κατὰ
2354 598 2412 651 δὲ
2443 597 2533 650 τὸν
2572 597 2802 651 Ἀκύλαν
2825 616 2840 630 ·
2896 616 2916 649 t
2939 597 3235 668 Θυμωθεὶς
3285 594 3700 668 μετέστρεςνας
3746 599 3801 665 ῆ-

2176 692 2303 761 μᾶς.
2332 709 2349 742 ι
2391 690 2592 745 Τοῦτον
2623 691 2681 744 δὲ
2732 690 2934 762 μᾶλλον
2980 690 3074 744 τὸν
3114 690 3288 759 λόγον
3319 691 3356 759 ή
3392 688 3517 741 τῶν
3543 690 3804 759 πραγξιέ.

2170 800 2280 836 των
2305 783 2530 847 ἕκὸασις
2556 783 2883 856 παρίστησι·
2921 783 3061 854 μετὰ
3088 783 3227 852 γοῦν
3260 781 3377 854 τὴν
3410 780 3521 834 τοῦ
3552 782 3799 851 Σωτῆρος

2176 875 2475 945 παρουσίαν
2520 876 2691 928 ταῦτα
2739 875 3062 929 πεπόνθασι.
3113 876 3251 928 Ὅτε
3283 874 3409 946 γὰρ
3446 872 3700 941 ἔφθασεν
3724 876 3799 924 ‘sz‘

2176 965 2374 1030 αὐτοὺς
2422 969 2454 1038 ἡ
2483 967 2643 1038 ὀργὴ,
2672 969 2750 1031 είς
2776 967 2930 1031 τέλος
2970 966 3319 1039 ἀπὼσθησαν
3344 966 3456 1020 καὶ
3492 966 3799 1036 καθῃρέθη

2175 1075 2295 1122 σαν,
2325 1060 2419 1112 καὶ
2441 1059 2846 1131 ἀπεϐλήθησαν,
2875 1059 3209 1130 διεκόπησάν
3256 1076 3323 1112 τε
3362 1058 3473 1112 καὶ
3505 1056 3799 1130 ιιιι-εριήχθτ,⁸

2178 1166 2300 1215 σαν,
2335 1151 2846 1224 διασκορπισθέντες
2876 1155 2958 1216 είς
2988 1153 3166 1206 πάντα
3192 1151 3266 1204 τὰ
3291 1151 3464 1222 ἔθνη.

2249 1251 2448 1302 "lavat
2487 1246 2560 1301 τὰ
2604 1247 3018 1316 συντρίμματα
3059 1244 3279 1310 αὐτῆς,
3339 1262 3401 1297 κ.
3432 1262 3493 1297 τ.
3525 1244 3579 1297 ἐ.
3642 1244 3796 1311 Κινη-

2177 1340 2329 1395 θεῖσα
2365 1337 2475 1410 (89)
2503 1337 2633 1409 γάρ,
2682 1338 2778 1391 καὶ
2824 1336 3144 1390 σαλευθεῖσα
3188 1336 3296 1405 τῆς
3347 1334 3589 1399 οἰκείας
3646 1334 3797 1404 μνᾶς

2177 1431 2272 1484 καὶ
2319 1430 2581 1491 στάσεως,
2631 1427 2665 1498 ἡ
2712 1426 3069 1498 προλεχθεῖσα
3112 1425 3183 1495 γῆ
3239 1424 3675 1494 συντρίμματα
3715 1423 3797 1473 12':

2175 1521 2466 1596 τραύματα
2512 1520 2809 1590 ἐκτήσατοο
2849 1518 3040 1589 διόπερ
3073 1513 3202 1587 ἑξῆς
3241 1516 3523 1584 λέγεταν
3590 1533 3611 1567 ι
3638 1513 3798 1566 Ἔδει-

2181 1611 2276 1679 ξας
2306 1612 2385 1683 τῷ
2410 1611 2523 1682 λαῷ
2555 1628 2648 1663 σου
2684 1608 2915 1679 σκληρά.
2947 1628 2964 1659 ι

2250 1705 2526 1771 Ἕδειξας
2555 1705 2635 1770 τῷ
2672 1703 2801 1769 λαῷ
2844 1718 2961 1757 σου
2993 1701 3255 1769 σκληρὰ,
3292 1717 3354 1754 κ.
3381 1718 3440 1755 τ.
3468 1700 3521 1753 έ.
3594 1698 3799 1751 Asiaen-

2176 1796 2266 1850 ταί
2299 1796 2410 1867 (90)
2432 1813 2539 1850 τινι
2569 1795 2802 1866 σκληρὰ,
2826 1797 2953 1849 ὅταν
2980 1794 3266 1855 ἐπιπόνοις
3298 1791 3608 1862 περιπέσῃ
3627 1807 3642 1818 ·
3674 1791 3798 1857 Ξπερ

2177 1891 2244 1946 ἄν
2273 1907 2356 1954 τις
2410 1890 2630 1960 δέξηται
2664 1892 2756 1944 ἐπὶ
2810 1889 3149 1960 μετάγνωσιν
3185 1887 3504 1958 προτέρων
3558 1887 3800 1955 ἁμαρτη-

2182 1983 2386 2054 μάτων,
2413 1978 2556 2036 οἷνον
2584 1980 2928 2049 κατανύξεως
2963 1980 3127 2044 πίνει,
3160 1979 3357 2033 αἰτίαν
3396 1978 3503 2031 τοῦ
3537 1975 3798 2031 κατανύει

2176 2075 2365 2129 τεσθαι
2405 2076 2496 2128 ἐπὶ
2546 2075 2804 2146 μετανοίᾳ
2860 2073 3173 2145 λαμϐάνων.
3237 2071 3552 2141 Πολλιχοῦ
3604 2070 3665 2122 δὲ
3714 2069 3796 2135 τῆς

2179 2170 2401 2242 Γραφῆς
2453 2169 2677 2241 ἀκράτῳ
2713 2169 2993 2239 ὁμωνυμεῖ
3035 2166 3103 2219 τὰ
3138 2164 3370 2234 σκληρὰ
3413 2162 3496 2216 τὰ
3547 2177 3797 2233 περισυ-

2175 2258 2339 2312 τικάο
2388 2259 2465 2322 ὡς
2496 2262 2553 2312 ὲν
2593 2258 2691 2329 τῷ,
2731 2277 2748 2309 ι
2778 2257 3040 2329 Ποτήριον
3088 2258 3146 2309 ὲν
3193 2255 3352 2326 χειρὶ¹
3403 2254 3639 2323 Κυρίου
3671 2251 3795 2305 oin

2180 2352 2443 2424 ἀκράτου.
2474 2371 2492 2403 ι
2544 2352 2859 2422 Ὀμωνυμεῖ
2882 2350 2939 2403 δὲ
2966 2349 3037 2403 τὰ
3060 2347 3283 2419 σκληρὰ
3314 2349 3455 2409 ταῖς
3484 2345 3793 2417 εἰρημέναις

2181 2442 2448 2514 σκληραῖς
2479 2442 2618 2506 ὁδοῖς
2651 2444 2709 2495 ὲν
2742 2442 3114 2511 ἑκκαιδεκάτῳ
3137 2438 3378 2510 ψαλμῷ,
3405 2437 3604 2500 οὕτως
3622 2453 3639 2466 ο
3676 2456 3693 2485 ι
3714 2434 3793 2487 Διὶ

2180 2536 2307 2599 τοὺς
2356 2535 2549 2604 λόγους
2596 2534 2706 2588 τῶν
2752 2534 2974 2606 χειλέων
3018 2550 3111 2586 σου
3163 2532 3279 2602 ἐγὼ
3334 2530 3611 2599 ἐφύλαξα
3662 2528 3795 2587 όᾱϋς

2180 2627 2440 2697 σκληράς.
2475 2647 2492 2679 ι
2541 2628 2687 2681 Ἐκεῖ
2717 2628 2814 2699 μὲν
2870 2626 2979 2698 γάρ
3028 2625 3135 2678 ὁδοὶ
3167 2624 3425 2693 σκληραὶ
3459 2622 3719 2694 εἴρηνται
3747 2618 3788 2671 αἱ

2180 2720 2376 2791 ἀρεταὶ
2403 2719 2491 2773 διὰ
2532 2719 2592 2773 τὸ
2617 2720 2716 2773 σὺν
2753 2719 2935 2791 ἱδρῶτι
2968 2716 3146 2788 πολλῷ
3175 2716 3274 2768 καὶ
3302 2716 3470 2786 πόνῳ
3504 2710 3786 2784 κατορθώ-

2182 2819 2304 2865 συαι
2334 2812 2537 2875 αὐτάς·
2573 2810 2805 2865 ἐνταῦθα
2827 2810 2883 2864 δὲ
2909 2806 3045 2863 εἶδεν
3078 2811 3106 2863 ὁ
3132 2808 3265 2872 λαὸς
3296 2806 3563 2879 σκληρά,
3612 2819 3786 2875 smpe-

2186 2902 2335 2967 σθεὶς
2361 2902 2707 2956 κακωτικῶν.

2256 2993 2526 3061 Ἕὸωκας
2604 2993 2730 3060 τοῖς
2800 2992 3192 3064 φοϐουμένοις
3264 3006 3348 3045 σε
3430 2990 3779 3060 metiatur.

3034 3087 3189 3158 φησὶ,
3241 3085 3421 3155 δι’ἥν
3474 3084 3779 3156 ἐπράξαμεν

2183 3176 2518 3241 δυσσέϐειαν,
2549 3178 2971 3251 τετιμωρήμεθα
2992 3195 3006 3208 ·
3048 3180 3096 3231 οί
3141 3177 3199 3230 δὲ
3237 3175 3594 3247 φοϐούμενοί
3620 3192 3675 3228 σε
3706 3191 3775 3243 σῃ·

2190 3271 2339 3339 μεῖον
2379 3269 2645 3337 ἐδέξαντο,
2686 3271 2865 3342 (δῆλον
2891 3270 2947 3324 δὲ
2978 3271 3059 3323 ὅτι
3101 3273 3157 3323 ἐν
3188 3263 3233 3337 ᾧ
3267 3264 3771 3338 ἐσφραγίσθημενἼ

2183 3362 2333 3427 ὅπως
2356 3364 2537 3435 πάσης
2561 3364 2890 3434 κολαπικῆς
2912 3364 3180 3434 τιμωρίας
3200 3361 3308 3427 ἔξω
3336 3362 3618 3430 γένοιντο.
3654 3357 3772 3410 Toti-

2184 3470 2278 3507 του
2309 3454 2365 3508 δὲ
2405 3457 2500 3509 τοῦ
2539 3456 2767 3528 σημείου
2798 3456 2968 3519 τύπος
2997 3451 3067 3525 ἦν
3111 3454 3177 3507 τὸ
3222 3455 3282 3506 ὲν
3307 3456 3437 3516 ταῖς
3470 3453 3657 3523 φλιαῖς
3681 3450 3771 3503 cini

2188 3548 2479 3619 προϐάτων
2507 3551 2564 3604 ὲν
2596 3550 2855 3621 Αἰγύπτῳ
2882 3548 3165 3622 χριόμενον
3198 3541 3360 3617 αἷμα.

2780 3728 3075 3785 ΨΑΛΜΟΣ
3106 3726 3180 3781 ει.

2274 3822 2417 3876 Ἀπὸ
2446 3822 2565 3875 τῶν
2592 3821 2862 3891 περάτων
2893 3818 3004 3889 τῆς
3038 3817 3151 3890 τῆς
3176 3816 3330 3886 πρὸς
3353 3817 3432 3870 σὲ
3457 3814 3759 3884 ἐκέκραξα,

2187 3933 2243 3971 κ.
2269 3933 2318 3969 τ.
2347 3917 2392 3968 ἑ.
2429 3917 2488 3969 Ὃ
2513 3913 2896 3985 αἰσθανόμενος
2918 3912 3027 3985 (9‘2)
3056 3910 3247 3965 ἑαυτοῦ
3270 3914 3329 3965 ιν
3358 3911 3510 3973 ὅσοις
3535 3909 3756 3962 λείπεται

2188 4013 2287 4082 τῆς
2311 4010 2668 4082 τελειότητος,
2712 4011 2770 4062 ὲν
2800 4006 2877 4077 τῷ
2917 4009 3056 4060 νοεῖν
3083 4005 3167 4066 τίς
3193 4007 3222 4057 ὁ
3255 4002 3486 4064 τέλειος,
3518 4003 3617 4055 καὶ
3643 4002 3755 4054 άνα-

507 4095 792 4158 elevatus,
839 4094 1009 4159 dicit,
1070 4112 1089 4146 ι
1152 4093 1398 4159 Exaudi,
1450 4094 1610 4158 Deus,
1652 4095 2079 4163 deprecationem

2192 4108 2372 4181 φέρων
2402 4109 2459 4161 ὲν
2502 4110 2621 4170 ταῖς
2653 4107 2858 4177 εὐχαῖς,
2894 4102 3023 4176 περὶ
3050 4101 3237 4156 τούτου
3276 4099 3425 4167 λέγει
3456 4098 3540 4161 τὸ,
3586 4117 3603 4147 ι
3646 4098 3751 4149 Εἰσ-

509 4202 712 4252 meam,
747 4205 766 4238 ι
801 4188 1145 4242 exaudietur.
1176 4188 1406 4249 Quando
1438 4202 1573 4242 vero
1602 4189 1950 4256 imperfectus
1977 4205 2079 4243 non

2192 4202 2481 4263 άκουσον,ὁ
2508 4198 2767 4269 Θεὸς,τῆς
2787 4195 3019 4268 δεήσεως
3062 4211 3185 4266 μου,
3211 4211 3230 4243 ι
3264 4189 3745 4261 εἰσακουσθήσεται.

509 4283 679 4338 sentit
699 4298 762 4337 ea
797 4281 996 4351 quibus
1023 4282 1249 4352 indiget,
1276 4284 1457 4338 oratio
1487 4284 1608 4355 ejus
1638 4285 1781 4349 silet,
1813 4285 2085 4341 clamante

512 4376 606 4432 illo
658 4375 749 4445 qui
798 4379 999 4442 sentit,
1039 4385 1095 4430 et
1138 4377 1489 4447 semetipsum
1545 4379 1656 4433 Deo
1688 4379 2079 4449 perliciendum

514 4469 702 4525 tradit.
2040 4480 2044 4487 '

580 4563 709 4619 lato.
748 4562 884 4617 Dum
933 4564 1243 4617 cruciaretur
1286 4580 1377 4617 cor
1427 4581 1621 4629 meum,
1668 4578 1774 4621 etc.
1824 4569 2093 4624 Anxiatur

513 4657 656 4709 enim
706 4670 835 4710 vere
855 4666 911 4710 et
948 4657 1101 4726 quasi
1146 4655 1331 4710 dellcit
1374 4658 1555 4712 omnis
1589 4660 1769 4714 anima
1803 4661 1912 4716 Deo
1955 4662 2092 4717 ami-

511 4762 597 4815 ca,
631 4749 756 4802 dum
788 4750 840 4802 in
877 4751 1088 4805 mortali
1122 4752 1221 4806 hac
1250 4753 1359 4806 vita
1388 4767 1757 4811 commoratur
1788 4775 1802 4822 ;
1835 4760 2090 4813 anxiatur

511 4849 691 4895 autem
716 4852 771 4894 et
800 4842 982 4897 delicit
1009 4845 1176 4900 etiam
1219 4861 1330 4915 pra:
1369 4848 1865 4919 commiseratione,
1899 4854 2084 4908 videns

512 4932 910 4990 multitudinem
935 4952 1125 4993 eorum
1150 4942 1241 5007 qui
1268 4950 1515 5008 pereunt.
1535 4940 1704 5011 Luget
1728 4945 1894 4999 etiam
1922 4945 2088 5015 pluri-

511 5044 633 5085 mos
694 5045 881 5085 eorum
930 5032 1020 5102 qui
1072 5042 1230 5086 antea
1272 5044 1662 5102 peccaverunt,
1714 5047 1769 5089 et
1814 5053 1918 5091 non
1957 5054 2085 5108 ege-

514 5123 1034 5192 runtpmuiteutiam
1075 5138 1172 5188 pro
1200 5134 1449 5192 peccato,
1485 5133 1540 5178 ct
1570 5125 1879 5194 iniquitate,
1920 5138 2086 5197 atque

512 5213 834 5284 impietate,
886 5230 1048 5285 quam
1098 5214 1386 5284 fecerant,
1437 5215 1896 5286 quemadmodum
1949 5218 2082 5276 fecit

580 5355 627 5389 "
651 5354 793 5410 Psal.
831 5369 1014 5422 Lxxtv,
1048 5354 1102 5410 9.
1180 5355 1226 5387 ⁸³
1249 5354 1392 5413 Psal.
1429 5369 1543 5421 ενι,
1574 5353 1631 5408 4.

585 5496 697 5568 (89)
716 5500 1057 5567 Κινηθεῖσα,
1082 5508 1187 5554 etc.
1214 5499 1435 5554 Eadem.

586 5570 695 5641 (90)
725 5572 1052 5641 Δείκνυται,
1085 5583 1187 5625 etc.
1229 5570 1448 5641 Eadem:

587 5631 695 5700 σοι)
726 5641 914 5708 Ἡμεῖς
922 5640 1060 5708 μέν,
1078 5651 1185 5698 ctc.
1209 5642 1389 5697 Codex
1414 5635 1777 5695 Coisliniauus
1792 5631 2088 5722 secundus.

2195 4294 2364 4347 Ὅταν
2400 4292 2457 4345 δὲ
2480 4293 2509 4345 ὁ
2538 4290 2733 4361 ἀτελὴς
2761 4287 3077 4356 ἀναισθητεῖ
3120 4279 3194 4338 ὧν
3227 4286 3375 4336 ἐστιν
3407 4282 3609 4351 ἐνδεὴς,
3642 4297 3746 4332 σιω-

2193 4391 2269 4461 πᾷ
2301 4387 2463 4443 αὑτοῦ
2501 4389 2534 4458 ή
2567 4387 2773 4457 δέησις,
2817 4384 2911 4437 τοῦ
2960 4378 3373 4453 αἰσθανομένου,
3406 4379 3502 4432 καὶ
3531 4377 3745 4448 ἐμπαρέ-

2189 4499 2375 4552 χοντος
2405 4480 2592 4535 ἑαυτὸν
2614 4478 2690 4549 τῷ
2711 4475 2828 4547 Θεῷ
2857 4478 2935 4539 εἰς
2963 4473 3023 4527 τὸ
3053 4472 3424 4542 τελειωθῆναι,
3457 4470 3744 4543 βοήσαντος.

2271 4577 2374 4629 Ἐν
2423 4573 2503 4639 τῷ
2553 4570 2876 4639 ἁκηδιᾶσαι
2929 4566 3045 4634 τὴν
3090 4565 3343 4633 καρδίαν
3383 4582 3528 4633 μου,
3568 4582 3616 4616 κ.
3639 4563 3740 4615 “at.

2201 4666 2424 4738 Ἀκηδιᾷ
2468 4664 2576 4734 (95)
2625 4663 2732 4735 γάρ
2782 4661 2858 4725 ὡς
2913 4658 3128 4729 άληθῶς
3178 4658 3272 4710 καὶ
3321 4656 3580 4728 άδημονεῖ
3618 4657 3738 4708 πᾶσι)

2192 4756 2449 4828 θεοφιλὴς
2478 4755 2644 4826 ψυχὴ,
2690 4752 2768 4824 τῷ
2802 4750 2981 4821 θνητῷ
3021 4747 3433 4819 ἐνδιατρίϐουσα
3635 4747 3735 4815 datr;

2193 4852 2282 4924 διᾷ
2306 4851 2361 4905 δὲ
2394 4851 2485 4903 καὶ
2524 4849 2786 4919 ἁδημονεῖ
2813 4846 2907 4899 καὶ
2935 4842 3023 4896 διὰ
3064 4840 3499 4912 φιλανθρωπίαν,
3532 4840 3589 4893 τὺ
3628 4838 3733 4906 πλῆ-

2194 4945 2285 5009 θος
2313 4942 2420 4997 τῶν
2450 4938 2833 5011 ἀπολλυμένων
2886 4934 3129 5006 θεωρῶν.
3180 4931 3376 4986 Πενθεῖ
3404 4932 3464 4984 δὲ
3517 4931 3602 4984 καὶ
3636 4928 3735 4983 πολ-

2192 5037 2316 5101 λοὺς
2362 5034 2469 5089 τῶν
2501 5030 3028 5106 προημαρτηκότων,
3062 5027 3155 5080 καὶ
3205 5026 3280 5098 μὴ
3329 5024 3733 5096 μετανοησάντων

2193 5128 2286 5182 ἐπὶ
2330 5129 2396 5199 τῇ
2443 5125 2710 5198 ἁμαρτίᾳ,
2746 5122 2840 5176 καὶ
2869 5120 3090 5191 ἀνομίᾳ,
3126 5117 3221 5170 καὶ
3268 5116 3515 5187 ἀσεϐείᾳ,
3598 5115 3731 5183 ἐπρι-

2188 5222 2306 5291 ξαν,
2343 5221 2531 5292 ὥσπερ
2574 5216 2668 5273 οὖν
2697 5216 2793 5271 καὶ⁵
2838 5217 2867 5268 ὁ
2900 5212 3064 5267 Δαυτδ
3088 5228 3102 5242 ⁸
3135 5209 3214 5264 διὸ
3266 5210 3431 5273 αὐτὸς
3483 5209 3577 5279 μὲν
3598 5207 3729 5277 ἔφυγε

2269 5493 2382 5566 (92)
2415 5492 2469 5566 '_0
2487 5491 2947 5566 αιαθανόμειρος,
2969 5498 3079 5543 etc.
3106 5485 3311 5546 Catena
3334 5484 3592 5544 Cordet'ii.

2270 5561 2383 5638 (95)
2418 5562 2672 5632 Ἁκηδιᾷ,
2703 5575 2807 5618 etc.
2841 5561 3060 5616 Eadem.

3906 4492 3914 4563 l

3911 4600 3913 4685 γ
