3970 6160
269 195 419 254 “8|

1263 173 1585 253 SELEC‘I'A
1624 197 1693 254 lN
1724 194 2063 255 pSALMos.
2101 226 2171 236 —
2208 194 2404 250 PSAL.
2444 192 2557 251 Lx.

3429 187 3571 246 ηεξ

262 317 342 370 τὰ
386 316 544 390 μέσα
588 318 690 390 τῆς
735 316 858 390 γῆς,
909 317 1003 373 καί
1048 316 1106 371 ἐν
1139 309 1331 380 ἄκροις
1362 313 1546 373 αὑτῶν
1592 319 1882 391 γενόμενος

2002 317 2149 373 etiam
2183 315 2376 372 David.
2425 313 2637 369 Idcirco
2666 309 2885 383 quidem
2919 307 3059 379 fugit
3104 306 3224 364 loca
3256 306 3431 363 media
3459 318 3572 365 ter-

265 407 414 461 ἐϐόα
443 410 592 483 πρὸς
622 409 714 463 τὸν
732 405 866 462 Θεόν
886 425 898 436 ·
937 408 1030 462 ἐπὶ
1070 406 1127 462 δέ
1177 403 1244 477 τῇ
1273 401 1383 458 τῶν
1424 408 1636 463 πολλῶν
1666 410 1760 464 καὶ
1796 409 1887 463 αὑ-

263 500 372 554 τοῦ
426 502 532 557 τοῦ
586 503 761 559 Σαοὺλ
804 501 1050 575 ἀπωλείᾳ
1074 540 1089 568 ,
1139 498 1239 572 τὴν
1284 497 1463 573 ψυχὴν
1508 504 1722 572 ἀλγῶν,
1775 503 1885 556 ὰπ-

265 591 564 647 εκλαίετο.

364 682 474 736 Ἐν
524 682 714 753 πέτρᾳ
763 682 1020 753 ὕψωσάς
1038 700 1136 753 με,
1171 700 1226 737 κ.
1252 701 1303 737 τ.
1341 685 1388 738 ὲ.
1443 684 1656 754 Πέτραν
1687 682 1889 763 σημαί-

265 770 481 826 νεσθαι
510 773 625 845 (94)
673 772 1003 843 ἑκδεξόμεθα
1042 773 1269 844 ῥέουσαν
1311 772 1678 845 πνευματικὸν
1713 772 1886 843 πόμα,

265 863 374 918 τὸν
413 865 660 939 Χριστόν
688 882 851 935 φημι.
902 865 963 917 '0
1001 867 1060 917 ἐν
1086 866 1256 939 ταύτῃ
1276 867 1344 938 τῇ
1371 864 1549 937 πέτρᾳ
1575 863 1885 933 γενόμενος,

268 954 362 1027 τῷ
402 956 662 1027 μετέχειν
685 955 855 1026 αὐτῆς
889 954 1147 1027 (ὑπάρχει
1190 956 1300 1028 γὰρ
1329 975 1348 1007 ι
1374 956 1555 1026 σοφία,
1578 957 1674 1010 καὶ
1694 954 1891 1009 δικαιο-

274 1050 459 1123 σύνη,
507 1051 602 1105 καὶ
630 1049 897 1122 άγιασμός
936 1048 983 1121 ι)
1024 1048 1431 1121 μετεωρίζεται·
1447 1048 1589 1103 κατὰ
1616 1049 1708 1103 τὸν
1740 1047 1887 1112 νοῦν,

274 1141 435 1212 ὑψού
445 1159 609 1214 μενος
642 1140 748 1196 ὑπὸ
779 1141 875 1195 τοῦ
900 1140 1059 1194 Θεοῦ.
1102 1142 1215 1195 Καὶ
1252 1142 1300 1195 οἱ
1335 1140 1568 1195 ἕπεσθαι
1590 1139 1648 1193 δὲ
1672 1140 1750 1212 τῷ
1773 1142 1888 1195 Σω-

275 1236 426 1308 τῆρι
450 1235 797 1308 προθέμενοι,
824 1233 966 1289 κατὰ
987 1234 1085 1298 τὰς
1102 1233 1267 1288 αὑτοῦ
1282 1233 1596 1305 προτροπὰς
1618 1231 1886 1302 λέγοντος,

287 1344 312 1377 ι
338 1326 520 1381 Δεῦτε
549 1326 724 1381 ὀπίσω
762 1343 885 1398 μου,
907 1347 924 1377 ι
950 1325 1129 1397 ὁδηγῷ
1150 1323 1300 1396 αὑτῷ
1338 1323 1635 1397 χρώμενοι,
1668 1325 1768 1395 τῆς
1793 1328 1891 1379 αὑ-

281 1420 397 1491 τῆς
428 1419 715 1490 ἐπάρσεως
744 1416 1082 1481 κοινωνοῦσι,
1108 1418 1210 1472 οὑκ
1239 1416 1395 1472 ἄλλον
1425 1416 1744 1481 ἐλπίσαντες
1771 1419 1892 1488 ἡγε-

288 1513 450 1583 μόνα
492 1514 744 1585 εὑρήσειν
786 1512 885 1583 τῆς
916 1511 1155 1582 ἀγούσης
1187 1510 1323 1579 πρὸς
1346 1510 1439 1565 τὸν
1472 1511 1686 1564 πάντων
1719 1510 1890 1564 αἴτιον

282 1605 447 1660 ὁδοῦ.
476 1605 693 1677 Ταύτης
723 1604 824 1675 τῆς
852 1604 1061 1676 δωρεᾶς
1084 1602 1262 1674 τυχὼν
1296 1603 1391 1656 καὶ
1423 1601 1608 1669 Δαυίδ,
1635 1601 1753 1674 μεθ’
1788 1602 1892 1674 ῦμ-

1995 424 2094 474 raa,
2141 417 2197 464 et
2243 409 2294 462 in
2349 404 2790 461 extremitatibus
2845 411 3117 456 terrarum
3171 399 3447 456 clamabat
3503 403 3571 457 ad

1995 498 2205 562 Deum;
2254 497 2324 553 ob
2358 496 2718 568 plurimorum
2759 508 2889 549 vero
2933 502 3097 563 atque
3139 493 3275 548 adeo
3320 494 3390 548 ob
3429 493 3574 548 Sau-

1994 592 2063 647 lis
2082 606 2296 662 quoque
2316 589 2485 660 ipsius
2511 588 2792 643 interitum
2821 585 3059 640 animam
3085 594 3368 655 torquens,
3386 584 3573 642 flebat.

2067 682 2137 738 In
2166 693 2315 753 petra
2344 679 2592 736 exaltuti
2621 694 2728 742 me,
2755 686 2862 735 etc.
2912 676 3072 732 Petra
3110 675 3461 747 intelligenda
3488 686 3574 733 est

1998 773 2087 831 illa
2118 789 2239 844 qua:
2272 772 2504 829 stillavit
2548 781 2735 840 potum
2786 769 3111 838 spiritalem,
3164 768 3442 824 Christum
3492 770 3573 824 in-

1997 882 2181 938 quam.
2211 865 2312 933 Qui
2351 865 2404 917 in
2436 863 2542 917 hac
2572 871 2724 932 petra
2750 860 2937 923 fuerit,
2965 860 3140 928 ipsam
3192 862 3573 932 participando

1999 961 2107 1030 (est
2129 959 2273 1014 enim
2303 975 2322 1009 ι
2355 955 2645 1026 sapientia,
2669 965 2724 1010 et
2746 954 2958 1022 justitia
2984 964 3039 1010 et
3058 955 3426 1012 sanctificatio
3450 956 3497 987 “
3525 954 3574 1027 ι)

1998 1050 2293 1107 secundum
2353 1057 2589 1101 mentem
2643 1046 3004 1112 sublimatur,
3061 1062 3092 1100 a
3147 1047 3256 1103 Deo
3306 1046 3575 1103 elevatus.

1997 1142 2262 1199 Caeterum
2317 1139 2371 1193 hi
2430 1138 2524 1207 qui
2578 1136 2928 1193 Salvatorem
2976 1152 3191 1209 quoque
3238 1139 3393 1209 sequi
3443 1154 3576 1211 pro-

1999 1235 2305 1307 posuerint,
2355 1232 2514 1302 juxta
2553 1234 2882 1289 monitiones
2922 1231 3043 1301 ejus
3089 1231 3344 1299 dicentis,
3398 1248 3421 1285 ι
3474 1230 3577 1288 Ve-

2000 1328 2115 1383 nite
2166 1335 2290 1396 post
2328 1341 2419 1382 me
2454 1325 2522 1391 “,
2563 1343 2584 1377 ι
2640 1325 2780 1381 duce
2831 1326 2949 1395 ipso
2992 1323 3097 1387 usi,
3140 1322 3382 1395 ejusdem
3427 1323 3577 1381 exal-

2000 1422 2220 1478 talionis
2285 1422 2587 1493 participes
2645 1430 2807 1483 sunt,
2865 1433 2971 1475 non
3049 1420 3218 1475 alium
3290 1427 3578 1491 sperantes

1999 1513 2165 1585 739
2200 1514 2441 1584 reperire
2476 1513 2668 1568 ducem
2699 1513 2800 1567 viae
2841 1527 2966 1583 qua
2996 1512 3147 1568 ducit
3178 1513 3246 1567 ad
3298 1522 3577 1569 auctorem

1998 1609 2402 1661 universorum.
2446 1604 2560 1662 Hoc
2594 1605 2795 1659 donum
2828 1619 3045 1675 quoque
3093 1605 3263 1660 David
3312 1620 3579 1661 consecu-

285 1715 393 1752 νου
422 1697 679 1770 λέγειτῷ
709 1697 916 1770 Κυρίῳ·
965 1714 986 1747 ι
1031 1696 1332 1768 Ὠδήγησάς
1367 1711 1455 1766 με,
1500 1695 1581 1749 ὃτι
1628 1694 1893 1768 ἐγενήθης

2002 1706 2103 1761 lus,
2130 1713 2254 1753 cum
2287 1697 2490 1770 hymno
2514 1696 2645 1754 dicit
2678 1696 2942 1753 Domino:
2980 1715 3001 1749 ι
3024 1694 3312 1754 ’ὒειίυιίειί
3339 1715 3426 1756 me
3451 1701 3578 1770 quia

292 1791 465 1855 ἐλπίς
496 1807 616 1862 μου·
653 1809 672 1843 ι
720 1791 781 1843 οὑ
816 1789 975 1861 μόνον
1009 1789 1069 1843 δὲ
1119 1789 1333 1861 όδηγὸς,
1367 1787 1505 1842 ἀλλὰ
1550 1788 1646 1842 καὶ
1684 1786 1896 1860 πύργος

289 1883 539 1954 γέγονάς
598 1900 689 1955 μοι
736 1882 845 1937 ἀπὸ
890 1879 1182 1954 προσώπου
1223 1879 1439 1952 ἐχθροῦ·
1497 1880 1558 1933 σέ
1599 1879 1709 1953 γὰρ
1744 1882 1897 1952 ἰσχὺν

294 1976 471 2047 ἔχων,
508 1977 603 2031 καὶ
638 1975 821 2047 ἰσχύος
865 1973 1093 2048 πύργον,
1126 1973 1370 2046 ἀϐλαϐὴς
1408 1973 1673 2046 διέμεινα·
1719 1974 1897 2029 καίτοι

293 2067 406 2123 τοῦ
441 2066 635 2139 ἐχθροῦ
667 2066 1025 2137 τυγχάνοντος
1047 2055 1485 2139 ἀντιπροσώπου,
1514 2067 1608 2120 καὶ
1640 2064 1897 2137 πολεμεῖν

300 2159 576 2225 θέλοντος.
605 2161 839 2213 Δύναται
857 2159 1133 2232 ἀναφορὰν
1161 2158 1305 2230 ἔχειν
1332 2160 1412 2223 εἰς
1436 2160 1518 2225 τὸ,
1556 2179 1576 2211 ι
1608 2158 1717 2215 ἀπὸ
1738 2176 1904 2231 προσ-

297 2250 463 2305 ώπου
524 2248 739 2322 ἐχθροῦ,
783 2268 802 2302 ι
853 2249 948 2303 καὶ
979 2249 1059 2315 τὸ,
1112 2269 1131 2302 ι
1167 2249 1458 2321 ώδῆγησάς
1520 2265 1608 2320 με,
1653 2268 1672 2301 ι
1722 2247 1899 2320 εἰρμῷ

296 2343 556 2414 τοιούτῳ·
594 2342 894 2415 Ὠδήγησάς
930 2359 997 2414 με
1022 2341 1130 2397 ἀπὸ
1164 2341 1455 2414 προσώπου
1497 2340 1714 2414 ἐχθροῦ,
1745 2339 1901 2404 ἐλπίς

303 2450 419 2506 μου
457 2434 853 2506 γεγενημένος·
886 2435 1024 2493 ἀλλὰ
1058 2434 1155 2489 καὶ
1194 2433 1404 2507 πύργος
1442 2433 1627 2505 ἰσχύος
1661 2431 1798 2505 πρὸς
1836 2431 1900 2486 τὸ

298 2527 654 2600 ὼδηγηκέναι
691 2544 782 2597 με,
812 2526 920 2581 ἀπὸ
949 2527 1243 2598 προσώπου
1271 2524 1467 2598 ἐχθροῦ
1499 2525 1732 2595 γέγονάς
1783 2542 1897 2597 μοι.

315 2617 512 2681 Ἐλπὶς
542 2617 651 2673 τῶν
684 2618 854 2686 ἁγίων
884 2616 1111 2688 ἀληθινὴ
1142 2617 1236 2671 καὶ
1264 2616 1605 2680 ἀδιάπτωτος
1628 2619 1656 2670 ό
1684 2617 1896 2689 Σωτήρ·

301 2710 441 2780 περί
460 2703 521 2763 οὗ
540 2726 673 2781 φησι
705 2708 936 2773 Παῦλος·
964 2727 983 2761 ‹
1017 2708 1125 2762 Καὶ
1160 2708 1335 2779 Ἰησοῦ
1362 2706 1599 2781 Χριστοῦ
1625 2709 1726 2780 τῆς
1746 2706 1901 2766 ἐλπί-

302 2802 399 2866 δος
429 2802 605 2873 ἡμῶν·
652 2820 672 2853 ι
699 2802 794 2856 καὶ
822 2803 855 2872 ἡ
894 2800 1217 2873 προφητεία·
1261 2818 1283 2853 ι
1327 2801 1446 2855 Ἐπ’
1470 2801 1621 2874 αὐτῷ
1648 2801 1775 2876 ἔθνη
1807 2802 1900 2858 ἑλ-

306 2894 548 2949 πιοῦσιν.
605 2914 624 2946 ι
684 2894 855 2958 Αὐτὸς
906 2894 1015 2963 γὰρ
1065 2895 1094 2946 ὀ
1141 2893 1626 2965 προαναφωνηθείς
1681 2893 1899 2948 ἔσεσθαι

307 2987 486 3043 ἐθνῶν
516 2987 835 3059 προσδοκία.
863 2988 1126 3058 Παροικεῖ
1154 2987 1211 3041 δέ
1230 3004 1315 3051 τις
1340 2987 1646 3052 τελειωθεὶς
1672 2990 1731 3041 ἐν
1751 2989 1902 3057 ἁγιό-

210 3068 213 3071 λ
307 3096 437 3150 τητι
469 3080 551 3142 εἰς
570 3080 694 3143 τοὺς
717 3078 919 3142 αἰῶνας
944 3079 1001 3132 ἐν
1044 3078 1237 3151 ἐκείνῳ
1273 3077 1351 3150 τῷ
1380 3077 1717 3151 σκηνώματι·
1752 3080 1781 3132 ὃ
1808 3080 1903 3153 δη-

310 3169 399 3224 λοῖ
423 3170 504 3235 τὸ,
540 3189 559 3222 ι
598 3168 695 3234 Τίς
720 3171 1133 3242 κατασκηνώσει
1154 3174 1212 3226 ἐν
1237 3171 1350 3243 ὄρει
1377 3171 1519 3242 άγίῳ
1550 3187 1678 3238 σου;
1719 3191 1738 3225 ι
1761 3172 1903 3226 Δίώ-

309 3277 427 3315 νιον
458 3261 568 3332 γάρ
593 3260 752 3315 τοῦτο
780 3260 973 3315 ταυτὸν
999 3261 1059 3315 ὃν
1084 3263 1149 3334 τῇ
1186 3264 1381 3335 σκηνῇ,
1417 3264 1484 3334 ἢν
1510 3262 1710 3334 ἔπηξεν
1738 3266 1767 3317 ό
1790 3263 1903 3318 Κύ-

315 3369 452 3425 ριος,
483 3352 578 3407 καὶ
598 3352 699 3406 οὐκ
726 3350 822 3406 ἄνθ
831 3370 1029 3425 ρωπος.
1049 3352 1196 3425 Πλὴν
1217 3355 1267 3406 εἰ
1290 3354 1385 3407 καὶ
1409 3352 1552 3407 οὑτω
1565 3352 1903 3425 τελειότητος

312 3442 428 3514 ἔχει
454 3445 489 3516 ἡ
519 3442 743 3515 τοιαύτη
779 3443 976 3516 σκηνὴ,
999 3443 1075 3507 ὡς
1096 3444 1191 3497 κα)⁴
1215 3444 1382 3512 Ἀγια
1413 3444 1584 3513 ἁγίων
1607 3438 1767 3507 εἶναι,
1785 3446 1899 3500 ἀλλ’

316 3532 413 3590 οὑν
445 3538 562 3590 ἐστι
592 3537 709 3606 μετ’
734 3534 903 3607 αὐτὴν
936 3536 1270 3600 κατάστασις
1306 3536 1649 3607 ὑπερέχουσα
1679 3536 1787 3590 τῶν
1818 3537 1904 3591 λο-

314 3629 509 3700 γικῶν,
536 3629 661 3685 καθ’
695 3632 761 3702 ἢν
789 3630 1001 3686 ἔσονται
1027 3633 1085 3686 ἐν
1109 3631 1282 3702 Πατρὶ
1310 3630 1404 3684 καὶ
1446 3629 1579 3703 Υἱῷ,
1618 3629 1816 3702 μᾶλλον
1843 3630 1903 3685 δὲ

311 3724 381 3794 τῇ
409 3722 618 3795 Τριόιδι·
648 3721 729 3776 διὸ
779 3726 1061 3795 παροικεῖν
1099 3724 1181 3787 είς
1227 3722 1355 3786 τοὺς
1384 3722 1607 3787 αἰῶνας,
1670 3723 1785 3777 ἀλλ’
1837 3724 1900 3777 οὑ

313 3816 588 3869 κατοικεῖν
619 3817 677 3869 ἐν
707 3814 783 3886 τῷ
815 3813 1132 3886 σκηνώματι
1160 3811 1393 3885 εἴρηται.
1444 3813 1502 3868 ’0
1530 3814 1589 3866 ἐν
1618 3811 1792 3884 τούτῳ
1824 3812 1901 3884 τῷ

312 3907 448 3979 οἴκῳ
478 3907 717 3978 γεγονὼς
735 3905 1174 3979 σκεπασθήσεται
1195 3907 1254 3960 ἐν
1278 3904 1466 3978 τῇτῶν
1491 3906 1777 3978 πτερύγων
1804 3906 1899 3960 τοῦ

314 3997 452 4051 Θεοῦ
481 3999 678 4072 σκέπῃ.

392 4088 662 4156 Ἐδωκας
685 4088 1088 4158 κληρονομίαν
1118 4083 1242 4155 τοῖς
1271 4088 1681 4158 φοϐουμένοις,
1698 4105 1753 4141 κ.
1780 4104 1831 4141 τ.
1850 4088 1897 4142 ἐ.

318 4179 577 4244 Πλούσιος
607 4180 715 4251 γὰρ
765 4180 876 4252 (95)
908 4177 1006 4245 ὢν,
1047 4181 1202 4252 φησὶ,
1253 4179 1349 4234 καὶ
1398 4180 1641 4251 μεγάλας
1694 4178 1901 4251 δωρεὰς

318 4269 596 4341 παρέχεις·
635 4269 833 4341 μᾶλλον
863 4270 920 4323 δὲ
939 4269 1294 4342 χαριζόμενος
1323 4272 1435 4334 τοῖς
1449 4269 1671 4334 τελείοις
1692 4268 1789 4322 ἀνθ
1799 4267 1901 4340 ρώ-

1998 1789 2177 1846 factus
2207 1805 2270 1846 es
2299 1806 2425 1861 spes
2462 1805 2620 1846 mea:
2654 1809 2675 1845 ι
2721 1805 2830 1845 non
2871 1789 3045 1845 solum
3086 1797 3264 1846 autem
3294 1792 3398 1846 dux
3425 1830 3441 1856 ,
3483 1792 3579 1846 sed

1999 1882 2161 1938 etiam
2188 1882 2355 1939 turris
2385 1882 2564 1938 factus
2588 1898 2650 1938 es
2685 1882 2814 1936 mihi
2845 1895 2875 1934 a
2901 1881 3042 1937 facie
3076 1881 3321 1938 inimici:
3352 1892 3404 1938 te
3432 1882 3578 1937 enim

1999 1973 2372 2031 fortitudinem
2416 1973 2625 2029 habens
2669 1981 2726 2027 et
2760 1971 3097 2027 fortitudinis
3128 1973 3344 2034 turrim,
3377 1971 3580 2028 illaesus

1999 2066 2304 2137 permensi;
2341 2065 2557 2121 tametsi
2584 2066 2836 2121 inimicus
2857 2074 3001 2121 esset
3024 2076 3152 2122 ante
3179 2064 3371 2122 faciem
3401 2080 3579 2121 meam

1999 2170 2056 2215 et
2095 2172 2414 2229 oppugnare
2458 2172 2544 2213 me
2595 2156 2780 2213 vellet.
2834 2155 3019 2211 Potest
3046 2154 3242 2211 referri
3291 2156 3359 2212 ad
3404 2155 3579 2221 illud,

2005 2268 2026 2304 ι
2056 2265 2090 2306 a
2124 2250 2286 2308 faci‘e.
2313 2251 2542 2315 inimici,
2570 2268 2591 2303 ι
2626 2250 2793 2307 etiam
2829 2250 2998 2316 istud,
3036 2268 3056 2302 ι
3085 2250 3357 2306 deduxisti
3390 2264 3479 2306 me
3502 2288 3521 2315 ,
3553 2267 3576 2303 ι

2001 2343 2095 2400 tali
2129 2344 2470 2401 connexione
2494 2363 2507 2397 :
2529 2344 2808 2400 Deduxisti
2846 2359 2932 2399 me
2962 2358 2991 2398 a
3024 2343 3163 2399 facie
3197 2341 3425 2407 inimici,
3453 2358 3581 2414 spes

2002 2450 2121 2491 mea
2152 2434 2370 2502 factus;
2418 2436 2514 2491 sed
2556 2444 2613 2491 et
2645 2436 2811 2492 turris
2847 2435 3182 2491 fortitudinis
3211 2436 3279 2489 ad
3309 2435 3584 2490 deducen-

2000 2528 2128 2583 dum
2164 2543 2251 2584 me
2277 2568 2294 2595 ,
2332 2542 2363 2582 a
2402 2527 2542 2582 facie
2571 2528 2777 2584 inimici
2811 2527 2945 2581 mihi
2982 2526 3154 2583 fuisti.
3192 2527 3328 2597 Spes
3355 2535 3580 2582 sancto-

2001 2634 2122 2675 rum
2148 2634 2277 2675 vcra
2306 2629 2361 2675 et
2383 2618 2702 2675 indeficiens
2727 2628 2811 2673 est
2836 2617 3119 2682 Salvator;
3154 2619 3221 2673 de
3244 2632 3354 2687 quo
3379 2616 3582 2674 Paulus

2002 2711 2115 2767 ait:
2152 2730 2172 2765 ι
2200 2711 2269 2767 Et
2316 2711 2516 2768 Christi
2557 2710 2686 2768 Iesu
2718 2705 2834 2781 spei
2867 2719 3069 2767 nostra
3095 2710 3175 2775 ἐς
3206 2729 3226 2763 ι
3258 2721 3316 2765 et
3347 2709 3584 2779 prophe-

2003 2805 2076 2860 tia
2107 2826 2119 2860 :
2159 2823 2180 2856 ι
2207 2803 2265 2859 In
2298 2803 2415 2873 ipso
2445 2813 2638 2875 gentes
2665 2802 2964 2874 sperabunt
2988 2802 3053 2857 ⁸⁷.
3085 2821 3105 2856 ι
3128 2802 3245 2873 ipse
3271 2801 3414 2857 enim
3444 2816 3579 2872 pra!-

2002 2894 2286 2950 nnntiatus
2306 2903 2391 2950 est
2412 2893 2542 2950 fore
2570 2896 2813 2967 gentium
2841 2895 3203 2965 exspectatio.
3219 2893 3391 2948 Porro
3419 2893 3578 2947 inha-

2003 2987 2143 3044 bitat
2186 2986 2390 3057 aliquis
2436 2986 2713 3058 perfectus
2752 2988 2805 3042 in
2855 2987 3145 3041 sanctitate
3184 2987 3237 3040 in
3291 2984 3487 3040 saecula
3523 2983 3580 3039 in

2003 3077 2097 3134 illo
2130 3078 2521 3136 tabernaculo:
2563 3080 2710 3151 quod
2740 3078 2985 3135 declarat
3031 3079 3175 3134 istud
3201 3121 3217 3145 ,
3267 3097 3287 3131 ι
3320 3078 3455 3145 Quis
3488 3091 3577 3131 re-

2004 3170 2253 3240 quiescet
2281 3170 2337 3224 in
2370 3180 2554 3226 monte
2604 3180 2798 3227 sancto
2844 3180 2935 3225 tuo
2966 3170 3051 3224 “2
3080 3190 3100 3222 ι
3133 3169 3403 3225 Saeculum
3433 3171 3578 3225 enim

2003 3263 2133 3320 illud
2162 3264 2304 3319 idem
2340 3271 2424 3319 est
2464 3264 2612 3333 quod
2644 3263 3054 3319 tabernaculum
3081 3302 3098 3328 ,
3130 3262 3275 3333 quod
3308 3262 3430 3317 fixit
3475 3263 3583 3317 Do-

2003 3359 2205 3421 minus,
2235 3364 2289 3410 et
2322 3371 2430 3410 non
2467 3356 2654 3412 homo.
2686 3355 2953 3411 Caeterum
2987 3355 3031 3411 si
3075 3357 3237 3410 etiam
3274 3355 3580 3410 istiusmodi

2004 3447 2411 3503 tabernaculum
2473 3457 2679 3503 tantam
2745 3448 2997 3503 habuerit
3042 3446 3471 3517 perfectionem,
3523 3456 3583 3500 ut

2005 3539 2203 3597 Sancta
2230 3551 2544 3598 sanctorum
2579 3541 2692 3606 sit,
2726 3542 2915 3611 utique
2955 3550 3078 3611 post
3133 3540 3265 3595 illud
3295 3550 3379 3596 est
3407 3550 3584 3596 status

2004 3634 2344 3691 rationabilis
2377 3635 2790 3701 transcenderis,
2815 3634 3110 3689 secundum
3142 3648 3304 3702 quem
3336 3643 3498 3689 erunt
3526 3634 3581 3686 in

2003 3727 2169 3783 Patre
2197 3735 2254 3782 et
2278 3726 2438 3792 Filio,
2479 3728 2588 3782 imo
2620 3727 2800 3796 potius
2826 3726 2880 3780 in
2908 3725 3217 3780 Trinitate:
3247 3734 3584 3796 quapropter

2002 3818 2312 3874 inhabitare
2342 3820 2395 3874 in
2427 3817 2650 3882 saecula,
2684 3833 2793 3871 non
2827 3825 3007 3871 autem
3038 3816 3291 3872 habitare
3315 3817 3368 3871 in
3405 3817 3583 3871 taber-

2003 3910 2197 3967 naculo
2222 3911 2424 3965 dictum
2455 3918 2557 3965 est.
2584 3908 2685 3976 Qui
2716 3909 2768 3963 in
2799 3908 2902 3963 hac
2924 3907 3087 3965 domo
3118 3907 3306 3975 fuerit,
3336 3908 3437 3963 sub
3460 3923 3581 3961 um.

1997 4001 2102 4057 bra
2129 4000 2340 4056 alarum
2378 4001 2471 4057 Dei
2500 4012 2833 4072 protegetur.

2072 4092 2241 4149 Vens.
2262 4092 2317 4147 6.
2350 4092 2551 4147 Dedisti
2574 4091 2933 4146 hwreditatem
2958 4089 3280 4157 timentibus,
3303 4099 3411 4145 etc.
3440 4089 3577 4144 Cum

2000 4187 2169 4252 enim,
2196 4185 2395 4257 inquit,
2423 4167 2574 4241 dives
2599 4186 2699 4248 sis,
2727 4200 2921 4254 magna
2946 4199 3167 4255 quoque
3194 4198 3416 4238 munera
3439 4198 3579 4252 prte-

1998 4280 2132 4334 bes:
2158 4278 2267 4333 imo
2290 4276 2602 4333 hominibus
2622 4276 2880 4348 perfectis
2906 4278 3120 4332 donans
3138 4276 3284 4333 filios
3306 4276 3400 4331 Dei
3434 4275 3575 4337 fieri,

318 4379 442 4426 ποις
477 4361 539 4415 τὸ
567 4361 817 4431 γενέσθαι
850 4379 944 4416 σου
975 4363 1142 4426 υἱοὺς,
1179 4361 1542 4434 κληρονομίαν
1578 4362 1763 4425 αὑτοῖς
1811 4359 1895 4413 δέ·

2002 4370 2375 4426 baereditatem
2407 4369 2540 4439 ipsis
2574 4369 2811 4425 tribuisti
2846 4387 2863 4424 :
2897 4369 2997 4425 etsi
3039 4369 3186 4424 enim
3231 4376 3579 4438 exspectetur

316 4454 516 4517 δωκας·
547 4456 595 4507 εἰ
624 4453 733 4522 γὰρ
764 4453 859 4506 καὶ
883 4452 1243 4525 προσδοκᾶται
1259 4452 1591 4525 δοθησομένη
1629 4454 1768 4524 μετὰ
1798 4452 1894 4525 τὴν

2003 4462 2250 4516 donanda
2290 4469 2412 4531 post
2437 4461 2893 4516 resurrectionem
2923 4461 2978 4514 in
3014 4459 3218 4516 saeculo
3248 4459 3469 4524 futuro;
3502 4468 3580 4514 at-

316 4546 609 4599 άνάστασιν
633 4546 691 4597 ἐν
712 4542 791 4615 τῷ
816 4543 1060 4614 μέλλοντι
1083 4542 1257 4598 αἰῶνι·
1294 4543 1431 4597 ἀλλά
1456 4560 1521 4611 γε
1548 4544 1628 4615 τῷ
1657 4543 1755 4616 ἤδη
1791 4544 1895 4613 ηὐ-

317 4636 615 4710 πρεπίσθαι
655 4636 859 4690 δέδοται
912 4639 1025 4701 τοῖς
1072 4639 1153 4700 εἰς
1184 4637 1354 4709 αὑτὴν
1402 4636 1545 4691 κατὰ
1578 4637 1768 4708 καιρὸν
1805 4637 1894 4692 τὸν

313 4727 501 4782 δέοντα
558 4727 972 4800 ἀχθησομένοις.
1006 4729 1116 4782 Καὶ
1148 4728 1227 4782 ἔτι
1275 4731 1387 4793 τοῖς
1435 4727 1789 4799 φοϐουμένοις
1834 4728 1894 4780 τὸ

315 4817 486 4892 ὄνομα
519 4819 682 4874 αὑτοῦ
712 4822 740 4873 ὁ
770 4820 901 4885 Θεὸς
928 4819 1293 4893 κληρονομίαν
1326 4821 1545 4875 ἔδωκεν.
1593 4822 1718 4876 Ἐάν
1749 4839 1834 4886 τις

314 4911 542 4984 διαφορὰ
597 4911 944 4983 φοϐουμένων
985 4912 1077 4965 τὸν
1107 4912 1240 4966 Θεὸν
1278 4912 1373 4966 καὶ
1404 4912 1464 4965 τὸ
1496 4912 1665 4983 ὄνομα
1702 4912 1891 4978 αὑτοῦ,

317 5005 679 5060 πιστευόντων
706 5004 854 5075 αὐτῷ
875 5006 968 5060 καὶ
991 5004 1069 5077 τῷ
1081 5006 1305 5077 ὀνόματι
1330 5004 1518 5075 αὑτοῦ,
1546 5009 1669 5061 ἐπεὶ
1696 5006 1895 5061 πολλά.-

315 5114 403 5161 κις
439 5096 674 5170 εἴρηται,
716 5097 1136 5170 ὑπώεεστέρους
1167 5095 1308 5153 εἶναι
1361 5102 1485 5165 τοὺς
1514 5098 1893 5162 οἰκειωθέντας

313 5192 379 5262 τῇ
412 5188 506 5243 τοῦ
540 5188 674 5244 Θεοῦ
728 5190 1087 5263 προσηγορίᾳ,
1128 5190 1234 5245 τῶν
1270 5191 1579 5246 ἑνωθέντων
1621 5190 1769 5263 αὑτῷ
1811 5190 1890 5263 τῷ

313 5279 450 5353 Θεῷ·
482 5282 583 5354 δρα
614 5281 689 5347 ώς
715 5282 937 5346 καὶτοῖς
959 5282 1311 5355 φοϐουμένοις
1341 5283 1433 5338 τὸν
1461 5284 1593 5338 Θεὸν
1619 5283 1827 5338 δέδοται
1853 5286 1888 5355 ἡ

2003 4563 2181 4609 tamen
2212 4569 2335 4609 cum
2380 4551 2705 4623 jampridem
2752 4562 3054 4622 praeparata
3104 4554 3196 4622 sit,
3232 4554 3357 4608 data
3396 4562 3483 4607 est
3511 4552 3578 4607 iis

2000 4648 2093 4717 qui
2124 4645 2269 4701 illam
2310 4654 2554 4715 tempore
2585 4654 2896 4715 opportuno
2937 4645 3139 4700 adituri
3169 4653 3315 4701 sunt.
3347 4642 3487 4711 Quin
3520 4654 3577 4700 et

2002 4738 2321 4794 timentibus
2356 4751 2555 4793 nomen
2594 4754 2752 4793 suum
2794 4738 2944 4793 dedit
2995 4738 3138 4794 Deus
3179 4738 3572 4794 baereditatem.

2004 4831 2061 4886 Si
2100 4830 2347 4900 quaedam
2394 4831 2467 4885 sit
2499 4828 2806 4887 dill'erentia
2846 4832 2994 4887 inter
3026 4832 3282 4887 timentes
3320 4829 3494 4885 Deum
3522 4842 3577 4885 ct

1998 4939 2198 4983 nomen
2235 4925 2352 4996 ejus
2376 4966 2392 4992 ,
2423 4925 2717 4981 credentes
2747 4924 2848 4995 ipsi
2883 4932 2939 4980 et
2987 4925 3194 4981 nomini
3246 4923 3365 4993 ejus
3394 4963 3411 4987 ,
3447 4939 3573 4979 cum

1996 5032 2143 5090 saepe
2166 5017 2371 5074 dictum
2409 5019 2504 5083 sit,
2537 5017 2656 5073 illos
2686 5018 2777 5088 qui
2812 5018 3236 5089 appellationem
3278 5017 3369 5072 Dei
3399 5016 3575 5086 parti-

1994 5113 2248 5183 ciparunt
2276 5111 2565 5168 inferiores
2585 5127 2703 5167 esse
2728 5114 2795 5168 iis
2823 5113 2913 5182 qui
2947 5113 3047 5182 ipsi
3083 5112 3197 5167 Deo
3228 5110 3364 5165 uniti
3407 5121 3569 5176 sunt;

1993 5204 2119 5260 vide
2148 5212 2208 5259 ut
2237 5205 2403 5260 etiam
2438 5204 2756 5260 timentibus
2782 5204 2950 5260 Deum
2983 5206 3104 5259 data
3137 5206 3210 5259 sit
3231 5203 3522 5258 litereditas
3553 5221 3570 5255 :

1995 5306 2122 5347 nam
2151 5292 2198 5346 si
2226 5291 2578 5348 inferioribus
2609 5293 2787 5365 gratia
2816 5295 2929 5350 hac
2955 5295 3170 5364 obtigit,
3198 5291 3369 5348 multo
3398 5293 3572 5364 magis

315 5373 665 5447 κληρονομία·
713 5378 761 5430 εἰ
806 5375 916 5448 γὰρ
964 5380 1076 5442 τοῖς
1107 5378 1516 5451 ὑποδεεστέροις
1543 5378 1822 5448 ὑπῆρκται
1855 5378 1890 5449 ή

2002 5383 2101 5441 illis
2126 5384 2223 5455 qui
2258 5384 2358 5441 hos
2391 5395 2672 5457 superant.

313 5464 473 5540 χάρις
494 5467 654 5539 αὕτη,
694 5467 871 5540 πολλῷ
902 5468 1065 5523 πλέον
1096 5473 1207 5535 τοῖς
1236 5469 1789 5542 ὑπεραναὸεὸηκόσιν.

381 5559 432 5596 ⁸⁸
455 5559 473 5614 l
500 5558 629 5614 Cor.
660 5575 702 5624 ι,
728 5560 817 5615 50.
893 5559 938 5594 ⁸³
980 5560 1172 5616 Matth.
1205 5578 1276 5628 tv,
1308 5563 1394 5619 19.
1471 5562 1517 5595 ⁸⁵
1546 5561 1564 5617 l
1591 5562 1731 5616 Tim.
1759 5577 1801 5622 ι,
1838 5561 1888 5615 Ι.

2002 5560 2022 5593 ⁷
2047 5557 2185 5615 Gen.
2216 5572 2362 5621 χιιι,
2396 5557 2482 5613 10.
2560 5557 2605 5590 ⁸⁸
2631 5557 2771 5614 Psal.
2802 5575 2916 5624 xw,
2950 5560 3000 5617 Ι.

387 5649 498 5721 (94)
515 5649 743 5720 Πέτραν
767 5653 1195 5722 στυιαινεσθαί,
1213 5663 1323 5708 etc.
1348 5654 1553 5712 Catena
1585 5652 1853 5711 Corderii.

711 5745 985 5807 Parnm.
1032 5745 1129 5807 Gn
1196 5747 1340 5809 XII.

2071 5647 2181 5721 (95)
2204 5649 2508 5715 HJOﬁO’tOC
2538 5647 2669 5719 γάρ,
2703 5659 2807 5708 etc.
2843 5651 3068 5709 Eadem.

3131 5746 3207 5802 k7
