3970 6160
388 165 528 220 1485

1735 159 1827 214 EX
1863 159 2164 215 ORIGENE
3549 162 3674 217 MSS

459 282 739 351 Ejusdem.
792 279 1089 352 Analogam
1146 277 1333 335 lsraeli
1381 277 1762 334 haereditatem
1830 278 1968 333 forte

2154 276 2265 331 Τοῦ
2307 277 2515 332 αὑτοῦ.
2551 278 2706 350 Τάχα
2737 276 2852 350 (96)
2885 278 3261 350 κληρονομίαν
3292 277 3398 349 τὴν
3425 277 3680 347 ἀνάλογον

387 379 535 436 dedit
567 377 822 432 Dominus
857 373 1178 428 timentibus
1208 386 1304 438 se;
1333 370 1540 428 Levitis
1568 379 1751 427 autem
1784 371 1969 427 analo-

386 487 508 545 gam
536 471 684 528 dedit
713 467 1059 539 diligentibus
1088 481 1167 522 se.

458 651 549 708 Sic
592 647 816 720 psallam
857 646 1059 701 nomini
1085 655 1196 714 tuo,
1224 656 1330 702 etc.
1367 646 1502 702 Cum
1531 646 1620 701 illa
1650 661 1772 716 quae
1808 662 1968 718 roga-

387 760 567 800 veram
603 758 631 796 a
690 749 742 796 te
783 741 1150 810 impetravero
1178 778 1193 804 ,
1227 739 1300 794 ita
1346 741 1550 810 gratias
1586 739 1749 812 740
1797 756 1967 812 agens

392 857 412 890 ι
445 837 711 908 psalmum
745 835 922 890 dicam
955 831 1163 887 nomini
1197 841 1312 898 tuo,
1343 851 1361 884 ι
1397 833 1762 904 operibusque
1789 845 1846 890 et
1877 849 1968 890 c0-

385 929 742 1002 gitationibus
775 943 838 983 ac
865 927 1047 982 verbis
1079 926 1235 981 bonis
1266 941 1390 981 eam
1425 942 1544 996 quae
1573 927 1706 982 mihi
1733 927 1964 998 obtigit,

385 1021 622 1079 nominis
655 1021 732 1076 tui
783 1019 1204 1089 appellationem
1240 1018 1556 1074 celebrabo.
1589 1019 1770 1090 Atque
1813 1020 1969 1074 insu-

382 1131 481 1187 per
514 1115 580 1169 de
615 1113 704 1168 die
733 1113 784 1166 in
817 1113 959 1168 diem
989 1127 1108 1180 quae
1133 1127 1389 1167 voveram
1421 1111 1670 1177 reddam,
1703 1112 1842 1168 sicut
1875 1111 1966 1167 Ja-

385 1209 488 1264 cob
518 1209 596 1262 ait
621 1230 632 1262 :
659 1225 679 1258 ‹
710 1206 766 1260 Si
796 1205 1005 1260 dederit
1031 1205 1162 1259 mihi
1192 1205 1330 1258 Deus
1357 1219 1550 1273 panem
1581 1204 1648 1259 ad
1677 1205 1968 1260 comeden-

384 1302 536 1368 dum,
567 1318 586 1352 ι
608 1288 740 1362 etc.,
765 1317 784 1350 ‹
807 1299 1047 1352 omnium
1073 1311 1408 1366 quaecunque
1429 1295 1556 1350 mihi
1580 1296 1794 1351 dederis
1817 1296 1965 1350 deci-

385 1409 530 1449 mam
559 1391 841 1448 decimabo
875 1405 936 1446 ea
972 1389 1063 1444 tibi
1089 1389 1164 1453 ‘9;
1191 1408 1210 1442 ι
1234 1404 1358 1443 nam
1392 1397 1516 1442 ante
1542 1388 1656 1442 haec
1691 1390 1854 1442 verba
1884 1388 1966 1443 di-

2071 368 2148 439 τῴ
2179 367 2392 440 Ἰσραὴλ
2436 369 2602 423 ἔδωκε
2634 373 2746 435 τοῖς
2779 370 3145 442 φοϐουμένοις
3180 370 3351 424 αὑτὸν
3384 370 3416 421 6
3458 370 3676 440 Κύρικ,

2070 461 2167 531 τὴν
2191 461 2248 514 δὲ
2287 461 2549 529 ἀνάλογον
2578 465 2689 528 τοῖς
2722 464 2984 527 Λευῖταις
3032 463 3206 516 ἔδωκε
3242 466 3363 526 τοῖς
3400 464 3677 531 ἀγαπῶσιν

2073 553 2256 608 αὐτόν.

2143 649 2340 716 Οὕτως
2372 649 2550 718 ψαλῶ
2602 648 2683 714 τῷ
2728 649 2979 718 ὀνόματί
3029 662 3172 715 σου,
3227 665 3287 702 κ.
3333 665 3390 701 τ.
3445 647 3494 698 ἑ.
3539 647 3679 700 Ἐπεὶ

2070 734 2145 794 ὧν
2180 742 2291 813 (97)
2331 742 2541 812 ἠξίωσα
2584 743 2737 816 παρὰ
2765 742 2858 796 σοῦ
2906 743 3128 812 τέτυχα,
3166 741 3512 813 εὐχάριστος
3553 741 3680 793 οὕτω

2069 833 2308 901 γεγονὼς
2343 852 2362 884 t
2398 833 2556 902 ψαλῶ
2588 836 2665 906 τῷ
2688 834 2914 904 ὀνόματί
2950 851 3067 898 σου,
3121 850 3140 882 ι
3165 829 3364 901 ὑμνῶν
3387 825 3456 877 δέ
3492 831 3678 900 ἔργω-ί,
3723 821 3732 830 ’

2069 927 2358 998 νοημάτων
2375 946 2434 982 τε
2456 928 2551 982 καὶ
2589 929 2762 998 λόγων
2784 927 3008 997 ἀγαθῶν
3031 926 3130 991 τὴν
3160 927 3252 978 ἐπ’
3304 927 3444 996 ἐμοὶ
3475 925 3680 995 κληρω-

2069 1019 2253 1075 θείσαν
2281 1022 2653 1094 προσηγορίαν
2682 1039 2794 1075 σου.
2826 1021 2936 1075 Καὶ
2968 1021 3105 1092 πρὸς
3118 1019 3317 1090 ’τούτῳ
3351 1019 3585 1088 ἡμέραν
3631 1017 3684 1080 ἐξ

2066 1113 2283 1186 ἡμέρας
2311 1115 2345 1168 ἃ
2373 1115 2626 1186 ηὐξάμην
2660 1113 2941 1168 ἀποδώσωο
2969 1112 3157 1184 ὥσπερ
3191 1114 3220 1165 6
3256 1110 3474 1165 Ἰακώϐ
3508 1127 3682 1180 φησιν·

2077 1225 2096 1260 t
2135 1209 2258 1263 Ἐάν
2297 1207 2370 1278 δῷ
2404 1227 2492 1279 μοι
2519 1211 2546 1261 6
2579 1207 2710 1272 Θεὸς
2759 1207 2923 1279 ἄρτον
2964 1209 3181 1277 φαγεῖν,
3214 1226 3234 1258 ι
3279 1205 3386 1258 καὶ
3433 1203 3508 1255 τά
3547 1203 3686 1270 ἑῇς,

2080 1319 2099 1352 t
2132 1301 2349 1355 πάντων
2377 1295 2450 1354 ὧν
2477 1301 2572 1355 ἐάν
2609 1319 2699 1372 μοι
2730 1300 2836 1372 δῷς
2865 1301 3098 1370 δεκάτην
3142 1296 3579 1354 άποδεκατὼσω
3614 1311 3688 1346 σοι

2070 1393 2224 1447 αὑτά·
2259 1413 2278 1446 ι
2311 1394 2418 1464 πρὸ
2451 1394 2558 1465 γὰρ
2581 1393 2786 1450 τούτων
2810 1393 2920 1448 τῶν
2950 1393 3125 1462 λόγων
3152 1392 3395 1462 φέρεται
3425 1389 3519 1452 τὸ,
3539 1409 3557 1438 t
3587 1387 3692 1440 Ηῦο

383 1487 562 1542 citur:
602 1504 620 1537 ι
657 1485 724 1539 Et
768 1484 913 1538 vovit
949 1482 1118 1539 Jacob
1162 1483 1370 1546 dicens,
1415 1479 1472 1536 Si
1506 1479 1670 1534 fuerit
1702 1478 1965 1534 Dominus

2076 1483 2198 1549 ξατο
2220 1486 2248 1538 6
2295 1485 2488 1539 Ἰακὼϐ
2513 1486 2686 1554 λέγων
2713 1487 2794 1550 τὸ,
2842 1485 2967 1539 Ἐὰν
3077 1484 3288 1556 Κύριος
3328 1485 3461 1554 μετ’
3485 1479 3648 1552 ἐμοῦ,
3670 1499 3688 1529 ι

383 1592 620 1641 mecum,
645 1595 664 1628 ι
697 1591 871 1646 usque
919 1577 986 1630 ad
1030 1577 1147 1630 haec
1199 1576 1399 1629 verba:
1449 1593 1467 1626 ι
1501 1573 1779 1628 Decimam
1813 1572 1966 1630 deci-

2076 1577 2174 1641 έως
2211 1577 2334 1640 τοῦ,
2363 1595 2381 1628 ι
2427 1578 2670 1648 Δεκάτην
2698 1577 3099 1632 ἀπώεκατὼσω
3128 1595 3211 1630 σοι
3247 1575 3423 1629 αὑτά.
3476 1593 3499 1624 ι
3533 1569 3608 1626 Εὖ
3640 1573 3696 1625 (τε

385 1673 546 1726 mabo
574 1685 636 1725 ea
670 1669 789 1724 tibi.
824 1687 842 1720 ι
882 1667 1024 1724 Bene
1058 1677 1238 1722 autem
1269 1666 1470 1720 dicitttr
1503 1673 1561 1720 et
1593 1664 1744 1732 illud,
1781 1665 1850 1720 de
1877 1665 1964 1720 die

2076 1671 2159 1723 ml.
2189 1670 2248 1722 τὸ
2285 1671 2480 1735 εἰπεῖν,
2515 1670 2726 1741 ἡμέραν
2751 1670 2810 1736 ἐξ
2848 1670 3063 1741 ἡμέρας
3087 1669 3187 1732 τὰς
3225 1668 3408 1737 εὐχὰς
3450 1664 3697 1720 ἀποδοίη

385 1764 439 1817 iu
476 1763 616 1816 diem
646 1772 769 1816 vota
819 1761 1046 1815 reddere
1075 1799 1091 1826 ,
1133 1767 1189 1813 ct
1235 1757 1504 1826 psalmum
1535 1756 1718 1812 dicere
1751 1756 1963 1812 nomini

2076 1777 2170 1823 lat,
2198 1760 2421 1830 ψάλλειν
2462 1777 2520 1813 τε
2548 1760 2626 1832 τῷ
2673 1761 2898 1832 ὀνόματι
2931 1761 3024 1815 τοῦ
3055 1760 3192 1814 Θεοῦ
3247 1763 3335 1823 εἰς
3370 1760 3472 1812 τὸν
3512 1757 3691 1810 αἰῶνα

383 1857 479 1912 Dei
509 1856 561 1910 in
589 1853 842 1910 saeculum
876 1850 1093 1916 saeculi;
1120 1865 1184 1904 eo
1211 1850 1354 1918 quod
1385 1849 1499 1904 haec
1527 1848 1720 1919 psalmi
1743 1849 1962 1920 quidem

2076 1851 2157 1906 τοῦ
2193 1853 2405 1917 αἰῶνος·
2440 1853 2518 1924 τῷ
2540 1854 2600 1906 τὸ
2625 1854 2724 1924 μὲν
2739 1854 2961 1924 ψάλλειν
2988 1853 3066 1924 τῷ
3093 1854 3324 1923 ὀνόματι
3349 1852 3453 1905 τοῦ
3487 1853 3688 1922 ὑμνου-

384 1950 638 2006 recitatio
660 1945 866 2002 nomini
895 1945 1012 2015 ejus
1031 1944 1119 2012 qui
1143 1943 1421 2007 laudatur,
1446 1940 1772 1996 extendatur
1791 1956 1965 2010 usque

383 2043 438 2098 in
468 2042 720 2099 saeculum
749 2038 1023 2103 futurum;
1056 2038 1158 2092 ista
1188 2049 1316 2088 vero
1343 2033 1454 2088 voti
1480 2034 1713 2089 redditio
1739 2033 1964 2103 implea-

384 2146 493 2201 tur,
528 2138 701 2190 donec
730 2132 908 2187 adhuc
931 2144 1000 2184 ex
1028 2129 1217 2184 diebus
1248 2139 1460 2196 tempus
1490 2125 1824 2196 completur:
1859 2126 1964 2182 hoc

383 2237 567 2283 autem
597 2235 810 2296 tempus
840 2223 1271 2293 uniuscujusque
1309 2222 1435 2277 vitae
1467 2229 1958 2277 commensuratur.

382 2319 631 2387 Quandiu
667 2318 836 2389 igitur
871 2315 923 2370 in
955 2317 1066 2370 vita
1115 2330 1302 2370 sumus
1325 2355 1341 2381 ,
1379 2323 1502 2370 vota
1537 2313 1831 2368 reddamus
1855 2351 1872 2378 ,
1905 2319 1964 2366 ut

382 2415 549 2469 etiam
581 2413 633 2468 in
669 2413 929 2468 saeculum
964 2409 1149 2467 saeculi
1192 2409 1461 2480 psalmum
1505 2408 1601 2464 Dei
1642 2407 1848 2464 nomini
1877 2407 1961 2464 di-

381 2522 506 2564 cere
539 2506 832 2578 possimus.

916 2681 1240 2740 PSALMUS
1291 2681 1430 2738 LXI.

457 2783 620 2840 Vens.
649 2782 699 2836 l.
732 2779 800 2834 In
821 2779 978 2847 ﬁnem
998 2793 1093 2850 pro
1117 2775 1336 2830 Idithun
1372 2774 1608 2839 psalmus
1633 2775 1823 2842 David,
1853 2783 1961 2832 etc.

2067 1946 2228 2016 μένου
2259 1947 2638 2017 παρεκτείνειν
2669 1946 2773 2012 ἓως
2811 1947 2906 2001 τοῦ
2935 1947 3219 2018 μέλλοντος
3253 1946 3492 2009 αἰῶνος-⁸
3531 1945 3596 1999 τὸ
3635 1944 3694 1996 δὲ

2069 2038 2166 2102 τὰς
2183 2038 2344 2108 εὐχὰς
2369 2039 2658 2095 ἀποδοῦναι
2684 2040 3044 2112 πληροῦσθαι,
3070 2041 3176 2104 ἓως
3197 2040 3280 2092 ἔτι
3304 2042 3334 2092 6
3358 2039 3427 2103 ἐξ
3452 2036 3692 2109 ἡμερῶν

2071 2131 2562 2204 συμπληρούμενος
2588 2133 2783 2205 χρόνος
2814 2134 2981 2188 ἐστίν·
3004 2126 3159 2195 οὗτος
3177 2132 3235 2185 δέ
3253 2133 3414 2185 ἐστιν
3444 2134 3474 2184 6
3505 2148 3690 2201 παρτ-

2072 2225 2436 2298 μετρούμενος
2456 2229 2522 2298 τῇ
2557 2227 2786 2281 ἑκάστου
2815 2227 2949 2298 ζωῇ.
2988 2228 3133 2289 Ἕως
3155 2221 3254 2279 οὖν
3292 2227 3354 2277 ὲν
3389 2224 3498 2295 βίῳ
3517 2223 3688 2292 ἐσμὲν

2069 2317 2167 2382 τὰς
2218 2319 2385 2389 εὐχὰς
2435 2319 2825 2391 άποδώσωμεν,
2868 2320 2960 2373 ἵνα
3014 2320 3109 2373 καὶ
3155 2318 3390 2388 ψάλλειν
3449 2319 3538 2380 εἰς
3596 2316 3686 2367 τὸν

2070 2411 2245 2468 αἰῶνα
2287 2412 2380 2467 τοῦ
2407 2413 2602 2478 αἰῶνος
2633 2413 2712 2486 τῷ
2751 2414 2975 2486 ὀνόματι
3016 2413 3110 2468 τοῦ
3142 2413 3282 2468 Θεοῦ
3323 2411 3680 2483 δυνηθῶμεν.

2640 2689 2934 2744 ΨΑΛΜΟΣ
2961 2690 3083 2744 ΞΑ¹⁸

2137 2780 2244 2845 Εἰς
2284 2778 2352 2833 τὸ
2385 2779 2562 2846 τέλος
2587 2779 2739 2849 ὑπὲρ
2773 2781 3021 2850 Ἰδιθοὺμ
3066 2780 3320 2850 ψαλμός
3344 2799 3429 2846 τῳ
3462 2780 3673 2846 Δαυΐδ,

382 2877 488 2933 Pro
535 2875 750 2931 ldithttn
791 2871 976 2941 judice
1015 2879 1248 2926 venturo
1289 2868 1498 2934 David,
1552 2869 1746 2924 idoneo
1776 2885 1962 2924 manu.

2076 2887 2122 2924 κ.
2149 2888 2201 2924 τ.
2243 2871 2288 2924 ὲ.
2338 2872 2570 2944 Ἰδιθοὺμ
2604 2873 2792 2944 κριτοῦ
2823 2874 2932 2945 (98)
2958 2874 3256 2945 ἐρχομένου
3281 2873 3450 2926 Δαυῒδ
3481 2874 3671 2926 ἱκανοῦ

382 2966 477 3023 Est
491 2973 664 3020 autem
686 2962 923 3035 psalmus
943 2960 1010 3016 de
1030 2960 1167 3015 Filio
1187 2959 1278 3014 Dei
1303 2968 1505 3014 aeterno
1518 2957 1701 3029 judice
1715 2966 1961 3025 venturo,

381 3059 474 3130 qui
519 3067 602 3112 est
631 3056 856 3110 idoneus
891 3069 1077 3112 manu.

454 3150 622 3206 Vens.
662 3150 718 3204 2.
757 3147 949 3202 Nonne
999 3147 1104 3208 Deo
1137 3145 1374 3214 subjecta
1411 3143 1512 3198 erit
1559 3143 1744 3198 anima
1792 3158 1909 3196 mea
1941 3143 1967 3196 Ρ

381 3252 488 3299 etc.
524 3238 713 3296 Utnuis
755 3239 848 3308 qui
894 3236 1177 3305 subjectus
1219 3243 1302 3290 est
1344 3233 1529 3299 alicui,
1555 3233 1745 3288 eadem
1783 3246 1848 3286 ac
1877 3231 1966 3287 ille

381 3334 567 3392 sentit.
599 3330 665 3384 Et
691 3346 788 3385 nos
813 3330 858 3386 si
887 3328 1187 3384 secundum
1221 3326 1446 3381 Paulum
1481 3338 1673 3379 omnes
1701 3323 1964 3393 subjicie-

384 3445 506 3484 mur
532 3424 776 3490 Christo,
817 3421 1006 3478 eadem
1039 3435 1104 3475 ac
1132 3419 1386 3474 Christus
1423 3416 1750 3472 sentiamus.

453 3519 733 3592 Ejusdem.
767 3513 1220 3584 Quandoquidem
1261 3511 1510 3567 Salvator
1540 3507 1804 3577 loquitur,
1837 3504 1964 3561 illud

389 3633 408 3665 ι
441 3611 682 3682 subjecta
715 3613 840 3677 erit,
871 3629 892 3663 ι
930 3608 1169 3664 refertur
1221 3606 1288 3660 ad
1323 3603 1506 3669 istud,
1535 3619 1555 3654 ι
1588 3611 1718 3657 tunc
1763 3607 1817 3656 et
1850 3599 1965 3667 ipse

381 3707 552 3764 Filius
577 3704 852 3775 subjectus
883 3704 992 3758 erit
1017 3701 1089 3766 ei,
1122 3700 1211 3770 qui
1242 3698 1473 3769 subjecit
1505 3697 1608 3753 sibi
1641 3693 1822 3751 omnia
1846 3693 1914 3749 7°.
1942 3710 1960 3744 ι

383 3800 538 3869 Quod
577 3815 708 3854 vero
751 3799 966 3853 Patrem
1025 3794 1347 3864 intelligat,
1394 3799 1546 3862 patet
1572 3803 1640 3843 ex
1667 3802 1773 3852 eo,
1811 3803 1830 3837 ε
1866 3785 1965 3841 Ve-

383 3905 694 3950 rumtamen
732 3891 964 3960 pretium
1017 3903 1195 3943 meum
1250 3886 1630 3956 c0gitaverunt
1663 3879 1924 3951 repellere
1947 3921 1963 3943 ,

383 3993 751 4044 cucurrerunt
779 3984 832 4037 in
864 3983 953 4038 siti
982 3983 1050 4035 “.
1080 4001 1099 4034 ι
1138 3982 1306 4035 Porro
1348 3977 1510 4033 simul
1542 3989 1758 4044 quoque
1799 3972 1966 4028 disci—

385 4094 508 4135 mus
538 4078 590 4132 id
623 4076 765 4145 q‘uod
793 4073 1192 4145 subjiciendum
1231 4073 1339 4137 sit,
1367 4085 1488 4125 esse
1525 4068 1798 4122 animam:
1830 4080 1967 4136 quo-

385 4170 532 4224 niam
558 4167 796 4222 salutare
822 4166 1017 4219 animae
1047 4173 1129 4218 est
1157 4164 1272 4232 ipsa
1300 4162 1449 4218 salus
1477 4176 1509 4216 a
1537 4159 1667 4223 Deo,
1701 4157 1826 4228 quia
1851 4157 1968 4225 ipse

2066 2963 2230 3034 χειρί.
2273 2964 2428 3017 Ἔστι
2451 2965 2507 3018 δὲ
2530 2966 2559 3017 6
2595 2965 2810 3036 ψαλμὸς
2842 2967 2972 3038 περὶ
2993 2967 3087 3020 τοῦ
3121 2965 3255 3019 Υίοῦ
3279 2965 3378 3018 τοῦ
3398 2966 3537 3020 Θεοῦ
3572 2967 3670 3019 πῦ

2068 3056 2288 3111 αἰωνίου
2319 3058 2506 3130 κριτοῦ
2524 3060 2842 3131 ἐρχομένου,
2874 3060 2966 3113 τοῦ
2994 3059 3146 3124 ὄντος
3176 3059 3365 3113 ἱκανοῦ
3387 3060 3556 3131 χειρί.

2142 3149 2288 3220 Οὐχὶ
2318 3150 2398 3216 τῷ
2429 3151 2550 3218 Θεῷ
2569 3151 3013 3221 ὑποταγήσεται
3037 3154 3075 3221 ἡ
3103 3151 3274 3221 ψυχή
3291 3171 3413 3221 μου
3432 3169 3454 3215 ;
3471 3171 3526 3205 κ.
3545 3170 3596 3204 τ.
3615 3153 3664 3204 ἑ.

2067 3241 2183 3306 Πᾶς
2215 3243 2244 3294 ὀ
2272 3243 2710 3315 ὑποτασσόμενός
2740 3245 2852 3315 (99)
2885 3263 2990 3298 τινι
3019 3245 3087 3298 τὰ.
3119 3245 3259 3299 αὐτὰ
3291 3245 3488 3319 ἐκείνῳ
3529 3262 3662 3315 (ppo-

2067 3339 2166 3390 νεῖ.
2195 3337 2306 3390 Καὶ
2340 3339 2388 3390 εἰ
2415 3338 2558 3392 κατὰ
2587 3339 2677 3392 τὸν
2709 3338 2920 3392 Παῦλον
2951 3339 3153 3403 πάντες
3197 3337 3665 3410 ὑποταγησόμεθα

2068 3427 2144 3499 τῷ
2171 3429 2411 3500 Χριστῷ,
2429 3429 2629 3494 πάντες
2655 3429 2726 3484 τὰ
2749 3430 2886 3484 αὐτὰ
2918 3431 3138 3502 Χριστῷ
3172 3433 3555 3502 φρονήσωμεν.

2144 3520 2257 3575 Τοῦ
2287 3522 2492 3576 αὑτοῦ.
2525 3524 2618 3589 Τὸ,
2656 3544 2674 3575 ‹
2711 3526 3114 3595 ὑποταγήσεται
3137 3523 3236 3596 (1),
3282 3544 3300 3575 ι
3329 3523 3454 3576 ἐπεὶ
3486 3526 3517 3576 6
3549 3523 3660 3575 ﬂo-

2066 3614 2169 3686 τὴρ
2199 3616 2368 3685 λέγει,
2412 3618 2744 3690 ἀναφέρεται
2770 3620 2850 3682 εἰς
2878 3618 2958 3682 τὸ,
3001 3636 3020 3669 t
3063 3617 3188 3670 τότε
3223 3616 3349 3680 Υἱὸς
3377 3616 3657 3683 ὑποταγή-

2068 3726 2220 3764 σεται
2255 3712 2334 3782 τῷ
2379 3711 2708 3778 ὑποτάξαντι
2755 3712 2904 3782 αὐτῷ
2933 3712 3000 3764 τὰ
3041 3711 3238 3764 πάντα.
3278 3730 3297 3761 ι
3333 3709 3536 3763 Ὂτιδὲ
3569 3708 3660 3761 τὶν

2067 3801 2290 3874 Πατέρα
2331 3803 2500 3873 λέγει,
2547 3804 2706 3875 δῆλον
2739 3806 2804 3858 ὲκ
2844 3804 2958 3869 τοῦ,
3007 3823 3026 3856 t
3063 3805 3212 3874 Πλὴν
3238 3803 3336 3875 τὴν
3356 3804 3524 3874 τιμήν
3556 3820 3656 3872 μου

2068 3893 2453 3950 ἐϐουλεύσαντο
2474 3895 2823 3960 ἀπώσασθαι,
2851 3896 3084 3969 ἔδραμον
3107 3898 3165 3949 ὲν
3191 3895 3358 3965 δίψει.
3385 3914 3404 3947 ι
3438 3894 3658 3965 "Agnae

2072 3989 2434 4061 μανθάνομεν,
2469 3991 2551 4043 ὅτι
2577 3991 2639 4043 τὸ
2667 3990 3146 4060 ὑποταγησόμενον
3172 3989 3320 4062 ψυχή
3353 3992 3524 4042 ἔστιν’
3576 3991 3658 4042 ὅτι

2067 4082 2128 4135 τὸ
2171 4083 2436 4153 σωτήριον
2487 4081 2587 4153 τῆς
2635 4081 2876 4152 ψυχῆςή
2919 4081 3296 4153 αὑτοσωτηρία
3522 4080 3656 4134 Θεοῦ

2069 4179 2207 4242 ἐστι,
2243 4177 2324 4230 διὸ
2347 4178 2508 4241 αὐτὸς
2530 4179 2557 4230 6
2587 4177 2776 4247 Σωτήρ
2800 4178 2916 4229 ἐστι
2943 4175 3036 4228 τοῦ
3069 4174 3242 4228 ταῦτα
3266 4173 3536 4242 λέγοντος·
3567 4175 3659 4226 καὶ

387 4261 640 4316 Salvator
667 4268 752 4314 est
785 4256 905 4326 ejus
933 4259 1028 4326 qui
1077 4257 1192 4310 haec
1223 4254 1356 4308 dicit
1387 4273 1400 4309 :
1435 4268 1612 4324 neque
1656 4251 1893 4306 salutare
1930 4264 1960 4301 a

2076 4272 2168 4324 οὐκ
2205 4270 2318 4324 ἔστι
2369 4271 2633 4342 σωτήριον
2679 4268 2786 4322 ἀπό
2827 4284 2974 4331 τινος
3016 4266 3201 4320 λαϐεῖν
3233 4267 3576 4333 ὑποταγέντα
3624 4265 3654 4334 ἧ

386 4355 641 4425 quopiam
677 4353 920 4422 recipere
947 4361 1126 4420 potest
1155 4348 1433 4416 subjectus
1465 4347 1569 4402 nisi
1601 4364 1631 4402 a
1663 4347 1796 4400 Deo.
1825 4345 1968 4412 Qua-

385 4457 608 4519 propter
641 4446 750 4500 Deo
781 4442 1135 4512 subjiciamur
1161 4482 1177 4507 ,
1211 4442 1302 4511 qui
1347 4441 1575 4509 suscipit
1600 4455 1694 4495 eos
1740 4438 1831 4508 qui
1865 4437 1967 4507 ipsi

385 4542 484 4598 soli
534 4539 898 4610 subjiciuntur
927 4576 943 4602 ,
986 4544 1042 4590 et
1091 4543 1274 4591 servat
1314 4533 1460 4604 ipsos
1484 4573 1500 4597 ,
1529 4534 1602 4586 ita
1634 4542 1693 4585 ut
1733 4531 1803 4586 ob
1829 4532 1967 4584 hanc

387 4635 628 4703 ipsorum
686 4631 797 4685 Deo
845 4627 1236 4697 subjectiouem
1289 4635 1321 4679 a
1379 4625 1528 4681 nullo
1577 4623 1812 4694 amplius
1858 4623 1969 4677 sint

388 4718 670 4774 commoti.
702 4737 720 4769 ο
745 4718 1038 4787 Susceptor
1060 4730 1234 4779 meus,
1260 4729 1366 4768 non
1389 4715 1648 4769 movebor
1669 4714 1922 4785 amplius.
1945 4733 1962 4765 ι

389 4811 517 4867 Sive
543 4812 669 4880 quia
701 4819 882 4865 motus
914 4808 1116 4873 fuerat,
1145 4824 1212 4863 ex
1247 4823 1354 4877 quo
1392 4806 1746 4875 semetipsum
1779 4807 1968 4860 exina-

389 4905 526 4960 nivit
569 4903 799 4958 formam
826 4902 970 4957 servi
1000 4902 1318 4973 accipiens,
1367 4901 1482 4955 haec
1521 4898 1675 4964 dicit,
1712 4907 1968 4968 tauquam

389 4997 483 5067 qui
512 4995 787 5066 paululum
813 5004 1117 5050 commotus
1150 4993 1318 5049 fuerit
1344 5007 1440 5062 per
1467 4991 1726 5062 exiguum
1758 5000 1972 5059 tempus

389 5104 499 5159 quo
525 5099 646 5142 erat
677 5087 730 5141 iu
774 5101 1040 5158 corpore;
1072 5087 1190 5142 sive
1220 5086 1382 5156 quia,
1416 5085 1541 5140 dum
1588 5083 1763 5138 tristis
1794 5081 1970 5137 factus

389 5189 474 5234 est
503 5180 555 5234 in
601 5178 782 5233 anima
813 5217 828 5242 ,
859 5177 1025 5246 coepit
1055 5178 1322 5230 duntaxat
1379 5173 1689 5230 contristari
1735 5179 1790 5226 et
1833 5188 1969 5226 con—

356 5305 360 5309 ~
392 5268 600 5325 turbari
629 5267 936 5338 paululum,
973 5267 1123 5330 dicit,
1165 5283 1184 5317 ι
1218 5265 1334 5322 Non
1371 5264 1634 5319 movebor
1666 5261 1918 5330 amplius.
1947 5281 1965 5314 ι

2063 4363 2170 4416 ἀπὸ
2197 4360 2354 4416 Θεοῦ.
2395 4361 2485 4415 Διὸ
2517 4361 2636 4433 Θεῷ
2670 4361 3126 4432 ὑποτασσώμεθα,
3156 4360 3236 4431 τῷ
3262 4359 3658 4431 ἀντιλαμϐανο-

2067 4456 2216 4528 μένῳ
2245 4456 2352 4510 τῶν
2399 4455 2549 4527 αὑτῷ
2598 4456 2745 4528 μόνῳ
2772 4454 3251 4525 ὑποτασσομένων,
3299 4456 3398 4508 καὶ
3431 4453 3655 4517 σώζοντι

2064 4560 2282 4626 αὐτοὺς,
2317 4559 2456 4614 ὥστε
2484 4560 2573 4613 διὰ
2599 4559 2700 4631 τὴν
2725 4559 2861 4631 πρὸς
2885 4558 2974 4612 τὸν
3007 4558 3140 4612 Θεὸν
3167 4558 3348 4612 αὐτῶν
3379 4556 3656 4628 ὑποταγὴν

2063 4662 2156 4715 ἐπὶ
2190 4661 2373 4716 πλεῖον
2401 4660 2691 4733 ὲστηκέναι
2736 4662 2934 4725 αὐτοὺς
2961 4659 3064 4713 ὑπὸ
3095 4658 3325 4730 μηδενὸς
3360 4656 3655 4728 σαλευομέ-

2064 4779 2208 4826 νους.
2233 4781 2252 4814 ‹
2277 4761 2650 4834 Ἀντιλήπτωρ
2675 4778 2797 4832 μου,
2818 4761 2878 4814 οὐ
2913 4759 2988 4831 μὴ
3019 4759 3263 4813 σαλευθῶ
3289 4759 3384 4812 ἐπὶ
3407 4758 3610 4811 πλεῖον.
3630 4777 3648 4807 ι

2072 4860 2227 4912 Ἤτοι
2261 4860 2343 4912 ὅτι
2391 4858 2680 4929 ἐσαλεύθη,
2737 4858 2797 4924 ἐξ
2825 4850 2886 4912 οὗ
2923 4858 3116 4913 ἑαυτὸν
3158 4858 3394 4912 ὲκένωσε
3443 4859 3654 4932 μορφὴν

2065 4961 2251 5014 δούλου
2275 4960 2476 5027 λαϐὼν,
2513 4961 2686 5016 ταῦτά
2715 4979 2899 5032 φησιν,
2934 4963 3009 5026 ὡς
3036 4962 3214 5032 ὀλίγον
3248 4962 3535 5026 σαλευθεὶς
3571 4962 3656 5016 διὰ

2067 5061 2158 5114 τὸν
2186 5061 2364 5131 ὀλίγον
2388 5065 2446 5118 ὲν
2480 5061 2692 5134 σώματι
2731 5066 2940 5136 χρόνον·
2981 5064 3156 5117 εῐτουν
3183 5064 3485 5136 περίλυπος
3508 5066 3656 5134 γενό-

2073 5181 2231 5236 μενος
2259 5166 2358 5239 τὴν
2378 5166 2576 5240 ψυχὴν,
2606 5165 2811 5239 ἤρξατο
2836 5167 2995 5238 μόνον
3021 5166 3331 5233 λυπεῖσθαι,
3370 5169 3465 5221 καὶ
3494 5185 3654 5221 τετα-

2075 5269 2269 5341 ράχθαι
2297 5269 2497 5341 ὀλίγον,
2515 5270 2759 5339 λέγειτὸ,
2782 5290 2800 5322 ε
2824 5271 2898 5324 Οὐ
2925 5269 3000 5343 μὴ
3025 5269 3268 5324 σαλευθῶ
3288 5271 3382 5324 ἐπὶ
3404 5270 3606 5324 πλεῖον.
3632 5290 3650 5321 υ

461 5407 505 5438 ⁶⁰
534 5406 670 5462 Gen.
700 5422 890 5472 xxvm,
917 5405 1008 5460 ΞΟ.
1081 5404 1127 5436 ⁷⁸
1155 5404 1176 5459 ι
1201 5404 1330 5460 Cor.
1357 5419 1446 5468 xv,
1472 5402 1564 5459 28.
1635 5400 1681 5432 ⁷⁸
1707 5399 1850 5455 Psal.
1887 5417 1997 5468 th,
2025 5404 2077 5460 5.

391 5522 766 5651 δεΙέοίχα
789 5523 1221 5593 κληρονομίαν,
1249 5532 1355 5578 etc.
1385 5522 1567 5578 Codex
1605 5519 1969 5581 Coislinianus

462 5664 574 5731 (97.)
610 5662 766 5718 Ἐπεὶ
791 5656 878 5718 ὧν
897 5663 1150 5732 ἠξίωσα,
1183 5676 1290 5724 etc.
1333 5664 1559 5724 Scbeda:
1584 5667 1791 5727 Grabii.
1853 5711 1860 5718 .

2149 5524 2259 5594 (98)
2296 5522 2541 5594 Ἰδιθοὺμ
2562 5521 2786 5590 κριτοῦ,
2813 5529 2921 5575 etc.
2951 5520 3171 5576 Eadem.

2145 5591 2255 5663 (99)
2279 5593 2402 5659 Πᾶς
2422 5597 2453 5646 ό
2479 5591 2995 5660 ὑποτασσόμενος,
3026 5601 3134 5647 etc.
3182 5591 3418 5663 Eaedem.

2144 5667 2219 5733 (Ι)
2239 5659 2350 5733 Τὸ,
2384 5659 2849 5736 ὑποταγήσεται,
2877 5671 2981 5722 etc.
2997 5663 3197 5721 Catena
3226 5659 3498 5720 Corderii.
