3970 6160
291 261 459 322 1485

1257 221 1588 310 SELECTA
1627 253 1694 309 lN
1725 251 2064 311 PSALMOS.
2107 282 2177 294 -
2214 252 2410 310 PSAL.
2442 252 2582 309 LXI.

3439 253 3460 305 Ι
3475 249 3575 305 ιεε

324 375 631 450 Αμαρτίαν
659 371 765 446 γὰρ
803 371 905 425 οὐκ
937 367 1208 442 ἐποίησεν,
1257 351 1338 418 ὡς
1370 363 1420 417 οἱ
1460 369 1553 422 ἐπὶ
1599 368 1782 422 πλεῖον
1806 386 1902 421 σα-

2031 368 2292 422 ’eccatum
2327 367 2474 422 enim
2529 383 2638 421 non
2685 365 2852 433 fecit,
2904 366 3043 421 sicut
3073 363 3147 418 illi
3201 364 3294 434 qui
3346 365 3580 435 amplius

288 467 618 539 λευόμενοι.

378 558 546 622 Ἕως
604 554 749 606 πότε
804 551 1138 605 ἐπιτίθεσθε
1181 550 1271 614 εὶς
1321 543 1667 618 ἀνθρωπον;
1695 567 1747 603 κ.
1773 567 1820 602 τ.
1851 549 1898 603 ἐ.

290 649 491 702 Τοῦτο
520 646 705 718 ὅμοιόν
734 645 810 715 (2)
852 646 969 697 ἐστι
997 643 1095 714 τῷ,
1117 662 1134 692 ι
1164 641 1279 695 Νῦν
1312 638 1526 712 ζητείτέ
1559 661 1626 714 με
1651 643 1904 696 ἀποκτεῖ-

290 760 424 798 ναι,
454 762 474 792 ι
506 740 828 811 Ἄνθρωπον
853 736 1106 808 ζητοῦσιν
1146 738 1484 790 ἀποκτεῖναι·
1530 737 1624 790 καὶ
1654 738 1703 790 οἱ
1732 738 1906 790 ἐπιτι-

291 833 538 906 θέμενοι
571 829 843 904 ἀνθρώπῳ
877 828 1231 884 ἐπιτίθενται.

379 926 567 994 Πλὴν
586 923 700 993 τὴν
729 920 906 992 τιμήν
925 939 1046 992 μου
1068 921 1512 975 ἐϐουλεύσαντο
1526 918 1902 985 ἀπώσασθαι,

298 1038 362 1076 κ.
411 1038 466 1074 τ.
493 1021 540 1073 ὲ.
574 1018 720 1090 Τιμὴ
745 1018 844 1088 τῆς
867 1016 942 1088 (5)
971 1014 1197 1086 λογικῆς
1237 1014 1416 1086 ψυχῆς
1449 1015 1619 1088 ἀρετὴ
1648 1015 1741 1068 καὶ
1767 1015 1908 1083 γνῶ-

299 1130 430 1177 σις.

386 1205 572 1274 Πλὴν
598 1203 678 1271 τῷ
723 1202 845 1270 Θεῷ
870 1200 1198 1272 ὐποτάγηθι
1229 1201 1270 1271 ἡ
1310 1198 1482 1270 ψυχή
1504 1217 1645 1270 μου,
1676 1218 1730 1253 κ.
1757 1218 1806 1253 τ.
1858 1201 1907 1256 ἑ.

320 1301 462 1353 Ἐπὶ
504 1299 604 1370 μὲν
627 1300 692 1369 τῇ
723 1296 967 1368 προτέρᾳ
1007 1278 1100 1367 (ιγ
1130 1295 1376 1366 ὑποταγῇ
1410 1295 1693 1366 σωτήριον,
1734 1293 1826 1346 ἐπὶ
1853 1293 1909 1346 δὲ

304 1395 386 1462 τῇ
416 1390 646 1461 δευτέρᾳ
672 1389 916 1460 ὑπομονὴ
949 1387 1100 1459 παρά
1123 1387 1277 1442 Θεοῦ.
1313 1388 1424 1440 Καὶ
1455 1387 1585 1458 γὰρ,
1613 1387 1766 1456 φησὶ,
1786 1386 1912 1439 πολ-

307 1483 390 1537 λὰ
425 1483 492 1536 τὰ
518 1482 668 1553 παρὰ
699 1481 904 1534 τούτων
937 1481 1252 1552 ὲπαγόμενα
1282 1481 1447 1534 κακά’
1476 1479 1611 1534 ἀλλὰ
1645 1480 1782 1552 πρὸς
1816 1481 1913 1534 αὐ-

308 1576 418 1628 τὸν
439 1575 621 1646 βλέπω
640 1574 730 1627 τὸν
756 1573 910 1636 Θεὸν,
939 1573 1100 1626 αὑτὸν
1130 1573 1267 1643 ἔχων
1293 1572 1616 1644 προσδοκίαν
1646 1573 1739 1626 καὶ
1763 1572 1912 1626 ἐλπί-

311 1668 410 1721 δαο
448 1669 529 1722 διὸ
569 1669 665 1722 καὶ
693 1666 954 1738 ὑπομένω
976 1665 1045 1720 τά
1076 1667 1359 1738 γενόμεναο
1395 1664 1603 1729 εἰωθὼς
1649 1667 1758 1738 γάρ
1821 1683 1910 1736 μοι

316 1760 564 1832 βοηθεῖν,
590 1759 844 1830 βοηθήσει
868 1760 962 1813 καὶ
983 1759 1100 1823 νῦν,
1131 1761 1225 1812 καὶ
1247 1761 1307 1812 οὐ
1341 1759 1687 1830 συγχωρήσει
1703 1757 1911 1822 τούτοις

314 1850 420 1903 τὸν
458 1853 656 1904 οἰκεῖον
687 1850 944 1918 ἐξανύσαι
979 1850 1200 1913 σκοπὸν,
1232 1849 1371 1902 ὥστε
1402 1850 1781 1921 περιγενέσθαι
1815 1851 1913 1920 μὲν

319 1942 509 2013 ἡμῶν,
562 1942 866 2012 ἀναστῆσαι
911 1941 1086 1994 δὲκαὶ
1126 1940 1422 2005 ἀποδιῶξαι
1449 1939 1558 1995 τῶν
1605 1933 1919 2014 ἡμετέρων,

320 2034 425 2085 καὶ
453 2035 509 2088 ὲν
541 2036 684 2104 φυγῇ
717 2032 1080 2102 καταστῆσαι.

417 2127 733 2180 Ἐλπίσατε
777 2125 868 2178 ἐπ’
925 2123 1134 2184 αὐτὸν,
1159 2123 1329 2178 πᾶσα
1373 2122 1695 2194 συναγωγὴ
1737 2123 1912 2187 λαοῦ,

287 2261 294 2264 -
324 2237 387 2273 κ.
414 2237 464 2273 τ.
502 2221 550 2272 ὲ.
590 2219 734 2272 Ὠσεὶ
760 2218 910 2288 ἔλεγε
959 2217 1060 2288 (5)’
1105 2217 1196 2288 Μὴ
1253 2218 1412 2289 μόνον
1446 2217 1506 2270 τὸ
1532 2219 1653 2271 κατ’
1684 2217 1916 2288 ἐκλογὴν

325 2313 551 2383 χάριτος
577 2310 639 2364 τὸ
669 2311 890 2382 λεῖμμα·
932 2311 1068 2382 ὅπερ
1086 2309 1258 2375 ἔσται,
1293 2310 1382 2363 ὅτε
1416 2312 1524 2374 πᾶς
1566 2309 1779 2381 Ἰσραὴλ
1812 2327 1916 2362 σω-

325 2405 577 2474 θήσεται.
643 2421 662 2453 ‹
725 2403 980 2474 Ἐκχέατε
1032 2402 1263 2456 ἐνώπιον
1321 2403 1486 2456 αὐτοῦ
1539 2403 1638 2466 τὰς
1687 2403 1916 2473 καρδίας

324 2495 503 2566 ὑμῶν.
536 2514 554 2546 ι
587 2495 645 2549 '0
663 2496 838 2550 πάντα
851 2496 942 2549 τὸν
965 2495 1168 2564 φαῦλον
1190 2494 1530 2566 ἀποθέμενος
1544 2496 1913 2567 διαλογισμὸν,

325 2587 422 2638 καὶ
454 2587 638 2656 ἄκρως
666 2587 1024 2656 μετανοήσας,
1061 2585 1136 2648 ὡς
1167 2585 1300 2656 μηδὲ
1339 2585 1648 2656 μεμνῆσθαι
1671 2586 1778 2640 τῶν
1805 2604 1918 2657 χει-

330 2678 522 2748 ρόνων,
570 2678 782 2750 ἐξέχεεν
831 2678 1056 2732 ἐνώπιον
1094 2677 1259 2730 αὑτοῦ
1296 2676 1394 2748 τὴν
1433 2679 1660 2750 καρδίαν
1699 2678 1914 2735 ἑαυτοῦ.

334 2789 355 2822 ‹
397 2773 518 2826 Ὅτι
551 2775 615 2825 σὺ
646 2771 945 2836 ἀποδώσεις
986 2771 1202 2836 ἑκάστῳ
1230 2772 1372 2826 κατὰ
1403 2771 1472 2825 τά
1498 2772 1635 2844 ἔργα
1663 2773 1851 2828 αὐτοῦ.
1891 2794 1910 2828 ι

340 2863 589 2937 Ἐκάστῳ
619 2865 885 2918 ἀποδώσει
913 2867 942 2918 ό
961 2865 1094 2929 Θεὸς
1123 2864 1262 2918 κατά
1283 2865 1351 2917 τά
1371 2865 1578 2936 ἕργα,ἧ
1613 2868 1683 2920 τὰ
1716 2867 1916 2936 ἀγαθὰ,

329 2957 366 3028 ἢ
401 2956 468 3009 τά
494 2958 659 3023 κακὰ,
696 2958 727 3028 ἢ
755 2956 824 3010 τὰ
855 2957 1046 3021 πολλὰ,
1073 2957 1106 3028 ἢ
1134 2957 1202 3010 τά
1225 2957 1402 3026 ὀλίγα·
1431 2958 1574 3014 κατά
1597 2960 1796 3014 ὁποίων
1827 2960 1918 3033 δή·

331 3065 465 3101 ποτε
498 3049 710 3119 μέτρων
731 3049 987 3119 ποιότητα
1011 3049 1043 3120 ἢ
1078 3049 1368 3122 ποσότητα,
1398 3043 1472 3104 ὧν
1497 3051 1808 3106 ἀποδίδωσι.

404 3225 578 3294 Πλὴν
591 3225 827 3293 μάταιοι
860 3229 914 3281 οἱ
945 3227 1062 3282 υἱοὶ
1081 3229 1428 3298 ἀνθρώπων,
1452 3231 1699 3300 ψευδεῖς
1721 3235 1776 3286 οἱ
1798 3233 1916 3288 υἱοὶ

332 3317 452 3370 τῶν
469 3316 794 3385 ἀνθρώπων
811 3319 880 3370 ἐν
908 3318 1124 3389 ζυγοῖς,
1178 3320 1285 3374 τοῦ
1312 3321 1600 3391 ἀδικῆσαι
1641 3325 1812 3379 αὐτοὶ
1845 3327 1915 3379 ἑκ

327 3413 720 3482 ματαιότητος
751 3411 848 3464 ἐπὶ
879 3410 945 3464 τὸ
972 3411 1142 3476 αὐτὸ,
1176 3430 1211 3465 κ
1260 3429 1312 3466 τ.
1338 3413 1386 3466 ὲ.
1421 3415 1656 3468 Μάταιοί
1688 3418 1823 3469 εἰσιν
1842 3416 1916 3486 (6)

332 3507 383 3556 οἱ
419 3505 531 3568 τοῖς
585 3505 830 3576 ματαίοις
874 3506 968 3558 καὶ
1020 3504 1283 3577 φθαρτοῖς
1333 3506 1428 3561 τοῦ
1475 3508 1671 3572 αἰῶνος
1725 3509 1917 3562 τούτου

334 3597 825 3668 προσκαθεζόμενοι
860 3597 1171 3668 πράγμασι.
1222 3598 1443 3652 Μάταια
1490 3599 1559 3652 τά
1604 3598 1920 3671 ἀνθρώπινα

334 3689 513 3742 πάντα
544 3691 637 3743 καὶ
670 3689 970 3761 μεταϐολὴν
989 3690 1167 3756 ὀξεῖαν
1199 3690 1484 3762 δεχόμενα.

410 3782 520 3835 Τοῦ
549 3780 754 3835 αὐτοῦ.
775 3783 848 3836 Οὐ
874 3781 1141 3852 ψεύδομαι
1175 3783 1392 3855 (7)περὶ
1419 3783 1518 3855 τὴν
1545 3783 1914 3856 δικαιοσύνην·

333 3877 471 3947 αὑτὴ
503 3876 612 3948 γὰρ
644 3875 805 3945 ζυγός
837 3877 952 3928 ἐστι
982 3876 1090 3929 τῶν
1134 3875 1367 3948 ἀρετῶν.
1403 3875 1633 3940 Ψευδείς
1657 3879 1793 3929 εἰσιν
1814 3877 1920 3930 υἱοὶ

333 3971 397 4021 ὲκ
420 3967 512 4020 τοῦ
546 3968 751 4038 πατρὸς
777 3966 869 4020 τοῦ
898 3966 1145 4022 διαϐόλου
1182 3968 1590 4039 γεγεννημένοι.
1632 3968 1919 4040 Ἀμελοῦσι

333 4059 462 4130 γάρ,
493 4061 645 4130 φησὶ,
671 4059 772 4129 τῆς
801 4059 1062 4130 ἰσότητος·
1095 4059 1295 4123 ἀνίσως
1328 4059 1386 4112 δὲ
1410 4060 1701 4130 κατέχουσι
1728 4061 1797 4113 τά
1820 4065 1920 4135 τῆς

334 4150 570 4215 διανοίας
606 4152 766 4220 ζυγὰ,
806 4153 901 4206 καὶ¹
942 4152 1038 4207 τοῦ
1094 4153 1192 4224 μὲν
1248 4153 1459 4207 δικαίου
1497 4156 1916 4228 καταφρονοῦσι,

335 4243 518 4314 ἀδικίᾳ.
549 4245 606 4297 δὲ
650 4245 919 4315 χαίρουσι.

415 4337 524 4390 Τοῦ
575 4338 780 4392 αὐτοῦ.
835 4341 897 4392 Οἱ
932 4339 1071 4394 κατά
1116 4341 1240 4404 τοὺς
1275 4343 1330 4395 0'
1366 4341 1450 4414 (8)
1481 4343 1643 4398 οὕτω⁸
1680 4345 1822 4400 κατὰ
1861 4345 1918 4400 δὲ

1901 479 1909 485 ·
2007 466 2312 511 moventur.

2078 547 2235 618 741
2269 547 2429 602 Vens.
2454 548 2508 602 4.
2536 547 2820 617 Quousque
2850 544 3054 599 irruitrs
3086 546 3141 599 in
3172 543 3582 602 hominem?etc.

2007 638 2119 693 lloc
2148 638 2326 694 simile
2350 649 2432 694 est
2472 640 2596 693 isti:
2634 662 2651 688 ι
2687 637 2838 692 Nunc
2880 637 3128 706 quaeritis
3183 652 3268 690 me
3318 637 3586 692 interﬁce-

2008 733 2148 786 re".
2184 749 2202 783 ι
2247 730 2528 785 Hominem
2553 731 3110 800 quaruntoccidere;
3141 739 3196 784 et
3229 729 3318 800 qui
3350 721 3584 793 irruunt,

2008 821 2061 876 in
2089 823 2358 876 hominem
2392 822 2625 875 irruunt.

2083 915 2242 969 Vens.
2281 914 2334 968 5.
2376 912 2743 968 Verumtamen
2770 914 2994 982 pretium
3026 928 3197 967 meum
3230 914 3588 984 cogitaverunt

2011 1007 2280 1075 repellere,
2313 1015 2420 1060 etc.
2468 1005 2830 1061 Rationahilis
2863 1007 3059 1060 anima:
3100 1006 3332 1075 pretium
3363 1046 3378 1071 ,
3412 1006 3587 1060 virtus

2010 1106 2094 1153 est
2123 1107 2177 1152 et
2209 1099 2461 1152 scientia.

2083 1189 2249 1245 Vsus.
2283 1192 2340 1245 6.
2389 1190 2765 1246 Verumtamen
2811 1192 2917 1248 Deo
2947 1194 3183 1264 subjecta
3221 1206 3354 1260 esto,
3393 1204 3502 1252 etc.
3533 1195 3589 1249 lu

2011 1283 2182 1352 priori
2221 1284 2438 1352 quidem
2484 1284 2822 1354 subiectione
2851 1287 3092 1342 salutare
3116 1328 3130 1351 ,
3164 1289 3215 1342 in
3260 1289 3429 1344 altera
3458 1304 3592 1345 vero

2012 1375 2274 1442 patientia
2311 1385 2396 1431 est
2444 1391 2474 1430 a
2505 1376 2637 1432 Deo.
2685 1377 2921 1444 Etenim,
2970 1379 3170 1448 inquit.
3206 1379 3436 1448 plurima
3467 1390 3594 1435 sunt

2014 1465 2084 1519 ab
2113 1467 2200 1520 his
2229 1466 2368 1520 mala
2400 1466 2670 1538 irrOgata;
2715 1479 2955 1525 attamen
2992 1471 3058 1524 ad
3093 1471 3270 1538 ipsum
3301 1469 3467 1524 Deum
3503 1484 3595 1524 rc-

2015 1559 2186 1628 spicio
2217 1599 2232 1624 ,
2273 1560 2328 1613 in
2357 1575 2466 1629 quo
2513 1577 2631 1616 mea
2682 1572 2763 1617 est
2799 1564 3134 1632 exspectatio
3169 1571 3225 1617 et
3261 1576 3387 1631 spes
3433 1578 3592 1630 mea;

2015 1666 2184 1720 quare
2213 1651 2376 1706 etiam
2414 1655 2662 1709 sustineo
2688 1669 2808 1724 quae
2857 1655 3002 1710 facta
3045 1666 3206 1711 sunt:
3256 1672 3380 1713 cum
3422 1659 3597 1713 soleat

2015 1745 2158 1799 enim
2205 1746 2336 1800 mihi
2367 1746 2622 1815 Opilulari
2651 1787 2666 1811 ,
2705 1748 3061 1817 opitulabitur
3101 1751 3270 1805 etiam
3319 1765 3504 1819 nunc,
3537 1761 3598 1805 et.

2017 1850 2122 1890 non
2155 1837 2435 1905 permittet
2483 1838 2582 1892 hos
2626 1840 2959 1907 propositqu
3011 1856 3166 1896 suum
3213 1842 3499 1911 perlicere,
3536 1853 3598 1898 ut

2017 1942 2116 1982 nos
2162 1928 2383 1998 quidem
2431 1939 2742 1999 superent;
2798 1943 3016 1986 nostros
3066 1947 3198 1988 vero
3244 1938 3494 1988 eVertant
3541 1943 3598 1989 et

2017 2030 2415 2090 persequantur
2443 2031 2497 2075 et
2522 2022 2572 2075 in
2604 2022 2786 2092 fugam
2813 2033 3002 2092 agant.

2093 2111 2256 2168 Vens.
2292 2113 2346 2170 9.
2379 2114 2601 2184 Sperate
2633 2115 2688 2169 in
2717 2117 2979 2172 eo.omnis
3007 2120 3344 2188 congregatio
3380 2120 3560 2189 populi
3581 2160 3597 2182 ,

2017 2215 2125 2262 etc.
2168 2207 2332 2274 Quasi
2378 2208 2618 2263 diceret:
2650 2206 2765 2260 Non
2802 2208 2976 2263 solum
3015 2211 3258 2280 reliquiae
3292 2215 3594 2268 secundum

2016 2297 2336 2354 electionem
2369 2299 2590 2369 gratim:
2627 2299 2768 2368 quod
2798 2300 2935 2364 erit,
2968 2304 3186 2369 quando
3214 2308 3393 2359 omnis
3423 2303 3445 2358 Ι
3485 2306 3601 2359 racl

2018 2391 2339 2446 salvabitur.
2389 2409 2408 2442 ‹
2431 2389 2699 2446 Eﬂ'undite
2741 2406 2922 2446 coram
2959 2393 3079 2463 ipso
3124 2397 3291 2450 corda
3327 2409 3535 2452 vestra.
3569 2415 3591 2449 ι

2019 2482 2119 2550 Qui
2145 2498 2359 2539 omnem
2393 2498 2616 2554 pravam
2640 2484 3024 2551 cogitationem
3055 2486 3324 2555 deposuit,
3359 2500 3413 2543 et
3434 2504 3594 2558 quem

2018 2589 2233 2629 summe
2259 2575 2532 2643 pmnituit,
2565 2578 2700 2630 adeo
2728 2587 2786 2629 ut
2821 2591 2996 2646 neque
3033 2579 3298 2633 malorum
3333 2582 3598 2636 memine-

2019 2668 2112 2732 rit,
2150 2669 2197 2722 is
2227 2665 2415 2722 eﬂ'udit
2447 2685 2630 2724 coram
2665 2670 2780 2740 ipso
2810 2685 2903 2724 cor
2948 2686 3130 2726 suum.
3167 2690 3186 2723 ‹
3216 2671 3352 2739 Quia
3389 2682 3441 2727 tu
3479 2689 3601 2728 reu-

2020 2761 2116 2816 des
2160 2762 2452 2832 unicuique
2495 2764 2791 2818 secundum
2839 2779 3007 2834 opera
3053 2779 3175 2820 sua.
3220 2783 3239 2816 ι
3298 2763 3601 2836 Unicuique

2020 2855 2212 2910 reddet
2243 2855 2384 2910 Deus
2415 2856 2714 2910 secundum
2742 2870 2932 2925 opera,
2958 2856 3073 2910 sive
3097 2857 3260 2924 bona,
3294 2858 3408 2913 sive
3435 2859 3598 2924 mala,

2021 2948 2138 3004 sive
2171 2950 2335 3004 multa
2357 2989 2373 3014 ,
2415 2951 2529 3004 sive
2565 2963 2734 3019 pauca
2762 2965 2777 3013 ;
2816 2950 3120 3004 secundum
3151 2966 3599 3020 quarumcunquc

1945 3084 1988 3142 ϐ
2025 3041 2284 3096 nimirum
2313 3058 2691 3098 mensurarum
2741 3057 2881 3112 quas
2925 3043 3122 3111 reddit,
3161 3044 3476 3114 qualitatem
3509 3055 3603 3100 aut

2021 3134 2404 3202 quantitatem.

2097 3225 2257 3282 Vens.
2295 3229 2381 3283 l0.
2425 3228 2796 3283 Verumtamen
2833 3231 2959 3283 vani
2986 3229 3086 3298 ﬁlii
3121 3230 3426 3295 hominum,
3457 3248 3606 3285 men-

2021 3320 2176 3375 doces
2201 3321 2303 3389 ﬁlii
2335 3323 2604 3377 hominum
2639 3325 2691 3376 in
2726 3324 2964 3390 steteris,
3007 3334 3063 3376 ut
3109 3323 3368 3394 iujuriam
3402 3324 3604 3393 faciant

2021 3410 2120 3478 ipsi
2149 3427 2215 3464 ea:
2242 3413 2470 3466 vanitate
2498 3413 2554 3466 in
2583 3413 2832 3483 idipsum,
2861 3424 2970 3469 etc.
3005 3413 3136 3467 Vani
3165 3423 3286 3468 sunt
3315 3405 3414 3483 .qiti
3451 3415 3606 3468 vanis

2021 3512 2074 3555 et
2125 3504 2398 3572 corruptis
2445 3505 2606 3574 hujus
2653 3505 2837 3560 sweuli
2875 3508 3108 3576 negotiis
3153 3507 3415 3562 assident.
3453 3508 3602 3563 Vana

2023 3593 2256 3648 humana
2285 3596 2466 3650 omnia
2501 3607 2555 3650 et
2595 3598 2881 3653 mutationi
2909 3602 3032 3654 citae
3057 3599 3316 3656 obnoxia.

2097 3776 2368 3846 Ejusdem.
2406 3779 2520 3835 Non
2552 3783 2782 3835 mendax
2819 3796 2938 3834 sum
2969 3781 3115 3835 circa
3148 3778 3443 3846 justitiam.
3482 3779 3603 3850 lpea

2020 3872 2166 3926 enim
2207 3882 2290 3927 est
2337 3874 2598 3927 virtutum
2638 3883 2862 3928 statera.
2919 3873 3206 3928 Meudaces
3255 3881 3383 3928 sunt
3411 3872 3504 3926 lilii
3535 3890 3601 3928 ex

2019 3977 2175 4037 patre
2202 3967 2414 4021 diabolo
2450 3966 2639 4036 geniti.
2680 3965 3131 4036 Equabilitatem
3163 3967 3306 4021 enim
3327 4007 3344 4034 ,
3375 3967 3557 4038 inquit
3585 4009 3602 4031 ,

2021 4059 2336 4130 negligunt,
2374 4075 2439 4114 ex
2496 4075 2652 4129 aequo
2704 4069 2884 4114 autem
2937 4060 3136 4114 mentis
3168 4071 3441 4116 momenta
3491 4078 3599 4117 non

2023 4163 2229 4217 tenent,
2265 4163 2316 4206 et
2342 4153 2608 4222 justitiam
2644 4153 2862 4222 quidem
2913 4162 3298 4219 contemnunt,
3332 4154 3596 4224 injustitia

2019 4262 2150 4302 vero
2174 4247 2535 4301 delccmntur.

2093 4339 2370 4410 Ejusdem.
2403 4339 2754 4408 Septuaginta
2784 4339 3000 4409 quidem
3034 4341 3136 4406 sic,
3181 4339 3478 4396 Theodotio
3506 4357 3604 4396 au-

334 4430 684 4483 Θεοδοτίωνα·
731 4450 749 4482 ι
804 4432 992 4503 Ἀτμὶς
1042 4435 1149 4486 υἱοὶ
1194 4434 1300 4488 τῶν
1338 4437 1661 4509 ἀνθρώπων,
1704 4439 1913 4508 ψευδεῖς

2031 4439 2172 4486 tem:
2208 4451 2226 4483 ι
2260 4432 2438 4502 Vapor
2474 4431 2568 4486 lilii
2613 4433 2918 4499 hominum,
2963 4435 3252 4488 mendaces
3293 4433 3384 4488 lilii
3422 4435 3604 4489 homi-

335 4523 440 4574 υἱοὶ
465 4522 659 4593 ἀνδρὸς
685 4522 758 4586 ὡς
787 4524 924 4596 ῥοπὴ
963 4524 1148 4593 ζυγοῦ.
1190 4545 1208 4576 ›
1249 4528 1436 4592 Οὐδὲν,
1471 4531 1626 4600 φησὶ,
1689 4531 1915 4602 μόνιμον

334 4612 442 4667 τῶν
501 4613 874 4685 ἀνθρωπίνων,
921 4615 1036 4669 ἀλλ’
1093 4617 1251 4688 ἀτμῷ
1280 4619 1422 4673 ἔοικε
1473 4622 1918 4694 ἀναπεμπομένῳ

337 4705 429 4757 καὶ
459 4706 773 4776 παραυτίκα
807 4707 1241 4780 σκεδαννυμένῳ,
1284 4712 1378 4765 καὶ
1415 4716 1553 4785 ῥοπῇ
1593 4715 1760 4784 ζυγοῦ
1787 4717 1918 4769 ποτὲ

338 4797 435 4866 μὲν
451 4796 768 4870 καθιεμένῃ,
810 4801 939 4853 ποτὲ
972 4801 1029 4854 δὲ
1060 4803 1413 4876 ἀνανευούσῃ.
1445 4809 1770 4876 Ζητεῖταιδὲ
1797 4809 1917 4861 είοὶ

334 4886 478 4956 ἅγιοι
531 4889 592 4940 οὐ
631 4891 868 4960 μάταιοι.
908 4893 1020 4963 Οὐχ
1069 4894 1174 4946 υἱοὶ
1217 4895 1324 4948 τῶν
1347 4897 1648 4969 ἀνθρώπων
1675 4903 1722 4952 οί
1749 4901 1914 4970 ἆγιοι.

334 4980 486 5051 Κατη
497 4980 667 5054 ργήθη
692 4981 801 5054 γὰρ
823 4983 1000 5037 αὐτῶν
1027 4986 1061 5056 ἡ
1096 4986 1236 5040 κατά
1258 4987 1545 5060 ἄνθρωπον
1574 4992 1806 5060 γένεσις.

407 5163 594 5229 Ἅπαξ
641 5165 949 5234 ἐλάλησεν
983 5172 1016 5222 ό
1067 5169 1240 5237 Θεὸς,
1276 5171 1385 5225 δύο
1435 5174 1623 5227 ταῦτα
1657 5173 1915 5242 ἤκουσα,

332 5273 382 5310 κ.
416 5273 468 5309 τ.
504 5258 552 5310 ἑ.
589 5257 694 5312 Τὸν
731 5257 888 5328 λόγον
934 5259 1010 5333 (9)
1055 5261 1205 5327 ἅπαξ
1253 5263 1512 5336 ἐλάλησεν
1555 5267 1584 5319 ὁ
1629 5265 1783 5331 Θεὸς,
1825 5267 1917 5320 τὸν

409 5399 458 5429 ⁹²
480 5397 639 5457 Joan.
663 5415 788 5469 vin,
820 5403 914 5458 40.

405 5516 484 5590 (2)
522 5515 699 5590 Τοῦτο
726 5519 952 5590 ὅμοιον,
975 5531 1081 5577 etc.
1112 5523 1314 5579 Catena
1350 5525 1621 5583 Corderii.

405 5589 484 5655 (ὅ)
524 5589 666 5657 Τιμὴ
695 5589 828 5658 τῆς,
855 5604 962 5646 etc.
1004 5593 1228 5650 Sehedaa
1261 5597 1470 5652 Grahii.

527 5661 802 5734 fErtlper
830 5661 904 5731 τῇ
926 5664 1204 5734 προτέρᾳ,
1234 5680 1338 5723 etc.
1367 5668 1568 5728 Catena
1599 5671 1869 5731 Corderii.

409 5729 488 5796 (5)
525 5730 683 5787 Ὧσεὶ
721 5729 915 5804 ἔλεγε,
945 5729 1050 5793 etc.
1085 5729 1304 5797 Eadem.

2023 4526 2110 4581 uis
2137 4527 2283 4580 sicut
2309 4534 2641 4579 momentum
2667 4535 2902 4581 stateram
2937 4545 2955 4576 ι
2991 4525 3158 4591 Nihil,
3191 4525 3388 4595 inquit,
3419 4528 3606 4582 huma-

2024 4634 2217 4674 narum
2243 4633 2424 4672 rerum
2461 4617 2675 4683 stabile,
2714 4619 2810 4674 sed
2839 4619 3016 4673 simile
3046 4619 3261 4672 videtur
3290 4619 3475 4688 vapori
3508 4621 3603 4688 qui

2024 4711 2294 4766 emittitur
2321 4721 2376 4764 et
2411 4711 2672 4767 continuo
2709 4712 3026 4781 dissipatur,
3061 4728 3271 4768 necnon
3326 4723 3606 4768 momento

2025 4812 2275 4866 staterae,
2315 4803 2456 4872 quod
2497 4803 2790 4873 aliquando
2815 4804 3129 4869 dimittitur,
3163 4805 3460 4875 aliquando
3493 4807 3606 4860 eri-

2023 4893 2189 4962 gitur.
2214 4893 2486 4960 Quaeritur
2513 4904 2692 4948 autem
2725 4912 2792 4949 an
2823 4895 3001 4950 sancti
3030 4895 3156 4949 vani
3185 4913 3291 4948 non
3322 4897 3453 4950 sint.
3483 4895 3603 4951 Non

2025 4985 2119 5040 ﬁlii
2147 4987 2430 5041 hominum
2461 4998 2589 5041 sunt
2616 4990 2811 5042 sancti.
2845 4987 3005 5042 Irrita
3037 4989 3183 5042 enim
3219 4988 3359 5044 facta
3391 5000 3475 5044 est
3505 5005 3604 5044 eo-

2024 5095 2140 5133 rum
2169 5080 2466 5134 secundum
2508 5082 2783 5136 hominem
2829 5082 3134 5149 generatio.

2054 5211 2055 5214 η
2097 5171 2257 5245 742
2288 5172 2452 5228 Vens.
2484 5175 2572 5228 12.
2601 5173 2770 5229 Semel
2809 5175 3016 5228 locutus
3052 5184 3128 5227 est
3165 5173 3327 5239 Deus,
3350 5174 3458 5228 duo
3493 5175 3606 5230 Iure

2025 5268 2228 5330 audivi,
2264 5277 2374 5322 etc.
2408 5267 2588 5321 Semel
2634 5267 2849 5322 locutus
2875 5279 2951 5322 est
2990 5266 3133 5323 Deus
3158 5267 3383 5322 verbum
3413 5307 3428 5334 ,
3457 5267 3600 5337 quod

2091 5528 2170 5666 $6)
2207 5529 2458 5584 Μάταιοί
2482 5533 2660 5595 εἰσιν,
2689 5542 2796 5588 etc.
2828 5531 3055 5585 Scheda:
3082 5529 3293 5586 Grabii.

2116 5603 2170 5666 7)
2209 5604 2292 5656 Οὐ
2320 5600 2637 5666 ψεύδομαι,
2663 5615 2771 5656 etc.
2810 5602 3050 5656 Eaedem.

2116 5603 2170 5670 7)
2209 5604 2292 5656 Οὐ
2320 5600 2637 5670 ψεύδομαι,
2663 5615 2771 5656 etc.
2810 5602 3050 5656 Eaedem.

2090 5671 2167 5808 (8)
2192 5677 2258 5726 Ol
2288 5673 2437 5726 κατὰ
2467 5674 2605 5738 τοὺς
2633 5676 2710 5736 0’,
2743 5683 2847 5726 etc.
2885 5672 3120 5729 Eaedem.

2092 5742 2144 5808 (9
2191 5744 2310 5799 Τὸν
2335 5743 2542 5808 λόγον,
2578 5754 2686 5800 etc.
2727 5743 2961 5799 Eaedem.

2092 5742 2167 5814 (9)
2191 5744 2310 5799 Τὸν
2335 5743 2542 5813 λόγον,
2578 5754 2686 5800 etc.
2727 5743 2961 5799 Eaedem.
