3970 6160
560 144 585 200 l
596 142 699 200 487

1903 151 1997 212 EX
2034 154 2337 213 ORIGENE

3622 173 3702 228 nn
3797 151 3798 162 ‘

559 262 627 318 de
684 259 1020 330 providentia
1072 268 1128 317 et
1178 261 1387 332 judicio
1424 281 1731 325 sermonem
1784 270 1969 328 habet.
2021 273 2127 329 Hoc

2164 285 2208 339 Α
2238 277 2369 348 περὶ
2401 278 2659 350 προνοίας
2689 278 2784 335 καὶ
2810 278 3049 351 κρίσεως
3081 280 3277 353 ἔχοντα
3304 283 3465 353 λόγον·
3494 287 3614 344 τοῦτο
3642 292 3706 365 γὰρ

557 355 703 411 enim
733 370 801 411 ex
830 355 895 411 iis
923 370 1043 427 qua
1077 353 1411 427 inferuntur,
1445 361 1627 419 verbis
1647 362 2003 433 signiﬁcatur.

1085 549 1411 610 PSALMUS
1444 552 1603 612 LXII.

627 643 790 698 Vens.
820 641 877 709 2,
904 640 957 696 5.
988 640 1155 708 Deus,
1181 642 1325 699 Deus
1344 662 1513 712 meus,
1542 650 1611 702 ad
1635 660 1685 705 te
1714 653 1778 706 de
1806 653 1924 710 luce
1955 658 2136 728 vigilo.

553 734 732 792 Silivit
758 734 814 788 in
846 744 895 787 te
930 735 1107 788 anima
1134 751 1272 801 mea,
1302 753 1462 806 quam
1496 740 1857 811 multipliciter
1887 746 1982 801 tibi
2007 765 2133 803 caro

554 843 672 881 mea
693 866 709 892 ,
740 826 795 880 in
835 836 981 879 terra
1022 826 1230 880 deserta
1265 838 1314 881 et
1362 830 1504 884 invia
1537 842 1585 886 et
1618 834 1879 906 inaquosa
1902 852 1922 890 :
1954 840 2030 894 sic
2074 843 2132 896 in

551 929 735 975 sancto
762 918 987 988 apparui
1010 918 1127 984 tibi,
1153 931 1210 972 ut
1239 921 1470 977 viderem
1498 926 1740 981 virtutem
1768 938 1915 985 tuam
1946 942 1993 986 et
2017 933 2130 1003 glo-

551 1011 688 1064 riam
718 1020 865 1063 tuam
889 1048 904 1073 ,
952 1018 1060 1065 etc.
1086 1009 1276 1066 Omnis
1315 1012 1404 1080 qui
1448 1012 1644 1080 abjecit
1672 1031 1835 1084 opera
1873 1020 2129 1075 tenebra-

548 1117 669 1157 rum
701 1111 753 1157 et
791 1100 1015 1156 indutus
1051 1110 1134 1157 est
1168 1118 1318 1157 arma
1355 1103 1491 1160 lucis
1517 1144 1534 1171 ,
1575 1105 1642 1161 de
1685 1107 1805 1164 luce
1844 1111 2031 1181 vigilat
2063 1114 2132 1169 ad

546 1195 740 1251 Deum.

620 1286 898 1357 Ejusdem.
953 1286 1067 1342 Deo
1113 1285 1331 1357 quidem
1362 1286 1479 1343 sitit
1523 1289 1570 1343 is
1600 1289 1693 1360 qui
1729 1290 1928 1346 bonum
1962 1292 2077 1347 sitit
2106 1309 2120 1359 ;

546 1377 762 1435 diabolo
795 1392 946 1445 vero,
983 1378 1075 1449 qui
1111 1377 1519 1448 turpitudinem.
1546 1380 1818 1437 Craterum
1848 1383 1902 1437 in
1933 1395 2125 1439 sancto

545 1483 760 1538 quoque
796 1478 1014 1539 oportet
1044 1477 1103 1522 ut
1137 1479 1397 1539 appareat
1428 1470 1536 1526 Deo
1562 1473 1608 1528 is
1644 1474 1737 1544 qui
1774 1474 1921 1530 videt
1954 1477 2125 1532 virtu-

546 1571 654 1615 tem
682 1571 737 1616 et
765 1561 990 1634 gloriam
1020 1561 1159 1631 ejus.
1203 1561 1453 1619 Christus
1485 1575 1668 1621 autem
1702 1566 1800 1623 Dei
1840 1570 2016 1625 virtus
2042 1580 2125 1625 est

545 1662 599 1708 et
620 1652 874 1724 splendor
904 1652 1088 1724 gloria:
1136 1655 1256 1722 ejus
1282 1655 1349 1709 ⁷³.
1388 1656 1451 1711 Ει
1482 1658 1699 1726 quidem
1741 1659 2002 1732 innuptus
2036 1679 2127 1719 ρο·
2158 1633 2200 1689 Β

542 1745 726 1817 gitans
751 1761 871 1816 qua:
898 1746 1112 1801 Domini
1144 1758 1270 1802 sunt
1297 1788 1313 1812 ,
1344 1751 1616 1818 quomodo
1643 1751 1856 1821 placeat
1884 1755 1997 1811 Deo
2019 1796 2034 1819 .
2066 1766 2127 1812 ut

541 1840 615 1896 sit
659 1848 882 1895 sanctus
935 1853 1164 1909 corpore
1212 1850 1267 1894 et
1307 1841 1501 1908 spiritu
1525 1843 1591 1910 ⁷⁸,
1642 1845 1824 1901 dicere
1858 1850 2030 1917 possit
2059 1851 2124 1905 de

540 1946 713 1989 carne
750 1947 849 1987 sua
881 1932 1108 1987 Domino
1132 1972 1147 1997 ,
1184 1950 1203 1984 ι
1239 1931 1360 1987 Tibi
1393 1949 1523 1989 caro
1555 1951 1693 1992 mea.
1729 1957 1749 1990 ι
1804 1938 2126 1998 Fornicator

540 2040 671 2081 vero
700 2026 903 2081 dixerit
929 2024 1164 2092 diabolo,
1217 2045 1235 2077 ι
1270 2025 1392 2083 Tibi
1421 2043 1551 2085 caro
1575 2045 1715 2085 mea.
1748 2049 1767 2084 ι
1803 2031 1904 2100 Qui
1938 2046 2122 2090 castus

537 2127 642 2184 est,
671 2118 873 2174 dixerit
896 2134 1116 2175 carnem
1141 2137 1295 2177 suam
1321 2136 1444 2177 esse
1476 2139 1495 2173 ι
1523 2122 1575 2176 in
1604 2124 1858 2192 deserto;
1890 2144 1909 2179 ι
1943 2142 2120 2197 quan-

538 2209 827 2281 doquidem
857 2228 989 2269 caro
1010 2213 1129 2283 ejus
1153 2224 1238 2269 est
1262 2215 1315 2270 in
1347 2217 1660 2284 solitudine,
1684 2226 1740 2272 et
1771 2235 1792 2269 ι
1817 2217 1870 2272 iu
1902 2221 2071 2286 invio,
2096 2239 2115 2272 ›

536 2318 662 2357 eum
696 2319 802 2359 non
833 2307 1057 2361 accedat
1085 2307 1151 2361 ad
1189 2308 1364 2377 ipsum
1397 2323 1562 2379 prava
1598 2311 1875 2380 cogitatio.
1914 2312 1978 2365 Et
2015 2331 2034 2365 ι
2066 2314 2119 2367 in

537 2395 842 2466 inaquoso:
873 2415 892 2448 ι
928 2396 1196 2468 siquidem
1227 2400 1507 2457 humidum
1534 2410 1621 2457 est
1647 2418 1846 2474 corpus
1879 2405 1997 2475 ejus
2026 2406 2118 2476 qui

535 2504 743 2559 pronus
794 2491 849 2546 in
902 2490 1182 2548 libidinem
1236 2505 1354 2561 est,
1404 2495 1611 2551 siccum
1664 2511 1794 2552 vero
1840 2497 1983 2553 illius
2025 2498 2118 2569 qui

532 2581 827 2651 puritatem
872 2584 1024 2640 colit.
1060 2584 1215 2641 Unde
1237 2587 1523 2643 eunuchus
1551 2588 1628 2643 ait
1654 2589 1735 2644 ἠε
1797 2609 1816 2641 ι
1847 2587 2117 2656 Quoniam

533 2687 637 2744 ego
683 2690 803 2730 sum
834 2675 1039 2747 lignum
1085 2679 1323 2735 aridum.
1349 2700 1369 2735 ι
1411 2679 1615 2737 Verum
1650 2681 1738 2750 qui
1771 2683 1849 2738 sic
1881 2683 1980 2747 ait,
2015 2700 2034 2734 ι
2062 2683 2116 2738 in

533 2775 726 2823 sancto
752 2771 980 2839 apparui
1015 2770 1137 2837 tibi,
1170 2790 1190 2825 ι
1225 2787 1385 2828 mane
1409 2771 1595 2843 vigilat
1638 2775 1703 2829 ad
1736 2775 1935 2844 ipsum,
1964 2783 2022 2830 et
2048 2774 2118 2830 si-

535 2861 602 2915 tit
632 2876 755 2917 eum
807 2863 993 2919 anima
1041 2879 1138 2920 sua
1189 2866 1606 2937 multipliciter,
1640 2877 1696 2923 et
1741 2883 1870 2924 caro
1898 2869 2016 2941 ejus
2060 2867 2112 2924 in

531 2959 680 3009 terra
707 2964 792 3010 est
818 2954 1055 3023 deserta,
1094 2959 1238 3013 invia
1270 2969 1322 3014 et
1349 2959 1635 3031 inaquosa.

602 3046 772 3103 Vsus.
800 3049 855 3104 ι.
886 3049 1147 3115 Quoniam
1178 3052 1366 3105 melior
1394 3068 1470 3108 est
1500 3054 1868 3109 misericordia
1899 3064 1990 3109 tua
2021 3072 2110 3111 su-

529 3154 624 3209 per
654 3141 786 3194 vitae
814 3179 832 3207 ,
868 3141 1014 3196 labia
1043 3158 1158 3197 mea
1191 3144 1485 3200 laudabunt
1514 3156 1596 3209 te.
1632 3157 1742 3205 etc.
1774 3147 1893 3204 Vita
1930 3149 2110 3205 bomi-

528 3232 616 3287 nis
639 3242 724 3288 est
744 3233 972 3289 scientia
998 3246 1222 3303 sancta;
1256 3237 1630 3294 misericordia
1661 3250 1844 3295 autem
1876 3242 2106 3312 Domini,

527 3337 720 3378 eorum
757 3339 878 3394 quae
923 3324 1065 3381 facta
1098 3336 1226 3382 sunt
1269 3330 1678 3400 contemplatio.
1728 3331 1879 3387 Multi
1926 3343 2109 3390 autem

527 3417 686 3473 nobis
711 3415 870 3485 hujus
898 3418 1080 3473 saeculi
1130 3420 1503 3489 promiserunt
1533 3423 1790 3479 scientias
1815 3464 1830 3488 ,
1861 3424 1955 3481 sed
1989 3441 2107 3482 me-

527 3506 632 3564 lior
661 3517 746 3565 est
774 3509 1149 3566 misericordia
1183 3510 1395 3566 Domini
1422 3527 1590 3582 super
1628 3513 1790 3569 vitas.

602 3599 875 3672 Ejusdem.
910 3600 1080 3658 Labia
1112 3617 1232 3658 mea
1256 3642 1272 3669 ,
1304 3603 1502 3674 inquit,
1531 3604 1880 3675 collaudant;
1923 3609 2105 3664 anima

526 3693 748 3761 laudat;
779 3695 1003 3765 spiritus
1029 3703 1086 3749 et
1116 3710 1269 3750 mens
1297 3696 1556 3766 psallunt.

601 3788 694 3845 Sic
719 3789 1024 3843 benedicam
1049 3801 1098 3842 te
1119 3790 1174 3843 in
1200 3791 1309 3844 vita
1340 3805 1477 3845 mea.
1505 3788 1576 3845 1η
1611 3791 1821 3846 nomine
1846 3799 1936 3846 tuo
1964 3791 2106 3848 leua-

528 3883 593 3938 bo
618 3898 807 3938 manus
849 3900 991 3939 meae
1015 3925 1030 3950 ,
1063 3895 1169 3939 etc.
1214 3882 1377 3938 Tollit
1418 3893 1474 3938 et
1507 3882 1707 3938 attollit
1754 3899 1949 3941 manus
1978 3901 2105 3943 suas

525 3981 769 4040 sanctus,
794 3974 921 4030 dum
961 3976 1203 4032 cmlestia
1234 3985 1452 4030 tractat.
1479 3973 1788 4042 Quinetiam
1821 3979 1903 4031 vir
1922 3977 2104 4047 justus

523 4068 580 4123 in
610 4068 828 4123 nomine
861 4067 1074 4124 Domini
1109 4083 1302 4123 manus
1332 4067 1489 4131 tollit,
1527 4076 1746 4138 quando
1765 4083 1833 4125 ex
1859 4071 2012 4126 sanis
2038 4072 2104 4128 de

523 4161 636 4216 Deo
660 4159 1006 4231 dogmatibus
1032 4199 1047 4225 ,
1077 4169 1131 4214 et
1171 4177 1265 4215 sua
1297 4177 1425 4231 erga
1466 4162 1643 4232 ipsum
1673 4162 1873 4231 pietate
1903 4164 2104 4219 attollit

524 4268 554 4307 a
590 4253 819 4308 terrenis
862 4261 1020 4307 actus
1056 4268 1219 4319 suos;
1250 4257 1472 4323 quando
1523 4268 1651 4310 vero
1692 4270 1761 4310 ex
1794 4255 2099 4324 alienigena

2144 483 2212 495 —

2136 2987 2183 3047 ϐ

2242 371 2495 444 δηλοῦται
2514 377 2581 431 ἐκ
2607 376 2716 432 τῶν
2737 379 3151 454 ἐπιφερομένων
3178 380 3373 452 ῥητῶν.

2801 575 3098 630 ΨΑΛΜΟΣ
3144 574 3263 629 EB’.

2321 664 2374 716 Ὁ
2402 664 2567 732 Θεὸς,
2610 669 2644 720 ό
2672 668 2817 733 Θεός
2844 685 2984 737 μου,
3025 667 3186 736 πρὸς
3234 668 3310 721 σὲ
3349 669 3573 738 ὁρθρίζω.
3616 675 3708 731 ἐδί-

2238 756 2406 824 mae
2443 771 2539 811 σοι
2581 759 2620 827 ἡ
2654 759 2827 828 ψυχή
2868 775 3009 828 μου,
3046 759 3386 828 ποσαπλῶς
3431 767 3573 833 σοιή
3611 770 3708 836 σάρξ

2231 864 2373 917 μου,
2402 849 2473 902 ἐν
2516 850 2595 920 γῇ
2629 850 2827 922 ἐρήμῳ
2861 854 2960 907 καὶ
2981 853 3187 918 ἀϐάτῳ
3218 853 3318 908 καὶ
3347 855 3568 924 ἀνύδρῳ
3591 861 3707 929 οὗτος

2234 938 2308 992 ἐν
2326 939 2405 1005 τῷ
2432 941 2578 1011 ἁγίῳ
2605 941 2812 1013 ὤφθην
2824 960 2943 1010 σοι,
2973 946 3084 1000 τοῦ
3119 945 3272 1000 ἰδεῖν
3298 945 3405 1016 τὴν
3421 947 3626 1021 δύναμίν
3639 973 3707 1009 σιν

2236 1030 2332 1084 καὶ
2369 1031 2485 1101 τὴν
2513 1032 2703 1099 δόξαν
2723 1051 2863 1101 σου,
2899 1055 2952 1091 κ.
2979 1055 3029 1090 τ.
3061 1039 3113 1091 ὲ.
3150 1038 3270 1102 Πᾶς
3299 1042 3327 1093 6
3349 1040 3626 1112 ἀποθέμενος
3645 1047 3709 1115 (ll!)

2235 1122 2304 1177 τὰ
2328 1124 2466 1197 ἔργα
2513 1127 2608 1181 τοῦ
2660 1129 2886 1195 σκότους
2929 1131 3023 1185 καὶ
3068 1129 3428 1204 ἐνδυσάμενος
3454 1134 3513 1188 τὰ

2238 1217 2434 1287 φωτὸς,
2463 1219 2705 1291 ὀρθρίζει
2732 1222 2869 1295 πρὸς
2892 1224 2981 1276 τὸν
3008 1223 3170 1279 Θεόν.

2307 1306 2418 1360 Τοῦ
2463 1307 2671 1363 αὐτοῦ.
2708 1310 2799 1382 Τῷ
2845 1311 2963 1383 Θεῷ
2994 1313 3096 1384 μὲν
3138 1312 3257 1385 (Η)
3296 1314 3418 1386 διψᾷ
3446 1316 3471 1369 ὁ
3497 1317 3571 1371 τοῦ
3605 1318 3710 1372 καλξὸ

2231 1397 2419 1468 διψῶν,
2467 1400 2698 1474 διαϐόλῳ
2747 1403 2802 1457 δὲ
2845 1406 2873 1458 6
2913 1404 3008 1458 τοῦ
3040 1406 3296 1477 αἰσχροῦ.
3340 1409 3484 1461 Ἀλλὰ
3509 1410 3710 1483 mihi,

2232 1489 2374 1561 ἁγίῳ
2401 1490 2629 1563 ὀφθῆναι
2648 1492 2729 1546 δεῖ
2759 1493 2836 1566 τῷ
2867 1494 2987 1567 Θεῷ
3018 1496 3115 1549 τὸν
3147 1497 3410 1570 ὀψόμενον
3438 1500 3524 1573 τὴν
3557 1501 3709 1574 δύναμιν

2234 1582 2329 1636 καὶ
2354 1583 2458 1653 τὴν
2501 1583 2660 1652 δόξαν
2697 1587 2883 1643 αὑτοῦ.
2918 1589 3160 1661 Χριστὸς
3196 1592 3256 1645 δὲ
3299 1591 3427 1645 Θεοῦ
3451 1593 3710 1665 δύναμιςκαὶ

2228 1675 2565 1749 ἀπαύγασμα
2594 1680 2692 1751 τῆς
2721 1680 2880 1748 δόξης
2916 1682 3107 1738 αὐτοῦ.
3136 1685 3251 1738 Καὶ
3278 1686 3308 1739 6
3334 1684 3430 1757 μὲν
3455 1685 3627 1758 ἄγαμος
3652 1706 3709 1757 με·

2227 1767 2432 1840 ριμνῶν
2464 1769 2532 1823 τὰ
2576 1770 2671 1823 τοῦ
2707 1772 2935 1843 Κυρίου,
2970 1775 3093 1838 πῶς
3129 1774 3320 1847 ἀρέσει
3343 1776 3418 1847 τῷ
3457 1777 3572 1848 Θεῷ,
3605 1776 3706 1851 ἴναῄ

2223 1859 2376 1929 ἅγιος
2407 1861 2485 1933 τῷ
2510 1861 2722 1933 σώματι
2748 1865 2843 1918 καὶ
2863 1865 2940 1936 τῷ
2967 1866 3270 1938 πνεύματι,
3303 1867 3438 1921 εἴποι
3465 1869 3522 1923 ἂν
3537 1869 3705 1939 περὶτῆς

2222 1953 2415 2009 ἑαυτοῦ
2451 1955 2651 2027 σαρκὸς
2683 1955 2760 2027 τῷ
2793 1958 3001 2030 Κυρίῳ·
3041 1980 3062 2012 ι
3099 1961 3256 2032 Σοὶή
3302 1961 3431 2034 σάρξ
3460 1979 3560 2032 μου.
3596 1961 3705 2015 ,δὲ

2221 2048 2497 2120 πορνεύων
2520 2046 2664 2101 εἴποι
2688 2046 2752 2102 ἂν
2786 2048 2863 2121 τῷ
2891 2050 3148 2125 διαϐόλῳ
3176 2072 3200 2107 e
3229 2054 3363 2127 Σοὶὴ
3395 2054 3514 2127 σάρξ
3535 2073 3659 2127 μ.ουί
3684 2057 3701 2108 ὁ

2220 2141 2279 2195 ἐν
2294 2142 2487 2213 ἁγνείᾳ
2510 2143 2557 2197 δ’
2573 2139 2649 2195 ὢν
2666 2144 2811 2214 λέγοι
2836 2143 2903 2198 ἂν
2927 2145 3024 2216 τὴν
3046 2146 3249 2200 ἑαυτοῦ
3274 2146 3442 2219 σαρκα
3459 2165 3475 2198 ι
3497 2151 3544 2200 ἐν
3559 2151 3605 2217 ri),
3623 2148 3702 2217 ἐρή-

2223 2253 2328 2308 μῳ·
2352 2256 2369 2289 ι
2391 2239 2619 2313 ἐπείπερ
2649 2242 2707 2294 ὲν
2730 2240 2938 2312 ἐρημίᾳ
2961 2241 3115 2296 ἐστὶν
3141 2244 3178 2314 ὴ
3203 2240 3338 2314 σὰρξ
3359 2241 3522 2301 αὐτοῦ.
3541 2243 3610 2295 καὶ
3630 2260 3644 2290 ι
3664 2243 3700 2292 ἐν

2218 2328 2425 2401 ἀὸἀτῳ,
2450 2350 2469 2383 ι
2500 2332 2620 2385 οὐδὲ
2650 2333 2888 2405 πονηροῦ
2933 2333 3204 2405 λογισμοῦ
3228 2335 3559 2397 ἐπιϐαίνοντος
3587 2331 3699 2402 αὐτῷ.

2226 2439 2245 2474 ι
2274 2424 2381 2477 Καὶ
2411 2425 2471 2478 ὲν
2495 2426 2726 2497 ἀνύδρῳ·
2756 2447 2776 2479 ›
2808 2427 2974 2499 ὑγρὸν
3005 2428 3109 2499 μὲν
3132 2429 3316 2501 γὰρτὸ
3344 2427 3568 2501 σῶματοῦ
3589 2444 3698 2479 κατα·

2219 2516 2436 2589 φεροῦςν
2462 2518 2624 2590 ξηρὸν
2653 2519 2710 2572 δὲ
2730 2518 2791 2572 τὸ
2811 2518 2904 2574 τοῦ
2940 2520 3357 2593 καθαρεύοντος.
3386 2517 3698 2575 Ὄθενὸεὑνοῦ·

2217 2626 2312 2680 χος
2336 2609 2502 2679 λέγει·
2537 2630 2555 2663 ι
2583 2611 2705 2666 Ὅτι
2733 2610 2845 2681 ἐγώ
2872 2614 2989 2684 ειμι
3025 2613 3187 2679 ξύλον
3218 2614 3396 2687 ξηρόν.
3434 2632 3452 2666 ι
3482 2612 3593 2683 [πλὴν
3611 2610 3695 2663 tu.

2216 2721 2329 2774 γων
2360 2702 2553 2771 οὕτως,
2590 2724 2610 2758 ι
2644 2707 2702 2759 ὲν
2716 2705 2793 2778 τῷ
2825 2706 2968 2778 ἁγίῳ
2991 2705 3185 2779 ὤφθην
3212 2726 3313 2773 σοι,
3336 2726 3354 2759 ι
3384 2705 3581 2779 ὀρθρίζει
3604 2703 3693 2774 πρὸς

2215 2795 2369 2865 Θεὸν,
2397 2797 2489 2851 καὶ
2505 2797 2632 2870 διψᾷ
2653 2798 2831 2870 ἑαυτῷ
2854 2802 2920 2871 τῇ
2945 2800 3088 2871 ψυχῇ
3117 2799 3312 2855 ἑαυτοῦ
3340 2794 3690 2860 πολλαπλὰαιῑ

2214 2886 2249 2957 ἡ
2279 2885 2417 2959 σὰρξ
2438 2888 2604 2941 αὐτοῦ
2641 2890 2700 2944 ὲν
2724 2892 2795 2961 γῇ
2825 2893 2973 2944 ἐστιν
3001 2892 3218 2965 ἐρήμῳ,
3242 2891 3417 2963 ἀϐάτῳ
3434 2890 3512 2943 καὶ
3529 2886 3690 2956 ovilia»

2286 3070 2406 3122 Ὅτι
2431 3068 2720 3138 κρεῖσσον
2738 3070 2805 3125 τό
2821 3072 2993 3139 ἔλεός
3015 3088 3133 3126 σου
3158 3072 3307 3141 ὑπὲρ
3329 3069 3475 3136 ζωὰς,
3496 3068 3554 3121 τὰ
3572 3063 3686 3136 χείλη

2204 3178 2325 3231 μου
2357 3162 2753 3218 ἐπαινέσουσί
2784 3180 2878 3229 σε,
2913 3182 2967 3218 κ.
2991 3181 3042 3218 τ.
3068 3166 3115 3218 ἐ.
3164 3166 3227 3219 Ἦ
3253 3166 3346 3237 μὲν
3372 3161 3456 3217 τοῦ
3482 3156 3681 3226 ἀνθρώπω

2210 3254 2323 3327 ζωὴ
2360 3255 2471 3326 (12)
2502 3259 2534 3326 ἡ
2567 3257 2696 3325 ἁγία
2722 3256 2922 3327 γνῶσις
2948 3257 3210 3329 ὑπάρχει·
3241 3258 3300 3311 τὸ
3327 3257 3381 3310 δὲ
3407 3255 3529 3316 ἕλεος
3544 3248 3682 3319 Κυρίου

2207 3348 2242 3418 ἡ
2279 3347 2387 3401 τῶν
2432 3349 2733 3417 γεγονότων
2782 3349 2986 3422 θεωρία
3028 3349 3168 3402 ὲστί.
3216 3345 3399 3403 Πολλοὶ
3430 3347 3478 3401 δὲ
3499 3345 3597 3415 ἡμῖν
3619 3334 3678 3390 τοῦ

2208 3440 2401 3505 αἰῶνος
2426 3440 2613 3494 τούτου
2643 3441 3051 3512 καθυπέσχοντο
3077 3439 3324 3509 γνώσεις·
3349 3436 3469 3492 ἀλλὰ
3497 3434 3675 3505 κρεῖσσον

2206 3532 2267 3586 τὸ
2297 3531 2444 3597 ἔλεος
2475 3534 2680 3606 Κυρίου
2710 3535 2852 3608 ὑπὲρ
2879 3534 3044 3600 ζωάς·
3410 3622 3415 3623 ν
3514 3618 3524 3623 _
3646 3610 3660 3623 ,

2282 3621 2400 3677 Τοῦ
2432 3624 2637 3678 αὑτοῦ.
2669 3624 2751 3678 Τὰ
2798 3625 2948 3697 χείλη
2993 3626 3106 3700 (15)
3136 3645 3262 3699 μου,
3309 3622 3472 3694 φησιν,
3510 3618 3674 3671 ἐπαινεῖν

2204 3704 2349 3785 ψυχὴ
2398 3713 2453 3766 δὲ
2470 3715 2629 3778 αἰνεῖ,
2652 3713 2871 3786 πνεῦμα
2898 3716 2957 3769 δὲ
2985 3718 3079 3772 καὶ
3110 3719 3235 3782 νοῦς
3256 3714 3505 3787 ψάλλουσι.

2281 3805 2479 3872 Οὕτως
2493 3806 2809 3876 εὐλογήσω
2836 3824 2911 3861 σε
2935 3808 3007 3862 ἐν
3036 3808 3113 3878 τῇ
3145 3807 3260 3879 ζωῇ
3288 3824 3415 3877 μου,
3443 3795 3575 3861 ἐντῷ
3592 3793 3673 3845 ὀνο·

2198 3898 2341 3968 ματί
2385 3913 2501 3952 σου
2535 3898 2658 3967 ἀρῶ
2697 3899 2802 3965 τὰς
2842 3899 3044 3968 χεῖράς
3076 3918 3221 3970 μου,
3244 3918 3294 3954 κ.
3323 3915 3371 3951 τ.
3407 3897 3446 3949 ἐ.
3470 3890 3586 3961 Λῖρει
3611 3878 3670 3935 καὶ

2204 3992 2420 4065 ἐπαίρει
2460 3989 2570 4064 (14)
2622 3990 2721 4054 τὰς
2768 3994 2958 4063 χεῖρας
3017 3993 3213 4046 ἑαυτοῦ
3254 3995 3282 4047 6
3320 3992 3471 4059 ἅγιος,
3515 3977 3670 4051 οὐράνια

2203 4084 2477 4157 πράττων.
2500 4083 2652 4156 Αῐρει
2679 4083 2736 4136 δὲ
2759 4085 2853 4137 καί⁸
2875 4085 2974 4149 τὰς
2996 4089 3183 4158 χεῖρας
3202 4088 3229 4140 6
3253 4085 3437 4143 δίκαιος
3452 4079 3500 4130 ἐν
3515 4072 3667 4158 ὀνόμπτξ

2200 4156 2294 4230 τοῦ
2316 4175 2541 4248 Κυρίου,
2571 4176 2659 4229 ὅτε
2692 4176 2798 4229 ἀπὸ
2822 4177 2989 4246 ὑγιῶν
3026 4156 3309 4248 δογμάτων
3337 4174 3448 4243 περὶ
3467 4164 3585 4226 Θεοῦ,
3608 4156 3666 4248 tul

2201 4267 2301 4338 τῆς
2342 4245 2422 4331 εἰς
2465 4266 2624 4320 αὑτὸν
2650 4245 2934 4331 εὐσεϐείας
2971 4245 3187 4337 ἐπαίρει
3212 4266 3313 4321 ἀπὸ
3340 4263 3432 4317 τῶν
3456 4257 3606 4328 γηΐνων
3626 4245 3664 4298 τὸ

522 4346 703 4418 aliqua
735 4344 1003 4411 doctrina,
1038 4345 1177 4401 tollit
1207 4347 1427 4416 quidem
1462 4362 1658 4404 manus
1686 4364 1836 4417 suas,
1864 4351 1957 4405 sed
1987 4365 2090 4405 non

2127 4349 2172 4404 D
2200 4356 2501 4429 πρακτικὸν
2518 4356 2731 4411 ἑαυτοῦ·
2751 4358 2838 4411 ὅτε
2864 4357 2921 4410 δὲ
2949 4358 3008 4422 ἐξ
3031 4357 3320 4425 ἀλλοφύλου
3348 4352 3470 4413 τινος
3490 4346 3662 4399 διδασκα-

521 4437 577 4492 in
606 4437 829 4493 nomine
854 4436 1089 4493 Domini.

595 4622 757 4697 743
789 4621 957 4678 Vens.
987 4621 1040 4678 6.
1088 4621 1238 4678 Sicut
1265 4624 1418 4691 adipe
1454 4633 1505 4678 et
1551 4628 1869 4697 pinguedine
1891 4627 2096 4697 replea-

519 4724 610 4772 tur
635 4716 816 4769 anima
843 4730 982 4780 mea,
1014 4723 1124 4771 etc.
1160 4713 1399 4771 Delieata
1425 4726 1481 4771 et
1507 4715 1644 4772 bene
1658 4718 1867 4772 nutrita
1892 4720 2092 4776 anima.

517 4806 1281 4875 lstudttManducaverunt,
1344 4818 1401 4863 et
1468 4809 1834 4865 adoraverunt
1905 4826 2097 4869 omnes

516 4901 748 4983 pingues
793 4910 957 4955 terra:
978 4900 1046 4965 "',
1074 4919 1094 4952 ι
1129 4900 1199 4953 ad
1228 4902 1556 4956 sententiam
1608 4902 1749 4958 hanc
1781 4917 2095 4962 accommo-

517 4996 645 5050 dum
678 5004 780 5051 est.
815 4993 1285 5060 Quemadmodum
1320 4995 1465 5049 enim
1499 4996 1553 5048 in
1602 4996 1740 5049 cibis
1800 4997 2098 5066 corporali-

514 5093 617 5150 bus
656 5092 878 5162 pinguia
924 5101 980 5146 et
1015 5091 1164 5146 bene
1191 5088 1391 5142 nutrita
1434 5085 1686 5142 animalia
1710 5086 1918 5156 aptiora
1956 5098 2084 5145 sunt

2199 4428 2339 4513 λίας,
2371 4448 2516 4520 αἴρει
2546 4448 2646 4520 μὲν
2670 4448 2769 4514 τὰς
2796 4451 2984 4523 χεῖρας
3018 4448 3234 4515 ἑαυτοῦ,
3262 4450 3320 4503 οὐ
3351 4444 3437 4517 μὲν
3454 4439 3508 4508 δή
3527 4438 3572 4488 ἐν
3585 4428 3662 4484 ἀντί’

2202 4556 2329 4610 ματι
2354 4538 2581 4611 Κυρίου.

2272 4631 2431 4687 Ὠσεὶ
2489 4635 2740 4700 στέατος
2791 4633 2889 4688 καὶ
2953 4635 3233 4703 πιότητος
3280 4622 3585 4703 ἐμπλησθείη
3624 4613 3648 4681 ’l

2190 4724 2361 4794 ψυχή
2386 4741 2527 4793 μου,
2551 4741 2604 4779 κ.
2634 4741 2684 4777 τ.
2712 4726 2760 4779 ὲ,
2792 4723 3015 4797 Λιπαρὰ
3045 4725 3139 4780 καὶ
3160 4725 3267 4797 (l5)
3291 4717 3525 4793 εὐτραφὴς
3543 4704 3654 4780 ψυχή·

2194 4813 2289 4877 Τὸ,
2325 4833 2343 4865 ι
2383 4814 2626 4883 Ἐφαγον
2674 4814 2769 4867 καὶ
2800 4815 3214 4887 προσεκύνησαν
3251 4816 3426 4875 πάντες
3460 4809 3499 4862 oi
3532 4802 3653 4887 πίονες

2189 4908 2289 4978 τῆς
2313 4905 2437 4976 γῆς’
2473 4924 2492 4956 ⁹
2527 4907 2793 4977 χρήσιμον
2818 4884 2898 4970 εὶς
2925 4906 2988 4960 τὸ
3017 4884 3200 4980 ῥητόν.
3240 4906 3472 4974 Καθάπερ
3495 4895 3574 4966 γὰρ
3591 4884 3650 4943 ἐπὶ

2193 4999 2300 5054 τῶν
2326 4997 2652 5070 σωματικῶν
2675 4998 2982 5071 βρωμάτων
3007 5000 3157 5054 δοκεῖ
3182 5001 3249 5056 τὰ
3273 5000 3412 5053 πίονα
3431 4992 3503 5048 καὶ
3519 4988 3645 5081 εὐτριι·

2195 5091 2271 5162 φῆ
2296 5090 2405 5145 τῶν
2431 5089 2586 5154 ζώων
2618 5089 2855 5162 κρείττω
2904 5092 3192 5164 τυγχάνειν
3220 5092 3344 5165 πρὸς
3375 5084 3543 5161 ἡδονὴν,
3575 5085 3644 5126 των

583 5254 631 5290 ’³
659 5254 825 5311 llebr.
868 5269 908 5319 I,
937 5253 992 5308 3.
1066 5251 1112 5283 ⁷⁸
1140 5249 1159 5305 l
1189 5249 1314 5305 Cor.
1340 5263 1436 5316 HI,
1464 5247 1555 5303 34.
1631 5246 1676 5278 "
1712 5246 1810 5300 Isa.
1844 5263 1954 5314 LVI,
1989 5249 2044 5305 ὅ.
2119 5251 2167 5283 ’⁸
2192 5250 2337 5306 Psal.
2367 5267 2480 5315 ut,
2500 5249 2591 5304 50.

584 5392 698 5463 (l0)
728 5392 856 5463 Πᾶς
904 5396 939 5448 ὀ
984 5391 1371 5462 ἀποθέμενος,
1402 5399 1507 5446 etc.
1552 5387 1780 5444 Scltedat
1812 5386 1996 5445 Gt'abii
2032 5395 2084 5445 et

512 5462 682 5521 codex
712 5462 1086 5518 Coislinianus
1117 5467 1345 5531 primus.

583 5534 698 5604 (ll)
736 5531 820 5604 1ζῶ
849 5531 1135 5604 Θεῷ-μέν,
1162 5533 1501 5604 οιοχϐιιιεηο
1525 5530 1795 5604 Gorderii.

583 5594 696 5675 (ιε)
741 5594 1092 5673 Ἠμὲν’ζῶή,
1121 5594 1226 5660 etc.
1263 5600 1489 5660 Sebedze
1524 5601 1731 5659 Grabii.

2267 5394 2379 5466 (1⁵)
2418 5393 2495 5450 Τὰ
2520 5396 2733 5466 χείλη,
2785 5400 2897 5445 etc.
2942 5390 3124 5451 Codex
3155 5390 3474 5453 Coislinianns
3505 5386 3632 5435 secun-

2192 5465 2374 5608 ᾱυῗίθ)
2404 5533 2566 5602 Αἵρει
2590 5533 2696 5608 καὶ,
2714 5538 2965 5608 ἐπαίρει,
2985 5550 3093 5594 etc.
3118 5536 3330 5608 Scheda:
3357 5519 3516 5608 Dubii.

2266 5601 2379 5676 (ιδ)
2415 5601 2647 5674 Λίπαρά
2670 5605 2759 5675 δέ,
2787 5601 2894 5668 etc.
2933 5601 3139 5667 Catena
3168 5601 3405 5677 Corderii.
