3970 6160
397 389 531 447 1189

1341 367 1653 436 SELECTA
1690 378 1757 437 IN
1789 376 2131 436 PSALMOS.
2168 379 2245 421 -’
2271 368 2478 434 PSAL.
2521 357 2702 431 LXIII.

3511 380 3647 438 1490

389 509 487 578 οὐχ
520 502 691 568 οὕτως
712 502 946 574 ἑχόντων
967 516 980 531 ·
1016 498 1159 556 οῦτω
1191 496 1291 556 καὶ
1322 496 1415 552 ἐπὶ
1441 499 1549 557 τῶν
1579 500 1963 574 πνευματικῶν

2079 498 2141 554 ad
2172 497 2505 569 voluptatem
2528 503 2691 561 quam
2723 495 2808 552 illa
2836 509 2956 568 quae
2994 511 3098 553 non
3137 504 3265 552 sunt
3311 496 3459 565 talia,
3485 498 3558 553 ita
3593 500 3645 555 in

390 596 652 665 ἀνάλογόν
683 597 833 648 ἐστιν
864 592 1164 666 ἑκατέροις.
1199 590 1312 665 Τῆς
1332 591 1512 664 ψυχῆς
1537 594 1643 668 γὰρ
1674 594 1773 665 τὴν
1802 593 1970 666 ὑπερ-

389 688 618 759 έχουσαν
665 686 874 758 τροφὴν
914 684 1072 750 εἰδὼς
1124 688 1154 740 6
1206 685 1493 758 προφήτης
1518 726 1533 751 ,
1581 686 1755 742 ταῦτά
1813 704 1966 758 φησι.

388 777 624 835 Τοιαῦτα
650 779 760 851 γὰρ
787 774 856 852 ἦν
889 778 1029 850 τάχα
1060 778 1156 833 καὶ
1189 776 1257 833 τὰ
1281 776 1419 831 κατά
1448 778 1547 851 τὴν
1575 778 1885 851 παραϐολὴν
1910 780 1970 834 ὲν

388 871 743 942 Εὐαγγελίοις
782 870 877 926 τοῦ
923 871 1123 942 μόσχου
1164 869 1259 924 τοῦ
1290 870 1557 925 σιτευτοῦ.
1590 890 1609 924 ι
1661 872 1773 925 Καὶ
1818 871 1968 945 χείλη

385 964 762 1034 ἀγαλλιάσεως
794 963 999 1018 αἰνέσει
1035 963 1097 1016 τὸ
1131 964 1306 1036 στόμα
1351 980 1473 1033 μου.
1516 981 1535 1015 ι
1578 961 1901 1035 Ἀμφίϐολος
1934 964 1968 1036 ἡ

387 1056 566 1123 λέξις·
594 1057 713 1128 ’ήτοι
751 1056 861 1128 γὰρ
888 1054 1266 1127 αίνεσθήσεται
1290 1055 1353 1108 τὸ
1378 1054 1553 1127 στόμα
1584 1072 1685 1127 μου
1728 1055 1831 1109 ὑπὸ
1860 1072 1972 1125 χει-

298 1175 305 1181 ι
386 1148 525 1203 λέων
552 1147 946 1217 ἀγαλλιάσεως,
982 1146 1015 1218 ἦ
1039 1146 1418 1219 αἰνεσθήσεται
1444 1147 1512 1201 τά
1538 1146 1691 1218 χείλη
1713 1146 1972 1217 ἀγαλλιά-

388 1257 528 1306 σεως
553 1240 660 1295 ύπδ
696 1239 791 1294 τοῦ
831 1239 1098 1312 στόματός
1142 1256 1265 1311 μου.
1303 1240 1495 1307 Ὅταν,
1534 1241 1689 1311 φησὶ,
1730 1239 1826 1295 τοῦ
1873 1238 1969 1294 σοῦ

385 1336 651 1408 ὀνόματος
694 1337 753 1389 ἐν
789 1335 976 1407 μνήμῃ
1028 1335 1298 1405 γένωμαι,
1340 1333 1462 1388 τότε
1504 1334 1570 1407 δή
1616 1334 1739 1389 τότε
1795 1335 1971 1407 χαρᾶς

390 1428 691 1503 πληροῦται
725 1428 795 1482 τὰ
826 1427 981 1499 χείλη
1006 1445 1133 1493 μου.

458 1522 530 1575 El
557 1521 977 1590 ἐμνημόνευόν
1016 1536 1133 1575 σου
1165 1519 1265 1574 ἐπὶ
1315 1516 1427 1589 τῆς
1468 1517 1787 1589 στρωμνῆς
1823 1536 1969 1590 μου,

388 1625 444 1662 κ.
478 1625 529 1662 τ.
563 1610 611 1665 ὲ.
642 1608 875 1663 Πιθανον
901 1611 981 1674 είς
1009 1609 1235 1678 ἁγνείαν
1270 1606 1384 1681 (16)
1428 1609 1829 1682 προτρεπτικόν
1849 1625 1863 1640 ·
1892 1609 1971 1674 ὡς

388 1698 484 1754 τοῦ
509 1700 603 1754 ἐπὶ
626 1700 727 1771 τῆς
743 1701 1038 1773 στρωμνῆς
1068 1699 1496 1773 μνημονεύοντος
1522 1700 1630 1754 τῶν
1652 1700 1792 1755 κατὰ
1812 1699 1969 1768 Θεὸν,

389 1790 609 1856 πάντως
628 1791 1047 1864 καθαρεύοντας.
1088 1791 1318 1863 Ὁμοίως
1343 1792 1439 1845 καὶ
1463 1790 1544 1856 τὸ,
1578 1811 1596 1843 ι
1620 1792 1710 1844 Ἐν
1738 1789 1970 1863 δάκρυσί

2071 590 2454 662 spiritualibus
2498 590 2848 656 proportione
2891 590 3125 660 quadam
3158 588 3641 661 acciditutrisque.

2071 683 2342 755 PrOpheta
2375 682 2545 747 enim,
2596 696 2720 738 cum
2764 682 3259 753 supereminentem
3308 684 3504 739 anima:
3560 685 3643 739 ci-

2071 775 2197 831 bum
2232 774 2401 844 probe
2435 782 2642 841 nosset,
2667 776 2783 831 haec
2810 776 2959 831 dicit.
2988 774 3267 845 Ejusmodi
3302 775 3444 831 enim
3488 784 3646 831 erant

2069 868 2234 923 etiam
2267 867 2354 922 illa
2382 882 2504 939 quae
2536 883 2636 937 per
2656 868 2966 939 parabolam
3004 869 3055 923 iu
3095 868 3402 939 Evangeliis
3447 869 3648 925 haben-

2072 967 2160 1015 tur
2192 958 2263 1014 de
2292 961 2463 1016 vitulo
2490 960 2756 1030 saginato.
2780 979 2800 1014 ι
2830 961 2896 1017 Ει
2928 961 3086 1018 labiis
3107 961 3494 1017 exsultationis
3526 962 3643 1017 Iau-

2070 1052 2221 1108 dabit
2249 1066 2314 1108 os
2344 1067 2544 1109 meum.
2578 1070 2598 1105 ι
2635 1052 2900 1123 Ambigua
2929 1063 3014 1110 est
3043 1053 3096 1109 in
3130 1053 3321 1111 Graeco
3347 1054 3644 1120 sententia,

2070 1150 2254 1196 utrum
2305 1141 2558 1198 videlicet
2601 1142 2928 1198 laudandum
2974 1143 3047 1198 sit
3093 1157 3158 1199 os
3207 1158 3441 1200 meuma
3481 1143 3642 1200 labiis

2069 1231 2466 1300 exsultationis,
2502 1234 2587 1290 vel
2625 1234 2892 1289 laudanda
2935 1234 3046 1290 sint
3090 1234 3232 1290 labia
3265 1237 3647 1292 exsultationis

2070 1325 2141 1381 ab
2168 1340 2264 1381 ore
2296 1341 2437 1381 meo.
2470 1326 2718 1393 Quando,
2752 1326 2946 1397 inquit,
2987 1342 3198 1383 memor
3225 1327 3381 1384 fuero
3410 1328 3648 1383 nominis

2073 1412 2175 1479 tui,
2208 1422 2337 1473 tunc
2382 1415 2570 1485 utique
2619 1429 2747 1471 tunc
2778 1416 2971 1487 gaudio
3005 1416 3302 1487 implentur
3329 1417 3471 1474 labia
3503 1433 3648 1474 mea.

2141 1500 2306 1559 Vsus.
2340 1506 2395 1559 7.
2433 1504 2493 1560 Si
2547 1522 2745 1560 meumr
2784 1506 2866 1575 fui
2914 1507 2993 1562 tui
3048 1525 3208 1576 super
3254 1518 3505 1575 stratum,
3532 1519 3646 1567 etc.

2070 1593 2268 1651 Idonea
2296 1597 2523 1652 monitio
2555 1596 2621 1651 ad
2654 1597 2966 1653 castitatem
2993 1617 3008 1667 ;
3038 1601 3294 1671 quoniam
3325 1599 3373 1656 is
3421 1601 3513 1671 qui
3548 1616 3646 1656 su-

2070 1702 2168 1757 per
2204 1698 2378 1746 strato
2438 1705 2650 1746 memor
2695 1701 2781 1748 est
2832 1706 3018 1749 rerum
3054 1693 3384 1757 divinarum,
3420 1693 3647 1750 omnino

2070 1797 2239 1853 purus
2259 1783 2339 1837 iit.
2371 1782 2561 1840 Simile
2584 1793 2669 1839 est
2692 1786 2855 1841 etiam
2884 1785 3016 1841 illud
3043 1803 3057 1840 :
3092 1804 3111 1837 ι
3141 1786 3198 1840 lu
3224 1784 3483 1858 lacrymis
3512 1786 3649 1843 meis

388 1900 495 1955 μου
525 1884 624 1956 τὴν
655 1859 947 1956 στρωμνήν
994 1901 1095 1955 μου
1124 1859 1321 1955 β-ρέξω.
1368 1902 1386 1934 ι
1439 1884 1550 1937 Kal.
1601 1881 1712 1954 γὰρ
1740 1859 1966 1937 ἀποστε-

2079 1886 2302 1932 stratum
2339 1890 2519 1932 meum
2553 1877 2826 1948 rigabo".
2852 1895 2871 1930 ι
2906 1876 3119 1935 Etenim
3151 1876 3474 1934 deiraudant
3504 1877 3652 1935 invi-

391 1976 578 2050 ροῦσιν
606 1976 869 2048 ἀλλήλους
894 1976 945 2029 οἱ
979 1975 1331 2047 σχολάζοντες
1361 1978 1425 2047 τῇ
1456 1978 1755 2048 προσευχῇ.

474 2069 818 2139 Ἐκολλήθη
854 2071 892 2138 ἡ
926 2069 1097 2140 ψυχή
1137 2088 1257 2139 μου
1302 2070 1496 2124 ὀπίσω
1538 2086 1677 2135 σου,
1720 2086 1774 2124 κ.
1826 2086 1880 2124 τ.
1919 2068 1966 2123 ὲ.

392 2163 457 2216 EI
488 2163 518 2216 6
546 2162 886 2235 κολλώμενος
934 2163 1046 2230 (17)
1080 2162 1159 2234 τῷ
1191 2162 1381 2235 Κυρίῳ
1424 2161 1484 2216 ἓν
1530 2160 1750 2234 πνεῦμά
1798 2163 1969 2227 ἐστιν,

389 2254 654 2327 ἐκολλήθη
687 2254 743 2308 δὲ
763 2257 791 2309 6
805 2253 971 2309 Δαυῒδ
989 2254 1067 2327 τῷ
1083 2254 1295 2327 Κυρίῳ,
1313 2255 1422 2328 ἀρα
1443 2253 1501 2310 ἓν
1524 2255 1715 2324 γέγονε
1733 2252 1966 2326 πνεῦμα.

390 2346 616 2418 Πνεῦμα
645 2346 703 2401 δὲ
735 2347 825 2401 τὸν
861 2346 1233 2419 πνευματικὸν
1270 2347 1546 2419 ὀνομάζει,
1578 2348 1655 2412 ὼς
1685 2347 1781 2401 καὶ
1823 2349 1856 2418 ή
1896 2346 1970 2419 μὴ

389 2455 563 2511 περπε
573 2439 837 2511 ρευομένη
871 2440 1061 2513 ἀγάπη
1093 2440 1184 2494 τὸν
1218 2438 1408 2512 ἔχοντα
1432 2441 1531 2511 τὴν
1549 2439 1770 2512 ἀγάπην
1793 2439 1961 2511 δηλοῖ.

388 2528 498 2581 Καὶ
518 2529 758 2601 Μωῦσῆς
784 2531 874 2584 ὅτε
906 2531 974 2584 τά
1007 2528 1229 2583 ὀπίσθια
1254 2525 1360 2583 εἶδε
1384 2528 1478 2582 τοῦ
1493 2527 1647 2596 Θεοῦ,
1673 2529 1796 2583 τότε
1817 2528 1969 2582 ἐκολ-

386 2618 525 2693 λήθη
560 2621 593 2691 ή
627 2621 775 2692 ψυχὴ
808 2621 973 2675 αὐτοῦ
1005 2620 1188 2676 ὀπίσω
1219 2621 1313 2676 τοῦ
1348 2620 1508 2678 θεοῦ.

460 2696 935 2770 Εἰσελεύσονται
963 2716 1052 2780 εις
1088 2712 1161 2767 τὰ
1202 2712 1527 2779 κατώτατα,
1564 2731 1620 2767 κ.
1664 2730 1714 2768 τ.
1739 2714 1787 2768 ἑ.
1821 2714 1971 2785 Ὅσῳ

385 2806 563 2876 χεῖται
588 2804 700 2874 (18)
726 2806 760 2876 ή
787 2804 959 2859 κακία
978 2804 1142 2871 τινος,
1167 2806 1407 2876 τοσούτῳ
1429 2804 1722 2877 κατωτέρω
1748 2804 1972 2875 γινόμε-

383 2909 496 2959 νος,
531 2893 840 2965 εἰσέρχεται
872 2894 953 2957 είς
985 2894 1053 2948 τά
1082 2891 1367 2966 κατώτερα
1390 2894 1489 2967 τῆς
1523 2894 1646 2966 γῆς.
1679 2892 1971 2966 Τροπικῶς

381 2984 441 3039 δὲ
478 3005 497 3038 ι
540 2988 724 3057 χεῖρες
772 2985 1065 3056 ῥομφαίας,
1105 3005 1124 3038 a
1151 2986 1225 3051 ὡς
1274 2988 1454 3058 χεῖρες
1497 2984 1768 3058 γλώσσης.
1804 3003 1824 3037 r
1857 2986 1973 3040 Με-

385 3076 534 3149 ρίδες
560 3076 860 3131 ἀλωπέκων
884 3077 1118 3135 ἔσονται.
1149 3096 1167 3130 ι
1197 3079 1355 3143 Φασὶ,
1384 3079 1513 3143 τοὺς
1542 3078 1783 3143 λέοντας,
1817 3080 1969 3133 ἐπει-

383 3166 480 3221 δάν
509 3183 656 3231 τινος
689 3166 1057 3222 ἐπιλάϐωνται
1086 3167 1246 3233 ζώου,
1283 3170 1467 3240 ῥοφεῖν
1495 3187 1556 3224 τε
1585 3170 1649 3223 τὸ
1675 3164 1836 3241 αἷμα,
1870 3169 1967 3224 καὶ

383 3257 742 3327 ἀρπακτικῶς
781 3258 981 3312 ἐσθίειν
1028 3259 1090 3313 τὸ
1135 3233 1468 3330 προσπεσὸν,
1510 3261 1605 3315 καὶ
1631 3233 1867 3333 μάλιστα
1893 3259 1963 3315 τὰ
1991 3233 2035 3292 c

381 3346 690 3419 κυριώτερα
712 3348 821 3403 τῶν
853 3348 1052 3422 μελῶν,
1075 3350 1143 3405 τὰ
1167 3352 1222 3407 δὲ
1251 3350 1480 3423 περιττὰ
1505 3351 1958 3425 καταλιμπάνειν·

380 3438 553 3494 ταῦτα
589 3440 646 3494 δὲ
667 3440 768 3505 τὰς
792 3440 1084 3507 ἀλώπεκας
1116 3443 1381 3515 εὑρούσας
1423 3443 1657 3498 ἐσθίειν·
1709 3445 1832 3499 ἐπεὶ
1874 3439 1969 3499 οῦν

381 3530 654 3587 ἐσθίουσιν
697 3527 855 3588 αὗται
902 3534 974 3590 τὰ
1011 3537 1142 3609 παρ’
1171 3537 1401 3601 ἐκείνοις
1443 3537 1542 3609 ήδη
1587 3536 1964 3609 ἀναιρεθέντα,

378 3623 537 3678 τοῦτό
568 3642 756 3698 φησιν,
803 3626 886 3680 ὅτι
912 3628 1171 3700 τιμωρίαι
1197 3629 1398 3693 αὐτοὺς
1428 3628 1676 3701 διάφοροι
1704 3629 1970 3694 διαδέξον-

377 3733 489 3783 ται,
518 3718 612 3772 καὶ
639 3718 748 3772 ἀπὸ
784 3718 987 3774 τούτων
1008 3722 1087 3785 εἰς
1116 3720 1334 3795 ἑτέρους
1361 3721 1710 3794 ἐμπεσόντες,
1724 3720 1967 3794 διαφόρῳ

377 3812 445 3882 τῇ
477 3811 721 3884 τιμωρίᾳ
745 3813 1258 3886 περιϐληθήσονται.

457 3901 570 3958 Τοῦ
625 3905 834 3960 αὐτοῦ.
869 3906 986 3960 Ἵνα
1017 3906 1410 3972 πιστεύσαντες
1457 3908 1571 3982 (19)
1616 3906 1865 3965 σωθῶσιν
1888 3909 1968 3982 τῷ

378 3995 693 4051 κατελθόντι
723 3999 805 4063 είς
834 3998 906 4053 τὰ
931 3999 1220 4075 κατώτερα
1256 4000 1396 4073 μέρη
1433 4001 1533 4073 τῆς
1553 4001 1680 4073 γῆς.

455 4090 566 4147 Τοῦ
594 4091 801 4147 αὐτοῦ.
842 4093 984 4157 Τοὺς
1023 4093 1416 4166 καταχθονίους
1449 4093 1562 4167 (20)
1589 4094 1851 4167 δαίμονας
1870 4094 1966 4151 νῦν

378 4181 668 4249 ἀλώπεκας
695 4186 969 4258 ὀνομάζει,
997 4181 1080 4253 οἷς
1103 4186 1199 4242 καὶ
1223 4186 1606 4242 παοαδίδονται
1637 4188 1776 4261 πρὸς
1805 4188 1967 4245 κόλα-

384 4289 468 4328 σιν
492 4276 543 4329 οἱ
563 4276 796 4349 ἐπίγειοι
814 4278 1090 4351 δαίμονες.

2073 1983 2190 2027 cem
2221 1980 2479 2025 vacantes
2504 1969 2758 2024 orationi.

2147 2060 2310 2116 Vsus.
2343 2061 2397 2114 9.
2431 2059 2669 2115 Adhaesit
2701 2059 2883 2116 anima
2912 2078 3028 2118 mea
3050 2071 3168 2134 post
3194 2072 3263 2130 te,
3292 2069 3399 2120 etc.
3426 2062 3484 2120 Si
3515 2064 3651 2135 «qui

2073 2152 2317 2210 adhaeret
2371 2154 2624 2221 Domino,
2669 2169 2808 2212 unus
2876 2155 3105 2225 spiritus
3152 2156 3366 2223 est",t
3418 2156 3653 2214 adhasit

2071 2259 2202 2301 vero
2230 2243 2401 2301 David
2433 2244 2687 2311 Domino,
2731 2260 2872 2302 unus
2919 2245 3086 2317 igitur
3113 2246 3217 2303 fuit
3251 2248 3498 2319 spiritus.
3528 2248 3655 2320 Spi-

2073 2339 2236 2393 ritum
2265 2347 2446 2394 autem
2468 2346 2631 2393 vocat
2661 2337 2813 2393 illum
2843 2340 2934 2410 qui
2957 2340 3221 2410 spiritalis
3244 2350 3351 2409 est,
3388 2342 3652 2413 quemad-

2073 2429 2293 2484 modum
2323 2442 2378 2483 et
2409 2436 2669 2484 constans
2692 2428 2917 2486 dilectio
2939 2429 3213 2501 signiﬁcat
3238 2446 3365 2487 eum
3388 2432 3481 2502 qui
3512 2432 3646 2488 cha-

2072 2522 2290 2577 ritatem
2342 2522 2526 2578 habet.
2578 2520 2795 2594 Moyses
2843 2522 3009 2577 etiam
3063 2525 3286 2592 quando
3337 2526 3647 2596 posteriora

2072 2615 2167 2671 Dei
2198 2614 2357 2678 vidit,
2394 2623 2520 2670 tunc
2539 2614 2772 2670 adhmsit
2793 2614 2977 2669 anima
3008 2613 3126 2683 ejus
3153 2625 3277 2687 post
3308 2618 3503 2674 Deum.

2141 2704 2309 2761 Vsus.
2363 2706 2453 2762 I0.
2500 2707 2805 2763 Introibunt
2852 2708 2910 2763 in
2956 2708 3234 2778 inferiora,
3279 2716 3387 2766 etc.
3435 2708 3654 2776 Quanto

2072 2798 2245 2854 fusior
2279 2797 2445 2855 fuerit
2487 2799 2692 2854 malitia
2735 2799 2990 2870 alicujus,
3027 2809 3180 2856 tanto
3216 2799 3444 2857 inferior
3464 2800 3647 2859 factus

2071 2893 2243 2949 intrat
2290 2893 2346 2948 in
2388 2892 2650 2947 inferiora
2696 2900 2879 2948 terrae.
2914 2892 3146 2963 Tropice
3191 2902 3374 2951 autem
3408 2913 3428 2949 ι
3453 2910 3651 2953 manus

2069 2984 2278 3055 gladii»
2335 2983 2614 3052 dicuntur,
2665 2988 2809 3041 sicut
2878 2999 3079 3042 manus
3138 2986 3358 3058 linguai.
3418 2988 3652 3047 «Partes

2070 3078 2313 3149 vulpium
2355 3086 2539 3135 erunt.
2560 3098 2581 3133 ι
2614 3078 2882 3146 Tradunt,
2938 3079 3145 3148 leones,
3175 3081 3266 3137 ubi
3312 3081 3512 3137 animal
3546 3082 3652 3137 ali-

2068 3173 2213 3243 quod
2259 3173 2526 3242 ceperint,
2582 3173 2906 3245 sanguinem
2944 3188 3234 3246 exsugere,
3274 3182 3332 3230 et
3379 3178 3650 3244 rapaciter

2069 3264 2311 3334 praedam
2370 3264 2656 3333 devorare,
2691 3280 2758 3321 ac
2797 3265 3099 3337 praesertim
3142 3265 3388 3322 membra
3411 3266 3648 3338 patiora,

2068 3358 2387 3430 relinquere
2452 3375 2583 3416 vero
2647 3361 2953 3431 superﬂua;
3010 3374 3134 3430 quae
3180 3362 3380 3418 deinde
3427 3372 3649 3432 reperta

2065 3450 2260 3521 vulpes
2290 3452 2582 3508 absumant
2608 3469 2625 3509 :
2650 3468 2772 3508 cum
2805 3452 2974 3525 igitur
2998 3454 3082 3508 liae
3105 3453 3369 3509 devorent
3405 3454 3498 3511 illa
3528 3468 3650 3524 quas

2065 3544 2133 3599 ab
2179 3543 2299 3600 istis
2333 3544 2543 3616 pridem
2587 3545 2917 3616 interempta
2940 3546 3089 3616 sunt,
3118 3548 3222 3604 hoc
3251 3548 3406 3617 dicit,
3441 3547 3560 3605 fore
3589 3555 3651 3603 ut

2063 3637 2293 3695 diversae
2351 3641 2498 3709 ipsos
2543 3655 2721 3710 poena:
2763 3642 3066 3713 excipiant,
3101 3653 3160 3698 et
3206 3643 3335 3698 dum
3376 3657 3445 3699 ex
3477 3642 3565 3700 bis
3591 3642 3647 3698 in

2064 3728 2203 3785 alias
2231 3729 2500 3799 incidunt,
2536 3732 2756 3790 diverso
2786 3734 3055 3804 supplicio
3076 3733 3406 3790 adiciantur.

2135 3913 2415 3986 Ejusdem.
2452 3914 2523 3973 Ut
2571 3916 2861 3975 credentes
2893 3916 2944 3972 ei
2989 3917 3083 3986 qui
3106 3915 3392 3974 descendit
3422 3916 3476 3972 in
3509 3914 3648 3972 infe-

2064 4007 2240 4062 riores
2272 4019 2454 4077 partes
2482 4019 2660 4072 terrm,
2696 4008 2828 4064 salvi
2856 4008 3007 4064 (lant.

2134 4096 2418 4169 Ejusdem.
2447 4098 2648 4167 Vulpes
2676 4099 2780 4155 hoc
2822 4099 2943 4155 loco
2972 4108 3131 4155 vocat
3161 4099 3406 4157 infernos
3439 4099 3646 4155 daemo-

2063 4204 2180 4255 nes,
2228 4191 2428 4260 quibus
2472 4194 2638 4247 etiam
2682 4193 2942 4263 puniendi
2989 4192 3283 4249 traduntur
3308 4194 3512 4250 terreni
3542 4192 3648 4250 dte-

2063 4297 2271 4337 moues.

942 4448 1232 4517 ΨΑΛΜΟΣ
1282 4461 1398 4515 ειν.
1990 4471 2037 4526 p

449 4552 905 4621 Εισὰκουσον,ό
956 4553 1261 4625 Θεός,τῆς
1302 4551 1516 4629 φωνῆς,
1537 4572 1680 4625 μου,
1725 4573 1780 4610 κ.
1814 4574 1866 4612 τ.
1906 4557 1955 4614 ἑ.

381 4646 541 4701 Ἔστι
582 4663 669 4711 τις
719 4645 871 4718 φωνὴ
903 4646 1015 4717 (21)
1057 4646 1285 4720 καρδίας
1331 4648 1568 4719 ἀκουστὴ
1622 4648 1768 4721 μόνῳ
1812 4649 1953 4723 Θεῷ.

384 4757 404 4791 ι
448 4737 582 4794 Ἀπὸ
611 4738 779 4808 φόϐου
807 4738 1022 4810 ἐχθροῦ,
1061 4760 1079 4793 ›
1111 4741 1229 4812 ἦτοι
1274 4741 1382 4796 ἀπὸ
1411 4740 1506 4795 τοῦ
1537 4742 1821 4811 φοϐεῖσθαι
1860 4743 1954 4801 τὸν

2079 4739 2155 4794 ιΛ
2183 4739 2376 4795 timore
2405 4739 2635 4805 inimici,
2657 4758 2676 4793 ι
2712 4741 2829 4797 sive
2858 4755 2890 4796 a
2913 4741 3151 4797 timendo
3176 4739 3456 4796 inimicum
3482 4759 3502 4794 ι
3530 4742 3641 4797 eri-

375 4828 592 4903 ὲχθρδν,
620 4849 638 4882 ι
662 4828 845 4895 ἐξελοῦ
871 4829 969 4902 τὴν
992 4830 1172 4904 ψυχήν
1199 4849 1319 4904 μου·
1353 4852 1372 4885 ι
1396 4832 1430 4905 ἢ
1458 4851 1477 4885 ι
1505 4833 1614 4887 ἀπὸ
1634 4833 1823 4905 φόϐου,
1853 4855 1874 4890 ι
1894 4834 1955 4901 ὃς

2079 4844 2130 4886 te
2169 4829 2408 4885 animam
2454 4847 2667 4899 meam;
2696 4851 2715 4885 ι
2757 4831 2874 4888 sive
2909 4850 2928 4884 ι
2954 4848 2984 4886 a
3036 4832 3253 4897 timore,
3282 4851 3301 4885 ι
3332 4833 3426 4902 qui
3480 4832 3642 4888 timor

378 4920 543 4991 φόϐος
576 4920 637 4973 ού
673 4918 846 4990 φίλος,
874 4919 987 4975 ἀλλ’
1033 4921 1224 4994 ἐχθρός
1268 4923 1406 4976 ἐστι.
1451 4921 1608 4988 Φίλος
1654 4924 1752 4995 μὲν
1786 4926 1816 4978 6
1855 4923 1951 4980 τοῦ

2079 4935 2167 4976 ton
2205 4920 2438 4989 amicus,
2478 4923 2572 4978 sed
2619 4922 2876 4979 inimicus
2906 4932 3013 4978 est.
3044 4922 3270 4980 Amicus
3306 4924 3527 4993 quidem
3568 4922 3640 4978 ti-

374 5010 510 5066 Θεοῦ
543 5012 967 5083 ὲπιστημονικὺς
1009 5012 1195 5082 φόϐος,
1231 5013 1423 5086 ἐχθρὸς
1449 5013 1507 5067 δὲ
1535 5017 1565 5069 6
1597 5016 1671 5088 μὴ
1713 5017 1952 5083 τοιοῦτος

2079 5033 2180 5073 nor
2221 5018 2316 5073 Dei
2365 5020 2604 5090 sapiens,
2651 5020 2749 5075 sed
2804 5019 3063 5075 inimicus
3102 5022 3264 5077 timor
3291 5021 3384 5092 qui
3411 5036 3517 5076 non
3553 5030 3642 5077 est

376 5104 566 5174 φόϐος·
600 5106 783 5168 ὁποῖος
802 5105 831 5157 6
862 5104 970 5159 τῶν
999 5104 1343 5177 ἑτεροδόξων,
1369 5104 1403 5177 ἢ
1441 5106 1470 5158 6
1489 5105 1600 5161 τῶν
1625 5108 1824 5162 ὁποίων
1857 5109 1950 5182 δη-

2079 5108 2399 5178 stiusmodi;
2429 5110 2606 5182 qualis
2629 5119 2715 5167 est
2744 5110 3346 5177 heterodoxorum,seu
3379 5111 3510 5168 falsa
3540 5112 3641 5168 do-

2479 4463 2644 4538 74.5
2674 4461 2999 4522 PSALMUS
3038 4464 3220 4524 Lxut.

2139 4555 2305 4614 Vsus.
2342 4555 2400 4611 2.
2442 4555 2679 4622 Exaudi,
2729 4556 2891 4625 Deus,
2945 4576 3118 4614 vacem
3162 4574 3352 4625 meam,
3378 4567 3485 4614 etc.
3546 4557 3646 4614 Est

2063 4647 2310 4719 quaedam
2344 4662 2446 4702 vox
2478 4648 2663 4703 cordis
2695 4662 2816 4719 quae.
2857 4665 2888 4703 a
2943 4649 3061 4706 solo
3094 4648 3203 4705 Deo
3232 4649 3410 4705 audiri
3447 4650 3641 4720 possit.

377 5196 600 5263 ποτοῦν,
627 5196 763 5252 ἀλλὰ
794 5196 949 5270 παρὰ
979 5198 1070 5252 τὸν
1107 5197 1261 5264 Θεὸν,
1307 5198 1688 5271 φοϐουμένων·
1715 5202 1844 5274 περὶ
1877 5195 1953 5257 ὧν

371 5289 594 5345 δύναται
616 5289 680 5346 τὸ
705 5292 763 5345 ἐν
803 5288 1001 5363 Ἡσαΐᾳ
1034 5289 1250 5362 πνεῦμα
1282 5290 1709 5364 παραστατικῶς
1737 5293 1953 5366 εἰρηκέ-

369 5400 486 5439 ναι·
525 5405 545 5437 r
585 5384 691 5439 Τὸν
741 5384 799 5439 δὲ
853 5385 1019 5455 φόϐον
1043 5384 1225 5441 αὐτῶν
1256 5385 1318 5439 ού
1369 5385 1445 5458 μὴ
1497 5385 1793 5459 φοϐηθῆτε,
1839 5387 1947 5442 οὐδ’

436 5520 480 5555 ’⁷
503 5519 647 5575 Psal.
687 5534 763 5584 vt,
791 5521 844 5576 7.
919 5520 967 5553 ⁷⁸
995 5520 1015 5575 I
1045 5520 1173 5578 Cor.
1199 5536 1273 5589 vr,
1298 5521 1386 5577 I7.
1463 5521 1511 5555 "
1540 5520 1645 5577 Isa.
1679 5538 1795 5590 vm,
1828 5522 1915 5578 12.

464 5663 551 5732 I6)
583 5663 845 5719 Πιθανόν
865 5666 953 5731 εις
976 5665 1246 5732 ἁγνείαν,
1284 5673 1392 5721 etc.
1432 5664 1637 5722 Catena
1679 5664 1951 5723 Corderii.

467 5673 530 5719 16
583 5673 845 5719 Iliam-6r
865 5673 953 5731 εις
976 5673 1246 5732 ἁγνείαν,
1284 5673 1392 5721 etc.
1432 5673 1637 5722 Catena
1679 5673 1757 5721 Cu

467 5673 557 5874 1⁸7)
585 5738 706 5790 Εὶό
725 5735 1128 5818 κονιξώμενος,
1158 5747 1264 5792 etc.
1300 5735 1527 5793 Schedae
1555 5736 1760 5820 Grabii.

470 5803 534 5874 18
594 5807 759 5874 Ὄσφ
780 5823 987 5874 χειται,
1015 5818 1125 5863 etc.
1155 5804 1360 5863 Catena
1386 5806 1654 5864 Corderii.

470 5803 557 5875 I8)
594 5807 759 5875 Ὄσφ
780 5803 987 5875 χεῖται,
1015 5818 1125 5863 etc.
1155 5804 1360 5863 Catena
1386 5806 1654 5864 Corderii.

470 5873 554 5944 t9)
583 5873 1208 5947 Ἵναπιστεύσαντες,
1239 5888 1345 5937 etc.
1373 5877 1554 5937 Codex
1578 5876 1945 5938 Coislinianus

439 5661 462 5944 Ξ

2057 5202 2322 5268 centium,
2340 5201 2424 5257 vel
2452 5217 2641 5257 eorum
2665 5202 2759 5274 qui
2789 5201 3077 5273 quidlibet,
3112 5204 3205 5257 sed
3228 5212 3427 5273 prater
3442 5201 3637 5270 Deum,

2057 5297 2253 5354 timent
2285 5316 2300 5353 :
2328 5298 2395 5354 de
2433 5299 2630 5369 quibus
2661 5300 2767 5356 hoc
2817 5299 3023 5354 diserte
3048 5297 3289 5368 Spiritus
3326 5305 3551 5354 sanctus
3580 5296 3637 5352 in

2056 5389 2258 5446 Isaia"
2284 5390 2491 5448 dixisse
2523 5391 2736 5464 potuit:
2763 5389 3074 5446 «Timorem
3122 5396 3310 5445 autem
3350 5401 3540 5446 eorum
3568 5402 3637 5443 ne

2056 5684 2423 5811 pr'?(i')s.1'obc
2452 5736 2907 5810 καταχθονίους,
2930 5747 3037 5793 etc.
3073 5737 3240 5795 Idem.

2130 5740 2246 5885 (21)
2283 5811 2458 5866 Ἔστι
2491 5827 2583 5878 τις
2614 5806 2805 5880 φωνή,
2831 5818 2937 5866 etc.
2966 5808 3172 5868 Catena
3194 5809 3237 5868 C

2152 5806 2246 5879 21)
2283 5811 2458 5866 Ἔστι
2491 5827 2583 5878 τις
2606 5806 2805 5880 ⁷ςὶοωνή,
2831 5818 2937 5866 etc.
2966 5808 3172 5868 Catena
3194 5809 3461 5868 Corderii.
