3970 6160
362 359 500 417 1495
1284 339 1602 414 SELECTA
1640 356 1707 414 IN
1746 351 2084 412 PSALMOS.
2123 379 2193 391 —
2227 342 2429 404 PSAL.
2479 326 2661 398 LXIV.
3476 350 3610 410 149i

435 477 546 533 Τοῦ
591 474 798 530 αὐτοῦ.
851 475 1044 541 Εὐθεῖς
1090 477 1156 549 τῇ
1210 471 1413 547 καρδίᾳ
1441 475 1554 548 (50)
1583 477 1632 530 οἱ
1668 475 1728 541 ἐξ
1760 475 1927 529 ἐθνῶν

2107 468 2389 540 Ejusdem.
2435 459 2593 516 Rccti
2645 465 2809 521 corde
2860 471 2984 518 sunt
3026 464 3076 519 bi
3124 465 3215 536 qui
3259 481 3327 521 ex
3359 469 3611 537 gentibus

359 571 744 635 πιστεύσαντες
765 587 778 600 ·
816 572 864 624 οἱ
904 570 960 624 δὲ
994 571 1144 624 αὐτοὶ
1177 568 1272 624 καὶ
1295 565 1514 636 δίκαιοι,
1543 569 1618 633 ὡς
1649 571 1716 640 τῇ
1752 568 1927 620 πίστει

2041 564 2390 620 crediderunt
2429 580 2441 612 ;
2479 552 2640 610 iidem
2694 572 2902 627 quoque
2952 557 3083 626 justi
3114 567 3258 622 sunt,
3285 568 3468 627 utpote
3509 559 3610 613 [ide

355 666 767 730 δικαιωθέντες·
801 667 980 730 εὐθεῖς
1009 667 1088 730 δὲ,
1117 666 1194 730 ὡς
1226 664 1493 737 μηδέποτε
1537 665 1604 735 τῇ
1640 661 1788 733 παρὰ
1836 657 1927 712 τοῦ

2041 654 2349 726 iustiﬁcati;
2393 649 2530 707 recti
2577 665 2728 718 vero,
2760 660 2819 705 ut
2855 653 2946 720 qui
2983 651 3244 706 doctrinae
3278 651 3368 706 Dei
3401 652 3610 705 nullum

356 758 490 812 Θεοῦ
517 759 838 831 διδασκαλίᾳ
886 759 984 830 τὴν
1019 747 1227 829 πλάνην
1265 757 1372 812 τῶν
1420 754 1653 809 εἰδώλων
1700 751 1933 824 προσμίμ

355 850 567 919 ξαντες,
595 853 730 926 ὅπερ
763 851 1024 916 πολλάκις
1073 854 1120 904 οἱ
1155 851 1343 914 παῖδες
1387 849 1495 904 τῶν
1533 847 1800 901 Ἰουδαίων
1832 860 1931 896 πε-

357 945 651 1014 ποιηκότες
693 945 992 1015 φαίνονται.
1047 936 1206 998 Οὗτοι
1242 943 1420 997 τοίνυν
1468 940 1929 1014 εὐφρανθήσονται

355 1034 432 1098 ὡς
459 1035 746 1108 νήψαντες,
790 1038 886 1092 καὶ
913 1037 1010 1110 τὴν
1043 1036 1151 1091 τῶν
1191 1035 1623 1108 ῥᾳθυμησάντων
1665 1031 1926 1104 κληρονο-

244 1133 256 1143 ··
359 1127 489 1198 μίαν
517 1129 892 1204 κερδάναντες.

925 1310 1214 1363 ΨΑΛΜΟΣ
1250 1309 1365 1366 ΞΔ’.

426 1397 529 1451 Σοὶ
583 1397 791 1467 πρέπει
839 1400 1110 1471 ὕμνος-,ὀ
1161 1404 1327 1468 Θεὸς,
1348 1401 1420 1456 ἐν
1471 1400 1642 1466 Σιὼν,
1680 1417 1733 1452 κ.
1776 1416 1825 1452 τ.
1881 1398 1927 1451 ἑ.

359 1509 378 1539 ι
417 1490 506 1544 Ἑν
523 1489 661 1545 Σιὼν
687 1493 818 1564 (51),
845 1513 864 1546 ι
894 1497 958 1565 τῇ
995 1495 1301 1566 ἐπουρανίῳ
1322 1493 1542 1566 δηλαδὴ,
1574 1491 1818 1545 τουτέστι
1852 1489 1931 1561 τῷ

2041 747 2273 817 amplius
2307 745 2574 802 idolorum
2597 761 2840 802 errorem
2874 746 3237 816 admisceant,
3271 747 3414 815 quod
3438 745 3607 800 Judaei

2044 856 2147 895 non
2207 855 2331 895 raro
2380 839 2584 894 fecisse
2630 841 2903 894 videntur.
2957 839 3021 892 lli
3075 840 3237 909 igitur
3287 837 3611 892 laetabuntur

2042 942 2301 1001 tanquam
2352 932 2547 1001 seduli,
2595 941 2649 988 et
2680 933 2773 1002 qui
2810 933 3195 1004 negligentiam
3237 930 3610 990 [nereditatem

2034 1023 2226 1079 lucrati
2255 1023 2384 1078 sint.

2555 1302 2874 1361 PSALMUS
2913 1302 3098 1362 LXIV.

2107 1393 2272 1450 Vens.
2305 1395 2360 1449 2.
2397 1393 2466 1450 Te
2513 1395 2658 1450 decet
2697 1398 2942 1467 hymnus,
3005 1395 3176 1460 Deus,
3205 1395 3259 1448 in
3309 1392 3460 1460 Sion,
3497 1405 3607 1454 etc.

2041 1504 2058 1536 ι
2087 1484 2143 1539 ln
2178 1486 2330 1554 Sion,
2363 1506 2382 1540 ι
2411 1489 2624 1544 scilicet
2669 1489 3063 1558 supercmlesti,
3098 1489 3150 1545 id
3173 1499 3256 1544 est
3290 1489 3341 1542 in
3370 1489 3605 1558 spiritali

352 1582 531 1655 νοητῷ
591 1584 997 1656 σκοπευτηρίῳ·
1041 1587 1100 1638 ἐν
1143 1585 1253 1656 γὰρ
1307 1584 1582 1654 αἰσθητοῖς
1631 1585 1692 1636 οὐ
1733 1584 1927 1655 πρέπει

2041 1579 2250 1648 specula
2277 1597 2290 1633 :
2317 1581 2581 1650 siquidem
2624 1582 2678 1637 in
2729 1582 3076 1638 sensibilibus
3117 1596 3222 1635 non
3265 1580 3422 1636 decet
3453 1581 3609 1651 bym-

355 1673 524 1745 ὖμνος
564 1675 643 1747 τῷ
690 1676 841 1746 Θεῷο
875 1676 957 1730 διὸ
988 1677 1049 1729 οὐ
1083 1675 1363 1747 ψαλοῦμεν
1415 1674 1629 1746 σώματι
1679 1675 1712 1745 ἦ
1751 1675 1932 1746 γράμ-

356 1786 511 1839 ματι,
543 1767 680 1822 ἀλλά
730 1769 1022 1840 πνεύματι,
1066 1770 1160 1823 καὶ
1196 1771 1297 1822 οὐκ
1343 1768 1614 1841 αἰσθήσει,
1655 1769 1789 1823 ἀλλὰ
1828 1770 1927 1822 νοῒ.

359 1877 377 1909 ι
413 1858 533 1932 ⁸Καὶ
569 1858 652 1911 σοὶ
675 1859 1065 1931 ἀποδοθήσεται
1091 1859 1224 1930 εὐχὴ
1251 1860 1309 1913 ὲν
1350 1857 1720 1930 Ἰερουσαλὴμ,
1766 1878 1784 1910 ›
1825 1859 1932 1913 ἀπὸ

352 1949 535 2002 κοινοῦ
574 1969 592 2002 ι
642 1951 699 2003 ὲν
735 1950 904 2005 Σιών·
947 1970 965 2004 ι
1003 1951 1136 2023 εὐχὴ
1168 1952 1224 2005 δὲ
1250 1951 1410 2006 ὁποία
1439 1952 1587 2006 ἐστὶν
1616 1953 1649 2023 ἡ
1692 1951 1784 2006 τοῦ
1817 1954 1932 2006 Να-

356 2039 617 2113 ζωραίου.

423 2130 810 2186 Είσάκουσον
831 2133 1179 2204 προσευχῆς
1199 2153 1340 2205 μου,
1365 2153 1420 2190 κ.
1455 2154 1504 2191 τ.
1533 2137 1579 2190 ὲ.
1621 2155 1639 2188 ι
1670 2137 1930 2190 Εἰσάκου-

355 2239 446 2276 σον
471 2222 582 2294 (52)
611 2224 916 2296 προσευχῆς
940 2243 1040 2297 μου
1080 2245 1098 2277 ι
1125 2229 1182 2281 ὲν
1213 2227 1372 2284 Σιώνο
1407 2249 1425 2281 ‹
1457 2230 1601 2302 Πρὸς
1625 2229 1684 2283 σὲ
1713 2251 1732 2281 ι
1762 2229 1817 2282 δὲ
1839 2229 1930 2283 τὸν

353 2314 506 2378 Θεὸν,
541 2315 600 2379 ὃς
633 2315 848 2387 πνεῦμα
876 2321 1068 2382 ποιεῖς,
1110 2338 1128 2371 ι
1167 2322 1314 2373 πᾶσα
1346 2320 1481 2393 σάρξ
1513 2319 1649 2390 ἥξει.
1696 2340 1714 2371 ›
1749 2323 1932 2376 Μετα-

353 2405 506 2459 6αλεῖ
532 2406 638 2480 γὰρ
676 2408 709 2478 ή
754 2409 1020 2481 γενομένη
1052 2410 1187 2484 σὰρξ
1229 2411 1295 2465 δι’
1323 2412 1597 2484 ἁμαρτίαν
1629 2411 1797 2485 ψυχὴ,
1834 2415 1928 2466 καὶ

351 2498 502 2553 ἔσται
529 2499 768 2572 πνεῦμα.

423 2593 600 2662 Λόγοι
630 2593 870 2662 ἀνόμων
898 2595 1462 2666 ὐπερεδυνάμωσαν,
1498 2615 1552 2651 κ.
1590 2616 1639 2652 τ.
1677 2599 1722 2651 ὲ.
1767 2598 1928 2667 Λόγοι

352 2684 570 2756 ἀνόμων
639 2686 749 2757 (55)
815 2687 1162 2758 ἐγγενόμενοι
1232 2690 1365 2759 ἡμῖν
1427 2690 1927 2762 ὐπερεδυνάμωσαν

351 2779 522 2848 ἡμᾶς,
555 2778 620 2831 δι’
668 2779 760 2842 οὒς
791 2780 1096 2852 γεγόναμεν
1132 2783 1350 2852 σάρκες.
1398 2803 1416 2835 ‹
1467 2785 1578 2839 Καὶ
1631 2788 1750 2848 ταῖς
1805 2785 1928 2839 ἀσε.

355 2869 532 2934 6είαις
559 2869 716 2942 ήμῶν
751 2873 814 2925 σὺ
846 2871 1024 2944 ἱλάσῃ.
1074 2893 1092 2924 ι
1132 2873 1233 2927 Σοῦ
1271 2875 1623 2946 ἱλασκομένου
1652 2880 1769 2940 ταῖς
1799 2877 1927 2930 ἀσε-

2035 1684 2137 1724 nus
2170 1669 2340 1724 Deum
2361 1670 2662 1740 ;‘quocirca
2684 1687 2790 1726 non
2824 1670 3123 1740 psallemus
3146 1684 3369 1740 corpore
3395 1678 3487 1723 aut
3520 1668 3610 1724 lit-

2035 1769 2174 1826 tera,
2202 1762 2296 1817 sed
2322 1763 2541 1831 spiritu,
2571 1771 2626 1817 et
2657 1777 2764 1816 non
2799 1777 2986 1829 sensu,
3013 1762 3107 1816 sed
3140 1772 3340 1816 mente.
3379 1778 3398 1812 ι
3418 1760 3483 1815 Et
3510 1760 3608 1814 tibi

2034 1853 2292 1907 reddetur
2331 1863 2515 1909 votum
2562 1854 2615 1908 in
2674 1853 2998 1919 Jerusalem,
3026 1873 3044 1906 ι
3099 1854 3474 1911 subaudiendo
3512 1853 3605 1908 «in

2033 1944 2189 2000 Sion.
2214 1963 2232 1997 ι
2265 1943 2465 2002 Votum
2497 1961 2660 2017 porro
2695 1947 2858 2017 quale
2879 1955 2963 2001 est
2988 1946 3251 2002 Nazarmi.

2101 2129 2264 2187 Vens.
2286 2131 2340 2188 5.
2391 2129 2608 2185 Exaudi
2632 2132 2925 2185 orationem
2975 2147 3168 2196 meam,
3206 2140 3313 2187 etc.
3349 2149 3367 2183 ι
3397 2130 3606 2186 Exaudi

2031 2225 2330 2280 orationem
2363 2240 2537 2280 meam
2559 2245 2578 2278 ι
2615 2225 2669 2278 in
2703 2224 2832 2281 Sion
2860 2244 2875 2282 :
2910 2243 2928 2278 ι
2956 2225 3037 2280 Ad
3079 2234 3130 2281 te
3152 2243 3174 2278 ι
3203 2236 3382 2282 autem
3411 2228 3606 2294 Deum,

2031 2317 2120 2385 qui
2164 2317 2417 2386 spiritum
2455 2317 2648 2384 efficis,
2683 2335 2702 2368 ι
2733 2319 2911 2372 omnis
2942 2333 3072 2374 caro
3117 2320 3322 2376 veniet.
3351 2339 3370 2374 ι
3407 2320 3604 2374 Anima

2031 2413 2200 2476 enim,
2237 2426 2356 2480 qua:
2385 2426 2482 2480 per
2505 2419 2787 2480 peccatum
2811 2425 2942 2465 caro
2974 2409 3117 2466 facta
3141 2410 3344 2479 fuerat,
3372 2413 3601 2467 mutabi-

2035 2511 2123 2556 tur
2149 2512 2202 2558 et
2228 2504 2331 2558 erit
2355 2503 2600 2572 spiritus.

2103 2593 2266 2649 Vens.
2323 2595 2379 2650 4.
2448 2594 2619 2650 Verba
2666 2596 2968 2667 iniquorum
3019 2597 3447 2665 prazvaluerunt,
3496 2608 3604 2658 etc.

2031 2685 2209 2742 Verba
2239 2687 2547 2758 iniquorum
2586 2705 2707 2759 quae
2755 2689 2810 2744 in
2850 2685 3007 2744 nobis
3036 2699 3161 2744 sunt
3202 2690 3608 2760 praevaluerunt

2031 2793 2196 2849 super
2224 2793 2342 2848 nos,
2379 2781 2507 2834 dum
2561 2795 2659 2848 per
2691 2795 2754 2836 ea
2801 2795 2996 2836 carnes
3028 2781 3206 2836 ell'ecti
3256 2799 3460 2838 sumus.
3495 2803 3513 2837 ι
3546 2786 3610 2840 Et

2034 2870 2407 2940 impietatibus
2453 2871 2655 2927 nostris
2703 2881 2758 2926 tu
2806 2872 3212 2942 propitiaberis.
3240 2892 3260 2927 ι
3295 2873 3428 2941 Nos,
3457 2878 3605 2946 quia

355 2963 531 3026 ϐείαις
571 2962 750 3034 ἡμῶν,
781 2964 889 3019 τῶν
923 2965 1026 3019 ὐπὸ
1076 2966 1249 3036 λόγων
1281 2969 1498 3039 ἀνόμων
1534 2970 1925 3042 ὐπερδυναμω-

2041 2961 2214 3018 verbis
2258 2963 2457 3032 iniquis
2497 2965 2738 3032 superati
2779 2973 2835 3019 et
2882 2981 3075 3022 carnes
3109 2966 3519 3036 eﬂ‘ectisumus,
3555 2976 3608 3023 te

356 3056 574 3121 θέντων,
603 3058 696 3111 καὶ
724 3059 1030 3130 γενομένων
1062 3060 1299 3132 σαρκῶν,
1333 3063 1409 3126 ὡς
1427 3063 1582 3134 ήκειν
1614 3066 1764 3135 ἡμᾶς
1792 3066 1928 3136 πρὸς

357 3147 416 3198 σὲ
461 3149 588 3212 τοὺς
646 3151 973 3220 γενομένους
1025 3152 1254 3224 σάρκας,
1293 3156 1618 3230 πιστεύομεν
1634 3159 1754 3212 ὅτι(
1790 3157 1927 3230 πρὸς

358 3239 417 3292 σὲ
446 3241 596 3294 πᾶσα
624 3241 760 3314 σὰρξ
784 3242 923 3314 ἥξει.
968 3262 986 3294 ι

421 3331 745 3400 Μακάριος,
781 3332 854 3387 ὃν
867 3333 1147 3401 ἐξελέξω,
1173 3355 1226 3391 κ.
1257 3354 1308 3391 τ.
1336 3339 1384 3393 ἑ.
1413 3339 1475 3392 Ei
1508 3339 1776 3412 μακάριος
1793 3339 1926 3413 (54),

353 3422 411 3508 ὃν
435 3423 661 3490 ἐξελέξω
692 3426 786 3479 καὶ
842 3427 1179 3499 προσελάϐου
1200 3446 1212 3458 ·
1258 3431 1519 3502 μακάριοι
1555 3427 1647 3486 οῦν
1677 3432 1849 3502 ὀλίγοι
1877 3435 1927 3488 οῖ

355 3515 637 3568 ἐκλεκτοί·
676 3517 792 3570 ἀλλ’
831 3519 928 3589 οὐχ
968 3521 1019 3572 οί
1051 3520 1234 3574 πολλοὶ
1270 3521 1429 3592 μόνον
1464 3522 1671 3594 κλητοί.
1725 3527 1785 3578 Oi
1829 3524 1927 3595 μὲν

362 3607 460 3678 γὰρ
511 3607 678 3676 ὀλίγοι
719 3611 964 3664 ἐκλεκτοὶ
1019 3612 1310 3684 εὑρήσουσι
1358 3613 1456 3686 τὴν
1496 3614 1713 3669 αἰώνιον
1761 3617 1924 3689 ζωὴν,

357 3698 671 3763 ἰδεύσαντες
712 3703 905 3773 στενὴν
934 3703 1027 3756 καὶ
1055 3704 1423 3777 τεθλιμμένην
1450 3707 1567 3761 ὁδὸν
1611 3708 1927 3777 ἁπάγουσαν

356 3790 440 3841 ἐπ’
474 3790 674 3860 αὐτήν·
703 3792 751 3844 οἱ
791 3791 848 3844 δὲ
879 3792 1065 3846 πολλοὶ
1110 3794 1270 3864 μόνον
1313 3795 1522 3867 κλητοὶ,
1555 3798 1654 3869 τὴν
1687 3798 1928 3868 ἀπάγου-

355 3897 455 3937 σαν
484 3883 576 3935 ἐπὶ
608 3881 706 3954 τὴν
747 3882 1023 3938 ἀπώλειαν
1069 3885 1165 3940 καὶ
1211 3886 1522 3959 εὐρύχωρον
1577 3889 1694 3944 ὁδὸν
1730 3890 1929 3944 διοδεύ-

356 3990 567 4040 σαντες,
614 3975 674 4028 οὐ
711 3975 1224 4047 κατασκηνώσουσιν
1274 3971 1332 4032 ἐν
1371 3984 1491 4044 ταῖς
1522 3982 1712 4047 αὐλαῖς
1747 4001 1840 4037 σου
1869 3987 1927 4040 ὲν

356 4065 458 4128 σοὶ,
498 4066 619 4119 οὐδὲ
653 4068 1051 4139 πεφυτευμένοι
1080 4071 1137 4124 ἐν
1157 4069 1236 4141 τῷ
1258 4071 1392 4144 οἴκῳ
1422 4073 1516 4126 τοῦ
1538 4075 1744 4148 Κυρίου
1776 4075 1930 4142 ἐξαν-

355 4155 628 4226 θήσουσιν.
660 4154 828 4212 Αῦται
860 4159 917 4212 δὲ
957 4160 1014 4212 αί
1057 4160 1222 4216 πύλαι
1267 4163 1404 4220 είσὶν
1450 4167 1505 4221 αἱ
1548 4166 1741 4221 πολλαὶ⁹
1765 4170 1823 4222 ὲν
1849 4169 1928 4240 τῷ

2031 3052 2404 3121 impietatihus
2457 3057 2660 3109 nostris
2715 3056 2973 3125 propitio,
3024 3058 3099 3112 ita
3150 3067 3229 3124 ut,
3283 3060 3374 3128 qui
3411 3074 3609 3114 carnes

2029 3159 2270 3209 eramus,
2305 3145 2371 3199 ad
2417 3154 2469 3201 te
2521 3147 2829 3213 veniamus,
2865 3151 3168 3218 credimus,
3194 3151 3453 3222 quoniam
3493 3171 3514 3204 ι
3538 3155 3606 3208 ad

2031 3244 2084 3291 te
2110 3236 2288 3293 omnis
2318 3251 2448 3292 caro
2468 3239 2671 3294 veniet.
2696 3257 2715 3292 ι

2101 3326 2267 3384 Vens.
2301 3327 2354 3382 5.
2389 3325 2554 3399 75.6
2580 3327 2796 3394 Beatus,
2825 3345 2978 3400 quem
2998 3331 3221 3402 elegisti,
3249 3341 3359 3389 etc.
3388 3331 3446 3388 Si
3469 3333 3606 3392 bea-

2031 3427 2119 3474 tus
2166 3420 2240 3474 sit
2283 3433 2444 3490 quem
2497 3421 2707 3492 etegisti
2752 3430 2808 3476 et
2859 3424 3230 3491 assumpsisti,
3265 3425 3407 3479 beati
3440 3425 3608 3496 igitur

2029 3513 2186 3585 pauci
2220 3513 2314 3583 qui
2362 3512 2562 3582 electi;
2596 3514 2689 3567 sed
2721 3527 2827 3566 non
2858 3512 3015 3567 multi
3068 3515 3160 3584 qui
3210 3514 3384 3570 solum
3431 3517 3609 3572 vocati

2029 3613 2154 3661 sunt
2176 3605 2244 3659 ⁸³.
2270 3604 2405 3659 Nam
2439 3607 2599 3675 pauci
2629 3604 2705 3660 illi
2737 3605 2896 3660 electi
2943 3607 3220 3676 reperient
3251 3607 3421 3662 vitam
3449 3617 3610 3664 teter-

2031 3715 2176 3765 nam,
2210 3714 2336 3755 cum
2371 3698 2622 3754 incedant
2642 3714 2739 3769 per
2769 3699 2915 3754 viam
2968 3709 3178 3754 arctam
3209 3709 3265 3755 et
3293 3711 3608 3771 angustam,

2027 3807 2149 3862 qua:
2170 3792 2318 3847 ducit
2334 3792 2400 3846 ad
2421 3806 2561 3847 eam.
2591 3791 2745 3849 Multi
2767 3808 2915 3859 vero,
2945 3794 3036 3862 qui
3062 3792 3235 3848 solum
3253 3795 3432 3848 vocati
3456 3805 3603 3859 sunt,

2029 3898 2151 3938 cum
2188 3882 2468 3938 ambulent
2504 3899 2601 3955 per
2630 3885 2770 3939 viam
2801 3884 2969 3940 latam
3009 3899 3128 3954 qua:
3163 3885 3311 3941 ducit
3337 3887 3404 3940 ad
3432 3886 3607 3942 inter-

2029 3977 2189 4046 itum,
2231 3993 2338 4033 non
2386 3977 2710 4036 habitabant
2750 3977 2803 4032 in
2853 3978 3009 4035 atriis
3052 3978 3159 4034 tuis
3202 3980 3261 4036 in
3309 3987 3381 4046 te,
3433 3994 3610 4048 neque

2029 4071 2254 4142 plantati
2287 4071 2341 4126 in
2373 4071 2532 4128 domo
2562 4071 2777 4130 Domini
2809 4071 3170 4130 ﬂorebunt”.
3191 4070 3458 4126 Ca'terum
3477 4087 3609 4141 por-

2031 4175 2096 4220 tae
2124 4164 2327 4230 multze,
2351 4174 2478 4220 sunt
2501 4164 2696 4231 inultae
2745 4167 2861 4220 istae
2891 4165 3205 4220 mansiones
3251 4179 3371 4234 quae
3412 4165 3467 4218 in
3507 4164 3606 4218 do-

355 4245 486 4314 οῖκῳ
515 4244 610 4297 τοῦ
637 4247 852 4318 Πατρὸς
877 4249 1053 4318 μοναί.
1078 4270 1096 4302 ι
1124 4251 1555 4325 Πλησθησόμεθα
1582 4259 1638 4310 ἐν
1661 4261 1773 4323 τοῖς
1796 4261 1927 4330 ἁγα-

2041 4272 2121 4310 ιιιο
2164 4256 2356 4312 Patris-
2386 4255 2603 4312 sunt”.
2662 4256 3051 4327 (Replebimur
3102 4255 3156 4311 in
3206 4257 3362 4317 bonis
3404 4255 3602 4311 domus

354 4336 466 4400 θοῖς
495 4337 589 4391 τοῦ
638 4341 787 4393 οῖκου
828 4358 940 4395 σου.
979 4361 998 4394 ›
1030 4345 1092 4397 υί
1141 4348 1537 4418 πεφυτευμένοι
1587 4352 1645 4404 ἐν
1677 4351 1756 4423 τῷ
1796 4353 1927 4424 οἴκῳ

2041 4360 2154 4404 tuae.
2179 4368 2198 4402 ι
2231 4349 2337 4416 Qui
2381 4348 2609 4420 plantati
2641 4359 2768 4405 sunt
2807 4351 2860 4404 in
2881 4343 3051 4405 domo
3090 4348 3301 4403 Domini
3329 4357 3386 4402 et
3417 4347 3605 4403 multi-

357 4431 582 4502 Κυρίου,
613 4432 948 4504 πλησθέντες
993 4437 1052 4490 ὲν
1096 4441 1209 4502 τοῖς
1236 4441 1463 4509 ἀγαθοῖς
1489 4443 1675 4511 αὐτοῦ,
1704 4443 1930 4518 ἐξανθή-

355 4539 537 4585 σουσιν
569 4525 627 4578 ὲν
660 4520 750 4590 αἷς
775 4529 1190 4600 κατοικήσουσιν
1223 4531 1430 4598 αὐλαῖς.
1471 4553 1488 4586 ι
1528 4535 1716 4604 Ἄγιος
1742 4538 1780 4599 ό,
1801 4537 1928 4602 ναός

355 4634 470 4681 σου,
513 4618 824 4689 θαυμαστὸς
869 4625 928 4676 ὲν
972 4622 1307 4698 δικαιοσύνῃ.
1348 4645 1366 4677 ι
1408 4627 1466 4680 '0
1513 4629 1766 4700 Χριστὸς,
1799 4631 1925 4695 ναὸς

352 4707 424 4762 ὣν
449 4710 543 4762 τοῦ
575 4712 789 4784 Πατρὸς
815 4713 911 4766 τοῦ
933 4715 991 4768 ὲν
1016 4715 1184 4787 αὐτῷ,
1214 4719 1306 4772 καὶ
1335 4719 1488 4788 ἆγιός
1515 4722 1629 4774 ἐστι
1670 4722 1764 4780 καὶ
1798 4722 1927 4778 θαυ-

355 4803 558 4879 μαστὸς
591 4807 648 4856 ἐν
675 4804 1008 4879 δικαιοσύνῃ.
1055 4810 1167 4880 Οὐχ
1197 4809 1429 4881 ἁρμόζει
1463 4812 1520 4866 δὲ
1566 4813 1627 4867 τὺ
1675 4815 1926 4887 δεύτερον

353 4892 446 4945 ἐπὶ
467 4893 560 4946 τοῦ
592 4893 850 4966 αἰσθητοῦ
879 4897 1129 4964 λέγεσθαι
1160 4898 1310 4953 ναοῦ.
1347 4918 1365 4952 ι
1407 4901 1471 4954 Ἥ
1510 4903 1664 4968 ἐλπὶς
1707 4906 1924 4961 πάντων

351 4981 459 5035 τῶν
493 4985 744 5055 περάτων
765 4986 866 5056 τῆς
899 4987 1021 5057 γῆς,
1058 5007 1076 5040 ι
1108 4990 1202 5042 καὶ
1228 4990 1295 5048 τὰ
1318 4989 1462 5067 ἑξῆς.
1495 4994 1560 5046 Ὅ
1586 4993 1782 5064 λέγων,
1822 5013 1926 5067 μα-

353 5076 492 5146 κρὰν
521 5077 620 5148 τῆς
646 5078 920 5150 θαλάσσης
941 5079 1038 5146 ὢν,
1068 5085 1400 5155 προφητεύει
1430 5086 1557 5157 περὶ
1597 5085 1704 5140 τῶν
1737 5089 1796 5141 ἐν
1831 5089 1926 5142 θα-

353 5166 528 5240 λάσσῃ
565 5169 780 5240 μακρὰν
829 5169 991 5223 αὐτοῦ
1025 5174 1473 5245 κυματουμένων,
1508 5176 1540 5248 ἢ
1569 5178 1825 5247 περὶτῶν
1867 5181 1924 5233 ὲν

352 5257 678 5328 βαθυτάταις
702 5259 872 5315 ὄντων
905 5265 1282 5334 περιστάσεσι,
1317 5267 1411 5320 καὶ
1431 5266 1729 5337 λεγόντων·
1766 5266 1927 5325 ι’Ἦλσι

353 5349 444 5406 θον
475 5353 554 5416 είς
577 5351 644 5405 τὰ
677 5351 816 5424 βάθη
841 5355 944 5426 τῆς
969 5355 1265 5429 θαλάσσης.
1300 5377 1320 5411 ›

419 5444 887 5503 Κατασκτινώσει
930 5447 1001 5502 ἐν
1042 5450 1170 5517 ταῖς
1215 5451 1432 5520 αὐλαῖς
1471 5454 1678 5521 αὐτοῦ,
1709 5474 1764 5510 κ.
1793 5475 1843 5511 τ.
1874 5459 1918 5512 ὲ.

2029 4442 2211 4511 plicati
2253 4443 2307 4496 in
2348 4442 2505 4498 bonis
2557 4441 2696 4512 ejus,
2735 4440 3076 4497 eﬂlorescent
3102 4441 3153 4495 in
3190 4440 3346 4496 atriis
3373 4455 3495 4514 quae
3523 4441 3610 4495 in-

2036 4533 2378 4589 habitabant.
2428 4535 2740 4590 «Sanctum
2784 4546 2870 4589 est
2924 4534 3178 4604 templum
3238 4544 3410 4599 tuum,
3443 4534 3610 4589 mira-

2033 4624 2141 4680 bile
2169 4625 2224 4679 in
2260 4624 2499 4694 justitia.
2529 4643 2549 4677 ›
2581 4623 2834 4681 Christus
2869 4639 2992 4680 cum
3027 4625 3285 4694 templum
3319 4626 3390 4680 sit
3429 4624 3611 4680 Patris

2034 4716 2127 4794 qui
2166 4716 2220 4770 in
2249 4717 2368 4788 ipso
2397 4725 2502 4784 est,
2523 4727 2578 4772 et
2603 4726 2830 4772 sanctus
2860 4727 2914 4773 et
2942 4717 3286 4773 admirabilis
3311 4718 3364 4772 in
3393 4717 3607 4786 justitia

2033 4809 2270 4864 exsistit.
2301 4808 2420 4864 Non
2475 4811 2730 4865 convenit
2773 4820 2957 4865 autem
3007 4811 3148 4865 istud
3199 4811 3497 4865 secundum
3542 4809 3610 4864 de

2032 4902 2276 4961 sensibili
2311 4902 2513 4973 templo
2567 4903 2695 4958 dici.
2730 4903 2904 4973 «Spes
2951 4904 3197 4958 omnium
3252 4904 3443 4958 tinium
3496 4911 3608 4956 ter-

2029 5009 2125 5062 rae,
2157 5014 2176 5047 ι
2215 5006 2321 5050 etc.
2353 4995 2480 5052 Haec
2511 4997 2716 5061 dicens,
2748 5011 2871 5050 cum
2903 4997 3088 5066 procul
3122 4997 3336 5052 abesset
3375 5011 3406 5050 a
3444 4996 3608 5064 mari,

2029 5089 2364 5144 vaticinatur
2391 5090 2458 5144 de
2485 5089 2552 5144 iis
2578 5091 2667 5160 qui
2699 5091 2885 5159 procul
2929 5091 2999 5146 ab
3033 5091 3149 5159 ipso
3193 5099 3405 5145 stantes
3450 5087 3621 5142 undis.

2031 5183 2336 5251 agitantur,
2370 5182 2454 5237 vel
2506 5183 2572 5236 de
2610 5183 2678 5239 iis
2708 5185 2801 5255 qui
2849 5187 2904 5240 in
2929 5183 3273 5256 gravissimis
3301 5181 3610 5238 aﬂlictioni-

2031 5272 2132 5326 bus
2165 5280 2480 5338 versantur,
2526 5281 2691 5343 atque
2726 5273 2914 5330 dicunt
2951 5290 2968 5329 :
3011 5291 3030 5325 ι
3073 5272 3204 5329 Veni
3249 5269 3606 5344 in_,[altitudi-

2033 5378 2155 5418 nem
2191 5364 2357 5420 maris
2380 5365 2446 5419 ⁸⁵.
2468 5383 2489 5417 ›

2100 5455 2234 5514 lntn.
2268 5455 2597 5511 Inhabitabit
2648 5458 2705 5512 in
2756 5456 2908 5511 atriis
2949 5455 3078 5525 luis,
3117 5463 3224 5514 etc.
3265 5452 3480 5512 Atrium
3503 5452 3608 5509 Do-

418 5583 462 5618 ⁸¹
499 5583 686 5638 Matth.
707 5583 898 5651 “,16.
971 5585 1019 5618 ⁸²
1053 5585 1200 5643 Psal.
1229 5604 1336 5656 xct,
1369 5588 1458 5645 14.
1529 5591 1577 5624 ⁸⁸
1606 5591 1766 5649 Joan.
1808 5611 1923 5666 Iuv,

2080 5595 2131 5629 ⁸⁸
2149 5593 2294 5652 Psal.
2336 5609 2528 5659 vattt,
2551 5591 2605 5647 5.

442 5702 542 5773 50),
558 5703 766 5769 Εὑθεῖς
786 5702 862 5773 τῇ
883 5705 1116 5773 καρδίᾳ,
1140 5716 1245 5760 etc.
1279 5705 1481 5765 Catena
1511 5708 1778 5770 Corderii.

439 5771 530 5840 5t)
575 5774 675 5826 Ἐν
701 5771 874 5840 Σιών,
901 5771 1005 5830 etc.
1043 5771 1260 5830 Eadem.

423 5842 950 5916 (διηεὶσάκουσον,
988 5858 1094 5904 etc.
1135 5845 1358 5906 Eadem.

2099 5714 2211 5786 (55)
2239 5715 2414 5783 Λόγοι
2440 5714 2701 5786 ἀνόμων,
2730 5724 2852 5786 etc:
2870 5714 3092 5786 Eadem.

2103 5783 2213 5858 (Si)
2240 5788 2307 5840 Et
2339 5783 2649 5855 μακάριος,
2681 5794 2785 5842 etc.
2820 5785 3037 5842 Eadem.
