3970 6160
97 376 283 434 1497
1147 359 1458 430 SELECTA
1502 375 1569 431 IN
1605 375 1946 433 PSALMOS.
1983 409 2052 418 —
2090 377 2286 432 PSAL.
2326 366 2496 430 LXV.
3331 381 3468 438 1498

193 497 650 568 Εὐλοτήσεις
680 495 788 551 τὸν
814 494 1119 564 στέφανον
1139 490 1246 547 τοῦ
1272 488 1571 558 ἐνιαυτοῦ,
1593 513 1646 548 κ.
1667 512 1716 548 τ.
1736 496 1761 547 ἑ

1965 495 2128 550 Vsus.
2172 496 2261 550 12.
2303 491 2593 550 Benedices
2635 502 2847 551 Coram
2891 496 3038 562 armi,
3086 505 3194 552 etc.
3234 496 3287 552 in
3327 497 3465 552 Isaia

68 576 70 579 I
117 591 235 642 Ἑν
294 588 544 661 Ἡσαΐᾳ
573 588 684 660 (44)
713 586 865 659 φησί·
899 606 918 639 ‹
958 587 1181 658 Πνεῦμα
1213 585 1419 656 Κυρίου
1464 589 1548 640 ἐπ’
1576 589 1636 658 ἐμ

1896 585 2024 640 dicit
2049 587 2094 618 ⁸⁸
2121 604 2135 640 :
2175 605 2192 636 ι
2225 587 2459 655 Spiritus
2490 583 2706 638 Domini
2743 602 2908 655 super
2940 603 3046 653 me,
3076 597 3294 658 propter
3321 588 3464 657 quod

101 681 350 733 ἕνεκεν
384 680 600 752 ἐχρισέ
629 680 1192 761 με,εὑαγχελίσασΘαι
1215 683 1448 751 πτωχοῖς
1478 680 1669 733 άπέστι

1897 681 2050 733 unxit
2089 695 2196 744 me,
2234 678 2615 750 evangelizare
2646 681 2980 748 pauperibus
3027 681 3172 734 misit
3223 694 3330 744 me,
3379 696 3465 733 sa-

110 787 233 841 με,
298 770 603 826 ἰάσασθαι
641 774 768 836 τοὺς
829 773 1328 844 συντετριμμένους
1386 774 1484 845 τὴν
1536 774 1674 844 καρδ

1898 787 2023 827 nare
2071 773 2343 827 contritos
2393 771 2578 835 corde,
2644 773 2944 835 praedicare
2995 772 3227 841 captivis
3275 772 3466 825 remis-

101 862 417 934 κηρύξαι
460 864 838 936 αἰχμαλώτοις
868 863 1082 934 ἄφεσιν,
1113 865 1208 917 καὶ
1232 865 1450 933 τυφλοῖς
1471 865 1667 920 ἀνάϐλε

1896 864 2122 931 sionem,
2149 873 2204 919 et
2237 865 2400 918 cazcis
2436 864 2634 928 visum,
2681 873 2735 916 et
2773 879 2974 918 vocare
3014 879 3215 917 annum
3253 863 3464 918 Domini

103 957 230 1010 καὶ
254 956 544 1011 καλέσαι
568 957 811 1011 ἐνιαυτὸν
848 955 1056 1026 Κυρίου
1088 956 1294 1011 δεκτόν.
1327 976 1344 1007 ι
1379 957 1650 1011 Ἐνιαυτὺν

1899 967 2191 1027 acceptum.
2226 977 2246 1010 ι
2285 958 2504 1011 Annum
2549 957 2714 1027 igitur
2742 957 3093 1027 benignitatis
3138 966 3294 1011 vocat
3331 966 3467 1010 tem-

108 1065 234 1102 νυν
264 1049 690 1120 χρηστότητος
703 1049 794 1102 τὸν
829 1047 964 1120 μετὰ
991 1047 1090 1120 τὴν
1114 1047 1526 1120 ἐνανθρώπησιν
1559 1049 1653 1102 τοῦ

1899 1067 1989 1120 pus
2025 1059 2148 1120 post
2190 1049 2488 1103 Salvatoris
2536 1049 2709 1102 nostri
2757 1047 3205 1112 lncarnationcm,
3267 1048 3467 1118 quippe

115 1139 333 1211 τῆρος
388 1140 664 1212 ὀνομάζει
697 1140 906 1211 χρόνον,
939 1141 1016 1203 ὡς
1051 1139 1180 1210 μίαν
1223 1139 1373 1211 αὐτῷ
1409 1157 1683 1213 καρποφοε

1899 1144 2038 1213 quod
2081 1145 2371 1212 quamdam
2426 1143 2726 1195 ubertatem
2766 1140 2866 1210 ipsi
2890 1139 3101 1196 aﬂ'erat.
3131 1140 3266 1196 Huic
3302 1139 3467 1196 bene-

120 1232 572 1304 προσάγοντα.
609 1232 795 1304 Τούτῳ
824 1231 922 1304 τὴν
972 1231 1224 1299 εὐλογίαν
1254 1233 1283 1285 6
1311 1234 1599 1304 προφήτης
1625 1235 1688 1286 ἐτι

1311 1234 1599 1304 προφήτης
1625 1233 1794 1305 ἐπηύο
1891 1237 2182 1292 dictionem
2212 1235 2478 1306 propheta
2508 1235 2857 1304 precabatur.

129 1322 324 1389 ξατο.

224 1415 716 1482 Πιανθήσονται
765 1417 837 1468 τὰ
872 1414 1056 1482 ὡραῖα
1114 1414 1224 1482 τῆς
1262 1414 1508 1484 ἐρήμου,
1544 1433 1598 1468 κ.
1646 1433 1696 1468 τ.
1742 1417 1787 1468 ὲ.

1966 1418 2127 1472 Vsus.
2170 1417 2258 1472 l5.
2305 1415 2652 1486 Pinguescant
2687 1415 2917 1485 speciosa
2954 1415 3165 1477 deserti,
3202 1420 3309 1469 etc.
3356 1411 3468 1468 “ac

143 1509 604 1580 Ἐπιφανείσης
637 1509 750 1580 (45)
796 1510 896 1581 τῆς
927 1509 1313 1581 χρηστότητος,
1368 1510 1572 1582 ἔρημος
1630 1510 1711 1564 δώ

1901 1509 2226 1578 benignitate
2267 1510 2571 1573 exoriente,
2605 1509 2881 1563 desertum
2927 1508 3076 1562 dabit
3113 1506 3371 1569 fructum,
3413 1513 3469 1558 et

135 1602 438 1673 καρπὸν,
486 1604 581 1656 καὶ
618 1603 668 1655 οἱ
727 1601 925 1672 βουνοί,
974 1603 1057 1672 ἐφ’
1088 1596 1164 1656 ὧν
1197 1602 1354 1657 ἔθυον
1385 1603 1623 1675 δαίμοσι,
1666 1623 1703 1658 τι

1897 1602 2083 1667 colles,
2147 1601 2201 1655 in
2263 1601 2461 1671 quibus
2528 1602 2759 1655 litabant
2806 1603 3175 1666 daemonibus,
3225 1614 3320 1652 eos
3374 1597 3465 1665 qui

135 1690 553 1758 εὐαγγελικὸν
585 1691 863 1762 μετιόντας
893 1690 1242 1756 ὑποδέξονται
1271 1693 1406 1764 βίον,
1439 1695 1703 1768 περίϐλεπ

1901 1694 2261 1764 evangelicam
2293 1695 2458 1748 vitam
2500 1694 2725 1756 ducunt,
2764 1694 3070 1762 excipient,
3129 1702 3179 1748 et
3233 1692 3469 1746 illustres

142 1780 257 1835 διὰ
276 1782 528 1846 τούτους
560 1783 860 1854 γενόμενοι.
895 1787 1006 1839 Καὶ
1029 1783 1124 1839 νῦν
1155 1785 1213 1839 δὲ
1247 1785 1488 1852 ἅπαντες
1515 1789 1652 1861 πρὸς
1667 1807 1710 1843 τι

1903 1801 1994 1854 per
2025 1787 2121 1841 hos
2149 1785 2298 1840 ﬁent.
2349 1785 2486 1852 Quin
2525 1785 2692 1838 etiam
2742 1786 2898 1839 modo
2937 1799 3130 1840 omnes
3177 1790 3471 1839 accurrunt

146 1871 273 1935 τὰς
314 1849 638 1944 ἀκρωρείας
669 1849 1065 1946 κατειληφότας
1097 1875 1374 1948 τρέχουσι.
1468 1849 1481 1852 -
1562 1849 1574 1861 ’
1631 1849 1646 1853 ν

1820 1849 1865 1905 Β
1895 1879 1962 1930 ad
1995 1890 2090 1930 eos
2111 1877 2203 1945 qui
2243 1877 2509 1929 montium
2538 1876 2854 1944 crepidines
2883 1885 3240 1947 occuparunt.

240 1964 380 2019 Καὶ
425 1969 484 2018 αἱ
531 1965 810 2033 κοιλάδες
850 1967 1256 2036 πληθυνοῦσι,
1286 1987 1340 2023 κ.
1376 1986 1426 2022 τ.
1464 1970 1513 2024 ἑ.
1557 1971 1682 2025 Ἐπὶ
1735 1972 1798 2026 τὸ

1967 1967 2134 2024 Vsus.
2178 1969 2266 2024 14.
2300 1966 2367 2021 Et
2407 1968 2574 2022 valles
2609 1968 2980 2031 abundabunt,
3009 1977 3115 2022 etc.
3146 1967 3342 2033 Valles,
3388 1966 3472 2019 in-

166 2054 420 2124 βέλτιον
461 2055 593 2126 (46),
644 2057 798 2128 φησὶ,
861 2057 1264 2128 μεταϐαλοῦσαι
1294 2062 1351 2114 αἱ
1379 2062 1645 2128 κοιλάδες,
1703 2081 1734 2117 κ

1903 2065 2030 2134 quit,
2069 2063 2123 2116 in
2159 2062 2354 2117 melius
2402 2069 2642 2124 mutatae,
2685 2068 2740 2115 et
2773 2060 3154 2130 spiritualibus
3204 2057 3471 2115 fructibus

166 2145 594 2216 πληθυνθεῖσαι
630 2147 836 2220 νοητῶν
871 2148 1120 2221 καρπῶν,
1148 2150 1387 2216 ἐκτενῶς
1422 2169 1504 2206 σοι
1537 2154 1662 2218 τοὺς
1695 2153 1734 2221 ὗ(

1593 2154 1662 2218 ιὺς
1695 2153 1798 2226 ὗμ-
1893 2153 2292 2226 tnultiplicatm,
2330 2151 2541 2222 prolixe
2570 2153 2667 2208 tibi
2691 2152 2879 2208 laudes
2911 2150 3161 2208 oﬂ‘erent.

161 2255 314 2303 νους
345 2239 527 2292 ἁναπέ
538 2238 758 2310 μψουσι.

768 2429 1062 2485 ΨΑΛΜΟΣ
1097 2431 1215 2484 ΞΕι.
2327 2434 2336 2502 ε

2327 2431 2494 2504 748
2531 2428 2849 2485 PSALMUS
2884 2427 3057 2485 va.

268 2516 646 2580 Ἀλαλάξατε
672 2517 754 2586 τῷ
784 2518 928 2584 Θεῷ,
967 2538 1022 2576 κ.
1056 2538 1107 2576 τ.
1147 2523 1194 2574 ἑ.
1242 2522 1401 2578 Ἀλλὰ
1428 2526 1524 2578 καὶ
1558 2522 1668 2600 (47)
1692 2528 1792 2600 τῆς

1971 2529 2138 2584 Vsus.
2178 2529 2234 2581 2.
2274 2524 2513 2579 Jubilate
2560 2523 2689 2588 Deo,
2736 2533 2846 2576 etc.
2898 2522 3003 2575 Sed
3047 2530 3100 2574 et
3139 2529 3260 2589 post
3303 2523 3478 2588 ptent-

175 2606 337 2678 μετὰ
378 2609 664 2678 μετάνοιαν
700 2611 1050 2676 ἀναστάσεως
1083 2614 1218 2666 πᾶσι
1251 2616 1624 2688 προκειμένης
1655 2618 1743 2672 πά·

1908 2623 2127 2676 tentiam
2195 2618 2600 2674 resurrectione
2655 2614 2910 2670 omnibus
2961 2612 3238 2682 proposita
3286 2624 3476 2666 omnes

68 2753 70 2778 ί
173 2713 278 2761 τες
328 2697 772 2762 ἀλαλαζέτωσαν·
808 2699 946 2772 πρὸς
975 2700 1205 2755 ἕκαστον
1236 2703 1346 2776 γὰρ
1373 2704 1614 2774 λέγεται·

1904 2711 2124 2777 iubilent
2167 2726 2182 2776 ;
2224 2712 2290 2762 ad
2325 2720 2768 2776 umunquemque
2798 2705 2941 2758 enim
2989 2703 3234 2756 dicitur:
3270 2719 3288 2752 ι
3321 2699 3472 2754 Nun-

175 2805 236 2840 τι
272 2789 304 2840 ὁ
343 2788 527 2840 πεσὼν
572 2789 673 2841 οὑκ
708 2789 1027 2856 ἀνίσταται;
1070 2811 1088 2843 ι
1128 2793 1237 2846 Καὶ
1266 2793 1402 2864 πρὸς
1437 2795 1654 2851 ἃπασαν
1691 2797 1743 2851 τί

1908 2805 2024 2874 ιιιίό
2061 2803 2151 2872 qui
2193 2799 2414 2864 cecidit,
2464 2814 2569 2851 non
2627 2796 2864 2864 resurgit
2890 2795 2981 2846 ⁸⁵2
3014 2813 3031 2845 ι
3069 2793 3132 2847 Et
3157 2792 3223 2846 ad
3255 2792 3476 2846 univer-

68 2938 70 2942 τ
181 2878 306 2932 ἀπὸ
339 2877 450 2931 τῶν
484 2879 654 2933 ἐθνῶν
695 2880 1018 2952 Ἐκκλησίαν
1047 2883 1077 2934 6
1109 2883 1312 2955 Κύριος
1353 2885 1524 2954 λέγει·
1558 2905 1578 2938 t
1632 2888 1636 2900 '

1905 2911 2016 2953 sam
2051 2891 2350 2949 Ecclesiam
2384 2905 2451 2943 ex
2483 2888 2736 2956 gentibus
2774 2886 3038 2938 Dominus
3065 2885 3144 2938 ait
3173 2904 3185 2938 :
3223 2901 3242 2934 ι
3279 2883 3473 2952 Surge,

68 3033 70 3036 ν
183 2986 321 3034 στα,
346 2967 466 3023 ἐλθὲ
489 2971 523 3041 ἡ
544 2970 769 3040 πλησίον
796 2989 915 3043 μου.
951 2992 970 3024 ι
1013 2974 1072 3026 '0
1105 2973 1215 3046 γὰρ
1238 2976 1476 3039 ἀναστὰς
1507 2977 1596 3031 διὰ
1630 2996 1636 3049 ι

1906 2983 2020 3039 veni
2050 2980 2301 3052 proxima
2334 2992 2452 3032 mea
2483 2976 2551 3028 9°.
2584 2996 2602 3028 ι
2634 2975 2732 3041 Qui
2765 2973 2910 3028 enim
2955 2987 3051 3042 per
3095 2972 3474 3042 paenitentiam

67 3055 72 3134 ξ
185 3061 352 3124 νοίας
381 3063 480 3114 οὒκ
512 3061 628 3114 ἔστι
657 3061 848 3134 πόρῤω
876 3064 1132 3136 Χριστοῦ.
1169 3066 1473 3138 Γενομένης
1502 3067 1560 3120 δὲ
1587 3069 1635 3121 τί

1908 3073 2158 3142 resurgit,
2197 3084 2303 3124 non
2330 3077 2415 3123 est
2442 3066 2681 3137 procula
2717 3065 2955 3120 Christo.
2996 3064 3159 3118 Facta
3207 3077 3387 3118 autem
3421 3065 3476 3119 in

187 3152 505 3222 ἀλαλαγμῷ
523 3152 666 3206 κατὰ
687 3154 796 3206 τῶν
822 3156 1155 3226 ἡττωμένων
1187 3158 1391 3229 φωνῆς,
1423 3161 1471 3212 οἱ
1493 3159 1755 3231 ὲλευθερω

1897 3163 2206 3233 iubilationc
2227 3169 2418 3215 contra
2439 3158 2681 3213 devictos
2705 3171 2858 3220 voce,
2887 3156 2942 3208 hi
2965 3155 3054 3223 qui
3089 3156 3301 3209 liberati
3335 3165 3465 3209 sunt

191 3243 389 3306 θέντες
420 3245 842 3316 προστάττονται
862 3247 940 3318 τῷ
961 3248 1062 3319 τῆς
1088 3249 1245 3321 νίκης
1272 3251 1430 3322 αἰτίῳ
1458 3251 1626 3322 ψάλαι
1649 3253 1759 3325 Θεῷ

1900 3257 2146 3324 iubentur
2194 3253 2304 3307 Deo
2367 3250 2610 3303 victoria:
2659 3249 2867 3302 auctori
2933 3247 3196 3315 psalmum
3262 3247 3468 3302 dicere.

193 3334 375 3401 Δόξαν
418 3336 475 3389 δὲ
521 3336 735 3390 δίδωσιν
766 3338 967 3392 αἰνέσει
1017 3339 1183 3392 αὐτοῦ
1221 3342 1250 3394 6
1291 3339 1430 3412 έχων
1474 3345 1539 3414 τῇ
1590 3345 1761 3398 αίνέσε

1905 3347 2066 3402 Porro
2097 3343 2323 3414 gloriam
2355 3340 2448 3394 dat
2487 3340 2628 3394 laudi
2663 3338 2800 3406 ejus,
2831 3338 2922 3408 qui
2952 3339 3174 3392 exhibet
3200 3340 3473 3392 actionem

193 3427 406 3497 πρᾶξιν
436 3429 788 3500 κατάλληλον·
820 3452 838 3484 ι
897 3433 1021 3497 Τοῖς
1074 3430 1182 3501 γὰρ
1208 3431 1390 3486 εὑθέσι
1423 3434 1624 3505 πρέπει
1653 3436 1761 3490 αἴνε

1905 3435 2038 3490 laudi
2080 3443 2544 3489 consentaneam:
2587 3445 2606 3479 ι
2646 3428 2841 3481 Rectos
2877 3429 3019 3482 enim
3073 3430 3228 3483 decet
3263 3429 3473 3483 collau-

198 3536 313 3583 σις·
360 3539 377 3571 ι
415 3521 495 3574 διὸ
528 3522 845 3575 κωλύεταιὸ
875 3521 1076 3592 φαῦλος
1103 3523 1260 3577 τοῦτο
1290 3529 1484 3578 ποιεῖν·
1519 3545 1537 3578 t
1573 3528 1676 3581 οὐκ
1707 3527 1766 3582 όν

1895 3528 2043 3582 datio
2070 3525 2146 3577 νίς
2171 3544 2189 3575 ι
2225 3524 2428 3578 idcirco
2453 3519 2774 3591 prohibetur
2797 3519 3076 3588 improbus
3097 3535 3214 3573 eam
3240 3519 3458 3585 facere;

197 3624 292 3674 τος
327 3611 526 3682 ὡραίου
555 3613 704 3666 αἴνου
736 3615 792 3666 ὲν
814 3612 1040 3684 στόματι
1075 3614 1422 3686 ἁμαρτωλοῦ.
1467 3635 1486 3668 ι

1901 3638 1920 3671 ι
1958 3618 2086 3686 quia
2119 3631 2225 3670 non
2253 3624 2339 3669 est
2365 3613 2613 3682 speciosa
2641 3611 2759 3666 laus
2795 3612 2847 3666 in
2879 3626 2974 3666 ore
3004 3611 3308 3680 peccatoris
3332 3613 3399 3663 θ’.
3437 3629 3461 3664 ι

276 3704 500 3757 Εἴπατε
530 3703 610 3770 τῷ
627 3705 772 3773 Θεῷ·
787 3700 882 3772 Ὠς
895 3705 1134 3773 φοϐερὰ,
1171 3722 1227 3760 κ.
1255 3723 1307 3760 τ.
1339 3707 1388 3762 ὲ.
1437 3707 1495 3760 '0
1529 3705 1649 3760 ἰδὼν
1681 3707 1791 3779 (48)

1970 3709 2135 3763 Vsus.
2177 3708 2231 3760 ’5.
2255 3703 2429 3760 Dicite
2445 3700 2582 3756 Deo:
2607 3702 2778 3768 Quam
2809 3702 3095 3766 terribilia,
3126 3711 3232 3756 etc.
3262 3703 3362 3767 Qui
3392 3705 3470 3756 vi-

204 3794 468 3866 διαφορὰν
500 3793 596 3848 τοῦ
643 3795 1066 3864 ἀναγγείλαντος
1092 3795 1160 3849 τὰ
1189 3795 1326 3867 ἔργα
1357 3797 1452 3850 τοῦ
1489 3797 1626 3850 Θεοῦ
1659 3797 1772 3869 πρδέ

1909 3803 2042 3857 derit
2077 3797 2438 3854 diﬂerentiam
2471 3795 2588 3865 ejus
2615 3795 2709 3864 qui
2745 3792 3034 3847 annuntiat
3064 3807 3227 3861 opera
3272 3792 3363 3847 Dei
3405 3795 3477 3848 ad

205 3885 288 3950 τὸ,
336 3907 353 3938 ι
389 3888 498 3943 Καὶ
529 3887 599 3941 τὰ
633 3889 914 3960 ποιήματα
947 3889 1113 3942 αὑτοῦ
1151 3890 1410 3959 συνῆκαν·
1455 3908 1474 3941 ι
1505 3890 1773 3961 εἰρημένο·

1910 3895 2048 3957 illud,
2085 3910 2104 3944 ι
2140 3892 2206 3946 Et
2253 3889 2400 3944 facta
2455 3888 2574 3959 ejus
2634 3886 3016 3942 intellexerunt
3081 3902 3096 3940 :
3141 3903 3163 3937 ›
3209 3886 3352 3955 quod
3389 3885 3478 3938 di-

208 3980 267 4030 ὲν
293 3978 565 4050 ἑξηκοστῷ
601 3980 768 4051 τρίτῳ
805 3979 1022 4050 ψαλμῷ·
1053 3980 1148 4034 καὶ
1179 3980 1298 4044 πῶς
1326 3981 1541 4051 εἴρηται
1573 3983 1630 4033 ὲν
1663 3983 1776 4035 ὲκα‹

1905 3999 2052 4044 ctum
2085 3996 2168 4040 est
2205 3983 2258 4039 in
2293 3982 2503 4054 psalmo
2532 3979 2871 4049 sexagesimo
2912 3977 3077 4032 tertio
3109 3977 3155 4010 ³³
3201 3994 3216 4031 :
3251 3987 3305 4032 et
3338 3992 3473 4045 quo-

210 4072 382 4143 τοστῷ
411 4072 570 4144 ἕκτῳ·
633 4091 651 4125 t
690 4075 753 4128 Οί
805 4073 1223 4137 καταϐαίνοντες
1277 4075 1356 4137 εἰς
1411 4073 1684 4128 θάλασσαν
1737 4076 1778 4127 ὲι

1911 4081 2058 4136 modo
2087 4079 2286 4132 dictum
2312 4081 2395 4130 est
2421 4075 2475 4127 in
2505 4072 2803 4128 centesimo
2837 4076 2991 4126 sexto
3017 4070 3104 4125 ’δε
3158 4087 3178 4121 ‹
3233 4070 3335 4137 Qui
3377 4071 3479 4126 de-

213 4163 436 4228 πλοίοις,
479 4164 758 4228 ποιοῦντες
805 4163 1066 4236 ἐργασίαν
1096 4166 1154 4216 ἐν
1192 4163 1347 4218 ὕδασι
1383 4163 1619 4229 πολλοῖς,
1645 4165 1781 4218 αὐτοἼ

1914 4169 2242 4240 ιοειιιιιιιιῑίιι
2273 4181 2424 4220 mare
2445 4166 2497 4218 in
2525 4164 2781 4230 navibus,
2811 4162 3075 4218 facientes
3103 4163 3482 4232 operationem

217 4253 350 4309 εἶδον
388 4257 454 4309 τὰ
485 4256 622 4328 ἔργα
655 4259 884 4328 Κυρίου,
911 4259 1004 4312 και
1043 4258 1114 4313 τὰ
1138 4258 1420 4328 θαυμάσια
1440 4259 1606 4313 αὐτοῦ
1641 4260 1698 4312 ὲν
1719 4259 1785 4331 τᾷ

1921 4283 1952 4321 ιι
1987 4265 2144 4334 aquis
2168 4261 2374 4326 multis,
2408 4259 2512 4329 ipsi
2545 4258 2796 4312 viderunt
2821 4272 2985 4326 opera
3023 4255 3258 4318 Domini,
3283 4265 3336 4308 et
3371 4255 3482 4308 mi-.

223 4345 382 4417 βυθῷ·
427 4366 444 4398 ι
482 4347 669 4417 ὄψεται
703 4349 820 4412 πῶς
839 4349 920 4401 δεῖ
947 4348 1124 4416 λέγειν
1152 4347 1228 4420 τῷ
1248 4349 1385 4420 Θεῷ·
1423 4367 1442 4400 t
1477 4350 1563 4412 Ὠς
1591 4349 1791 4422 φοϐερὰ

1905 4359 2092 4414 rabilia
2124 4356 2239 4427 ejus
2276 4356 2328 4410 in
2373 4352 2668 4424 profundo,
2708 4370 2727 4404 ι
2767 4350 2974 4404 videbit
3009 4349 3280 4419 quomodo
3311 4362 3473 4414 opor-

222 4437 288 4490 τὰ
317 4437 448 4509 ἔργα
483 4456 598 4491 σου·
624 4458 642 4490 ι
667 4440 788 4510 οὐχ).
811 4440 889 4505 δὲ,
923 4459 941 4492 t
979 4439 1188 4511 Φοϐερὰ
1219 4440 1288 4493 τὰ
1316 4441 1597 4512 ποιήματά
1629 4459 1740 4495 σου.
1773 4460 1790 4493 ι

1912 4459 2020 4507 teat"
2041 4423 2425 4513 Deovdicereﬁ
2459 4444 2632 4510 Quam
2663 4443 2932 4496 terribilia
2965 4450 3090 4494 sunt
3119 4455 3282 4509 opera
3317 4448 3429 4502 tua,
3451 4455 3480 4489 ι.

224 4532 328 4584 Καὶ
371 4531 478 4607 γὰρ
509 4531 578 4585 τὰ
615 4530 752 4604 ἔργα
788 4532 990 4602 Κυρίου
1035 4532 1246 4586 εῖδοσαν
1304 4535 1351 4586 οἱ
1379 4534 1792 4598 καταϐαίνοντες

1903 4556 2238 4613 nequaquam
2291 4553 2444 4603 vero,
2495 4553 2514 4586 ι
2569 4533 2856 4590 Terribilia
2913 4545 3042 4587 sunt
3091 4533 3235 4586 facta
3296 4540 3408 4584 tua.
3451 4547 3471 4581 ι

225 4623 301 4686 είς
327 4623 597 4677 θάλασσαν
632 4627 688 4678 ὲν
714 4625 939 4690 πλοίοις,
965 4627 1264 4698 ἐπιτήδειοι
1300 4627 1444 4681 κατά
1472 4628 1629 4686 τοῦτο
1650 4629 1793 4694 ὄντες

1906 4633 2114 4690 Etenim
2148 4646 2314 4702 opera
2361 4629 2572 4685 Domini
2600 4627 2872 4690 viderunt,
2905 4627 2996 4695 qui
3032 4623 3374 4678 descendunt
3419 4622 3474 4679 in

230 4716 348 4769 ἰδεῖν
377 4716 444 4769 τὰ
477 4716 684 4788 φοϐερὰ
722 4717 859 4788 ἔργα
897 4719 1124 4790 Κυρίου·
1166 4721 1235 4774 τὸ.
1253 4720 1362 4793 γὰρ
1399 4721 1638 4789 ἀνάλογα
1688 4725 1798 4786 τοῖς

1935 4740 2055 4778 tare
2082 4730 2134 4778 In
2165 4723 2422 4789 navibus,
2470 4724 2580 4794 apti
2609 4720 2902 4777 secundum
2953 4719 3055 4772 hoc
3090 4715 3277 4769 videre
3311 4713 3503 4767 terri-

228 4811 480 4882 ποιήμασι
534 4812 741 4884 Κυρίου
793 4811 1072 4884 Θαυμάσια
1122 4814 1288 4868 αὐτοῦ
1323 4817 1381 4869 ὲν
1410 4815 1488 4886 τῷ
1531 4815 1680 4887 βυθῷ
1702 4817 1796 4870 οὐκ

1910 4815 2029 4873 bilia
2064 4829 2229 4884 opera
2280 4814 2494 4868 Domini
2547 4828 2723 4870 :nam
2774 4811 3002 4880 analoga
3061 4808 3220 4862 factis
3269 4805 3478 4860 Domini

229 4903 334 4956 ἔστι
359 4903 583 4977 φοϐερά.

1907 4903 2177 4958 mirabilia
2207 4903 2322 4972 ejus
2356 4904 2409 4956 in
2443 4903 2712 4971 profundo
2743 4918 2846 4956 non
2876 4909 3002 4956 sunt
3047 4896 3336 4952 terribilia.

295 4993 462 5050 Πᾶσα
512 4999 551 5066 ἡ
605 4997 682 5067 γῆ
725 4999 1347 5067 προσκυνησάτωσαν,
1401 5017 1456 5056 κ.
1498 5018 1551 5058 τ.
1595 5002 1642 5056 ὲ.
1691 5002 1801 5056 Καὶ

1982 4996 2144 5050 Vens.
2184 4995 2238 5052 4.
2285 4994 2468 5052 Omnis
2499 5005 2646 5048 terra
2675 4994 2855 5047 adoret
2888 5001 2959 5058 te,
2986 5001 3094 5044 etc.
3124 4989 3296 5042 Etiam
3337 4985 3481 5056 apud

230 5087 367 5158 παρὰ
399 5087 475 5159 τῷ
531 5089 837 5160 Ἀποστόλῳ
865 5088 974 5161 (49)
1013 5089 1228 5162 πρῶτον
1277 5110 1296 5143 t
1338 5092 1726 5164 προσεύξομαι,
1775 5111 1793 5146 ι

1916 5087 2228 5156 Apostolum
2271 5087 2316 5119 ’⁵
2371 5088 2550 5157 primo
2598 5085 2717 5140 loco
2766 5081 2986 5152 ponitur
3041 5097 3060 5130 ι
3095 5079 3282 5143 orabo,
3322 5095 3342 5127 ι
3396 5089 3484 5130 se-

232 5177 465 5249 δεύτερον
492 5199 510 5232 ι
546 5179 722 5250 ψαλῶ.
761 5201 781 5234 ι
816 5181 1162 5252 Ἐπιστήσεις
1189 5182 1266 5246 δὲ,
1301 5183 1350 5236 εί
1380 5183 1566 5254 ἕτερόν
1585 5183 1799 5246 ἔστιτὸ,

1915 5178 2090 5233 cundo
2143 5197 2163 5230 ι
2218 5177 2467 5250 psallam.
2519 5196 2539 5229 ι
2585 5176 2821 5231 lnstabis
2871 5181 3076 5235 autem,
3118 5181 3296 5223 utrum
3337 5164 3483 5221 aliud

241 5291 258 5324 t
287 5271 618 5327 Ψαλάτωσάν
652 5290 754 5337 σοι,
798 5291 816 5323 ι
856 5274 950 5326 καὶ
975 5272 1161 5343 ἕτερον
1191 5275 1274 5339 τὸ,
1305 5293 1322 5325 t
1347 5275 1692 5329 Ψαλάτωσαν
1724 5275 1802 5346 τῷ

1912 5277 1999 5341 sit,
2045 5294 2064 5326 ε
2099 5273 2298 5329 Psallat
2327 5273 2442 5338 tibi,
2487 5291 2504 5324 ι
2534 5280 2588 5326 et
2624 5269 2787 5333 aliud,
2842 5286 2860 5318 ι
2897 5265 3169 5320 Psalmum
3198 5263 3340 5316 dicat
3379 5274 3480 5312 no—

236 5363 439 5433 ὀνόματί
475 5381 592 5416 σου·
635 5383 654 5415 ι
676 5365 706 5416 6
727 5363 784 5416 δὲ
817 5363 1113 5435 Σύμμαχος
1140 5364 1390 5432 ἐξέδωκε·
1422 5384 1441 5418 t
1478 5365 1684 5430 Πάντες
1713 5367 1804 5418 ἐπὶ

1915 5367 2042 5421 ιιιίιιί
2073 5377 2204 5432 ιιιο;
2242 5385 2260 5417 ι
2299 5363 2658 5434 Symmachus
2704 5375 2833 5414 vero
2887 5355 3158 5425 exposuit,
3211 5370 3230 5403 ι
3280 5350 3483 5406 Omnes

303 5495 462 5567 'Plsa.
496 5496 754 5567 Lind-3.
833 5497 878 5530 θ’
906 5497 1049 5552 Psal.
1077 5514 1164 5564 η,
1193 5500 1246 5555 9.
1321 5499 1367 5531 ⁹⁰
1391 5498 1547 5554 Cant.
1575 5515 1636 5567 ιι,
1671 5495 1760 5554 10.
1835 5498 1871 5530 ’¹

1913 5499 2058 5556 Psal.
2092 5515 2268 5566 xxxii,
2293 5499 2347 5554 1.
2425 5499 2468 5530 ⁹¹
2498 5497 2662 5552 Eccli.
2690 5511 2780 5560 xv,
2804 5493 2855 5548 9.
2959 5490 3005 5524 ³³
3027 5487 3170 5544 Psal.
3200 5502 3357 5555 mn,
3395 5486 3481 5549 10.

241 5561 281 5594 ’⁵
309 5566 429 5620 ibid.
467 5582 575 5630 ενι,
605 5565 696 5636 25,
737 5567 829 5622 24.
904 5568 950 5600 ⁸⁸
975 5568 992 5622 l
1015 5561 1290 5638 Cor.'x1v,
1321 5570 1411 5624 15.

2129 5674 2308 5728 Ἀλλὰ
2329 5671 2450 5735 καί,
2477 5680 2581 5725 etc.
2614 5667 2839 5721 Eadem.

2070 5674 2092 5881 ξ

307 5675 410 5746 (44)
450 5679 546 5731 Ἐν
579 5674 814 5746 Ἡσαΐᾳ,
858 5691 963 5735 etc.
994 5681 1198 5736 Catena
1227 5680 1496 5741 Corderii.
1977 5675 2063 5746 (4⁷

309 5740 412 5819 (45)
452 5740 896 5819 Ἐπιφανείσὴς,
927 5761 1034 5806 etc.
1075 5752 1297 5806 Eadem.

1207 5767 1297 5806 rm.
1975 5740 2089 5819 (48)
2128 5745 2181 5796 Ὀ
2213 5742 2526 5819 ίδώνηθιρζ
2555 5740 2775 5819 Eadem.

309 5805 411 5886 (ιε)
452 5805 597 5874 Ἐπί
618 5819 684 5876 τὸ
707 5805 982 5887 etiam
1003 5805 1109 5878 etc.
1147 5805 1367 5881 Eadem.

1977 5805 2092 5881 (49)
2119 5815 2228 5874 Καὶ
2259 5813 2420 5882 παρὰ
2454 5811 2535 5878 τῷ
2579 5805 2936 5875 Ἀποστόλφ,
2975 5812 3080 5862 etc.
3116 5807 3339 5865 Eadem.
