3970 6160
38 404 117 499 ᾖξ’,
149 403 320 463 I50!
666 466 679 479 ,
1241 402 1556 470 SELECTA
1594 415 1667 472 lN
1697 414 2040 476 PSALMOS.
2078 448 2150 459 —
2188 417 2387 475 PSAL.
2421 407 2588 473 LXV.
3414 420 3550 475 I502

40 543 57 575 t.
108 520 323 597 ξῆσαν
358 532 788 605 μαρμάρινοι,
816 534 1273 610 τεθεμελιωμένοι
1304 534 1396 590 ἐπὶ
1412 536 1599 609 βάσεις
1627 543 1836 614 χρυσᾶς

1968 554 2127 595 crura
2174 550 2331 595 erant
2380 538 2651 595 columna:
2705 552 3061 606 marmoreae,
3110 538 3346 596 fundatae
3387 553 3548 610 super

148 619 247 688 ὡς
287 624 361 678 ὲν
390 624 491 698 τῷ
525 627 799 703 ’ᾼσματι
828 630 937 686 τῶν
955 632 1219 705 ᾀσμάτων
1234 630 1469 705 εἴρηται.

1965 632 2125 687 bases
2174 647 2397 698 aureas,
2442 632 2521 687 uti
2582 629 2634 686 iu
2684 631 2916 691 Cantico
2962 632 3301 689 canticorum
3350 630 3396 664 "
3438 641 3576 708 ιτα-ι

1961 722 2127 777 ditur.

2035 814 2200 872 Vens.
2247 814 2337 871 10.
2384 814 2649 881 Quoniam
2680 816 2917 884 probasti
2943 832 3062 879 nos,
3107 814 3270 880 Deus,
3304 824 3410 869 etc.
3441 812 3525 868 Ma

1963 905 2162 963 nifeste
2186 908 2287 963 hoc
2315 907 2527 963 videbis
2543 923 2612 962 ex
2629 907 2935 974 Ezechiele,
2957 907 3047 962 ubi
3066 908 3327 978 scriptum
3357 916 3441 962 est
3468 906 3484 938 ³
3525 923 3540 961 :

1966 1014 1988 1049 ι
2022 999 2091 1052 Ει
2121 998 2327 1053 factum
2361 1008 2447 1054 est
2477 1001 2707 1054 verbum
2740 998 2950 1055 Domini
2980 1001 3046 1055 ad
3081 1015 3167 1055 me
3190 1000 3412 1055 dicens:
3440 997 3543 1054 Fili

1959 1089 2221 1156 hominis,
2261 1105 2390 1147 ecoe
2444 1092 2571 1146 facti
2619 1100 2748 1147 sunt
2799 1093 2933 1147 mihi
2984 1093 3178 1149 domus
3224 1091 3407 1158 Israel,
3448 1092 3543 1147 ad-

1959 1183 2111 1238 misti
2144 1198 2338 1239 omnes
2372 1197 2505 1249 tere,
2539 1192 2598 1240 et
2626 1194 2847 1251 stanno,
2889 1193 2943 1240 et
2978 1184 3221 1255 plumbo,
3268 1193 3327 1241 et
3372 1183 3538 1252 ferro,

1958 1273 2016 1330 iu
2052 1274 2231 1330 medio
2271 1274 2516 1333 fornacis
2549 1285 2778 1346 argento
2808 1275 3041 1333 admista
3074 1284 3179 1332 est.
3211 1293 3231 1328 ι

249 806 407 863 Ὅτι
440 809 860 884 ἐδοκίμασας
892 814 1072 885 ἡμᾶς,
1107 818 1143 870 ό
1179 814 1344 883 Θεὸς,
1388 834 1442 871 κ.
1484 834 1537 874 τ.
1582 816 1630 872 ἑ.
1665 816 1862 887 Σαφῶς

155 896 360 953 τοῦτο
399 899 546 975 (59)
610 905 738 977 ὄψει
780 906 889 961 ἀπὸ
917 907 1013 961 τοῦ
1059 907 1339 979 Ἰεζεκιὴλ,
1365 906 1495 962 ἔνθα
1524 907 1855 980 γέγραπται·

47 1028 71 1063 λ
168 1011 192 1044 ι
255 996 400 1050 Καὶ
459 999 713 1068 ἐγένετο
756 1000 917 1071 λόγος
964 1001 1173 1075 Κυρίου
1216 1002 1356 1075 πρὸς
1397 1001 1465 1072 μὲ
1511 1001 1705 1071 λέγων’
1760 1002 1859 1056 re

38 1112 71 1163 ξ
166 1087 292 1143 ἀνθ
304 1089 574 1162 ρώπου,
624 1093 734 1147 ίδοὺ
778 1093 1035 1164 γεγόνασί
1069 1110 1159 1165 μοι
1189 1086 1337 1156 οἶκος
1379 1092 1615 1165 Ἰσραὴλ,
1650 1094 1858 1165 ἀναμε-

38 1170 71 1256 τέν
174 1196 302 1249 μιγ
311 1180 506 1252 μένοι
538 1183 750 1246 πάντες
774 1182 983 1255 χαλκῷ,
1009 1182 1102 1236 καὶ
1127 1179 1457 1253 κασσιτέρῳ,
1489 1180 1583 1233 καὶ
1602 1179 1855 1251 μολίϐδῳ,

42 1314 71 1351 2
174 1273 297 1326 καὶ
332 1274 616 1348 σιδήρῳ,
648 1280 706 1332 ὲν
739 1278 890 1349 μέσῳ
916 1276 1149 1349 καμίνου
1178 1273 1444 1347 ἀργυρίου
1474 1274 1859 1345 ἀναμεμιγμέο

37 1411 74 1443 1,.
178 1382 297 1431 νος
324 1366 507 1422 ἐστι.
548 1388 574 1421 ι

272 1458 676 1531 Etenim-rec
714 1460 876 1532 ἡμᾶς
918 1463 1007 1529 είς
1037 1459 1155 1528 τὴν
1201 1458 1444 1529 παγίδα,
1484 1476 1541 1512 κ.
1579 1475 1632 1513 τ.
1675 1459 1722 1513 ἐ.
1757 1459 1856 1514 Διά

187 1549 329 1623 γὰρ
366 1551 617 1607 πολλῶν
642 1553 873 1624 θλίψεων
909 1554 1021 1622 (60)
1063 1551 1329 1607 εἰσελθεῖν
1355 1551 1437 1605 δεῖ
1466 1552 1547 1615 είς
1569 1550 1667 1622 τὴν
1697 1550 1855 1622 βασι-

52 1696 73 1709 ή
186 1642 381 1701 λείαν
414 1646 553 1702 τῶν
580 1646 849 1720 οὐρανῶν.
888 1646 1026 1701 Ἀλλ’
1062 1647 1112 1700 εί
1147 1646 1243 1700 καὶ
1272 1643 1611 1708 ὲπεϐίϐασας
1644 1642 1856 1716 ἀνθρώ-

195 1754 367 1803 πους
396 1740 513 1793 ἐπὶ
545 1739 645 1804 τὰς
678 1738 919 1809 κεφαλάς
948 1738 1129 1811 ἡμῶν,
1160 1735 1276 1791 ἀλλ’
1301 1730 1395 1790 οὖν
1425 1733 1736 1808 θαρροῦμεν
1764 1734 1854 1790 διὰ

197 1829 545 1903 ὑπομονῆς
607 1831 937 1904 μετεωρίσαι
998 1829 1190 1894 αὺτάς,
1259 1828 1711 1898 κατασπωμένων
1754 1828 1851 1883 ἀπ’

202 1924 425 1979 αὐτῶν
449 1925 573 1979 τῶν
599 1924 959 1996 ἐπικειμένων
982 1922 1255 1995 πολεμίων
1287 1921 1591 1995 ἀνθρώπων

2027 1459 2196 1517 Vnus.
2238 1463 2328 1517 11.
2366 1460 2640 1518 Induxiin
2690 1479 2786 1518 nos
2836 1463 2895 1518 in
2945 1462 3210 1533 laqueum.
3266 1470 3375 1519 etc.
3433 1460 3542 1517 Per

1957 1554 2159 1609 multas
2198 1554 2344 1609 enim
2391 1554 2774 1610 tribulationes
2819 1555 3029 1610 intrare
3081 1562 3303 1625 oportet
3350 1553 3403 1608 in
3450 1569 3540 1607 re-

1955 1661 2121 1718 gnum
2155 1644 2442 1701 ccelurum.
2472 1646 2539 1700 Et
2574 1646 2706 1701 licet
2758 1646 2923 1701 etiam
2962 1646 3211 1702 homines
3258 1646 3540 1703 induxeris

1954 1752 2123 1809 super
2170 1738 2347 1808 capita
2394 1748 2602 1806 nostra,
2654 1739 3013 1795 nihilominus
3059 1754 3157 1809 per
3215 1739 3534 1809 patientiam

1956 1831 2286 1888 confidimus
2315 1833 2405 1886 illa
2432 1848 2534 1888 nos
2561 1840 2865 1902 erecturos,
2891 1833 2982 1888 ubi
3009 1832 3538 1904 750imminentes

1880 1899 1925 1954 Β
1956 1923 2166 1980 intmici
2199 1926 2450 1983 homines
2489 1924 2694 1981 fuerint
2727 1925 2796 1981 ab
2834 1899 2970 1996 ipsis
2999 1899 3195 1981 angi.

294 2019 774 2089 Εἱσελεύσομαι
794 2019 882 2085 είς
910 2016 1020 2071 τὸν
1051 2016 1221 2071 οἶκόν
1242 2031 1379 2080 σου,
1415 2032 1470 2069 κ.
1504 2033 1556 2069 τ.
1585 2015 1631 2069 ἑ.
1661 2015 1727 2068 ’Δ
1756 2015 1836 2088 ηὐ·

2026 2016 2194 2072 Vsns.
2238 2016 2327 2071 15.
2372 2015 2616 2071 lntroibo
2669 2015 2726 2069 in
2774 2015 2990 2070 domum
3038 2026 3209 2084 tuam,
3256 2026 3366 2071 etc.
3406 2016 3538 2083 Quae

212 2108 431 2184 ξάμην
460 2111 600 2184 (61),
637 2111 792 2184 φησι,
818 2110 1135 2182 θλιὸόμενος
1157 2107 1425 2163 ἀποδώσω
1453 2126 1555 2164 σοι.
1586 2108 1836 2181 negatam

1959 2108 2101 2174 vovi,
2151 2108 2354 2178 inquit,
2390 2122 2512 2162 cum
2561 2106 2897 2173 tribularer,
2951 2108 3180 2164 reddam
3224 2109 3344 2163 tibi.
3398 2107 3536 2163 Vovi

208 2200 281 2255 δὲ
307 2203 423 2268 ὡς,
443 2204 550 2276 τῆς
573 2203 803 2274 θλίψεως
828 2202 926 2274 τῆς
966 2201 1247 2274 παρούσης
1281 2199 1520 2274 ῥυσθεὶς,
1558 2201 1836 2266 διαπαντὸς

1959 2209 2133 2257 autem
2158 2215 2247 2256 me
2285 2218 2316 2255 a
2356 2202 2607 2270 praesenti
2657 2201 2951 2258 aﬂlictioue
2983 2202 3273 2258 liberatum
3320 2199 3537 2272 semper

215 2294 567 2367 ἀναπέμψω
592 2313 673 2350 σοι
704 2296 803 2360 τὰς
834 2296 1089 2359 αίνέσεις*
1121 2296 1241 2367 ἦτοι
1271 2294 1372 2359 τὰς
1404 2293 1546 2348 κατά
1571 2294 1736 2366 νόμον
1756 2294 1836 2349 θυ-

1959 2294 2049 2349 tibi
2096 2293 2287 2349 laudes
2339 2292 2650 2349 oblaturum
2699 2313 2712 2348 :
2771 2295 2983 2350 scilicet
3028 2293 3222 2364 legalia
3261 2294 3529 2349 sacriﬁcia

217 2390 364 2455 σίας
402 2391 522 2463 πρὸ
541 2392 640 2463 τῆς
667 2389 764 2445 τοῦ
787 2391 1042 2463 Σωτῆρος
1068 2389 1384 2461 ἐπιδημίας
1419 2387 1454 2459 ἢ
1482 2387 1581 2452 τάς
1605 2403 1836 2458 πνευμα-

1959 2399 2068 2454 quae
2093 2395 2250 2441 erant
2271 2393 2396 2439 ante
2421 2386 2713 2440 adventum
2744 2383 3078 2449 Salvatoris;
3115 2384 3199 2437 vel
3236 2383 3529 2453 spiritalia,

217 2483 422 2547 τικᾶις.
454 2483 841 2557 εἰσερχόμενος
872 2484 953 2547 είς
982 2482 1072 2536 τὸν
1104 2478 1251 2535 οἷκον
1280 2480 1374 2534 τοῦ
1403 2478 1562 2543 Θεοῦ,
1588 2479 1686 2551 τὴν
1722 2480 1836 2533 Ἑκ-

1959 2494 2075 2534 cum
2119 2479 2339 2533 intrabo
2386 2478 2440 2532 in
2483 2478 2706 2533 domum
2742 2477 2860 2545 Dei,
2898 2476 3221 2541 Ecclesiam,
3272 2477 3325 2530 in
3381 2477 3534 2532 holo-

219 2575 507 2648 κλησίαν,
529 2578 587 2630 ἐν
617 2575 1054 2648 ὁλοκαυτώμασι,
1075 2574 1287 2637 τελείας
1317 2591 1376 2627 τε
1405 2573 1501 2627 καὶ
1525 2572 1836 2645 ὁλοκλήρους

1959 2571 2175 2638 :austis,
2208 2570 2597 2641 perfectasque
2630 2579 2792 2640 atque
2826 2570 3069 2642 integras
3102 2571 3336 2625 virtutes
3361 2570 3534 2625 sacri-

225 2667 459 2740 ἀρετάς
488 2668 549 2734 eg
587 2668 725 2723 ὅλων
753 2666 1076 2740 ἱερουργῶν,
1103 2667 1198 2720 καὶ
1229 2665 1329 2730 τάς
1360 2664 1729 2739 καταλλήλους
1749 2667 1836 2720 αὐ-

1959 2662 2137 2731 licans,
2175 2673 2571 2719 consentaneas
2604 2663 2671 2720 iis
2707 2678 2899 2736 preces
2942 2664 3256 2720 exsolvam.
3296 2684 3301 2687 λ

224 2763 354 2825 τοῖς
391 2761 691 2815 ὲκτιννύων
723 2761 908 2831 εὐχάς.

322 2853 822 2921 Ὀλοκαυτώματα
862 2849 1323 2920 μεμυαλωμένα,
1356 2867 1410 2902 κ.
1461 2867 1512 2904 τ.
1565 2850 1613 2903 ἑ.
1652 2851 1716 2904 Et
1756 2849 1836 2903 εὑ-

2016 2846 2184 2903 Vsns.
2230 2847 2318 2905 15.
2361 2845 2696 2902 Holocausta
2742 2845 3061 2914 medullula,
3108 2855 3216 2903 etc.
3249 2846 3305 2902 Si
3349 2846 3529 2901 oratio

228 2939 309 3012 χὴ
347 2941 490 3012 (62),
531 2960 551 2994 ι
577 2941 640 2995 τὸ
661 2940 1022 3011 ὁλοκαύτωμά
1048 2957 1140 2993 σου
1177 2939 1446 2993 πιανάτω·
1481 2958 1502 2992 ι
1534 2938 1836 3004 ἀκολούθως

1959 2949 2048 3008 ast,
2080 2958 2100 2993 ι
2135 2940 2515 2996 holocaustum
2542 2948 2691 2994 tuum
2725 2940 2927 3009 pingue
2956 2938 3074 3003 fiat,
3100 2959 3121 2994 ι
3156 2954 3528 2995 consentaneo

233 3029 387 3100 αὐτῇ
440 3028 674 3102 ἐροῦμεν
704 3030 784 3093 τὸ,
825 3049 843 3081 ι
891 3027 1319 3100 ὁλοκαυτώματα
1355 3029 1777 3102 μεμυαλωμένα·
1817 3049 1836 3083 ι

1959 3047 2108 3090 sensu
2163 3033 2411 3088 dicemus
2458 3030 2614 3097 illud,
2674 3050 2695 3084 ι
2740 3032 3068 3089 holocausta
3119 3032 3413 3086 medullata
3450 3050 3466 3087 :
3502 3053 3523 3087 ι

38 3108 73 3158 εἴ
228 3119 262 3173 ὃ
290 3123 586 3193 τυγχάνει,
627 3124 717 3177 ὅτε
771 3123 848 3195 μὴ
893 3121 1053 3177 ἄλλου
1106 3122 1387 3193 τυγχάνει,
1437 3122 1573 3177 ἀλλά
1612 3121 1691 3194 τῷ
1724 3121 1836 3192 Θεῷ

1959 3126 2088 3198 ιιιοὰ
2141 3126 2203 3181 tit
2251 3126 2470 3197 quando
2523 3123 2751 3180 alterius
2808 3141 2917 3182 non
2975 3136 3080 3190 est,
3130 3125 3226 3182 sed
3280 3125 3381 3181 soli
3415 3124 3529 3179 Deo

40 3202 78 3254 εξ
230 3214 583 3287 ἀναφέρεται
629 3215 750 3271 καθ’
792 3216 851 3271 ὃν
885 3216 1085 3285 τρόπον
1119 3214 1200 3267 δεῖ
1236 3215 1298 3268 τὸ
1325 3214 1579 3287 θυμίαμα
1612 3215 1836 3270 ὲνὼπιον

1959 3218 2174 3274 ilfertur
2212 3232 2280 3273 eo
2331 3216 2495 3271 modo
2544 3232 2652 3287 quo
2695 3226 2914 3288 oportet
2966 3218 3253 3273 incensum
3298 3218 3351 3272 in
3393 3232 3526 3273 con—

235 3308 439 3365 αὐτοῦ.
461 3310 573 3364 Καὶ
591 3309 729 3381 μετὰ
756 3309 925 3381 κριῶν
954 3308 1011 3362 δὲ
1039 3309 1073 3380 ἡ
1109 3306 1387 3380 προσευχὴ
1419 3309 1628 3374 γίνεται
1657 3309 1776 3379 ἦτοι
1804 3310 1836 3382 ἡ

1959 3323 2132 3379 ψεοιυ
2184 3309 2324 3378 ejus.
2374 3308 2565 3367 Oratio
2620 3326 2841 3383 quoque
2883 3310 2967 3365 vel
3006 3311 3214 3367 oblatio
3254 3310 3314 3364 lit
3357 3311 3527 3366 etiam

38 2840 87 2873 illi

241 3402 560 3475 προσφορά.
590 3403 712 3456 Elui.
739 3403 795 3457 δὲ
839 3403 983 3475 κριοὶ
1011 3403 1255 3473 κινήσεις
1272 3401 1367 3456 καὶ
1386 3402 1574 3474 ὁρμαὶ,
1610 3402 1718 3455 ἀπὸ
1744 3400 1838 3455 τοῦ

242 3496 485 3568 θυμικοῦ
514 3497 611 3568 τῆς
641 3495 819 3568 ψυχῆς
845 3495 944 3569 τὴν
975 3495 1148 3570 ἀρχὴν
1184 3495 1424 3566 ἔχουσαι.
1458 3494 1613 3549 Μετὰ
1648 3495 1704 3549 δὲ
1731 3495 1840 3550 τῶν

243 3590 558 3662 εἰρημένων
576 3590 671 3644 καὶ
700 3589 847 3660 βόας,
882 3589 1037 3661 φησὶ,
1069 3587 1209 3659 μετά
1233 3588 1485 3660 χιμάρων
1512 3588 1729 3642 ἀνοίσω·
1763 3591 1838 3643 ίε-

248 3681 610 3756 ρουργοῦντος
651 3683 794 3753 τάχα
820 3681 948 3752 γοῦν
979 3680 1074 3735 τοῦ
1115 3681 1483 3754 προσάγοντος
1511 3680 1701 3735 θυσίαν
1733 3682 1839 3747 ζῶ-

247 3791 350 3829 σαν
378 3775 454 3848 τῷ
474 3773 593 3844 Θεῷ
625 3773 689 3827 τὸ
717 3773 849 3828 ἴδιον
879 3771 1059 3844 σῶμα.
1091 3774 1370 3844 Ἀναλογεῖ
1395 3773 1505 3845 γὰρ
1525 3772 1603 3845 τῷ
1626 3771 1838 3844 σώματι

244 3868 521 3935 γεωπόνον
555 3866 801 3939 ὑπάρχον
830 3865 890 3918 τὸ
915 3865 1073 3931 ζῶον,
1104 3865 1228 3937 ἕχον
1258 3864 1358 3938 τὴν
1395 3865 1592 3921 πλάσιν
1622 3868 1687 3919 ὲκ
1710 3865 1833 3937 γῆς.

245 3959 489 4032 Χίμαροι
542 3959 600 4013 δὲ
654 3958 944 4031 μετανοίας
988 3957 1146 4030 ἔργα·
1214 3959 1345 4031 περὶ
1399 3958 1508 4031 γὰρ
1562 3957 1839 4031 ἁμαρτίας

250 4034 679 4131 προσεφέροντο.

326 4234 437 4290 Τοῦ
460 4236 666 4291 αὐτοῦ.
701 4236 818 4302 Πᾶς
849 4237 878 4292 ὁ
905 4236 1044 4309 ἔχων
1078 4234 1191 4307 (65)
1221 4234 1284 4289 τὸ
1306 4233 1635 4308 ἡγεμονικὸν
1667 4233 1837 4290 καθα-

254 4327 365 4399 ρὸν,
397 4326 491 4380 καὶ
522 4327 957 4400 προσευχόμενος
979 4327 1057 4399 τῷ
1086 4327 1225 4401 Θεῷ,
1247 4318 1402 4391 οὗτος
1422 4325 1673 4399 θυμίαμα
1698 4327 1837 4399 μετά

254 4418 422 4491 κριῶν
449 4418 748 4490 προσφέρει
776 4417 917 4490 Θεῷ.

320 4510 518 4575 Δεῦτε,
550 4512 869 4575 ἀκούσατε,
914 4511 1013 4565 καί
1051 4507 1430 4580 διηγήσομαι,
1472 4526 1528 4563 κ.
1556 4527 1607 4563 τ.
1640 4509 1687 4563 ἑ.
1718 4509 1834 4564 Οὐκ

1940 3418 2064 3458 cum
2102 3402 2386 3458 arietibus.
2427 3402 2571 3459 Sunt
2605 3412 2789 3458 autem
2817 3403 3023 3459 arietes
3051 3413 3230 3459 motus
3262 3414 3318 3458 et
3354 3404 3527 3474 impe-

1940 3504 2051 3563 tus,
2086 3497 2177 3566 qui
2211 3497 2278 3552 ab
2306 3496 2572 3553 irascibili
2603 3496 2801 3551 auium:
2834 3504 2992 3565 parte
3047 3497 3375 3567 principium
3422 3497 3525 3551 du-

1940 3596 2093 3643 cunt.
2138 3586 2275 3642 Cum
2328 3587 2609 3656 praedictis
2659 3595 2864 3652 autem,
2906 3586 3105 3657 inquit,
3142 3587 3306 3641 etiam
3358 3588 3525 3643 boves

1939 3695 2060 3736 cum
2105 3678 2277 3735 hircis
2307 3677 2532 3734 oll'eram
2565 3693 2582 3741 ;
2613 3677 2960 3733 sacriﬁcante
2993 3677 3229 3732 forsitan
3271 3677 3386 3745 illo,
3430 3680 3523 3747 qui

1939 3772 1993 3827 in
2029 3756 2262 3826 hostiam
2314 3771 2585 3825 viventem
2623 3769 2732 3824 Deo
2767 3783 2967 3838 corpus
3013 3770 3297 3840 proprium
3341 3770 3521 3827 all‘ert.

1938 3865 2113 3924 Habet
2156 3867 2304 3922 enim
2358 3866 2457 3922 bos
2496 3865 2806 3931 analogiam
2855 3877 2979 3919 cum
3036 3878 3285 3935 corpore,
3337 3875 3524 3936 utpow

1937 3959 2139 4015 animal
2169 3961 2313 4030 quod
2351 3970 2559 4016 terram
2595 3958 2868 4023 elaborat,
2911 3966 2967 4013 et
2992 3956 3382 4013 formationem
3415 3959 3520 4014 ha-

1934 4052 2031 4109 bet
2077 4067 2109 4107 e
2159 4062 2330 4107 terra.
2379 4051 2526 4106 Hirci
2576 4065 2707 4107 vero
2762 4059 2890 4107 sunt
2948 4063 3115 4121 opera
3156 4051 3518 4123 poenitentiae,

1940 4160 2064 4200 nam
2098 4158 2198 4214 pro
2223 4144 2465 4214 peccatis
2493 4143 2883 4200 oll'erebantur.

2011 4234 2289 4306 Ejusdem.
2332 4234 2523 4292 Omnis
2554 4235 2646 4305 qui
2691 4236 3021 4305 praecipuam
3072 4236 3270 4291 animae
3305 4247 3515 4307 partem

1937 4328 2101 4383 habet
2147 4341 2340 4398 puram
2378 4336 2436 4382 et
2483 4326 2596 4382 Deo
2630 4338 2908 4397 precatur,
2963 4326 3011 4383 is
3052 4327 3342 4385 incensum
3391 4347 3519 4386 cum

1935 4420 2197 4477 arietibus
2220 4418 2385 4476 offert
2409 4420 2539 4476 Deo.

2011 4513 2175 4570 Vsus.
2217 4513 2308 4568 16.
2357 4512 2565 4577 Venite,
2611 4512 2819 4584 audite,
2875 4522 2927 4571 et
2977 4516 3228 4585 narrabo,
3261 4525 3370 4572 etc.
3399 4513 3520 4572 Non

252 4600 491 4674 ἀρχαίων
523 4600 634 4676 (64)
665 4602 1020 4676 διηγημάτων
1052 4604 1288 4656 ποιεῖται
1325 4602 1566 4674 μνήμην,
1602 4601 1717 4656 ἀλλ’
1738 4602 1832 4656 οὑ-

1959 4603 2072 4659 ’acit
2118 4604 2457 4660 mentionem
2506 4604 2890 4660 narrationum
2932 4609 3305 4678 antiquarum,
3339 4622 3521 4678 neque

251 4692 305 4747 δὲ
327 4693 450 4748 τίνα
471 4692 672 4766 τρόπον
701 4691 1050 4764 ὲξΑίγύπτου
1076 4693 1408 4765 λελύτρωται
1438 4693 1583 4749 κατά
1606 4695 1833 4767 καιροὺς

252 4784 280 4838 ὁ
314 4784 549 4857 Ἰσραήλ.
581 4784 834 4839 Διδάσκει
865 4784 923 4838 δὲ
944 4786 1005 4839 οὐ
1035 4785 1197 4849 κατὰ,
1231 4784 1387 4857 φησι,
1427 4784 1487 4839 τὸ
1512 4784 1748 4857 γράμμα
1769 4785 1832 4839 τὸ

253 4878 486 4948 νομικὸν,
528 4877 644 4932 ἀλλ’
682 4877 759 4941 ὡς
783 4878 930 4942 Νέας
965 4878 1240 4951 Διαθήκης
1274 4876 1472 4949 κήρυξ,
1503 4878 1573 4931 τά
1599 4878 1694 4932 νέα
1733 4877 1829 4933 τοῦ

253 4967 498 5040 Σωτῆρος
548 4968 704 5040 ἡμῶν
754 4966 1025 5039 θαυμάζει
1083 4966 1505 5041 κατορθώματα,
1557 4969 1659 5023 ὅσα
1708 4971 1830 5032 ταῖς

251 5061 500 5116 ἁπάντων
537 5060 697 5133 ἡμῶν
724 5060 1020 5135 ἐχαρίσατο
1043 5061 1264 5132 ψυχαῖς.

321 5154 431 5208 Τοῦ
465 5153 674 5208 αὐτοῦ.
717 5153 885 5208 Μόνοι
939 5154 989 5208 oi
1037 5152 1149 5225 (65)
1190 5152 1514 5227 φοϐούμενοι
1569 5154 1661 5208 τὸν
1696 5153 1828 5208 Θεὸν

253 5247 459 5301 ἀκούειν
482 5246 734 5301 δύνανται
756 5245 1112 5318 διηγημάτων
1138 5246 1543 5318 πνευματικῶν.

324 5338 580 5393 Ἀδικίαν
596 5340 649 5393 εί
671 5336 967 5407 ἐθεώρουν
992 5339 1064 5394 ἐν
1094 5338 1309 5408 καρδίᾳ
1329 5358 1471 5409 μου,
1507 5357 1563 5394 κ.
1600 5357 1651 5395 τ.
1679 5342 1727 5396 ὲ.
1755 5340 1831 5395 Τὸ

229 5488 233 5506 ὲ
256 5429 321 5502 μὴ
341 5429 567 5502 θεωρεῖν
594 5430 706 5503 (66)
733 5431 950 5486 ἀδικίαν
984 5434 1044 5487 ὲν
1064 5434 1131 5505 τῇ
1157 5433 1359 5506 καρδίᾳ
1398 5432 1690 5505 σύμφωνον
1726 5432 1825 5507 τῷ,

253 5602 257 5607 ,
315 5544 359 5575 ⁹⁹
387 5544 546 5600 Cant.
571 5559 625 5614 ν,
659 5544 747 5602 13.
824 5546 843 5578 ³
882 5545 1086 5603 Ezech.
1123 5564 1260 5614 nu,
1294 5547 1384 5606 18.

317 5684 427 5758 (59)
454 5686 668 5758 Σαφῶς
693 5688 893 5752 τοῦτο.
925 5700 1031 5747 etc.
1067 5690 1277 5747 Catena
1304 5691 1573 5750 Corderii.

317 5758 428 5832 (60)
450 5759 554 5832 ᾼιὰ
583 5760 974 5832 γαρ-πολλῶν
1000 5763 1290 5832 θλίψεων,
1321 5774 1427 5822 etc.
1453 5765 1674 5824 Eadem.

466 5829 525 5881 ’Δ
557 5826 861 5899 ηὐξάμην,
895 5842 1003 5886 etc.
1034 5826 1260 5892 Eadem.

317 5897 426 5965 (ϐε)
443 5899 513 5954 El
533 5897 771 5970 same
789 5897 847 5957 c.
877 5901 1099 5961 Eadem.

1938 4713 2044 4769 qua
2083 4698 2295 4753 ratione
2321 4696 2487 4752 Israel
2514 4697 2644 4753 olim
2681 4713 2747 4754 ex
2786 4696 3019 4769 Egypto
3066 4700 3380 4770 redemptus
3424 4701 3515 4757 sit.

1938 4788 2108 4843 Docet
2139 4797 2344 4855 autem,
2380 4789 2577 4858 inquit,
2613 4804 2720 4844 non
2757 4789 2901 4845 sicut
2950 4790 3134 4846 littera
3175 4791 3388 4864 legalis,
3419 4794 3516 4849 sed

1935 4882 2079 4937 sicut
2109 4895 2285 4951 praeco
2310 4879 2447 4936 Novi
2479 4880 2851 4950 Testamenti,
2888 4897 3025 4937 nova
3064 4883 3366 4942 Salvatoris
3418 4899 3517 4940 no-
3563 4921 3568 4926 -

1936 4974 2034 5030 stri
2066 4974 2333 5030 beneﬁcia
2352 4974 2814 5044 demiratur,quaa
2843 4985 3090 5031 nostrum
3122 4977 3367 5032 omnium
3396 4978 3516 5031 ani--

1934 5066 2040 5121 mis
2068 5065 2294 5137 largitus
2318 5078 2421 5124 est.
3544 5064 3549 5065 ⁷

2006 5158 2284 5228 Ejusdem.
2328 5159 2432 5229 Qui
2467 5161 2659 5218 timent
2680 5163 2873 5234 Deum,
2902 5162 3001 5219 soli
3028 5165 3218 5222 audire
3239 5162 3515 5237 spiritales

1934 5252 2278 5308 narrationes
2307 5262 2555 5323 possunt.

2004 5343 2167 5399 Vsus.
2228 5343 2316 5398 18.
2373 5343 2720 5417 Iniquitatem
2777 5347 2825 5402 ei
2878 5347 3198 5429 aspiciebatn
3250 5346 3306 5400 in
3361 5345 3519 5400 corde

1930 5451 2066 5506 meo,
2097 5445 2204 5494 etc.
2232 5437 2350 5493 Non
2385 5440 2637 5511 aspicere
2683 5440 3023 5513 iniquitatem
3066 5439 3121 5495 in
3160 5438 3330 5496 corde
3363 5437 3517 5508 idem

2032 5695 2124 5766 b5)
2150 5692 2279 5762 Πᾶς
2307 5698 2341 5751 ὀ
2371 5695 2548 5766 ἔχων,
2583 5704 2691 5751 etc.
2720 5693 2900 5751 Codex
2943 5691 3334 5766 quslinianus.

2027 5763 2118 5837 64)
2143 5767 2266 5820 Οὐκ
2292 5763 2578 5837 ἀρχαίων,
2618 5776 2726 5837 etc.
2753 5766 2954 5837 Catena
2986 5763 3254 5837 Gorderii.

2031 5836 2120 5907 65)
2147 5837 2334 5907 Μόνοι
2371 5836 2449 5900 οἱ,
2479 5847 2590 5889 etc.
2621 5836 2803 5907 Codex
2832 5836 3224 5907 Coisliuianus.

1991 5903 2109 5973 (66)
2138 5906 2207 5965 Τὸ
2237 5906 2317 5974 μὴ
2349 5910 2608 5974 θεωρεῖν,
2627 5915 2736 5963 etc.
2761 5906 2967 5963 Catena
2999 5903 3272 5964 Corderii.
