3970 6160
53 274 83 332 Ι
95 274 236 336 505

1112 249 1430 324 SELEC'I‘A
1455 270 1524 328 IN
1554 271 1895 329 PSALMOS.
1932 302 2004 312 —
2040 269 2236 328 PSAL.
2276 254 2500 325 LXVII.

3329 274 3469 331 1506

48 399 190 475 γὰρ
233 399 398 467 Θεὸς
444 401 682 476 ἀγάπη
718 404 888 459 ἐστίν.
917 422 937 458 s
971 402 1044 457 Ἦ
1094 383 1388 471 μισοῦντας
1426 396 1563 453 Θεὸν
1602 415 1770 452 κατα-

1883 394 1970 450 Vel
2006 395 2097 451 Dei
2142 408 2332 450 osores
2365 386 2648 462 fugientes
2680 403 2709 447 a
2742 388 2880 447 facie
2914 393 3033 463 eius
3064 404 3219 451 vocat
3248 409 3341 450 eos
3366 398 3460 466 qui

46 491 428 563 φεύγοντας
457 494 595 549 ἀπὸ
617 496 929 569 προσώπου
955 492 1117 551 αὑτοῦ
1139 486 1291 557 λέγει
1317 490 1447 557 τοὺς
1476 492 1605 565 περὶ
1625 509 1767 565 πρα-

46 587 291 659 κτικὴν
324 586 574 643 κακίαν
613 589 869 662 ἔχοντας.
897 590 961 643 Εἰ
984 587 1094 660 γάρ
1120 589 1149 641 6
1166 583 1397 654 ἀγαπῶν
1428 585 1589 640 αὐτὸν
1611 587 1769 656 τηρεῖ

43 677 169 744 τὰς
207 678 488 745 ἐντολὰς
519 681 744 748 αὐτοῦ,
772 683 801 736 6
833 681 907 754 μὴ
932 684 1121 754 τηρῶν
1140 676 1311 742 αύτάς
1341 679 1443 733 οὐκ
1466 677 1655 748 ἀγαπᾷ
1678 675 1770 728 αὒ-

47 773 187 827 τόν.
226 764 426 826 Οὗτοι
466 773 537 828 δέ
566 775 728 830 εἰσιν
758 776 808 829 οἱ
839 774 1126 847 μισοῦντες
1159 772 1251 828 τὸν
1282 771 1416 826 Θεὸν
1439 811 1454 837 ,
1487 773 1537 825 οἱ
1576 769 1645 826 τά
1673 786 1768 842 με·

54 864 403 935 μισημένα
440 865 630 937 αὐτῷ
665 866 1023 940 πράττοντες.

149 957 277 1023 Ὠς
334 957 671 1015 ἐκλείπει
738 958 1000 1025 καπνὸς,
1053 976 1109 1013 κ.
1145 975 1197 1013 τ.
1247 958 1293 1011 ὲ.
1334 957 1467 1019 Ταῖς
1510 954 1767 1026 παραϐο-

49 1048 203 1115 λαῖς
247 1049 390 1125 (75)
443 1052 972 1125 ὲμφαντικωτέραν
1028 1050 1140 1105 τῶν
1188 1050 1448 1105 ἐναντίων
1485 1049 1600 1120 ,τὴν
1655 1049 1765 1103 ἀπ-

54 1139 306 1197 ώλειαν
339 1145 743 1218 ἐργάσασθαι
774 1145 1114 1218 βουλόμενος,
1143 1144 1513 1216 ἐμνημόνευσε
1538 1144 1632 1198 καὶ
1666 1160 1766 1198 κα-

59 1233 232 1289 πνοῦ
265 1236 389 1291 καὶ
428 1238 642 1311 κηροῦ
666 1256 681 1269 ο
711 1238 986 1311 αὖτηογάρ
1018 1240 1051 1310 ἡ
1081 1236 1254 1309 κηροῦ
1288 1235 1450 1306 φύσις
1472 1237 1606 1309 πυρὶ
1632 1236 1768 1309 πλη-

62 1327 418 1395 σιὰζοντος
493 1331 781 1403 τήκεσθαι
838 1332 933 1385 καὶ
1000 1329 1352 1385 ἀπόλλυσθαι.
1415 1328 1602 1394 Οὕτως
1650 1325 1765 1395 οῦν,

70 1421 309 1495 φησιν,
347 1420 647 1488 ἅπαντας
675 1424 873 1489 αὐτοὺς
895 1422 1213 1488 ἀναλώσεις,
1237 1422 1387 1477 ὥσπε
1395 1440 1427 1494 ρ
1452 1422 1513 1476 τὸ
1544 1419 1656 1495 πῦρ
1677 1422 1767 1477 τὸν

71 1514 313 1585 κηρόν.

171 1607 312 1662 Τοῦ
351 1610 602 1664 αὑτοῦ.
631 1610 707 1665 Οὐ
739 1608 851 1680 πῦρ
878 1607 956 1672 ὼς
983 1606 1206 1678 ἄγγελοι
1236 1606 1369 1679 (76),
1398 1607 1519 1661 οὐδὲ
1554 1605 1671 1676 φῶς
1692 1605 1770 1671 ὡς

1870 487 1924 541 in
1962 488 2113 556 praxi
2141 486 2322 557 inique
2354 501 2414 541 se
2449 490 2669 554 gerunt.
2702 483 2759 543 Si
2790 486 2932 540 enim
2960 487 3049 557 qui
3077 487 3223 542 illum
3261 488 3458 557 diligit,

1870 579 2121 632 mandata
2156 576 2274 645 ejus
2308 574 2470 646 752
2501 581 2707 639 servat,
2753 574 2935 645 utique
2961 576 3051 646 qui
3080 591 3183 630 non
3220 576 3310 630 illa
3340 592 3460 633 ser-

1868 677 1979 735 vat,
2017 684 2123 723 non
2157 668 2335 739 diligit
2357 685 2505 721 etim.
2543 662 2604 718 Ili
2649 683 2811 736 porro
2845 677 2973 723 sunt
3005 668 3095 723 Dei
3119 682 3327 736 osores,
3359 671 3457 741 qui

1867 776 1988 832 qua:
2017 762 2131 832 ipse
2152 762 2277 817 odio
2304 762 2484 828 habet,
2517 759 2743 816 faciunt.

1941 933 2102 989 Vsus.
2134 934 2187 989 '5.
2230 933 2380 988 Sicut
2428 934 2605 1001 deﬁcit
2645 936 2858 1006 fumus,
2888 949 2994 995 etc.
3034 940 3170 998 Cum
3212 941 3449 999 hostium

1871 1026 2148 1082 interitum
2205 1041 2300 1095 per
2350 1029 2787 1096 comparationes
2836 1032 3009 1103 magis
3058 1033 3260 1089 diserte
3286 1034 3452 1090 vellet

1868 1118 2176 1189 explicare.
2212 1118 2346 1173 fumi
2392 1127 2447 1171 et
2488 1134 2629 1177 certe
2677 1124 3008 1179 mentionem
3055 1124 3229 1182 fecit:
3274 1127 3450 1198 siqui-

1868 1214 1990 1265 dem
2034 1212 2122 1266 illa
2166 1227 2306 1268 cera:
2345 1221 2430 1268 est
2462 1224 2651 1271 natura
2674 1258 2689 1281 ,
2735 1225 2793 1271 ut
2823 1217 2947 1289 igne
2983 1220 3454 1291 appropinquante

1870 1301 2227 1370 colliquescat
2268 1312 2323 1357 et
2372 1314 2581 1373 pereat.
2636 1307 2730 1363 Sic
2773 1308 2977 1376 igitur,
3011 1310 3218 1379 inquit,
3258 1325 3453 1369 omnes

1869 1407 2178 1461 consumes,
2208 1392 2349 1450 sicut
2378 1396 2516 1468 ignis
2544 1412 2748 1453 ceram.

1944 1575 2218 1647 Ejusdem.
2251 1576 2365 1633 Non
2396 1578 2539 1649 ign.s
2576 1578 2717 1669 sicut
2748 1579 2949 1651 angeli,
2990 1596 3165 1651 neque
3196 1580 3281 1636 lux
3313 1581 3457 1639 sicut

79 1697 142 1751 οἱ
172 1697 450 1764 δίκαιοι,
486 1699 615 1754 ἀλλ’
645 1701 721 1765 ὡς
744 1667 949 1763 καπνός
972 1667 1111 1753 εἰσιν
1136 1701 1187 1754 οἱ
1226 1667 1530 1771 μισοῦντες,

1883 1669 2027 1737 justi,
2058 1670 2150 1726 sed
2186 1670 2329 1725 sicut
2373 1670 2555 1727 fumus
2583 1667 2759 1728 oculis
2787 1673 2999 1739 noxius,
3026 1680 3149 1728 sunt
3189 1674 3280 1744 qui
3318 1674 3453 1730 ode-

82 1790 121 1842 ὁ
150 1788 479 1863 βλαϐερὸς
508 1792 779 1864 ὄμμασιν.
816 1810 833 1843 ι
883 1792 971 1856 Ὠς
996 1792 1223 1863 τήκεται
1261 1790 1431 1863 κηρὸς
1462 1789 1571 1845 ἀπὸ
1597 1806 1768 1862 προσ-

88 1880 277 1937 ώπου
322 1883 558 1957 πυρὸς,
596 1904 615 1937 ι
645 1885 739 1938 καὶ
771 1883 840 1939 τά
861 1883 1008 1955 ἑξῆς.
1043 1884 1253 1955 Ὥσπερ
1290 1886 1437 1948 σῖτος
1472 1885 1570 1956 μὲν
1604 1884 1654 1937 oi
1698 1883 1769 1937 δί-

92 1989 276 2026 καιοι.
306 2014 325 2035 ,
382 1974 615 2047 ἄχυρον
640 1974 696 2029 δὲ
740 1975 791 2028 οἱ
822 1973 1028 2029 ἄδικοι·
1059 1973 1203 2028 οὕτω
1230 1974 1351 2046 μέλι
1384 1975 1482 2047 μὲν
1507 1976 1556 2028 οἱ
1592 1974 1765 2045 σοφοὶ,

100 2066 311 2138 κηρὸς
347 2067 417 2122 δὲ
444 2069 503 2122 oi.
541 2065 853 2140 ἑτερόδοξοι,
876 2066 936 2133 ὃς
967 2067 1063 2123 καὶ
1090 2069 1316 2140 τήκεται
1350 2069 1456 2122 ὑπὸ
1485 2067 1579 2122 τοῦ
1608 2070 1666 2122 ὲν
1691 2067 1770 2140 τῷ

101 2156 339 2228 δικαίῳ
371 2159 568 2231 πυρὸς
596 2159 984 2230 καθαιροῦντος
1005 2159 1067 2213 τὸ
1095 2158 1348 2230 σύστημα
1375 2159 1484 2214 τῶν
1512 2160 1769 2214 ἐναντίων

108 2248 204 2319 τῷ
240 2248 471 2319 ἀληθεῖ
504 2249 667 2321 λόγῳ.
699 2251 770 2303 Τὸ
797 2250 853 2302 δὲ
879 2248 990 2321 πῦρ
1018 2248 1181 2303 τοῦτο
1211 2251 1239 2303 ὁ
1262 2248 1395 2312 Θεός
1427 2251 1570 2303 ἐστι·
1614 2248 1676 2302 τὸ
1713 2250 1771 2305 δὲ

26 2400 27 2403 η
110 2340 271 2393 αὐτὸ
303 2341 627 2412 πρόσωπον
654 2340 747 2395 τοῦ
773 2340 909 2396 Θεοῦ
939 2341 1095 2413 τήκει
1136 2340 1236 2413 μὲν
1272 2340 1665 2412 ἁμαρτωλοὺς,
1691 2341 1772 2396 διο

26 2420 31 2427 ’
118 2433 341 2497 καίους
380 2433 449 2487 δὲ
490 2434 789 2506 εὐφραίνει.

209 2525 341 2580 Τοῦ
376 2526 598 2581 αὐτοῦ.
632 2525 832 2581 Τοῦτον
858 2525 949 2580 τὸν
986 2525 1191 2580 καπνὸν
1225 2525 1337 2598 (77)
1381 2525 1674 2581 ἀποδιώκει
1709 2528 1772 2583 τὸ

127 2617 261 2691 πῦρ
293 2618 326 2671 ὃ
349 2614 532 2691 ἦλθεν
560 2621 589 2671 6
617 2619 823 2692 Κύριος
853 2618 1034 2690 βαλεῖν
1070 2619 1165 2671 ὲπὶ
1191 2618 1291 2690 τὴν
1323 2618 1447 2690 γῆν.

32 2776 35 2783 ξ
210 2709 341 2763 Καὶ
373 2713 434 2763 ol.
472 2708 687 2763 δίκαιοι
710 2706 1239 2777 εὐφρανθήτωσαν,
1259 2704 1772 2775 ἀγαλλιᾶσθωσαν

32 2800 39 2879 ς
134 2800 430 2855 ἐνώπιον
463 2801 570 2855 τοῦ
605 2800 752 2855 Θεοῦ
779 2840 793 2862 ,
823 2799 1251 2868 τερφθήτωσαν
1288 2798 1360 2850 ἐν
1394 2800 1769 2869 εὐφροσύνῃ,

34 2892 39 2901 ’
135 2910 201 2947 κ.
230 2909 290 2946 τ.
324 2894 376 2946 ὲ.
429 2892 497 2945 Ἡ
525 2892 633 2946 τῶν
664 2891 886 2945 δικαίων
926 2890 1038 2963 (78)
1073 2889 1301 2943 ἐνώπιον
1325 2889 1420 2942 τοῦ
1444 2889 1581 2944 Θεοῦ
1605 2891 1771 2961 ἀγαλ-

142 2986 342 3049 λίασις
371 3027 387 3050 ,
418 2985 567 3057 χαρά
592 3002 678 3048 τις
704 2979 839 3037 οὖσα
861 3024 876 3049 ,
911 2984 1123 3055 καρπός
1153 2986 1270 3038 ἐστι
1291 2983 1387 3039 τοῦ
1420 2983 1730 3055 πνεύματος
1751 2998 1766 3014 ⁸

1799 1750 1842 1809 Β
1872 1773 1998 1817 runt
2020 1779 2166 1818 eum.
2203 1780 2223 1815 ι
2277 1762 2430 1819 Sicut
2462 1761 2579 1818 ﬂuit
2606 1778 2732 1819 cera
2762 1779 2794 1819 a
2837 1764 2974 1819 facie
3005 1766 3168 1836 ignis,
3208 1785 3228 1818 ι
3263 1776 3317 1820 et
3343 1780 3455 1821 cte-

1873 1864 2011 1910 tera.
2036 1855 2505 1923 Quemadmodum
2545 1853 2876 1911 frumentum
2910 1858 3132 1926 quidem
3158 1856 3454 1926 suntjusti,

1871 1949 2025 2018 palea
2047 1959 2230 2005 autem
2259 1950 2480 2021 injusti;
2508 1949 2587 2004 sic
2617 1948 2722 2006 mel
2753 1949 2971 2019 quidem
3005 1957 3134 2006 sunt
3158 1950 3454 2021 sapientes,

1871 2058 1997 2099 cera
2022 2058 2152 2101 vero
2193 2045 2536 2106 heterodoxi.
2563 2060 2682 2115 quze
2709 2059 2833 2100 cera
2858 2044 3065 2116 liquelit
3091 2046 3160 2099 ab
3185 2060 3252 2100 eo
3282 2044 3375 2114 qui
3398 2044 3455 2100 in

1866 2133 2013 2205 justo
2051 2138 2208 2191 ardet
2239 2136 2382 2208 igne,
2425 2138 2629 2207 quique
2670 2150 2859 2190 eorum
2888 2136 2980 2205 qui
3014 2151 3157 2190 vera:
3193 2136 3458 2192 doctrinm

1871 2215 2231 2281 adversantur
2269 2236 2508 2297 systema
2556 2226 2776 2280 evertit.
2824 2223 2925 2280 Hic
2978 2225 3117 2296 ignis
3151 2227 3297 2281 Deus
3342 2235 3452 2292 est,

1872 2319 1987 2389 ipsa
2023 2328 2202 2373 autem
2243 2318 2411 2373 facies
2436 2317 2529 2373 Dei
2562 2318 2836 2373 consumit
2868 2318 3085 2387 quidem
3119 2327 3453 2390 peccatores,

1866 2410 2043 2481 justos
2064 2425 2194 2465 vero
2222 2410 2411 2465 laetitia
2450 2411 2641 2467 allicit.
3314 2462 3335 2491 χ

1943 2502 2220 2575 Ejusdem.
2245 2501 2403 2559 Hunc
2434 2503 2636 2557 fumum
2676 2502 2897 2574 expellit
2923 2502 3065 2573 ignis
3088 2518 3249 2573 quem
3276 2502 3460 2561 Domi-

1873 2612 1975 2651 nus
2002 2596 2148 2652 venit
2178 2596 2392 2651 mittere
2417 2597 2470 2650 in
2496 2607 2720 2654 terram.

1945 2692 2108 2748 Vens.
2132 2692 2182 2747 ι.
2228 2691 2292 2745 Et
2310 2694 2449 2763 justi
2474 2695 2772 2757 epulentur,
2795 2703 2842 2748 e!
2862 2692 3125 2747 exsultent
3164 2693 3215 2745 in
3242 2706 3461 2762 conspe-

1873 2797 1957 2841 ctu
1988 2787 2104 2851 Dei,
2125 2797 2174 2842 et
2204 2787 2528 2842 delectentur
2576 2788 2630 2840 in
2675 2786 2898 2850 la'titia,
2935 2795 3045 2841 etc.
3095 2785 3373 2841 Justorum
3402 2785 3457 2838 in

1874 2889 2165 2950 conspectu
2207 2879 2299 2934 Dei
2352 2878 2679 2944 exsultatio,
2712 2894 2834 2947 quae
2883 2877 3137 2949 gaudium
3187 2876 3458 2946 quoddam

1873 2981 1980 3039 est,
2022 2971 2234 3027 fructus
2257 2979 2343 3027 est
2374 2971 2599 3040 spiritus
2631 2986 2646 3024 :
2692 2969 2904 3024 fructus
2942 2970 3087 3023 enim
3117 2967 3341 3038 spiritus
3372 2976 3462 3022 est

145 3078 386 3150 καρπὸς
419 3052 534 3150 ἦλα-ρ
572 3078 688 3131 ἐστι
715 3077 810 3130 τοῦ
864 3052 1172 3148 πνεύματος
1210 3078 1389 3151 χαρά,
1420 3052 1632 3149 εἰρήνη,
1668 3076 1770 3131 Εὐ-

1883 3066 2154 3136 gaudium,
2190 3080 2317 3135 pax.
2359 3063 2574 3120 Laetitia
2616 3073 2799 3117 autem
2840 3077 2945 3132 qua
2973 3076 3069 3132 per
3098 3061 3335 3117 animam
3369 3077 3463 3117 sa-

152 3171 421 3244 φροσύνη
455 3172 511 3226 δὲ
530 3211 544 3237 ,
579 3174 613 3243 ἡ
645 3171 935 3243 διαχέουσα
970 3170 1068 3242 τῆς
1094 3169 1275 3243 ψυχῆς
1295 3169 1358 3224 τὸ
1387 3168 1648 3244 φρονοῦν,
1676 3169 1769 3222 εύ-

152 3263 393 3319 πάθεια.

237 3358 469 3429 ’ᾼσατε
503 3354 584 3422 τῷ
631 3354 753 3423 Θεῷ
773 3396 789 3421 ,
825 3354 1062 3425 quatiare
1113 3353 1196 3422 τῷ
1253 3355 1498 3426 ὀνόματι
1544 3354 1732 3409 αὐτοῦ
1751 3396 1767 3421 ,

46 3436 47 3441 η
160 3447 579 3516 δδοποιήσατε
615 3446 696 3514 τῷ
727 3444 1098 3515 ἐπιϐεϐηκότι
1123 3446 1224 3500 ἐπὶ
1254 3446 1525 3516 δυσμῶν,
1554 3446 1771 3515 Κύριος

165 3542 370 3613 ὄνομα
392 3540 552 3609 αὑτῷ
574 3585 589 3608 ,
621 3558 675 3595 κ.
704 3558 756 3594 τ.
793 3540 840 3594 ὲ.
879 3538 1086 3594 Ψάλλει
1115 3539 1195 3611 τῷ
1232 3540 1326 3594 τοῦ
1352 3537 1485 3596 Θεοῦ
1518 3541 1629 3615 (79)
1650 3542 1769 3597 6V6-

169 3648 308 3704 ματι
346 3634 377 3685 6
416 3631 503 3687 διὰ
531 3631 593 3683 τὸ
635 3630 804 3701 ὄνομα
834 3628 1025 3683 αὐτοῦ.
1056 3630 1120 3683 Ei
1150 3629 1247 3685 καὶ
1275 3630 1377 3702 τῆς
1411 3632 1688 3705 ἡμετέρας
1712 3632 1772 3688 δὲ

168 3724 456 3796 πτωχείας
486 3722 687 3796 ἐπέϐη,
732 3721 828 3777 καὶ
871 3719 970 3794 τὴν
999 3722 1204 3776 οἰκείαν
1233 3723 1555 3779 συνεσκίασε
1588 3724 1767 3792 δόξαν,

167 3813 249 3880 ὡς
299 3818 367 3869 ἐκ
411 3813 632 3886 δυσμῶν
665 3811 969 3867 ἀνατέλλων
990 3853 1005 3875 ,
1050 3812 1165 3867 ἀλλ’
1209 3810 1304 3867 οῦν
1350 3813 1556 3887 Κύριος
1598 3815 1772 3888 ὄνομα

172 3906 350 3979 αὐτῷ.
390 3907 501 3962 Καὶ
526 3906 636 3977 γὰρ
678 3904 963 3978 ἅνθρωπος
999 3905 1260 3976 γεγονὼς,
1293 3907 1393 3962 οὐκ
1433 3907 1675 3963 ἀπέϐαλε
1708 3906 1772 3964 τὺ

176 3991 320 4049 εἶναι
354 3995 557 4067 Κύριος
584 3997 613 4049 6
643 3994 796 4059 Θεός.
996 3992 1001 3999 ’

258 4090 743 4159 Ταραχθήσονται
779 4092 897 4147 ἀπὸ
937 4091 1262 4163 προσώπου
1297 4094 1486 4150 αὑτοῦ
1524 4096 1631 4152 τοῦ
1660 4116 1772 4155 πα-

181 4182 323 4251 τρὸς
347 4182 465 4237 τῶν
498 4181 773 4253 ὀρφανῶν
805 4182 904 4238 καὶ
931 4184 1135 4254 κριτοῦ
1162 4184 1284 4239 τῶν
1312 4184 1534 4256 χηρῶν,
1566 4206 1620 4243 κ.
1644 4207 1695 4243 τ.
1720 4190 1766 4244 ἑ.

195 4274 461 4347 Ὀρφανός
479 4277 626 4330 ἐστιν
651 4275 759 4347 (80)
785 4278 813 4332 6
842 4276 1127 4349 στερηθεὶς
1148 4276 1235 4331 διά
1258 4278 1460 4332 κακίαν
1492 4278 1585 4333 τοῦ
1610 4282 1773 4335 ἐπου-

192 4368 373 4441 ρανίου
406 4369 637 4441 Πατρὸς,
655 4369 723 4441 ἢν
750 4368 912 4434 αὐτὸς
937 4368 1079 4423 ἑκὼν
1100 4369 1466 4424 ἐπεσπάσατο.
1507 4390 1525 4423 ι
1561 4371 1618 4426 '0
1638 4372 1771 4439 Θεὸς

1875 3157 2079 3229 pientia
2113 3156 2461 3222 ditl‘nnditur,
2496 3153 2733 3210 felicitas
2760 3165 2864 3210 est.

1942 3336 2108 3393 Vnus.
2140 3336 2193 3391 5.
2222 3334 2444 3389 Cantate
2472 3334 2600 3397 Deo,
2633 3334 2844 3404 psallite
2874 3351 3072 3389 nomini
3098 3334 3233 3405 ejus,
3254 3334 3355 3389 iter
3376 3332 3461 3405 fa-

1871 3431 1972 3486 cite
2010 3433 2059 3484 ei
2097 3431 2187 3501 qui
2219 3429 2451 3483 ascendit
2484 3444 2641 3493 super
2669 3444 2934 3494 occasum,
2963 3427 3221 3482 Dominus
3272 3443 3463 3483 nomen

1870 3524 1975 3589 illi,
2010 3534 2115 3579 etc.
2145 3522 2331 3577 Psallit
2362 3536 2558 3575 nomen
2597 3518 2715 3585 Dei,
2739 3518 2830 3589 qui
2870 3530 3091 3589 propter
3117 3535 3315 3576 nomen
3344 3519 3466 3589 ejus

1870 3616 2072 3687 psallit.
2091 3614 2351 3683 Quamvis
2377 3628 2542 3684 super
2579 3622 2952 3683 paupertatem
2998 3624 3240 3667 nostram
3265 3629 3463 3669 ascen-

1872 3708 2013 3763 derit
2061 3718 2113 3762 et
2167 3708 2443 3776 propriam
2492 3705 2719 3776 gloriam
2772 3706 3279 3771 subobscuraverit,
3331 3721 3464 3762 cum

1871 3800 2117 3869 ascendit
2153 3814 2315 3868 super
2353 3813 2633 3860 occasum,
2670 3796 3028 3851 nihilominus
3077 3796 3337 3852 Dominus
3370 3812 3467 3852 no-

1872 3908 1993 3948 men
2025 3889 2281 3945 illi.Nam
2313 3891 2475 3945 homo
2498 3891 2698 3954 factus,
2729 3903 2835 3942 non
2871 3886 3081 3941 deStitit
3120 3903 3241 3944 esse
3280 3890 3464 3944 Domi--

1870 4000 1977 4039 nus
2016 3981 2182 4039 Deus.

1942 4078 2106 4133 Vens.
2126 4075 2183 4141 5,
2217 4074 2271 4129 6.
2303 4072 2679 4129 Turbabuntur
2699 4088 2731 4126 a
2753 4070 2889 4140 [acie
2909 4070 3046 4141 ejus,
3075 4071 3242 4140 patris
3268 4070 3467 4140 orpha-

1873 4186 2061 4225 norum
2091 4179 2139 4224 et
2174 4167 2381 4239 judicis
2425 4165 2735 4228 viduarum,
2784 4171 2894 4217 etc.
2937 4161 3226 4232 Orpltanus
3247 4172 3332 4218 est
3365 4166 3462 4236 qui

1872 4280 2098 4342 propter
2127 4268 2392 4323 malitiam
2419 4278 2583 4336 quam
2625 4261 2729 4317 sibi
2763 4269 2957 4330 sponte
2989 4261 3214 4326 ascivit,
3245 4262 3457 4318 cmlesti

1872 4364 2033 4419 Patre
2057 4363 2321 4434 privatur.
2351 4378 2372 4413 ι
2418 4359 2563 4414 Deus
2606 4357 2659 4410 in
2702 4354 2821 4411 loco
2855 4364 3047 4410 sancto
3086 4369 3203 4411 suo.
3235 4373 3254 4407 ›
3282 4355 3463 4412 Locus

190 4459 248 4513 tv
289 4459 436 4531 τόπῳ
489 4459 627 4530 ἁγίῳ
670 4459 854 4515 αὐτοῦ.
895 4479 915 4513 ι
948 4461 1124 4525 Τόπος
1166 4460 1479 4535 Θεοῦψυχὴ
1520 4463 1767 4537 καθαρά·

1883 4458 1972 4514 Dei
2007 4473 2139 4529 pura
2170 4466 2248 4513 est
2284 4455 2489 4510 anima.
2525 4455 2867 4523 Quapropter
2895 4448 3063 4505 infert
3098 4464 3160 4504 ιι
3202 4450 3342 4504 Deus
3364 4449 3462 4520 qui

190 4548 270 4603 διὸ
296 4549 384 4603 καὶ
424 4548 709 4623 ἐπιφέρει·
744 4567 764 4601 ι
800 4549 858 4604 '0
884 4549 1019 4614 Θεὸς
1056 4551 1353 4616 κατοικίζει
1407 4555 1773 4625 μονοτρόπους

193 4642 251 4694 ὲν
291 4639 440 4713 οἴκῳ.
472 4659 491 4694 ι
522 4640 905 4713 Μονοτρόπους
937 4642 1071 4712 φησὶ
1121 4643 1248 4707 τοὺς
1293 4643 1443 4716 αὐτῷ
1494 4647 1587 4700 καὶ
1625 4646 1772 4718 μόνῳ

196 4732 486 4798 ἀναθέντας
534 4733 635 4807 τὴν
682 4734 817 4788 ίδίαν
862 4733 1008 4805 ζωὴν
1032 4773 1049 4799 ,
1093 4735 1277 4806 πάσης
1318 4736 1635 4808 διχοψυχίας
1679 4739 1773 4793 καὶ

196 4825 461 4898 κοσμικῆς
492 4826 787 4899 ἐπιθυμίας
818 4828 987 4900 αὐτὴν
1015 4828 1500 4900 ἀλλοτριὼσαντας.
1538 4830 1774 4897 Τούτους

199 4919 263 4994 δὴ
287 4915 376 4975 οὖν
403 4922 499 4975 καί
529 4922 587 4974 ὲν
619 4921 697 4995 τῷ
717 4921 851 4992 οἴκῳ
880 4921 1067 4989 αὐτοῦ,
1091 4921 1337 4976 τουτέστι
1368 4926 1434 4996 τῇ
1466 4924 1775 4998 ἐπουρανίῳ

200 5013 346 5068 πόλει
374 5013 780 5081 κατοικίζεσθαι
816 5014 1226 5085 ἐπαγγέλλεται.
1256 5011 1379 5071 Οἵδε
1412 5016 1470 5070 δὲ
1513 5018 1548 5089 ἡ
1580 5016 1770 5090 Γραφὴ

199 5106 293 5162 καὶ
327 5106 393 5161 τά
431 5106 839 5180 ἐπιτηδεύματα
882 5108 1045 5164 τόπον
1095 5109 1301 5164 καλεῖν.
1360 5110 1448 5164 Ἑν
1487 5109 1637 5181 τόπῳ
1677 5106 1770 5166 οῦν

203 5199 353 5272 ἁγίῳ,
380 5198 544 5253 οἱονεὶ
575 5200 634 5253 ἐν
665 5201 778 5264 τοῖς
810 5199 1169 5273 ὲξῃρημένοις
1197 5200 1293 5255 καὶ
1325 5201 1641 5270 ἀγνοτάτοις
1669 5201 1772 5255 αύ-

204 5289 292 5345 τοῦ
322 5289 759 5363 ἐπιτηδεύμασιν.
800 5310 819 5343 ι
868 5291 1107 5361 Ἐξάγων
1147 5292 1557 5365 πεπεδημένους
1585 5294 1643 5346 ὲν
1676 5293 1773 5348 ἀν-

206 5380 349 5453 δρείᾳ⁵
369 5396 383 5412 ο
418 5381 619 5450 ὁμοίως
650 5381 775 5445 τοὺς
806 5381 1373 5455 παραπικραίνοντας,
1403 5383 1530 5446 τοὺς
1585 5400 1773 5438 κατοι-

281 5547 378 5620 (75)
419 5550 553 5616 Ταῖς
589 5550 982 5620 παραϐολαῖς,
1008 5561 1114 5607 etc.
1146 5551 1349 5608 Catena
1374 5552 1640 5610 Corderii.

281 5618 378 5689 (76)
414 5622 497 5675 ῡύ
527 5620 651 5694 πῦρ
672 5618 680 5620 ⁷
701 5622 781 5689 ὡς
811 5621 1072 5694 ἄγγελοι,
1104 5634 1210 5679 etc.
1257 5624 1439 5680 Codex
1481 5624 1775 5681 Coislinia-

223 5703 311 5745 nus
337 5692 629 5745 secundus.

289 5758 382 5829 (Π)
422 5760 640 5816 Τοῦτον
664 5763 774 5819 τὸν
814 5764 1073 5833 καπνόν,
1103 5773 1211 5822 etc.
1245 5763 1616 5823 Coislinianus
1662 5766 1772 5838 pri-

1879 4549 2189 4607 inhabitare
2218 4549 2349 4604 facit
2382 4548 2545 4603 unius
2572 4547 2743 4602 moris
2772 4546 2826 4600 in
2861 4548 3043 4602 domo.
3079 4564 3098 4598 ι
3134 4543 3305 4600 Unius
3338 4559 3457 4600 mo-

1879 4646 1957 4701 ris
1985 4645 2235 4700 homines
2270 4651 2431 4699 vocat
2474 4642 2596 4697 illos
2643 4642 2736 4714 qui
2769 4643 2935 4697 vitam
2990 4656 3144 4697 suam
3200 4640 3267 4695 ab
3310 4640 3463 4694 omni

1880 4738 2154 4794 anxietate
2176 4747 2231 4793 et
2256 4736 2524 4792 mundana
2551 4737 2993 4809 concupiscentia
3023 4735 3247 4790 liberam
3276 4735 3324 4790 ei
3356 4734 3459 4790 soli

1880 4834 2290 4885 consecrarunt.
2321 4825 2432 4882 Hos
2460 4843 2590 4899 ergo
2617 4827 2668 4882 in
2695 4829 2858 4884 domo
2891 4842 3013 4892 sua,
3047 4827 3150 4882 hoc
3174 4835 3260 4882 est
3293 4826 3458 4883 cmic-

1879 4921 1949 4978 sti
1973 4920 2194 4977 civitate
2235 4935 2293 4977 se
2333 4921 2722 4977 collocatnrum
2761 4922 3046 4991 promittit.
3078 4919 3241 4976 Novit
3277 4928 3462 4976 autem

1879 5013 2156 5084 Scriptura
2190 5017 2355 5070 etiam
2384 5016 2563 5071 studia
2599 5013 2773 5071 locum
2810 5029 3026 5070 vocare.
3049 5012 3106 5068 In
3140 5026 3331 5070 sancto
3360 5014 3464 5084 igi-

1879 5116 1971 5163 tur
1991 5107 2131 5174 loco,
2163 5117 2420 5179 tanquam
2455 5109 2509 5163 in
2536 5110 2756 5167 selectis
2775 5117 2831 5165 et
2845 5108 3170 5165 castissimis
3199 5107 3318 5178 eius
3344 5117 3463 5163 stn-

1878 5200 2002 5255 diis.
2028 5217 2047 5251 (
2070 5201 2172 5268 Qui
2197 5200 2382 5256 educit
2409 5200 2618 5258 vinctos
2642 5202 2695 5257 in
2718 5200 3056 5269 fortitudine,
3081 5200 3336 5257 similiter
3362 5214 3463 5254 eos

1878 5293 1971 5364 qui
1999 5303 2345 5363 exasperant,
2374 5294 2467 5363 qui
2512 5294 2761 5351 habitant
2788 5296 2842 5351 in
2886 5293 3175 5364 sepulcris.
3209 5311 3230 5345 ι
3265 5291 3460 5360 Quem-

1880 5382 2170 5439 admodum
2201 5384 2411 5440 vinctos
2442 5384 2625 5442 educit
2655 5387 2709 5441 in
2750 5386 2911 5459 753
2935 5384 3269 5451 fortitudine,
3291 5384 3370 5439 sic
3403 5393 3459 5439 et

1880 5570 2065 5694 MED)
2096 5625 2160 5680 Ἡ
2186 5624 2306 5679 τῶν
2332 5625 2599 5693 δικαίων,
2618 5634 2725 5682 etc.
2756 5626 3129 5684 Coislinianus
3156 5630 3452 5687 secundus.

1954 5693 2068 5762 (79)
2104 5693 2331 5750 Triller
2358 5696 2439 5761 τῷ
2465 5697 2573 5751 τοῦ
2600 5697 2771 5760 Θεοῦ,
2795 5707 2903 5754 etc.
2938 5698 3098 5754 Idem.

1953 5761 2068 5839 (δυ)
2099 5767 2383 5834 Ὀρφανός
2412 5768 2606 5833 ἐστιν.
2644 5778 2751 5824 etc.
2780 5767 3005 5828 Scheda'
3030 5761 3236 5821 Grabii.
