3970 6160
528 183 666 238 1ξί⁴ἱ7
1949 170 2043 226 EX
2082 168 2111 225 Ε

2210 165 2385 224 BENE
3594 168 3688 227 εδει

526 305 758 380 injustas
776 302 960 359 educit
981 266 1033 356 in
1051 298 1287 370 iustitia,
1306 306 1361 356 et
1386 296 1702 368 insipientes
1732 295 1786 350 in
1816 294 2107 365 sapientia.

2215 291 2450 355 κοῦντας
2481 290 2539 344 ὲν
2566 288 2779 359 τάφοις.
2817 307 2835 340 ι
2868 288 3077 359 ’Ὠσπερ
3112 285 3235 350 τοὺς
3278 284 3622 357 πεπεδημένσυς
3639 290 3694 355 ἐξ..

2209 387 2334 457 ἀγει
2366 385 2687 457 ὲνάνδρείᾳ,
2709 382 2880 447 οὕτως
2906 382 3000 437 καὶ
3029 382 3153 445 τοὺς
3182 380 3390 441 ἀδίκους
3411 380 3564 449 ἐξάγει
3585 382 3694 436 ενδ.-

2211 477 2497 550 καιοσύνῃ,
2532 476 2776 539 καὶτοὺς
2805 474 3045 545 ἄφρονας
3075 473 3132 526 ὲν
3164 473 3430 545 φρονήσει.

589 562 755 620 Vnus.
780 563 833 619 8.
862 562 1023 628 Deus,
1046 577 1165 615 cum
1190 557 1512 629 egredereris
1544 557 1599 611 in
1620 565 1899 623 conspectu
1926 555 2108 626 populi

527 660 624 725 tui,
649 672 768 710 cum
798 654 1145 724 pertransires
1184 652 1242 704 in
1285 650 1511 712 deserto,
1545 660 1649 704 etc.
1691 646 1959 702 Videntur
1986 646 2107 715 qui-

527 752 649 806 dem
688 749 804 803 haec
824 746 1116 801 convenire
1145 743 1211 798 iis
1241 757 1362 813 quae
1399 742 1452 797 in
1485 742 1704 797 deserto
1732 740 2102 809 contigerunt,

527 850 586 897 at
610 856 824 907 semper
852 838 1127 893 accidunt.
1166 834 1476 905 Aliquando
1502 844 1630 899 stat,
1670 832 1963 903 aliquando
1994 846 2112 901 per-

529 934 746 991 transit.
773 932 937 987 Stelit
966 931 1018 984 in
1071 929 1190 985 loco
1224 938 1417 983 sancto
1458 941 1580 992 suo,
1612 926 1910 996 pertransit
1940 927 1995 979 in
2025 927 2111 979 de-

527 1033 694 1081 serto.
722 1041 740 1075 ι
782 1021 951 1076 Terra
984 1028 1131 1074 mota
1164 1025 1272 1082 est,
1307 1016 1509 1071 etenim
1554 1017 1677 1071 caeli
1709 1014 2113 1070 distillaverunt

527 1115 720 1172 afacie
753 1113 850 1169 Dei
890 1112 1065 1177 Sinai,
1114 1129 1134 1163 ι
1168 1110 1270 1165 hoc
1297 1119 1381 1165 est
1407 1108 1505 1163 Dei
1536 1108 1628 1179 qui
1668 1108 1721 1161 in
1769 1107 1900 1161 Sina
1939 1119 2111 1175 appa-

527 1211 662 1266 ruit.

595 1301 761 1355 Vans.
816 1297 902 1353 10.
934 1294 1177 1352 Pluviam
1211 1295 1562 1352 voluntariam
1591 1291 1910 1363 segregabis,
1946 1291 2111 1356 Deus,

2291 569 2355 621 Ὀ
2396 566 2542 632 Θεὸς
2562 606 2578 632 ,
2608 566 2678 619 ἐν
2709 563 2789 630 τῷ
2829 563 3257 632 ἐκπορεύεσθαί
3287 579 3359 617 σε
3401 562 3611 616 ἐνώπιον
3627 566 3698 619 τοῦ

2208 659 2360 716 λαοῦ
2384 674 2523 725 σου,
2547 658 2619 711 ἐν
2636 655 2715 723 τῷ
2734 657 3061 710 διαϐαίνειν
3086 672 3159 709 σε
3186 654 3302 723 τὴν
3331 654 3545 723 ἔρημον,
3559 674 3601 709 κ.
3616 673 3653 709 τ.
3668 658 3699 710 ἐ.

2209 754 2369 805 Δοκεῖ
2391 752 2489 822 μὲν
2511 750 2769 823 ἁρμόζειν
2789 748 2901 819 (81)
2929 746 3104 801 ταῦτα
3132 749 3245 811 τοῖς
3272 746 3405 800 κατά
3428 746 3515 818 τὴν
3538 746 3701 817 ἔρημον,

2210 844 2299 897 ἀεὶ
2322 843 2377 896 δὲ
2400 844 2628 912 γίνεται.
2662 843 2835 895 Ὅπου
2869 843 2966 913 μὲν
2997 841 3251 911 ἕστηκεν,
3273 840 3399 892 ὅπου
3421 839 3471 892 δὲ
3494 839 3704 893 διαὸαίνει.

2210 936 2467 1006 Είστήκει
2498 933 2597 1006 μὲν
2624 935 2681 988 ὲν
2700 933 2851 1004 τόπῳ
2882 934 3022 1003 ἁγίῳ
3057 929 3244 996 αὑτοῦ,
3266 929 3506 985 διαϐαίνει
3531 930 3575 982 δὲ
3598 933 3641 984 ὲν
3661 935 3706 1002 τῇ

2211 1028 2425 1100 ἐρήμῳ.
2464 1047 2482 1079 ι
2505 1027 2585 1097 Γῆ
2613 1026 2852 1098 ἐσείσθη,
2871 1026 2965 1079 καὶ
2987 1025 3099 1097 γὰρ
3124 1027 3173 1078 οἱ
3195 1024 3411 1097 οὐρανοὶ
3432 1023 3616 1088 ἔστιξαν
3636 1025 3709 1077 ἀπὸ

2213 1119 2510 1193 προσώπου
2543 1120 2639 1174 τοῦ
2685 1118 2821 1173 Θεοῦ
2851 1118 2945 1172 τοῦ
2977 1120 3128 1185 ma,
3173 1138 3192 1171 ι
3226 1117 3457 1171 τουτέστι
3493 1115 3571 1169 τοῦ
3596 1120 3638 1169 ὲν
3657 1116 3711 1187 τῷ

2213 1214 2344 1285 Σινᾷ
2369 1213 2651 1284 φανέντος.
3372 1252 3377 1255 .

2286 1304 2528 1373 Βροχὴν
2548 1303 2834 1357 ἑκούσιον
2866 1300 3153 1371 ἀφοριεῖς,
3173 1303 3207 1354 ὁ
3230 1300 3390 1367 Θεὸς,
3410 1298 3480 1367 τῇ
3505 1302 3716 1366 κληρονο-

527 1392 826 1451 Ιιιυνεάίιαιί
853 1403 981 1459 tum,
1002 1400 1108 1447 etc.
1140 1389 1239 1445 Cui
1272 1388 1582 1444 voluntaria
1611 1386 1791 1455 pluvia
1824 1400 1932 1440 non
1967 1385 2111 1439 obti—

2210 1396 2316 1465 μία
2363 1410 2510 1460 σου,
2538 1412 2593 1449 κ.
2629 1412 2680 1447 τ.
2711 1396 2758 1448 ὲ.
2808 1395 2865 1448 ’0
2914 1396 2989 1466 μὴ
3039 1392 3221 1465 τυχὼν
3266 1392 3376 1463 (82)
3413 1392 3506 1462 τῆς
3540 1392 3715 1445 ὲκουσῦιυ

527 1487 624 1557 git,
659 1485 707 1542 is
728 1484 982 1540 imbrium
1011 1484 1296 1554 penuriam
1326 1481 1552 1552 patitur.
1578 1479 1902 1535 Voluntaria
1926 1489 2110 1533 autem

2215 1487 2417 1559 βροχῆς
2455 1489 2513 1541 ὲν
2558 1485 2791 1559 ἀϐροχία
2832 1487 2968 1540 ἐστί.
3014 1487 3195 1558 Βροχὴ
3235 1486 3293 1539 δὲ
3323 1483 3545 1546 έκούσιός
3572 1485 3719 1536 ἐστινὸ

531 1579 709 1650 pluvia
744 1586 827 1633 est
848 1575 1103 1631 Christus
1133 1576 1223 1643 qui
1254 1575 1321 1630 de
1347 1572 1487 1628 coelo
1517 1572 1819 1635 descendit,
1854 1571 2108 1641 quemad-

2212 1581 2446 1653 Χριστος
2473 1581 2503 1633 ό
2526 1582 2591 1634 ὲκ
2617 1578 2711 1633 τοῦ
2739 1579 2968 1650 οὐρανοῦ
3000 1579 3267 1646 καταϐὰς,
3290 1580 3363 1643 ὥς
3389 1594 3535 1649 φησιν
3553 1595 3567 1609 ο
3594 1596 3610 1628 ι
3626 1576 3721 1645 Ἐῃῦ

528 1671 748 1727 modum
793 1668 968 1724 dicit“
998 1687 1011 1722 :
1047 1686 1066 1719 ι
1108 1666 1221 1736 Ego
1248 1680 1367 1720 sum
1403 1663 1558 1733 panis
1585 1663 1762 1718 vivus.
1803 1681 1824 1715 ι

2219 1675 2385 1745 εἱμιό
2412 1672 2577 1745 ἄρτος
2605 1674 2633 1725 ὁ
2658 1672 2787 1737 ζῶν.
2830 1691 2850 1725 s

602 1761 766 1817 Vnus.
804 1762 888 1818 11.
919 1759 1188 1814 Animalia
1235 1766 1328 1810 tua
1355 1756 1667 1809 habitabant
1696 1756 1752 1807 in
1789 1770 1875 1808 ea.
1899 1751 2111 1807 Parasti

2291 1765 2367 1818 Τὰ
2400 1762 2510 1825 ζὶἱιά
2532 1781 2648 1819 σου
2695 1764 3082 1819 κατοικοῦσιν
3130 1765 3203 1818 ἐν
3238 1763 3412 1833 αὐτῇ.
3450 1763 3726 1831 Ἠτοίμασιις

531 1859 587 1912 in
620 1855 898 1910 dulcedine
940 1864 1033 1907 tua
1073 1852 1331 1921 pauperi,
1372 1858 1481 1904 etc.
1536 1847 1807 1902 Animalia
1846 1845 2111 1901 cherubin

2212 1856 2284 1909 ἐν
2309 1855 2384 1925 τῇ
2418 1858 2784 1926 χρηστότητι
2811 1872 2929 1912 σου
2960 1856 3040 1924 τῷ
3065 1858 3312 1927 πτωχῷ,
3340 1876 3392 1911 κ.
3422 1874 3469 1912 τ.
3501 1858 3539 1907 ὲ.
3568 1854 3662 1908 Ζῶα
3683 1854 3728 1905 τὰ

527 1960 586 2005 et
618 1948 892 2017 seraphim
940 1945 1187 1999 habitant
1216 1943 1268 1997 in
1299 1940 1618 1996 haereditate
1650 1939 1766 2004 Dei,
1805 1943 1871 1992 de
1894 1936 2111 2007 quibus,

2215 1947 2480 2019 χερουὸὶμ
2499 1949 2610 2019 (83)
2641 1950 2736 2002 καὶ
2761 1948 2831 2001 τά
2856 1950 3100 2021 σεραφὶμ
3127 1948 3469 2004 κατοικοῦσιν
3496 1948 3548 2000 ὲν
3567 1949 3620 2017 τῇ
3641 1947 3729 2013 κλη-

528 2043 722 2111 ορίιιοι·
745 2082 760 2107 ,
794 2041 997 2095 dictum
1029 2039 1159 2093 est’
1189 2055 1204 2092 :
1248 2055 1268 2088 ι
1300 2035 1357 2091 1η
1407 2034 1587 2090 medio
1615 2032 1848 2087 duorum
1901 2031 2111 2085 anima-

2221 2040 2449 2111 ρονομίᾳ.
2471 2040 2565 2093 τοῦ
2590 2040 2748 2106 Θεοῦ,
2785 2043 2912 2113 περὶ
2936 2035 3033 2104 ὧν,
3066 2037 3225 2113 οἶμαι
3251 2083 3267 2108 ,
3301 2042 3501 2114 εἴρηται
3523 2040 3590 2103 τὺ,
3616 2059 3632 2091 ι
3672 2039 3730 2091 Ἐν

529 2134 660 2189 lium
685 2132 1048 2204 cognosceris.
1083 2149 1102 2182 ι

2222 2131 2375 2203 μέσῳ
2404 2132 2498 2186 δύο
2529 2132 2685 2197 ζώων
2718 2135 3034 2208 γνωσθήσῃ.
3083 2155 3103 2187 ι

602 2225 875 2296 Ejusdem.
893 2222 1164 2277 Animalia
1199 2220 1333 2276 dicit
1358 2228 1582 2275 naturas
1605 2214 1979 2281 rationabiles,
1996 2213 2111 2285 qui-

2295 2225 2405 2279 Τοῦ
2428 2225 2638 2280 αὑτοῦ.
2665 2226 2791 2281 Ζῶα
2813 2226 2963 2297 λέγει
2986 2226 3100 2299 (84)
3131 2227 3327 2298 φύσεις
3348 2225 3568 2297 λογικὰς,
3586 2224 3732 2293 ἀλογω-

530 2318 631 2374 bus
663 2316 883 2371 habitus
910 2325 1040 2370 esta
1068 2312 1278 2368 ratione
1313 2312 1546 2368 alienus.

2216 2316 2387 2388 τέρας
2416 2316 2582 2390 οΰσης
2605 2318 3010 2383 καταστάσεως.

604 2411 769 2467 Vens.
804 2409 893 2466 14.
924 2407 985 2465 Si
1016 2409 1296 2463 dormiatis
1320 2408 1459 2462 inter
1486 2408 1687 2463 medios
1712 2405 1901 2469 cleros,
1932 2420 2111 2475 penna!

2262 2448 2267 2457 -
2304 2412 2440 2467 Ἐὰν
2466 2412 2788 2483 κοιμηθῆτε
2812 2413 3124 2484 ἀναμέσον
3153 2413 3279 2466 τῶν
3308 2413 3547 2480 κλήρων,
3574 2409 3731 2476 πτέριν-

535 2504 793 2560 columba
817 2504 1197 2572 deargentatm,
1225 2511 1273 2556 et
1289 2503 1582 2571 posteriora
1609 2500 1757 2554 dorsi
1782 2499 1897 2570 ejus
1920 2500 1975 2553 in
2001 2497 2111 2568 pal-

2220 2518 2323 2574 γες
2366 2501 2725 2572 περιστερᾶς
2770 2504 3354 2574 περιηργυρωμέναι,
3392 2504 3481 2557 καί
3521 2510 3583 2555 τα
3608 2497 3733 2569 μειό-

535 2599 649 2654 lore
673 2600 817 2665 auri,
844 2608 951 2654 etc.
986 2599 1175 2654 Cieros
1207 2606 1264 2652 et
1295 2609 1501 2667 pennas
1533 2594 1625 2649 alii
1667 2593 1928 2649 dixerunt
1953 2591 2111 2647 Vetus

2220 2612 2411 2666 φρενα
2432 2595 2625 2664 αὐτῆς
2660 2595 2733 2649 ἐν
2761 2597 3094 2664 χλωρότητι
3122 2598 3407 2663 χρυσίου,
3441 2610 3491 2646 κ.
3512 2610 3556 2644 τ.
3581 2591 3619 2642 ὲ.
3640 2589 3732 2648 Τοῦ,

532 2704 590 2751 et
621 2694 827 2749 Novum
864 2692 1275 2748 Testamentum
1301 2708 1318 2747 :
1344 2689 1434 2745 alii
1470 2690 1739 2745 actionem
1783 2697 1839 2743 et
1880 2695 2111 2741 contem-

2220 2687 2458 2760 κλήρους
2487 2686 2599 2759 (85)
2646 2687 2739 2740 καὶ
2768 2687 2867 2750 τάς
2907 2686 3188 2758 πτέρυγας
3220 2688 3272 2740 οἱ
3314 2686 3408 2757 μὲν
3435 2677 3735 2755 εἰρήκασιΠιι-

533 2785 860 2857 plationem;
904 2783 992 2838 alii
1048 2783 1415 2855 cognitionem
1452 2795 1740 2849 corporum
1777 2788 1832 2834 et
1866 2781 2111 2848 incorpo-

2221 2779 2381 2834 λαιάν
2413 2780 2508 2834 καὶ
2524 2778 2734 2850 Καινὴν
2764 2778 3045 2851 Διαθήκην
3066 2796 3080 2809 ·
3125 2780 3176 2832 οἱ
3225 2779 3287 2832 δὲ
3330 2778 3514 2849 πρᾶξιν
3537 2775 3613 2828 καὶ
3639 2772 3735 2824 θεω-

533 2894 792 2942 rcornm;
826 2877 916 2933 alii
945 2878 1311 2949 cognitionem
1345 2875 1442 2931 Dei
1478 2882 1531 2930 et
1563 2872 1763 2931 Christi
1791 2874 1882 2944 qui
1912 2872 1980 2926 ab
2003 2873 2111 2942 ipso

2227 2871 2380 2945 ρίαν’
2423 2871 2572 2925 ἄλλοι
2616 2869 2675 2924 δὲ
2738 2869 2940 2939 γνῶσιν
2990 2870 3268 2941 σωμάτων
3327 2869 3418 2923 καὶ
3464 2863 3731 2935 ἀσωμάτων

536 2974 735 3030 missus
768 2980 871 3029 est.
2168 3036 2177 3037 ί
2225 2963 2403 3037 ἕτεροι
2423 2964 2481 3018 δὲ
2508 2963 2710 3032 γνῶσιν
2733 2963 2891 3029 Θεοῦ,
2918 2963 3012 3017 καὶ
3041 2961 3135 3015 τοῦ
3169 2959 3553 3021 ἀποσταλέντος
3571 2956 3646 3008 ὑπ’
3670 2951 3736 3004 αὒ-

2149 3036 2192 3094 C
2225 3036 2331 3111 τοῦ
2352 3055 2612 3129 Χριστοῦ.

611 3145 777 3205 Vens.
814 3145 900 3201 l5.
931 3145 1066 3199 Dum
1102 3143 1350 3226 discernit
1376 3144 1597 3199 celestis
1624 3158 1770 3213 reges
1805 3157 1961 3210 super
1980 3155 2111 3205 eam,

2311 3149 2413 3203 Ἑν
2443 3147 2524 3214 τῷ
2568 3145 2952 3202 διαστέλλειν
2990 3144 3099 3199 τὸν
3128 3142 3492 3214 ἐπουράνιον
3525 3132 3738 3205 ,βασιλεῖς

535 3248 643 3294 etc.
673 3234 851 3303 Reges
880 3244 1008 3290 sunt
1034 3233 1118 3288 vel
1145 3234 1234 3304 qui
1268 3228 1467 3289 animae
1497 3233 1722 3288 allectus
1745 3232 2111 3303 subiecerunt,

2226 3241 2318 3297 ἐπ’
2349 3239 2573 3310 αὐτῆς,
2607 3258 2661 3294 κ.
2690 3256 2742 3292 τ.
2778 3241 2825 3294 ὲ.
2854 3237 3103 3302 Βασιλεῖς
3135 3238 3281 3291 εἰσιν
3313 3236 3420 3307 (86)
3457 3236 3561 3308 ἦτοι
3584 3233 3621 3286 οἱ
3647 3230 3737 3283 ὑπο·

536 3327 625 3382 vel
670 3328 762 3397 qui
797 3341 975 3381 rerum
1027 3324 1539 3395 contemplationem
1588 3325 1966 3379 obtinuerunt.
2017 3322 2111 3378 Rc-

2226 3330 2487 3398 τάξαντες
2532 3330 2601 3384 τὰ
2630 3328 2777 3401 πάθη
2800 3370 2815 3395 ,
2857 3329 2890 3401 ἦ
2915 3333 2965 3383 οἱ
2988 3329 3087 3400 τῆς
3115 3329 3354 3401 θεωρίας
3382 3328 3483 3382 τῶν
3513 3322 3738 3395 γεγονότων

540 3432 644 3490 gna
674 3426 861 3472 autem
897 3417 1154 3472 dicuntur
1183 3419 1350 3472 etiam
1394 3416 1509 3487 ipsa
1536 3414 1777 3485 Spiritus
1819 3417 1995 3471 sancti
2025 3418 2111 3472 do-

2228 3421 2610 3492 τετυχηκότες.
2639 3420 2905 3489 Λέγονται
2950 3419 3007 3473 δὲ
3039 3419 3312 3491 βασιλεῖαι
3345 3422 3433 3474 καὶ
3460 3417 3582 3472 αὐτὰ
3605 3415 3658 3467 τὰ
3675 3429 3738 3482 χι-

540 3523 652 3576 na,
692 3507 987 3564 secundum
1029 3521 1151 3577 quae
1203 3521 1431 3579 regnare
1470 3505 1722 3561 dicuntur
1771 3506 1864 3577 qui
1911 3506 2111 3562 illorun'

2229 3514 2472 3587 ρίσματα
2492 3512 2587 3567 τοῦ
2620 3512 2939 3584 Πνεῦματος
2969 3512 3063 3566 τοῦ
3093 3513 3278 3583 ἀγίου,
3313 3513 3433 3568 καθ’
3458 3511 3492 3567 ἀ
3516 3505 3739 3582 βασιλεύειν

539 3599 835 3670 participes
864 3608 1014 3653 sunt.
2230 3605 2481 3676 λέγονται
2511 3607 2561 3659 οἱ
2592 3607 2811 3678 μέτοχοι
2839 3606 3038 3659 αὐτῶν.

613 3695 780 3752 Vens.
830 3692 920 3750 18.
960 3694 1160 3750 Currus
1194 3692 1293 3749 Dei
1333 3693 1510 3748 decem
1560 3691 1794 3748 millibus
1825 3690 2111 3761 multiplex,

2308 3696 2378 3753 To
2407 3698 2563 3769 ἅρμα
2590 3697 2699 3753 τοῦ
2732 3697 2881 3753 Θεοῦ
2901 3697 3372 3769 μυριοπλάσιον,
3396 3716 3449 3752 κ.
3482 3714 3526 3751 τ.
3554 3696 3593 3748 ὲ.
3610 3693 3741 3759 Ἅρμα

544 3799 653 3848 etc.
712 3789 919 3844 Curras
958 3787 1051 3842 Dei
1083 3826 1100 3852 .
1140 3801 1291 3857 puras
1341 3796 1470 3841 sunt
1515 3786 1731 3853 animae,
1780 3798 1944 3855 super
1994 3798 2111 3855 qua:

2230 3791 2365 3846 Θεοῦ
2394 3791 2506 3863 (87)
2536 3791 2708 3863 ψυχαὶ
2730 3792 2991 3864 καθαραὶ,
3008 3792 3092 3860 ἐφ’
3112 3790 3181 3855 ἃς
3206 3791 3493 3846 ἐπιϐαίνει·
3519 3809 3536 3842 ι
3555 3784 3739 3852 Ἐπέδηι

544 3882 790 3938 ascendit
822 3898 837 3935 :
878 3896 1002 3936 nam
1053 3897 1073 3931 ι
1112 3879 1358 3935 ascendit
1391 3895 1558 3952 super
1604 3875 1887 3934 cherubim
1922 3883 1980 3933 ct
2029 3889 2111 3930 vo-

2230 3884 2339 3957 γὰρ
2372 3904 2390 3937 ι
2424 3885 2520 3939 ἐπὶ
2546 3884 2835 3957 χερουϐὶμ,
2858 3885 2950 3937 καὶ
2972 3883 3269 3956 ὲπετάσθη.
3306 3904 3325 3938 ι

545 3975 762 4030 lavit”.
799 3994 819 4029 ι

617 4069 785 4125 Vsus.
804 4069 893 4125 19.
922 4069 1218 4125 Ascendeus
1246 4070 1303 4124 in
1332 4067 1498 4123 altum
1528 4066 1791 4130 captivam
1820 4061 2005 4133 cepisti
2036 4076 2111 4115 ca-

2318 4067 2571 4134 Ἀναϐὰς
2591 4070 2679 4134 εις
2694 4067 2871 4137 ὕψος,
2889 4067 3369 4137 ᾐχμαλώτευσας
3389 4061 3743 4136 αἰχμαλωσίαν·

546 4165 853 4234 plivitatem,
876 4166 1123 4235 accepisti
1159 4165 1300 4219 dona
1334 4166 1388 4218 in
1429 4163 1658 4227 homine,
1683 4170 1790 4217 etc.
1832 4157 2111 4228 Captivita:

2232 4160 2450 4227 ἔλαϐες
2484 4161 2714 4231 δόματα
2754 4161 2824 4214 ἐν
2868 4161 3186 4231 ἀνθρώπῳ,
3223 4179 3278 4215 κ.
3312 4178 3363 4214 τ.
3395 4161 3439 4214 ἑ.
3468 4148 3744 4228 “maiust:

547 4257 746 4314 Christi
782 4267 884 4328 est,
903 4266 1111 4313 naturae
1139 4256 1480 4312 rationabilis
1506 4271 1535 4310 a
1560 4255 1766 4311 malitia
1793 4262 1848 4309 et
1874 4253 2111 4323 ignorant

2232 4252 2351 4305 ἐστὶ
2381 4250 2619 4325 Χριστοῦ
2654 4250 2787 4323 (88),
2821 4250 3038 4321 φύσεως
3081 4251 3310 4323 λογικῆς
3352 4250 3457 4303 ἀπὸ
3498 4246 3657 4305 κακίαι
3682 4238 3742 4290 ια)

550 4351 626 4405 tia
667 4352 732 4403 ad
775 4349 1027 4404 virtutem
1071 4356 1127 4403 et
1160 4348 1526 4418 cognitionem
1555 4347 1782 4402 reditus.
1809 4345 1875 4399 Et
1909 4344 2014 4398 alia
2046 4357 2111 4396 ra.

2234 4344 2509 4415 ἀγνωσίας
2534 4344 2620 4397 ἐπ’
2652 4344 2857 4416 ἀρετὴν
2884 4345 2979 4398 καὶ
3011 4344 3212 4414 γνῶσιν
3257 4343 3525 4405 ἐπάνοδος.
3558 4335 3649 4391 Καὶ
3680 4329 3744 4386 άλ-

549 4445 698 4501 tione
731 4443 928 4499 Paulus
956 4444 1035 4499 ait
1066 4443 1133 4498 de
1179 4443 1398 4499 Christo
1421 4444 1462 4475 “
1490 4459 1506 4499 :
1547 4460 1567 4494 ι
1613 4440 1928 4497 Ascendens
1960 4439 2013 4492 in
2047 4436 2111 4491 all

2235 4439 2342 4503 λως
2369 4443 2398 4494 ό
2428 4439 2639 4504 Παῦλός
2669 4456 2803 4512 φησι
2834 4439 2965 4510 περὶ
2994 4437 3087 4491 τοῦ
3115 4438 3357 4510 Χριστοῦ
3378 4455 3391 4467 ·
3432 4456 3451 4488 ι
3485 4431 3673 4490 Ἀναϐὰς
3691 4424 3743 4482 εἰς

550 4547 664 4593 tum
692 4538 959 4607 captivam
986 4535 1130 4605 cepit
1171 4536 1565 4605 captivitatem,
1593 4543 1650 4590 et
1679 4533 1828 4590 dedit
1869 4534 2008 4589 dona
2034 4532 2111 4589 hut

2237 4531 2391 4604 ὕψος,
2417 4531 2834 4604 ᾐχμαλώτευσεν
2857 4531 3237 4603 αἰχμαλωσίαν
3259 4548 3273 4562 ·
3307 4531 3402 4584 καὶ
3421 4528 3574 4583 ἔδωκε
3595 4522 3741 4591 δόματα

548 4628 812 4693 minibus,
852 4646 871 4680 ι
900 4628 994 4683 ubi
1038 4627 1182 4681 dona
1228 4633 1387 4680 vocat
1427 4623 1665 4695 Spiritus
1703 4625 1873 4680 sancti
1903 4624 2107 4696 gratias

2235 4627 2348 4688 τοῖς
2392 4623 2697 4698 ἀνθρώποις
2716 4642 2730 4655 ’
2778 4644 2797 4677 ι
2852 4627 3064 4698 δόματα
3089 4627 3263 4695 λέγων
3288 4624 3359 4677 τὰ
3393 4607 3743 4693 χαρίσματατηῦ

551 4720 645 4777 Sic
671 4729 952 4792 postquam
984 4720 1307 4776 descensum
1341 4718 1643 4775 Salvatoris
1675 4719 1915 4775 ostendit
1944 4727 1999 4773 et
2025 4718 2105 4773 dae

2237 4716 2396 4784 ἁγίου
2425 4717 2762 4789 Πνεύματος.
2793 4718 2950 4772 Οῦτω
2974 4718 3074 4790 τὴν
3100 4716 3403 4771 κατάϐασιν
3448 4710 3535 4765 τοῦ
3562 4704 3743 4774 Σωτῆρος

554 4814 863 4869 moniorum
920 4812 1201 4867 interitum
1222 4853 1237 4879 ,
1268 4812 1507 4868 ostendit
1539 4813 1715 4882 ipsum
1746 4811 2111 4866 ascendenten

2237 4808 2418 4873 δείξας
2446 4810 2539 4863 καὶ
2571 4811 2671 4880 τὴν
2698 4810 2808 4865 τῶν
2849 4810 3143 4881 δαιμονίων
3186 4807 3500 4869 κατάλυσιν,
3541 4800 3742 4855 δείκνυςιν

551 4915 606 4960 et
630 4905 871 4973 captivos
901 4904 1244 4962 liberantem.
1266 4904 1363 4961 Vel
1387 4905 1551 4960 etiam
1580 4904 1921 4960 altitudinem
1952 4903 2111 4958 cruci:

2239 4901 2401 4957 αὐτὸν
2431 4902 2652 4957 ἀνιόντα
2682 4903 2778 4957 καὶ
2804 4904 2930 4968 τοὺς
2961 4903 3092 4976 πρὶν
3123 4900 3494 4974 αἰχμαλώτους
3521 4884 3742 4961 ἐλευθερώ-

510 4996 521 5072 ﬁ
553 4995 718 5068 755
736 5004 908 5059 vocat,
934 4995 991 5050 in
1020 5011 1185 5066 quam
1219 4997 1542 5061 ascendens,
1564 5004 1619 5051 et
1639 4995 1729 5065 qui
1754 4995 1808 5049 in
1837 5008 1963 5049 aere
1983 5004 2109 5049 sunt

2241 5011 2428 5050 σαντα.
2458 4994 2530 5047 Ἢ
2558 4994 2653 5047 καὶ
2680 4993 2815 5064 ὕψος
2838 4994 2902 5047 τὸ
2926 4993 3020 5047 τοῦ
3051 4992 3285 5065 σταυροῦ
3315 4992 3460 5061 λέγει
3476 5032 3490 5057 ,
3520 4991 3572 5043 ὲν
3597 4980 3633 5053 ᾧ
3655 4983 3743 5035 ἀνα·

553 5089 848 5154 dzemones,
881 5087 1109 5159 spiritus
1144 5088 1420 5157 nequitias,
1460 5087 1529 5144 ab
1555 5102 1621 5143 ea
1651 5100 1814 5156 quam
1839 5085 2106 5141 habebant

2239 5089 2341 5155 ὃὰς
2373 5091 2469 5145 καὶ
2494 5090 2623 5156 τοὺς
2652 5094 2710 5145 ὲν
2740 5092 2863 5165 ἀέρι
2901 5091 3162 5163 δαίμονας
3181 5090 3251 5145 τὰ
3278 5088 3554 5162 πνεύματα
3574 5082 3653 5153 τῆς
3681 5090 3744 5128 τεο·

520 5314 527 5323 ο
625 5232 647 5264 ⁸
672 5231 828 5288 Joan.
860 5244 936 5298 vr,
959 5230 1051 5287 51.
1124 5231 1146 5262 ⁸
1170 5228 1373 5285 Hahae.
1403 5228 1562 5295 ut,2.
1643 5227 1686 5259 “
1716 5227 1866 5284 Psal.
1893 5242 2029 5294 xvn,
2067 5228 2111 5284 1έ

2236 5232 2279 5264 ¹¹
2302 5236 2504 5303 bphes.
2527 5248 2605 5299 tv,
2636 5234 2692 5289 8.

626 5370 742 5444 (81)
773 5370 949 5426 Δοκεῖ
963 5370 1081 5442 μὲν
1113 5368 1406 5441 ἁρμόζειν,
1438 5378 1547 5426 etc.
1603 5368 1789 5426 Codex
1831 5366 2125 5426 Coislinia-

555 5461 658 5500 nus
683 5450 977 5497 sectutdns.

769 5511 1348 5637 ἕὴέυχών,6ιέιο.
1391 5513 1558 5568 Idem.

929 5601 960 5635 τ
1030 5600 1206 5646 χερου
1264 5602 1329 5646 μ.
1369 5596 1476 5640 etc.
1518 5585 1558 5640 lt

769 5584 902 5660 ζῷα
929 5584 1009 5660 τα.
1029 5584 1331 5660 χερουὶῗίειιἶ
1369 5596 1476 5660 etc.
1509 5585 1688 5660 idem.

630 5654 742 5721 (81)
772 5653 904 5707 Ζῶα
939 5653 1122 5723 λέγει,
1151 5664 1257 5710 etc.
1291 5654 1663 5713 Coislinianus
1690 5657 1924 5728 primus.

2334 5371 2426 5443 85)
2461 5372 2608 5438 Τοὺς
2642 5369 2935 5443 κλήρους,
2961 5381 3069 5427 etc.
3099 5371 3269 5443 Idem.

2334 5442 2422 5509 86)
2456 5442 2742 5509 Βασιλεῖς
2767 5446 2947 5505 εισιν,
2981 5452 3088 5497 etc.
3121 5442 3286 5495 Idem.

2303 5510 2425 5581 ’(87)
2458 5514 2641 5581 Ἅρμα
2673 5511 2845 5574 Θεοῦ.
2876 5524 2983 5568 etc.
3028 5511 3199 5568 Idem.

2926 5565 3393 5658 ἐστὶ-Χριστοῦ,
3429 5586 3527 5658 etc.
3575 5565 3747 5626 Sciit}?!

2246 5650 2434 5713 Grabii
2454 5694 2470 5723 ,
2517 5650 2833 5726 partimque
2861 5655 3027 5711 codex
3055 5650 3422 5709 CoiSlinianus
3443 5650 3641 5721 primus.
