3970 6160
258 213 395 271 I509

1213 211 1525 271 SELECTA
1553 209 1620 266 IN
1652 210 1995 269 PSALMOS.
2026 241 2096 253 —-
2129 210 2323 267 PSAL.
2356 210 2563 267 LXVII.

3389 215 3535 271 1510

248 331 444 403 νηρίας
467 328 560 399 ἀφ’
585 322 656 401 ἦς
703 322 848 400 εἶχον
889 327 1272 400 ὑπερηφανίας
1313 328 1706 393 κατασπάσας,
1740 326 1827 393 τὰς

1950 328 2200 398 superbia
2222 326 2485 393 avellens,
2512 325 2729 380 animas
2757 339 2895 396 quas
2934 340 3031 395 per
3057 325 3197 381 mala
3228 341 3393 399 opera
3444 345 3531 381 ca-

249 422 344 476 ὐπ’
371 421 549 477 αὐτῶν
573 420 1102 492 αίχμαλωτισθείσας
1121 420 1299 491 ψυχὰς
1326 421 1414 475 διά
1446 421 1554 476 τῶν
1585 420 1838 493 πονηρῶν

250 513 523 588 πράξεων,
548 513 642 567 καὶ
673 511 780 565 ἀπὸ
810 511 946 565 Θεοῦ
968 512 1303 576 ἀποστάσας,
1323 511 1575 584 καθάπερ
1602 512 1724 566 τινὰ
1756 515 1841 567 αὶ-

250 603 568 679 χμαλωσίαν
597 603 707 657 ἀπὸ
733 602 843 656 τῶν
872 602 969 656 τοῦ
1003 601 1131 674 ᾅδου
1167 601 1502 674 κευθμώνων
1536 603 1839 669 ἀνελκύσας

249 695 646 770 ἠλευθέρωσεν.

319 788 495 856 Πλὴν
517 790 551 843 ό
571 786 717 854 Θεὸς
738 787 1071 843 συνθλάσει
1092 787 1360 859 κεφαλὰς
1373 786 1603 857 ἐχθρῶν
1626 787 1835 855 αὐτοῦ,

247 878 524 951 κορυφὴν
548 879 752 949 τριχὸς
770 878 1289 950 διαπορευομένων
1308 880 1378 933 ἐν
1399 881 1837 950 πλημμελείαις

246 970 467 1038 αὐτῶν,
496 989 551 1025 κ.
586 988 639 1024 τ.
675 972 722 1026 ὲ.
759 970 1007 1041 Κεφαλαὶ
1033 971 1246 1044 ἐχθρῶν
1279 971 1391 1043 (89)
1417 975 1468 1026 οἱ
1497 973 1774 1045 ἄρχοντες,
1801 973 1834 1047 ἢ

180 1074 191 1085 ⁸
244 1064 316 1120 τὰ
337 1063 661 1137 ήγεμονικά.
694 1065 757 1118 Οί
781 1063 965 1136 ἐχθροὶ
991 1057 1156 1129 οὗτοι,
1183 1067 1231 1117 οί
1259 1063 1415 1129 ὄντες
1440 1066 1505 1118 ἐκ
1530 1065 1625 1119 τοῦ
1654 1066 1838 1136 πλημ-

248 1156 465 1229 μελεῖν,
501 1154 914 1228 διαπορεύονται
961 1157 1020 1210 ὲν
1058 1155 1464 1228 πλημμελείαις
1516 1158 1717 1211 αὐτῶν.
1765 1159 1836 1211 Ἢ

245 1249 461 1322 ἐχθρῶν
504 1249 738 1320 κεφαλαὶ
777 1250 846 1303 τὰ
886 1246 1118 1321 πρώτως
1157 1251 1222 1304 ὲκ
1265 1249 1375 1304 τῶν
1416 1249 1689 1322 δαιμόνων
1714 1252 1836 1305 ἐπι-

246 1341 609 1415 συμδαίνοντα
633 1344 880 1414 νοήματα
906 1344 973 1414 τῇ
1002 1341 1172 1413 ψυχῇ.

315 1430 466 1488 Εἴπε
487 1434 720 1503 Κύριος·
741 1434 843 1488 Ἐκ
871 1434 1081 1489 Βασὰν
1101 1434 1465 1504 ἐπιστρέψω,
1494 1432 1836 1504 ἐπιστρέψω

242 1524 315 1579 ἐν
344 1523 560 1592 βυθοῒς
587 1524 906 1594 θαλάσσης
924 1566 938 1589 ,
971 1525 1132 1592 ὅπως
1168 1524 1246 1581 ἂν
1266 1524 1442 1597 βαφῇ
1472 1530 1505 1581 ὁ
1532 1527 1686 1593 ποῦς
1718 1542 1836 1582 σου

242 1618 315 1673 ἐν
336 1619 556 1689 αἵματι,
590 1634 646 1672 κ.
678 1635 726 1670 τ.
763 1619 811 1671 ἐ.
848 1618 1028 1673 Βασὰν
1056 1618 1835 1692 ἑρμηνεύεται(09)αἱσχύνη,

1943 421 2121 490 ptivas
2168 429 2427 490 ceperant
2465 432 2694 489 qumque
2742 434 2772 472 a
2819 419 2926 473 Deo
2957 419 3289 485 defecerant,
3313 436 3411 476 ceu
3443 437 3531 475 ca-

1939 511 2249 583 ptivitatem
2296 510 2591 582 quamdam
2628 510 2696 565 ab
2732 509 2929 566 inferni
2976 510 3205 567 latebris
3229 515 3533 568 extrahens

1940 601 2218 658 liberauit.

2012 781 2174 835 Vens.
2207 781 2301 835 22.
2334 779 2707 836 Verumtamen
2740 780 2880 835 Deus
2907 780 3202 851 confringet
3231 782 3404 850 capita
3443 784 3528 838 in-

1937 870 2216 925 imicorum
2267 888 2504 938 suorum,
2545 871 2787 925 verticem
2839 870 3019 941 capilli
3047 872 3529 940 perambulantium

1938 963 1993 1016 in
2014 962 2218 1017 delictis
2241 964 2376 1030 suis,
2401 974 2511 1018 etc.
2546 962 2738 1032 Capita
2767 962 3115 1018 inimicorum
3162 972 3291 1018 sunt
3328 966 3531 1034 print-i-

1939 1071 2034 1126 pes
2062 1056 2144 1111 vel
2172 1057 2530 1125 principatus.
2550 1054 2614 1109 IIi
2657 1054 2880 1121 inimici,
2913 1071 3039 1111 cum
3069 1072 3098 1110 a
3121 1057 3322 1112 delicto
3343 1057 3530 1112 orian-

1940 1153 2049 1210 tur,
2083 1156 2468 1214 pertranseunt
2499 1145 2551 1199 in
2598 1144 2813 1200 delictis
2847 1146 2983 1202 suis.
3016 1144 3117 1202 Vel
3143 1148 3323 1218 capita
3349 1150 3529 1203 inimi-

1938 1253 2126 1293 corum
2154 1254 2232 1294 eae
2270 1250 2394 1294 sunt
2431 1237 2790 1310 cogitationes
2824 1254 2947 1307 quae
2989 1240 3231 1310 primum
3254 1256 3286 1295 a
3326 1243 3529 1298 daemo-

1939 1331 2096 1386 nibus
2126 1332 2318 1386 anima:
2342 1333 2663 1387 obveuiunt.

2013 1423 2171 1478 Vens.
2194 1424 2285 1492 2'5,
2303 1425 2393 1479 24.
2427 1426 2572 1479 Dixit
2599 1426 2875 1489 Dominus.
2903 1427 2986 1483 Ea:
3010 1429 3186 1486 Busan
3209 1441 3526 1498 convertam,

1938 1528 2235 1573 convertam
2265 1521 2319 1573 in
2342 1519 2664 1589 profundum
2693 1522 2877 1584 utaris,
2898 1531 2955 1575 ut
2974 1522 3270 1594 intingatur
3295 1542 3383 1594 pes
3405 1536 3527 1578 tuus

1938 1608 1993 1662 in
2018 1611 2291 1681 sanguine,
2335 1623 2444 1665 etc.
2490 1612 2666 1667 Basan
2722 1613 3115 1683 interpretatur
3162 1618 3437 1684 confusio,’
3457 1618 3525 1671 ad

242 1711 310 1780 ἣν
335 1709 400 1764 δι’
425 1711 571 1781 ἡμᾶς
593 1709 794 1783 κατέδη
816 1712 844 1764 ὁ
867 1709 1091 1783 Κύριος,
1115 1711 1377 1784 αἰσχύνης
1396 1712 1827 1784 καταφρονήσας.

1950 1714 2101 1769 quam
2160 1702 2444 1757 descendit
2497 1703 2761 1760 Dominus
2815 1705 3141 1764 confusione
3193 1700 3524 1779 contempta.

245 1804 521 1859 Βάπτεται
543 1804 600 1858 δὲ
633 1804 726 1858 καὶ
747 1804 775 1856 ὀ
810 1804 946 1869 ποῦς
973 1805 1136 1858 αὐτοῦ
1166 1805 1362 1877 αἵματι
1388 1802 1468 1875 τῷ
1500 1805 1565 1858 ὲκ
1589 1803 1686 1875 τῆς
1709 1803 1839 1857 ἑκά-

244 1913 371 1951 στου
442 1896 688 1967 κεφαλῆς
727 1896 837 1950 τῶν
905 1894 1117 1970 ἐχθρῶν
1186 1896 1530 1970 ἀπορρέοντι.
1600 1914 1619 1949 ι
1686 1898 1836 1951 Κατ-

243 1989 493 2061 επάτησα
516 2009 535 2042 ι
563 1987 671 2062 γὰρ
703 2008 721 2041 ι
750 1989 967 2054 αὐτοὺς,
1009 2008 1029 2042 ι
1068 1990 1232 2062 φησὶν
1256 1989 1501 2055 Ἡσαΐας,
1539 2006 1559 2040 ι
1591 1989 1650 2042 ὲν
1679 1988 1838 2061 θυμῷ

247 2101 372 2155 μου.
417 2103 436 2135 ι

322 2172 775 2242 Ἐθεωριὶθησαν
804 2176 862 2227 αἱ
893 2172 1126 2242 πορεῖαί
1154 2188 1293 2239 σου,
1329 2174 1364 2226 ό
1392 2170 1569 2237 Θεὸς,
1604 2187 1659 2224 κ.
1692 2187 1743 2223 τ.
1785 2170 1832 2223 ὲ.

254 2265 343 2319 Ἔν
389 2267 456 2337 τῇ
514 2264 749 2336 Χριστοῦ
808 2263 1074 2336 ἐπιδημίᾳ
1135 2263 1285 2337 (91)
1341 2262 1728 2333 ὲοεωρήθησαν
1776 2261 1834 2314 at

242 2358 456 2429 πορεῖαι
481 2356 575 2410 τοῦ
604 2354 738 2409 Θεοῦ
765 2356 871 2410 ὐπὸ
916 2355 1026 2411 τῶν
1060 2355 1492 2427 κεκοσμημένων
1524 2353 1668 2424 λόγῳ
1693 2352 1835 2423 γνώ-

243 2466 400 2515 σεως.

326 2545 430 2599 Ἐν
444 2544 828 2613 Ἐκνλησίαις
855 2542 1156 2612 εὐλογεῖτε
1184 2540 1292 2596 τὸν
1315 2539 1466 2595 Θεὸν
1483 2539 1590 2594 τὸν
1612 2540 1835 2608 Κύριον

237 2635 309 2690 ἐκ
346 2636 556 2707 πηγῶν
602 2637 882 2707 Ἰσραὴλ,
924 2653 979 2689 κ.
1014 2652 1066 2690 τ.
1112 2636 1160 2688 ὲ.
1195 2633 1272 2686 Οὐ
1312 2632 1507 2687 ταύτόν
1540 2634 1687 2685 ὲστιν
1719 2629 1830 2704 (92)

238 2727 332 2781 ἐπὶ
356 2727 464 2781 τῶν
487 2726 593 2793 ἔξω
623 2728 723 2799 τῆς
759 2727 1086 2798 Ἐκκλησίας
1117 2723 1236 2795 Θεῷ
1260 2724 1506 2792 εὐλογεῖν
1530 2723 1608 2794 τῷ
1628 2726 1685 2777 ὲν
1720 2724 1834 2776 Ἐκ-

238 2816 438 2890 κλησίᾳ
495 2819 653 2873 τοῦτο
708 2822 901 2874 ποιεῖν.
958 2818 1070 2872 Καὶ
1131 2816 1240 2871 ἀπὸ
1306 2816 1405 2887 μὲν
1463 2815 1572 2869 τῶν
1630 2814 1827 2887 πηγῶν

252 2908 468 2981 Ἰσραὴλ
505 2909 717 2977 εὐλογεί
747 2908 839 2962 τὸν
884 2907 1017 2961 Θεὸν
1058 2909 1088 2961 ὁ
1125 2905 1266 2961 κατὰ
1307 2906 1400 2960 τὸν
1444 2907 1501 2959 ὲν
1541 2908 1661 2969 ταῖς
1692 2906 1833 2978 Γρα-

240 3003 369 3070 φαῖς
415 3000 686 3073 θησαυρὸν
747 3000 849 3072 τῆς
908 3001 1098 3069 σοφίας
1142 2997 1237 3053 τοῦ
1286 2997 1422 3052 Θεοῦ
1475 2998 1713 3068 εὐλογῶν
1735 3015 1749 3029 ’
1801 3001 1831 3053 ὁ

1942 1792 2233 1863 Intingitur
2288 1803 2468 1848 autem
2515 1795 2678 1849 etiam
2726 1810 2823 1865 pes
2867 1797 2986 1867 ejus
3028 1800 3293 1870 sanguine
3327 1802 3417 1870 qui
3455 1816 3523 1855 ex

1940 1882 2371 1953 uniuscujusque
2399 1885 2743 1940 inimicorum
2769 1890 2947 1956 capite
2982 1888 3306 1949 ell‘unditur.
3332 1910 3352 1942 ι
3384 1893 3525 1948 Con-

1940 1972 2149 2028 culcavi
2190 1991 2211 2026 ι
2263 1973 2432 2042 enim,
2480 1973 2663 2046 inquit
2707 1975 2879 2035 Isaias
2915 1981 2981 2048 ¹²,
3018 1999 3037 2031 ι
3079 1981 3202 2039 illos
3248 1982 3302 2037 in
3343 1983 3526 2038 furore

1940 2078 2082 2120 meo.
2114 2082 2134 2117 ι

2011 2155 2173 2212 Vens.
2196 2156 2287 2213 25.
2313 2157 2455 2214 Visa:
2475 2170 2597 2215 sunt
2625 2161 2724 2217 via:
2750 2173 2876 2228 tuae,
2905 2163 3066 2231 Deus,
3094 2173 3203 2221 etc.
3238 2164 3294 2219 In
3319 2165 3523 2223 Christi

1938 2250 2170 2304 adventu
2196 2251 2326 2306 visae
2354 2261 2486 2307 sunt
2516 2252 2616 2308 via:
2642 2253 2738 2309 Dei
2755 2254 2823 2309 ab
2843 2255 2925 2310 eis
2950 2256 3043 2327 qui
3069 2271 3323 2313 sermone
3348 2260 3524 2315 scien-

1941 2342 2030 2397 tia:
2055 2344 2270 2412 praediti
2301 2354 2484 2399 erant.

2006 2525 2173 2581 Vens.
2208 2525 2299 2580 27.
2332 2525 2403 2581 1η
2439 2526 2692 2583 Ecclesiis
2726 2528 3012 2585 benedicite
3056 2529 3165 2584 Deo
3203 2529 3432 2587 Domino
3460 2533 3524 2586 de

1936 2618 2167 2686 fontibus
2199 2617 2389 2682 Israel,
2421 2628 2535 2673 etc.
2578 2619 2693 2675 Non
2736 2621 2878 2675 idem
2906 2632 2989 2677 est
3023 2622 3089 2676 de
3116 2622 3184 2676 iis
3219 2637 3339 2691 quae
3367 2634 3521 2678 extra

1934 2709 2237 2764 Ecclesiam
2285 2710 2421 2765 [lunt
2461 2712 2569 2767 Deo
2615 2710 2941 2767 benedicere
2988 2728 3054 2768 ac
3093 2713 3222 2768 illud
3254 2715 3304 2767 in
3336 2714 3523 2770 Eccle-

1934 2802 2015 2857 sia
2048 2801 2251 2857 Iacere.
2292 2801 2369 2857 De
2392 2802 2635 2858 fontibus
2664 2804 2884 2873 quidem
2910 2802 3072 2857 Israel
3102 2805 3379 2861 benedicit
3411 2805 3522 2861 Deo

1936 2895 1982 2950 is
2012 2895 2104 2966 qui
2139 2897 2440 2951 secundum
2481 2897 2632 2951 illtnn
2656 2897 2745 2966 qui
2784 2898 2835 2950 in
2871 2897 3169 2966 Scripturis
3195 2908 3279 2953 est
3309 2900 3522 2971 sapien-

1936 2988 2026 3044 tia:
2065 2989 2156 3045 Dei
2203 2991 2515 3044 thesaurum
2564 2991 2837 3045 benedicit
2874 2990 2985 3044 Deo
3016 3006 3031 3056 ;
3064 2991 3154 3061 qui
3195 3001 3377 3047 autem
3411 3007 3519 3046 non

238 3063 295 3147 δὲ
327 3093 403 3165 μὴ
433 3063 574 3148 κατὰ
594 3063 762 3147 ’τοῦτο
789 3063 889 3148 οὐκ
914 3063 994 3147 ἐκ-
1008 3092 1199 3164 πηγῶν
1238 3091 1457 3165 Ἰσραὴλ
1490 3063 1707 3160 εὐλοχεῖ
1736 3091 1827 3147 τὸν

1950 3083 2032 3150 iic,
2069 3083 2115 3138 is
2148 3097 2258 3165 non
2288 3083 2354 3138 de
2376 3080 2623 3139 fontibus
2647 3083 2821 3138 Israel
2850 3083 3126 3140 benedicit
3159 3084 3291 3139 Deo.

238 3185 392 3240 Θεόν.

323 3279 481 3335 Ἐκεῖ
529 3281 814 3352 Βενιαμίν
860 3281 1146 3349 νεώτερος
1171 3320 1186 3343 ,
1218 3297 1271 3336 κ.
1322 3296 1375 3333 τ.
1418 3280 1465 3335 ὲ.
1499 3278 1635 3351 Περὶ
1679 3278 1829 3333 Παύ-

234 3368 331 3428 λου
365 3373 498 3445 (95),
530 3375 684 3444 φασὶ,
715 3373 874 3429 τοῦτο
899 3372 1254 3448 προφητεύει.

321 3460 467 3518 Ἀπὸ
512 3463 620 3517 τοῦ
664 3463 814 3518 ναοῦ
858 3479 975 3517 σου
1018 3461 1117 3515 ἐπὶ
1160 3460 1556 3532 Ἰερουσαλήμ
1596 3476 1695 3517 σοι
1741 3462 1827 3517 οῖ-

233 3570 421 3611 σουσι
446 3554 734 3621 ,βασιλεῖς
764 3552 957 3623 δῶρα,
1003 3570 1058 3607 κ.
1087 3569 1138 3605 τ.
1170 3553 1217 3606 ὲ.
1258 3553 1318 3606 Ὀ
1351 3551 1565 3617 Παῦλος
1613 3551 1725 3624 (94)
1761 3552 1822 3606 οὐ

238 3646 400 3719 μόνον
429 3646 589 3711 αὐτὸς
614 3645 806 3701 ἑαυτὸν
840 3645 1085 3719 προσῆγε
1123 3644 1264 3716 Θεῷ,
1297 3643 1434 3698 ἀλλὰ
1465 3644 1575 3717 γὰρ
1605 3646 1698 3698 καὶ
1730 3644 1826 3699 ἀλ-

232 3739 358 3803 λους
383 3739 473 3794 διά
501 3739 600 3811 τῆς
624 3738 971 3803 διδασκαλίας
997 3737 1303 3811 προσέφερε
1329 3736 1407 3808 τῷ
1439 3736 1579 3807 Θεῷ.

308 3831 421 3887 Τοῦ
440 3830 862 3904 ἐγκλεισθῆναι
880 3830 1023 3898 τοὺς
1048 3829 1594 3900 δεδοκιμασμένους
1619 3827 1697 3895 τῷ
1719 3830 1823 3899 ἀρ-

232 3926 417 3992 γυρίῳ
439 3963 454 3987 ,
485 3940 537 3976 κ.
568 3940 619 3977 τ.
654 3924 702 3977 ὲ.
730 3921 838 3977 Τοῦ
868 3920 1206 3994 χωρισθῆναι
1236 3920 1345 3993 (95)
1376 3919 1502 3985 τοὺς
1533 3918 1823 3990 δεδοκιμα-

233 4014 465 4087 σμένους
487 4016 561 4079 ὡς
591 4015 871 4088 ἀργύριοι.

309 4106 567 4172 Ἦξουσι
592 4107 872 4177 πρέσϐεις
896 4107 967 4174 ἐξ
999 4107 1333 4178 Αίγύπτου,
1364 4105 1639 4161 Αἰθιοπία
1674 4117 1821 4173 προ-

229 4197 452 4271 φθάσει
481 4198 648 4268 χεῖρα
670 4199 862 4269 αὐτῆς
890 4200 972 4267 τῷ
1003 4199 1146 4266 Θεῷ,
1182 4217 1237 4253 κ.
1266 4216 1318 4252 τ.
1353 4200 1401 4252 ὲ.
1442 4198 1554 4269 Τὴν
1585 4197 1682 4269 μὲν
1706 4197 1817 4269 (96)

227 4289 468 4345 διάθεσιν
491 4291 589 4362 τῆς
615 4292 810 4355 κακίας
840 4291 927 4344 διὰ
954 4291 1061 4345 τῶν
1089 4288 1403 4359 Αἰγυπτίων
1427 4286 1647 4360 ᾐνίξατο
1671 4304 1686 4320 ο
1716 4287 1817 4360 τὴν

224 4384 285 4439 δὲ
314 4384 427 4451 ἕξιν
458 4384 545 4438 διά
576 4383 686 4438 τῶν
716 4383 987 4438 Αἰθιόπων
1014 4383 1339 4455 δεδήλωκεν.

304 4476 546 4531 Ψάλατε
562 4474 642 4541 τῷ
667 4474 790 4542 Θεῷ
821 4474 901 4542 τῷ
922 4475 1294 4544 ἐπιϐεϐηκότι
1316 4473 1416 4528 ἐπὶ
1429 4471 1539 4527 τὸν
1553 4471 1815 4542 οὐρανὸν

224 4570 334 4625 τοῦ
371 4569 633 4639 οὐρανοῦ
686 4568 837 4624 κατὰ
881 4568 1183 4635 ἀνατολὰς
1204 4607 1220 4632 ,
1258 4585 1313 4622 κ.
1363 4584 1415 4622 τ.
1455 4567 1501 4620 ἐ.
1540 4565 1813 4639 Πρότερον

229 4663 329 4736 μὲν
359 4663 472 4733 (97)
506 4683 526 4717 t
563 4663 928 4734 ὡδοποιήσατε
945 4661 1022 4734 τῷ
1039 4660 1393 4733 ὲπιϐεϐηκὸτι
1412 4660 1506 4713 ἐπὶ
1525 4659 1765 4732 δυσμῶν·
1788 4678 1808 4711 ι

224 4756 323 4812 νῦν
349 4757 407 4810 δὲ
441 4775 461 4809 ι
487 4756 695 4827 ψάλατε
720 4755 800 4828 τῷ
831 4754 1183 4826 ὲπιϐεὸηκότι
1207 4754 1301 4808 ἐπὶ
1333 4753 1424 4807 τὸν
1461 4751 1690 4824 οὐρανὸν
1718 4750 1812 4805 τοῦ

221 4848 453 4924 οὐρανοῦ
478 4850 621 4905 κατὰ
638 4849 922 4914 ἀνατολάς.
944 4867 964 4901 ι
985 4848 1042 4903 Ὀ
1061 4846 1171 4920 γὰρ
1192 4864 1212 4899 ι
1231 4845 1492 4910 καταϐὰς,
1511 4844 1675 4909 αὐτός
1694 4844 1812 4897 ἐστι

220 4943 316 4999 καὶ
357 4942 386 4995 ὁ
426 4939 633 5005 ἀναϐὰς
687 4940 945 5013 ὑπεράνω
989 4938 1207 4993 πάντων
1259 4935 1370 4990 τῶν
1418 4933 1660 5008 οὐρανῶν
1724 4933 1813 4989 ἵνα

221 5037 330 5106 πλη
338 5030 488 5105 ρώσῃ
518 5030 588 5085 τὰ
622 5030 818 5085 πάντα.
829 5050 849 5084 ι

289 5123 434 5177 Δότε
460 5121 650 5187 δόξαν
684 5119 766 5187 τῷ
808 5117 960 5186 Θεῷ,
999 5117 1099 5174 ἐπὶ
1125 5116 1235 5173 τὸν
1275 5114 1526 5187 Ἰσραὴλ
1565 5115 1605 5185 ή
1628 5128 1811 5185 μετα·

294 5267 337 5299 “
361 5266 466 5323 lsa.
498 5280 656 5335 um,
682 5264 736 5320 ὃ.
812 5265 858 5297 ¹³
890 5262 1088 5334 Ephes.
1118 5277 1195 5330 tv,
1220 5262 1312 5319 10.

288 5441 403 5512 (89)
435 5442 710 5514 Κεφαλαί
754 5440 1008 5513 ἐχθρῶν,
1039 5449 1147 5497 etc.
1201 5438 1390 5497 Codex
1441 5434 1807 5493 Coislinianus

218 5513 531 5569 secundus.

298 5580 411 5655 (90)
434 5583 653 5655 Bucar,
676 5582 1229 5655 sppnrederat._etc.
1263 5579 1434 5635 Idem.

313 5644 405 5723 91)
446 5654 550 5709 Ἐν
590 5653 665 5723 τῇ
696 5644 956 5723 Χριστοῦ
977 5644 1280 5723 ἐπιδημίᾳ,
1314 5661 1422 5708 etc.
1461 5649 1630 5708 Idem.

313 5655 374 5706 91
446 5655 550 5709 Ἐν
590 5655 665 5723 τῇ
696 5655 956 5723 Χριστοῦ
977 5655 1280 5723 ἐπιδημίᾳ,
1314 5666 1342 5707 e

292 5655 407 5792 (92)
434 5726 518 5781 οὐ
544 5725 771 5782 ταυτόν
805 5726 1001 5795 ἐστιν,
1029 5732 1140 5784 etc.
1172 5722 1342 5782 Idem.

2145 3161 2173 3193 θ’

1999 3263 2170 3321 Vens.
2197 3264 2307 3333 28.,
2338 3265 2424 3320 Ibi
2466 3266 2747 3337 Benjamin
2797 3266 3248 3333 adolescentu.us,
3285 3276 3394 3324 etc.
3443 3269 3519 3324 De

1925 3356 2120 3423 Paulo,
2141 3359 2412 3427 inquiunt,
2437 3359 2541 3413 hoc
2567 3361 2837 3422 praedicit.
3300 3375 3305 3381 '

1997 3451 2161 3509 Vens.
2194 3449 2285 3505 50.
2312 3451 2356 3504 A
2389 3450 2599 3518 templo
2626 3451 2796 3505 tuoin
2835 3450 3136 3506 Jerusalem
3169 3451 3265 3505 tibi
3293 3452 3516 3522 offerent

1925 3558 2074 3613 reges
2102 3557 2348 3605 munera,
2375 3551 2485 3596 etc.
2522 3539 2723 3595 Paulus
2751 3555 2855 3595 non
2901 3542 3078 3597 solum
3125 3541 3387 3612 seipsum,
3421 3542 3513 3596 sed

1924 3643 1982 3689 et
2009 3634 2148 3689 alios
2177 3649 2275 3703 per
2298 3633 2604 3689 doctrinam
2630 3633 2833 3688 obtulit
2859 3633 2991 3688 Deo.

1993 3816 2163 3872 Vens.
2191 3817 2280 3872 51.
2311 3815 2379 3871 Ut
2423 3815 2698 3870 includant
2745 3832 2834 3870 eos
2869 3815 2961 3882 qui
3007 3815 3218 3884 probati
3259 3823 3384 3869 sunt
3417 3830 3512 3868 ar-

1920 3925 2097 3986 gento,
2120 3923 2227 3969 etc.
2259 3910 2333 3968 ῐΙι
2377 3921 2708 3981 separentur
2749 3910 2843 3981 qui
2879 3911 3093 3979 probati
3134 3919 3263 3966 sunt
3288 3924 3389 3965 ceu
3417 3926 3510 3963 ar-

1920 4021 2162 4080 gentum.

1992 4101 2155 4156 Vens.
2191 4099 2282 4156 32.
2318 4097 2543 4153 Venient
2591 4095 2751 4167 legati
2801 4110 2867 4149 ex
2916 4092 3181 4164 .Egypto,
3228 4089 3508 4161 Ethiopia

1918 4193 2196 4264 prcereniet
2246 4205 2436 4244 manus
2465 4188 2581 4258 ejus
2628 4187 2759 4253 Deo,
2785 4197 2894 4242 etc.
2921 4185 3139 4240 Malitia;
3189 4184 3508 4253 dispositio-

1918 4298 2041 4340 nem
2068 4299 2165 4355 per
2186 4280 2478 4353 Egyptios
2500 4277 2677 4334 innuit
2700 4277 2978 4345 ;habitum
3014 4292 3143 4332 vero
3169 4289 3266 4346 per
3289 4274 3507 4332 Ethio-

1918 4392 2015 4450 pas
2054 4377 2310 4432 ostendit.

1993 4466 2156 4523 Vens.
2193 4465 2285 4521 54.
2318 4463 2541 4520 Psallite
2577 4463 2687 4518 Deo
2725 4461 2816 4534 qui
2855 4461 3089 4515 ascendit
3116 4475 3274 4528 super
3314 4458 3499 4514 caelum

1919 4560 2034 4616 caeli
2064 4560 2132 4614 ad
2166 4562 2452 4624 orientem,
2497 4565 2605 4614 etc.
2645 4554 2888 4611 Primum
2926 4553 3143 4623 quidem
3174 4568 3194 4604 ι
3229 4553 3333 4607 iter
3372 4551 3504 4605 feei-

1920 4653 2019 4707 stis
2065 4653 2115 4707 ei
2171 4651 2265 4721 qui
2319 4649 2564 4705 ascendit
2610 4662 2779 4717 super
2819 4659 3095 4712 occasum,
3135 4661 3155 4695 ο
3192 4657 3339 4698 nunc
3373 4657 3504 4697 vero

1926 4762 1945 4797 ι
1995 4743 2209 4814 psallite
2260 4741 2309 4797 ei
2348 4741 2441 4813 qui
2489 4739 2738 4796 ascendit
2786 4751 2950 4807 super
2999 4733 3201 4792 cmlum
3251 4733 3377 4789 εωιί
3432 4734 3501 4789 ad

1918 4837 2206 4891 orientem.
2253 4853 2272 4887 ι
2305 4832 2440 4888 Nam
2469 4851 2488 4885 ι
2520 4833 2611 4903 qui
2660 4830 2964 4896 descendit,
3017 4829 3134 4898 ipse
3169 4834 3251 4882 est
3297 4835 3352 4881 et
3403 4828 3498 4896 qui

1920 4926 2082 4999 755
2117 4926 2362 4983 ascendit
2390 4941 2555 4998 super
2589 4938 2780 4981 omnes
2801 4921 2971 4978 caelos
2996 4929 3055 4976 ut
3090 4918 3339 4990 impleret
3373 4936 3496 4974 om-

1920 5019 2012 5073 nia
2045 5018 2107 5072 “.
2134 5029 2154 5064 ι
2430 5032 2431 5035 ‘

1992 5108 2156 5166 Vens.
2195 5108 2288 5166 '55.
2332 5107 2469 5165 Date
2494 5107 2721 5178 gloriam
2763 5108 2892 5175 Deo,
2919 5121 3077 5177 super
3097 5102 3270 5160 Israel
3291 5102 3498 5174 magni-

1990 5429 2106 5502 (9'5)
2135 5428 2275 5502 Περὶ
2305 5428 2575 5502 Ιζαύλου,
2610 5435 2726 5502 ειιιξἐ
2750 5425 2917 5502 I_de_m_.

1989 5489 2104 5571 (94)
2148 5489 2655 5571 ’οίΠαῦλος,.οῑε.
2686 5494 3050 5571 Coisli_n_ianus
3076 5489 3305 5564 primus.

2012 5565 2105 5638 95)
2138 5568 2250 5624 Τοῦ
2282 5565 2675 5638 χωρισθῆναι,
2707 5578 2814 5621 etc.
2848 5565 3011 5620 Idem.

2012 5575 2082 5626 95
2138 5575 2250 5624 Τοῦ
2282 5575 2675 5638 χωρισθηναι,
2707 5578 2751 5620 et

2012 5575 2105 5771 96)
2142 5639 2262 5709 Τὴν
2278 5638 2417 5708 μέν,
2451 5647 2557 5692 etc.
2585 5637 2751 5692 Idem.

2012 5712 2077 5768 97
2127 5711 2430 5771 Πρότερον
2457 5706 2586 5771 uer,
2617 5717 2723 5764 etc.

2010 5706 2101 5771 97)
2127 5706 2430 5776 Ποότεοον
2457 5706 2586 5776 ιιέν,
2617 5717 2723 5764 etc.
2756 5706 2923 5763 Idem.
