3970 6160
613 188 742 244 ιδῃ
2042 167 2131 223 EX
2172 164 2474 223 ORIGENE
3669 173 3758 228 l5l2

619 294 830 367 ﬁcenlia
863 293 998 365 ejus,
1034 299 1083 346 et
1108 291 1290 346 'uirtus
1331 306 1447 361 qus
1465 290 1523 345 in
1550 288 1798 355 nubibus,
1847 294 1952 343 etc.
2010 282 2187 339 Nubes

2219 289 2266 345 Α
2291 280 2618 351 λοπρέπεια
2654 280 2974 348 αὑτοῦ,καὶ
3008 282 3047 351 ἡ
3079 280 3327 352 δύναμις
3356 281 3526 338 αὑτοῦ
3564 283 3622 338 ἐν
3649 290 3760 355 reei-

622 388 724 443 hoc
751 386 870 442 loco
907 383 1038 439 dicit
1085 393 1303 438 sanctas
1350 383 1598 435 virtutes.
1656 396 1677 432 ι
1704 378 1970 433 Mandabo
2021 374 2187 439 enim,

2293 377 2432 440 λαις
2455 414 2471 439 ,
2511 392 2566 428 κ.
2590 392 2640 428 τ.
2673 376 2719 428 ὲ.
2749 374 2999 445 Νεφέλας
3049 375 3192 443 λέγει
3219 373 3331 445 (98)
3366 373 3455 429 νῦν
3494 376 3625 444 ἁγίας
3659 376 3757 431 δυνά-

619 480 797 549 inquit
830 477 894 541 “,
930 475 1185 540 nubibus,
1230 483 1289 527 ut
1316 489 1421 529 non
1464 473 1651 542 pluunt
1699 485 1865 541 super
1909 468 2032 523 illos
2071 466 2187 536 plu-

2299 479 2440 534 μεις.
2490 482 2509 514 ι
2554 464 2902 536 Ἐντελοῦμαι
2946 464 3078 537 γὰρ,
3116 467 3284 537 φησὶ,
3327 468 3441 528 ταῖς
3472 466 3676 536 νεφέλαις
3704 469 3763 523 τοῦ

616 570 782 622 viam.
808 585 828 619 ι
864 565 932 619 Ει
979 563 1084 618 erit
1134 580 1153 613 ‹
1185 561 1377 624 fames,
1426 576 1531 614 non
1598 559 1773 611 fames
1798 556 1975 625 panis.
2017 566 2184 621 neque

2299 552 2374 624 μὴ
2404 553 2592 625 βρέξαι
2619 557 2707 609 ἐπ’
2734 557 2933 621 αὐτοὺς
2963 557 3137 612 ὑετόν.
3177 577 3194 609 ι
3232 557 3343 611 Καὶ
3370 557 3505 611 ἔσται
3532 578 3548 609 ι
3570 560 3704 629 λιμὸς,
3726 563 3763 613 οὐ

618 659 739 714 sitis
773 671 944 727 aquae,
983 656 1078 709 sed
1127 654 1298 708 fames
1329 650 1582 706 audiendi
1614 647 1843 703 verbum
1893 645 2127 700 Domini.
2150 658 2184 696 ‘s

2295 642 2451 714 λιμὸς
2497 649 2696 718 ἄρτου,
2738 649 2863 702 οὐδὲ
2914 649 3042 719 δίψα
3092 649 3314 714 ὓδατος,
3377 650 3503 704 ἀλλὰ
3546 651 3669 723 λιμὸς
3704 653 3765 707 τοῦ

619 753 755 807 Ρυιο
787 760 967 806 autem
1012 749 1080 804 ab
1110 750 1225 817 ipso
1250 749 1421 802 nubes
1457 744 1562 801 dici
1608 742 1852 813 angelos.
1894 740 2000 811 Ipsi
2041 738 2187 794 enim

2294 735 2527 790 ἀκοῦσαι
2573 739 2730 808 λόγον
2781 740 3006 813 Κυρίου.
3051 759 3072 794 s
3127 737 3293 811 Οἶμαι
3334 741 3390 795 δὲ
3436 743 3576 795 αὑτὸν
3607 744 3766 811 νεφέλας

618 854 743 900 sunt
767 846 1017 899 doctores
1043 841 1236 896 nostri.

2293 825 2472 895 λέγειν
2496 831 2622 896 τοὺς
2652 832 2935 902 ἀγγέλους.
2966 833 3131 886 Αὐτοὶ
3156 834 3265 906 γάρ
3292 834 3425 888 εἰσιν
3450 835 3495 886 οἱ
3517 833 3768 899 διδάσκοντες

2293 921 2464 991 ἡμᾶς.

1107 1107 1430 1166 PSALMUS
1461 1102 1693 1163 LXVIII.

2851 1110 3149 1164 ΨΑΛΜΟΣ
3180 1108 3304 1164 ΞΗ¹.

687 1204 852 1259 Vens.
891 1201 946 1257 2.
988 1200 1207 1257 Salvum
1232 1216 1312 1255 me
1335 1199 1440 1265 fac,
1480 1199 1642 1263 Deus,
1665 1195 1916 1267 quoniam
1942 1195 2182 1248 intraue-

2360 1197 2572 1253 Σῶσόν
2591 1217 2687 1269 με,
2721 1202 2754 1255 ὁ
2786 1199 2964 1267 Θεὸς,
3011 1200 3101 1257 ὅτι
3137 1200 3497 1267 εὶσήλθοσαν
3522 1199 3670 1254 ὕδατα
3697 1200 3769 1268 ἕως

619 1304 740 1350 runt
770 1309 923 1365 aqua
952 1309 1113 1363 usque
1142 1293 1211 1346 ad
1235 1292 1467 1346 animum
1494 1305 1687 1355 meum,
1713 1297 1820 1344 etc.
1848 1289 2032 1355 Aquas
2057 1283 2187 1340 dicit

2292 1289 2502 1359 ψυχῆς
2534 1309 2686 1360 μου,
2735 1311 2791 1347 κ.
2830 1311 2881 1347 τ.
2915 1295 2963 1347 ὲ.
2992 1294 3199 1348 ’Ὑδατα
3234 1293 3382 1362 λέγει
3415 1292 3516 1365 (99)
3547 1295 3648 1355 τοὺς
3673 1292 3770 1360 λογι-

619 1388 977 1459 cogitationes
1004 1396 1061 1442 et
1092 1386 1416 1441 tentationes
1450 1398 1571 1454 quae.
1613 1382 1667 1437 in
1716 1382 1953 1438 animum
2001 1380 2183 1450 ingre-

2299 1382 2470 1452 σμοὺς
2508 1383 2604 1437 καὶ
2637 1385 2762 1449 τοὺς
2812 1387 3149 1458 πειρασμοὺς
3183 1387 3311 1450 τοὺς
3344 1386 3697 1457 εἰσερχομένους
3718 1388 3770 1449 εἰς

619 1480 859 1535 diuntur.

2296 1473 2393 1545 τὴν
2420 1473 2615 1546 ψυχήν.

692 1570 854 1627 Vens.
895 1572 952 1628 5.
993 1571 1201 1636 Inﬁxus
1243 1586 1361 1624 sum
1404 1570 1460 1623 in
1503 1569 1629 1624 limo
1660 1565 1936 1637 profundi,
1991 1574 2038 1619 et
2086 1574 2193 1617 non
2224 1577 2260 1634 ῃ

2224 1577 2266 1634 Β
2381 1568 2706 1639 Ἐνεπάγην
2734 1571 2822 1636 εἰς
2849 1570 2989 1624 ἰλὺν
3010 1570 3238 1634 βυθοῦ,
3271 1569 3371 1625 καὶ
3400 1571 3502 1623 οὐκ
3522 1567 3662 1623 ἐστιν
3675 1567 3772 1622 i216-

619 1675 694 1720 est
723 1666 1038 1719 substantia.
1091 1662 1221 1718 Veni
1249 1662 1307 1716 in
1333 1661 1664 1716 altitudinem
1691 1660 1875 1725 maris,
1914 1664 1963 1710 et
2000 1665 2187 1724 tempe-

2290 1674 2527 1726 στασις.
2546 1655 2777 1715 τιίιλθον
2810 1664 2898 1728 εὶς
2927 1662 3001 1716 τὰ
3024 1662 3186 1730 ,βάθη
3224 1661 3334 1731 τῆς
3369 1661 3675 1727 θαλάσσης,
3707 1661 3771 1714 καὶ

618 1772 730 1818 stas
758 1757 1009 1812 demersit
1040 1773 1142 1820 me,
1171 1763 1279 1811 etc.
1319 1753 1467 1809 Nihil
1514 1752 1782 1824 ejusmodi
1840 1751 1895 1805 in
1946 1749 2186 1804 historiis

2290 1753 2556 1823 καταιγὶς
2580 1754 2971 1809 κατεπόντισέ
2985 1772 3085 1825 με,
3103 1773 3157 1809 κ.
3187 1773 3238 1809 τ.
3268 1756 3316 1807 ὲ.
3337 1756 3493 1809 Οὐδὲν
3512 1754 3701 1807 τοιοῦτον
3722 1752 3769 1825 (1)

619 1849 927 1908 invenimus
959 1847 1222 1902 accidisse
1252 1844 1477 1909 Davidi;
1518 1843 1564 1900 si
1598 1856 1732 1898 vero
1751 1841 1818 1896 ad
1850 1840 2187 1895 Salvatorem

2290 1844 2614 1917 εὑρίσκομεν
2644 1846 2886 1902 παθόντα
2912 1848 3002 1902 τὸν
3039 1847 3199 1902 Δαυῒδ
3237 1851 3296 1902 ὲν
3335 1853 3449 1912 ταῖς
3484 1849 3720 1919 ἱστορίαις·
3743 1849 3772 1900 εἰ

618 1939 860 2000 refertur
889 1938 1130 2008 psalmus
1154 1945 1381 2006 propter
1418 1934 1575 1999 illud,
1612 1950 1632 1985 ε
1661 1931 1823 1987 Zelus
1866 1930 2058 1985 domus
2089 1938 2186 1985 tua

2289 1935 2346 1989 δὲ
2376 1936 2468 1990 ἐπὶ
2496 1937 2585 1990 τὸν
2608 1938 2838 2011 Σωτῆρα
2866 1940 3197 2013 ἀναφέρεται
3231 1943 3261 1994 ὁ
3292 1941 3495 2011 nauus;
3517 1939 3592 1994 διὰ
3616 1939 3677 2005 τὸ,
3703 1939 3771 1993 ιὈ

619 2029 855 2087 comedit
905 2043 1055 2090 me,»
1110 2039 1290 2096 neque
1357 2023 1633 2080 Salvatori
1687 2020 1866 2078 simile
1913 2018 2187 2089 quidpiam

2291 2025 2449 2099 ζῆλος
2488 2029 2582 2082 τοῦ
2627 2028 2774 2083 οἴκου
2813 2048 2906 2084 σου
2951 2033 3232 2102 κατέφαγε
3270 2051 3360 2104 με,
3419 2053 3437 2085 ι
3481 2033 3585 2085 οὐδὲ
3615 2032 3687 2084 ἐπὶ
3712 2030 3770 2083 tr]

620 2122 866 2179 novimus
891 2118 1215 2188 contigisse.

2291 2120 2541 2191 Σωτῆρος
2562 2121 2725 2175 αὑτοῦ
2753 2122 2999 2193 ἔγνωμεν
3027 2124 3237 2178 τοιοῦτὸ
3263 2142 3315 2178 τι
3344 2125 3566 2193 γεγονός.

695 2211 973 2283 Ejusdem.
1022 2209 1082 2265 Si
1128 2208 1355 2277 loquens
1385 2207 1439 2261 in
1475 2206 1798 2277 prmedenti
1828 2204 2035 2276 psalmo
2065 2218 2191 2274 per-

2367 2210 2482 2267 Τοῦ
2512 2215 2718 2268 αὑτοῦ.
2756 2216 2818 2268 Εἰ
2851 2218 2910 2270 ὲν
2940 2216 3019 2288 τῷ
3056 2215 3133 2289 (9)
3186 2218 3295 2290 πρὸ
3338 2217 3519 2271 τούτου
3554 2214 3707 2286 ψαλμῷ
3734 2213 3772 2265 τὸ

628 2317 762 2358 sona
785 2300 968 2356 docuit
993 2298 1264 2371 quomodo
1292 2298 1346 2352 in
1368 2298 1540 2352 Basan
1565 2295 1925 2357 descenderit.
1943 2303 1998 2351 et
2020 2294 2189 2350 dixit:

2291 2303 2449 2374 λέγον
2493 2305 2783 2378 πρόσωπον
2822 2306 3069 2360 ἐδίδασκε
3113 2307 3232 2370 πῶς
3273 2309 3353 2371 εἱς
3397 2304 3561 2361 Basia
3593 2302 3769 2375 κατῆλθε.

633 2413 654 2447 s
681 2390 1002 2449 Convertam
1036 2391 1088 2445 in
1130 2389 1454 2461 profundum
1509 2391 1697 2452 maris,
1724 2406 1742 2439 ι
1797 2395 2194 2456 consequenter

2293 2398 2389 2451 καὶ
2415 2396 2620 2465 ἔλεγεν,
2652 2416 2671 2450 ‹
2712 2397 3053 2468 Ἐπιστρέψω
3084 2399 3142 2451 ὲν
3171 2398 3354 2469 βυθοῖς
3374 2398 3636 2465 θαλάσσης,
3660 2396 3768 2446 »ἒπε-

622 2483 1041 2540 existimandum
1071 2481 1411 2551 estejusdem
1443 2496 1564 2537 esse
1592 2495 1712 2550 quae
1732 2481 1835 2536 hoc
1857 2480 1977 2534 loco
2006 2479 2190 2534 dicun-

2292 2505 2382 2542 ται
2405 2488 2582 2542 τοίνυν
2605 2489 2695 2542 τὸν
2715 2488 2877 2544 αὐτὸν
2903 2486 3041 2545 εἶναι
3065 2491 3320 2563 ἡγεῖσθαι
3339 2491 3425 2544 τὸν
3446 2489 3509 2543 τὰ
3530 2486 3771 2560 προκείμενα

625 2584 737 2631 tur.
767 2573 886 2645 Ipse
914 2576 1078 2645 igitur
1122 2577 1264 2631 Deus
1302 2574 1538 2631 Verbum
1570 2587 1759 2643 preces
1790 2574 1991 2629 emittit
2022 2572 2192 2642 Patri,

2294 2581 2538 2651 λέγοντα.
2561 2583 2732 2647 Αὐτὸς
2754 2583 2931 2638 τοίνυν
2957 2585 2986 2637 ὁ
3009 2583 3141 2647 Θεὸς
3165 2583 3343 2653 Λόγος
3371 2582 3523 2654 εὐχὴν
3547 2579 3772 2648 ἀναπέμπει

625 2665 731 2720 sibi
783 2666 1030 2736 proprias
1084 2663 1326 2721 eﬂicie-ns
1386 2666 1620 2720 hominis
1667 2678 1829 2735 quem
1881 2663 2193 2731 assumpsit,

2294 2675 2371 2747 τῷ
2398 2676 2597 2748 Πατρὶ,
2649 2676 3066 2749 ἰδιοποιούμενος
3090 2677 3161 2730 τὰ
3188 2677 3316 2732 καθ’
3340 2677 3397 2730 ὃν
3419 2676 3611 2747 εἴληφεν
3636 2670 3771 2742 ἄνθρω-

620 2757 955 2813 all‘ectiones.
999 2759 1203 2813 Indicat
1247 2767 1428 2814 autem
1493 2756 1689 2814 inferni
1733 2757 1872 2824 loca,
1907 2770 2017 2828 quo
2043 2756 2188 2812 solus

2296 2779 2396 2817 πον
2426 2764 2596 2835 πάθη.
2619 2764 2778 2837 Δηλοῖ
2820 2765 2876 2819 δὲ
2916 2766 2985 2820 τὰ
3026 2766 3122 2820 τοῦ
3157 2767 3292 2839 ᾅδου
3329 2766 3524 2839 χωρία,
3550 2764 3651 2817 ἔνθα
3673 2762 3775 2833 μόνος

622 2851 737 2922 ipsc
765 2851 1048 2906 descendit
1076 2861 1131 2906 et
1161 2852 1396 2907 transiit.

2229 2921 2262 2929 _
2296 2854 2457 2922 αὐτὸς
2491 2857 2735 2921 καταϐὰς
2764 2857 3060 2929 διεξῆλθεν.

695 2941 861 3000 Vns.
901 2942 953 2997 4.
1016 2942 1276 2999 Laboravi
1331 2944 1590 3007 clamans,
1645 2959 1822 2998 rauca:
1875 2943 2031 3012 facta
2068 2952 2193 2997 sunt
2221 2921 2263 2979 ο

2221 2921 2263 2979 C
2381 2921 2704 3005 Ἑκοπίασα
3004 2950 3408 3022 ἑϐραγχίασεν
3430 2954 3460 3004 ὁ
3486 2945 3675 3017 λάρυγξ
3686 2960 3776 3014 μου,

622 3035 801 3106 fauces
823 3051 973 3100 mere,
992 3033 1295 3103 defecerunt
1326 3036 1463 3089 oculi
1491 3036 1591 3090 mei
1623 3036 1746 3089 dum
1769 3051 1918 3105 spero
1948 3037 2002 3089 in
2026 3034 2190 3090 Deum

2295 3038 2578 3105 ἐξέλιπον
2610 3044 2664 3096 οι
2705 3043 3000 3112 ὀφθαλμοί
3038 3060 3161 3112 μου
3215 3043 3342 3097 ἀπὸ
3381 3043 3481 3097 τοῦ
3513 3037 3715 3100 ἐλπίζειν
3731 3049 3777 3104 με

623 3142 818 3194 meum,
866 3134 971 3181 etc.
1020 3125 1134 3181 Hoc
1193 3127 1393 3182 dicitur
1453 3128 1717 3182 adversus
1773 3125 2191 3181 inobedientiam

2294 3131 2394 3186 ἐπὶ
2427 3133 2533 3186 τὸν
2570 3135 2719 3187 Θεόν
2739 3152 2882 3204 μου,
2923 3154 2978 3189 κ.
3017 3153 3069 3190 τ.
3103 3136 3150 3189 ὲ.
3184 3135 3360 3189 Τοῦτο
3399 3134 3524 3207 πρὸς
3560 3132 3611 3185 τὸ
3638 3131 3693 3199 (5)
3720 3129 3779 3181 ἂν·

622 3233 811 3274 eorum
845 3218 936 3288 qui
964 3216 1084 3287 eius
1113 3217 1378 3273 doctrinm
1408 3233 1517 3274 non
1547 3219 1941 3288 obsequuntur.
1977 3216 2034 3273 Si
2063 3231 2190 3273 vero

2296 3226 2457 3298 ήκοον
2484 3225 2591 3280 τῶν
2619 3227 2693 3300 μὴ
2727 3226 3061 3298 πειθομένων
3091 3228 3256 3281 αὑτοῦ
3288 3231 3367 3300 τῇ-
3386 3224 3662 3295 διδασκαλίᾳ
3681 3220 3776 3285 λέῖε·

623 3310 788 3363 etiam
827 3310 953 3379 quia
986 3324 1090 3362 non
1117 3319 1335 3379 oportet
1368 3309 1552 3364 animo
1579 3311 1814 3365 deiicere
1843 3311 1896 3365 in
1929 3313 2191 3379 oratione,

2295 3333 2407 3369 ται.
2454 3317 2518 3370 Εἰ
2545 3317 2602 3370 δὲ
2635 3319 2729 3371 καὶ
2757 3317 2893 3390 πρὸς
2934 3319 2996 3371 τὸ
3026 3318 3101 3389 μὴ
3140 3318 3250 3372 δεῖν
3295 3320 3539 3373 ἐκωκείν
3571 3309 3778 3385 προσευχά-

625 3401 722 3456 sed
749 3401 814 3454 ad
844 3401 1009 3456 Deum
1034 3400 1274 3454 clamare
1305 3401 1393 3454 die
1433 3415 1497 3455 ac
1535 3412 1696 3456 nocte
1720 3440 1736 3467 ,
1784 3402 1924 3457 dixit
1954 3419 2013 3458 se
2044 3403 2193 3458 labo-

2302 3422 2481 3477 μενον,
2515 3406 2651 3460 ἀλλὰ
2681 3407 2810 3478 βοᾷν
2849 3407 3064 3479 ἡμέρας
3094 3408 3188 3461 καὶ
3218 3408 3410 3471 νυκτὸς
3441 3407 3562 3478 πρὸς
3582 3404 3655 3456 τὸν
3678 3400 3775 3457 Θεὸν,

625 3506 781 3548 rasse
808 3492 1128 3558 clamando,
1167 3493 1357 3547 eodem
1402 3507 1565 3549 sensu
1609 3493 1900 3549 clamorem
1944 3510 2193 3566 magnum

2297 3494 2418 3552 εἶπε
2472 3500 2862 3555 κεκοπιακέναι
2922 3501 2979 3553 ἐν
3031 3499 3108 3572 τῷ
3158 3501 3423 3573 κράζειν,
3456 3496 3704 3571 συμφώνως
3743 3491 3778 3543 τὸ

625 3594 682 3640 et
711 3584 980 3657 Iacrymas
1006 3584 1397 3647 considerabis.
2132 3637 2137 3641 .

2301 3586 2439 3658 μετὰ
2494 3590 2739 3661 κραυγῆς
2800 3590 3025 3662 ἰσχυρᾶς
3073 3591 3168 3645 καὶ
3226 3590 3474 3664 δακρύων
3538 3585 3778 3642 συνεπίσκε-

2297 3678 2418 3748 ψαι.

700 3772 864 3829 Vens.
903 3769 959 3827 5.
1002 3769 1349 3838 Multiplicati
1379 3779 1504 3823 sunt
1546 3785 1706 3839 super
1744 3771 1965 3840 capillos
2002 3771 2195 3841 capitis

2381 3773 2878 3842 Ἐπληθύνθησαν
2912 3772 3065 3842 ὑπὲρ
3093 3773 3198 3840 τὰς
3228 3776 3438 3845 τρίχας
3467 3774 3559 3843 τῆς
3590 3764 3779 3840 uaga-“lt

627 3865 729 3919 mei
745 3867 839 3935 qui
866 3866 1089 3920 oderunt
1122 3880 1202 3919 me
1228 3865 1415 3934 gratis.
1458 3862 1759 3932 Confortati
1793 3872 1916 3919 sunt
1954 3865 2045 3935 qui
2072 3879 2195 3934 per.

2292 3881 2412 3932 μου
2445 3866 2497 3917 ol
2524 3864 2851 3933 μισοῦντές
2872 3881 2948 3934 με
2998 3864 3225 3934 δωρεάν
3246 3883 3261 3896 ·
3302 3864 3724 3935 ὲκραταιώθησω·
3748 3859 3778 3907 εἰ

627 3959 792 4012 secuti
822 3967 942 4010 sunt
967 3973 1048 4011 me
1085 3957 1285 4011 inimici
1314 3959 1417 4012 mei
1446 3958 1646 4028 injuste
1676 3973 1696 4012 :
1721 3973 1840 4028 qua
1872 3974 1972 4011 non
2013 3959 2195 4028 rapui,

2299 3955 2500 4026 ἐχθροί
2525 3974 2644 4026 μου
2676 3960 2729 4011 οὶ
2756 3956 3142 4024 ἐκδιὼκοντές
3167 3975 3246 4027 με
3275 3958 3507 4025 ἀδίκως.
3539 3958 3592 4011 Ἀ
3617 3949 3777 4021 01511⁷11³⁸

627 4059 753 4103 tunc
775 4049 1122 4113 exsolvebam,
1146 4059 1254 4103 etc.
1285 4048 1445 4117 Hinc,
1466 4052 1681 4122 opinor,
1699 4050 1851 4106 nosci
1881 4059 2060 4119 potest
2089 4048 2195 4106 dte-

2300 4061 2505 4113 πασα,
2543 4049 2674 4103 τότε
2717 4050 3112 4115 ἀπετίννυον,
3164 4068 3221 4105 κ.
3270 4069 3321 4106 τ.
3369 4052 3414 4106 ὲ.
3453 4035 3780 4103 Ἐντεῦθεν,οξ-

628 4153 845 4193 manum
873 4140 1187 4195 multitudo.

2306 4155 2402 4210 μαι
2427 4137 2524 4208 (4),
2551 4137 2771 4191 δυνατὸν
2801 4138 3003 4207 γνῶναι
3029 4139 3089 4192 τὸ
3113 4139 3318 4210 πλῆθος
3345 4139 3451 4193 τῶν
3484 4135 3716 4208 δαιμόνων.

703 4228 976 4325 Ejusdem.
1025 4231 1136 4285 Etsi
1186 4229 1422 4325 reddidit
1463 4245 1582 4325 quas
1629 4246 1734 4325 non
1779 4233 1978 4301 rapuit,
2012 4241 2067 4287 at
2100 4248 2198 4288 nos
2228 4265 2271 4325 Β

2228 4265 2276 4325 D
2378 4226 2488 4285 Τοῦ
2546 4226 2753 4287 αὐτοῦ.
2796 4231 2859 4284 Εἰ
2899 4231 2995 4285 καὶ
3051 4231 3334 4284 ἀπέδωκεν
3380 4231 3452 4302 (5)
3496 4229 3529 4282 ἃ
3571 4224 3780 4325 μὴὶῆξτλί

630 4320 859 4376 redemit
897 4321 970 4390 (et
1009 4323 1110 4375 hoc
1137 4329 1215 4376 est
1252 4320 1579 4391 exsolvere),
1617 4321 1805 4375 delens
1832 4324 1973 4390 quod
2000 4323 2195 4377 adver-

2228 4314 2270 4325 ’-
2307 4339 2419 4386 σεν,
2480 4322 2592 4377 ἀλλ’
2647 4319 2740 4376 οὖν
2794 4325 2943 4395 ἡμᾶς
2993 4323 3334 4396 ὲλυτρώσατο
3379 4324 3489 4394 (καὶ
3524 4315 3655 4372 τοῦτό
3690 4314 3778 4363 ἐστιν

630 4427 750 4467 sum
780 4426 879 4467 nos
903 4423 1019 4467 erat
1049 4411 1489 4482 chirographum.
1521 4412 1651 4478 Quae
1680 4411 1844 4483 756
1880 4422 2072 4467 contra
2101 4428 2198 4467 nos

2303 4411 2707 4484 ἀποτιννύναι),
2757 4412 3052 4484 ὲξαλείφων
3077 4415 3137 4468 τὸ
3166 4414 3286 4467 καθ’
3494 4408 3776 4487 χειρέῖραῗα

632 4502 778 4556 illata
816 4503 986 4558 coacti
1024 4517 1213 4558 sumus
1245 4502 1547 4569 exsolvere,
1601 4504 1717 4557 haec
1758 4503 1934 4558 deleta
1980 4514 2107 4559 sunt
2149 4512 2200 4560 et

2314 4502 2382 4554 Ἀ
2431 4502 2823 4573 ἠναγκάσμεθα
2902 4504 3250 4558 ἀποτιννύναι
3338 4486 3670 4572 ἐπιφερόμενα
3707 4486 3777 4542 115‘

631 4595 845 4650 sublata
905 4609 938 4651 e
990 4593 1203 4661 medio,
1267 4594 1588 4650 remissione
1649 4604 1996 4665 peccatorum
2066 4609 2199 4651 con-

2306 4594 2483 4667 ήμῶν,
2528 4595 2837 4667 ὲξήλειπται
2876 4595 3047 4650 ταῦτα
3096 4597 3191 4651 καὶ
3233 4592 3398 4670 ἦρται
3446 4598 3509 4649 ἐκ
3547 4591 3626 4647 τοῦ
3660 4583 3774 4656 μέωυ,

634 4702 810 4745 cessa.
2311 4689 2557 4758 ἀφέσεως
2583 4689 2863 4762 ἁμαρτιῶν
2894 4688 3138 4759 δοθείσης
3159 4726 3175 4743 .

708 4779 979 4849 Ejusdem.
1004 4776 1285 4833 Neminem
1317 4776 1542 4831 invitum
1577 4776 1719 4848 rapit
1744 4776 1908 4833 Deus.
1957 4778 2014 4832 Si
2058 4779 2202 4833 enim

2391 4781 2499 4834 Τοῦ
2526 4778 2729 4834 αὑτοῦ.
2756 4780 2955 4834 Οὐδένα
2981 4781 3090 4833 τῶν
3122 4780 3420 4853 ἀνθρώπων
3453 4779 3522 4853 (6)
3553 4778 3706 4832 ἄκοντα
3722 4771 3776 4837 ἁρ-

634 4875 874 4938 raperet,
906 4882 1011 4922 non
1061 4867 1267 4921 diceret
1297 4882 1311 4920 :
1347 4883 1366 4917 ι
1401 4865 1593 4922 Venite
1651 4866 1717 4919 ad
1769 4882 2074 4937 me,onmes
2111 4869 2202 4940 qui

2313 4870 2475 4936 πάξει
2501 4874 2529 4926 ὁ
2558 4871 2690 4936 Θεός
2709 4888 2725 4901 ο
2752 4873 2800 4925 εἰ
2833 4872 2938 4944 γὰρ
2962 4872 3225 4944 ἥρπαζεν,
3248 4873 3345 4926 οὐκ
3366 4872 3431 4927 ἂν
3452 4870 3590 4939 ἔλεγε
3606 4885 3618 4897 ⁸
3648 4860 3774 4917 ίΔεῦτε

635 4959 896 5014 laboratis
926 4968 982 5013 et
1012 4960 1220 5013 onerati
1260 4960 1395 5015 estis
1423 4998 1438 5025 ,
1467 4968 1524 5014 et
1550 4974 1654 5027 ego
1689 4959 1927 5015 reﬁciam
1956 4976 2052 5017 vos
2081 4961 2145 5016 ".
2176 4981 2196 5015 ι

2313 4965 2450 5036 πρὸς
2501 4964 2810 5036 μὲ,πάντες
2851 4965 2902 5016 0i.
2949 4964 3245 5029 κοπιῶντες
3294 4966 3389 5019 καὶ
3437 4957 3772 5033 πεφορτισμένοι·

634 5047 703 5104 Ει
737 5063 752 5102 :
787 5064 808 5099 ι
836 5047 896 5103 Si
943 5046 1243 5112 volueritis,
1283 5057 1338 5102 et
1375 5048 1662 5104 audieritis
1695 5064 1812 5114 uno,
1865 5051 2003 5107 bona
2041 5062 2202 5110 teme

2307 5056 2463 5128 κάγὼ
2505 5054 2806 5113 ἀναπαύσω
2840 5056 3012 5127 ὑμᾶς·
3051 5075 3071 5109 ι
3122 5055 3245 5110 καί·
3286 5075 3304 5108 ι
3358 5056 3481 5110 Ἐὰν
3516 5053 3698 5122 θέλητε,
3722 5038 3776 5095 καὶ

707 5162 755 5197 ³⁸
783 5162 884 5218 lsa.
913 5179 965 5230 ν,
1000 5163 1054 5218 6.
1131 5163 1176 5195 ¹⁵
1206 5162 1394 5221 Amos.
1422 5180 1542 5232 vm,
1570 5166 1657 5220 11.
1732 5166 1778 5198 ⁸⁸
1813 5165 2001 5221 Μειιιῑισ
2033 5186 2112 5235 ιι.
2143 5172 2234 5228 ²8ο

711 5255 826 5393 (98)
848 5254 1119 5324 Νεφέλας
1153 5257 1336 5326 λέγει,
1368 5265 1472 5310 etc.
1505 5254 1875 5313 Coislinianus
1905 5259 2131 5327 primus.

714 5326 804 5393 (99
861 5325 1074 5379 ’Ύδατα
1099 5325 1281 5393 λέγει,
1311 5336 1418 5380 etc.
1466 5327 1649 5382 Codex
1690 5328 2057 5384 Coislinianus
2095 5332 2209 5393 pri-

2387 5263 2464 5336 (4)
2521 5263 2848 5327 Ἐντεῦθεν,
2901 5262 3082 5332 οἶμαι.
3129 5273 3236 5318 etc.
3289 5259 3467 5317 Codex
3508 5251 3776 5316 Coislinianns

2208 5366 2209 5371 π
2317 5337 2525 5393 erimus
2556 5345 2611 5389 et
2641 5335 2855 5391 scheda:
2881 5331 3088 5387 Grabii.

714 5325 826 5399 (99)
861 5325 1074 5407 ’Ύδατα
1099 5325 1418 5407 λέγεθ’-σιω
1466 5327 1649 5382 Codex
1690 5325 2057 5384 Coislinianus
2094 5332 2209 5402 pri-
2315 5325 2525 5407 priuius
2556 5345 2611 5389 et
2641 5325 2855 5391 schedae
2881 5325 3088 5387 Gr'abii.

641 5396 783 5459 mus,
808 5407 861 5450 et
884 5398 1097 5451 scliedte
1127 5396 1332 5451 Gra’bii.
2094 5396 2111 5402 ’

719 5464 795 5536 (1)
834 5464 1023 5519 Οὐδὲν
1046 5464 1337 5530 τοιοῦτον,
1371 5474 1480 5521 etc.
1509 5465 1675 5521 Iidem
1704 5468 1824 5523 cod.
1861 5484 1991 5525 mss.

2315 5396 2596 5536 ξι,έῇᾗῇ
2619 5424 2718 5480 καὶ
2760 5422 3089 5492 ἀπέδωκεν,
3133 5432 3244 5480 etc.
3286 5420 3467 5480 Codex
3507 5413 3776 5478 animum

719 5499 794 5536 υ]
834 5499 1009 5519 υυυον
1050 5499 1337 5543 ξυιυυιυνι
1371 5499 1480 5521 σιω
1511 5499 1675 5550 ηυξ-ε·
1704 5499 1824 5550 ξυυο
1862 5499 1991 5525 ἠδ’·
2319 5499 2618 5552 secundus.

714 5535 791 5604 (2)
815 5538 884 5589 El
910 5536 980 5605 ἐν
1006 5552 1103 5600 τῳ,
1132 5547 1237 5591 etc.
1274 5537 1452 5592 Codex
1501 5538 1867 5596 Conslintanus
1907 5541 2202 5599 secundus.
2388 5587 2458 5605 η..
2591 5585 2724 5605 ιη.--
2750 5583 2861 5605 ,πη
2886 5582 3055 5605 λ--η--¹

716 5584 1867 5683 is;rosessagat'sa'maxim“

1973 5584 2202 5599 εσυ-νη·
2384 5587 2462 5660 (6)
2497 5585 2724 5644 οὐδένα
2744 5584 2862 5642 τῶν
2875 5584 3218 5657 ἀνθρώπων,
3242 5595 3349 5644 etc.
3384 5584 3541 5642 Idem.
