3970 6160
285 113 455 170 1515
1252 115 1562 176 SELECTA
1600 119 1669 175 IN
1706 118 1853 177 PSA]

2011 122 2042 179 ἰ.
2081 154 2163 167 -ι
2184 122 2388 182 PSAL.
2417 123 2653 183 LXVIII.
3436 131 3579 190 13H

280 233 705 306 εἰσακούσησθέ
734 251 857 306 μου,
888 233 951 289 ιὰ
973 235 1153 305 ἀγαθὰ
1176 236 1273 309 τῆς
1299 240 1405 310 γῆς
1432 240 1694 307 φάγεσθε.
1717 261 1736 296 ι
1774 243 1848 313 Ἦι

2006 244 2295 301 comedetis
2322 245 2388 302 ⁸⁷.
2420 264 2442 300 ι
2480 245 2689 317 Raptus
2711 258 2797 304 est
2820 246 3023 304 Paulus
3047 263 3221 323 usque
3239 251 3307 307 ad
3355 253 3574 309 tertium

281 327 463 396 πάγη
499 325 556 379 δὲ
606 328 636 380 ό
667 325 878 390 Παῦλος
920 327 1024 391 ἕως
1054 329 1239 399 τρίτου
1272 330 1504 404 οὐρανοῦ
1530 373 1546 398 ,
1577 332 1677 405 ἤδη
1702 335 1849 388 ἑαυτί

1753 335 1896 389 ιυτὺν
1998 332 2217 403 malum,
2251 349 2374 391 cum
2396 334 2509 406 jam
2543 352 2604 395 se
2632 337 2745 394 Deo
2782 345 2951 397 totum
2993 342 3321 398 tradidisset.

281 417 650 483 ἐπιδεδωκὼς
681 417 760 488 τῷ
786 418 925 489 Θεῷ.

382 512 452 565 '0
481 509 647 577 Θεὸς,
680 511 763 565 σὺ
794 513 982 584 ἔγνως
1015 513 1130 584 τὴν
1159 515 1516 584 ἀφροσύνην
1546 534 1682 582 μου,
1711 518 1811 573 καί
1835 522 1896 573 al

2070 517 2235 573 Vens.
2277 517 2332 572 6.
2376 515 2562 585 Deus,
2606 528 2664 574 tu
2699 522 2806 575 scis
2853 520 3209 589 insipientiam
3260 539 3426 579 meant
3453 565 3469 590 ,
3520 532 3571 581 el

280 600 704 672 π.2ημμέλειαί
724 619 843 672 μου
871 602 990 657 ἀπὸ
1021 603 1139 658 σοῦ
1168 605 1279 658 οὐκ
1305 604 1668 672 ἑκρύόησαν,
1696 623 1750 659 κ.
1773 611 1848 659 1:.t‘

2001 609 2182 663 delicta
2238 625 2354 664 mea
2405 627 2439 664 α
2487 620 2537 665 te
2582 629 2687 666 non
2740 623 2862 667 sunt
2911 615 3239 680 abscondita,
3299 625 3407 673 etc.
3453 616 3569 674 Non

280 693 374 745 Οὐ
407 693 627 746 πάντων
654 692 731 764 (7)
760 693 861 765 τὴν
899 692 1213 764 ἀφροσύνην
1263 692 1521 762 γινώσκει
1566 693 1720 759 Θεὸς,
1757 695 1848 748 ἀλλ

1998 702 2231 756 omnium
2264 702 2627 772 insipientiam
2659 707 2937 776 cognoscit
2975 708 3136 771 Dens,
3185 709 3280 764 sed
3322 710 3442 780 ejus
3472 713 3566 784 qui

279 782 394 838 τοῦ
431 784 723 855 γενομένου
749 786 981 856 ἄφρονος
1005 784 1092 839 διὰ
1120 785 1249 850 τοὺς
1272 785 1535 858 ἄφρονας,
1557 786 1652 839 καὶ
1677 786 1768 840 τοῦ
1797 804 1847 858 γε

1997 790 2253 862 insipiens
2278 792 2455 848 luctus
2475 806 2559 849 est
2606 807 2827 865 propter
2868 799 3204 868 insipientes,
3247 811 3304 859 et
3330 802 3444 872 ejus
3473 782 3565 877 qui

281 876 532 946 νομένου
562 877 765 948 ἀνόμου
790 877 878 930 διὰ
903 878 1029 943 τοὺς
1057 877 1313 949 ἀνόμους,
1344 878 1439 933 καὶ
1462 877 1557 932 τοῦ
1595 880 1849 952 γενομένο

1997 885 2145 941 exlex
2184 885 2358 941 factus
2402 897 2485 943 est
2517 901 2737 958 propter
2771 892 3008 959 exleges,
3039 903 3093 948 et
3126 893 3242 962 ejus
3278 900 3370 967 qui
3409 876 3565 955 inlir—

279 967 563 1033 ἀσθενοῦς
587 969 674 1024 διὰ
698 970 823 1035 τοὺς
854 969 1119 1034 ἀσθενεῖς.

1989 990 2111 1029 mus
2147 975 2322 1031 factus
2344 987 2427 1032 est
2449 988 2672 1046 propter
2707 978 2971 1034 inﬁmos.

381 1059 499 1115 Τοῦ
531 1059 740 1115 αὐτοῦ.
794 1061 1011 1132 Ἐπειδὴ
1054 1061 1496 1134 ψευδομάρτυρες
1535 1061 1609 1133 (8)
1651 1062 1886 1135 ἔστησαν

2058 1067 2337 1136 Ejusdem.
2382 1068 2646 1136 Quoniam
2679 1068 2801 1125 falsi
2855 1079 3020 1126 testes
3070 1083 3340 1129 steterunt
3368 1086 3562 1132 contra

278 1155 415 1206 κατ’
448 1152 603 1224 ἐμοῦ,
626 1153 690 1207 σὺ
714 1148 881 1217 οἶδας,
913 1154 941 1206 ό
971 1154 1125 1219 Θεὸς,
1150 1154 1203 1207 εἴ
1220 1155 1342 1209 τινά
1365 1171 1454 1225 μοι
1482 1156 1846 1229 πεπλημμέλη

1990 1174 2098 1226 me,
2134 1170 2190 1214 tu
2235 1161 2400 1226 nosti,
2444 1161 2607 1228 Deus,
2646 1178 2714 1216 an
2764 1161 2961 1218 delicta
3007 1179 3127 1219 mea
3173 1165 3353 1236 aliqua
3398 1169 3558 1225 sint:

275 1262 382 1298 ται
408 1261 423 1275 ·
456 1245 517 1298 οὐ
556 1244 665 1316 γὰρ
711 1245 777 1301 ἂν
816 1245 1129 1318 ὲκρύὸησάν
1163 1263 1264 1299 σοι.
1296 1247 1409 1300 Καὶ
1449 1247 1625 1312 ἄλλως
1667 1247 1843 1303 δέ’Ὄε

1991 1264 2159 1319 neque
2185 1251 2330 1307 enim
2379 1253 2474 1307 tibi
2519 1253 2840 1309 abscondita
2875 1264 3020 1311 sunt.
3080 1256 3147 1312 Et
3196 1258 3559 1326 aliteeruo-

271 1336 388 1400 τὰς
422 1337 694 1408 ἡμετέρας
724 1335 1011 1402 ἀνεδέξατο
1038 1335 1338 1409 ἁμαρτίας,
1365 1336 1460 1390 καὶ
1493 1337 1717 1406 γέγονεν
1742 1339 1839 1392 ὑπὲ

1991 1342 2130 1395 niam
2166 1353 2388 1412 peccata
2435 1355 2617 1399 nostra
2669 1345 2784 1413 ipse
2835 1348 3097 1416 suscepit,
3153 1358 3210 1404 et
3250 1348 3423 1407 factus
3478 1363 3559 1407 est

270 1426 448 1500 ἡμῶν
476 1427 691 1499 κατάρα
710 1467 724 1491 ,
752 1429 849 1481 καὶ
879 1427 1078 1491 ταύτας
1101 1465 1115 1487 ,
1149 1428 1316 1499 φησὶ,
1343 1426 1442 1492 τὰς
1476 1428 1838 1500 πλημμελείας

1987 1447 2079 1501 pro
2105 1434 2265 1488 nobis
2288 1434 2658 1498 maledictum,
2710 1439 2875 1491 etiam
2928 1438 3067 1503 harc,
3117 1439 3312 1510 inquit,
3358 1442 3555 1499 delicta

270 1521 347 1585 ἃς
374 1521 519 1591 ὑπὲρ
543 1519 847 1593 ἀνθρώπων
874 1519 1231 1591 ἀνεδεξάμην,
1264 1520 1328 1574 σὺ
1362 1519 1558 1588 ἔγνως.

1544 1562 1558 1576 .
1980 1536 2101 1591 quae
2127 1538 2226 1593 pro
2254 1524 2569 1579 hominibus
2595 1527 2833 1594 suscepi,
2864 1536 2917 1580 tn
2947 1529 3112 1582 nosti.

353 1614 488 1667 ’Ὅτι
530 1616 564 1667 ὀ
607 1612 787 1681 ζῆλος
819 1613 924 1667 τοῦ
954 1613 1124 1667 οικου
1153 1626 1270 1666 σου
1304 1612 1599 1683 κατέφαγέ
1623 1632 1722 1685 με,
1771 1614 1871 1668 καί
1904 1612 1921 1666 1

2045 1614 2208 1669 Vens.
2272 1614 2360 1671 10.
2403 1613 2670 1681 Quoniam
2720 1618 2866 1672 zelus
2925 1621 3115 1675 domus
3170 1631 3279 1677 tute
3325 1625 3553 1680 comedit

268 1707 331 1758 οἱ
367 1705 699 1774 ὀνειδισμοὶ
749 1705 868 1759 τῶν
900 1702 1305 1767 ὀνειδιζόντων
1334 1720 1409 1759 σε
1432 1706 1738 1762 ἐπέπεσον
1776 1708 1836 1761 ἐπ

1986 1722 2078 1770 me,
2098 1717 2144 1759 et
2178 1706 2458 1777 opprobria
2485 1708 2919 1776 exprobrantium
2947 1713 3042 1766 tibi
3065 1713 3366 1770 ceciderunt
3393 1732 3554 1786 super

266 1796 406 1866 ἐμὲ,
435 1816 491 1852 κ.
518 1816 569 1851 τ.
597 1798 644 1850 ἐ.
675 1792 842 1863 Οὗτος
870 1799 899 1851 ὁ
929 1797 1112 1868 στίχος
1142 1798 1216 1871 (9)
1249 1796 1484 1853 τέθειται
1514 1801 1573 1853 ὲν
1614 1803 1726 1864 τοῖς
1767 1802 1834 1855 Εἰ

1984 1813 2072 1861 me,
2105 1809 2212 1854 etc.
2249 1798 2350 1853 llic
2367 1815 2560 1854 versus
2589 1801 2796 1871 positus
2818 1812 2904 1856 est
2938 1804 2990 1858 in
3024 1804 3338 1877 Evangeliis
3370 1808 3434 1871 ι’.
3461 1811 3552 1866 ubi

266 1892 555 1964 αγγελίοις
582 1894 677 1948 ἐπὶ
717 1897 830 1958 τοῖς
861 1893 1204 1965 ἐκδληθείσιν
1233 1897 1298 1948 ὲκ
1316 1893 1411 1949 τοῦ
1446 1895 1591 1968 ἱεροῦ
1619 1895 1834 1951 κολλυϐι

1982 1903 2153 1944 sermo
2187 1901 2271 1945 est
2302 1891 2369 1945 de
2413 1890 2602 1960 ejectis
2634 1906 2665 1947 e
2703 1894 2905 1964 templo
2948 1898 3230 1966 trapezitis
3283 1910 3338 1954 et
3391 1917 3550 1956 num-

269 1991 434 2053 σταῖς
454 1989 548 2043 καὶ
568 1987 942 2059 τραπεζίταις.
971 1989 1067 2052 Τὸ,
1099 2008 1118 2040 t
1153 1988 1447 2060 Κατέφαγέ
1477 2006 1545 2062 με
1563 2030 1579 2055 ,
1621 2010 1640 2042 ι
1668 1990 1698 2042 ὁ
1720 1990 1837 2061 Σύμ

1979 1982 2237 2040 mulariis.
2275 1982 2433 2051 Illud,
2468 2003 2486 2036 t
2514 1986 2750 2041 comedit
2781 2002 2887 2054 me,
2912 2005 2934 2040 ι
2977 1988 3338 2061 Symmachus
3362 1996 3547 2063 vertit,

271 2097 474 2152 μαχος,
519 2099 538 2132 ι
571 2078 975 2143 κατανάλωσεν,
1010 2098 1029 2131 ι
1063 2078 1345 2147 ἐξέδωκεν.

968 2120 975 2142 ,
1010 2098 1029 2131 ι
1063 2078 1345 2147 ἐξέδωκεν.
1976 2092 1995 2126 ι
2020 2076 2355 2145 consumpsit
2379 2091 2486 2131 me.
2516 2095 2536 2129 ι

347 2173 462 2228 Τοῦ
488 2174 695 2228 αὐτοῦ.
727 2173 888 2228 Εἴποι
919 2173 965 2229 δ’
998 2172 1064 2228 ἂν
1090 2173 1267 2229 ταῦτα
1296 2173 1410 2245 (10)
1443 2174 1539 2228 καὶ
1579 2174 1690 2237 πᾶς
1724 2172 1865 2245 ὑπὲρ

2043 2164 2317 2235 Ejusdem.
2357 2165 2549 2223 Omnis
2583 2167 2748 2222 etiam
2773 2170 2864 2237 qui
2891 2185 2990 2240 pro
3031 2172 3328 2231 Conditore
3371 2177 3548 2249 loqui-

263 2265 366 2319 τοῦ
392 2266 740 2338 Δημιουργοῦ
775 2264 949 2335 λέγων
982 2264 1120 2338 πρὸς
1161 2265 1290 2328 τοὺς
1319 2264 1763 2337 προσκόπτοντας
1795 2282 1831 2317 τ

1980 2264 2053 2311 :ur
2078 2257 2194 2313 haec
2225 2257 2407 2314 dicere
2441 2258 2615 2327 possit
2640 2259 2706 2313 ad
2737 2259 3102 2318 heterodoxos
3128 2266 3219 2334 qui
3248 2265 3548 2325 Providen—

264 2358 540 2431 Προνοίᾳ,
582 2358 615 2429 ll
663 2356 801 2430 πρὸς
831 2359 958 2423 τοὺς
1005 2355 1441 2425 κακολογοῦντας
1469 2356 1561 2411 τὸν
1599 2357 1832 2410 κτίσαντι

1976 2348 2058 2404 [ξω
2084 2347 2397 2414 detrahunt,
2454 2350 2542 2405 vel
2590 2351 2657 2406 ad
2700 2367 2798 2407 eos
2839 2351 2933 2421 qui
2979 2353 3121 2409 male
3175 2356 3242 2412 de
3290 2358 3544 2418 Creatore

265 2448 633 2523 ὲτεροδόξους.
663 2451 776 2505 Καὶ
806 2449 1039 2522 μάλιστα
1068 2450 1209 2523 ὑπὲρ
1236 2447 1332 2503 τοῦ
1367 2448 1502 2503 Θεοῦ
1526 2447 1833 2521 ὀνειδιζόμε

1972 2437 2276 2508 loquuntur.
2300 2441 2368 2494 Et
2399 2440 2639 2497 maxime
2668 2455 2790 2496 cum
2825 2456 2925 2511 pro
2947 2441 3058 2498 Deo
3085 2448 3394 2516 opprobriis
3420 2451 3540 2507 alli-

264 2559 359 2607 νος
382 2541 529 2611 λέγοι
552 2541 617 2596 ἄν
636 2558 649 2571 ο
692 2559 711 2590 ι
747 2543 809 2594 Ol
843 2540 1161 2612 ὀνειδισμοὶ,
1197 2561 1216 2593 ι
1245 2541 1341 2595 καὶ
1371 2540 1441 2594 τὰ
1466 2539 1612 2611 ἑξῆς.
1960 2527 2124 2595 citur,
2149 2528 2330 2590 th'cel‘e
2354 2531 2525 2598 possit
2555 2549 2568 2584 :
2601 2550 2619 2583 ι
2640 2529 2965 2603 Opprobria,
2996 2553 3016 2587 ι
3050 2546 3159 2591 etc.

335 2633 449 2686 Kal
488 2630 891 2699 συνεκάλυψα
920 2630 991 2685 ἐν
1026 2632 1278 2699 νηστείᾳ
1307 2631 1425 2702 τὴν
1460 2631 1674 2702 ψυχήν
1712 2649 1852 2703 μου,

2031 2621 2196 2677 Vens.
2240 2623 2329 2677 11.
2375 2623 2443 2678 Et
2475 2625 2657 2693 aperui
2676 2625 2731 2678 in
2749 2625 2961 2696 jejunio
2987 2626 3223 2683 animum
3256 2646 3446 2700 meum,
3487 2646 3539 2691 et

267 2723 369 2778 καὶ
415 2722 668 2793 ἐγενήθη
713 2724 799 2788 εὶς
832 2719 1211 2791 ὀνειδισμοὺς
1246 2722 1411 2793 ἐμοὶ,
1440 2740 1493 2778 κ.
1522 2741 1573 2779 τ.
1604 2725 1651 2777 ἑ.
1685 2722 1835 2777 Τοῦτι

1968 2710 2157 2769 iactum
2200 2727 2276 2768 est
2302 2716 2357 2768 in
2386 2716 2724 2784 opprobrium
2753 2717 2907 2784 mihi,
2938 2727 3048 2774 etc.
3082 2718 3257 2788 Hujus
3285 2723 3384 2780 loci
3418 2742 3536 2782 me-

265 2817 315 2869 οἱ
344 2814 583 2887 μαθηταὶ
606 2813 715 2886 (11)
745 2812 1114 2885 ἐμνήσθησαν,
1132 2813 1207 2879 ὡς
1237 2817 1295 2869 ὲν
1323 2814 1402 2886 τῷ
1425 2814 1567 2870 κατά
1602 2816 1833 2885 Ἰωάννηι

1966 2804 2232 2861 minerunt
2290 2808 2558 2878 discipuli,
2613 2811 3070 2878 quemadmodum
3131 2813 3185 2867 in
3243 2815 3534 2888 Evangelia

262 2908 573 2980 γέγραπται
593 2924 607 2937 ·
651 2926 669 2959 t
706 2906 817 2961 Καὶ
841 2905 1186 2978 συνεκάλυψα
1218 2910 1278 2962 ὲν
1301 2907 1524 2979 νηστείᾳ
1546 2908 1644 2980 τὴν
1671 2907 1830 2978 ψυχή’

1967 2897 2251 2952 secundum
2282 2896 2548 2957 JOannem
2603 2901 2866 2970 scriptum
2906 2912 3033 2957 est:
3070 2921 3090 2955 ι
3123 2902 3185 2958 Et
3241 2910 3433 2977 operui
3480 2912 3535 2967 in

271 2958 813 3070 ξιξξζῖιοέῖέγενῆὄέ,
841 2958 922 3062 et;
947 2958 1289 3069 salsis;
1312 2958 1612 3071 ’έξῷοὶζῖςᾼιῖ
1627 2958 1634 2961 ⁷
1647 2958 1839 3069 εἰ)έᾷτῆ

1961 2987 2152 3059 iejunio
2181 2991 2420 3047 animam
2447 3004 2721 3061 meam,et
2748 2996 2953 3053 factum
2983 3007 3071 3054 est
3102 2999 3154 3053 in
3181 3001 3529 3071 opprobrium

265 3093 328 3146 τὸ
360 3090 564 3162 ἔνδυμά
593 3108 693 3163 μου
730 3090 955 3155 σάκκον,
996 3089 1090 3151 καὶ
1118 3091 1385 3163 ἐγενόμην
1426 3092 1610 3156 αὐτοῖς
1637 3091 1718 3152 είς
1744 3107 1833 3145 πα·

1966 3084 2107 3151 mihi,
2126 3092 2181 3139 et
2209 3085 2361 3153 posui
2387 3086 2771 3143 vestimentum
2790 3104 2968 3147 meum
2997 3090 3260 3160 cilicium,
3285 3093 3534 3153 etractus

267 3185 519 3259 ραϐολήν.
554 3206 572 3239 ι

1951 3192 2070 3232 sum
2101 3176 2204 3232 illis
2233 3178 2287 3232 in
2319 3177 2656 3247 parabolam.
2680 3198 2698 3232 ι

337 3279 446 3334 Τοῦ
476 3277 681 3334 αὐτοῦ.
713 3277 996 3349 Κάλυμμα
1036 3277 1138 3348 τῆς
1178 3276 1357 3349 ψυχῆς
1386 3276 1498 3349 (12)
1544 3278 1576 3349 ἡ
1623 3275 1846 3345 νηστεία

2020 3268 2297 3338 Ejusdem.
2327 3268 2733 3341 Operimenlum
2764 3274 2960 3330 anima:
2983 3273 3246 3347 jejunium
3282 3287 3366 3334 est
3388 3280 3529 3350 quod

262 3366 574 3439 κρύπτουσα
600 3367 669 3421 τὰ
701 3366 849 3438 πάθη
879 3365 1054 3437 αὐτῆς
1075 3409 1090 3432 ,
1119 3367 1397 3420 τουτέστιν
1424 3365 1719 3437 ἐπιθυμίαν
1761 3367 1830 3420 αί-

1959 3358 2067 3430 ejus
2112 3361 2353 3418 occultat
2408 3362 2680 3429 allectus,
2737 3365 2843 3421 hoc
2897 3375 2981 3423 est
3034 3370 3527 3440 concupiscentiam

263 3458 429 3531 σχρὰν
453 3502 469 3527 ,
501 3460 595 3514 κα)⁵
633 3459 804 3531 θυμὸν
851 3457 1064 3526 ἄλογον.
1111 3460 1168 3512 '0
1208 3459 1388 3512 τοίνυν
1443 3458 1519 3530 μὴ
1568 3457 1831 3529 νηστεύωι

1960 3462 2184 3522 turpem,
2234 3463 2291 3508 et
2341 3453 2581 3510 furorem
2632 3456 2860 3513 rationis
2893 3469 3195 3528 expertem.
3245 3460 3345 3527 Qui
3396 3475 3528 3535 ergo

261 3551 603 3623 γεγύμνωται
630 3553 978 3624 ἀσχημονῶν.

1946 3546 2299 3618 nonjejunat,
2338 3548 2593 3604 indecore
2624 3550 2857 3605 nudatus
2892 3560 2995 3606 est.

331 3645 440 3699 Τοῦ
464 3646 670 3700 αὐτοῦ.
708 3646 897 3709 Οὐδὲν,
933 3646 1090 3718 φησὶ,
1121 3644 1274 3713 ξένον
1309 3642 1421 3715 (15)
1452 3644 1695 3714 γέγονεν,
1724 3645 1838 3699 ἀλλ’

2013 3636 2290 3709 Ejusdem.
2322 3638 2488 3704 Nihil,
2518 3640 2724 3710 inquit,
2761 3642 2886 3696 novi
2925 3643 3159 3710 accidit,
3207 3646 3301 3700 sed
3336 3648 3430 3717 qui
3467 3648 3518 3703 in

260 3739 307 3792 oi
338 3742 391 3795 ὲν
419 3743 483 3813 τῇ
509 3740 724 3811 Παλαιᾷ
753 3739 1112 3803 ὀνειδίσαντες
1140 3737 1235 3792 καὶ
1268 3737 1591 3810 ὑϐρίσαντές
1625 3753 1704 3804 σε,
1737 3736 1828 3791 Θεέ

1956 3730 2125 3787 Veteri
2176 3732 2529 3789 Testamento
2569 3734 2881 3803 opprobriis
2934 3744 3006 3800 te,
3046 3734 3189 3792 Deus
3229 3736 3416 3805 Pater,
3468 3750 3524 3796 et

261 3831 454 3905 Πάτερ,
484 3827 631 3888 οὗτοι
655 3832 747 3887 καὶ
773 3830 917 3887 κατὰ
943 3830 1038 3885 τοῦ
1067 3830 1199 3884 Υίοῦ
1227 3847 1322 3883 σου
1346 3827 1480 3901 ἐμοῦ
1508 3825 1692 3901 ἦλθον.

1951 3823 2286 3880 contumeliis
2315 3823 2641 3885 adiciebant.
2659 3824 2821 3880 iidem
2848 3834 2905 3879 et
2933 3834 3122 3882 contra
3145 3827 3342 3885 Filium
3371 3843 3519 3886 tuum

1941 3932 2029 3971 me
2052 3926 2336 3971 venerunt.

326 4014 427 4069 Kal
449 4016 539 4081 εις
556 4015 663 4085 ἐμὲ
675 4017 955 4085 ἔψαλλον
968 4018 1022 4071 οἱ
1041 4015 1321 4080 πίνοντες
1340 4013 1447 4067 τὸν
1461 4009 1649 4077 οἶνον,
1668 4014 1831 4068 κ.τ.έ.

2014 4010 2178 4065 Vsus.
2219 4009 2307 4065 15.
2335 4008 2400 4062 Ει
2424 4010 2481 4063 in
2503 4024 2585 4064 me
2606 4007 2899 4078 psallebant
2930 4013 3021 4082 qui
3051 4011 3290 4068 bibebant
3314 4017 3514 4084 vinum,

263 4099 419 4172 οὗτος
447 4109 477 4161 ό
504 4104 646 4172 οἶνος
671 4108 780 4177 (14)
810 4108 982 4180 θυμός
1009 4107 1125 4161 ἐστι
1147 4106 1256 4161 τῶν
1284 4106 1615 4177 δρακόντων.

1390 4106 1615 4162 κόντων.
1937 4111 2043 4157 etc.
2072 4101 2185 4157 Hoc
2214 4102 2399 4155 vinum
2424 4101 2497 4157 l‘el
2523 4111 2608 4156 est
2637 4102 2955 4157 draconum.

327 4200 528 4254 Σῶσόν
539 4218 615 4271 με
639 4200 757 4255 ἀπὸ
775 4200 996 4269 πηλοῦ,
1019 4200 1121 4254 ἵνα
1132 4199 1220 4270 μὴ
1237 4198 1479 4270 ἐμπαγῶ
1499 4216 1513 4230 -
1537 4200 1836 4269 ρυσθείην

2008 4194 2172 4250 Vens.
2217 4193 2304 4249 15.
2332 4192 2495 4265 757
2523 4192 2685 4262 Eripe
2708 4209 2789 4248 me
2810 4197 2876 4248 de
2910 4193 3023 4248 luto
3055 4205 3112 4249 ut
3149 4212 3253 4252 non
3277 4198 3476 4270 inﬁgar
3494 4214 3517 4257 :

262 4292 324 4346 ἐκ
366 4291 481 4347 τῶν
504 4294 848 4363 μισούντων
872 4309 972 4362 με,
1015 4291 1115 4345 καὶ
1161 4292 1232 4345 ἐκ
1277 4291 1385 4345 τοῦ
1429 4289 1663 4358 βάθους
1709 4291 1829 4346 τῶν

1942 4287 2096 4341 libera
2120 4302 2200 4341 me
2232 4286 2297 4340 ab
2336 4286 2402 4340 iis
2438 4286 2528 4356 qui
2549 4284 2772 4339 oderunt
2803 4302 2883 4340 me
2904 4294 2953 4341 et
2976 4287 3043 4342 de
3057 4288 3321 4357 profundo
3341 4308 3510 4362 aqua-

262 4384 499 4446 ὑδάτων,
525 4401 579 4438 κ.
609 4402 660 4437 τ.
685 4385 733 4438 ὲ.
764 4385 974 4449 Σκοπὸς
1001 4385 1100 4457 οὐχ
1146 4385 1177 4438 ό
1218 4381 1395 4454 τυγὼν
1440 4382 1550 4455 (15)
1598 4383 1828 4454 ἀλληγο-

1944 4395 2074 4442 rum,
2115 4388 2221 4433 etc.
2258 4375 2546 4448 Allegoriis
2589 4391 2862 4446 exponere
2901 4393 3024 4448 quae
3065 4379 3342 4438 Salvatori
3388 4397 3512 4438 eve-

264 4478 413 4552 ρῆσαι
438 4478 506 4533 τὰ
537 4478 899 4551 γεγραμμένα
927 4477 1020 4533 ἐπὶ
1042 4477 1137 4532 τοῦ
1173 4477 1425 4548 Σωτῆρος
1472 4475 1629 4548 ἡμῶν
1665 4492 1827 4547 γεγο-

1942 4476 2153 4533 nerunt,
2202 4482 2306 4522 non
2356 4467 2581 4539 vulgare
2640 4476 2723 4523 est
2778 4470 3093 4526 consilium.
3133 4470 3271 4526 Puto
3328 4485 3510 4529 autem

260 4570 392 4624 νότα.
416 4566 582 4641 Οἶμαι
613 4569 672 4624 δὲ
718 4568 891 4623 ταῦτα
929 4570 1105 4624 πάντα
1145 4569 1238 4622 ἐπὶ
1263 4571 1330 4641 τῇ
1369 4569 1427 4623 ὲν
1460 4567 1588 4640 ᾅδου
1627 4567 1827 4640 πορείᾳ

1936 4563 2052 4618 haec
2079 4560 2261 4617 omnia
2295 4561 2467 4632 accipi
2505 4562 2572 4619 de
2631 4564 2896 4620 descensu
2942 4563 3062 4634 ejus
3109 4565 3165 4621 in
3210 4564 3504 4624 infantum.

362 4658 629 4713 δάνεσθαι.

254 4658 629 4731 λαμϐάνεσθαι.

326 4753 427 4809 Τοῦ
468 4751 673 4809 αὐτοῦ.
721 4751 893 4816 Βάθος
921 4750 1128 4806 ὑδάτων
1160 4747 1272 4823 (16)
1303 4749 1451 4805 ἐστὶν
1477 4752 1558 4815 είς
1584 4747 1616 4803 δ
1649 4749 1822 4819 γίνον-

2002 4743 2278 4816 Ejusdem.
2314 4746 2649 4804 Profundum
2675 4763 2942 4820 aquarum
2976 4748 3107 4807 illud
3138 4759 3247 4818 est,
3283 4752 3339 4809 in
3365 4755 3506 4825 quod

327 4894 364 4925 ¹⁷
387 4891 509 4949 lsai.
543 4909 583 4960 ι,
618 4892 708 4949 19.
785 4892 828 4925 ⁸⁸
850 4890 1010 4948 Joan.
1053 4908 1116 4958 ιι,
1147 4892 1237 4949 17.

327 5034 496 5112 (7)(οῤ
557 5036 821 5112 πάντων,
873 5047 980 5098 etc.
1033 5038 1262 5097 Schedaz
1308 5039 1495 5097 Grabii
1547 5048 1602 5095 et
1645 5038 1819 5095 codex

1996 5035 2110 5112 (12)
2141 5036 2436 5112 Κάὶιυμμα
2463 5034 2576 5106 τῆς
2601 5034 2835 5112 ψυχῆς,
2868 5044 2977 5093 etc.
3029 5036 3256 5096 Schedae
3285 5037 3498 5106 Grabii,

269 5106 614 5162 Coislinianlts
638 5110 868 5175 primus.
1494 5116 1502 5127 '
1924 5115 1979 5166 et
2007 5106 2178 5163 codex
2209 5106 2577 5163 Coislinianus
2609 5106 2898 5163 secundus.

321 5178 384 5249 (8)
426 5178 663 5255 Ἐπειδὴ
690 5178 1199 5255 ψευδομάρτυρες,
1250 5189 1359 5237 etc.
1391 5179 1572 5237 Codex
1625 5178 1820 5237 Coisli-

1993 5178 2107 5251 (l5)
2144 5177 2357 5255 Οὐδὲν,
2386 5178 2561 5248 φησι,
2595 5176 2796 5245 ξένον.
2825 5186 2931 5233 etc.
2977 5177 3164 5235 Codex
3204 5178 3497 5241 Coislinia-

268 5250 433 5303 nianns
462 5253 754 5305 Secundus.
883 5250 887 5252 ν
1073 5250 1082 5255 ⁷
1175 5294 1181 5301 .
1919 5265 2024 5305 nus
2046 5251 2341 5305 secundus.

319 5317 587 5391 (9)οὗτος
623 5324 656 5375 ὀ
695 5322 926 5394 στίχος,
958 5330 1069 5378 etc.
1101 5322 1288 5379 Codex
1313 5321 1682 5383 Coislinianus
1703 5322 1817 5394 pri-

1992 5321 2105 5389 (14)
2140 5314 2389 5394 Οὗτος-νό
2411 5318 2731 5394 opt-09cm.
2769 5318 2951 5375 Codex
2980 5318 3354 5375 Coislinianus
3384 5319 3499 5390 pri--

263 5389 378 5452 mus,
404 5403 458 5444 et
487 5394 699 5446 schedtc
726 5389 939 5449 Grabii.
1705 5389 1720 5394 ’
1920 5407 2062 5451 mus.
2093 5398 2149 5444 et
2185 5391 2400 5446 schetlm
2422 5389 2635 5446 Grabii.

317 5461 610 5586 Hll)lEZ:t0t
649 5461 697 5515 δ’
745 5462 821 5517 ἂν
849 5464 1057 5527 ταῦτα.
1088 5471 1201 5520 etc.
1233 5463 1414 5521 Codex
1445 5463 1812 5521 Cuisliniauus

317 5547 417 5585 {'llllt
441 5548 523 5585 IIS.

1928 5531 1953 5585 Ι.
1991 5461 2104 5543 (15)
2139 5460 2377 5529 Σκοπὸς
2398 5464 2511 5532 οὐχ
2540 5463 2572 5515 ὀ
2594 5460 2812 5533 τυχών,
2840 5470 2947 5518 etc.
2980 5460 3126 5517 Idem
3163 5461 3332 5519 codex
3345 5461 3496 5517 Cois-

1940 5548 2176 5586 tmanus.

265 5544 523 5586 secundus.
1921 5544 2176 5587 Itmauus.

319 5600 411 5672 (11)
450 5604 629 5659 Τοῦτο
663 5607 718 5657 al
759 5604 1041 5673 μαθηταί,
1066 5614 1175 5660 etc.
1214 5608 1361 5668 Idem

544 5699 817 5762 Parnm.
862 5700 977 5762 Gn.
1009 5700 1151 5764 xu.
3126 5693 3206 5755 ⁸8
