3970 6160
539 187 683 248 1515
1938 180 2039 243 ἘΧ
2075 186 2107 244 θ

2138 181 2377 247 RIGENE
3607 207 3706 264 1⁵η

542 312 931 380 demerguntur
971 305 1006 362 ii
1050 305 1141 376 qui
1172 319 1278 361 non
1329 299 1542 362 fortiter
1583 306 1908 362 tentationes
1939 305 2110 376 perfe-

2143 308 2189 363 A
2216 323 2303 360 ται
2331 307 2381 361 oi
2413 307 2487 381 μὴ
2514 313 2775 380 γενναίως
2807 312 2878 369 τὰ
2909 318 3235 391 πειρατήρια
3274 316 3541 392 φέροντες
3568 320 3643 393 ἀφ’
3669 317 3711 380 ὦ

537 412 686 461 runt.
719 402 800 458 Ex
850 401 955 456 hoc
993 397 1140 455 solus
1188 397 1331 453 Deus
1380 398 1544 467 eripit
1590 412 1684 453 eos
1741 397 1830 467 qui
1886 407 2105 467 possunt

2208 395 2339 460 Θεὸς
2379 398 2536 469 μόνος
2576 401 2762 472 ῥύεται
2811 405 2939 469 τοὺς
2983 405 3304 479 δυναμένους
3349 411 3538 465 εἰπεῖν·
3578 432 3596 465 ι
3640 416 3706 470 Ἐκ

540 500 727 555 dicere
755 512 770 550 :
805 512 825 547 ι
856 492 932 548 De
969 489 1252 562 profundis
1283 488 1512 544 clamavi
1546 488 1611 543 ad
1648 498 1721 555 te,
1755 480 2105 544 Domine‘h

2211 486 2423 557 βαθέων
2447 492 2718 565 ἐκέκραξα
2748 498 2884 568 πρὸς
2909 497 2989 564 σὲ,
3019 500 3206 572 Κύριε.
3244 521 3264 554 s
3289 533 3361 543 —
3388 523 3405 556 ι
3433 504 3522 560 Ἐκ
3544 506 3621 561 τοῦ
3639 508 3707 579 βά-

538 593 812 661 Scriptum
852 594 938 642 est
981 595 1183 652 autem,
1239 601 1257 635 ι
1288 583 1352 638 de
1382 581 1652 654 profundo
1694 596 1978 653 aquarum,
2002 601 2022 634 ι
2057 587 2106 635 et

2208 580 2334 646 Θους
2359 583 2470 654 (16)
2494 584 2550 639 δὲ
2572 586 2680 641 τῶν
2707 589 2915 645 ὑδάτων
2939 611 2956 643 ι
2972 592 3261 664 γράφεται,
3290 597 3383 649 καὶ
3410 598 3535 669 οὐχὶ,
3555 601 3707 657 ἐκτῶν

536 702 642 742 non
675 686 739 738 dc
765 679 1050 752 profundis
1079 691 1366 747 aquarum.

1294 691 1366 729 ιη,
2203 673 2428 737 βαθέων
2464 676 2584 731 τῶν
2608 679 2858 736 ὑδάτων.

606 774 772 830 Vnus.
812 770 900 826 16.
946 768 1130 836 Neque
1157 777 1340 838 urgeat
1364 782 1522 835 super
1542 782 1622 820 me
1643 773 1830 834 puteus
1854 780 1909 818 os
1929 778 2107 829 suum,

2284 761 2455 831 Μηδὲ
2496 767 2776 838 συσχέτω
2810 769 2904 822 ἐπ’
2929 769 3076 841 ἐμοῦ
3118 772 3302 841 φρέαρ
3342 772 3409 827 τὸ
3439 775 3606 844 στόμα
3639 777 3713 829 αὐ-

535 877 643 924 etc.
686 865 801 920 Hoc
832 862 954 917 loco
993 866 1243 915 naturam
1272 856 1506 926 aliquam
1540 854 1912 910 rationabilem
1941 853 2103 908 infer-

2213 853 2340 919 τοῦ,
2365 873 2420 910 κ.
2449 875 2498 912 τ.
2530 859 2575 912 ἑ.
2614 858 2880 915 Ἐνταῦθα
2927 862 3089 930 φύσιν
3120 865 3231 933 (17)
3271 865 3389 919 τινὰ
3434 864 3621 938 λογικὴν
3644 887 3713 921 κει-

532 976 660 1017 num
693 956 828 1013 dicit
852 961 1091 1026 puteum,
1136 950 1194 1006 in
1239 963 1399 1020 quem
1437 946 1685 1019 plurima:
1723 946 1919 1002 animm
1958 943 2100 1000 ceci-

2211 950 2493 1022 ταχθόνιον
2535 950 2726 1025 εἴρηκε
2771 954 2949 1028 φρέαρ
2968 998 2984 1023 ,
3026 958 3085 1010 ὲν
3126 951 3170 1026 ᾧ
3215 957 3545 1015 πολλαὶ-τῶν
3576 961 3713 1033 ψυχῶν

531 1055 750 1111 derunt.

2212 1040 2657 1112 ἐμπεπτώκασιν.

600 1144 767 1200 Vens.
809 1138 900 1196 20.
945 1135 1024 1192 Τιι
1064 1134 1203 1191 enim
1244 1133 1348 1189 scis
1393 1130 1767 1202 improperium
1810 1144 2005 1193 meum,
2053 1138 2104 1183 et

2281 1134 2365 1188 Σὺ
2397 1134 2508 1204 γὰρ
2532 1136 2849 1206 γινώσκεις
2874 1138 2982 1194 τὸν
3009 1140 3355 1211 ὀνειδισμόν
3375 1161 3504 1212 μου,
3534 1145 3615 1198 καὶ
3636 1145 3716 1215 τὴν

531 1236 895 1309 confusionem
929 1246 1124 1296 meam,
1164 1237 1212 1284 et
1250 1228 1597 1283 reverentiam
1622 1241 1814 1293 meam,
1852 1234 1958 1280 etc.
1999 1222 2099 1280 Co-

2209 1226 2512 1294 αὶσχύνην
2543 1247 2664 1298 μου
2687 1271 2703 1295 ,
2743 1231 2844 1287 καὶ
2882 1232 3000 1302 τὴν
3041 1233 3344 1303 ἐντροπὴν
3371 1254 3513 1305 μου,
3553 1256 3597 1292 κ.
3618 1256 3655 1291 τ.
3680 1241 3714 1296 ὲ.

529 1332 775 1403 gnitione
807 1326 899 1382 Dei
928 1326 1148 1395 dignum
1182 1333 1268 1378 est
1303 1320 1657 1391 opprobrium
1704 1333 1814 1390 quo
1851 1316 2097 1373 Christus

2212 1314 2396 1382 ¹Ἀξιος
2421 1319 2520 1391 τῆς
2555 1322 2682 1393 περὶ
2712 1322 2846 1377 Θεοῦ
2880 1322 2994 1397 (18)
3028 1323 3283 1394 γνώσεώς
3316 1327 3457 1381 ἐστιν
3479 1331 3505 1382 6
3534 1329 3713 1399 Χριστοῦ

530 1425 757 1482 allectus
785 1431 871 1479 est
898 1430 1125 1491 propter
1153 1416 1451 1490 justitiam.
1503 1415 1616 1471 Hoc
1661 1423 1716 1470 et
1755 1414 1931 1483 justus
1980 1409 2098 1467 alli-

2213 1409 2536 1484 ὀνειδισμὺς,
2567 1413 2625 1467 ὃν
2656 1414 2960 1482 ὠνειδίζετο
2983 1417 3073 1473 διὰ
3109 1418 3469 1492 δικαιοσύνην.
3497 1421 3627 1476 Οὕτω
3649 1423 3715 1478 καὶ

526 1519 724 1574 ciatur.

2207 1504 2235 1556 6
2262 1502 2469 1569 δίκαιος
2496 1505 2818 1572 ὀνειδίζοιτο.

598 1607 878 1680 Ejusdem.
914 1605 1147 1675 PrOpter
1193 1614 1295 1656 nos
1342 1613 1588 1654 summus
1628 1595 1875 1668 pontifex
1917 1604 2101 1651 noster
2129 1667 2166 1680 _

2150 1667 2175 1680 _
2283 1592 2393 1646 Τοῦ
2419 1594 2625 1649 αὐτοῦ.
2656 1596 2978 1668 Αἰσχύνεται
3013 1599 3070 1653 δὲ
3104 1600 3190 1670 ἐφ’
3237 1604 3370 1673 ἡμῖν
3395 1602 3499 1676 (19)
3534 1605 3718 1676 ὀάρχιε-

526 1667 779 1761 Christus
802 1697 895 1770 qui
922 1667 1225 1767 penetravit
1257 1692 1449 1757 caelos,
1487 1667 1811 1746 confusione
1841 1686 2094 1754 afﬁcitur,

2150 1667 2177 1730 Β
2206 1684 2331 1755 ρεὺς
2359 1683 2539 1757 ἡμῶν,
2563 1686 2623 1750 ὅς
2644 1688 2760 1741 ἐστι
2786 1667 3026 1761 Χριστὸς
3059 1692 3089 1744 6
3114 1667 3442 1764 διελήλυθόλς
3463 1667 3573 1761 τοὺς

526 1810 558 1852 ι
590 1791 883 1850 contrariis
914 1786 1197 1860 spiritibus
1233 1781 1582 1855 imprOperiis
1608 1788 1889 1836 oneratus.

2203 1776 2347 1840 νόὺς,
2372 1776 2762 1851 ὀνειδιζόμενος
2790 1780 2894 1835 ὑπὸ
2922 1782 3033 1837 τῶν
3060 1784 3322 1841 ὲναντίων
3352 1788 3651 1860 πνευμάτιιΝ.

597 1887 761 1943 Vens.
802 1882 919 1938 21..
966 1878 1034 1934 Et
1075 1876 1303 1933 sustinui
1339 1874 1430 1946 qui
1461 1870 1620 1928 simul
1664 1870 2098 1937 contristamur,

2271 1867 2383 1923 Kal
2405 1868 2697 1940 ὑπέμεινα
2715 1874 3252 1945 συΜυπούμενον,
3278 1878 3376 1932 καὶ
3393 1881 3499 1949 οὐχ
3523 1879 3717 1948 ὑπῆρξε,

523 1989 575 2036 et
608 1996 711 2034 non
742 1977 867 2048 fuit,
897 1983 946 2030 et
978 1972 1067 2045 qui
1104 1968 1488 2039 consolaretur,
1531 1974 1581 2020 et
1612 1980 1716 2018 non
1750 1963 1942 2029 inueni,
1988 1972 2091 2020 etc.

2202 1959 2301 2014 καὶ
2347 1963 2850 2031 παρακαλοῦντα,
2886 1966 2987 2021 καὶ
3023 1968 3137 2038 οὐχ
3189 1965 3398 2039 εὗρον,
3427 1990 3479 2029 κ.
3504 1990 3550 2029 τ.
3574 1975 3612 2026 ἑ.
3636 1976 3719 2028 οὐκ

521 2070 642 2128 Non
670 2068 826 2136 dixit,
858 2068 951 2138 qui
983 2063 1112 2120 mihi
1142 2060 1475 2126 condolcret,
1501 2056 1596 2115 sed
1631 2054 2089 2123 «condolentemn

2201 2050 2414 2123 εἴρηται
2446 2051 2558 2124 (20)
2605 2054 3041 2128 συλλυπούμενόν
3082 2075 3173 2129 μοι
3199 2098 3217 2125 ,
3253 2059 3387 2115 ἀλλὰ
3436 2079 3455 2112 ι
3486 2061 3720 2115 annumi-

521 2163 743 2219 ﬂentem
765 2176 887 2217 cum
916 2155 1173 2213 ﬂentibus
1200 2172 1215 2224 ;
1252 2166 1428 2222 neque
1456 2149 1550 2221 qui
1577 2147 1953 2204 consolaretur
1990 2161 2089 2214 me,

2202 2152 2381 2214 μενον,
2416 2162 2436 2198 s
2467 2145 2560 2199 τὸν
2590 2145 2845 2202 κλαίοντα
2897 2148 3038 2220 μετὰ
3079 2151 3377 2207 κλαιόντων
3398 2170 3412 2185 ·
3445 2152 3553 2208 οὐδὲ
3587 2171 3719 2229 παρα-

524 2257 621 2312 sed
649 2252 740 2324 qui
767 2246 1141 2306 consolaretur
1162 2260 1284 2301 eum
1305 2243 1395 2315 qui
1429 2250 1610 2313 potest
1644 2241 1827 2298 dicere
1856 2257 1871 2294 :
1907 2257 1927 2292 ι
1955 2237 2092 2295 Con-

2199 2235 2469 2292 καλοῦντά
2499 2255 2588 2308 με,
2623 2239 2758 2294 ἀλλὰ
2796 2241 3222 2314 παρακαλοῦντα
3259 2244 3350 2299 τὸν
3384 2245 3640 2317 δυνάμενον
3657 2249 3715 2301 el-

521 2346 766 2403 sclamur
791 2359 885 2399 eos
912 2342 1005 2411 qui
1036 2339 1091 2395 in
1117 2335 1471 2394 tribulatione
1507 2344 1637 2391 sunt
1676 2334 1745 2389 ὀ.
1771 2352 1791 2386 ι
1832 2331 1923 2388 Vel
1952 2330 2089 2387 forte

2200 2331 2353 2385 πεῖν·
2403 2351 2422 2383 ι
2474 2333 2905 2406 Παρακαλοῦμεν
2949 2336 3076 2400 τοὺς
3119 2337 3179 2391 ὲν
3227 2328 3425 2410 θλίψει.
3459 2360 3477 2393 ι
3514 2341 3577 2394 Ἦ
3611 2340 3714 2412 τάχα

518 2439 740 2495 Christo
770 2433 1044 2500 condolet,
1075 2440 1128 2490 et
1166 2430 1478 2489 consolatur
1520 2443 1645 2485 eum
1682 2427 1731 2483 is
1760 2427 1852 2497 qui
1901 2425 1994 2481 uni
2030 2439 2086 2481 ex

2199 2422 2543 2480 συλλυπεῖται
2572 2426 2796 2498 Χριστῷ
2826 2427 2921 2481 καὶ
2949 2429 3264 2501 παρακαλεί
3292 2432 3450 2488 αὑτὸν
3504 2433 3531 2485 6
3556 2435 3714 2489 ἑνὶτῶν

518 2532 608 2589 his
647 2530 736 2601 qui
766 2530 818 2584 in
853 2526 1094 2587 Ecclesia
1127 2533 1277 2591 sunt,
1304 2525 1421 2579 haec
1455 2521 1607 2588 facit,
1639 2518 2086 2593 quemadmodum

2197 2515 2256 2568 ἐν
2282 2518 2349 2588 τῇ
2379 2516 2680 2591 Ἐκκλησία
2703 2518 2876 2574 ταῦτα
2900 2521 3090 2586 ποιῶν,
3117 2522 3195 2588 ὡς
3221 2525 3316 2579 καὶ
3346 2527 3435 2580 ἐπὶ
3461 2524 3569 2580 τοῦ(
3588 2527 3716 2582 Ἐπείο

518 2633 574 2678 et
595 2621 796 2679 dicitur
820 2617 946 2675 illud
969 2617 1013 2649 ’ί
1050 2634 1064 2671 :
1103 2634 1121 2666 ι
1149 2614 1386 2681 Esurivi,
1415 2632 1435 2665 ι
1468 2622 1576 2668 etc.

1103 2634 1121 2666 ι
1149 2614 1386 2681 Esurivi,
1415 2632 1435 2665 ι
1468 2622 1576 2668 etc.
2196 2624 2333 2663 νασα
2368 2628 2386 2661 ι
2417 2609 2657 2680 λέγεται.

590 2712 754 2768 Vnus.
789 2711 882 2765 22.
931 2708 999 2763 Et
1027 2708 1285 2763 dederunt
1312 2706 1369 2760 iu
1409 2721 1579 2760 escam
1617 2719 1789 2758 meam
1833 2700 1928 2771 fel,
1967 2701 2097 2756 etin

2264 2700 2375 2753 Kal
2402 2700 2634 2757 ἔδωκαν
2662 2705 2751 2771 εἰς
2776 2704 2845 2758 τὸ
2862 2704 3077 2776 ,βρῶμά
3108 2723 3237 2776 μου
3269 2709 3461 2779 χολὴν
3479 2753 3493 2776 ,
3534 2709 3617 2765 καὶ
3651 2714 3714 2777 εἰς

515 2807 606 2864 siti
636 2822 751 2861 mea
798 2808 1112 2874 putaverunt
1145 2816 1226 2854 me
1253 2807 1422 2865 aceto,
1448 2806 1555 2853 etc.
1592 2795 1718 2852 Haec
1746 2796 1928 2853 omnia
1955 2806 2083 2851 tem-

2194 2790 2311 2861 τὴν
2339 2790 2528 2861 δίψαν
2548 2811 2670 2863 μου
2707 2794 2999 2850 ἐπότισάν
3027 2814 3108 2866 με
3133 2797 3317 2866 ὄξος,
3356 2818 3409 2854 κ.
3436 2817 3483 2854 τ.
3506 2802 3546 2853 ὲ.
3575 2799 3713 2853 Ταῦτα

512 2913 648 2967 pore
673 2894 857 2953 crucis
879 2894 1224 2950 acciderunt.

2196 2882 2373 2937 πάντα
2400 2882 2513 2956 (21)
2537 2885 2729 2955 γέγονε
2758 2887 2900 2942 κατὰ
2920 2888 3012 2942 τὸν
3040 2892 3240 2961 καιρὸν
3270 2890 3367 2946 τοῦ
3398 2891 3617 2964 σταυροῦ.

589 2988 860 3061 Ejusdem.
902 2985 1087 3057 Vappa
1151 2989 1375 3055 generat
1433 2989 1679 3047 acetum,
1732 2989 1788 3036 et
1835 2988 2091 3050 corrupta
2118 3014 2157 3072 ο

2144 3014 2162 3072 Ξ
2272 2973 2385 3029 Τοῦ
2429 2976 2637 3031 αὐτοῦ.
2683 2975 2838 3043 Οἶνος
2876 2980 3105 3051 τραπεὶς
3151 2981 3270 3055 (22)
3301 2985 3459 3055 γεννᾷ
3486 2982 3619 3048 ὅξος,
3645 2981 3712 3036 καὶ

513 3082 691 3139 virtus
715 3078 858 3150 parit
891 3076 1170 3131 malitiam.

2129 3068 2161 3072 ⁷
2193 3068 2363 3141 ἀρετὴ
2388 3069 2656 3143 φθαρεῖσα
2682 3072 2856 3126 τίκτει
2887 3073 3104 3128 κακίαν.

584 3175 749 3231 Vens.
801 3169 891 3224 25.
962 3166 1088 3221 Fiat
1141 3182 1322 3221 mensa
1374 3181 1555 3221 eorum
1603 3179 1783 3218 coram
1840 3164 1967 3232 ipsis
2036 3161 2091 3216 in

2264 3162 2584 3232 Γενηθήτω
2607 3164 2647 3232 ἡ
2674 3164 2926 3232 τράπεζα
2959 3165 3157 3220 αὐτῶν
3182 3166 3441 3223 ἐνώπιον
3465 3166 3631 3225 αὐτῶν
3649 3170 3711 3235 εἰς

514 3269 779 3338 laqueum,
807 3272 855 3316 et
882 3261 941 3314 in
968 3259 1339 3314 retributiones
1387 3267 1436 3311 et
1478 3258 1533 3312 in
1574 3254 1923 3321 scandalum,
1978 3263 2082 3310 etc.

2191 3253 2436 3324 παγίδα,
2464 3256 2562 3309 καὶ
2605 3258 2690 3323 εις
2736 3258 3172 3327 ἀνταποδόσεις
3191 3301 3206 3325 ,
3253 3262 3353 3317 καί
3395 3265 3477 3329 εις
3507 3260 3710 3317 σκάνδα-

513 3359 697 3415 Mensa
731 3353 1035 3409 Judacorum
1073 3351 1239 3405 Vetus
1289 3358 1375 3403 est
1410 3346 1818 3403 Testamentum
1877 3348 1930 3402 in
1982 3360 2081 3417 quo

2189 3349 2337 3411 λον,
2366 3364 2420 3400 κ.
2452 3365 2499 3400 τ.
2538 3350 2583 3401 ἑ.
2631 3349 2894 3422 Τράπεζα
2939 3352 3046 3407 τῶν
3089 3353 3365 3410 Ἰουδαίων
3396 3357 3498 3428 (25)
3540 3355 3710 3423 ἐστὶνή

513 3448 976 3509 scaudalizantur,
1032 3457 1094 3498 ea
1160 3456 1281 3510 quae
1331 3442 1399 3497 de
1450 3439 1675 3497 Christo
1704 3438 1907 3507 scripta
1940 3446 2081 3504 sunt,

2192 3439 2397 3494 παλαιά
2456 3441 2731 3514 Διαθήκη,
2795 3446 2853 3500 ἐν
3005 3448 3465 3516 σκανδαλίζονται,
3514 3450 3571 3503 τὰ
3618 3446 3711 3519 περὶ

514 3558 622 3599 non
674 3538 1056 3609 intelligentes.
1103 3533 1237 3589 illud
1268 3531 1440 3588 lenim
1491 3530 1751 3599 praedicat
1807 3528 2082 3585 Christum

2189 3531 2426 3604 Χριστοῦ
2471 3533 2546 3606 μὴ
2581 3535 2849 3602 νοοῦντες.
2889 3538 3039 3611 Αὕτη
3077 3540 3185 3612 γὰρ
3232 3542 3490 3615 κηρύσσει
3528 3541 3709 3613 Χριστὸν

510 3632 855 3698 cruciﬁxum,
908 3627 1108 3686 Iudaeis
1157 3626 1373 3697 quidem
1433 3622 1789 3690 scandalum,
1840 3620 2078 3691 gentibus

2188 3626 2635 3700 ἐσταυρωμένον,
2681 3630 2956 3687 Ἰουδαίοις
3001 3635 3099 3705 μὲν
3142 3636 3471 3704 σκάνδαλον,
3496 3637 3642 3691 ἔθνεσι
3669 3632 3709 3687 δὲ

509 3737 692 3783 autem
717 3722 1000 3781 stultitiam
1029 3721 1095 3774 ι’.

854 3722 1000 3779 itiam
1029 3721 1095 3774 ²².
2192 3719 2422 3792 μωρίαν.

580 3818 861 3890 Ejusdem.
916 3814 1083 3870 Forte
1117 3824 1304 3867 mensa
1332 3823 1363 3864 e
1392 3822 1499 3878 qua
1550 3805 1892 3863 rationabilis
1932 3804 2086 3861 cibus

2263 3805 2375 3864 Τοῦ
2403 3805 2611 3867 αὐτοῦ.
2632 3813 2858 3898 Μῄποτε
2881 3816 3130 3887 τράπεζα
3156 3816 3273 3891 (24)
3299 3821 3392 3891 ἀφ’
3416 3814 3480 3893 ἦς
3505 3823 3534 3892 ἡ
3559 3817 3705 3889 λογική

507 3910 689 3982 populi
716 3917 856 3973 erat,
885 3909 974 3962 lex
995 3912 1050 3960 et
1080 3905 1374 3976 prophetae.
1409 3899 1536 3957 Haec
1557 3915 1764 3967 mensa,
1800 3913 1907 3954 non
1929 3897 2075 3955 intel-

2185 3900 2358 3973 τροφὴ
2391 3901 2485 3956 τοῦ
2519 3900 2649 3956 λαοῦ
2671 3897 2760 3975 ἦν,
2790 3906 2820 3959 6
2862 3907 3025 3978 νόμος
3057 3909 3152 3963 καὶ
3192 3911 3247 3964 οἱ
3292 3912 3565 3985 προφῆται.
3592 3909 3705 3980 Αὕτη

506 4004 648 4059 lecta
691 4000 1001 4070 Scriptura,
1026 3997 1171 4053 facta
1199 4004 1285 4051 est
1309 3993 1513 4051 Judzeis
1544 3994 1597 4049 in
1625 3992 1879 4064 laqueum
1900 4032 1916 4058 ,
1943 4000 1998 4046 et
2027 3990 2074 4046 in

2186 3994 2220 4064 ἡ
2249 3991 2515 4064 τράπεζα,
2538 3993 2613 4066 μὴ
2644 3997 2939 4070 νοουμένης
2956 4000 3057 4071 τῆς
3076 4000 3324 4075 Γραφῆς,
3343 4004 3604 4076 γεγένηται
3624 4004 3707 4065 τοῖς

507 4090 944 4154 retributionem,
980 4097 1036 4141 et
1074 4087 1129 4141 in
1169 4084 1513 4141 scandalum.
1566 4081 1683 4140 Non
1723 4082 1793 4138 de
1825 4081 2075 4137 omnibus

2196 4086 2467 4149 Ἰουδαίοις
2507 4087 2589 4149 εἰς
2634 4087 2835 4156 παγίδα
2877 4091 2969 4144 καὶ
3000 4092 3081 4155 εἰς
3130 4092 3509 4162 ἀνταπόδοσιν,
3547 4095 3624 4147 καὶ
3648 4094 3705 4154 εἰς

505 4195 687 4238 autem
715 4179 982 4253 ejusmodi
1026 4194 1215 4234 mensa
1262 4177 1369 4234 dici
1418 4184 1616 4247 potest.
1669 4175 1946 4247 Sapientia
1999 4183 2073 4232 est

2185 4175 2497 4231 σκάνδαλον.
2529 4176 2604 4230 Οὐ
2647 4178 2781 4232 πᾶσι
2820 4179 2879 4234 δὲ
2921 4180 3143 4254 τοιαύτη
3190 4184 3222 4255 ἡ
3270 4185 3504 4258 τράπεζα
3533 4183 3704 4240 δύναται

507 4274 767 4330 Dominus
804 4272 899 4341 qui
947 4270 1081 4326 dicit
1135 4269 1182 4302 ’³
1217 4287 1233 4325 :
1268 4269 1524 4336 «Venite,
1563 4268 1838 4325 comedite
1884 4282 2075 4338 panem

2182 4267 2455 4336 λέγεσθαι.
2491 4270 2549 4324 Ὀ
2572 4268 2776 4340 Κύριος
2799 4270 2958 4342 σοφία
2975 4276 3236 4345 τυγχάνει
3267 4280 3297 4330 6
3318 4277 3481 4346 λέγων
3501 4294 3514 4308 ·
3533 4274 3700 4336 «Δεῦτε,

502 4382 706 4424 meum.
740 4385 761 4418 δ
802 4364 898 4420 Est
947 4364 1079 4420 item
1131 4362 1288 4433 panis
1332 4362 1457 4418 vita:
1509 4361 1577 4417 de
1615 4360 1756 4418 caelo
1809 4353 2070 4431 delapsus,

2132 4374 2157 4430 )
2186 4362 2389 4434 φάγετε
2416 4362 2508 4417 τὸν
2536 4363 2667 4436 ἐμὸν
2694 4365 2887 4437 ἄρτον·
2929 4385 2947 4417 ι
2977 4367 3072 4421 καὶ
3096 4371 3126 4422 6
3150 4368 3316 4440 ἄρτος
3342 4371 3481 4444 ζωῆς
3511 4372 3537 4424 6
3562 4368 3611 4435 ἐξ
3633 4366 3700 4419 οὐ⁴

502 4459 656 4530 cujus
697 4473 826 4513 caro
870 4470 1037 4513 verus
1083 4463 1168 4510 est
1215 4453 1390 4521 cibus,
1421 4461 1476 4510 et
1526 4453 1748 4525 sanguis
1786 4467 1947 4509 verus
1995 4461 2070 4508 est

2184 4452 2349 4525 ρανοῦ
2378 4453 2620 4518 καταϐὰς
2637 4495 2653 4521 ,
2685 4448 2748 4509 οὗ
2774 4458 2807 4527 ἡ
2844 4456 2978 4528 σὰρξ
3006 4457 3216 4531 ἀληθής
3242 4461 3359 4515 ἐστι
3398 4460 3607 4534 βρῶσις,
3631 4456 3700 4510 καὶ

501 4562 677 4625 potus.

2179 4548 2242 4603 τὸ
2263 4540 2401 4619 αἷμα
2435 4547 2641 4620 ἀληθής
2665 4550 2780 4602 ἐστι
2801 4549 2975 4614 πόσις.

573 4641 740 4714 758
768 4642 933 4698 Vens.
970 4638 1060 4695 26.
1102 4636 1229 4694 Fiat
1270 4638 1525 4694 habitatio
1548 4653 1733 4695 eorum
1758 4639 1965 4693 deserta
1982 4677 1998 4703 ,
2026 4646 2075 4691 et

2250 4638 2569 4710 Γενηθήτω
2593 4640 2633 4710 ἠ
2658 4641 2913 4707 ἔπαυλις
2937 4641 3138 4696 αὐτῶν
3167 4643 3530 4716 ἡρημωμένη,
3552 4641 3631 4696 xal
3648 4639 3697 4692 ἐν

498 4736 555 4789 in
585 4732 938 4789 tabernaculis
959 4747 1140 4787 eorum
1177 4746 1279 4785 non
1303 4730 1371 4785 sit
1396 4731 1485 4802 qui
1512 4730 1787 4798 inhabitet,
1818 4737 1924 4786 etc.
1952 4729 2066 4786 [iam

2179 4729 2304 4797 τοῖς
2348 4729 2741 4800 σκηνώμασιν
2784 4730 2983 4785 αὐτῶν
3027 4732 3115 4803 μὴ
3160 4735 3317 4791 ἔστω
3357 4740 3391 4791 ό
3441 4728 3691 4790 κατοικῶν.

500 4824 670 4894 accipi
699 4831 926 4893 possunt
959 4831 1217 4893 tauquam
1249 4820 1508 4891 praedicta
1539 4819 1606 4876 de
1634 4820 1836 4891 templo
1861 4819 2068 4876 Iudaeo-

2180 4843 2234 4878 κ.
2261 4841 2314 4879 τ.
2350 4825 2397 4878 έ.
2428 4823 2662 4879 Δυνατδν
2690 4821 2863 4878 ταῦτα
2885 4824 2998 4898 (25)
3031 4827 3157 4898 περὶ
3188 4827 3282 4881 τοῦ
3319 4827 3444 4882 ναοῦ
3471 4826 3565 4880 τῶν
3599 4824 3689 4875 Ἴου·

498 4930 619 4970 rum
644 4914 784 4970 etde
812 4914 1035 4969 civitate
1057 4927 1267 4970 eorum.

2177 4915 2341 4971 δαίων
2365 4914 2730 4988 ἐκλαμϐάνειν
2755 4917 2851 4970 καὶ
2889 4917 3141 4991 περὶτῆς
3167 4920 3371 4985 πόλεως
3404 4915 3564 4974 αὐτῶν
3591 4928 3688 4985 προ·

2179 5007 2537 5081 φητευόμενα.

572 5099 616 5131 "
647 5095 793 5154 Psal.
823 5107 1007 5163 exxtx,
1047 5098 1099 5152 1.
1176 5098 1223 5131 ¹⁰
1259 5095 1303 5153 11
1337 5096 1466 5154 Cor.
1503 5114 1544 5164 ι,
1574 5099 1633 5154 4.
1707 5101 1751 5132 ²¹
1789 5100 1984 5159 Matth.
2016 5121 2140 5175 xxv,

1707 5101 1751 5132 ²¹
1789 5100 1984 5159 Matth.
2016 5121 2143 5175 xxv,
2162 5109 2251 5163 42.
2326 5105 2373 5136 “
2396 5105 2416 5159 1
2439 5104 2565 5160 Cor.
2600 5121 2642 5174 ι,
2664 5104 2757 5161 25.
2835 5107 2881 5138 ’³
2901 5106 3061 5163 Prov.
3091 5123 3170 5176 ix,
3198 5109 3252 5163 5.

596 5222 685 5289 16)
712 5222 906 5289 Βάθος
938 5222 1193 5289 ὑδάτων,
1226 5232 1332 5279 etc.
1360 5222 1731 5279 Coislinianus
1771 5227 2066 5287 secundus.
2177 5233 2301 5286 dus.

592 5293 680 5375 η)
703 5293 1222 5375 ’ῃγςαῡθα-φύσιν.
1250 5293 1757 5375 etc.~Coisliuianus
1780 5296 2010 5375 primus.

1602 5296 1757 5375 ianus
1780 5296 2010 5375 primus.
2245 5297 2362 5375 (at)
2399 5294 2588 5375 Ταῦτα
2619 5296 2837 5375 πάντα,
2868 5309 2975 5356 etc.
3001 5299 3170 5375 Idem.

493 5416 505 5425 _
565 5362 686 5450 (1‘8)
720 5364 925 5431 Ἄξιος
953 5362 1062 5433 τῆς
1081 5365 1213 5433 περὶ
1242 5362 1411 5433 Θεοῦ,
1442 5374 1551 5421 etc.
1575 5362 1940 5424 Coislinianus
1978 5383 2061 5425 se-

2033 5389 2068 5421 ι-
2249 5362 2364 5450 (ἓξ)
2392 5366 2568 5450 (ζῖνρς
2599 5362 3001 5450 τροιπέεῖιέιεἐκ)ζ
3030 5370 3392 5450 Coislinianus
3408 5368 3601 5441 primus.

493 5416 505 5425 ,
565 5382 686 5490 the)
720 5382 925 5431 -Αςιος
953 5382 1062 5433 της
1081 5382 1213 5433 περι
1242 5382 1411 5433 υεου,
1442 5382 1551 5421 etc.
1575 5382 1940 5424 uotsuutanus
1978 5383 2059 5425 se-

491 5452 596 5492 cun
640 5451 722 5490 us.

1923 5383 1940 5423 5
1978 5383 2068 5425 se-
2272 5382 2364 5435 22)
2392 5382 2568 5435 υινος
2599 5382 2860 5437 τραπείς.
2888 5382 2997 5427 etc.
3030 5382 3386 5427 Cotslinianus
3408 5385 3491 5441 pri:

1923 5508 1929 5513 .
2249 5382 2365 5513 125)
2402 5439 2662 5513 Τρᾴπεζα
2693 5440 2811 5513 τῶν
2844 5440 3309 5513 Ἰουδαίωνηειο.
3339 5441 3491 5513 Idem.

564 5504 677 5588 (19)
704 5506 1063 5575 Δισχύνεται
1112 5504 1181 5560 δὲ
1226 5505 1319 5576 ἐφ’
1345 5504 1510 5577 ἡμῖν,
1554 5516 1660 5562 etc.
1708 5506 2074 5567 Coislinianus

2250 5504 2379 5588 (241)Δ
2392 5504 2640 5578 Μήποτε
2684 5510 2935 5581 τράπεζα
2959 5552 2975 5578 ,
3012 5522 3121 5568 etc.
3157 5504 3342 5569 Codex
3381 5507 3677 5567 Coisliuisnus

494 5590 837 5719 “labibus
859 5645 1110 5718 εἴρηται,
1138 5658 1250 5710 etc.
1275 5646 1459 5707 Codex
1489 5647 1857 5710 Coislinianus
1874 5631 2072 5710 secuna
2176 5582 2665 5726 εθῗὲἓῖιῗῦνατὸν
2688 5652 2888 5724 ταῦτα,
2915 5662 3021 5713 etc.
3053 5654 3406 5715 Coislinianus
3426 5647 3619 5721 Ρΐῖωυδσ
