3970 6160
292 275 317 330 I
329 275 431 331 5i"!

1276 276 1592 334 SELECTA
1628 276 1696 331 IN
1733 274 2072 332 PSALMOS.
2097 307 2167 318 —
2198 275 2396 334 PSAL.
2433 276 2595 332 LXX.

3410 275 3553 334 1518

367 391 478 447 Τοῦ
509 391 718 449 αὐτοῦ.
767 373 1065 468 Ἦρημώθη
1095 395 1206 467 (26)
1259 395 1397 468 μετά
1435 394 1529 450 τὸν
1573 395 1808 467 σταυρὸν
1843 397 1872 466 ἡ

2052 391 2324 464 Ejusdem.
2357 393 2486 450 Post
2517 407 2732 448 crucem
2761 392 2976 445 deserta
3012 388 3151 446 facta
3181 399 3266 447 est
3291 390 3555 448 habitatio

290 483 517 547 ἔπαυλις
547 483 748 546 αὐτῶν,
781 485 810 537 ὁ
840 485 964 550 ναὸς
987 485 1080 539 καὶ
1116 484 1490 558 Ἰερουσαλήμ.

361 576 627 644 Πρόσθες
656 575 914 646 ἀνομίαν
941 577 1039 630 ἐπὶ
1069 576 1185 646 τὴν
1223 577 1484 646 ἀνομίαν
1519 574 1751 639 αὐτῶν,
1783 574 1882 628 καὶ

291 669 370 738 μὴ
403 669 845 725 είσελθέτωσαν
873 669 944 723 ἐν
969 669 1326 738 δικαιοσύνῃ
1353 685 1491 733 σου,
1511 687 1563 722 κ.
1595 687 1644 722 τ.
1670 669 1718 723 ὲ.
1751 668 1879 721 Ὅτε

290 763 338 816 οἱ
384 762 602 834 ἀνόμως
642 761 754 833 (27)
806 762 1224 835 ἀμαρτήσαντες
1264 762 1481 833 ἀνόμως
1525 761 1878 824 ἀπολοῦνται,

290 854 638 926 προστίθεται
683 857 750 927 τῇ
786 855 894 909 τῶν
937 857 1369 928 ἁμαρτησάντων
1418 855 1618 926 ἀνομίᾳ
1660 857 1692 925 ἡ
1738 854 1879 909 κατά

288 946 388 1018 τὴν
427 947 658 1019 ἀνομίαν
702 947 882 1002 αὐτῶν
928 949 1168 1012 κόλασις.
1230 968 1248 998 ι
1290 942 1361 1018 Ὦ
1401 945 1510 1018 γὰρ
1556 947 1741 1020 μέτρῳ
1783 965 1878 1019 με-

289 1041 491 1110 τρεῖτε,
522 1040 1048 1113 ἀντιμετρηθήσεται
1077 1042 1226 1112 ὑμῖν.
1267 1059 1285 1092 s

366 1131 480 1186 Τοῦ
508 1132 722 1187 αὑτοῦ.
759 1132 885 1196 Πῶς
926 1133 1033 1206 γὰρ
1065 1134 1316 1187 δύνανται
1348 1132 1457 1204 (28)
1501 1131 1760 1186 εἰσελθεῖν
1800 1133 1879 1195 εἰς

289 1224 389 1296 τὴν
415 1223 758 1296 δικαιοσύνην
789 1224 1159 1295 ὲσκοτισμένοι
1188 1224 1314 1288 τοὺς
1343 1223 1656 1296 ὀφθαλμούς
1681 1241 1694 1288 ;

376 1316 936 1386 Ἐξαλειςρθήτωσαν
958 1317 1028 1370 ἐκ
1053 1317 1276 1382 ,ϐίϐλου
1318 1311 1568 1380 ζώντων,
1602 1315 1701 1369 καὶ
1726 1315 1878 1384 μετὰ

292 1409 537 1464 δικαίων
579 1409 667 1480 μὴ
716 1409 1148 1480 τραφήτωσαν,
1197 1427 1252 1463 κ.
1299 1427 1351 1469 τ,.
1397 1411 1444 1463 ὲ.
1489 1408 1680 1472 Βίϐλος
1726 1406 1878 1472 ζών-

289 1519 399 1557 των
429 1502 541 1574 (29)
566 1505 599 1575 ἡ
623 1502 826 1572 γνῶσις
856 1504 890 1574 ἡ
923 1502 1016 1556 τοῦ
1043 1501 1178 1556 Θεοῦ
1200 1544 1214 1566 ,
1247 1502 1306 1570 ἐξ
1334 1499 1402 1576 ἦς
1446 1502 1801 1556 ἐκπίπτουσιν
1825 1501 1875 1554 οἱ

292 1593 635 1666 ἀκαθάρτους
673 1594 888 1666 ἔχοντες
916 1595 1015 1658 τὰς
1058 1593 1315 1666 καρδίας·
1365 1615 1383 1646 ι
1425 1595 1700 1666 Μακάριοι
1742 1593 1870 1665 γὰρ,

292 1687 485 1757 φησὶν,
533 1686 583 1740 οἱ
634 1686 865 1756 καθαροὶ
907 1689 972 1756 τῇ
1023 1685 1256 1757 καρδίᾳ,
1299 1685 1381 1739 ὅτι
1414 1686 1568 1739 αὐτοὶ
1608 1687 1700 1740 τὸν
1739 1685 1872 1739 Θεὸν

1984 501 2198 552 eorum,
2229 485 2489 556 templum
2518 500 2709 554 nempe
2744 493 2796 540 et
2820 482 3141 538 Jerusalem.

2055 579 2222 634 Vens.
2260 578 2351 634 28.
2394 578 2608 648 Appone
2667 579 2992 648 iniquitatem
3021 592 3178 642 super
3225 575 3556 647 iniquitatem

1983 687 2187 735 eorum,
2216 681 2266 724 et
2289 688 2392 724 non
2414 671 2608 725 intrent
2645 671 2698 724 in
2710 671 2975 739 justitiam
3007 680 3174 734 tuam,
3203 677 3309 724 etc.
3329 668 3558 737 Quando

1986 761 2075 830 qui
2099 761 2216 817 sine
2247 762 2364 832 lege
2398 773 2783 833 peccaverunt,
2816 764 2932 818 sine
2959 764 3074 834 lege
3107 772 3354 833 pereunt,
3389 779 3553 835 appo-

1986 852 2133 908 nitur
2194 869 2358 923 super
2410 870 2599 909 eorum
2662 855 2754 923 qui
2803 865 3166 925 peccaverunt
3213 856 3556 926 iniquitatem

1981 954 2144 1008 poena
2181 943 2500 1012 iniquitatis.
2555 963 2574 995 ι
2602 943 2719 1012 Qua
2760 945 2904 1000 enim
2949 961 3206 1001 mensura
3238 949 3410 1003 mensi
3436 947 3556 1004 fue-

1984 1032 2128 1094 ritis,
2169 1038 2488 1089 remetietur
2514 1037 2667 1092 vobis
2699 1036 2763 1089 ".
2802 1055 2822 1089 s

2055 1124 2332 1194 Ejusdem.
2359 1127 2640 1192 Quomodo
2662 1129 2806 1184 enim
2833 1129 3038 1186 intrare
3063 1141 3292 1200 possunt
3315 1132 3367 1188 in
3396 1134 3546 1206 justi-

1982 1215 2109 1270 tiam
2142 1215 2314 1271 oculis
2347 1219 2600 1274 occaecati
2623 1219 2646 1273 ἲ

2051 1305 2216 1362 Vens.
2257 1308 2347 1364 29.
2387 1308 2678 1365 Deleautur
2706 1312 2770 1366 de
2806 1312 2943 1371 libro
2997 1317 3289 1383 viventium,
3341 1326 3389 1371 et
3438 1335 3558 1375 cunt

1971 1397 2136 1468 juslis
2164 1415 2267 1454 non
2301 1401 2620 1470 scribantur,
2659 1411 2764 1458 etc.
2814 1405 2973 1461 Liber
3024 1408 3320 1462 viventium
3355 1419 3438 1464 est
3467 1424 3560 1464 co-

1979 1493 2152 1563 gnitio
2180 1493 2295 1559 Dei,
2325 1512 2356 1547 a
2386 1509 2491 1563 qua
2522 1497 2782 1554 excidunt
2819 1500 2855 1554 ii
2894 1501 2983 1570 qui
3018 1501 3218 1555 munda
3252 1503 3418 1558 corda
3454 1519 3560 1558 non

1979 1585 2182 1641 habent
2215 1604 2278 1641 ε(
2305 1587 2451 1644 Beati
2492 1590 2660 1654 enim,
2704 1591 2906 1661 inquit,
2964 1594 3148 1649 mundi
3198 1594 3382 1659 corde,
3419 1609 3556 1666 quo-

1980 1676 2124 1732 niam
2154 1679 2253 1749 ipsi
2284 1681 2452 1735 Deum
2490 1682 2753 1738 videbunt
2779 1685 2844 1738 ⁸³.
2879 1704 2897 1737 ι
2953 1685 3111 1741 Videt
3160 1697 3344 1744 autem
3384 1688 3555 1744 Deum

289 1777 533 1848 ὄψονται.
573 1797 593 1830 s
627 1779 699 1831 Τὸ
739 1778 796 1831 δὲ
846 1777 972 1831 ἰδεῖν
1015 1774 1169 1844 Θεὸν,
1203 1777 1265 1830 τὸ
1303 1775 1560 1846 γνώσεως
1589 1777 1691 1847 τῆς
1715 1774 1872 1829 αὑτοῦ

2008 1787 2034 1827 s
2063 1772 2156 1842 qui
2180 1774 2493 1844 cognitione
2519 1776 2636 1847 ejus
2666 1777 2860 1847 dignus
2885 1778 3134 1836 eﬂicitur.

291 1870 409 1923 ἐστι
441 1869 862 1942 καταξιωθῆναι.

372 1961 484 2017 Τοῦ
515 1963 727 2017 αὐτοῦ.
761 1963 979 2028 Ἀδικος
1014 1964 1152 2036 μετὰ
1175 1962 1284 2035 (50)
1323 1962 1533 2018 δικαίου
1582 1962 1873 2036 γράφεται,

291 2051 386 2106 ιάν
414 2053 716 2125 ἀπόσχηται
741 2053 834 2107 τοῦ
863 2051 1004 2108 εἶναι
1029 2055 1232 2119 ἄδικος.

373 2143 600 2214 Ἀρέσει
620 2144 700 2212 τῷ
725 2143 846 2212 Θεῷ
868 2135 1019 2216 ὑπὲρ
1035 2147 1277 2217 μόσχον
1303 2144 1446 2201 νέον
1464 2143 1876 2214 πέραταέκφέ-

282 2253 472 2306 porta
501 2237 604 2293 καὶ
633 2239 827 2306 ὁπλὰς
845 2281 858 2299 .
892 2256 946 2293 κ.
981 2256 1034 2293 τ.
1071 2239 1118 2293 ἑ.
1153 2239 1443 2294 Τουτέστιν
1469 2237 1612 2310 ὑπὲρ
1641 2237 1753 2310 (51)
1773 2232 1875 2306 τὴν

290 2329 484 2402 ἄλογον
512 2332 607 2386 καὶ
636 2329 894 2403 αἰσθητὸν
919 2329 1128 2388 θυσίαν.

362 2517 490 2572 Ὅτι
519 2516 846 2588 είσήκουσε
860 2515 980 2571 τῶν
1006 2515 1284 2586 πενήτων
1305 2518 1338 2570 ό
1358 2517 1596 2584 Κύριος,
1613 2513 1875 2580 καὶτοὺς

288 2609 737 2681 πεπεδημένους
775 2609 963 2664 αὑτοῦ
1006 2611 1117 2664 οὐκ
1163 2606 1607 2674 ἐξουδένωσεν,
1649 2624 1701 2660 κ.
1739 2622 1792 2659 τ.
1823 2606 1871 2658 ὲ.

287 2701 582 2774 Γενὼμεθα
622 2703 855 2774 πένητες
895 2701 1042 2775 (52),
1089 2701 1156 2755 ἶν’
1204 2703 1234 2755 ό
1279 2699 1482 2772 Κύριος
1528 2697 1684 2771 ἡμῶν
1722 2699 1873 2752 ὲπα-

286 2794 479 2867 κούσῃ.

355 2889 782 2944 Αἰνεσάτωσαν
811 2886 999 2943 αὐτὸν
1040 2889 1096 2942 οἱ
1133 2884 1376 2954 οὐρανοὶ
1418 2884 1518 2938 καὶ
1554 2884 1594 2953 ἠ
1625 2881 1734 2952 τῆ,
1769 2880 1872 2936 θά-

287 2987 498 3040 λασσα
528 2982 627 3036 καὶ
651 2981 851 3036 πάντα
882 2981 954 3034 τὰ
979 2979 1240 3049 ἕρποντα
1283 2977 1354 3032 ἐν
1383 2973 1610 3040 αὐτοῖς,
1645 2989 1701 3027 κ.
1732 2989 1785 3026 τ.
1821 2973 1868 3028 ὲ.

2052 1955 2331 2026 Eiusdem.
2356 1957 2591 2028 Injustus
2611 1977 2736 2018 cum
2762 1962 2910 2031 justo
2943 1963 3223 2033 scribitur,
3265 1966 3310 2022 si
3346 1968 3564 2023 desinat

1981 2064 2104 2106 esse
2132 2050 2382 2118 iniustus.

2053 2139 2222 2198 Vens.
2260 2143 2350 2200 52.
2394 2142 2630 2202 Placebit
2682 2146 2795 2202 Deo
2839 2166 2997 2218 super
3045 2151 3262 2207 vitulum
3299 2150 3561 2210 novellum

1980 2247 2181 2288 cornua
2213 2235 2584 2303 producentem
2613 2247 2662 2291 et
2687 2237 2936 2308 ungulas,
2979 2249 3087 2296 etc.
3136 2241 3251 2299 I-Ioc
3283 2253 3372 2300 est
3399 2260 3566 2314 super

1980 2327 2312 2384 sacriﬁcium
2346 2327 2491 2400 quod
2517 2344 2548 2386 a
2580 2329 2793 2386 ratione
2823 2331 3060 2388 alienum
3092 2345 3179 2390 est
3210 2344 3267 2390 et
3299 2335 3402 2392 sub
3437 2351 3562 2394 sen-

1980 2433 2099 2472 sum
2132 2419 2298 2475 cadit.

2054 2509 2216 2568 Vsns.
2258 2511 2350 2569 54.
2393 2513 2658 2580 Quoniam
2691 2515 2961 2570 exaudivit
2994 2533 3248 2586 pauperes
3279 2515 3556 2585 Dominus,

1980 2612 2028 2657 et
2055 2605 2256 2659 vinctos
2286 2621 2410 2660 suos
2435 2623 2537 2660 non
2567 2606 2822 2676 despexit,
2870 2615 2982 2665 etc.
3017 2607 3292 2680 Paupcres
3339 2611 3560 2677 ﬁamus,

1983 2706 2042 2750 ut
2073 2694 2334 2752 Dominus
2363 2711 2464 2753 nos
2490 2698 2767 2755 exaudiat.

2053 2877 2220 2936 Vens.
2261 2880 2352 2936 55.
2395 2880 2634 2938 Laudent
2664 2883 2815 2938 illum
2859 2883 2978 2939 cazli
3019 2896 3068 2940 et
3109 2893 3271 2951 terra,
3311 2903 3454 2940 mare
3509 2898 3560 2940 es

1981 2972 2156 3026 omnia
2177 2974 2384 3041 reptilia
2419 2975 2475 3029 in
2499 2978 2594 3041 eis,
2627 2987 2736 3033 etc.
2781 2977 3048 3034 leestes
3085 2988 3140 3033 et
3183 2989 3428 3038 terrenos
3460 2983 3563 3036 hoc

288 3077 426 3140 Τοὺς
469 3076 822 3148 ὲπουρανίους
855 3073 964 3146 (55)
996 3074 1088 3126 καὶ
1121 3071 1397 3140 ἐπιγείους
1443 3067 1590 3137 λέγει
1639 3064 1872 3121 ἐνταῦθα

2007 3077 2104 3120 oco
2132 3065 2262 3122 dicit
2294 3067 2487 3122 eodem
2521 3071 2742 3128 nomine
2780 3088 2847 3129 ac
2881 3088 3070 3130 eorum
3110 3074 3362 3131 mundos.
3404 3074 3562 3142 Ejus-

286 3166 594 3237 ὁμωνύμως
607 3141 732 3231 ’τοῖς
750 3141 927 3221 αὐτῶν
947 3141 1200 3236 κόσμοις.
1231 3164 1482 3218 Τοιοῦτόν
1514 3164 1633 3219 ἐστι
1653 3164 1748 3219 καὶ
1775 3164 1836 3219 τό
1855 3182 1870 3196 ο

2007 3156 2129 3212 nodi
2157 3167 2242 3214 est
2267 3168 2324 3214 et
2347 3160 2479 3216 illud
2511 3177 2526 3214 :
2566 3179 2586 3214 ι
2619 3163 2755 3219 Coeli
2794 3174 3052 3221 enarrant
3075 3165 3302 3236 gloriam
3327 3165 3422 3222 Dei
3448 3141 3553 3221 ita

291 3277 311 3312 ι
347 3261 407 3314 Οἱ
435 3261 654 3330 οὐρανοὶ
679 3259 985 3330 διηγοῦνται
1013 3258 1170 3325 δόξαν
1199 3257 1355 3312 Θεοῦ.
1392 3276 1412 3308 s

364 3350 476 3404 Τοῦ
501 3350 708 3405 αὐτοῦ.
738 3347 885 3422 Ἆρα
916 3350 985 3404 τὰ.
1012 3349 1318 3423 ἑρπυστικά
1343 3348 1454 3421 (54)
1497 3349 1614 3415 ζῶα
1645 3348 1869 3414 αἰνέσει,

289 3442 600 3515 σωζομένης
617 3442 718 3514 τῆς
730 3442 868 3497 Σιὼν
882 3444 976 3498 καὶ
995 3442 1448 3514 οἰκοδομουμένης
1467 3442 1569 3512 τῆς
1588 3440 1867 3506 ἰουδαίαςς

290 3535 351 3588 El
378 3535 434 3588 δὲ
464 3533 532 3588 τά
571 3534 809 3607 ἕρποντα
835 3534 1040 3606 νοητῶς
1076 3533 1268 3607 ῥητέον
1291 3575 1307 3600 ,
1337 3534 1431 3588 καὶ⁸
1457 3532 1528 3588 τὰ
1553 3531 1868 3605 οἰκοδομοῦ-

291 3645 426 3700 μενα
452 3627 692 3698 δηλονότι
725 3628 929 3696 νοητῶς
963 3627 1413 3700 ἐκληφθήτωσαν.

361 3722 492 3775 Ὅτι
528 3725 562 3776 ό
590 3721 734 3789 Θεὸς
769 3721 956 3776 σώσει
985 3722 1100 3790 τὴν
1130 3722 1300 3787 Σιὼν,
1350 3721 1450 3777 καὶ
1487 3717 1873 3790 οἰκοδομηθή-

287 3830 498 3868 σονται
524 3816 584 3868 αὶ
617 3816 825 3881 πόλεις
852 3812 965 3883 τῆς
1003 3815 1306 3883 Ἰουδαίας,
1331 3832 1387 3869 κ.
1409 3831 1461 3869 τ.
1487 3815 1534 3868 ἐ.
1569 3811 1762 3884 Ψυχὰς
1791 3811 1873 3864 λο-

288 3905 448 3973 γικὰς
478 3906 588 3979 (55)
613 3906 760 3976 λέγει
792 3907 975 3971 πόλεις
1008 3907 1106 3979 τῆς
1144 3907 1420 3971 Ἰουδαίας.

851 4093 1140 4147 ΨΑΛΜΟΣ
1170 4091 1289 4146 ΞΘ⁹.

360 4203 872 4272 Αίσχυνθείησαν,
916 4203 1016 4257 καὶ
1057 4201 1500 4272 ἐντραπείησαν
1538 4205 1596 4257 οἱ
1629 4201 1872 4272 ζητοῦν-

290 4311 388 4360 τες
431 4295 546 4362 τὴν
588 4294 800 4365 ψυχήν
845 4315 1005 4365 μου,
1052 4314 1108 4350 κ.
1151 4313 1203 4349 τ.
1256 4296 1304 4349 ὲ.
1359 4296 1424 4349 Oi
1491 4295 1714 4368 ἀόρατοι
1758 4293 1872 4365 (56)

291 4387 447 4458 ἡμῶν
483 4387 728 4458 πολέμιοι
766 4387 988 4459 ζητοῦσι
1031 4387 1132 4458 τὴν
1182 4387 1380 4459 ψυχὴν,
1418 4387 1731 4460 ὑποχείριον
1778 4387 1870 4440 θέ-

290 4477 470 4544 λοντες
519 4480 704 4534 λαϐεῖν
755 4480 889 4552 πρὸς
959 4479 1158 4536 κακίαν
1196 4481 1368 4552 αὐτὴν
1409 4480 1866 4555 προτρεπόμενοι.

867 4726 1161 4781 ΨΑΛΜΟΣ
1197 4728 1272 4780 0’.

364 4819 486 4873 Ὀτι
513 4819 746 4891 Χριστὸς
779 4820 924 4888 λέγει
971 4819 1084 4890 (57)
1123 4819 1192 4872 τά
1232 4821 1290 4873 ὲν
1329 4819 1407 4889 τῷ
1437 4819 1658 4891 ψαλμῷ,
1688 4820 1867 4891 δῆλον.

293 4911 524 4983 Εὖχεται
558 4913 720 4967 τόπον
751 4912 897 4984 αὑτῷ
935 4912 1128 4984 ὀχυρὸν
1167 4909 1324 4978 εἶναι,
1366 4913 1456 4968 τὸν
1498 4911 1649 4966 Θεόν.
1694 4915 1752 4966 Ὀ
1786 4914 1876 4967 λέ-

360 5055 408 5088 ’δ
433 5054 626 5110 Matth.
657 5071 749 5124 vn,
773 5055 830 5110 2.
908 5057 956 5088 "
989 5056 1120 5112 ibid.
1162 5071 1214 5120 ν,
1239 5055 1293 5110 8.
1369 5055 1416 5087 ²⁶
1444 5055 1592 5110 Psal.
1624 5072 1778 5125 xvm,
1801 5058 1856 5114 2.

360 5201 473 5274 (26)
518 5198 850 5272 Ἠρημώθη,
885 5210 990 5258 etc.
1034 5199 1219 5257 Codex
1273 5199 1638 5256 Coislinianus
1675 5215 1870 5257 secun-

331 5289 394 5326 US

361 5344 471 5414 (27)
511 5343 640 5398 Ὅτε
665 5344 720 5397 ot
749 5342 1008 5412 ἀνόμως,
1040 5352 1150 5398 etc.
1175 5340 1360 5398 Codex
1383 5340 1750 5398 Coislinianus
1772 5346 1869 5409 pri-

291 5429 430 5468 "IIIS.

362 5484 475 5550 (28)
502 5483 632 5550 Πῶς
660 5483 770 5555 γὰρ
795 5483 1106 5546 δύνανται,
1136 5491 1244 5555 etc.
1275 5483 1443 5540 Idem.

363 5555 472 5625 (.29)
501 5553 715 5622 Βίϐλος
745 5553 992 5618 ζώντων,
1022 5566 1126 5610 etc.
1155 5553 1318 5608 Idem.

355 5623 477 5689 (50)
509 5627 748 5693 ’Ἄδικος
769 5626 943 5696 μετά.
973 5635 1079 5680 etc.
1109 5626 1274 5681 Idem.

366 5696 476 5766 (51)
506 5696 820 5751 Τουτέστιν
847 5696 1021 5765 ὺπέρ,
1050 5705 1158 5751 etc.
1189 5696 1352 5751 Idem.

374 5766 482 5838 (52)
506 5768 818 5838 Γενώμεοα
847 5768 1120 5836 πένητες,
1143 5779 1248 5824 etc.
1284 5765 1453 5827 ldum.

2054 3341 2335 3414 Ejusdem.
2381 3345 2636 3417 Nunquid
2664 3349 2905 3419 repentia
2933 3349 3188 3407 animalia
3228 3334 3558 3418 laudabunt,

1979 3451 2104 3491 cum
2142 3439 2440 3495 salvabitur
2474 3439 2602 3496 Sion
2638 3450 2694 3496 et
2714 3442 3071 3498 mdilicabitur
3093 3443 3317 3501 Iudaea?
3341 3444 3396 3499 Si
3427 3460 3558 3499 vero

1979 3531 2222 3602 repentia
2266 3533 2586 3602 spiritaliter
2626 3535 2978 3606 intelligenda
3025 3547 3185 3604 sunt,
3223 3537 3310 3592 illa
3344 3552 3560 3609 quoque

1979 3639 2100 3693 quae
2133 3623 2492 3693 aediﬁcantur,
2524 3626 2843 3696 spiritaliter
2869 3629 3230 3698 accipiantur.

2056 3714 2219 3772 VEBS.
2260 3714 2349 3770 56.
2394 3715 2659 3782 Quoniam
2711 3718 2847 3774 Deus
2882 3720 3084 3775 sulcant
3116 3722 3274 3791 faciet
3311 3722 3463 3787 Sion,
3506 3736 3555 3778 et

1983 3806 2393 3876 cedi/icabuntur
2444 3809 2678 3863 civitates
2728 3810 2973 3878 Iudicia,
3025 3821 3132 3866 etc.
3189 3812 3558 3872 Rationahiles

1979 3900 2191 3954 animas
2229 3899 2365 3954 dicit
2387 3898 2586 3955 Judteze
2612 3902 2878 3959 civitates.

2505 4089 2820 4146 PSALMUS
2858 4090 3041 4147 LXIX.

2053 4185 2218 4240 Vens.
2257 4185 2312 4239 2.
2355 4185 2789 4254 Confundantur,
2835 4193 2884 4238 et
2927 4194 3264 4239 revereantur
3285 4188 3374 4256 qui
3409 4205 3555 4258 qua!-

1975 4286 2098 4328 runt
2137 4276 2370 4329 animum
2407 4293 2594 4337 meum,
2653 4285 2762 4331 etc.
2812 4275 3116 4333 Invisibiles
3155 4279 3323 4332 nostri
3367 4279 3554 4337 hostes

1977 4379 2228 4438 qurerunt
2260 4370 2518 4431 animam,
2558 4371 2838 4441 ipsamque
2864 4373 2930 4426 ad
2959 4372 3218 4426 malitiam
3251 4374 3557 4431 excitantes

1981 4460 2168 4516 volunt
2195 4461 2298 4516 sibi
2333 4461 2605 4517 subditam
2634 4461 2841 4520 facere.

2406 4727 2570 4800 759
2607 4729 2924 4786 PSA]..\IUS
2963 4729 3124 4786 LXX.

2053 4818 2185 4888 Quae
2217 4821 2270 4875 in
2301 4821 2555 4890 praesenti
2591 4823 2944 4876 continentur
2978 4824 3212 4892 psalmo,
3242 4838 3306 4879 ea
3340 4838 3370 4878 a
3395 4823 3556 4880 Chri—

1981 4924 2064 4970 sto
2091 4912 2321 4985 proferri
2373 4912 2720 4970 manil‘estum
2769 4926 2874 4971 est.
2908 4915 3116 4972 Locum
3145 4917 3251 4974 sibi
3286 4919 3554 4974 munitum

2041 5203 2154 5272 (55)
2182 5203 2330 5272 Τοὺς
2358 5203 2778 5272 ἐπουρανίους,
2807 5213 2915 5257 etc.
2939 5201 3102 5257 Idem.

2041 5269 2158 5347 (54)
2179 5269 2324 5344 Ἄρα
2355 5275 2428 5328 τὰ
2453 5269 2806 5347 ἐρπυστικά,
2829 5285 2936 5347 el_c_.
2964 5272 3105 5328 Idem

2040 5342 2152 5415 (55)
2187 5342 2398 5415 Ψὺχὰς
2427 5343 2694 5415 λογικάς,
2726 5355 2834 5415 etc.
2870 5342 3036 5398 Idem.

2041 5347 2132 5403 I55
2187 5347 2398 5415 Ψυχὰς
2427 5347 2694 5415 λογικάς,
2726 5355 2834 5399 etc.
2871 5347 3036 5398 Idem.

2191 5417 2254 5470 Oi
2276 5416 2518 5490 ἀόρατοι
2537 5425 2689 5490 ,_ete.
2737 5413 2825 5490 l_ta_
2855 5415 3025 5490 codeg
3055 5410 3422 5490 Coislinianus
3468 5428 3558 5490 se.

1971 5483 2204 5554 cuitdus,
2259 5483 2355 5542 sed
2398 5486 2614 5541 schedae
2638 5485 2848 5546 Grahii,
2894 5495 2948 5539 et
2986 5483 3356 5554 Coisliniantts
3382 5487 3554 5540 codex

1971 5552 2203 5628 primus,
2217 5555 2374 5624 paulo
2402 5557 2558 5628 aliter
2590 5577 2600 5628 ς
2639 5553 2859 5628 ζητοῦσι
2882 5555 2982 5626 τὴν
3007 5552 3188 5628 ψυχὴν
3217 5557 3266 5608 οἱ
3300 5555 3435 5620 πρὸς
3457 5573 3557 5609 κα-

1968 5625 2096 5682 κίαν
2126 5627 2220 5682 καὶ
2241 5626 2513 5696 ἀγνωσίαν
2541 5625 2712 5698 αὐτὴν
2743 5625 3196 5698 προτρεπόμενοι.

2045 5699 2314 5826 (57)¹”οα
2345 5697 2598 5767 Χριστὸς
2623 5695 2805 5768 λέγει,
2837 5695 2945 5752 etc.
2979 5696 3161 5752 Codex
3191 5695 3552 5754 Coislmtanus

2045 5785 2137 5824 run
2181 5785 2261 5825 us.

1973 5785 2261 5826 secundus.
