3970 6160
534 251 673 308 1519

1946 242 2038 298 EX
2078 236 2382 296 ORIGENE

3593 249 3691 305 15!)

532 388 653 429 esse
702 354 874 427 Deum
909 374 1182 438 precatur.
1214 363 1315 438 Qui
1345 362 1479 418 dicit
1508 381 1522 416 :
1560 380 1578 413 ι
1602 361 1714 433 Ego
1738 360 1794 416 in
1822 360 1984 416 Patre
2004 358 2103 427 ",1

2218 377 2356 429 γων’
2391 379 2411 412 ι
2447 358 2589 429 Ἐγὼ
2622 360 2681 413 ὲν
2716 358 2795 431 τῷ
2827 361 3023 432 Πατρὶ,
3045 379 3064 411 ι
3100 358 3233 432 φησὶ
3272 360 3362 414 καὶ
3390 361 3462 429 τό,
3495 380 3512 414 t
3538 363 3632 419 Ἐπὶ
3654 369 3691 421 σὲ

534 471 615 524 ait
635 453 798 522 et'iam
823 483 836 518 :
872 480 890 515 ι
919 460 976 515 In
1000 469 1052 516 te
1079 459 1357 529 projectus
1386 472 1504 512 sum
1527 472 1594 511 ex
1613 464 1794 521 utero,
1826 456 1894 511 de
1920 465 2111 511 ventre

534 558 728 617 matris
779 569 910 611 mea:
944 560 999 607 tu
1048 567 1108 608 es
1136 559 1414 621 protector
1445 562 1631 604 meus:
1666 568 1687 601 ι
1723 547 1854 603 illud
1888 546 2108 617 quidem

532 666 599 708 eo
624 649 768 722 quod
801 663 830 703 a
854 646 1143 702 nativitate
1172 646 1341 699 sensit
1372 643 1537 698 Deum
1566 651 1621 696 et
1644 641 1696 695 in
1735 640 1827 695 illo
1854 641 2098 704 conlidit;

468 740 481 753 '
533 740 679 797 istu’d
709 752 839 794 vero
869 745 1089 807 pr0pter
1128 734 1355 789 insidias
1393 746 1529 802 quas
1563 733 1616 787 in
1647 731 1970 785 adoratione
1993 728 2110 783 Ma-

533 844 723 904 gorum
768 826 1013 884 Herodes
1054 824 1256 879 struxit
1299 822 1521 878 Christo
1550 821 1644 892 qui
1672 821 1808 876 nihil
1834 822 1960 875 mali
1986 835 2112 891 pas-

532 940 625 981 sus
672 934 777 990 est,
804 930 1125 995 protegente
1152 920 1302 974 illum
1337 919 1466 983 Deo,
1503 916 1723 986 quando
1760 931 1791 969 a
1821 914 2026 969 bimatu
2058 923 2112 968 et

532 1014 677 1073 infra
722 1014 1068 1070 necabantur
1098 1010 1252 1083 pueri
1291 1011 1346 1064 in
1400 1008 1599 1063 ﬁnibus
1620 1006 1956 1063 Bethlehem.
1980 1005 2113 1073 Quis

530 1124 665 1165 vero
699 1108 863 1162 etiam
885 1124 904 1158 ι
929 1104 1114 1173 adjicit
1142 1106 1308 1171 sdper
1332 1115 1553 1157 omnem
1576 1098 1791 1155 laudem
1821 1116 1843 1151 ι
1870 1097 1964 1153 Dei
1993 1112 2113 1167 quae

533 1204 586 1256 in
625 1201 743 1270 lege
773 1208 826 1254 et
852 1195 1132 1268 pr0pltetis
1158 1202 1262 1259 est,
1298 1192 1403 1247 nisi
1430 1190 1637 1245 Filius?
1664 1188 1761 1244 Hic
1783 1203 1912 1244 vero
1950 1188 2117 1242 mise-

535 1309 623 1349 ros
657 1289 964 1361 praedicatis
1009 1286 1257 1350 Scribas,
1293 1299 1400 1338 non
1444 1284 1700 1356 cognovit
1746 1282 2111 1337 litteraturam

529 1401 739 1441 eorum.
781 1384 989 1439 Etenim
1041 1380 1190 1435 novit
1238 1378 1577 1433 occidentem
1625 1376 1861 1430 litteram
1916 1375 2114 1430 docere

531 1495 652 1549 quae
693 1487 822 1533 sunt
853 1475 1179 1531 vivilieaatis
1225 1474 1481 1545 Spiritus.
1518 1472 1595 1527 Ex
1645 1471 1873 1525 mortuis
1930 1480 2112 1524 autem

531 1572 811 1627 redivivus
839 1580 1123 1640 postquam
1156 1566 1499 1623 annuntiavit
1527 1563 1810 1622 brachium
1840 1562 1935 1618 Dei
1962 1562 2111 1618 omni

530 1662 891 1735 generationi,
924 1662 1001 1715 ait
1031 1659 1178 1715 Patri
1210 1675 1224 1712 :
1262 1679 1279 1711 ι
1310 1658 1390 1714 Ex
1439 1655 1652 1730 abyssis
1703 1667 1865 1712 terra:
1914 1656 2111 1712 iterum

537 1758 802 1813 reduxisti
834 1771 942 1812 me.
977 1775 996 1807 ο

603 1851 767 1905 Vsus.
804 1851 861 1904 2.
901 1848 964 1903 In
999 1859 1068 1913 te,
1103 1847 1349 1913 Domine,
1395 1845 1638 1915 speravi:
1662 1859 1768 1898 non
1814 1842 2113 1912 confundor

530 1944 586 1997 in
615 1957 893 2005 wternum,
927 1952 1037 1995 etc.
1062 1940 1121 1994 Si
1155 1941 1208 1993 in
1237 1936 1681 1994 tribulationibus
1714 1935 2110 2000 sustineamns,

532 2050 638 2088 non
666 2030 1062 2087 confundemur
1098 2030 1153 2084 in
1199 2029 1385 2084 futuro
1409 2026 1645 2093 saaculo;
1676 2041 1800 2080 nam
1836 2042 1856 2078 ι
1886 2024 2116 2080 tribula-

534 2127 610 2181 tio
640 2125 962 2196 patientiam
995 2131 1272 2193 Operatur,
1306 2119 1570 2191 patientia
1601 2128 1787 2173 autem
1830 2120 2113 2187 probatio-

532 2231 678 2281 nem,
708 2215 958 2285 probatio
992 2227 1124 2267 vero
1158 2226 1333 2282 spem,
1365 2225 1491 2282 spes
1528 2219 1707 2266 autem
1739 2224 1848 2265 non
1880 2208 2113 2265 confun-

530 2308 608 2363 dit
629 2308 694 2361 "'.
730 2326 750 2362 ι

603 2397 769 2453 Vens.
796 2398 851 2453 4.
882 2397 1019 2453 Deus
1044 2413 1212 2462 meus,
1247 2396 1390 2463 eripe
1413 2411 1495 2449 me
1523 2395 1586 2449 de
1608 2409 1773 2447 manu
1794 2394 2109 2464 peccatoris,

530 2492 595 2547 de
629 2509 790 2546 manu
838 2505 1025 2547 contra
1075 2493 1239 2561 legem
1275 2491 1481 2559 agentis
1512 2498 1561 2543 et
1596 2488 1789 2559 iniqui,
1809 2497 1918 2543 etc.
1947 2487 2112 2541 Sata-

535 2600 660 2641 nam
715 2585 849 2640 dicit
891 2595 1259 2655 peccatorem,
1290 2591 1488 2637 contra
1540 2580 1712 2652 legem
1743 2588 2017 2652 agentem,
2059 2590 2115 2633 et

536 2679 817 2749 iniquum:
857 2689 1199 2746 peccatorcm
1224 2679 1294 2733 ob
1331 2675 1628 2747 pessimum
1662 2675 1947 2738 habitum;
1978 2689 2113 2729 cono

537 2781 621 2827 tra
669 2773 842 2843 legem
903 2782 1191 2843 agentem,
1241 2778 1532 2841 propterea
1595 2769 1744 2839 quod
1808 2768 2110 2823 naturalem

533 2867 706 2938 legem
737 2865 1206 2935 transgrediatur;
1241 2863 1488 2935 iniquum
1516 2876 1669 2930 vero,
1698 2862 1841 2933 quod
1873 2863 2109 2933 seipsum

530 2959 747 3015 fraudet
774 2957 1083 3029 cognitione
1112 2956 1230 3011 Dei.

604 3050 769 3106 Vens.
796 3050 849 3104 6.
872 3048 939 3104 In
960 3058 1009 3103 te
1037 3049 1384 3119 conﬁrmatus
1405 3067 1521 3106 sum
1552 3065 1619 3105 ea:
1641 3046 1829 3104 utero:
1857 3048 1923 3103 de
1937 3056 2113 3103 ventre

2212 459 2517 531 ὲπεῤῥίφην
2565 460 2633 512 ὲκ
2677 458 2944 531 γαστρός⁸
2972 459 3038 511 ἐκ
3080 456 3285 521 κοιλίας
3337 455 3520 527 μητρός
3552 460 3692 529 μουσᾶ

2215 566 2315 619 μου
2338 545 2390 602 εἴ
2422 551 2733 621 σκεπαστής
2753 566 2767 580 ο
2797 570 2816 602 ι
2855 549 2916 603 τὸ
2963 550 3080 620 μὲν,
3106 551 3185 612 είς
3230 548 3344 618 ἅμα
3379 547 3560 615 γενέσει
3587 550 3694 619 μόνος

2215 643 2621 716 συνῃσθημένος
2648 643 2805 707 Θεοῦ,
2840 644 2935 697 καὶ
2960 642 3377 714 ἐπερεισάμενος
3394 640 3552 713 αύτῷ-
3576 643 3622 695 ei:
3642 644 3694 709 δὲ,

2211 737 2301 790 διὰ
2344 738 2444 809 τὴν
2489 737 2585 791 ἐπὶ
2629 740 2695 809 τῇ
2735 738 3094 807 προσκυνήσει
3125 734 3233 789 τῶν
3281 739 3457 806 μάγων
3483 735 3697 807 eumn

2212 832 2293 895 είς
2320 831 2575 903 Χριστὸν,
2623 828 2866 902 Ἡρώδου
2899 829 3064 900 μηδὲν
3095 829 3329 884 παθόντα
3347 827 3420 901 τῷ
3447 828 3699 883 taxarth

2215 923 2321 977 ὑπὸ
2351 923 2485 979 Θεοῦ
2515 924 2605 977 ὅτε
2633 922 2704 976 τὰ
2730 924 2839 975 ἀπὸ
2864 921 3072 986 διετοῦς
3100 923 3194 975 καὶ
3222 922 3497 993 κατωτέρω
3518 924 3699 993 ἀνῃρεῖτο

2214 1016 2401 1069 παιδία
2432 1019 2492 1071 ἐν
2536 1016 2705 1089 ὁρίοις
2741 1016 3008 1088 Βηθλεέμ.
3058 1017 3153 1079 Τίς
3184 1015 3241 1068 δὲ
3272 1014 3363 1068 καὶ
3415 1014 3479 1068 «ὁ
3514 1014 3700 1085 προσθεὶς

2214 1109 2307 1162 ἐπὶ
2347 1110 2525 1163 πᾶσαν
2566 1108 2664 1180 τὴν
2697 1107 2906 1163 αἴνεσιν
2932 1129 2950 1160 ι
2981 1107 3077 1161 τοῦ
3121 1106 3258 1161 Θεοῦ
3299 1106 3393 1178 τὴν
3418 1107 3472 1159 ὲν
3497 1106 3617 1176 νόμῳ
3637 1106 3700 1157 καὶ

2215 1203 2521 1273 προφήταις
2544 1201 2579 1272 ἢ
2625 1203 2656 1254 ὁ
2703 1201 2861 1266 Υἱόςς
2903 1196 3071 1263 Οὗτος
3103 1199 3182 1267 δὲ,
3212 1196 3495 1261 ταλανίςων
3514 1214 3704 1268 γραμμα-

2212 1296 2344 1357 τεῖς,
2377 1294 2478 1347 οὐκ
2520 1293 2662 1363 ἔγνω
2715 1292 2815 1357 τὰς
2856 1292 3243 1365 γραμματείας
3286 1290 3469 1345 αὐτῶν.
3510 1290 3598 1343 Καὶ
3632 1290 3703 1359 γὰρ

2212 1382 2322 1439 οῗδε
2364 1387 2428 1439 τὸ
2466 1387 2786 1439 ἀποκτεῖνω
2824 1387 3062 1458 γράμμα
3101 1385 3369 1438 διδάσκειν
3401 1382 3464 1436 τὰ
3502 1380 3581 1435 τοῦ
3617 1381 3707 1445 ζωο-

2216 1476 2496 1541 ποιοῦντος
2520 1476 2854 1548 Πνεύματος.
2891 1470 3060 1539 Οὗτος
3096 1474 3175 1539 δὲ,
3205 1478 3270 1528 ὲκ
3295 1472 3487 1545 νεκρῶν
3516 1472 3705 1533 ἀναστὰς,

2215 1564 2369 1635 οὗτος
2418 1570 2516 1625 καὶ
2553 1568 2897 1640 ἀπαγγείλας
2941 1568 3202 1641 βραχίονα
3232 1566 3327 1620 τοῦ
3364 1565 3487 1620 Θεοῦ
3517 1567 3571 1635 τῇ
3597 1563 3711 1632 γενεᾷ

2215 1661 2386 1735 πάσῃ,
2423 1665 2557 1735 φησι
2590 1664 2670 1735 τῷ
2715 1663 2919 1735 Πατρί·
2959 1681 2979 1714 ι
3010 1663 3104 1715 Ἐκ
3134 1660 3243 1715 τῶν
3286 1658 3519 1714 ἀϐύσσων
3539 1656 3619 1727 τῆς
3640 1656 3713 1725 τῆς

2220 1757 2380 1811 πάλιν
2409 1756 2687 1828 ἀνήγαγες
2718 1773 2807 1826 με.
2834 1775 2856 1808 ι

2302 1848 2427 1902 Ἐπὶ
2471 1851 2591 1913 σοὶ,
2641 1850 2839 1917 Κύριε,
2889 1848 3145 1917 ἤλπισα,
3174 1847 3262 1918 μὴ
3298 1843 3712 1914 καταισχυνθείην

2218 1944 2306 2008 εις
2337 1942 2444 1995 τὸν
2473 1940 2680 2004 αἰῶνα,
2715 1957 2769 1995 κ.
2808 1958 2859 1994 τ.
2899 1942 2947 1994 ὲ.
3004 1940 3131 1994 Ἐὰν
3166 1941 3224 1993 ὲν
3254 1940 3372 2002 ταῖς
3401 1935 3609 2006 θλίψεσιν
3636 1933 3712 2004 (38)

2219 2034 2598 2106 ὑπομένωμεν,
2647 2034 2749 2087 οὐκ
2781 2030 3262 2104 αἰσχυνθησόμεθα
3302 2030 3360 2085 ὲν
3398 2028 3470 2099 τῷ
3509 2027 3634 2081 αἰῶνι
3662 2026 3715 2095 τῷ

2222 2127 2465 2201 μέλλοντι
2485 2144 2500 2159 ’
2538 2147 2557 2179 ι
2594 2128 2657 2181 Ἦ
2686 2127 2797 2199 γὰρ
2828 2126 3007 2196 θλίψις
3054 2124 3334 2196 ὑπομονὴν
3361 2120 3711 2193 κατεργάζεται·

2219 2223 2326 2295 ἠδὲ
2352 2222 2596 2294 ὑπομονὴ
2619 2220 2848 2291 δοκιμήν
2866 2236 2881 2250 ’
2912 2222 2947 2290 ἡ
2971 2218 3028 2271 δὲ
3046 2216 3248 2289 δοκιμὴ
3273 2214 3478 2268 ἐλπίδα·
3500 2215 3530 2284 ἡ
3550 2210 3715 2272 sane;

2218 2317 2280 2370 ού
2304 2314 2675 2385 καταισχύνει.
2704 2332 2734 2381 ι,

2299 2408 2364 2463 '0
2390 2409 2535 2474 Θεός
2558 2424 2697 2477 μου,
2715 2403 2908 2474 ῥῦσαι
2930 2420 3008 2474 με
3033 2404 3103 2457 ἐκ
3118 2402 3319 2473 χειρὸς
3338 2394 3652 2470 ἀμαρτωλσῦ,
3670 2392 3715 2445 ἐι

2218 2501 2420 2572 χειρὸς
2470 2498 2962 2569 παρανομοῦντος
3007 2498 3105 2551 καὶ
3150 2494 3508 2559 ἀδικοῦντος,
3543 2506 3589 2543 κ.
3621 2504 3659 2540 τ.
3682 2486 3713 2539 ὲ.

2220 2594 2326 2647 Τὸν
2359 2595 2601 2647 Σατανᾶν
2645 2590 2793 2661 λέγει
2832 2591 2940 2662 (59)
2975 2588 3324 2662 ἁμαρτωλὸν,
3363 2585 3449 2640 καὶ
3475 2580 3717 2654 παράνομον

2220 2684 2313 2737 καὶ
2341 2682 2550 2737 ἄδικον·
2588 2680 2914 2753 ἁμαρτωλὸν
2950 2680 3047 2751 μὲν
3079 2678 3173 2733 διὰ
3219 2679 3317 2750 τὴν
3347 2674 3589 2749 χειρίστην
3611 2669 3716 2735 ἕξιν·

2222 2776 2535 2847 παράνομον
2567 2774 2625 2827 δὲ
2671 2772 2761 2827 διὰ
2804 2773 2864 2826 τὸ
2899 2772 3219 2845 παραϐῆναι
3250 2772 3339 2824 τὸν
3380 2765 3576 2838 φυσικὸν
3599 2762 3717 2831 νόμον

2220 2867 2384 2923 αὐτοῦ
2405 2884 2418 2899 ·
2452 2867 2636 2923 ἄδικον
2666 2865 2723 2919 δὲ
2760 2864 2850 2920 διά
2880 2866 2943 2919 τὸ
2976 2865 3142 2920 αὑτὸν
3171 2863 3481 2934 ἀποστερεῖν
3504 2857 3588 2927 τῆς
3616 2851 3717 2923 γνώ-

2223 2977 2360 3025 σεως
2383 2959 2478 3014 τοῦ
2509 2958 2668 3013 Θεοῦ.

2304 3052 2435 3107 Ἐπὶ
2461 3051 2536 3106 σὲ
2556 3051 3002 3121 encomple
3026 3048 3145 3104 ἀπὸ
3172 3047 3447 3119 γαστρός-α
3471 3042 3532 3098 ἐκ
3550 3036 3718 3102 κοιλίας

530 3149 718 3200 metria
747 3161 875 3199 mea:
914 3157 970 3199 tu
992 3162 1048 3199 es
1077 3154 1344 3215 protector
1373 3162 1540 3210 mem,
1576 3156 1683 3199 etc.
1718 3143 1822 3211 Qui
1863 3143 2013 3198 solus
2042 3143 2110 3196 ab

2218 3147 2439 3217 μητρός
2466 3163 2586 3216 μου
2620 3146 2702 3201 σύ
2746 3162 2863 3216 μου
2898 3145 2956 3199 ετ
2978 3141 3357 3211 σκεπαστὴς,
3385 3158 3436 3193 κ.
3463 3156 3509 3191 τ.
3536 3136 3575 3188 ἑ.
3608 3133 3653 3185 '0
3667 3132 3717 3182 εί-

531 3248 689 3293 utero
718 3238 774 3291 in
806 3238 913 3292 Deo
942 3238 1257 3291 conﬁrmari
1310 3238 1463 3290 novit
1491 3236 1672 3302 Jesus,
1705 3238 1821 3290 haec
1847 3235 1941 3288 ait.
1976 3234 2109 3307 Pro:

534 3336 706 3381 tector
740 3340 870 3380 vero
919 3326 1035 3395 ejus
1067 3325 1188 3393 fuit,
1223 3328 1444 3397 quando
1474 3326 1637 3397 Magi,
1667 3328 1724 3381 in
1758 3328 1967 3382 somnis
1994 3311 2113 3382 mo;

531 3422 654 3484 niti,
675 3438 770 3492 per
798 3421 957 3476 aliam
991 3422 1136 3475 viam
1171 3421 1379 3477 reversi
1402 3430 1530 3477 sunt
1557 3423 1609 3475 in
1634 3422 1912 3492 regionem
1938 3433 2111 3486 suam,

530 3527 585 3569 et
621 3513 844 3584 Joseplt,
902 3527 1125 3584 accepto
1180 3529 1349 3585 puero
1392 3528 1515 3568 cum
1549 3524 1724 3568 matre
1754 3511 1891 3581 ejus,
1932 3511 2116 3582 jussus

532 3619 617 3663 est
648 3609 699 3662 in
739 3606 1035 3679 Egyptum
1066 3608 1241 3673 abire,
1278 3621 1346 3662 ne
1396 3606 1556 3663 simul
1589 3621 1712 3662 cutn
1762 3604 1886 3660 aliis
1934 3604 2116 3673 pueris

534 3702 943 3759 interﬁceretur
963 3700 1138 3758 Jesus.

607 3882 767 3938 Vsus.
802 3883 853 3938 7.
894 3881 1167 3953 Tanquam
1212 3881 1512 3952 prodigium
1568 3878 1744 3949 factus
1793 3895 1907 3933 sum
1975 3878 2116 3933 mul-

534 3978 625 4045 tis,
656 3990 762 4031 etc.
791 3976 861 4031 lis
891 3977 983 4046 qui
1004 3977 1059 4031 in
1094 3976 1201 4030 lata
1231 3987 1286 4030 et
1312 3974 1550 4045 spatiosa
1582 3983 1635 4029 et
1665 3972 1861 4027 multos
1884 3973 2118 4028 ducente

535 4070 590 4123 in
624 4067 984 4138 perditionem
1034 4069 1363 4136 gradiuntur
1392 4068 1500 4122 via.
1535 4065 1687 4121 Multi
1739 4067 1887 4121 enim
1929 4081 2025 4136 per
2060 4066 2119 4119 il—

532 4161 640 4216 lam
676 4168 982 4218 transeunt.
1011 4160 1294 4232 Tanquam
1323 4162 1637 4234 prodigium
1670 4159 1848 4216 factus
1896 4172 1979 4217 est
2021 4161 2114 4217 Je-

534 4268 646 4314 sns,
678 4252 772 4306 sed
801 4266 909 4305 non
949 4252 1138 4321 paucis
1178 4251 1274 4322 qui
1319 4251 1604 4305 inveniunt
1631 4261 1840 4305 arctam
1866 4261 1921 4306 et
1947 4267 2116 4322 angu-

532 4354 673 4398 stam
703 4342 846 4396 viam
872 4357 993 4413 quat
1016 4342 1168 4397 ducit
1196 4344 1261 4398 ad
1297 4345 1485 4398 vitam.

2216 3238 2321 3301 δὼς
2369 3236 2480 3309 (40)
2538 3238 2647 3291 ἀπὸ
2688 3236 2927 3308 γαστρὸς
2981 3236 3143 3307 μόνος
3195 3228 3603 3305 ἐπιστηρίςεσθαι

2229 3331 2436 3400 Ἰησοῦς
2462 3330 2637 3385 ταῦτά
2665 3348 2817 3402 φησι.
2848 3329 3172 3400 Σκεπαστὴς
3198 3329 3257 3382 δὲ
3289 3326 3445 3382 αὐτοῦ
3465 3324 3641 3393 ἐγένετο
3658 3318 3717 3370 ὅτε

2216 3427 2265 3478 oi
2301 3424 2466 3496 μάγοι
2496 3423 2982 3497 ὲχρηματίσθησαν
3004 3423 3071 3476 δι’
3098 3422 3270 3494 ἄλλης
3300 3419 3416 3475 ὁδοῦ
3439 3412 3717 3487 ἀναχωρῆσαι

2216 3518 2297 3581 εἰς
2329 3516 2426 3588 τὴν
2476 3515 2659 3588 χώραν
2702 3513 2903 3580 αὐτῶν,
2950 3514 3047 3569 κα)⁵
3109 3514 3330 3584 Ἰωσὴφ,
3379 3497 3718 3580 παραλαῦὼντὺ

2217 3609 2431 3664 παιδίον
2453 3609 2570 3680 ἅμα
2589 3611 2657 3679 τῇ
2683 3608 2852 3681 μητρὶ
2871 3605 3058 3673 αὑτοῦ,
3088 3605 3170 3671 είς
3194 3606 3459 3674 Αἴγυπτον
3481 3589 3720 3653 κελευσθεὶς

2217 3702 2479 3774 ἀπῆλθεν,
2515 3702 2602 3757 ἵνα
2640 3703 2714 3775 μὴ
2745 3701 3002 3774 ἀναιρεθῇ
3049 3700 3189 3773 μετὰ
3238 3699 3345 3753 τῶν
3388 3694 3569 3750 παίδων
3601 3687 3721 3753 61a-

2219 3812 2367 3860 σους.

2298 3887 2457 3941 Ὢσεὶ
2506 3888 2683 3955 τέρας
2736 3886 3035 3957 ἐγενήθην
3094 3884 3221 3952 τοῖς
3258 3881 3511 3946 πολλοῖς,
3547 3894 3592 3931 κ.
3625 3890 3664 3924 τι
3686 3870 3718 3922 ἑο

2218 3978 2342 4041 Τοῖς
2370 3978 2471 4048 τὴν
2504 3976 2763 4031 πλατεῖαν
2789 3976 2899 4047 (41)
2937 3976 3032 4030 καὶ
3071 3974 3381 4048 εὐρύχωρον
3418 3967 3623 4024 ὁδεύουσι
3658 3957 3721 4015 καὶ

2218 4070 2529 4138 ἐπάγουσαν
2570 4071 2663 4123 ἐπὶ
2705 4068 2802 4140 τὴν
2848 4068 3125 4122 ἀπώλειαν
3170 4066 3413 4130 πολλούς·
3451 4060 3605 4115 πολλοὶ
3644 4053 3719 4123 γὰρ

2215 4164 2267 4215 oi
2325 4162 2663 4234 διερχόμενοι
2714 4162 2783 4216 δι’
2840 4161 3031 4231 αὐτ-ἦς’
3096 4161 3231 4213 ὡσεὶ
3278 4158 3435 4231 τέρας
3482 4142 3720 4223 ἐγενήθηὁ

2231 4254 2465 4324 Ἰησοῦςο
2503 4252 2617 4308 ἀλλ’
2647 4253 2710 4307 οὐ
2737 4255 2853 4316 τοῖς
2898 4252 3099 4321 ὀλίγοις
3137 4252 3447 4323 εὑρίσκουσι
3474 4244 3558 4316 τὴν
3582 4235 3720 4304 στενὴν

2219 4348 2313 4400 καὶ
2335 4345 2699 4418 τεθλιμμένην
2725 4344 3044 4413 ἀπάγουσαν
3067 4345 3145 4408 είς
3172 4344 3341 4415 ζωήν.

608 4437 768 4491 Vens.
809 4436 862 4491 8.
885 4435 1171 4505 chleatur
1197 4452 1252 4490 os
1284 4451 1458 4489 meum
1477 4435 1657 4500 laude,
1676 4446 1742 4491 ut
1767 4448 1971 4491 cantem
1994 4436 2111 4506 glo-

2288 4436 2664 4504 lunpwthjtw
2689 4435 2755 4489 τὸ
2785 4435 2981 4505 στόμα
3000 4452 3121 4505 μου
3151 4432 3452 4497 αἰνέσεως,
3484 4427 3617 4488 ὅπως
3644 4419 3719 4485 ὐμ-

532 4528 669 4582 riam
701 4539 869 4594 luant,
896 4536 1007 4581 tota
1037 4527 1122 4582 die
1144 4526 1562 4596 magnitudinem
1605 4537 1775 4596 tuam,
1810 4538 1917 4584 etc.
1949 4528 2114 4600 760

532 4618 647 4675 Nisi
700 4636 854 4676 mens
911 4621 1184 4691 repleatur
1232 4626 1407 4693 gratia
1450 4622 1566 4688 Dei,
1606 4634 1828 4678 cantare
1882 4622 2111 4692 gloriam

534 4711 629 4767 Dei
668 4727 774 4766 non
827 4720 1026 4783 potest.
1058 4711 1131 4768 Os
1188 4714 1335 4768 enim
1376 4713 1573 4768 anima:
1608 4724 1848 4769 mentem
1878 4713 2114 4778 vocavit,

537 4800 765 4871 gloriam
790 4811 969 4857 autem
1003 4801 1203 4857 Filium
1235 4801 1352 4858 Dei.

608 4973 773 5027 Vens.
812 4975 900 5030 Η.
961 4975 1414 5034 υἱεεηιεεευειιε
1455 4980 1737 5050 dereliquit
1795 4996 1940 5047 eum,
2001 4992 2111 5038 etc.

538 5065 651 5122 lius
692 5084 852 5123 voces
899 5070 1079 5138 posuit
1118 5079 1374 5126 tancuam
1414 5087 1443 5126 a
1480 5072 1816 5128 daemonibus
1850 5074 2112 5144 prolatas.

610 5323 653 5355 ²⁷
683 5321 844 5401 Joan.
879 5340 933 5385 κ.
961 5323 1049 5379 38.
1130 5324 1176 5356 ³⁸
1202 5323 1362 5382 Rom.
1392 5341 1442 5393 ν,
1478 5326 1532 5391 5,
1565 5325 1620 5380 4.

612 5465 723 5537 (38)
748 5466 893 5519 Ἐὰν
922 5466 992 5537 ἐν’
1024 5464 1153 5531 ταῖς
1190 5465 1497 5533 θλίψεσιν,
1545 5475 1653 5521 etc.
1703 5464 1931 5522 Sclteda:
1976 5467 2115 5522 Gra-

539 5536 637 5599 bii,
670 5535 723 5590 et
747 5539 914 5591 codex
944 5535 1311 5605 Coislinianus
1345 5540 1575 5605 primus.

611 5607 723 5672 (5‘3)
786 5605 895 5659 Τὸν
938 5604 1209 5676 σατανᾶν
1237 5604 1419 5676 λέγει,
1469 5622 1574 5663 etc.
1625 5608 1838 5664 Ewdem
1881 5608 2117 5664 schedia.

609 5676 724 5750 (ιο)
768 5678 833 5731 '0
867 5674 1056 5745 εἰδώς,
1084 5686 1191 5734 etc.
1222 5674 1404 5734 Codex
1437 5678 1801 5736 Coisliuianus
1824 5684 2119 5739 secundus.

2218 4528 2388 4596 νήσω
2413 4529 2527 4598 τὴν
2573 4528 2763 4593 δόξαν
2794 4544 2932 4593 σου,
2960 4526 3114 4594 ὅλην
3151 4525 3267 4593 τὴν
3310 4522 3522 4593 ἡμέραν
3539 4515 3631 4581 τὴν
3645 4522 3718 4578 με·

2219 4619 2660 4691 γηλοπρέπειάν
2692 4636 2829 4685 σου,
2859 4637 2913 4675 κ.
2953 4636 3003 4673 τ.
3038 4620 3086 4672 ὲ.
3131 4617 3258 4672 Ἐὰν
3293 4616 3365 4688 μὴ
3396 4606 3618 4684 πληρωθῇ
3642 4598 3716 4691 (δέ)

2218 4689 2248 4766 δ
2280 4712 2405 4776 νοῦς
2429 4714 2650 4784 χάριτος
2677 4711 2836 4777 Θεοῦ,
2869 4711 3105 4783 ὑμνῆσαι
3138 4709 3237 4781 τὴν
3271 4708 3422 4774 δόξαν
3450 4700 3567 4757 Θεοῦ
3591 4695 3639 4751 οὗ

2223 4822 2400 4860 ναται.
2621 4805 2732 4877 γὰρ
2752 4806 2851 4877 τῆς
3074 4802 3164 4857 τδν
3191 4801 3313 4855 νοῦν
3338 4797 3584 4867 ὠνόμασε,
3605 4782 3717 4847 δόξαν

2223 4898 2281 4952 δὲ
2308 4899 2399 4953 τὸν
2429 4899 2558 4952 Υἱὸν
2588 4899 2683 4953 τοῦ
2715 4897 2873 4953 Θεοῦ.

2293 4992 2610 5064 Λέγοντος·
2650 4993 2705 5045 '0
2746 4993 2891 5059 Θεὸς
2918 4990 3305 5063 ἐγκατέλιπεν
3331 4983 3521 5046 αὐτὸν,
3554 4995 3582 5030 κ

2223 5058 2436 5149 Ταύτάς
2461 5058 2569 5150 τὰς.
2595 5084 2777 5154 φωνὰς
2802 5084 2913 5157 (4³5)
2946 5058 3187 5139 τέθεικεν
3216 5081 3290 5145 ὡς
3326 5077 3429 5134 ὑπὸ
3460 5072 3555 5127 τῶν
3575 5058 3715 5132 δαιμό-

2224 5192 2330 5229 νων
2361 5175 2679 5248 λεγομένας.
2876 5196 2883 5201 ’

2323 5468 2409 5531 ιιι)
2451 5465 2581 5534 Τοῖς
2598 5467 2714 5535 τὴν
2734 5468 3046 5530 πλατεῖαν,
3076 5476 3185 5521 etc,
3214 5465 3371 5535 Idem.
3409 5531 3419 5535 Α
3498 5526 3526 5535 _

2322 5522 2410 5609 42)
2625 5522 2711 5607 iiii
2754 5522 3062 5607 πληρωθῇ,
3114 5548 3220 5594 etc.
3255 5531 3463 5589 Schedie
3491 5522 3640 5583 Grabii
3674 5523 3713 5569 el

2229 5608 2400 5666 cotlett
2425 5608 2791 5664 Coislinianus
2813 5611 3037 5677 primus.
3236 5676 3259 5677 ﬂ
3288 5675 3298 5677 _
3773 5633 3777 5637 ·

2302 5680 2413 5752 (45)
2444 5680 2667 5745 Ταύτας
2698 5675 3059 5749 τὰς’φωνάς,
3087 5688 3194 5736 etc.
3230 5675 3386 5733 Iidem
3408 5685 3521 5726 mss.
