3970 6160
260 268 288 323 1
301 270 411 328 521

1192 275 1502 333 SELEC'I‘A
1541 275 1609 331 IN
1644 272 1985 333 PSALMOS.
2026 308 2098 320 —
2134 280 2333 336 PSAL.
2376 280 2561 340 LXXI.

3394 283 3549 346 1592⁷

349 390 418 446 '0
440 394 604 462 Θεὸς,
623 395 710 466 μὴ
738 398 1054 468 μακρύνῃς
1075 397 1177 455 ἀπ’
1200 398 1368 469 ἐμοῦ,
1394 419 1447 455 κ.
1474 418 1526 455 τ.
1558 402 1606 455 ὲ.
1629 400 1750 462 Τὸ,‹
1764 401 1828 454 Μ’

2035 403 2196 461 Vens.
2234 405 2320 460 I2.
2349 403 2511 469 Deus,
2543 420 2607 460 ne
2627 404 2884 477 elongeris
2915 423 2947 461 a
2974 423 3078 473 me,
3110 415 3216 465 etc.
3240 428 3260 462 ι
3283 407 3362 467 Ne
3378 410 3534 468 elon-

260 485 560 558 μακρύνῃς
572 487 705 559 (44),
736 508 754 540 ι
780 490 900 543 ἀντὶ
925 489 1042 555 τοῦ,
1070 489 1162 563 Μὴ
1183 492 1402 564 μακρὰν
1420 492 1553 565 γένῃ
1579 492 1673 546 ἀπ’
1695 491 1850 564 ἐμοῦ.

339 577 456 633 Τοῦ
486 580 697 635 αὐτοῦ.
728 582 959 653 Μακρὰν
993 583 1103 637 ἀπὸ
1141 574 1433 655 ἀνθρώπου
1468 584 1580 657 (45)
1642 585 1855 654 γίνεται

251 666 284 719 ὁ
311 666 475 733 Θεὸς,
505 670 568 723 ού
595 672 736 726 κατὰ
768 673 866 745 τὴν
893 674 1102 729 οὐσίαν·
1136 674 1434 748 (πανταχοῦ
1466 676 1577 750 γὰρ
1619 677 1852 751 πάρεστι

250 758 355 811 καὶ
387 760 461 815 τὰ
493 761 670 818 πάντα
698 764 946 838 πληροί·)
974 766 1109 823 ἀλλὰ
1138 769 1279 823 κατὰ
1322 770 1423 841 τὴν
1464 770 1566 840 τῆς
1591 771 1853 842 προνοίας

250 851 353 903 καὶ
382 852 486 925 τὴν
513 855 614 926 τῆς
655 856 905 929 βοηθείας
932 859 1230 931 ἐνέργειαν.
1266 860 1574 933 Χωρίςεται
1608 862 1666 916 δὲ
1695 863 1851 935 ἡμῶν

246 939 345 995 διὰ
374 944 442 997 τὸ
469 945 705 1012 δυσῶδες
731 947 841 1003 τῶν
870 951 1156 1023 ἡμετέρων
1199 952 1636 1025 ἁμαρτημάτων.
1666 955 1848 1022 καθώς

248 1050 396 1105 φησι
426 1040 711 1111 προφήτης
728 1038 931 1114 ἕτερος
962 1062 980 1095 t
1002 1044 1070 1097 Ai
1099 1045 1362 1117 ἁμαρτίαι
1396 1045 1550 1118 ὑμῶν
1576 1047 1849 1103 διῖστῶσιν

246 1124 365 1179 ἀνὰ
405 1128 569 1198 μέσον
596 1131 730 1201 ἐμοῦ
760 1133 855 1187 καὶ
883 1134 1058 1205 ὑμῶν.
1086 1155 1105 1187 ι

326 1222 869 1288 Περιϐαλέσθωσαν
923 1229 1228 1297 αἰσχύνην
1285 1230 1382 1283 καί
1440 1230 1742 1300 ἐντροπὴν
1795 1235 1848 1286 oi

247 1306 577 1382 ζῆτοῦντές
597 1333 701 1385 μοι
728 1318 901 1383 κακὰ,
936 1337 990 1373 κ.
1024 1339 1073 1374 τ.
1111 1322 1157 1375 ὲ.
1195 1321 1289 1386 To,
1324 1341 1342 1372 ‹
1374 1324 1542 1392 Ἄφες
1569 1323 1717 1394 αὐτῷ
1734 1323 1847 1396 (46)

244 1403 313 1456 τὸ
351 1407 587 1477 ἱμάτιον,
616 1429 634 1462 ι
670 1409 892 1466 δύναται
926 1414 1296 1486 ἀναφέρεσθαι
1326 1416 1419 1470 ἐπὶ
1453 1417 1551 1488 τὴν
1585 1416 1846 1488 αἰσχύνην

244 1496 351 1550 καὶ
387 1500 674 1574 ἐντροπὴν,
706 1504 773 1568 ἃς
804 1506 1187 1579 περιϐάλλεται
1212 1509 1242 1562 ὁ
1263 1509 1489 1564 τοιόσδε.

338 1588 491 1659 Ἐγὼ
519 1590 588 1645 δὲ
614 1592 711 1648 διὰ
738 1598 966 1666 παντὸς
1004 1598 1213 1665 ἐλπιῶ,
1245 1602 1345 1655 καὶ
1377 1602 1704 1671 προσθήσω
1742 1604 1839 1659 ἐπὶ

244 1681 465 1737 πᾶσαν
482 1685 598 1755 τὴν
616 1687 858 1744 αἷνεσίν
878 1704 1017 1756 σου,
1040 1709 1096 1749 κ.
1113 1710 1163 1746 τ.
1188 1695 1234 1749 ὲ.
1258 1694 1457 1748 Πολλα)⁵
1477 1696 1838 1771 αίνὲσειςμἸ)

243 1773 501 1846 εἴρηνται
533 1776 626 1831 τοῦ
648 1777 782 1833 Θεοῦ
807 1783 864 1834 ὲν
884 1782 1033 1854 νόμῳ
1054 1786 1148 1837 καὶ
1170 1788 1496 1858 προφήταις,
1511 1784 1599 1853 αἷς
1618 1792 1838 1862 προστί-

243 1864 414 1938 θησιν
439 1871 469 1923 ὁ
483 1870 671 1926 εἰπών’
698 1892 716 1924 t
739 1874 853 1928 υύκ
876 1870 1039 1947 ἦλθον
1058 1876 1359 1932 καταλῦσαι
1380 1878 1470 1933 τὸν
1486 1880 1647 1951 νόμον
1667 1881 1837 1949 ἢτοὺς

241 1961 562 2033 προφήτας,
614 1964 754 2019 ἀλλὰ
805 1967 1112 2040 πληρῶσαι,
1143 1988 1161 2021 ι
1212 1970 1288 2035 ὼς
1344 1970 1568 2044 ἀρέσκει
1621 1975 1687 2044 τῇ
1742 1973 1836 2028 τοῦ

238 2048 488 2122 Χριστοῦ
520 2055 795 2129 ἐπωνύμῳ
841 2060 1161 2133 Ἐκκλησία.

320 2142 452 2196 Ὅτι
502 2147 618 2200 οὐκ
665 2148 857 2219 ἔγνων
911 2152 1325 2222 γραμματείας,
1361 2171 1412 2207 κ.
1441 2172 1492 2208 τ.
1546 2156 1594 2209 ἐ.
1625 2156 1687 2208 El
1720 2155 1836 2210 ἔστι

236 2233 483 2306 γράμμα
505 2235 618 2309 (48)
663 2240 761 2311 μὲν
790 2242 1129 2307 ἀποκτεῖνον,
1166 2245 1381 2315 πνεῦμα
1411 2246 1468 2299 δὲ
1515 2246 1830 2315 ζωοποιοῦν,

236 2325 303 2378 τὺ
333 2328 432 2398 μὲν
461 2329 788 2404 παρώνυμον
813 2335 908 2388 τοῦ
936 2337 1262 2408 γράμματος
1290 2338 1388 2392 οὐκ
1414 2339 1555 2409 ἔγνω
1581 2343 1610 2395 ὁ
1638 2342 1834 2411 γινώσ-

237 2433 358 2472 κων
398 2420 600 2493 Κύριος
623 2425 751 2491 τοὺς
781 2426 945 2494 ὄντας
973 2430 1156 2484 αὐτοῦ’
1186 2432 1249 2484 τὸ
1291 2432 1347 2484 δὲ
1384 2432 1713 2507 παρώνυμον
1735 2435 1829 2489 τοῦ

237 2508 555 2581 πνεύματος
588 2512 748 2582 ἔγνω.

315 2603 510 2671 Κύριε,
547 2607 980 2679 μνησθήσομαι
1013 2609 1124 2679 τῆς
1153 2611 1545 2682 δικαιοσύνης
1576 2630 1694 2669 σου
1722 2618 1830 2685 μό-

234 2710 376 2759 νου,
396 2712 450 2749 κ.
469 2713 521 2751 τ.
542 2698 589 2753 ὲ.
607 2696 720 2768 Τῆς
746 2700 840 2752 τοῦ
859 2701 1076 2773 Πατρὸς
1095 2703 1203 2775 (49)
1220 2703 1566 2778 δικαιοσύνης
1592 2705 1829 2777 Χριστὸς

239 2785 643 2857 μνησθήσεται.

319 2876 472 2946 Ἕως
510 2879 587 2935 ἂν
623 2881 963 2954 ἀπαγγείλω
995 2886 1104 2941 τὸν
1141 2888 1443 2959 ,βραχίονα
1493 2905 1610 2946 σου
1655 2890 1825 2963 πάσῃ

233 2965 316 3035 τῇ
348 2967 525 3038 γενεᾷ
563 2971 637 3042 τῇ
665 2974 984 3047 ἐρχομένῃ,
1026 2995 1081 3033 κ.
1129 2996 1180 3036 τ.
1216 2981 1262 3033 ὲ.
1309 2981 1559 3053 Βραχίων
1588 2983 1701 3056 (50)
1728 2984 1823 3038 τοῦ

230 3056 375 3113 Θεοῦ
397 3061 427 3114 ὁ
449 3063 702 3134 Χριστός.

321 3152 385 3207 '0
435 3157 599 3223 Θεὸς,
648 3157 759 3226 ἕως
801 3162 1079 3231 ὑψίστων
1120 3162 1160 3219 ἁ
1190 3165 1483 3236 ἐποίησας
1509 3168 1819 3239 μεγαλεῖα,

1958 495 2102 562 geris
2126 516 2145 550 ι
2185 497 2327 554 idem
2357 506 2444 553 est
2472 512 2538 554 ac
2568 499 2614 555 si
2639 498 2806 567 dicat,
2826 500 2902 557 Ne
2928 501 3091 572 longe
3117 502 3195 558 sis
3224 518 3254 557 a
3285 520 3391 560 tne.

2030 587 2314 660 Ejusdem.
2338 589 2525 662 Longe
2545 594 2615 648 ab
2651 592 2876 650 homine
2896 605 2981 649 est
3011 595 3172 664 Deus,
3195 611 3304 653 non
3337 613 3535 655 secun-

1956 682 2080 737 dum
2112 682 2471 739 substantiam
2508 683 2656 757 (nam
2691 686 2891 757 ubique
2932 703 3170 757 praesens
3210 700 3385 747 estet
3413 706 3532 747 om-

1956 775 2045 828 nia
2076 775 2291 848 replet),
2324 778 2418 833 sed
2462 779 2762 833 secundum
2815 781 3166 847 providentiae
3189 792 3245 838 et
3274 782 3532 853 adjutorii

1961 865 2279 925 elﬁcaciam.
2312 867 2612 940 Separatur
2631 881 2812 926 autem
2843 886 2873 926 a
2908 873 3067 928 nobis
3098 882 3320 945 propter
3344 890 3533 946 pecca-

1953 968 2128 1015 torum
2188 972 2503 1018 nostrorum
2557 962 2829 1028 faetorem,
2875 969 3332 1035 quemadmodum
3393 969 3531 1028 alius

1955 1051 2218 1119 propheta
2256 1051 2425 1108 dicit:
2457 1052 2731 1112 «Peccata
2768 1068 2951 1114 vestra
2986 1069 3245 1127 separant
3275 1059 3416 1116 inter
3444 1076 3531 1118 me

1950 1147 2007 1193 cl.
2031 1155 2127 1195 vos
2143 1142 2209 1194 ’³.
2246 1161 2265 1194 ι

2022 1231 2186 1289 Vens.
2214 1235 2301 1291 15.
2357 1234 2681 1306 Operiantur
2734 1240 3047 1296 confusione
3100 1250 3149 1296 et
3188 1242 3390 1312 pudore
3434 1244 3527 1314 qui

1947 1335 2187 1390 quierunt
2224 1326 2365 1381 mala
2420 1328 2575 1394 mihi,
2614 1339 2721 1385 etc.
2780 1331 2940 1397 Illud,
2990 1331 3249 1389 tDimitte
3281 1334 3357 1388 illi
3410 1335 3525 1404 pal-

1950 1414 2079 1469 lium
2103 1415 2170 1482 ³⁰,
2201 1435 2220 1469 ι
2254 1417 2444 1473 referri
2500 1432 2679 1491 potest
2716 1423 2782 1479 ad
2830 1423 3206 1480 confusionem
3242 1435 3297 1482 et
3350 1428 3523 1497 pudo-

1950 1520 2065 1558 rem
2100 1506 2299 1576 quibus
2323 1511 2574 1579 operitur
2604 1511 2699 1581 qui
2731 1511 2995 1581 ejusmodi
3017 1523 3122 1569 est.

2020 1597 2186 1654 Vens.
2221 1598 2308 1656 14.
2346 1598 2459 1671 Ego
2486 1611 2661 1671 autem
2681 1618 2885 1672 semper
2908 1604 3147 1673 sperabo,
3197 1615 3244 1661 et
3268 1606 3523 1677 adjiciam

1947 1705 2104 1759 super
2130 1706 2336 1746 omnem
2359 1691 2574 1749 laudem
2598 1703 2767 1762 tuam,
2791 1706 2904 1752 etc.
2929 1697 3186 1753 Plurimae
3214 1699 3373 1755 dictae
3395 1710 3524 1756 sunt

1945 1782 1999 1836 in
2031 1783 2147 1853 lege
2177 1791 2233 1838 et
2273 1784 2555 1854 prophetis
2600 1785 2695 1842 Dei
2748 1788 2958 1855 laudes,
2987 1789 3185 1859 quibus
3216 1791 3403 1863 adjicit
3425 1793 3522 1863 qui

1942 1873 2135 1929 dixit“
2165 1891 2180 1928 :
2216 1893 2235 1926 ι
2266 1873 2382 1931 Non
2411 1877 2538 1932 veni
2593 1876 2805 1934 solvere
2853 1878 3026 1950 legem
3061 1887 3156 1935 aut
3200 1881 3517 1951 pmphetas,

1940 1966 2037 2022 sed
2071 1966 2388 2036 adimplere,
2410 1987 2429 2020 ι
2465 1970 2921 2038 quemadmodum
2952 1971 3023 2026 illi
3049 1973 3224 2044 placet
3260 1972 3526 2029 Ecclesia}

1939 2070 2059 2132 qua:
2084 2074 2115 2115 a
2144 2060 2362 2117 Christo
2391 2076 2588 2119 nomen
2621 2064 2806 2120 habet.

2010 2155 2177 2213 Vens.
2210 2157 2299 2214 15.
2323 2158 2591 2225 Quoniam
2619 2176 2725 2215 non
2753 2162 2968 2232 cognovi
2997 2160 3379 2228 litteraturam,
3403 2170 3513 2218 etc.

1938 2246 1996 2305 Si
2025 2259 2111 2304 est
2138 2249 2317 2305 littera
2339 2247 2620 2319 occidens,
2655 2251 2882 2321 spiritus
2910 2261 3095 2306 autem
3126 2251 3432 2321 vivilicans,
3454 2251 3511 2308 id

1935 2341 2081 2411 quod
2133 2356 2164 2397 a
2212 2342 2394 2396 littera
2434 2342 2940 2399 denominationem
2975 2344 3161 2412 habet,
3196 2360 3301 2399 non
3360 2346 3513 2399 novit

1937 2434 2196 2491 Dominus
2217 2435 2309 2504 qui
2333 2434 2484 2490 novit
2513 2448 2610 2491 eos
2658 2436 2750 2505 qui
2786 2447 2915 2492 sunt
2938 2435 3058 2502 ejus
3082 2452 3098 2503 ;
3133 2436 3188 2491 id
3212 2451 3346 2492 vero
3365 2425 3514 2507 quod

1934 2541 1964 2579 a
1991 2526 2184 2591 spiritu
2213 2526 2617 2594 denominatur,
2647 2528 2817 2583 novit.

2009 2618 2170 2672 Vens.
2222 2619 2311 2674 I6.
2350 2620 2593 2687 Domine,
2625 2621 2955 2675 memorabor
2982 2621 3216 2691 justitiw
3267 2630 3374 2676 tute
3422 2636 3509 2678 so-

1932 2708 2060 2772 lius.
2103 2694 2209 2766 etc.
2250 2709 2499 2768 Paterna:
2547 2712 2773 2782 iustitiae
2807 2712 3057 2771 Christus
3087 2716 3506 2774 memorabitur.

2002 2895 2166 2952 Vens.
2200 2895 2288 2952 I8.
2318 2896 2496 2953 Donec
2537 2900 2843 2955 annuntiem
2870 2900 3141 2955 brachium
3168 2902 3320 2957 tuit'n‘t
3345 2920 3506 2975 gens.

1930 2990 2128 3047 rationi
2159 2993 2302 3047 omni
2342 3008 2460 3062 qua:
2508 3004 2729 3048 ventura
2771 3008 2870 3061 est,
2907 3003 3015 3051 etc.
3068 2994 3356 3052 Brachiutn
3406 2999 3507 3055 Dei

1846 3092 1891 3151 (ι
1924 3084 2174 3140 Christus
2208 3093 2310 3140 est.

2000 3176 2162 3234 Vens.
2196 3175 2284 3231 I9.
2334 3176 2494 3243 Deus,
2532 3194 2697 3247 usque
2750 3179 2804 3232 in
2862 3179 3126 3235 altissima
3183 3197 3301 3251 qua:
3329 3182 3501 3250 fecisti

231 3259 291 3341 κζ
322 3261 374 3300 τ.
402 3247 446 3299 ὲ.
487 3266 506 3300 ι
530 3249 965 3324 Είρηνοποιήσας
989 3253 1071 3326 (51
1082 3273 1100 3326 )
1133 3254 1220 3310 διὰ
1258 3257 1354 3311 τοῦ
1388 3260 1624 3331 αἵματος
1652 3259 1820 3314 αὐτοῦ

1962 3268 2215 3339 tagnalia,
2256 3277 2363 3324 etc.
2400 3287 2418 3320 ι
2446 3266 2745 3325 Pacilicans
2790 3284 2889 3340 per
2937 3247 3258 3339 sanguinem
3303 3247 3420 3341 ejus
3449 3280 3501 3328 et

230 3333 304 3389 τὰ
329 3337 385 3390 ὲν
412 3338 662 3412 οὐρανοῖς
690 3344 784 3397 καὶ
806 3343 877 3398 τὰ
903 3346 998 3399 ἐπὶ
1024 3347 1149 3418 γῆς.
1179 3367 1198 3400 ι

308 3428 491 3497 Ὅσας
521 3430 757 3502 ἕδειξάς
778 3453 880 3504 μοι
910 3438 1147 3507 θλίψεις
1185 3441 1421 3509 πολλὰς
1462 3443 1562 3497 καὶ
1589 3443 1817 3512 κακὰς]

229 3519 330 3573 καὶ
360 3520 734 3595 ἐπιστρέψας
746 3524 1152 3601 ἐζωοποίησάς
1159 3550 1258 3603 με,
1280 3534 1379 3589 καὶ
1402 3535 1471 3588 ἐκ
1487 3533 1607 3590 τῶν
1626 3538 1816 3593 ἀϐύσ-

1923 3377 2041 3430 quae
2074 3362 2126 3414 in
2161 3358 2318 3415 ctelis
2341 3372 2398 3415 et
2425 3376 2547 3431 qua:
2580 3361 2634 3416 in
2665 3372 2807 3418 terra
2840 3371 2966 3418 sunt
2989 3362 3054 3416 θ.
3090 3381 3115 3415 ›

1992 3452 2160 3508 Vens.
2197 3451 2290 3511 20.
2327 3452 2570 3520 Quantas
2614 3457 2890 3511 ostendisti
2941 3457 3072 3510 mihi
3125 3456 3499 3514 tribulationes

1918 3548 2116 3601 multas
2146 3559 2195 3601 et
2232 3547 2446 3603 malas!
2471 3560 2516 3601 et
2543 3565 2823 3603 conversus
2860 3549 3138 3619 viviﬁcasti
3185 3565 3284 3616 me,
3334 3560 3382 3605 et
3433 3551 3501 3607 de

226 3624 360 3709 σων
377 3612 490 3709 τῆς
509 3615 624 3686 γῆς
641 3617 828 3675 πάλιν
850 3622 1149 3696 ἀνήταγές
1158 3646 1256 3699 με,
1274 3645 1328 3682 κ.
1350 3645 1403 3682 τ.
1427 3629 1472 3681 ὲ.
1493 3628 1688 3698 Σαφῶς
1702 3629 1813 3704 (52)

1962 3639 2122 3709 byssis
2148 3649 2302 3696 terrae
2328 3641 2521 3696 iterum
2555 3641 2816 3696 reduxisti
2840 3657 2943 3707 me,
2974 3650 3084 3698 etc.
3115 3641 3401 3698 Manifeste
3425 3643 3497 3700 de

229 3704 483 3778 περὶτῆς
513 3709 578 3763 ἐκ
603 3712 811 3783 νεκρῶν
833 3715 1185 3784 ἀναστάσεως
1207 3719 1381 3774 ταῦτα
1413 3720 1649 3793 εἴρηται.

303 3796 413 3852 Τοῦ
443 3801 650 3860 αὐτοῦ.
685 3806 956 3863 Ἀϐυσσον
987 3810 1081 3865 νῦν
1099 3811 1210 3884 (55)
1239 3812 1490 3885 ὠνόμασε
1522 3815 1582 3869 τὸ
1610 3816 1811 3890 χωρίον

1918 3730 2324 3787 resurrectione
2350 3746 2420 3788 ex
2449 3735 2681 3788 mortuis
2710 3734 2825 3788 haec
2852 3733 2997 3787 dicta
3029 3740 3178 3789 sunt.

1986 3822 2262 3895 Ejusdem.
2299 3824 2571 3896 Abyssum
2625 3840 2769 3879 nunc
2824 3833 2982 3879 vocat
3021 3823 3198 3879 locum
3249 3821 3494 3879 inferno-

223 3886 334 3987 τῶν
361 3892 732 3964 καταχθονίων
759 3895 1049 3970 δαιμόνων.
1085 3903 1208 3957 Εἰσὶ
1253 3903 1311 3957 δέ
1337 3921 1482 3968 τινες
1509 3904 1558 3959 οἳ
1587 3886 1810 3961 καὶ-αύ-

1962 3886 2044 3969 tm'
2075 3886 2403 3972 daemonum:
2451 3916 2591 3972 Sunt
2642 3927 2819 3972 autem
2864 3916 3107 3971 nonnulli
3138 3917 3229 3986 qui
3257 3925 3311 3972 ει
3345 3918 3491 3987 ipsos

223 3978 352 4042 τοὺς
380 3982 507 4046 τοὺς
535 3984 796 4058 δαίμονας
823 3991 1095 4059 ἀϐύσσους
1115 3995 1331 4064 λέγουσι
1353 3996 1441 4050 διὰ
1468 3998 1529 4051 τὸ
1566 3999 1806 4072 ἀπέραν-

221 4083 316 4121 τον
345 4072 445 4143 τῆς
476 4077 677 4143 κακίας
701 4080 902 4137 αὐτῶν.

295 4161 403 4252 Καὶ
444 4165 555 4235 γὰρ
589 4168 704 4239 ἐγὼ
749 4171 1269 4248 ἐξομολογήσΟμαι
1307 4179 1379 4233 ἐν
1405 4181 1611 4235 σκεύει
1649 4185 1805 4252 ψαλ-

1912 4008 2184 4064 darmones
2237 4009 2464 4080 abyssos
2509 4010 2694 4065 dicunt
2751 4019 2972 4078 propter
3027 4010 3348 4064 immensam
3394 4025 3487 4067 eo-

1908 4114 2030 4152 rum
2076 4099 2362 4155 malitiam.

1978 4189 2148 4249 Vens.
2178 4191 2271 4248 22.
2307 4191 2453 4247 Nam
2495 4202 2542 4248 et
2571 4208 2663 4263 ego
2691 4192 2976 4262 conﬁtebor
3003 4194 3098 4247 tibi
3121 4194 3176 4248 in
3200 4209 3321 4249 vase
3338 4196 3487 4265 psal-

215 4251 349 4358 {501-}.
365 4253 498 4358 τὴν,
515 4258 806 4358 Maiestdr
834 4282 974 4332 σου,
1006 4286 1059 4321 κ.
1090 4287 1139 4325 τ.
1166 4272 1211 4324 ἑ.
1232 4271 1436 4337 Σκεῦος
1452 4251 1668 4345 ψαλμοῦ
1690 4275 1801 4349 (54)

1963 4284 2273 4340 iveritatent
2301 4294 2470 4353 tuam,
2504 4295 2609 4341 etc.
2652 4283 2756 4340 Vas
2787 4286 2988 4356 psalmi
3010 4288 3190 4341 anima
3217 4301 3375 4358 pura.

219 4340 364 4416 ψυχὴ
400 4346 631 4421 καθαρά.

1827 4567 1872 4620 D

783 4535 1078 4591 ΨΑΛΜΟΣ
1116 4540 1239 4595 OA'.

282 4618 390 4683 Εις
419 4621 729 4693 Σαλομὼν,
758 4643 813 4683 κ.
843 4646 893 4681 τ.
921 4630 968 4683 ὲ.
1005 4630 1099 4695 Ei;
1127 4631 1389 4705 Σαλομῶν
1417 4632 1532 4708 (55)
1564 4637 1655 4691 τὸν
1679 4640 1793 4694 υἱὸν

2314 4555 2471 4627 731
2515 4552 2837 4613 psmws
2875 4552 3069 4612 LXXI.

1977 4643 2142 4701 Vens.
2184 4644 2234 4700 1.
2274 4643 2342 4700 In
2392 4643 2755 4713 Salomonem,
2783 4653 2889 4702 etc.
2941 4645 2998 4702 In
3040 4646 3390 4703 Salomonem
3413 4644 3480 4704 ﬂ-

214 4706 435 4810 ααυίδη
459 4713 649 4782 Βίϐλος
692 4720 803 4792 γὰρ
834 4723 1105 4791 γενέσεως
1170 4728 1344 4798 Ἰησοῦ
1385 4706 1623 4802 Χριστοῦ
1674 4732 1792 4787 υἱοῦ

1962 4755 2032 4792 ttn
2069 4738 2236 4793 David
2264 4755 2277 4792 :
2305 4754 2429 4793 nam
2464 4757 2483 4790 t
2515 4737 2675 4794 Liber
2703 4706 3071 4810 generationis
3109 4738 3237 4795 .Iesu
3274 4739 3478 4796 Christi

212 4803 391 4859 Δαυῒδ.
415 4824 433 4857 ι
468 4808 727 4882 Σαλομὼν
757 4814 867 4887 γὰρ
892 4817 1251 4889 ἑρμηνεύεται
1283 4824 1600 4892 εἰρηνικός·
1632 4829 1795 4892 αὐτὸς

211 4893 322 4966 γάρ
351 4897 499 4952 ἐστιν
528 4903 561 4972 ἡ
587 4903 776 4977 εἰρήνη
807 4907 983 4978 ἡμῶν-

1904 4830 1995 4884 lilii
2035 4829 2201 4886 David
2227 4831 2295 4884 ³³.
2320 4851 2337 4884 ι
2372 4831 2633 4888 Salomon
2671 4842 2851 4888 autem
2898 4832 3293 4902 interpretatur
3320 4833 3475 4905 paci-

1899 4924 2032 4991 ﬁcus
2063 4940 2081 4978 :
2112 4926 2227 4996 ipse
2248 4927 2393 4981 enim
2423 4937 2507 4981 est
2538 4942 2641 4995 pax
2673 4936 2886 4983 nostra.

285 5015 332 5047 ”
357 5017 473 5072 lsai.
509 5035 618 5076 ιιι.
643 5021 700 5078 2.
779 5024 823 5056 ³⁸
853 5024 1046 5083 Matth.
1079 5043 1131 5094 ν,
1152 5029 1244 5085 40.
1322 5032 1363 5064 ³⁸
1395 5032 1530 5088 ibid.
1559 5050 1611 5101 v,
1646 5035 1733 5092 I7.
1764 5011 1768 5015 1

1962 5039 2111 5095 tlttss.
2148 5042 2201 5110 1,
2224 5041 2315 5099 20.
2392 5042 2438 5075 ³³
2458 5042 2652 5098 Matth.
2677 5058 2716 5110 1,
2742 5043 2793 5099 1.

209 5136 417 5277 prati);
434 5136 525 5200 Τὸ»
558 5137 646 5209 μὴ
670 5147 1007 5214 μακρύνῃς,
1046 5153 1151 5201 etc.
1187 5145 1369 5203 Codex
1414 5146 1784 5206 Coislinianus

299 5227 437 5267 IIIII').

286 5278 401 5357 (I5)
430 5287 682 5357 Μακρὸν
700 5285 817 5340 ἀπὸ
844 5286 1180 5357 ἀνθρώπου,
1206 5296 1312 5343 etc.
1329 5286 1555 5345 Schedae
1571 5290 1779 5348 Grabii.

1963 5153 2075 5248 (5i).
2106 5159 2607 5227 Εἱρηνοποιήσας,
2636 5168 2747 5215 etc.’
2769 5157 2913 5217 idem
2964 5161 3136 5248 codex
3172 5168 3227 5217 et
3255 5160 3471 5217 schedm

1890 5222 1933 5279 (ἓ
1943 5222 2075 5281 rubii
2086 5270 2099 5283 .

1963 5295 2074 5371 (52)
2107 5299 2320 5370 Σαφῶς
2360 5304 2489 5371 περὶ
2540 5299 2668 5370 τῆς,
2707 5311 2814 5358 etc.
2866 5303 3051 5359 Codex
3098 5300 3467 5361 Coislinianus

278 5350 391 5427 (45)
430 5350 712 5427 ro:qu
737 5356 920 5423 αὐτῷ.
952 5350 1062 5414 etc.
1092 5350 1277 5415 Codex
1302 5358 1669 5417 Coislinianus
1693 5376 1783 5418 se-

1962 5350 2180 5426 hminis:

207 5425 435 5491 candus,
463 5439 517 5481 et
543 5425 756 5484 schedae
783 5428 991 5484 Grabii.

1960 5440 2072 5524 (ὄξ)
2099 5443 2408 5524 ,Ἄϐυσσον
2430 5443 2563 5511 νῦν,
2592 5455 2701 5502 etc.
2729 5444 2953 5501 Schedte
2987 5443 3191 5508 Grabii.
3211 5453 3266 5498 et
3291 5446 3459 5502 codex

409 5500 656 5582 ﬂerunt
683 5497 965 5567 αὶνέσεις,
999 5509 1108 5558 etc.
1132 5500 1277 5557 Idem
1301 5501 1469 5559 codex
1495 5502 1783 5561 Coislinia-

1963 5493 2257 5568 lsliitianus
2275 5521 2504 5582 primus.

207 5578 308 5619 nus
337 5574 629 5625 secundus.

417 5639 920 5713 Eattjpdyya,
943 5650 1051 5698 etc.
1082 5640 1248 5700 Idem.

423 5707 536 5777 Τῆς
557 5705 943 5781 τοῦᾜᾰτρός.
972 5723 1080 5767 etc.
1109 5715 1274 5770 Idem.

274 5775 389 5849 (50)
417 5775 710 5851 Βραχίων,
752 5775 857 5841 etc.
895 5775 1082 5841 Codex
1114 5785 1471 5846 Coislinianus
1503 5789 1736 5861 primus.

1953 5582 2068 5654 (54)
2090 5583 2312 5650 Σκεῦος
2337 5585 2603 5654 ψαλμοῦ,
2641 5597 2750 5643 etc.
2778 5586 2945 5640 Iidem
2975 5585 3135 5642 codd.
3170 5600 3302 5641 mss.

1953 5654 2068 5729 (55)
2107 5656 2212 5724 Εἰς
2244 5656 2553 5725 Σαλομών,
2587 5666 2693 5715 etc.
2731 5656 2913 5714 Codex
2943 5656 3309 5713 Coislinianus
3343 5660 3457 5729 pri-

1883 5740 2025 5782 mus.
